4166 6458
211 426 345 492 1109

1644 439 2011 498 MARIALE.

3302 435 3439 501 1110

283 543 553 613 Ἐκύησας
583 544 672 596 τδν
701 545 936 614 ἄναρχον
971 547 1198 616 βασιλέα
1235 549 1298 600 ἐκ
1332 547 1426 601 σού
1448 587 1463 611 ,
1499 549 1765 618 Παρθενο-

1942 550 2200 620 Peperisti
2231 565 2408 619 regem
2432 559 2717 614 aeternum,
2741 551 2831 619 qui
2867 567 2930 604 ex
2963 561 3032 614 te,
3067 549 3226 619 Virgo
3251 551 3439 617 Mater,

202 638 400 707 μῆτορ,
439 638 613 706 ἀρχὴν
656 637 916 689 λαϐόντα·
952 638 1115 691 αὑτὸν
1147 633 1239 690 οὖν
1285 639 1360 702 ὠς
1394 639 1772 708 φιλάνθρωπον

199 728 503 781 munem
547 729 719 780 σῶσαι
761 729 888 792 τοὺς
929 729 1150 793 δούλους
1201 738 1312 783 coal
1346 732 1524 802 πάσης
1569 735 1632 784 ὲκ
1663 731 1773 783 θλί-

198 820 345 890 ψεως
379 822 470 873 καὶ
498 819 709 889 ἐχθρῶν
735 819 1009 886 ἁλώσεως,
1042 822 1441 892 παναμώμητε.

267 1001 591 1072 Πανύμνητε
618 1041 633 1066 ,
674 1001 780 1055 τῶν
821 999 1124 1070 ἀνθρώπων
1171 1003 1361 1071 ἑτοίμη
1403 1002 1659 1072 βοήθεια,
1705 1001 1774 1053 τὰ

194 1095 362 1163 ἄγρια
412 1095 630 1163 κύματα
682 1093 790 1146 τῶν
838 1095 1158 1164 πειρασμῶν
1203 1083 1618 1163 καταπράῡνον,
1665 1094 1774 1146 σώο

194 1185 366 1250 ζουσα
393 1188 514 1247 τοὺς
535 1185 752 1247 δούλους
782 1202 878 1237 σου
911 1186 1009 1253 τῆς
1045 1185 1152 1238 τῶν
1183 1184 1392 1256 ἐχθρῶν
1424 1185 1769 1254 προσδοκίας.

267 1276 427 1338 Πόλις
451 1274 609 1339 Θεοῦ,
644 1278 772 1344 περὶ
796 1270 862 1346 ἦς
891 1275 1127 1344 ἐλαλήθη
1155 1274 1540 1344 δεδοξασμένα,
1568 1278 1771 1343 ταύτην

196 1383 292 1416 σου
332 1365 430 1434 τὴν
466 1364 617 1416 πόλιν
651 1365 747 1419 καὶ
776 1365 958 1417 πᾶσαν
990 1363 1173 1431 χώραν
1208 1362 1315 1414 ἀπὸ
1349 1361 1610 1414 κινδύνων
1633 1403 1647 1425 ,
1680 1361 1774 1412 καὶ

194 1453 380 1522 λιμοῦ,
421 1456 509 1506 καὶ
541 1455 865 1524 βαρϐάρων,
897 1453 1127 1506 Θεοτόκε
1170 1452 1412 1523 Παρθένε
1433 1495 1447 1518 ,
1472 1451 1771 1520 λύτρωσαι,

197 1548 336 1614 μόνη
363 1543 665 1616 προστασία
702 1543 908 1597 πιστῶν
937 1542 1357 1614 άκαταίσχυντε.

267 1658 516 1723 ΙΙαναγία
544 1656 784 1727 Παρθένε
814 1657 1110 1726 θεόνυμφε,
1139 1658 1172 1727 ή
1208 1655 1346 1725 μετά
1369 1656 1504 1708 Θεὸν
1533 1672 1772 1724 προστα-

197 1752 290 1802 σία
321 1750 427 1802 τῶν
455 1749 656 1802 δούλων
685 1765 778 1802 σου
798 1789 812 1812 ,
845 1747 1187 1818 βαρϐαρικῆς
1217 1747 1492 1812 ἁλώσεως,
1527 1750 1619 1803 καὶ
1657 1765 1773 1800 κιν-

193 1841 366 1893 δύνων
395 1843 541 1909 ἡμᾶς
573 1840 982 1909 ἀπολύτρωσαι.

282 1933 344 1984 Ἦ
382 1934 516 2002 μόνη
558 1934 710 1996 ἐλπὶς
745 1936 839 1987 καὶ
872 1934 1092 2003 βοήθεια
1124 1933 1352 1996 πιστῶν,
1385 1931 1769 2003 Θεογεννῆτορ,

194 2019 466 2088 σπεῦσον,
499 2023 683 2092 βοήθει
726 2027 840 2087 τοῖς
873 2023 1080 2087 ἱκέταις
1115 2041 1210 2076 σου
1245 2022 1614 2093 βυθιζομένοις
1653 2026 1771 2086 ταῖς

194 2112 411 2178 θλίψεσι
437 2154 453 2178 ,
507 2115 602 2168 καὶ
633 2117 1002 2187 ήπορημένοις
1024 2156 1039 2181 ,
1080 2114 1324 2185 Παρθένε
1345 2154 1360 2178 ,
1391 2114 1482 2168 καί⁵
1515 2115 1572 2167 ὲν
1614 2114 1770 2185 ὀδύνῃ

196 2204 528 2274 ὑπάρχουσι,
557 2205 652 2260 καὶ
681 2206 1119 2274 καταφεύγουσιν
1148 2205 1228 2267 είς
1270 2203 1329 2256 σὲ
1364 2204 1422 2255 ὲν
1451 2203 1771 2274 πεποιθήσει

191 2294 394 2364 ψυχῆς·

266 2385 573 2456 Καταφυγὴ
622 2387 1001 2456 Χριστιανῶν,
1047 2386 1271 2456 βοήθεια
1319 2387 1428 2440 τῶν
1481 2387 1537 2439 ὲν
1580 2385 1770 2447 δεινοῖς

194 2477 590 2546 συνεχομένων,
623 2479 868 2546 παναγία
898 2479 1141 2550 Παρθίνε
1169 2518 1186 2544 ,
1221 2479 1296 2549 μὴ
1333 2478 1595 2549 ὑπερίδῃς
1623 2477 1772 2544 ἡμᾶς

193 2569 464 2632 κινδύνοις
489 2570 885 2639 κλονουμένους
908 2573 1160 2637 πάντοτε,
1189 2571 1285 2624 καὶ
1313 2569 1536 2632 πολλαῖς
1561 2567 1772 2637 ἐφόδοις

191 2659 303 2711 τῶν
335 2660 587 2730 πονηρῶν
613 2659 921 2732 βαρϐάρων.

262 2837 625 2908 Φωτοκυῆτορ
649 2838 895 2908 Παρθίνε
920 2878 936 2904 ,
966 2840 1104 2909 μετά
1134 2840 1244 2894 τῶν
1275 2838 1580 2910 ἀσωμάτων
1605 2838 1770 2907 ἀγγέ-

190 2925 324 2990 λων,
353 2927 688 2994 ἀποστόλων,
708 2932 1022 3000 προφητῶν,
1043 2931 1333 3003 ίεραρχῶν,
1352 2932 1666 3001 ἀθλοφόρων
1703 2949 1764 2983 τε

193 3020 288 3070 καὶ
334 3020 496 3072 ὁσίων
551 3021 840 3087 ἁπάντων,
890 3023 981 3076 τὸν
1039 3023 1199 3093 μόνον
1248 3023 1591 3094 ὑπεράγαθον
1638 3021 1772 3076 Θεὸν

191 3108 498 3161 ἑκδυσώπει
529 3111 794 3182 ρυσθῆναι
823 3113 1079 3164 κινδύνων
1108 3111 1206 3173 τὰς
1237 3112 1414 3182 ψυχάς
1443 3111 1622 3183 ήμῶν.

1873 655 1994 694 esse
2026 640 2188 708 cwpit
2218 641 2269 694 in
2305 649 2566 709 tempore.
2605 641 2782 708 Ipsum
2815 657 2945 706 ergo
2976 651 3232 710 tauquam
3270 643 3444 696 homi-

1877 747 2004 786 num
2046 741 2339 785 amatorem
2381 746 2578 791 CXOI‘J.
2622 741 2678 785 ιιι
2735 735 2905 786 εαιγει
2958 748 3143 787 εει-νος
3198 743 3320 786 ιυοδ
3376 735 3443 786 ab

1873 819 2020 874 omni
2055 819 2420 884 tribulatione,
2464 829 2626 889 atque
2657 820 2725 873 ab
2755 821 2988 876 hostium
3019 821 3443 890 expugnatione,

1874 927 1906 965 o
1942 911 2442 967 intemeratissima.

1945 1000 1990 1056 Ο
2035 1003 2183 1056 omni
2223 1001 2383 1055 laude
2413 1002 2754 1072 dignissima,
2808 1011 3112 1070 promptum
3162 1002 3442 1056 hominum

1877 1093 2158 1160 auxilium,
2187 1093 2332 1148 feros
2358 1093 2552 1148 fluctus
2583 1095 2942 1148 tentatiouum
2976 1094 3263 1162 tranquilla
3286 1134 3300 1159 ,
3335 1095 3445 1148 sal-

1875 1201 2005 1240 vans
2048 1200 2236 1240 servos
2270 1194 2392 1239 tuos
2427 1185 2494 1238 ah
2525 1185 2757 1240 hostium
2792 1186 3212 1253 exspectatione.

1940 1277 2144 1332 Civitas
2169 1277 2284 1339 Dei,
2308 1277 2372 1330 de
2394 1292 2499 1346 qua
2523 1277 2757 1346 gloriosa
2785 1277 2928 1330 dicta
2953 1285 3100 1339 sunt,
3130 1277 3269 1330 hanc
3292 1285 3442 1330 tuam

1873 1367 2144 1422 civitatem
2203 1382 2533 1436 omnemque
2569 1368 2838 1438 regionem
2879 1384 2908 1422 a
2967 1366 3245 1438 periculis,
3281 1365 3443 1430 fame,

1872 1467 1924 1512 et
1959 1458 2321 1512 Barbarorum
2352 1459 2521 1512 armis
2547 1458 2736 1522 libera,
2768 1473 2799 1512 ο
2827 1459 3050 1528 Deipara
3079 1457 3260 1528 Virgo,
3288 1458 3444 1512 unica

1875 1551 2139 1618 protectio
2162 1549 2422 1614 fidelium,
2451 1566 2574 1621 qua:
2607 1567 2714 1606 non
2748 1549 3122 1605 confunditur.

1942 1658 1985 1714 Ο
2020 1658 2181 1728 Virgo
2212 1658 2555 1713 sanctissima
2588 1658 2679 1713 Dei
2712 1673 2912 1727 sponsa
2934 1697 2948 1720 ,
2985 1671 3103 1725 quae
3133 1665 3251 1724 post
3278 1655 3448 1707 Deum-

1873 1766 1929 1805 es
1953 1750 2263 1820 pmsidium
2297 1765 2577 1805 servorum
2611 1760 2851 1813 tuorum,
2880 1764 2910 1803 a
2947 1747 3243 1802 Barbarica
3273 1761 3441 1814 expu-

1874 1843 2129 1914 gnatione
2152 1859 2216 1897 ac
2249 1843 2508 1913 periculis
2537 1843 2704 1896 libera
2735 1858 2855 1896 nos.

1945 1935 1990 1990 0
2024 1951 2146 2005 spes
2175 1936 2332 1988 unica
2375 1944 2428 1989 et
2467 1934 2729 1988 auxilium
2761 1933 2997 1988 fidelium
3026 1972 3042 1994 ,
3070 1931 3160 1984 Dei
3191 1929 3444 1999 genitrix.

1873 2027 2067 2083 festina
2093 2067 2107 2090 ,
2147 2027 2343 2097 adjuva
2373 2026 2648 2096 supplices
2694 2034 2817 2079 tuos
2856 2023 3302 2078 tribulationibus
3344 2023 3445 2076 im-

1873 2133 2086 2175 mersos
2106 2160 2122 2186 ,
2154 2129 2207 2174 et
2234 2118 2446 2172 consilii
2484 2117 2782 2184 auxiliique
2811 2116 3000 2183 inopes
3021 2157 3035 2180 ,
3069 2129 3131 2169 ac
3161 2123 3444 2183 propterea

1873 2207 1926 2260 in
1961 2207 2148 2261 dolore
2190 2215 2476 2261 versantes
2527 2214 2580 2259 et
2617 2207 2684 2260 ad
2727 2214 2782 2260 te
2810 2221 2936 2260 cum
2967 2203 3134 2258 animi
3168 2203 3444 2258 conﬁden-

1872 2297 1942 2352 tia
1978 2297 2382 2366 confugientes,
2418 2311 2450 2350 ο
2490 2295 2670 2367 Virgo.

1943 2387 2235 2457 Refugiqu
2275 2388 2732 2451 Christianorum,
2773 2386 3014 2455 adjutrix
3041 2401 3234 2441 eorum
3265 2384 3358 2453 qui
3390 2385 3442 2438 in

1872 2478 2141 2547 angustiis
2185 2477 2513 2542 detinentur,
2551 2477 2715 2547 Virgo
2743 2476 3089 2532 sanctissima
3111 2516 3126 2541 ,
3170 2492 3237 2530 ne
3265 2475 3447 2543 despi-

1872 2571 1986 2626 cias
2018 2586 2116 2626 nos
2157 2571 2312 2640 107
2347 2570 2583 2625 assiduis
2607 2570 2862 2640 periculis
2888 2569 3184 2640 perculsos,
3228 2569 3447 2621 multis-

1871 2678 1976 2733 que
2003 2662 2368 2716 Barbarorum
2407 2663 2768 2732 pessimorum
2799 2661 3177 2716 invasionibus
3200 2661 3445 2729 exagita-

1871 2764 1976 2810 tos.

1940 2846 1984 2901 0
2020 2845 2183 2918 Virgo
2218 2846 2454 2916 genitrix
2490 2847 2657 2910 lucis,
2685 2861 2810 2902 eum
2839 2846 3048 2916 angelis
3084 2845 3443 2914 ineorporeis,

1871 2941 2134 3009 apostolis
2157 2979 2170 3005 ,
2204 2941 2514 3009 prophetis,
2550 2941 2933 3010 pontificibus,
2978 2940 3312 3010 martyribus
3335 2979 3350 3002 ,
3383 2955 3446 2992 ac

1871 3033 2077 3088 sanctis
2103 3033 2382 3093 omnibus,
2424 3033 2643 3087 unicum
2671 3031 3119 3099 benignissimum
3157 3034 3323 3086 Deum
3352 3031 3446 3084 de-

1872 3139 2116 3192 precare,
2156 3132 2214 3178 ut
2246 3139 2276 3177 a
2311 3123 2568 3190 periculis
2599 3123 2792 3178 liberet
2825 3123 3038 3178 animas
3066 3133 3300 3177 nostras.

205 3239 307 3299 Ἐκ
331 3243 444 3320 toﬁ.
468 3243 726 3306 κανόνος
761 3245 848 3329 είς
878 3243 998 3326 τὸς
1022 3243 1192 3329 (ἔγνως
1221 3245 1610 3329 ἱερομᾴρτυρέ
1654 3251 1765 3304 Συ-

1873 3257 1954 3312 EJ:
1988 3259 2201 3314 Canone
2232 3261 2286 3313 in
2329 3259 2386 3313 S.
2417 3258 2711 3315 Simeonem
2743 3273 3048 3328 martyrem,
3076 3263 3163 3329 qui
3206 3258 3310 3326 fuit
3353 3273 3443 3311 co-

329 3311 532 3379 μεῶνα
555 3313 863 3382 avg-Terin-
894 3313 1002 3368 τοῦ
1030 3315 1272 3382 Κυρίου,
1307 3311 1494 3384 ἡμέρᾳ
1524 3311 1624 3381 κζ’.

275 3461 364 3525 Ὠς
389 3457 523 3515 οὖσα
543 3463 641 3533 τῆς
666 3463 895 3527 κτίσεως
913 3462 1162 3534 ἀνωτίρα
1187 3462 1390 3534 πάσης,
1413 3463 1506 3516 τὸν
1529 3466 1767 3536 Κτίστην

187 3555 284 3606 καὶ
319 3554 450 3605 Θεὸν
479 3553 536 3606 ὲν
583 3554 764 3625 μήτρᾳ
793 3553 1072 3625 συνέσχες,
1108 3553 1374 3626 Παρθένε,
1403 3554 1501 3612 καὶ
1527 3555 1766 3625 ὶκύησας

190 3644 402 3715 βροτῶν
428 3647 508 3708 είς
531 3645 930 3718 ἀπολύτρωσιν.

261 3757 449 3820 Ἀπας
483 3756 793 3827 ἐγκωμίων,
827 3757 1095 3825 πάναγνε,
1131 3757 1292 3827 νόμος
1318 3757 1414 3811 νῦν
1441 3758 1670 3829 ἡττᾶται
1705 3775 1764 3812 σε

188 3849 472 3919 ἀνυμνείν,
499 3849 806 3920 Θεὸνυμφε,
834 3850 1007 3918 Λόγον
1048 3850 1183 3904 Θεὸν
1220 3851 1455 3911 τεκοῦσα
1476 3892 1492 3919 ,
1523 3852 1618 3928 καί
1661 3853 1764 3917 ἀγ-

187 3940 380 4009 γέλους
407 3939 812 4011 ὑπερϐέϐηκας.

261 4117 622 4188 Μεμνημένος
648 4118 739 4171 τὸν
766 4119 924 4172 τόκον
955 4135 1069 4184 σου,
1093 4120 1124 4173 ό
1155 4121 1438 4192 προφήτης
1464 4139 1524 4174 σε
1566 4122 1764 4176 Ἀϐδα-

190 4209 287 4262 κοῦ
297 4226 336 4276 μ
359 4208 667 4277 προγράφει
695 4209 993 4263 κατάσκιον
1019 4209 1165 4282 ὅρος,
1195 4211 1368 4283 Κόρη,
1393 4213 1421 4265 ό
1445 4213 1580 4278 Θεὸς
1610 4215 1764 4284 ήμῶν

187 4299 249 4362 ἐξ
275 4293 337 4352 οὗ
367 4299 732 4368 ἐπεδήμησεν.

267 4412 440 4480 ’Υπὲρ
469 4410 628 4481 ήμῶν
673 4410 993 4482 δυσώπησω
1025 4414 1260 4484 Χριστὸν
1284 4414 1375 4468 τὸν
1409 4416 1474 4470 ὲκ
1516 4416 1625 4470 τῶν
1658 4418 1764 4471 σῶν

186 4503 371 4571 ἁγνῶν
396 4502 682 4572 αἱμάτων,
711 4503 851 4574 ἁγνὴ
897 4503 1124 4557 Θεοτόκε
1150 4545 1166 4568 ,
1210 4506 1390 4576 σάρκα
1431 4507 1620 4579 ὑλικήν
1658 4511 1764 4579 ήμ-

186 4593 504 4663 φιεσμένον,
537 4595 632 4647 καὶ
662 4593 885 4664 βροτοὺς
904 4593 1313 4649 άναπλάσαντα.

271 4702 575 4773 Ἰάτρευσον
603 4702 671 4756 τά
696 4702 890 4756 ἀνίατα
912 4703 1080 4774 πάθη,
1115 4703 1422 4775 Θεόνυμφε,
1448 4704 1549 4773 τῆς
1576 4707 1755 4777 ψυχῆς

185 4812 314 4864 μου,
362 4793 544 4864 ἰατρὸν
575 4793 671 4847 καὶ
712 4793 939 4864 Σωτῆρα
989 4795 1239 4865 κυήσασα
1283 4793 1392 4847 τῶν
1440 4793 1644 4867 βροτῶν
1686 4798 1754 4852 τά

181 4885 334 4954 πάθη
367 4887 477 4948 τοῖς
506 4883 671 4938 αὐτοῦ
706 4883 1080 4955 θεραπεύοντα
1112 4885 1360 4940 πάθεσιν.

253 4993 685 5067 Παρθενομῖῃορ
735 4994 874 5063 ἁγνὴ
898 5033 912 5057 ,
939 4994 1005 5047 ιτδ
1048 4995 1156 5048 τῶν
1194 4995 1462 5066 δαιμόνων
1511 4999 1750 5070 τραῦμα,

180 5087 408 5142 καὶτῶν
424 5087 734 5158 ἀνθρώπων
758 5088 818 5141 τὸ
836 5086 1142 5158 διάσωσμα,
1163 5089 1410 5157 ἀγγέλων
1425 5092 1753 5163 εὐπρέπεια,

179 5180 285 5248 τὴν
317 5177 580 5246 ταπεινήν
607 5194 711 5247 μου
750 5176 927 5247 ψυχὴν
962 5177 1159 5250 ἐχθροῦ
1196 5179 1294 5248 τῆς
1326 5181 1536 5251 πλάνης
1571 5181 1752 5255 ῥῦσαι.

256 5279 377 5330 Ἵνα
401 5294 460 5329 σε
484 5279 709 5345 φωναῖς,
732 5277 895 5346 ἀγνὴ,
919 5278 1294 5348 χαριστηρίοις
1313 5279 1421 5351 τὴν
1449 5283 1756 5353 χαριτώσαο

184 5387 287 5422 σαν
313 5369 474 5436 ἡμῶν
497 5366 556 5420 τὸ
582 5368 736 5435 γένος
761 5368 1130 5438 ἀνυμνοῦμεν,
1157 5369 1324 5423 σκέπε
1346 5371 1441 5424 καὶ
1462 5375 1757 5446 περιφρού-

184 5477 272 5528 ρει
300 5460 470 5528 ἡμᾶς,
499 5458 800 5530 Θεόνυμφε,
841 5460 905 5512 ὲκ
938 5459 1116 5529 πάσης
1145 5460 1372 5531 βλάϐης.

254 5560 400 5613 Φωτί
434 5577 502 5630 με
535 5563 880 5630 καταύγασον
903 5563 982 5634 τῷ
1013 5564 1175 5636 θείῳ,
1210 5569 1386 5636 φωτὸς
1416 5570 1752 5642 οἰκητήριον,

186 5649 456 5720 Παρθένε,
491 5651 599 5703 τῶν
627 5652 816 5706 παθῶν
843 5671 942 5724 μου
976 5654 1040 5708 τὸ
1077 5656 1267 5720 σκότος
1291 5698 1305 5723 ,
1337 5659 1430 5713 καὶ
1453 5659 1549 5730 τήν
1594 5663 1756 5731 βαθύς

185 5741 360 5811 τάτην
414 5741 585 5804 ὅντως
628 5743 799 5800 νύκτα
845 5749 968 5811 σαῖς
1021 5749 1318 5818 μισιτιίαις
1345 5790 1360 5816 ,
1401 5753 1754 5826 Θεοκυῆτορ,

187 5831 589 5888 ἀπελαύνοντα.

2317 3341 2509 3400 gnatus
2540 3331 2774 3392 Domini,
2797 3331 2881 3383 die
2904 3331 2993 3383 27.

1939 3486 2218 3558 Tanquam
2245 3491 2394 3544 omni
2426 3500 2677 3545 creatura
2708 3490 2977 3556 superior,
3002 3488 3315 3542 Creatorem
3380 3503 3444 3542 ac

1870 3577 2038 3631 Deum
2075 3581 2126 3632 in
2163 3591 2315 3634 utero
2343 3582 2677 3650 concepisti,
2711 3595 2744 3634 ο
2779 3579 2976 3650 Virgo,
3013 3590 3068 3635 et
3095 3580 3352 3650 peperisti
3387 3581 3442 3634 in

1867 3668 2292 3738 redemptionem
2325 3671 2628 3724 hominum.

1936 3778 2127 3834 Omnis
2181 3782 2560 3835 encomiorum
2596 3782 2678 3836 lex
2715 3780 2950 3835 vincitur
2981 3795 3144 3845 nunc,
3181 3796 3214 3834 ο
3246 3781 3441 3834 castis-

1865 3871 2005 3932 sima
2028 3871 2126 3926 Dei
2162 3888 2362 3940 sponsa
2387 3913 2401 3937 ,
2436 3873 2490 3926 in
2526 3871 2781 3927 laudibus
2813 3872 2956 3935 tuis;
2988 3871 3081 3925 Dei
3113 3872 3257 3925 enim
3305 3871 3440 3926 Ver-

1867 3961 1994 4015 bum
2028 3963 2308 4031 peperisti,
2336 3971 2389 4018 et
2411 3963 2724 4032 angelorum
2751 3961 3134 4016 sublimitatem
3161 3970 3440 4014 transcen-

1865 4051 2017 4105 disti.

1937 4142 2190 4196 luitlatus
2214 4142 2486 4212 mysteriis
2519 4150 2707 4211 partus
2737 4143 2816 4196 tui
2849 4143 3112 4212 propheta
3150 4142 3436 4202 Abbacuc,

1865 4249 1899 4287 ο
1941 4233 2148 4296 Puella,
2175 4233 2436 4287 describit
2477 4241 2530 4288 te
2573 4241 2816 4288 montem
2858 4233 3196 4297 umbrosum,
3225 4249 3290 4286 ex
3330 4250 3439 4302 quo

1868 4324 2009 4379 Deus
2043 4335 2227 4380 noster
2251 4325 2486 4378 advenit.

1937 4439 2235 4508 Deprecare
2267 4455 2365 4509 pro
2399 4439 2557 4494 nobis
2591 4439 2901 4501 Christum,
2937 4453 2970 4491 ο
2995 4446 3145 4493 casta
3184 4437 3432 4507 Deipara,

1866 4531 1958 4600 qui
2004 4546 2067 4586 ex
2118 4531 2272 4601 puris
2317 4533 2675 4601 sanguinibus
2724 4533 2830 4587 tuis
2889 4532 3221 4586 materialem
3259 4532 3435 4585 induit

1861 4637 2104 4685 carnem,
2134 4631 2190 4676 et
2215 4622 2461 4678 homines
2495 4623 2833 4677 reformavit.

1930 4735 2069 4789 Sana
2119 4735 2451 4790 insanabiles
2489 4738 2686 4792 animae
2721 4753 2854 4793 mete
2901 4738 3220 4806 passiones,
3265 4752 3300 4792 ο
3340 4736 3430 4792 Dei

1860 4827 2092 4898 Sponsa,
2126 4842 2246 4897 quae
2274 4829 2544 4882 medicum
2577 4839 2631 4884 et
2663 4829 2996 4883 Salvatorem
3032 4829 3309 4898 peperisti,
3337 4828 3431 4898 qui

1858 4919 2206 4986 passionibus
2265 4921 2496 4989 propriis
2541 4920 2822 4974 hominum
2869 4920 3157 4990 passiones
3195 4921 3428 4974 curavit.

1928 5031 2090 5098 Virgo
2120 5031 2289 5086 Mater
2323 5041 2505 5097 casta,
2540 5033 2850 5088 damonum
2883 5033 3114 5095 vulnus,
3147 5033 3428 5088 hominum

1857 5125 2022 5186 salus,
2065 5125 2379 5193 angelorum
2413 5124 2600 5190 deats,
2671 5125 2840 5184 libera
2881 5126 3136 5183 miseram
3185 5125 3426 5178 animam

1857 5231 2032 5268 meam
2056 5231 2086 5268 a
2119 5215 2437 5270 seductione
2462 5217 2686 5270 inimici.

1939 5301 2005 5357 Ut
2041 5316 2090 5357 te
2111 5306 2280 5375 gratis
2305 5306 2548 5367 vocibus,
2573 5321 2607 5358 ο
2628 5317 2801 5369 casta,
2829 5322 2948 5375 qua:
2977 5322 3151 5376 genus
3177 5315 3424 5361 nostrum

1858 5397 2028 5465 gratia
2061 5398 2354 5466 replevisti,
2386 5398 2669 5453 laudemus
2689 5437 2708 5465 ,
2740 5408 2956 5469 protege
2983 5407 3036 5454 et
3061 5397 3287 5453 defende
3329 5415 3427 5452 nos

1857 5488 1926 5540 ab
1953 5490 2100 5542 omni
2131 5490 2351 5552 damno,
2381 5505 2415 5545 ο
2449 5493 2660 5560 Sponsa
2694 5491 2808 5545 Dei.

1931 5577 2121 5632 Divina
2157 5581 2276 5635 luce
2311 5581 2572 5648 perfunde
2607 5597 2713 5647 me,
2752 5597 2785 5637 ο
2815 5581 3000 5650 Virgo,
3033 5581 3172 5634 lucis
3205 5579 3422 5638 habita-

1857 5667 2082 5734 culum,
2125 5672 2435 5736 passionum
2504 5687 2744 5726 mearum
2796 5672 3070 5734 tenebras,
3107 5681 3161 5725 et
3205 5670 3423 5740 penitus

1861 5757 2338 5825 profundissimam
2360 5763 2524 5832 ιω
2550 5762 3294 5831 ηυοωη,.ἑιιιοιωςεὶοηίι)υι
3313 5765 3419 5818 tuis

1857 5851 2170 5921 dispellens,
2201 5868 2231 5908 ο
2262 5853 2356 5908 Dei
2379 5853 2643 5910 Genitt‘ix.
