4166 6458
747 413 880 483 1111

1868 435 1929 493 S.
1965 432 2279 496 JOSEPHI
2315 430 2874 496 HYMNOGRAPHI

3858 426 3996 491 1112

1764 527 1851 584 Ea:
1886 532 2096 585 Conone
2122 534 2174 583 in
2204 531 2258 585 S.
2294 531 2583 598 Zosimam,
2611 535 2696 588 die
2722 534 2792 586 27

819 645 1055 700 Verbum
1099 648 1229 702 citra
1279 648 1632 703 mulationem
1680 649 2019 702 incarnatum
2070 651 2121 701 in
2172 660 2312 702 terra
2344 655 2392 710 Α
2423 663 2666 707 mortuos
2715 652 2839 706 vitae
2894 653 3164 715 restituit;
3204 651 3349 706 unde
3403 665 3503 705 nos
3542 651 3725 706 ﬁdeles
3767 655 3998 710 vocibus

744 740 1000 807 peperisti
1045 741 1093 792 in
1131 739 1571 794 relorinationem
1606 741 1918 803 hominum,
1957 742 2047 808 qui
2083 751 2131 793 te
2163 742 2311 794 voci-

745 829 845 882 bus
879 831 1294 883 incessabilibus
1331 833 1661 895 lwatilicant,
1692 848 1725 886 ο
1757 849 1881 888 vere
1923 834 2104 886 divina
2140 835 2312 886 felici-

744 931 850 974 tate
879 923 1330 977 cumulatissima.

817 1011 978 1078 Virgo
1014 1014 1348 1083 incorrupta,
1384 1032 1416 1066 o
1447 1025 1618 1079 casta,
1658 1025 1778 1085 post
1811 1026 2025 1086 partum
2059 1033 2316 1086 perman-

741 1106 884 1162 sisti.
940 1109 1253 1177 concipiens
1303 1112 1464 1161 modo
1518 1110 1951 1179 inexcogitabili,
2007 1111 2158 1164 illum
2219 1113 2312 1181 qui

739 1199 961 1253 abstulit
990 1203 1394 1270 corruptionem
1432 1219 1444 1252 :
1494 1214 1776 1270 propterea
1809 1217 2000 1258 omnes
2033 1212 2086 1258 te
2118 1206 2316 1259 merito

739 1291 948 1345 beatam
980 1293 1230 1356 dicimus,
1263 1308 1294 1345 ο
1328 1292 1574 1362 Deipara.

809 1383 1106 1438 Thalamus
1130 1395 1274 1440 totus
1304 1387 1542 1450 lucidus,
1590 1387 1980 1442 candelabrum
2015 1398 2183 1442 totum
2216 1405 2315 1442 au-

739 1492 891 1529 reum
910 1519 924 1541 ,
956 1478 1108 1531 locus
1137 1480 1586 1534 sanctificationis
1612 1481 1839 1535 thronus
1865 1481 1958 1534 Dei
1991 1482 2310 1546 altissimus,

736 1578 786 1620 et
824 1570 1080 1634 palatium
1128 1572 1525 1638 amplissimum
1565 1573 1702 1626 facta
1739 1590 1816 1636 es,
1859 1589 1891 1628 ο
1920 1574 2082 1642 Virgo
2128 1574 2311 1626 divina

737 1661 907 1727 gratia
944 1662 1402 1718 cnniulatissima.

811 1750 1061 1805 Sanctior
1096 1755 1390 1808 Cherubim
1441 1758 1588 1812 fuisti
1614 1800 1626 1820 ,
1669 1774 1702 1812 o
1733 1758 2144 1822 laudatissima,
2184 1761 2310 1814 dum

739 1840 907 1895 Deum
938 1844 1308 1913 inexplicabili
1341 1850 1550 1904 ratione
1580 1851 1841 1920 genuisti,
1877 1853 1965 1921 qui
1997 1854 2166 1908 voluit
2201 1855 2309 1909 sal-

737 1949 862 1988 vare
897 1936 1188 1992 humanum
1218 1955 1411 2010 genus,
1446 1946 1715 2012 serpentis
1740 1943 1868 1999 dolo
1899 1959 2216 2016 corruptum
2251 1963 2313 2002 ac

735 2038 1096 2095 peremptum.

809 2114 985 2170 Vitam
1017 2119 1291 2186 peperisti,
1326 2139 1357 2173 υ
1385 2124 1714 2183 castissima,
1740 2113 1862 2191 quae
1885 2123 1955 2176 ob
1984 2124 2128 2192 pomi
2163 2140 2312 2178 esum

2420 747 2716 813 gratiarum
2743 746 2972 799 actionis
3002 755 3053 798 te
3081 745 3292 799 beatam
3327 745 3726 814 proclamamus
3748 784 3763 809 ,
3795 761 3891 813 per
3925 758 3993 810 te,

2419 853 2453 890 ο
2481 839 2730 891 laudibus
2760 839 2944 909 digna,
2979 838 3194 893 salvati.

2493 931 2600 984 Lex
2649 932 2830 984 divina
2862 941 2915 984 et
2948 930 3337 998 prophetarum
3382 930 3670 999 aenigmata
3727 945 3998 999 praemon-

2420 1032 2732 1077 straverunt
2763 1033 2833 1088 te,
2869 1038 2902 1076 ο
2938 1034 3049 1077 tota
3083 1025 3452 1083 immaculata.
3475 1024 3770 1092 parituram
3805 1021 3994 1076 Jesum

2421 1117 2698 1170 Christum
2736 1115 3144 1169 Emmanuelem
3195 1118 3247 1170 in
3282 1117 3526 1169 omnium
3582 1117 3864 1169 hominum
3905 1132 3995 1168 re-

2421 1208 2883 1270 conciliationem,
2928 1207 3179 1270 salutem,
3226 1208 3390 1261 vitam
3453 1219 3507 1261 et
3545 1207 3995 1273 redemptionem.

2491 1299 2844 1366 Negligentia:
2873 1299 3260 1352 dormitatione
3290 1309 3592 1367 gravatum,
3629 1297 3998 1366 profundissi-

2421 1391 2553 1445 mus'
2599 1392 2807 1460 peccati
2861 1406 3028 1458 SOpOl‘
3080 1405 3166 1446 me
3225 1391 3498 1458 oppressit
3562 1408 3576 1443 :
3636 1389 3995 1454 quamobrem

2419 1483 2595 1538 clamo
2613 1483 2678 1536 ad
2709 1493 2779 1544 te.
2806 1493 2865 1536 ut
2891 1497 3108 1550 semper
3135 1480 3487 1550 vigilantibus
3521 1479 3770 1548 precibus
3795 1478 3905 1532 tuis
3931 1475 3998 1530 ad

2419 1576 2749 1645 poenitentia
2781 1575 2955 1629 lucem
2987 1575 3193 1629 excites
3237 1590 3342 1628 me.

2488 1668 2633 1723 Voce
2667 1669 2965 1739 gratiarum
2999 1667 3233 1723 actionis
3252 1667 3317 1720 ad
3339 1677 3389 1720 te
3417 1668 3715 1721 clamamus
3753 1684 3766 1718 :
3806 1663 3993 1725 Salve,

2413 1761 2715 1833 jucundum
2750 1777 2834 1816 rac
2880 1761 3290 1816 sanctissimum
3353 1759 3445 1813 Dei
3511 1757 3926 1812 tabernaculum
3979 1770 3997 1810 :

2417 1857 2583 1921 salve,
2609 1855 2776 1910 totius
2805 1854 2965 1924 109
2999 1854 3185 1907 mundi
3208 1854 3391 1908 salus:
3421 1852 3590 1915 salve,
3609 1867 3641 1903 o
3667 1849 3955 1903 benedicta
3980 1864 3994 1900 :

2418 1949 2585 2011 salve,
2620 1963 2653 2002 o
2683 1948 2752 2001 ab
2771 1948 2918 2007 omni
2951 1947 3162 2000 macula
3191 1946 3470 2007 immunis,
3508 1961 3603 2013 per
3633 1958 3799 2012 quam
3824 1957 3853 1994 a
3880 1955 3999 1994 cor-

2341 2035 2391 2094 B
2419 2043 2668 2110 ruptione
2695 2056 2760 2094 ac
2788 2039 3136 2095 damnalione
3167 2039 3380 2092 liberati
3407 2051 3617 2092 sumus.

1672 2258 1757 2312 Ea:
1789 2260 2001 2316 Conone
2025 2263 2078 2315 in
2107 2262 2164 2317 S.
2201 2263 2450 2317 Jasonem
2489 2267 2804 2332 apostolum,
2849 2266 2936 2318 die
2957 2267 3048 2320 28.

804 2375 1004 2432 Puellae
1035 2378 1207 2432 virum
1239 2382 1528 2436 nescientis
1561 2383 1812 2451 apparuit
1837 2382 1979 2437 (ilius
2012 2399 2173 2437 carne
2203 2386 2311 2438 cir-

732 2469 1024 2525 cumdatus
1054 2480 1274 2540 propter
1301 2473 1528 2526 multam
1554 2489 1709 2527 suam
1739 2473 2168 2529 misericordiam
2200 2475 2308 2534 ille.

733 2561 825 2629 qui
867 2562 1013 2615 nulla
1047 2563 1244 2616 mentis
1293 2564 1503 2617 ratione
1562 2563 1948 2632 comprehendi
2008 2573 2203 2633 potest,
2252 2575 2311 2619 ut

730 2668 826 2706 eos
872 2654 962 2722 qui
1011 2654 1357 2722 passionibus
1409 2656 1590 2709 carnis
1642 2656 1837 2709 misere
1884 2657 2306 2721 succubuerant,

733 2747 800 2798 ail
844 2745 1334 2814 impassibilitatem
1388 2744 1675 2800 manifeste
1721 2746 2005 2800 reduceret
2045 2762 2138 2815 per
2181 2764 2308 2816 pas-

733 2837 940 2890 sionem
966 2837 1148 2890 carnis
1177 2852 1308 2898 suae,
1335 2837 1417 2890 cui
1448 2837 1515 2890 de
1545 2852 1692 2890 more
1721 2837 2011 2905 psallentes
2032 2839 2304 2895 dicimus:

732 2927 982 2983 Gloriose
1015 2929 1158 2990 enim
1188 2929 1522 2998 gloriﬁcatus
1553 2941 1656 2993 est,
1689 2938 1792 2984 etc.

805 3020 1074 3084 lnterﬁce,
1107 3035 1140 3073 o
1169 3020 1481 3089 purissima,
1527 3019 1739 3073 viviﬁca
1789 3019 2176 3074 intercessione
2215 3033 2306 3076 tua

732 3124 1012 3183 peccatum
1034 3113 1190 3183 'quod
1224 3113 1354 3166 vivit
1382 3114 1434 3166 in
1461 3128 1566 3173 me,
1592 3122 1646 3165 tu
1674 3127 1794 3181 quae
1825 3113 1988 3166 vitam
2013 3114 2268 3182 genuisti.

804 3201 848 3257 ο
894 3203 1138 3263 Domina,
1181 3203 1402 3257 thalami
1440 3203 1694 3271 nuptialis
1749 3205 1953 3265 nescia,
1994 3206 2141 3258 salva
2184 3223 2303 3269 me,

737 3294 1072 3346 Salvatorem
1109 3291 1341 3346 Verbum
1378 3293 1534 3345 enixa
1555 3333 1569 3355 ,
1602 3304 1654 3344 et
1681 3308 1709 3344 a
1741 3293 1996 3361 periculis
2049 3303 2208 3364 atque
2238 3296 2305 3347 ab

735 3392 934 3438 aeterna
972 3386 1321 3439 damnatione
1353 3385 1518 3438 libera
1555 3400 1659 3438 me.

2495 2385 2649 2440 Sicut
2691 2387 2870 2456 pluvia
2908 2387 2961 2439 in
3006 2385 3216 2448 vellus,
3273 2382 3511 2438 Verbum
3561 2378 3903 2435 salutiferum
3943 2378 3997 2433 in

2414 2479 2626 2531 vulvam
2672 2488 2818 2532 tuam
2851 2478 3151 2539 descendit,
3193 2487 3246 2530 et
3294 2477 3457 2530 homo
3487 2491 3552 2528 ex
3596 2483 3648 2527 te
3679 2473 3855 2527 factus
3887 2480 3994 2536 est,

2415 2581 2471 2623 ut
2503 2575 2737 2624 salvaret
2759 2585 2865 2635 me,
2895 2586 2927 2622 o
2961 2570 3166 2629 Puella,
3200 2567 3526 2621 mediatiune
3557 2575 3671 2618 tua.

2477 2662 2556 2715 Tu
2589 2677 2709 2731 qum
2736 2663 3013 2716 Christum
3051 2663 3102 2716 in
3136 2661 3277 2714 ulnis
3312 2661 3441 2722 tuis,
3475 2669 3728 2725 tanquam
3759 2659 3994 2708 thronus

2417 2754 2725 2824 igniformis
2772 2753 3016 2821 gestasti,
3063 2767 3229 2806 exora
3283 2747 3554 2809 eumdem,
3596 2762 3630 2801 ο
3658 2745 3994 2799 innocentis-

2417 2847 2579 2908 sima,
2624 2853 2810 2913 utpote
2843 2841 3037 2896 Filium
3070 2852 3219 2894 tuum
3250 2855 3313 2894 ac
3339 2838 3654 2896 Dominum,
3701 2845 3763 2888 ut
3799 2848 3990 2902 pacem

2419 2937 2680 3006 largiatur
2709 2933 2914 2988 mundo
2935 2933 3190 2988 clamanti
3223 2950 3235 2985 :
3259 2929 3583 2986 Benedictus
3610 2927 3749 2980 Deus
3773 2935 3991 2994 patrum

2419 3039 2753 3084 nostrorum.

2488 3121 2723 3184 Fornax,
2779 3125 2968 3187 partus
3019 3116 3093 3170 tui
3150 3115 3390 3185 symbola
3455 3113 3582 3166 olim
3631 3109 3900 3170 referens,
3961 3121 3995 3159 ο

2418 3209 2582 3276 Virgo
2621 3208 2812 3273 Mater,
2849 3209 3227 3262 adolescentes
3283 3220 3390 3258 non
3431 3201 3755 3264 combussit,
3797 3213 3995 3267 quem-

2415 3304 2706 3356 admodum
2735 3317 2835 3355 nec
2869 3301 3009 3371 ignis
3035 3299 3332 3352 divinitatis
3360 3305 3572 3348 uterum
3612 3303 3786 3346 tuum.

2480 3390 2644 3444 Mater
2679 3391 2817 3445 facta
2850 3387 3222 3443 Emmanuelis
3264 3387 3317 3439 in
3367 3395 3521 3439 utero
3556 3393 3647 3436 tuo
3677 3379 3950 3435 incarnati
3977 3419 3991 3440 ,

807 3479 1057 3534 Sanctior
1103 3477 1398 3532 Cheruhim
1462 3478 1780 3547 apparuisti,
1841 3479 1971 3532 dum
2030 3479 2082 3534 in
2161 3491 2303 3535 terra
2335 3453 2377 3510 ο
2414 3482 2716 3545 deiﬁcasti,
2772 3498 2805 3537 o
2855 3480 3295 3541 inviolatissima,
3348 3489 3596 3530 naturam
3647 3473 3994 3526 humanam:

733 3571 976 3624 omnium
1009 3569 1296 3623 Dominum
1344 3584 1571 3637 corpore
1616 3569 1860 3635 induisti,
1896 3588 1928 3624 o
1966 3571 2190 3624 Domina
2226 3574 2306 3625 in-

734 3665 952 3728 violata,
983 3664 1129 3717 omni
1164 3663 1322 3715 laude
1350 3662 1691 3731 dignissima.

2416 3584 2718 3643 propterea,
2757 3588 2791 3628 o
2841 3571 3186 3627 sanctissima
3247 3569 3338 3624 Dei
3391 3567 3658 3630 Geuitrix,
3690 3575 3744 3618 te
3777 3566 3994 3618 beatam

2417 3680 2700 3720 vocamus.

1720 3803 1880 3873 ιιο
1913 3800 1997 3855 Ea:
2028 3801 2239 3858 Conone
2267 3806 2320 3857 in
2353 3804 2411 3860 S.
2449 3804 2798 3868 Memnonem,
2827 3803 2911 3856 die
2931 3801 3021 3856 29.

801 3947 937 4000 Cum
975 3943 1116 3997 Deus
1143 3957 1207 3996 ex
1258 3952 1308 3996 te
1344 3942 1621 3996 hominem
1667 3940 2059 4010 assumpsisset
2089 3950 2296 4010 propter

731 4058 887 4098 suam
918 4040 1239 4103 bonitatem,
1265 4053 1298 4092 o
1327 4037 1643 4091 intemerata
1668 4035 1852 4106 Virgo,
1887 4037 2154 4105 processit
2184 4047 2304 4088 cu

732 4135 933 4201 duplici
969 4130 1279 4199 operatione
1324 4139 1378 4182 et
1406 4137 1633 4192 natura;
1661 4142 1823 4196 quem
1873 4142 2089 4196 semper
2117 4126 2286 4194 depre
2350 4169 2359 4180 .

731 4241 879 4286 care,
925 4231 982 4276 ut
1007 4233 1056 4276 te
1084 4221 1368 4274 laudantes
1394 4218 1680 4271 illuminet.

803 4315 1040 4368 Verbum
1077 4311 1168 4365 Dei
1217 4310 1497 4380 impolluta
1558 4307 1764 4362 viscera
1824 4317 1917 4360 tua
1957 4306 2299 4371 inhabitavit,

728 4425 761 4463 ο
798 4407 1094 4464 inviolata.
1124 4414 1287 4474 atque
1315 4404 1568 4457 universa
1606 4400 1890 4457 h0minum
1937 4412 2157 4470 peccata
2200 4401 2302 4454 eli-

728 4501 979 4555 minavit.

801 4593 1058 4650 Animam
1098 4604 1274 4644 meam
1326 4590 1380 4642 in
1431 4585 1761 4657 profundum
1815 4584 2115 4639 carnalium
2153 4583 2304 4637 volu-

726 4692 938 4752 ptatum
983 4683 1290 4736 demersam
1339 4679 1623 4743 conﬁrma,
1680 4687 1731 4730 te
1762 4690 1974 4746 precor,
2026 4675 2300 4728 interven-

2412 3942 2606 3997 mortis
2645 3952 3063 4010 peremptorem,
3111 3945 3165 3989 et
3219 3935 3344 3988 vitae
3397 3933 3642 3986 datorem
3689 3929 3994 3998 concepisti

2411 4039 2466 4083 et
2495 4029 2753 4098 peperisti
2786 4028 2946 4082 modo
2973 4024 3232 4080 ineﬂ‘ahili
3279 4033 3444 4093 atque
3495 4021 3931 4091 inexcogitabili,
3961 4035 3996 4074 o

2409 4120 2740 4175 castissima.

2479 4212 2522 4264 Α
2557 4209 2968 4275 tempestatibus
3001 4208 3390 4261 immensarum
3429 4211 3780 4273 peccatorum
3819 4203 3993 4257 libera

2410 4317 2518 4363 me,
2553 4299 2819 4366 oPuella,
2872 4315 2991 4370 qua:
3037 4299 3150 4353 sola
3187 4296 3550 4351 fortissimum
3602 4309 3661 4348 es
3702 4293 3994 4347 miserabi-

2413 4394 2545 4448 lium
2580 4392 2936 4461 adjutorium.
2967 4403 3020 4445 et
3073 4398 3420 4460 peccatorum
3461 4385 3928 4457 p'ropitiatorium,
3962 4401 3995 4442 ο

2413 4486 2696 4540 benedicta
2723 4487 2776 4539 in
2801 4484 3122 4539 mulieribus
3145 4483 3437 4552 purissima
3473 4481 3724 4535 Domina.

2481 4577 2734 4631 Miseram
2762 4577 2999 4630 animam
3031 4590 3232 4639 meam,
3263 4572 3603 4642 gravissimis
3631 4571 3990 4641 malis'wgro—

2412 4679 2616 4723 tantem
2672 4679 2725 4722 et
2772 4667 3190 4737 periclitantem,
3252 4665 3471 4734 dignam
3508 4661 3615 4725 fac,
3667 4677 3702 4715 ο
3759 4662 3990 4715 Domina

726 4780 874 4832 tione
898 4786 1007 4841 tua,
1031 4792 1063 4829 o
1087 4775 1178 4829 Dei
1205 4773 1458 4845 genitrix,
1483 4787 1603 4841 qua
1626 4771 1741 4825 sola
1765 4771 2032 4824 bonorum
2057 4769 2300 4822 omnium
2335 4807 2380 4861 υ
2413 4765 2524 4818 Deo
2555 4762 2905 4825 charissima,
2935 4759 3246 4861 visitatione
3270 4769 3380 4861 tua,
3415 4766 3471 4811 et
3501 4753 3879 4810 omnimodam
3912 4753 3988 4806 illi

725 4875 970 4928 datorem
1005 4871 1173 4924 Deum
1204 4878 1449 4923 nostrum
1482 4866 1735 4936 genuisti.

799 4961 966 5017 Deum
985 4960 1261 5028 peperisti,
1275 4968 1330 5012 et
1344 4959 1495 5025 virgo
1509 4955 1876 5026 permansisti,
1895 4969 1927 5007 ο
1946 4952 2154 5022 Sponsa
2172 4954 2298 5019 Dei;

728 5063 1011 5126 prapterea
1044 5066 1236 5105 omnes
1284 5049 1567 5104 hominum
1617 5047 1812 5117 linguae
1842 5055 1892 5100 te
1926 5061 2049 5100 cum
2102 5047 2300 5114 gaudio

713 5150 939 5226 beatam
971 5145 1180 5198 dicunt.

712 5227 721 5239 ’
792 5235 1079 5299 .llortiﬁca,
1112 5251 1144 5289 ο
1176 5234 1359 5302 Virgo,
1397 5231 1579 5287 carnis
1612 5244 1743 5285 mea:
1784 5227 2146 5299 prudentiam,
2178 5243 2299 5297 qua:

1259 5362 1510 5418 MENSIS
1527 5361 1692 5417 ΜΔΝ]
1707 5362 1766 5417 S.

728 5482 882 5551 ιιι
939 5479 1024 5535 Ea:
1063 5480 1362 5551 Canoneiin
1406 5477 1506 5533 SS.
1547 5487 1804 5551 martyres
1843 5475 2192 5537 Timotheum,
2245 5483 2296 5527 et

1278 5549 1544 5613 Mauram,
1581 5550 1665 5601 die
1693 5551 1745 5602 5.

793 5685 1328 5756 Supersubstantiale
1350 5687 1588 5741 Verbum
1630 5686 1935 5742 substantia
1977 5685 2178 5740 factum
2227 5701 2292 5738 ex

2407 4855 2837 4908 incolumitatem
2861 4852 3104 4914 restitue,
3131 4849 3261 4904 dum
3297 4848 3519 4903 clamat.

2472 4943 2615 4998 Voce
2664 4942 2973 5012 archangeli
3023 4942 3090 4995 ad
3143 4949 3194 4994 te
3228 4936 3521 4992 latabundi
3569 4936 3902 5001 clamamus,
3955 4950 3989 4989 ο

2400 5035 2563 5105 Virgo
2596 5055 2609 5090 :
2643 5037 2777 5098 Ave,
2816 5032 3216 5088 maledictionis
3250 5030 3472 5093 solutio,
3503 5037 3820 5082 sanctorum
3845 5042 3988 5081 cou-

2399 5129 2665 5184 fessorum
2712 5129 2913 5197 gloria,
2965 5127 3187 5179 Patrum
3235 5124 3526 5194 gloriatio,
3583 5120 3978 5191 prophetarum

2399 5222 2732 5293 pmdicatio,
2759 5229 2922 5290 atque
2953 5221 3236 5274 hominum
3270 5218 3437 5272 salus.

2980 5357 3034 5410 M
3041 5357 3135 5408 HN
3169 5355 3402 5409 ΜΛΙΟΣ.

2417 5476 2509 5529 Ἐκ
2536 5473 2641 5528 τοῦ
2673 5473 2940 5537 Κανόνος
2968 5475 3052 5536 εὶς
3079 5471 3218 5535 τοὺς
3245 5469 3452 5539 ἁγίους
3472 5464 3777 5539 μάρτυρας
3816 5463 3984 5531 mid-

2761 5549 2900 5598 θεον
2918 5532 3020 5596 ὶιαὶ
3034 5532 3315 5608 Mulir-iur",
3342 5536 3531 5606 ἡμέρᾳ
3554 5532 3622 5603 γ’.

2485 5681 2839 5752 ’Υπερούσιος
2874 5678 3044 5746 Λόγος
3083 5674 3369 5737 οὑσιωθεὶς
3411 5672 3472 5736 ἐξ
3501 5669 3683 5739 ἁγνῶν
3729 5667 3983 5738 αἱμάτων

795 5859 928 5939 (60°)
962 5861 1064 5918 llic
1097 5878 1272 5919 canon
1306 5880 1428 5922 cum
1467 5862 1682 5920 duobus
1717 5863 2070 5933 sequentibus
2114 5862 2298 5918 Graece
2340 5875 2447 5916 non
2481 5870 2658 5915 exstat
2687 5861 2743 5915 in
2772 5857 2927 5913 libris
2956 5857 3138 5912 editis.
