4166 6458
182 447 322 516 1123

1616 453 1980 514 MARIALE.

3304 445 3438 510 1114

179 584 276 620 σου
309 561 677 632 ὲθεούργησεν
715 562 860 641 ἡμᾶς
892 560 986 613 καὶ
1019 560 1222 629 φθορᾶς
1257 561 1544 632 ἐρρύσατο,
1575 563 1715 633 ἁγνή
1740 579 1753 592 ο

1870 563 2023 619 :astis
2058 559 2418 630 sanguinibus
2462 558 2593 624 luis,
2629 558 2902 613 deiﬁeavit
2926 571 3048 620 nos,
3078 569 3139 609 ac
3189 556 3440 610 liberavit

177 657 268 711 διὰ
289 655 448 708 τοῦτό
480 671 538 708 σε
567 655 772 716 πιστῶς
809 655 894 706 ἀεὶ
921 651 1237 723 δοξάζομεν.

261 838 558 906 Ὑπάρχων
600 836 762 904 φύσει
795 835 1012 904 ἀπαθής
1049 837 1077 888 ὁ
1123 835 1249 898 Υἱός
1293 854 1386 888 σου
1411 877 1425 900 ,
1478 834 1756 907 Παρθένε,

178 928 548 1000 προσελάϐετο
577 929 756 994 σάρκα
795 926 852 990 ἐξ
891 928 1142 996 αἱμάτων
1171 945 1264 979 σου
1297 927 1478 993 ἁγνῶν
1502 966 1516 990 ,
1553 928 1647 979 καὶ
1673 927 1761 981 διὰ

179 1023 388 1084 πάθους
418 1021 655 1090 σταυροῦ
690 1020 798 1072 τῶν
832 1021 1021 1073 παθῶν
1053 1037 1142 1088 με,
1175 1021 1433 1089 ἄχραντε,
1468 1019 1756 1090 ἐρρύσατο.

263 1203 518 1270 Ἀγνείας
564 1203 865 1270 σκήνωμα,
897 1202 1318 1270 κατοικητήριον
1349 1197 1445 1250 τοῦ
1489 1201 1762 1251 Δεσπότου

180 1296 292 1347 τῶν
323 1296 457 1346 ὅλων
478 1336 492 1359 ,
523 1294 632 1346 τῶν
663 1293 957 1363 προφητῶν
991 1291 1208 1343 πάντων
1251 1290 1598 1359 περιήχημα,
1641 1289 1761 1341 θεο·

180 1387 451 1458 χαρίτωτε
484 1385 598 1450 ναὲ,
633 1385 758 1447 τοὺς
782 1382 1088 1453 ὑμνοῦντάς
1121 1398 1180 1433 σε
1211 1381 1578 1449 οἰκτείρτβον.

250 1571 363 1639 Τὴν
399 1568 687 1635 καταιγίδα
721 1567 828 1620 τῶν
874 1566 1174 1635 λογισμῶν,
1222 1568 1323 1626 τὰς
1369 1566 1764 1626 ὲπαναστασεις

178 1661 290 1713 τῶν
319 1660 527 1724 παθῶν,
563 1659 669 1712 τῶν
699 1660 1022 1727 πειρασμῶν
1067 1659 1125 1709 τὸ
1156 1656 1470 1716 κλυδώνιον,
1503 1657 1764 1717 κόπασον,

180 1749 432 1818 Παρθένε
473 1749 872 1820 θεοχαρίτωτε,
926 1749 1020 1800 καὶ
1069 1747 1241 1798 σῶσόν
1279 1764 1345 1816 με
1395 1747 1669 1816 ὑμνοῦντα
1699 1744 1768 1796 τὰ

184 1841 450 1912 μεγαλεῖα
479 1857 591 1894 σου.

1863 671 1961 710 nos
1997 669 2024 707 a
2057 654 2406 722 corruptione
2435 670 2446 704 :
2486 661 2764 722 propterea
2794 663 2843 705 te
2871 665 3083 719 semper
3108 664 3231 703 cum
3264 649 3383 713 ﬁde,
3406 664 3439 702 ο

1863 746 2179 817 purissima,
2213 744 2600 812 gloriﬁcamus.

1934 838 2106 892 Filius
2159 848 2305 898 tuus.
2349 855 2472 892 cum
2531 847 2675 892 esset
2720 845 2910 890 natura
2956 834 3330 903 impassibilis,
3379 849 3442 886 ex

1864 933 2016 1002 puris
2054 931 2417 998 sanguinibus
2463 933 2571 984 tuis
2623 945 2848 985 carnem
2901 929 3162 996 suscepit,
3207 941 3240 978 o
3281 926 3444 992 Virgo

1868 1023 2213 1077 immaculata
2234 1022 2378 1091 (61),
2426 1033 2479 1076 et
2502 1039 2594 1092 per
2614 1022 2901 1092 passiones
2925 1020 3123 1084 crucis,
3151 1033 3237 1072 me
3268 1036 3294 1070 a
3325 1032 3447 1084 pus-

1867 1118 2118 1174 sionibus
2145 1116 2419 1172 liberavit.

1937 1207 1980 1262 0
2032 1207 2302 1262 castitatis
2343 1204 2793 1269 tabernaculum,
2837 1201 3176 1258 domicilium
3233 1201 3445 1255 Domini

1867 1300 2282 1361 universorum,
2355 1299 2740 1367 prOphetarum
2822 1296 3070 1348 omnium
3139 1295 3443 1356 resonatio,

1870 1391 2130 1460 templum
2171 1389 2280 1444 Deo
2315 1389 2716 1460 gratissimum,
2744 1389 3001 1442 miserere
3034 1401 3223 1441 eorum
3260 1385 3352 1454 qui
3397 1394 3448 1438 te

1868 1482 2204 1538 collaudant.

1939 1574 2345 1644 Cogitationum
2377 1573 2694 1642 procellam,
2730 1571 3047 1641 passionum
3102 1569 3448 1633 insurgentes

1871 1666 2104 1728 ﬂuctus,
2156 1665 2516 1719 tentationum
2563 1671 2942 1731 tempestatem
2996 1660 3148 1720 seda,
3199 1675 3231 1713 ο
3285 1658 3450 1728 Virgo

1871 1760 2050 1812 divina
2078 1760 2252 1829 gratia
2285 1755 2739 1818 cumulatissima,
2769 1765 2823 1809 et
2853 1754 3062 1808 salvum
3112 1752 3197 1806 lac
3225 1767 3309 1806 me
3335 1752 3451 1805 lau-

1872 1850 2090 1904 dantem
2122 1850 2392 1919 magnalia
2425 1857 2536 1901 tua.

252 1931 544 1997 Πανάγαθε
587 1931 888 1994 Δέσποινα,
939 1929 1030 1982 τὸν
1077 1929 1390 1997 πανάγαθον
1445 1929 1578 1980 Θεὸν
1626 1930 1658 1996 ἡ
1711 1929 1768 1980 ἐν

1943 1941 2100 1996 Omni
2142 1939 2381 1992 bonitate
2412 1935 2635 2005 przedita
2666 1933 2912 1995 Domina,
2941 1949 3060 2003 qum
3093 1934 3258 1986 Deum
3301 1931 3449 1985 omni

182 2025 350 2089 σαρκὶ
395 2024 682 2092 κυήσασα,
738 2021 1133 2091 κεκακωμένην
1188 2024 1384 2073 πάθεσι
1441 2024 1539 2089 τὴν
1587 2020 1764 2089 ψυχὴν

181 2116 205 2167 ὲ
215 2118 323 2185 μὴν
344 2114 439 2168 νῦν
458 2113 749 2182 ἁγάθυνον,
775 2114 860 2166 ἶνα
884 2113 1065 2166 πίστει
1085 2113 1178 2166 καὶ
1204 2113 1352 2182 πόθῳ
1377 2112 1661 2182 μεγαλύνω
1681 2129 1760 2164 σε.

265 2302 650 2372 ’Υπερύμνητε
672 2299 943 2370 Παρθένε,
970 2299 1354 2370 ὑπερὺμνητον
1370 2301 1502 2352 Θεὸν
1523 2299 1766 2368 ἀποκυή-

185 2412 352 2458 σασα,
389 2397 514 2458 τοὺς
550 2394 857 2462 ὑμωῦντάς
897 2410 956 2446 σε
1002 2395 1294 2455 κοινωνοὺς
1334 2393 1613 2456 ἀνάδειξον
1652 2410 1766 2457 φω-

180 2488 297 2550 τὸς,
334 2488 428 2540 καὶ
462 2485 624 2556 ῥῦσαι
657 2485 882 2554 γεέννης
911 2485 1006 2537 καὶ
1036 2485 1230 2552 φλογὸς
1255 2523 1268 2546 ,
1302 2484 1396 2538 καὶ
1426 2485 1606 2552 πάσης
1641 2483 1765 2551 βλάο

183 2577 285 2649 6ης
317 2576 410 2630 τοῦ
444 2576 640 2646 ἐχθροῦ
671 2579 788 2638 ταῖς
821 2577 1051 2639 ἱκεσίαις
1087 2563 1202 2629 σου.

268 2669 616 2740 Ὠραιὼθης,
674 2667 959 2738 Παρθένε,
1015 2669 1380 2737 ἀποκυήσασα
1434 2667 1768 2737 ὡραιότατον

185 2761 372 2814 κάλλει
411 2762 646 2830 Χριστὸν
695 2762 785 2814 τὸν
836 2759 1080 2829 Κύριον,
1133 2760 1310 2822 θείαις
1363 2761 1486 2822 τοὺς
1543 2763 1768 2824 πιστοὺς

184 2855 434 2919 ἀγλαΐαις
461 2853 846 2924 φαιδρὺνοντα,
876 2852 935 2906 ὃν
966 2851 1377 2923 ὑπερυψοῦμεν.

252 3036 398 3089 Φωτὶ
422 3035 500 3107 τῷ
533 3037 610 3106 σῷ
640 3053 706 3105 με
727 3074 743 3098 ,
777 3036 1140 3106 θεοχαριτωτε
1175 3038 1232 3088 ὲν
1262 3035 1476 3102 γυναιξὶ
1505 3035 1769 3104 Παρθένε,

187 3128 682 3198 καταλάμπρυνον,
717 3127 934 3196 δέομαι.
972 3127 1068 3180 καὶ
1120 3127 1292 3195 πυρὸς
1321 3129 1540 3180 αἰωνίου
1579 3145 1645 3197 με
1681 3127 1773 3180 λύ-

184 3236 416 3287 τρωσαι,
452 3219 600 3280 ὅπως
632 3235 690 3269 σε
725 3217 1013 3288 μεγαλύνω
1043 3259 1058 3284 ,
1093 3219 1237 3281 ὅπως
1269 3218 1476 3283 δοξάζω
1509 3237 1590 3285 σε,
1623 3221 1771 3283 ὅπως

188 3310 495 3380 καταχρέος
523 3309 746 3378 ἀνυμνῶ
775 3309 842 3362 τὰ
869 3311 1138 3379 μεγαλεῖά
1169 3329 1284 3365 σου.

198 3468 301 3520 Ἐκ
329 3466 747 3537 τοῦ-Κανόνα
784 3454 1012 3532 sic-tor
1048 3469 1223 3537 ἅγιον
1258 3470 1606 3524 ἀπόστολον
1646 3474 1774 3525 Ἀν-

434 3535 716 3604 δρόνωιον
757 3537 857 3590 καὶ
897 3535 1181 3606 Ἰουνίαν,
1216 3539 1406 3608 ἡμέρᾳ
1439 3541 1522 3603 ιζ’.

260 3690 562 3760 Ὀμϐρισόν
590 3707 702 3760 μοι,
729 3691 992 3759 Παρθένε,
1028 3693 1247 3746 πάντων
1268 3694 1378 3747 τῶν
1409 3697 1771 3766 πταισμάτων

186 3781 590 3850 ἀπολύτρωσιν,
613 3781 708 3834 καὶ
736 3779 1020 3851 διόρθωσιν
1049 3780 1188 3851 βίου,
1222 3784 1289 3853 τῇ
1319 3783 1378 3834 ὲν
1410 3784 1491 3835 σοὶ
1521 3786 1768 3855 μεσιτείᾳ

185 3875 281 3928 καὶ
308 3875 509 3943 χάριτι.

257 3967 373 4019 Οὐκ
403 3963 551 4019 εστιν
579 3965 848 4035 ἄχραντος
877 3965 1021 4037 πλήν
1061 3984 1177 4031 σου,
1211 3969 1508 4034 Δέσποινα,
1545 3969 1640 4022 καὶ
1668 3971 1768 4023 οὐκ

285 4146 376 4217 6|)
413 4147 515 4201 Per
566 4145 782 4201 titulum
823 4145 1169 4200 immaculata
1213 4146 1458 4201 additum
1490 4145 1764 4216 'Virgini‘,

185 4217 423 4288 exprimi
464 4217 584 4283 ejus
624 4217 1055 4288 immaculatam_
1082 4217 1520 4288 conceptionem,
1555 4219 1772 4273 videtur

187 4285 408 4346 suaderi
455 4300 612 4356 posse
646 4301 712 4340 ex
761 4287 967 4356 synodo
1015 4285 1351 4348 Tridentina.
1395 4303 1517 4356 quae
1548 4304 1684 4343 sess.
1720 4305 1772 4353 ν,

191 4361 258 4413 ad
296 4358 454 4410 ﬁnem
503 4355 712 4410 Decreti
757 4355 825 4408 de
871 4365 1094 4424 peccato
1146 4355 1423 4424 originali,
1470 4356 1529 4410 Β.
1565 4357 1771 4424 Virgini

187 4425 727 4498 apposuitepitheton
749 4426 1134 4498 immaculata,
1162 4435 1218 4479 ut
1239 4425 1375 4498 forte
1397 4429 1542 4483 hunc
1558 4425 1771 4482 titulum

188 4496 468 4569 proprium
496 4510 629 4569 esse
647 4496 889 4569 mysterii
911 4497 1768 4569 conceptionisintelligeremus,

188 4565 245 4622 et
278 4565 332 4621 in
380 4565 745 4635 appellatione
777 4565 1014 4634 Virginis
1055 4567 1414 4621 immaculata;
1446 4568 1768 4622 immacula-

191 4650 301 4693 tam
365 4617 780 4704 coticeptionem
809 4617 1015 4689 includi
1045 4617 1766 4705 είέῆὁέἐεὲἑίιῆιέῗ‹“ἰῑὲὲίᾶ-
1798 4617 1843 4676 θ

189 4720 296 4771 rat.
329 4707 522 4774 inquit.
555 4706 667 4759 haec
698 4705 814 4776 ipsa
857 4714 1059 4776 sancta
1084 4708 1325 4776 synodus
1356 4722 1463 4761 non
1499 4723 1621 4762 esse
1657 4726 1770 4764 suae

190 4777 513 4834 intentionis
546 4775 1016 4842 comprehendere
1051 4775 1249 4831 iu'hoc
1280 4775 1528 4840 Decreto.
1564 4779 1654 4832 ubi
1703 4781 1770 4833 de

294 4858 416 4903 cato
476 4845 728 4914 originali
771 4845 969 4914 agitur,
1021 4847 1230 4900 beatam
1263 4856 1316 4900 et
1361 4848 1766 4904 immaculatam

294 4865 416 4903 cato
476 4865 728 4914 οῐιειηιιιι
771 4865 969 4914 εειιυτ,
1021 4865 1230 4900 Beatam
1263 4865 1316 4900 et
1361 4865 1766 4904 Immacutatam

188 4865 472 4988 Vit-ginem
509 4915 735 4988 hlariam
773 4915 863 4969 Dei
894 4914 1242 4988 Geuitricem.
1280 4935 1298 4968 ι
1325 4917 1495 4986 Cujus
1524 4919 1768 4973 declara-

190 4986 359 5043 tionis
399 4986 684 5055 perspicua
716 4986 1003 5056 sententia_
1036 4995 1139 5048 est,
1175 4987 1355 5056 inquit
1396 4990 1770 5042 Armameuta-

190 5063 331 5112 rium
362 5054 708 5124 semp/ticum
738 5057 949 5125 prortit.
976 5054 1350 5111 Immaculata:
1377 5058 1764 5125 Conceptianis,

189 5145 316 5197 pag.
347 5127 483 5181 1501
524 5145 542 5177 ‹
585 5125 803 5180 Beatam
840 5124 1116 5196 Virginem
1149 5126 1373 5181 Mariam
1404 5129 1458 5182 in
1491 5124 1769 5184 communi

192 5202 310 5270 lege
357 5197 564 5270 peccati
610 5197 922 5270 necessario
963 5211 1074 5250 non
1116 5198 1544 5270 comprehendo.
1580 5203 1672 5254 sed
1711 5212 1768 5255 ut

191 5267 269 5323 ab
289 5267 441 5321 omni
469 5268 680 5321 macula
715 5268 939 5322 liberam
976 5270 1062 5336 pie
1099 5283 1129 5322 a
1165 5269 1415 5323 ﬁdelibus
1446 5270 1767 5324 immacula-

191 5355 302 5392 tam
334 5338 476 5400 dici.
510 5338 756 5407 exemplo
779 5337 974 5393 doceo.
1005 5337 1131 5392 Hzec
1160 5339 1378 5393 concilii
1433 5356 1583 5395 mens
1613 5342 1769 5395 valde

192 5411 503 5462 illustratur
524 5424 590 5461 ex
632 5424 770 5464 sess.
816 5423 887 5472 v1,
923 5424 1046 5463 can.
1085 5408 1193 5463 οδε
1231 5407 1285 5461 Si
1320 5411 1444 5478 quis
1490 5411 1765 5465 hominem

192 5479 362 5533 semel
388 5477 744 5543 justiﬁcatum
775 5478 974 5533 dixerit
1001 5495 1158 5548 posse
1182 5479 1234 5532 in
1263 5477 1372 5532 tota
1403 5482 1512 5533 vita
1549 5491 1766 5547 peccata

191 5549 402 5608 Omnia.
431 5549 596 5602 etiam
651 5549 900 5618 venialia,
935 5550 1128 5614 vitare,
1161 5550 1264 5602 nisi
1298 5566 1362 5603 ex
1412 5551 1633 5618 speciali
1673 5551 1765 5606 Dei

191 5619 502 5688 privilegio.
535 5616 995 5686 quemadmodum
1029 5619 1096 5672 de
1127 5618 1186 5672 Β.
1223 5616 1453 5688 Virgine
1490 5630 1635 5674 tenet
1669 5623 1767 5675 Ec-

195 5689 384 5752 clesia,
420 5689 722 5742 Anatbema
757 5691 846 5742 sit.
886 5690 984 5742 Hic
1032 5705 1137 5744 non
1170 5693 1391 5743 auditur
1433 5691 1625 5744 titulus
1663 5695 1766 5744 im-

196 5758 507 5829 niaculatae,
539 5759 665 5828 quia
722 5761 932 5828 puritas
985 5760 1054 5812 ab
1110 5762 1256 5813 omni
1293 5771 1515 5829 peccato
1567 5763 1764 5816 actuali

197 5845 308 5884 non
343 5828 541 5883 sufﬁcit
591 5838 649 5882 ut
697 5844 927 5898 persona
979 5830 1158 5899 aliqua
1208 5828 1520 5884 omnimode
1566 5832 1764 5886 intota

198 5899 448 5955 vocabuli
485 5899 772 5955 latitudine
797 5909 850 5955 et
892 5916 987 5971 per
1011 5903 1385 5957 excellentiam
1419 5902 1765 5958 immaculata

1869 2033 2109 2087 bonitate
2142 2032 2384 2100 plenum,
2418 2028 2471 2080 in
2499 2042 2666 2081 carne
2693 2027 2973 2095 peperisti,
3001 2025 3234 2078 animam
3274 2039 3449 2076 meam

1871 2125 2221 2194 passionihus
2261 2122 2401 2175 male
2447 2122 2695 2175 aﬁ'ertam
2744 2135 2806 2172 ac
2832 2120 3203 2186 depravatam,
3254 2115 3450 2168 bonam

1869 2217 2038 2275 cﬂicc.
2076 2225 2131 2268 ut
2157 2231 2278 2267 cum
2313 2215 2416 2267 ﬁde
2449 2223 2500 2267 et
2535 2213 2732 2267 affectu
2767 2210 3103 2279 magniticem
3134 2219 3205 2262 te.

1939 2307 1983 2360 Ο
2041 2306 2206 2374 Virgo
2261 2306 2750 2372 superlaudabilis,
2793 2317 2912 2369 qua:
2952 2297 3450 2368 superlaudabilcm

1871 2399 2036 2454 Deum
2079 2397 2335 2467 peperisti
2360 2441 2372 2459 ,
2407 2414 2502 2450 eos
2544 2399 2636 2464 qui
2677 2406 2727 2449 te
2756 2395 3070 2448 collaudant
3101 2391 3251 2446 eﬁice
3278 2390 3451 2459 parti-

1870 2492 2021 2560 cipes
2065 2491 2225 2552 lucis,
2262 2501 2316 2543 et
2366 2490 2533 2542 libera
2592 2503 2686 2541 eos
2746 2483 3227 2540 intercessionibus
3279 2481 3388 2536 tuis
3423 2496 3454 2534 a

1870 2585 2116 2655 gehenna
2151 2591 2204 2636 et
2227 2582 2440 2635 ﬂamma
2465 2625 2479 2646 ,
2509 2590 2562 2635 et
2590 2581 2656 2633 ab
2684 2579 2832 2632 onmi
2868 2579 3090 2631 laesione
3123 2574 3356 2628 inimici.

1942 2675 2200 2744 Speciosa
2236 2674 2376 2727 facta
2404 2688 2483 2732 es,
2513 2687 2545 2724 ο
2589 2671 2776 2739 Virgo,
2812 2685 2935 2723 cum
2979 2669 3286 2736 peperisses
3329 2678 3446 2733 spe-

1869 2765 2082 2822 ciosum
2126 2763 2300 2816 forma
2352 2761 2625 2814 Christum
2682 2759 2996 2820 Dominum,
3031 2757 3230 2811 divinis
3269 2755 3450 2824 splen-

1871 2860 2095 2915 doribus
2127 2856 2312 2910 ﬁdeles
2373 2854 2753 2914 illuStrantem,
2791 2867 2951 2921 quem
2997 2865 3096 2905 nos
3130 2847 3445 2919 super-exal-

1876 2959 2076 3006 tamus.

1948 3043 2104 3111 112
2135 3040 2278 3093 Luce
2306 3048 2395 3092 tua
2425 3039 2633 3092 illustra
2670 3053 2773 3099 me,
2807 3051 3020 3104 precor,
3054 3049 3085 3086 ο
3119 3034 3284 3101 Virgo
3308 3033 3453 3085 inter

1873 3149 2072 3188 omnes
2103 3132 2358 3184 mulieres
2392 3129 2498 3182 Deo
2529 3129 2880 3192 charissima,
2915 3137 2967 3180 et
2997 3126 3064 3178 ah
3093 3126 3213 3193 igne
3238 3135 3446 3178 mteniio

1874 3226 2082 3279 redime
2113 3240 2216 3287 me,
2251 3233 2309 3276 ut
2358 3233 2408 3275 te
2450 3223 2810 3290 magniﬁcum,
2847 3230 2905 3273 ut
2952 3231 3002 3274 te
3035 3219 3352 3288 gloriﬁcem,
3396 3225 3455 3270 ut

1877 3334 1974 3387 pro
2003 3317 2188 3370 debito
2218 3315 2434 3368 laudem
2474 3314 2743 3382 magnalia
2773 3324 2883 3365 tua.

1875 3471 1958 3525 Ex
1989 3470 2201 3529 Conone
2231 3472 2284 3525 in
2319 3470 2378 3523 S.
2415 3470 2771 3590 Andr‘qnicppz
2802 3467 3098 3536 apostolum
3135 3478 3180 3520 et
3210 3465 3455 3533 Iuniam,

2598 3557 2642 3590 ιε

2598 3557 2642 3592 ιε

1944 3698 2147 3766 Deplue
2193 3714 2358 3768 super
2398 3714 2504 3761 me,
2531 3714 2562 3749 υ
2590 3697 2774 3764 Virgo.
2831 3693 3074 3747 omnium
3110 3701 3456 3759 peccatorum

1875 3791 2302 3859 redemptionem
2346 3798 2401 3844 et
2421 3788 2855 3844 emendationem
2880 3785 3024 3849 vitae,
3047 3783 3375 3837 mediatione
3400 3790 3455 3835 et

1875 3882 2047 3951 gratia
2083 3889 2196 3935 tua.

1945 3973 2138 4029 Nullus
2186 3982 2270 4028 est
2318 3970 2708 4028 immaculatus
2746 3975 2946 4040 praeter
2983 3975 3058 4032 te,
3109 3981 3142 4019 0
3183 3965 3454 4019 Domina:

1877 4150 2211 4212 nominetur.
2245 4151 2291 4205 si
2335 4161 2515 4205 autem
2559 4151 2662 4204 sub
2687 4151 2806 4218 lege
2838 4146 3120 4218 originalis
3152 4161 3259 4218 non
3306 4161 3457 4200 com-

1876 4221 2271 4288 prehendatur,
2300 4222 2507 4288 optime
2557 4219 2876 4286 hujusmodi
2910 4217 3069 4272 titulo
3115 4217 3321 4285 absque
3348 4219 3456 4288 ulla

1877 4287 2206 4352 limitatione
2283 4287 2534 4358 insigniri
2607 4301 2810 4360 potest.
2867 4289 3036 4342 Nemo
3072 4287 3455 4360 conciliarium

1870 4362 2145 4414 actionum
2160 4375 2362 4429 gnarus
2378 4356 2645 4430 suspicari
2665 4367 2842 4429 potest
2860 4358 3220 4430 immaculata:
3238 4356 3453 4411 titulum

1871 4431 1984 4484 illic
2007 4427 2358 4500 expressum.
2391 4427 2965 4500 hic'prattermissum,
2992 4427 3198 4494 absque
3239 4437 3456 4500 maturo

1869 4499 2106 4554 consilio
2132 4513 2186 4554 et
2221 4501 2485 4569 singulari
2517 4499 2708 4570 aliquo
2738 4501 3020 4569 mysterio,
3052 4513 3173 4551 eum
3219 4512 3282 4549 ex
3315 4499 3454 4551 scri-

1870 4570 1975 4639 ptis
2006 4571 2250 4635 Patrum,
2283 4573 2374 4640 qui
2408 4573 2643 4627 concilio
2679 4571 3062 4640 interfuerunt.
3095 4576 3335 4640 constet_
3361 4585 3452 4621 ca-

1875 4637 2045 4694 nones
2088 4652 2144 4695 et
2175 4637 2392 4696 decreta
2439 4657 2469 4695 a
2505 4640 2854 4710 peritissimis
2899 4638 3173 4710 deputatis
3208 4637 3452 4692 coniecta

1875 4713 1927 4765 in
1959 4712 2479 4780 congregationibus
2507 4709 2650 4778 ’Iegi.
2681 4721 2735 4764 et
2767 4711 2903 4762 adeo
2937 4709 3187 4780 districto
3208 4710 3452 4780 examini

1876 4777 2093 4848 subjici,
2127 4777 2188 4835 ut
2231 4783 2303 4836 ob
2350 4783 2512 4835 unius
2542 4781 2714 4843 vocis,
2757 4781 2866 4834 imo
2919 4777 3452 4843 apicis.col|ocatio-

1874 4868 1998 4905 nem
2053 4867 2196 4920 saepe
2242 4853 2306 4906 ad
2361 4853 2743 4920 deputatorum
2787 4851 3051 4904 incudem
3109 4858 3451 4920 revocentur,

1873 4921 2045 4974 donec
2075 4918 2356 4976 communi
2391 4918 2603 4990 judicio
2649 4920 2867 4989 probari
2907 4928 3238 4990 mereantur.
3276 4918 3452 4984 Quam

1872 4992 2228 5056 diligentiam,
2280 4993 2325 5045 si
2365 4989 2606 5060 unquam
2649 4991 2805 5054 alias,
2846 4991 2898 5043 in
2940 4991 3173 5042 articulo
3212 4989 3280 5041 de
3322 5005 3444 5042 con-

1873 5062 2121 5132 ceptione
2155 5060 2395 5132 Virginis
2417 5061 2848 5131 exquisitissime
2882 5059 3182 5112 adhibitam
3218 5073 3448 5132 necesse

1871 5130 1952 5186 est
2017 5131 2217 5198 fateri,
2261 5130 2653 5186 'controversia
2709 5133 2920 5197 vigente
2976 5141 3028 5181 et
3091 5130 3452 5196 praesentibus

1874 5204 2162 5271 utriusque
2215 5203 2488 5272 opinionis
2537 5200 2944 5254 defensoribus.
2997 5199 3053 5252 Si
3095 5215 3224 5267 ergo
3262 5199 3451 5252 titulus

1873 5273 2234 5326 immaculata:
2293 5290 2353 5326 ex
2409 5288 2601 5339 magna
2648 5272 2835 5340 aliqua
2887 5285 3051 5324 causa
3093 5274 3333 5322 tributus
3371 5277 3453 5321 est

1874 5341 2104 5410 Virgini,
2138 5358 2261 5396 cum
2312 5343 2487 5397 solum
2536 5343 2924 5395 declarabatur
2957 5341 3009 5392 in
3069 5341 3253 5408 regula
3287 5354 3452 5406 gene-

1871 5413 1972 5466 rali
2005 5414 2072 5466 de
2124 5415 2326 5481 peccati
2375 5412 2661 5480 originalis
2694 5411 3071 5466 contractione
3109 5425 3215 5462 non
3266 5423 3454 5462 net-es-

1872 5483 2018 5536 sario
2069 5484 2458 5552 comprehendi
2499 5500 2512 5535 :
2552 5493 2606 5537 et
2658 5481 3084 5552 praetermissus.
3147 5494 3272 5532 cum
3329 5489 3450 5552 tati-

1870 5568 2034 5622 quam
2065 5550 2270 5608 certum
2307 5551 2566 5608 Ecclesia:
2593 5550 2788 5622 dogma
2832 5551 3175 5605 statuebatur
3199 5550 3452 5622 omnibus

1869 5617 2174 5677 venialibus
2221 5625 2469 5677 caruisse
2520 5641 2531 5676 :
2571 5617 2693 5676 aut'
2722 5627 2834 5675 hrc
2883 5636 3055 5674 causa
3113 5617 3444 5687 assignanda

1870 5702 1972 5755 est,
2016 5695 2095 5748 vel
2125 5693 2534 5748 concedendum
2576 5709 2758 5748 veram
2794 5708 2918 5746 esse
2964 5706 3186 5744 causam
3232 5686 3260 5741 a
3293 5686 3446 5740 nobis

1871 5766 2161 5832 prolatam.
2189 5764 2397 5819 scilicet
2428 5779 2522 5833 per
2559 5764 2772 5816 titulum
2814 5762 3175 5833 immaculata:
3205 5759 3444 5833 additum

1874 5829 2080 5903 Virgini
2105 5836 2334 5902 exprimi
2362 5829 2445 5902 (ut
2475 5849 2574 5905 ego
2609 5834 2866 5903 arbitror)
2895 5833 3014 5903 ejus
3043 5829 3447 5887 immaculatam

1871 5907 2306 5976 conceptionem.
