  <div class='ocr_page' id='page_1' title='image "/cluster/home/n/w/nwhite01/storage/ocr_20150623/105/nnc1.0046980105/566.png"; bbox 0 0 4166 6458; ppageno 0'>
   <div class='ocr_carea' id='block_1_1' title="bbox 203 436 340 507">
    <p class='ocr_par' dir='ltr' id='par_1_1' title="bbox 203 436 340 507">
     <span class='ocr_line' id='line_1_1' title="bbox 203 436 340 507; baseline -0.007 0"><span class='ocrx_word' id='word_1_1' title='bbox 203 436 340 507; x_wconf 81' lang='grc'><strong>111³1</strong></span> 
     </span>
    </p>
   </div>
   <div class='ocr_carea' id='block_1_2' title="bbox 1645 453 2007 520">
    <p class='ocr_par' dir='ltr' id='par_1_2' title="bbox 1645 453 2007 520">
     <span class='ocr_line' id='line_1_2' title="bbox 1645 453 2007 520; baseline 0.022 -8"><span class='ocrx_word' id='word_1_2' title='bbox 1645 453 2007 520; x_wconf 79' lang='lat' dir='ltr'><strong>MARIALE.</strong></span> 
     </span>
    </p>
   </div>
   <div class='ocr_carea' id='block_1_3' title="bbox 3297 475 3438 541">
    <p class='ocr_par' dir='ltr' id='par_1_3' title="bbox 3297 475 3438 541">
     <span class='ocr_line' id='line_1_3' title="bbox 3297 475 3438 541; baseline -0.035 0"><span class='ocrx_word' id='word_1_3' title='bbox 3297 475 3438 541; x_wconf 88' lang='lat'><strong>1118</strong></span> 
     </span>
    </p>
   </div>
   <div class='ocr_carea' id='block_1_4' title="bbox 270 553 1753 647">
    <p class='ocr_par' dir='ltr' id='par_1_4' title="bbox 270 553 1753 647">
     <span class='ocr_line' id='line_1_4' title="bbox 270 553 1753 647; baseline 0.009 -39"><span class='ocrx_word' id='word_1_4' title='bbox 270 553 481 647; x_wconf 64' lang='grc' dir='ltr'>Νοητδν</span> <span class='ocrx_word' id='word_1_5' title='bbox 505 554 818 629; x_wconf 79' lang='grc' dir='ltr'>ίλαστήριον</span> <span class='ocrx_word' id='word_1_6' title='bbox 837 557 1109 629; x_wconf 81' lang='grc' dir='ltr'><strong>πέφυκας,</strong></span> <span class='ocrx_word' id='word_1_7' title='bbox 1146 562 1245 626; x_wconf 70' lang='grc' dir='ltr'><strong>τὰς</strong></span> <span class='ocrx_word' id='word_1_8' title='bbox 1273 563 1528 619; x_wconf 76' lang='grc' dir='ltr'>ἁπάντων</span> <span class='ocrx_word' id='word_1_9' title='bbox 1549 566 1753 638; x_wconf 81' lang='grc' dir='ltr'>δεήσεις</span> 
     </span>
    </p>
   </div>
   <div class='ocr_carea' id='block_1_5' title="bbox 1856 553 3443 647">
    <p class='ocr_par' dir='ltr' id='par_1_5' title="bbox 1936 571 3443 647">
     <span class='ocr_line' id='line_1_5' title="bbox 1936 571 3443 647; baseline 0.009 -20"><span class='ocrx_word' id='word_1_10' title='bbox 1936 571 2194 643; x_wconf 88' lang='lat' dir='ltr'><strong>Spiritale</strong></span> <span class='ocrx_word' id='word_1_11' title='bbox 2246 577 2682 646; x_wconf 88' lang='lat' dir='ltr'><strong>propitiatorium</strong></span> <span class='ocrx_word' id='word_1_12' title='bbox 2742 581 2883 637; x_wconf 68' lang='lat' dir='ltr'><strong>facta</strong></span> <span class='ocrx_word' id='word_1_13' title='bbox 2939 597 3020 647; x_wconf 87' lang='lat' dir='ltr'><strong>es,</strong></span> <span class='ocrx_word' id='word_1_14' title='bbox 3072 598 3101 637; x_wconf 87' lang='lat' dir='ltr'><strong>a</strong></span> <span class='ocrx_word' id='word_1_15' title='bbox 3158 598 3264 646; x_wconf 77' lang='grc' dir='ltr'>(ιιιο</span> <span class='ocrx_word' id='word_1_16' title='bbox 3321 604 3443 640; x_wconf 85' lang='lat' dir='ltr'><strong>om-</strong></span> 
     </span>
    </p>
   </div>
   <div class='ocr_carea' id='block_1_6' title="bbox 195 645 1766 728">
    <p class='ocr_par' dir='ltr' id='par_1_6' title="bbox 195 645 1766 728">
     <span class='ocr_line' id='line_1_6' title="bbox 195 645 1766 728; baseline 0.01 -31"><span class='ocrx_word' id='word_1_17' title='bbox 195 645 511 714; x_wconf 77' lang='grc' dir='ltr'><strong>δεχόμενον,</strong></span> <span class='ocrx_word' id='word_1_18' title='bbox 540 647 637 699; x_wconf 80' lang='grc' dir='ltr'><strong>καὶ</strong></span> <span class='ocrx_word' id='word_1_19' title='bbox 658 647 735 716; x_wconf 82' lang='grc' dir='ltr'><strong>τῷ</strong></span> <span class='ocrx_word' id='word_1_20' title='bbox 764 646 876 718; x_wconf 79' lang='grc' dir='ltr'>Υίῷ</span> <span class='ocrx_word' id='word_1_21' title='bbox 904 666 1023 713; x_wconf 87' lang='grc' dir='ltr'>σου,</span> <span class='ocrx_word' id='word_1_22' title='bbox 1052 652 1316 720; x_wconf 79' lang='grc' dir='ltr'>πάναγνε,</span> <span class='ocrx_word' id='word_1_23' title='bbox 1341 657 1635 728; x_wconf 76' lang='grc' dir='ltr'><strong>ἀναφέρεις</strong></span> <span class='ocrx_word' id='word_1_24' title='bbox 1686 659 1766 721; x_wconf 81' lang='grc' dir='ltr'>εἰς</span> 
     </span>
    </p>
   </div>
   <div class='ocr_carea' id='block_1_7' title="bbox 198 735 1767 818">
    <p class='ocr_par' dir='ltr' id='par_1_7' title="bbox 198 735 1767 818">
     <span class='ocr_line' id='line_1_7' title="bbox 198 735 1767 818; baseline 0.009 -31"><span class='ocrx_word' id='word_1_25' title='bbox 198 735 392 805; x_wconf 79' lang='grc' dir='ltr'><strong>λύτρον</strong></span> <span class='ocrx_word' id='word_1_26' title='bbox 417 735 525 791; x_wconf 89' lang='grc' dir='ltr'><strong>τῶν</strong></span> <span class='ocrx_word' id='word_1_27' title='bbox 555 738 942 809; x_wconf 80' lang='grc' dir='ltr'><strong>μελῳδούντων</strong></span> <span class='ocrx_word' id='word_1_28' title='bbox 966 758 981 775; x_wconf 80' lang='grc' dir='ltr'><strong><em>ο</em></strong></span> <span class='ocrx_word' id='word_1_29' title='bbox 1015 742 1326 813; x_wconf 78' lang='grc' dir='ltr'>Εὐλογεττε,</span> <span class='ocrx_word' id='word_1_30' title='bbox 1373 747 1443 799; x_wconf 78' lang='grc' dir='ltr'>τὰ</span> <span class='ocrx_word' id='word_1_31' title='bbox 1478 748 1637 818; x_wconf 73' lang='grc' dir='ltr'>ἔργα,</span> <span class='ocrx_word' id='word_1_32' title='bbox 1674 748 1767 802; x_wconf 78' lang='grc' dir='ltr'><strong>τὸν</strong></span> 
     </span>
    </p>
   </div>
   <div class='ocr_carea' id='block_1_8' title="bbox 200 826 429 894">
    <p class='ocr_par' dir='ltr' id='par_1_8' title="bbox 200 826 429 894">
     <span class='ocr_line' id='line_1_8' title="bbox 200 826 429 894; baseline 0.013 -16"><span class='ocrx_word' id='word_1_33' title='bbox 200 826 429 894; x_wconf 75' lang='grc' dir='ltr'>Κύριον.</span> 
     </span>
    </p>
   </div>
   <div class='ocr_carea' id='block_1_9' title="bbox 272 918 1765 1000">
    <p class='ocr_par' dir='ltr' id='par_1_9' title="bbox 272 918 1765 1000">
     <span class='ocr_line' id='line_1_9' title="bbox 272 918 1765 1000; baseline 0.01 -31"><span class='ocrx_word' id='word_1_34' title='bbox 272 918 463 989; x_wconf 65' lang='grc' dir='ltr'>Φωνήν</span> <span class='ocrx_word' id='word_1_35' title='bbox 493 936 578 971; x_wconf 91' lang='grc' dir='ltr'><strong>σοι</strong></span> <span class='ocrx_word' id='word_1_36' title='bbox 622 922 802 976; x_wconf 74' lang='grc' dir='ltr'>πιστοὶ</span> <span class='ocrx_word' id='word_1_37' title='bbox 849 924 1165 995; x_wconf 83' lang='grc' dir='ltr'>περιχαρῶς</span> <span class='ocrx_word' id='word_1_38' title='bbox 1228 927 1610 1000; x_wconf 74' lang='grc' dir='ltr'><strong>προσφέρομεν</strong></span> <span class='ocrx_word' id='word_1_39' title='bbox 1670 930 1765 983; x_wconf 76' lang='grc' dir='ltr'>τοῦ</span> 
     </span>
    </p>
   </div>
   <div class='ocr_carea' id='block_1_10' title="bbox 198 1007 1763 1090">
    <p class='ocr_par' dir='ltr' id='par_1_10' title="bbox 198 1007 1763 1090">
     <span class='ocr_line' id='line_1_10' title="bbox 198 1007 1763 1090; baseline 0.011 -33"><span class='ocrx_word' id='word_1_40' title='bbox 198 1007 458 1073; x_wconf 75' lang='grc' dir='ltr'><strong>ἀγγέλου,</strong></span> <span class='ocrx_word' id='word_1_41' title='bbox 492 1008 898 1081; x_wconf 77' lang='grc' dir='ltr'>Θεονύμφευτεο</span> <span class='ocrx_word' id='word_1_42' title='bbox 938 1013 1132 1083; x_wconf 81' lang='grc' dir='ltr'>Χαῖρε,</span> <span class='ocrx_word' id='word_1_43' title='bbox 1160 1015 1384 1086; x_wconf 73' lang='grc' dir='ltr'>βοήθεια</span> <span class='ocrx_word' id='word_1_44' title='bbox 1442 1020 1763 1090; x_wconf 80' lang='grc' dir='ltr'>ἀνθρώπων,</span> 
     </span>
    </p>
   </div>
   <div class='ocr_carea' id='block_1_11' title="bbox 200 1095 1766 1174">
    <p class='ocr_par' dir='ltr' id='par_1_11' title="bbox 200 1095 1766 1174">
     <span class='ocr_line' id='line_1_11' title="bbox 200 1095 1766 1174; baseline 0.011 -29"><span class='ocrx_word' id='word_1_45' title='bbox 200 1095 518 1165; x_wconf 88' lang='grc' dir='ltr'>μαρτύρων,</span> <span class='ocrx_word' id='word_1_46' title='bbox 588 1100 904 1155; x_wconf 79' lang='grc' dir='ltr'><strong>ἀποστόλων</strong></span> <span class='ocrx_word' id='word_1_47' title='bbox 965 1108 1323 1174; x_wconf 84' lang='grc' dir='ltr'>κραταίωμα,</span> <span class='ocrx_word' id='word_1_48' title='bbox 1389 1111 1488 1161; x_wconf 76' lang='grc' dir='ltr'><strong>καὶ</strong></span> <span class='ocrx_word' id='word_1_49' title='bbox 1547 1112 1766 1165; x_wconf 81' lang='grc' dir='ltr'>πάντων</span> 
     </span>
    </p>
   </div>
   <div class='ocr_carea' id='block_1_12' title="bbox 198 1187 1693 1273">
    <p class='ocr_par' dir='ltr' id='par_1_12' title="bbox 198 1187 1693 1273">
     <span class='ocr_line' id='line_1_12' title="bbox 198 1187 1693 1273; baseline 0.012 -36"><span class='ocrx_word' id='word_1_50' title='bbox 198 1187 497 1258; x_wconf 76' lang='grc' dir='ltr'><strong>προφητῶν</strong></span> <span class='ocrx_word' id='word_1_51' title='bbox 523 1191 866 1263; x_wconf 82' lang='grc' dir='ltr'>περιήχημα,</span> <span class='ocrx_word' id='word_1_52' title='bbox 896 1194 1272 1267; x_wconf 79' lang='grc' dir='ltr'>Θεογεννῆτορ</span> <span class='ocrx_word' id='word_1_53' title='bbox 1296 1201 1693 1273; x_wconf 84' lang='grc' dir='ltr'>παναμὼμητε.</span> 
     </span>
    </p>
   </div>
   <div class='ocr_carea' id='block_1_13' title="bbox 209 1351 1765 1434">
    <p class='ocr_par' dir='ltr' id='par_1_13' title="bbox 209 1351 1765 1434">
     <span class='ocr_line' id='line_1_13' title="bbox 209 1351 1765 1434; baseline 0.01 -27"><span class='ocrx_word' id='word_1_54' title='bbox 209 1351 315 1407; x_wconf 76' lang='grc' dir='ltr'><strong>Ἐκ</strong></span> <span class='ocrx_word' id='word_1_55' title='bbox 340 1353 447 1409; x_wconf 83' lang='grc' dir='ltr'><strong>τοῦ</strong></span> <span class='ocrx_word' id='word_1_56' title='bbox 462 1357 847 1434; x_wconf 30' lang='grc' dir='ltr'>Κανόνος-είς</span> <span class='ocrx_word' id='word_1_57' title='bbox 890 1361 999 1434; x_wconf 64' lang='grc' dir='ltr'><strong>τὸν</strong></span> <span class='ocrx_word' id='word_1_58' title='bbox 1024 1360 1482 1434; x_wconf 53' lang='lat' dir='ltr'><strong>cirros-ptimum</strong></span> <span class='ocrx_word' id='word_1_59' title='bbox 1539 1370 1765 1422; x_wconf 73' lang='grc' dir='ltr'>Θαλλε-</span> 
     </span>
    </p>
   </div>
   <div class='ocr_carea' id='block_1_14' title="bbox 720 1428 1235 1499">
    <p class='ocr_par' dir='ltr' id='par_1_14' title="bbox 720 1428 1235 1499">
     <span class='ocr_line' id='line_1_14' title="bbox 720 1428 1235 1499; baseline 0.01 -18"><span class='ocrx_word' id='word_1_60' title='bbox 720 1428 917 1493; x_wconf 66' lang='grc' dir='ltr'>λαῖον,</span> <span class='ocrx_word' id='word_1_61' title='bbox 939 1428 1129 1499; x_wconf 75' lang='grc' dir='ltr'><strong>ἡμέρᾳ</strong></span> <span class='ocrx_word' id='word_1_62' title='bbox 1166 1428 1235 1487; x_wconf 65' lang='grc' dir='ltr'><strong>κ’.</strong></span> 
     </span>
    </p>
   </div>
   <div class='ocr_carea' id='block_1_15' title="bbox 267 1533 1760 1620">
    <p class='ocr_par' dir='ltr' id='par_1_15' title="bbox 267 1533 1760 1620">
     <span class='ocr_line' id='line_1_15' title="bbox 267 1533 1760 1620; baseline 0.014 -36"><span class='ocrx_word' id='word_1_63' title='bbox 267 1533 574 1604; x_wconf 71' lang='grc' dir='ltr'>Κυριοτόκε</span> <span class='ocrx_word' id='word_1_64' title='bbox 631 1537 894 1609; x_wconf 79' lang='grc' dir='ltr'>Παρθένε,</span> <span class='ocrx_word' id='word_1_65' title='bbox 938 1541 1048 1594; x_wconf 88' lang='grc' dir='ltr'><strong>τῶν</strong></span> <span class='ocrx_word' id='word_1_66' title='bbox 1094 1544 1335 1598; x_wconf 76' lang='grc' dir='ltr'>εὐσεϐῶν</span> <span class='ocrx_word' id='word_1_67' title='bbox 1390 1546 1670 1619; x_wconf 85' lang='grc' dir='ltr'>καύχημα,</span> <span class='ocrx_word' id='word_1_68' title='bbox 1728 1554 1760 1620; x_wconf 89' lang='grc' dir='ltr'>ή</span> 
     </span>
    </p>
   </div>
   <div class='ocr_carea' id='block_1_16' title="bbox 194 1624 1757 1713">
    <p class='ocr_par' dir='ltr' id='par_1_16' title="bbox 194 1624 1757 1713">
     <span class='ocr_line' id='line_1_16' title="bbox 194 1624 1757 1713; baseline 0.013 -36"><span class='ocrx_word' id='word_1_69' title='bbox 194 1624 303 1678; x_wconf 88' lang='grc' dir='ltr'><strong>τῶν</strong></span> <span class='ocrx_word' id='word_1_70' title='bbox 330 1625 580 1695; x_wconf 72' lang='grc' dir='ltr'>ἀγγέλων</span> <span class='ocrx_word' id='word_1_71' title='bbox 627 1632 902 1703; x_wconf 76' lang='grc' dir='ltr'>χαρμονὴ,</span> <span class='ocrx_word' id='word_1_72' title='bbox 957 1635 1302 1705; x_wconf 84' lang='grc' dir='ltr'><strong>Χριστιανῶν</strong></span> <span class='ocrx_word' id='word_1_73' title='bbox 1352 1640 1415 1692; x_wconf 85' lang='grc' dir='ltr'>τὸ</span> <span class='ocrx_word' id='word_1_74' title='bbox 1454 1642 1757 1713; x_wconf 76' lang='grc' dir='ltr'>διὰσωσμα,</span> 
     </span>
    </p>
   </div>
   <div class='ocr_carea' id='block_1_17' title="bbox 192 1718 1759 1803">
    <p class='ocr_par' dir='ltr' id='par_1_17' title="bbox 192 1718 1759 1803">
     <span class='ocr_line' id='line_1_17' title="bbox 192 1718 1759 1803; baseline 0.012 -34"><span class='ocrx_word' id='word_1_75' title='bbox 192 1718 618 1787; x_wconf 79' lang='grc' dir='ltr'><strong>ἁμαρτανόντων</strong></span> <span class='ocrx_word' id='word_1_76' title='bbox 643 1722 933 1796; x_wconf 73' lang='grc' dir='ltr'>ἑξίλασμα,</span> <span class='ocrx_word' id='word_1_77' title='bbox 970 1728 1188 1798; x_wconf 79' lang='grc' dir='ltr'>γέφυρα</span> <span class='ocrx_word' id='word_1_78' title='bbox 1217 1731 1280 1781; x_wconf 81' lang='grc' dir='ltr'><strong>ὲκ</strong></span> <span class='ocrx_word' id='word_1_79' title='bbox 1315 1732 1417 1802; x_wconf 80' lang='grc' dir='ltr'>γῆς</span> <span class='ocrx_word' id='word_1_80' title='bbox 1449 1735 1759 1803; x_wconf 71' lang='grc' dir='ltr'>μετάγουσα</span> 
     </span>
    </p>
   </div>
   <div class='ocr_carea' id='block_1_18' title="bbox 188 1811 1499 1888">
    <p class='ocr_par' dir='ltr' id='par_1_18' title="bbox 188 1811 1499 1888">
     <span class='ocr_line' id='line_1_18' title="bbox 188 1811 1499 1888; baseline 0.014 -26"><span class='ocrx_word' id='word_1_81' title='bbox 188 1811 316 1873; x_wconf 77' lang='grc' dir='ltr'>τοὺς</span> <span class='ocrx_word' id='word_1_82' title='bbox 334 1815 558 1876; x_wconf 78' lang='grc' dir='ltr'>πιστοὺς</span> <span class='ocrx_word' id='word_1_83' title='bbox 586 1816 666 1879; x_wconf 88' lang='grc' dir='ltr'><strong>είς</strong></span> <span class='ocrx_word' id='word_1_84' title='bbox 697 1817 942 1887; x_wconf 79' lang='grc' dir='ltr'>οὐρανὸν,</span> <span class='ocrx_word' id='word_1_85' title='bbox 977 1820 1116 1886; x_wconf 74' lang='grc' dir='ltr'>σῶζε</span> <span class='ocrx_word' id='word_1_86' title='bbox 1134 1823 1351 1888; x_wconf 77' lang='grc' dir='ltr'><strong>δούλους</strong></span> <span class='ocrx_word' id='word_1_87' title='bbox 1384 1843 1499 1880; x_wconf 90' lang='grc' dir='ltr'>σου.</span> 
     </span>
    </p>
   </div>
   <div class='ocr_carea' id='block_1_19' title="bbox 1872 664 3441 741">
    <p class='ocr_par' dir='ltr' id='par_1_19' title="bbox 1872 664 3441 741">
     <span class='ocr_line' id='line_1_19' title="bbox 1872 664 3441 741; baseline 0.01 -24"><span class='ocrx_word' id='word_1_88' title='bbox 1872 664 2021 720; x_wconf 86' lang='lat' dir='ltr'><strong>nium</strong></span> <span class='ocrx_word' id='word_1_89' title='bbox 2055 682 2244 737; x_wconf 84' lang='lat' dir='ltr'><strong>preces</strong></span> <span class='ocrx_word' id='word_1_90' title='bbox 2272 670 2671 740; x_wconf 88' lang='lat' dir='ltr'><strong>suscipiuntur,</strong></span> <span class='ocrx_word' id='word_1_91' title='bbox 2704 690 2840 741; x_wconf 83' lang='lat' dir='ltr'><strong>quas</strong></span> <span class='ocrx_word' id='word_1_92' title='bbox 2893 674 3007 728; x_wconf 85' lang='lat' dir='ltr'><strong>lilio</strong></span> <span class='ocrx_word' id='word_1_93' title='bbox 3035 684 3131 727; x_wconf 89' lang='lat' dir='ltr'><strong>tuo</strong></span> <span class='ocrx_word' id='word_1_94' title='bbox 3184 676 3367 739; x_wconf 76' lang='lat' dir='ltr'><strong>oll‘ers.</strong></span> <span class='ocrx_word' id='word_1_95' title='bbox 3408 695 3441 733; x_wconf 91' lang='grc' dir='ltr'><strong>ο</strong></span> 
     </span>
    </p>
   </div>
   <div class='ocr_carea' id='block_1_20' title="bbox 1870 758 3444 835">
    <p class='ocr_par' dir='ltr' id='par_1_20' title="bbox 1870 758 3444 835">
     <span class='ocr_line' id='line_1_20' title="bbox 1870 758 3444 835; baseline 0.006 -25"><span class='ocrx_word' id='word_1_96' title='bbox 1870 758 2200 823; x_wconf 73' lang='lat' dir='ltr'><strong>castissima,</strong></span> <span class='ocrx_word' id='word_1_97' title='bbox 2226 758 2280 812; x_wconf 90' lang='lat' dir='ltr'><strong>in</strong></span> <span class='ocrx_word' id='word_1_98' title='bbox 2300 762 2533 828; x_wconf 76' lang='lat' dir='ltr'><strong>pretium</strong></span> <span class='ocrx_word' id='word_1_99' title='bbox 2562 763 2953 834; x_wconf 77' lang='lat' dir='ltr'><strong>redemptionis</strong></span> <span class='ocrx_word' id='word_1_100' title='bbox 2984 782 3174 821; x_wconf 83' lang='lat' dir='ltr'><strong>eorum</strong></span> <span class='ocrx_word' id='word_1_101' title='bbox 3200 768 3291 835; x_wconf 89' lang='lat' dir='ltr'><strong>qui</strong></span> <span class='ocrx_word' id='word_1_102' title='bbox 3315 784 3444 821; x_wconf 70' lang='lat' dir='ltr'><strong>sua-</strong></span> 
     </span>
    </p>
   </div>
   <div class='ocr_carea' id='block_1_21' title="bbox 1872 848 3184 925">
    <p class='ocr_par' dir='ltr' id='par_1_21' title="bbox 1872 848 3184 925">
     <span class='ocr_line' id='line_1_21' title="bbox 1872 848 3184 925; baseline 0.008 -25"><span class='ocrx_word' id='word_1_103' title='bbox 1872 848 2006 902; x_wconf 86' lang='lat' dir='ltr'><strong>viter</strong></span> <span class='ocrx_word' id='word_1_104' title='bbox 2031 862 2235 905; x_wconf 84' lang='lat' dir='ltr'><strong>canunt</strong></span> <span class='ocrx_word' id='word_1_105' title='bbox 2260 869 2275 907; x_wconf 91' lang='lat'><strong>:</strong></span> <span class='ocrx_word' id='word_1_106' title='bbox 2313 852 2635 920; x_wconf 71' lang='lat' dir='ltr'><strong>Beneilicite,</strong></span> <span class='ocrx_word' id='word_1_107' title='bbox 2657 871 2841 925; x_wconf 89' lang='lat' dir='ltr'><strong>opera,</strong></span> <span class='ocrx_word' id='word_1_108' title='bbox 2874 859 3184 911; x_wconf 84' lang='lat' dir='ltr'><strong>Dominum.</strong></span> 
     </span>
    </p>
   </div>
   <div class='ocr_carea' id='block_1_22' title="bbox 1944 939 3412 1015">
    <p class='ocr_par' dir='ltr' id='par_1_22' title="bbox 1944 939 3412 1015">
     <span class='ocr_line' id='line_1_22' title="bbox 1944 939 3412 1015; baseline 0.007 -21"><span class='ocrx_word' id='word_1_109' title='bbox 1944 939 2089 1003; x_wconf 84' lang='lat' dir='ltr'><strong>Tibi,</strong></span> <span class='ocrx_word' id='word_1_110' title='bbox 2113 956 2146 995; x_wconf 87' lang='grc' dir='ltr'><strong>ο</strong></span> <span class='ocrx_word' id='word_1_111' title='bbox 2172 941 2270 995; x_wconf 88' lang='lat' dir='ltr'><strong>Dei</strong></span> <span class='ocrx_word' id='word_1_112' title='bbox 2307 942 2541 1014; x_wconf 86' lang='lat' dir='ltr'><strong>Sponsa,</strong></span> <span class='ocrx_word' id='word_1_113' title='bbox 2574 964 2759 1001; x_wconf 82' lang='lat' dir='ltr'><strong>vocem</strong></span> <span class='ocrx_word' id='word_1_114' title='bbox 2782 950 2956 1015; x_wconf 77' lang='lat' dir='ltr'><strong>angeli</strong></span> <span class='ocrx_word' id='word_1_115' title='bbox 2986 966 3084 1004; x_wconf 89' lang='lat' dir='ltr'><strong>nos</strong></span> <span class='ocrx_word' id='word_1_116' title='bbox 3120 950 3305 1004; x_wconf 72' lang='lat' dir='ltr'><strong>ﬁdeles</strong></span> <span class='ocrx_word' id='word_1_117' title='bbox 3351 952 3412 1004; x_wconf 75' lang='lat' dir='ltr'><strong>lze</strong></span> 
     </span>
    </p>
   </div>
   <div class='ocr_carea' id='block_1_23' title="bbox 1868 1027 3398 1101">
    <p class='ocr_par' dir='ltr' id='par_1_23' title="bbox 1868 1027 3398 1101">
     <span class='ocr_line' id='line_1_23' title="bbox 1868 1027 3398 1101; baseline 0.005 -20"><span class='ocrx_word' id='word_1_118' title='bbox 1868 1027 2439 1087; x_wconf 69' lang='lat' dir='ltr'><strong>tabundioﬂerintus:</strong></span> <span class='ocrx_word' id='word_1_119' title='bbox 2492 1037 2624 1101; x_wconf 80' lang='lat' dir='ltr'><strong>Ave,</strong></span> <span class='ocrx_word' id='word_1_120' title='bbox 2692 1051 2725 1089; x_wconf 92' lang='grc' dir='ltr'>ο</span> <span class='ocrx_word' id='word_1_121' title='bbox 2786 1036 3068 1090; x_wconf 90' lang='lat' dir='ltr'><strong>hominum</strong></span> <span class='ocrx_word' id='word_1_122' title='bbox 3138 1037 3398 1090; x_wconf 64' lang='lat' dir='ltr'><strong>auxilium</strong></span> 
     </span>
    </p>
   </div>
   <div class='ocr_carea' id='block_1_24' title="bbox 1868 1128 3407 1198">
    <p class='ocr_par' dir='ltr' id='par_1_24' title="bbox 1868 1128 3407 1198">
     <span class='ocr_line' id='line_1_24' title="bbox 1868 1128 3407 1198; baseline 0.006 -26"><span class='ocrx_word' id='word_1_123' title='bbox 1868 1131 2167 1191; x_wconf 76' lang='lat' dir='ltr'><strong>martyrum</strong></span> <span class='ocrx_word' id='word_1_124' title='bbox 2226 1128 2675 1195; x_wconf 88' lang='lat' dir='ltr'><strong>etapostolorum</strong></span> <span class='ocrx_word' id='word_1_125' title='bbox 2710 1129 2897 1192; x_wconf 88' lang='lat' dir='ltr'><strong>robur,</strong></span> <span class='ocrx_word' id='word_1_126' title='bbox 2923 1130 3279 1196; x_wconf 83' lang='lat' dir='ltr'><strong>omniumque</strong></span> <span class='ocrx_word' id='word_1_127' title='bbox 3312 1144 3407 1198; x_wconf 84' lang='lat' dir='ltr'><strong>pro</strong></span> 
     </span>
    </p>
   </div>
   <div class='ocr_carea' id='block_1_25' title="bbox 1868 1212 3428 1281">
    <p class='ocr_par' dir='ltr' id='par_1_25' title="bbox 1868 1212 3428 1281">
     <span class='ocr_line' id='line_1_25' title="bbox 1868 1212 3428 1281; baseline 0.006 -16"><span class='ocrx_word' id='word_1_128' title='bbox 1868 1212 2154 1280; x_wconf 84' lang='lat' dir='ltr'><strong>plietarum</strong></span> <span class='ocrx_word' id='word_1_129' title='bbox 2216 1219 2515 1281; x_wconf 84' lang='lat' dir='ltr'><strong>resonatio,</strong></span> <span class='ocrx_word' id='word_1_130' title='bbox 2573 1219 2665 1272; x_wconf 86' lang='lat' dir='ltr'><strong>Dei</strong></span> <span class='ocrx_word' id='word_1_131' title='bbox 2724 1220 2970 1274; x_wconf 80' lang='lat' dir='ltr'><strong>Geuitrix</strong></span> <span class='ocrx_word' id='word_1_132' title='bbox 3037 1221 3428 1274; x_wconf 65' lang='lat' dir='ltr'><strong>innuat-ululis-</strong></span> 
     </span>
    </p>
   </div>
   <div class='ocr_carea' id='block_1_26' title="bbox 1866 1316 2021 1355">
    <p class='ocr_par' dir='ltr' id='par_1_26' title="bbox 1866 1316 2021 1355">
     <span class='ocr_line' id='line_1_26' title="bbox 1866 1316 2021 1355; baseline -0.006 0"><span class='ocrx_word' id='word_1_133' title='bbox 1866 1316 2021 1355; x_wconf 70' lang='lat' dir='ltr'><strong>Slllla.</strong></span> 
     </span>
    </p>
   </div>
   <div class='ocr_carea' id='block_1_27' title="bbox 1868 1392 3436 1470">
    <p class='ocr_par' dir='ltr' id='par_1_27' title="bbox 1868 1392 3436 1470">
     <span class='ocr_line' id='line_1_27' title="bbox 1868 1392 3436 1470; baseline 0.004 -25"><span class='ocrx_word' id='word_1_134' title='bbox 1868 1393 2027 1463; x_wconf 68' lang='grc'><strong>114,</strong></span> <span class='ocrx_word' id='word_1_135' title='bbox 2078 1392 2161 1445; x_wconf 76' lang='lat' dir='ltr'><strong>Ea:</strong></span> <span class='ocrx_word' id='word_1_136' title='bbox 2210 1392 2422 1449; x_wconf 77' lang='lat' dir='ltr'><strong>Conone</strong></span> <span class='ocrx_word' id='word_1_137' title='bbox 2468 1396 2522 1448; x_wconf 82' lang='lat' dir='ltr'><strong>in</strong></span> <span class='ocrx_word' id='word_1_138' title='bbox 2556 1397 2798 1470; x_wconf 32' lang='lat' dir='ltr'><strong>“festos.</strong></span> <span class='ocrx_word' id='word_1_139' title='bbox 2844 1399 3111 1453; x_wconf 72' lang='lat' dir='ltr'><strong>Thallelm’</strong></span> <span class='ocrx_word' id='word_1_140' title='bbox 3160 1400 3436 1470; x_wconf 77' lang='lat' dir='ltr'><strong>martyris,</strong></span> 
     </span>
    </p>
   </div>
   <div class='ocr_carea' id='block_1_28' title="bbox 2026 1466 2755 1539">
    <p class='ocr_par' dir='ltr' id='par_1_28' title="bbox 2026 1466 2755 1539">
     <span class='ocr_line' id='line_1_28' title="bbox 2026 1466 2755 1539; baseline 0.014 -29"><span class='ocrx_word' id='word_1_141' title='bbox 2026 1535 2033 1539; x_wconf 28' lang='lat'><em>.</em></span> <span class='ocrx_word' id='word_1_142' title='bbox 2530 1466 2615 1518; x_wconf 83' lang='lat' dir='ltr'><strong>die</strong></span> <span class='ocrx_word' id='word_1_143' title='bbox 2663 1467 2755 1520; x_wconf 69' lang='grc'>20.</span> 
     </span>
    </p>
   </div>
   <div class='ocr_carea' id='block_1_29' title="bbox 1935 1575 3434 1650">
    <p class='ocr_par' dir='ltr' id='par_1_29' title="bbox 1935 1575 3434 1650">
     <span class='ocr_line' id='line_1_29' title="bbox 1935 1575 3434 1650; baseline 0.004 -21"><span class='ocrx_word' id='word_1_144' title='bbox 1935 1575 2286 1647; x_wconf 84' lang='lat' dir='ltr'><strong>Dominipara</strong></span> <span class='ocrx_word' id='word_1_145' title='bbox 2311 1577 2499 1649; x_wconf 77' lang='lat' dir='ltr'><strong>Virgo,</strong></span> <span class='ocrx_word' id='word_1_146' title='bbox 2539 1580 2753 1649; x_wconf 90' lang='lat' dir='ltr'><strong>piorum</strong></span> <span class='ocrx_word' id='word_1_147' title='bbox 2785 1582 3061 1650; x_wconf 75' lang='lat' dir='ltr'><strong>gloriatio,</strong></span> <span class='ocrx_word' id='word_1_148' title='bbox 3121 1583 3434 1649; x_wconf 74' lang='lat' dir='ltr'><strong>angelorum</strong></span> 
     </span>
    </p>
   </div>
   <div class='ocr_carea' id='block_1_30' title="bbox 1862 1667 3434 1741">
    <p class='ocr_par' dir='ltr' id='par_1_30' title="bbox 1862 1667 3434 1741">
     <span class='ocr_line' id='line_1_30' title="bbox 1862 1667 3434 1741; baseline 0.003 -20"><span class='ocrx_word' id='word_1_149' title='bbox 1862 1667 2602 1736; x_wconf 76' lang='lat' dir='ltr'><strong>gaudium,Christianorum</strong></span> <span class='ocrx_word' id='word_1_150' title='bbox 2629 1673 2800 1736; x_wconf 86' lang='lat' dir='ltr'><strong>salus,</strong></span> <span class='ocrx_word' id='word_1_151' title='bbox 2838 1674 3181 1741; x_wconf 92' lang='lat' dir='ltr'><strong>peccantium</strong></span> <span class='ocrx_word' id='word_1_152' title='bbox 3242 1674 3434 1741; x_wconf 79' lang='lat' dir='ltr'><strong>expia-</strong></span> 
     </span>
    </p>
   </div>
   <div class='ocr_carea' id='block_1_31' title="bbox 1863 1758 3437 1828">
    <p class='ocr_par' dir='ltr' id='par_1_31' title="bbox 1863 1758 3437 1828">
     <span class='ocr_line' id='line_1_31' title="bbox 1863 1758 3437 1828; baseline 0.005 -17"><span class='ocrx_word' id='word_1_153' title='bbox 1863 1758 1958 1821; x_wconf 91' lang='lat' dir='ltr'><strong>tio,</strong></span> <span class='ocrx_word' id='word_1_154' title='bbox 1990 1775 2129 1828; x_wconf 91' lang='lat' dir='ltr'><strong>pons</strong></span> <span class='ocrx_word' id='word_1_155' title='bbox 2149 1778 2179 1816; x_wconf 88' lang='lat' dir='ltr'><strong>e</strong></span> <span class='ocrx_word' id='word_1_156' title='bbox 2205 1770 2347 1817; x_wconf 88' lang='lat' dir='ltr'><strong>terra</strong></span> <span class='ocrx_word' id='word_1_157' title='bbox 2390 1763 2729 1818; x_wconf 84' lang='lat' dir='ltr'><strong>transferens</strong></span> <span class='ocrx_word' id='word_1_158' title='bbox 2760 1764 2947 1819; x_wconf 79' lang='lat' dir='ltr'><strong>ﬁdeles</strong></span> <span class='ocrx_word' id='word_1_159' title='bbox 2976 1765 3028 1817; x_wconf 92' lang='lat' dir='ltr'><strong>in</strong></span> <span class='ocrx_word' id='word_1_160' title='bbox 3053 1765 3276 1827; x_wconf 77' lang='lat' dir='ltr'><strong>coelum,</strong></span> <span class='ocrx_word' id='word_1_161' title='bbox 3328 1765 3437 1819; x_wconf 88' lang='lat' dir='ltr'><strong>sal-</strong></span> 
     </span>
    </p>
   </div>
   <div class='ocr_carea' id='block_1_32' title="bbox 1862 1850 2467 1909">
    <p class='ocr_par' dir='ltr' id='par_1_32' title="bbox 1862 1850 2467 1909">
     <span class='ocr_line' id='line_1_32' title="bbox 1862 1850 2467 1909; baseline 0.01 -7"><span class='ocrx_word' id='word_1_162' title='bbox 1862 1864 1960 1904; x_wconf 85' lang='lat' dir='ltr'><strong>vos</strong></span> <span class='ocrx_word' id='word_1_163' title='bbox 1988 1850 2074 1906; x_wconf 78' lang='lat' dir='ltr'><strong>fac</strong></span> <span class='ocrx_word' id='word_1_164' title='bbox 2106 1868 2291 1909; x_wconf 86' lang='lat' dir='ltr'><strong>servos</strong></span> <span class='ocrx_word' id='word_1_165' title='bbox 2323 1864 2467 1908; x_wconf 91' lang='lat' dir='ltr'><strong>tuos.</strong></span> 
     </span>
    </p>
   </div>
   <div class='ocr_carea' id='block_1_33' title="bbox 258 1900 1753 2017">
    <p class='ocr_par' dir='ltr' id='par_1_33' title="bbox 258 1900 1753 1983">
     <span class='ocr_line' id='line_1_33' title="bbox 258 1900 1753 1983; baseline 0.012 -29"><span class='ocrx_word' id='word_1_166' title='bbox 258 1900 488 1972; x_wconf 81' lang='grc' dir='ltr'>Δάμψον</span> <span class='ocrx_word' id='word_1_167' title='bbox 522 1921 614 1975; x_wconf 90' lang='grc' dir='ltr'><strong>μοι</strong></span> <span class='ocrx_word' id='word_1_168' title='bbox 637 1907 771 1975; x_wconf 87' lang='grc' dir='ltr'>φῶς,</span> <span class='ocrx_word' id='word_1_169' title='bbox 807 1910 1071 1979; x_wconf 81' lang='grc' dir='ltr'>Παρθένε,</span> <span class='ocrx_word' id='word_1_170' title='bbox 1133 1917 1444 1983; x_wconf 85' lang='grc' dir='ltr'>μετανοίας’</span> <span class='ocrx_word' id='word_1_171' title='bbox 1482 1921 1543 1969; x_wconf 79' lang='grc' dir='ltr'><strong>ἑν</strong></span> <span class='ocrx_word' id='word_1_172' title='bbox 1578 1918 1753 1973; x_wconf 76' lang='grc' dir='ltr'>σκότει</span> 
     </span>
    </p>
   </div>
   <div class='ocr_carea' id='block_1_34' title="bbox 1856 1900 3439 2017">
    <p class='ocr_par' dir='ltr' id='par_1_34' title="bbox 1935 1943 3439 2017">
     <span class='ocr_line' id='line_1_34' title="bbox 1935 1943 3439 2017; baseline 0.002 -19"><span class='ocrx_word' id='word_1_173' title='bbox 1935 1943 2139 1998; x_wconf 84' lang='lat' dir='ltr'><strong>lrradia</strong></span> <span class='ocrx_word' id='word_1_174' title='bbox 2162 1960 2325 2013; x_wconf 81' lang='lat' dir='ltr'><strong>super</strong></span> <span class='ocrx_word' id='word_1_175' title='bbox 2354 1960 2459 2011; x_wconf 91' lang='lat' dir='ltr'><strong>me,</strong></span> <span class='ocrx_word' id='word_1_176' title='bbox 2484 1959 2518 1999; x_wconf 90' lang='grc' dir='ltr'><strong>ο</strong></span> <span class='ocrx_word' id='word_1_177' title='bbox 2564 1943 2749 2017; x_wconf 83' lang='lat' dir='ltr'><strong>Virgo,</strong></span> <span class='ocrx_word' id='word_1_178' title='bbox 2785 1946 2906 2001; x_wconf 90' lang='lat' dir='ltr'><strong>luce</strong></span> <span class='ocrx_word' id='word_1_179' title='bbox 2954 1950 3286 2016; x_wconf 62' lang='lat' dir='ltr'><strong>paenitentia:</strong></span> <span class='ocrx_word' id='word_1_180' title='bbox 3338 1952 3439 2013; x_wconf 31' lang='lat' dir='ltr'><strong>;in‘</strong></span> 
     </span>
    </p>
   </div>
   <div class='ocr_carea' id='block_1_35' title="bbox 187 1993 1764 2077">
    <p class='ocr_par' dir='ltr' id='par_1_35' title="bbox 187 1993 1764 2077">
     <span class='ocr_line' id='line_1_35' title="bbox 187 1993 1764 2077; baseline 0.011 -32"><span class='ocrx_word' id='word_1_181' title='bbox 187 1993 302 2064; x_wconf 75' lang='grc' dir='ltr'><strong>γὰρ</strong></span> <span class='ocrx_word' id='word_1_182' title='bbox 339 1996 674 2067; x_wconf 74' lang='grc' dir='ltr'>κατάκειμαι</span> <span class='ocrx_word' id='word_1_183' title='bbox 728 2003 827 2071; x_wconf 79' lang='grc' dir='ltr'>τῆς</span> <span class='ocrx_word' id='word_1_184' title='bbox 892 2003 1169 2075; x_wconf 71' lang='grc' dir='ltr'>ἁμαρτίας</span> <span class='ocrx_word' id='word_1_185' title='bbox 1214 2008 1620 2077; x_wconf 76' lang='grc' dir='ltr'>φρενοϐλαϐὧς,</span> <span class='ocrx_word' id='word_1_186' title='bbox 1672 2013 1764 2065; x_wconf 82' lang='grc' dir='ltr'><strong>καὶ</strong></span> 
     </span>
    </p>
   </div>
   <div class='ocr_carea' id='block_1_36' title="bbox 188 2084 1762 2167">
    <p class='ocr_par' dir='ltr' id='par_1_36' title="bbox 188 2084 1762 2167">
     <span class='ocr_line' id='line_1_36' title="bbox 188 2084 1762 2167; baseline 0.013 -32"><span class='ocrx_word' id='word_1_187' title='bbox 188 2084 474 2156; x_wconf 82' lang='grc' dir='ltr'>παράσχου</span> <span class='ocrx_word' id='word_1_188' title='bbox 499 2104 589 2157; x_wconf 87' lang='grc' dir='ltr'><strong>μοι</strong></span> <span class='ocrx_word' id='word_1_189' title='bbox 612 2088 714 2160; x_wconf 77' lang='grc' dir='ltr'>τὴν</span> <span class='ocrx_word' id='word_1_190' title='bbox 732 2090 887 2146; x_wconf 80' lang='grc' dir='ltr'>λύσιν</span> <span class='ocrx_word' id='word_1_191' title='bbox 912 2095 1021 2149; x_wconf 89' lang='grc' dir='ltr'><strong>τῶν</strong></span> <span class='ocrx_word' id='word_1_192' title='bbox 1051 2098 1455 2167; x_wconf 72' lang='grc' dir='ltr'>ὲπταισμένων,</span> <span class='ocrx_word' id='word_1_193' title='bbox 1496 2102 1644 2166; x_wconf 83' lang='grc' dir='ltr'>ὅπως</span> <span class='ocrx_word' id='word_1_194' title='bbox 1702 2120 1762 2159; x_wconf 80' lang='grc' dir='ltr'><strong>σε</strong></span> 
     </span>
    </p>
   </div>
   <div class='ocr_carea' id='block_1_37' title="bbox 184 2174 784 2253">
    <p class='ocr_par' dir='ltr' id='par_1_37' title="bbox 184 2174 784 2253">
     <span class='ocr_line' id='line_1_37' title="bbox 184 2174 784 2253; baseline 0.023 -26"><span class='ocrx_word' id='word_1_195' title='bbox 184 2174 415 2244; x_wconf 76' lang='grc' dir='ltr'>δοξάζω,</span> <span class='ocrx_word' id='word_1_196' title='bbox 452 2181 784 2253; x_wconf 74' lang='grc' dir='ltr'>παναμωμε.</span> 
     </span>
    </p>
   </div>
   <div class='ocr_carea' id='block_1_38' title="bbox 265 2267 1760 2358">
    <p class='ocr_par' dir='ltr' id='par_1_38' title="bbox 265 2267 1760 2358">
     <span class='ocr_line' id='line_1_38' title="bbox 265 2267 1760 2358; baseline 0.013 -36"><span class='ocrx_word' id='word_1_197' title='bbox 265 2267 429 2338; x_wconf 77' lang='grc' dir='ltr'>Ἰεροὶ</span> <span class='ocrx_word' id='word_1_198' title='bbox 477 2275 756 2345; x_wconf 81' lang='grc' dir='ltr'>προφῆται</span> <span class='ocrx_word' id='word_1_199' title='bbox 820 2276 921 2347; x_wconf 80' lang='grc' dir='ltr'>τὴν</span> <span class='ocrx_word' id='word_1_200' title='bbox 972 2279 1071 2350; x_wconf 85' lang='grc' dir='ltr'>σὴν</span> <span class='ocrx_word' id='word_1_201' title='bbox 1126 2282 1342 2353; x_wconf 79' lang='grc' dir='ltr'>λοχείαν</span> <span class='ocrx_word' id='word_1_202' title='bbox 1394 2284 1564 2339; x_wconf 82' lang='grc' dir='ltr'>πάλαι</span> <span class='ocrx_word' id='word_1_203' title='bbox 1623 2305 1760 2358; x_wconf 80' lang='grc' dir='ltr'>προ·</span> 
     </span>
    </p>
   </div>
   <div class='ocr_carea' id='block_1_39' title="bbox 184 2362 1762 2447">
    <p class='ocr_par' dir='ltr' id='par_1_39' title="bbox 184 2362 1762 2447">
     <span class='ocr_line' id='line_1_39' title="bbox 184 2362 1762 2447; baseline 0.014 -33"><span class='ocrx_word' id='word_1_204' title='bbox 184 2362 515 2430; x_wconf 81' lang='grc' dir='ltr'>ανεφὼνουν,</span> <span class='ocrx_word' id='word_1_205' title='bbox 541 2366 669 2436; x_wconf 82' lang='grc' dir='ltr'>δρος</span> <span class='ocrx_word' id='word_1_206' title='bbox 702 2369 845 2438; x_wconf 81' lang='grc' dir='ltr'>μέγα</span> <span class='ocrx_word' id='word_1_207' title='bbox 869 2372 963 2426; x_wconf 77' lang='grc' dir='ltr'><strong>καὶ</strong></span> <span class='ocrx_word' id='word_1_208' title='bbox 988 2374 1304 2445; x_wconf 82' lang='grc' dir='ltr'>κατάσκιον,</span> <span class='ocrx_word' id='word_1_209' title='bbox 1352 2378 1529 2447; x_wconf 80' lang='grc' dir='ltr'>πύλην</span> <span class='ocrx_word' id='word_1_210' title='bbox 1582 2398 1642 2434; x_wconf 89' lang='grc' dir='ltr'><strong>τε</strong></span> <span class='ocrx_word' id='word_1_211' title='bbox 1665 2398 1762 2435; x_wconf 82' lang='grc' dir='ltr'><strong>κα-</strong></span> 
     </span>
    </p>
   </div>
   <div class='ocr_carea' id='block_1_40' title="bbox 184 2451 1652 2539">
    <p class='ocr_par' dir='ltr' id='par_1_40' title="bbox 184 2451 1652 2539">
     <span class='ocr_line' id='line_1_40' title="bbox 184 2451 1652 2539; baseline 0.012 -33"><span class='ocrx_word' id='word_1_212' title='bbox 184 2451 403 2519; x_wconf 80' lang='grc' dir='ltr'>λοῦντές</span> <span class='ocrx_word' id='word_1_213' title='bbox 426 2473 508 2521; x_wconf 84' lang='grc' dir='ltr'><strong>σε,</strong></span> <span class='ocrx_word' id='word_1_214' title='bbox 536 2458 607 2511; x_wconf 89' lang='grc' dir='ltr'><strong>δι’</strong></span> <span class='ocrx_word' id='word_1_215' title='bbox 631 2455 700 2531; x_wconf 81' lang='grc' dir='ltr'><strong>ἧς</strong></span> <span class='ocrx_word' id='word_1_216' title='bbox 732 2460 959 2534; x_wconf 78' lang='grc' dir='ltr'>Κύριος,</span> <span class='ocrx_word' id='word_1_217' title='bbox 982 2465 1119 2539; x_wconf 86' lang='grc' dir='ltr'>μόνη</span> <span class='ocrx_word' id='word_1_218' title='bbox 1149 2468 1311 2536; x_wconf 73' lang='grc' dir='ltr'>ἁγνὴ,</span> <span class='ocrx_word' id='word_1_219' title='bbox 1340 2468 1652 2526; x_wconf 85' lang='grc' dir='ltr'>διώδευσεν.</span> 
     </span>
    </p>
   </div>
   <div class='ocr_carea' id='block_1_41' title="bbox 255 2632 1752 2718">
    <p class='ocr_par' dir='ltr' id='par_1_41' title="bbox 255 2632 1752 2718">
     <span class='ocr_line' id='line_1_41' title="bbox 255 2632 1752 2718; baseline 0.013 -33"><span class='ocrx_word' id='word_1_220' title='bbox 255 2632 422 2696; x_wconf 82' lang='grc' dir='ltr'>Υίοὺς</span> <span class='ocrx_word' id='word_1_221' title='bbox 442 2636 621 2704; x_wconf 74' lang='grc' dir='ltr'>φωτὸς</span> <span class='ocrx_word' id='word_1_222' title='bbox 652 2638 949 2707; x_wconf 64' lang='grc' dir='ltr'>ἀπέδειξας</span> <span class='ocrx_word' id='word_1_223' title='bbox 969 2645 1097 2708; x_wconf 73' lang='grc' dir='ltr'>τοὺς</span> <span class='ocrx_word' id='word_1_224' title='bbox 1130 2647 1515 2713; x_wconf 80' lang='grc' dir='ltr'>σκοτισθέντας</span> <span class='ocrx_word' id='word_1_225' title='bbox 1533 2651 1752 2718; x_wconf 81' lang='grc' dir='ltr'>πάθεσι,</span> 
     </span>
    </p>
   </div>
   <div class='ocr_carea' id='block_1_42' title="bbox 183 2724 1753 2815">
    <p class='ocr_par' dir='ltr' id='par_1_42' title="bbox 183 2724 1753 2815">
     <span class='ocr_line' id='line_1_42' title="bbox 183 2724 1753 2815; baseline 0.013 -35"><span class='ocrx_word' id='word_1_226' title='bbox 183 2724 399 2797; x_wconf 68' lang='grc' dir='ltr'>Πατρός</span> <span class='ocrx_word' id='word_1_227' title='bbox 426 2728 767 2803; x_wconf 82' lang='grc' dir='ltr'>ἀπαύγασμα</span> <span class='ocrx_word' id='word_1_228' title='bbox 790 2736 1039 2804; x_wconf 81' lang='grc' dir='ltr'>κυήσασα</span> <span class='ocrx_word' id='word_1_229' title='bbox 1055 2739 1290 2809; x_wconf 77' lang='grc' dir='ltr'>Χριστὸν</span> <span class='ocrx_word' id='word_1_230' title='bbox 1308 2742 1399 2795; x_wconf 80' lang='grc' dir='ltr'>τὸν</span> <span class='ocrx_word' id='word_1_231' title='bbox 1424 2747 1753 2815; x_wconf 85' lang='grc' dir='ltr'>φωτοδότην,</span> 
     </span>
    </p>
   </div>
   <div class='ocr_carea' id='block_1_43' title="bbox 182 2819 1754 2908">
    <p class='ocr_par' dir='ltr' id='par_1_43' title="bbox 182 2819 1754 2908">
     <span class='ocr_line' id='line_1_43' title="bbox 182 2819 1754 2908; baseline 0.013 -39"><span class='ocrx_word' id='word_1_232' title='bbox 182 2819 432 2908; x_wconf 73' lang='grc' dir='ltr'>παναγία</span> <span class='ocrx_word' id='word_1_233' title='bbox 470 2820 739 2880; x_wconf 69' lang='grc' dir='ltr'>Δέσποινα</span> <span class='ocrx_word' id='word_1_234' title='bbox 765 2841 779 2856; x_wconf 92' lang='grc'><strong>·</strong></span> <span class='ocrx_word' id='word_1_235' title='bbox 837 2826 927 2881; x_wconf 79' lang='grc' dir='ltr'>διὰ</span> <span class='ocrx_word' id='word_1_236' title='bbox 990 2828 1146 2897; x_wconf 73' lang='grc' dir='ltr'>τοῦτο</span> <span class='ocrx_word' id='word_1_237' title='bbox 1204 2832 1358 2904; x_wconf 82' lang='grc' dir='ltr'>πόθῳ</span> <span class='ocrx_word' id='word_1_238' title='bbox 1412 2852 1472 2889; x_wconf 90' lang='grc' dir='ltr'><strong>σε</strong></span> <span class='ocrx_word' id='word_1_239' title='bbox 1516 2840 1754 2908; x_wconf 86' lang='grc' dir='ltr'>μακαρί-</span> 
     </span>
    </p>
   </div>
   <div class='ocr_carea' id='block_1_44' title="bbox 182 2906 374 2979">
    <p class='ocr_par' dir='ltr' id='par_1_44' title="bbox 182 2906 374 2979">
     <span class='ocr_line' id='line_1_44' title="bbox 182 2906 374 2979; baseline 0.005 -17"><span class='ocrx_word' id='word_1_240' title='bbox 182 2906 374 2979; x_wconf 78' lang='grc' dir='ltr'>ζομεν.</span> 
     </span>
    </p>
   </div>
   <div class='ocr_carea' id='block_1_45' title="bbox 259 3000 1755 3086">
    <p class='ocr_par' dir='ltr' id='par_1_45' title="bbox 259 3000 1755 3086">
     <span class='ocr_line' id='line_1_45' title="bbox 259 3000 1755 3086; baseline 0.015 -34"><span class='ocrx_word' id='word_1_241' title='bbox 259 3000 621 3067; x_wconf 84' lang='grc' dir='ltr'>Ἔλυσαςτῶν</span> <span class='ocrx_word' id='word_1_242' title='bbox 640 3005 859 3076; x_wconf 79' lang='grc' dir='ltr'>δεσμῶν</span> <span class='ocrx_word' id='word_1_243' title='bbox 916 3026 985 3078; x_wconf 85' lang='grc' dir='ltr'><strong>με</strong></span> <span class='ocrx_word' id='word_1_244' title='bbox 1012 3011 1111 3081; x_wconf 83' lang='grc' dir='ltr'>τῆς</span> <span class='ocrx_word' id='word_1_245' title='bbox 1166 3015 1462 3086; x_wconf 85' lang='grc' dir='ltr'>ἁμαρτίας,</span> <span class='ocrx_word' id='word_1_246' title='bbox 1519 3020 1755 3075; x_wconf 80' lang='grc' dir='ltr'>τεκοῦσα</span> 
     </span>
    </p>
   </div>
   <div class='ocr_carea' id='block_1_46' title="bbox 179 3091 1753 3183">
    <p class='ocr_par' dir='ltr' id='par_1_46' title="bbox 179 3091 1753 3183">
     <span class='ocr_line' id='line_1_46' title="bbox 179 3091 1753 3183; baseline 0.017 -40"><span class='ocrx_word' id='word_1_247' title='bbox 179 3091 276 3183; x_wconf 73' lang='grc' dir='ltr'>τὸν</span> <span class='ocrx_word' id='word_1_248' title='bbox 301 3092 524 3164; x_wconf 76' lang='grc' dir='ltr'>Κύριον,</span> <span class='ocrx_word' id='word_1_249' title='bbox 543 3095 635 3150; x_wconf 81' lang='grc' dir='ltr'>τὸν</span> <span class='ocrx_word' id='word_1_250' title='bbox 651 3095 885 3152; x_wconf 87' lang='grc' dir='ltr'>λύσαντα</span> <span class='ocrx_word' id='word_1_251' title='bbox 912 3100 980 3154; x_wconf 81' lang='grc' dir='ltr'>τὰ</span> <span class='ocrx_word' id='word_1_252' title='bbox 1004 3103 1100 3156; x_wconf 79' lang='grc' dir='ltr'><strong>τοῦ</strong></span> <span class='ocrx_word' id='word_1_253' title='bbox 1128 3104 1277 3176; x_wconf 66' lang='grc' dir='ltr'>ᾅδου,</span> <span class='ocrx_word' id='word_1_254' title='bbox 1308 3110 1559 3178; x_wconf 86' lang='grc' dir='ltr'>Θεοτόκε,</span> <span class='ocrx_word' id='word_1_255' title='bbox 1601 3112 1753 3183; x_wconf 88' lang='grc' dir='ltr'>βασί-</span> 
     </span>
    </p>
   </div>
   <div class='ocr_carea' id='block_1_47' title="bbox 180 3181 1753 3269">
    <p class='ocr_par' dir='ltr' id='par_1_47' title="bbox 180 3181 1753 3269">
     <span class='ocr_line' id='line_1_47' title="bbox 180 3181 1753 3269; baseline 0.015 -35"><span class='ocrx_word' id='word_1_256' title='bbox 180 3181 326 3247; x_wconf 89' lang='grc' dir='ltr'>λεια,</span> <span class='ocrx_word' id='word_1_257' title='bbox 351 3186 448 3237; x_wconf 77' lang='grc' dir='ltr'><strong>καὶ</strong></span> <span class='ocrx_word' id='word_1_258' title='bbox 480 3188 691 3252; x_wconf 78' lang='grc' dir='ltr'>πάντας</span> <span class='ocrx_word' id='word_1_259' title='bbox 740 3190 1146 3264; x_wconf 78' lang='grc' dir='ltr'>συνδεσμοῦντα</span> <span class='ocrx_word' id='word_1_260' title='bbox 1193 3199 1331 3269; x_wconf 85' lang='grc' dir='ltr'>πρὸς</span> <span class='ocrx_word' id='word_1_261' title='bbox 1383 3203 1484 3269; x_wconf 77' lang='grc' dir='ltr'>τὴν</span> <span class='ocrx_word' id='word_1_262' title='bbox 1547 3181 1753 3261; x_wconf 61' lang='grc' dir='ltr'>οἱπείαν</span> 
     </span>
    </p>
   </div>
   <div class='ocr_carea' id='block_1_48' title="bbox 180 3273 497 3341">
    <p class='ocr_par' dir='ltr' id='par_1_48' title="bbox 180 3273 497 3341">
     <span class='ocr_line' id='line_1_48' title="bbox 180 3273 497 3341; baseline 0.013 -16"><span class='ocrx_word' id='word_1_263' title='bbox 180 3273 497 3341; x_wconf 65' lang='grc' dir='ltr'>ἐπίγνωσιν.</span> 
     </span>
    </p>
   </div>
   <div class='ocr_carea' id='block_1_49' title="bbox 250 3366 1742 3457">
    <p class='ocr_par' dir='ltr' id='par_1_49' title="bbox 250 3366 1742 3457">
     <span class='ocr_line' id='line_1_49' title="bbox 250 3366 1742 3457; baseline 0.016 -39"><span class='ocrx_word' id='word_1_264' title='bbox 250 3366 347 3429; x_wconf 78' lang='grc' dir='ltr'><strong>Εἰς</strong></span> <span class='ocrx_word' id='word_1_265' title='bbox 381 3368 480 3439; x_wconf 81' lang='grc' dir='ltr'>τὴν</span> <span class='ocrx_word' id='word_1_266' title='bbox 524 3369 774 3442; x_wconf 78' lang='grc' dir='ltr'>βοήθειαν</span> <span class='ocrx_word' id='word_1_267' title='bbox 821 3375 1002 3446; x_wconf 75' lang='grc' dir='ltr'>ἡμῶν,</span> <span class='ocrx_word' id='word_1_268' title='bbox 1059 3378 1422 3450; x_wconf 85' lang='grc' dir='ltr'>θεοχαρίτωτε</span> <span class='ocrx_word' id='word_1_269' title='bbox 1449 3386 1625 3457; x_wconf 81' lang='grc' dir='ltr'>Κόρη,</span> <span class='ocrx_word' id='word_1_270' title='bbox 1679 3390 1742 3442; x_wconf 85' lang='grc' dir='ltr'>σὲ</span> 
     </span>
    </p>
   </div>
   <div class='ocr_carea' id='block_1_50' title="bbox 176 3454 1751 3549">
    <p class='ocr_par' dir='ltr' id='par_1_50' title="bbox 176 3454 1751 3549">
     <span class='ocr_line' id='line_1_50' title="bbox 176 3454 1751 3549; baseline 0.017 -41"><span class='ocrx_word' id='word_1_271' title='bbox 176 3454 539 3530; x_wconf 83' lang='grc' dir='ltr'>δυσωποῦμεν</span> <span class='ocrx_word' id='word_1_272' title='bbox 569 3462 778 3533; x_wconf 89' lang='grc' dir='ltr'>σαφῶς,</span> <span class='ocrx_word' id='word_1_273' title='bbox 831 3467 1093 3538; x_wconf 81' lang='grc' dir='ltr'>ἀνάστηθι</span> <span class='ocrx_word' id='word_1_274' title='bbox 1138 3472 1234 3525; x_wconf 83' lang='grc' dir='ltr'><strong>καὶ</strong></span> <span class='ocrx_word' id='word_1_275' title='bbox 1284 3454 1559 3547; x_wconf 82' lang='grc' dir='ltr'>λύτρωσαί</span> <span class='ocrx_word' id='word_1_276' title='bbox 1591 3454 1751 3549; x_wconf 36' lang='grc' dir='ltr'>’ἡμᾶς</span> 
     </span>
    </p>
   </div>
   <div class='ocr_carea' id='block_1_51' title="bbox 178 3551 1393 3635">
    <p class='ocr_par' dir='ltr' id='par_1_51' title="bbox 178 3551 1393 3635">
     <span class='ocr_line' id='line_1_51' title="bbox 178 3551 1393 3635; baseline 0.016 -35"><span class='ocrx_word' id='word_1_277' title='bbox 178 3551 507 3621; x_wconf 77' lang='grc' dir='ltr'>πειρασμῶν</span> <span class='ocrx_word' id='word_1_278' title='bbox 533 3555 770 3610; x_wconf 87' lang='grc' dir='ltr'>αίωνίων</span> <span class='ocrx_word' id='word_1_279' title='bbox 801 3560 895 3612; x_wconf 77' lang='grc' dir='ltr'><strong>καὶ</strong></span> <span class='ocrx_word' id='word_1_280' title='bbox 932 3560 1115 3631; x_wconf 82' lang='grc' dir='ltr'>πάσης</span> <span class='ocrx_word' id='word_1_281' title='bbox 1136 3563 1393 3635; x_wconf 83' lang='grc' dir='ltr'>ἀπειλῆς.</span> 
     </span>
    </p>
   </div>
   <div class='ocr_carea' id='block_1_52' title="bbox 256 3644 1748 3737">
    <p class='ocr_par' dir='ltr' id='par_1_52' title="bbox 256 3644 1748 3737">
     <span class='ocr_line' id='line_1_52' title="bbox 256 3644 1748 3737; baseline 0.015 -40"><span class='ocrx_word' id='word_1_282' title='bbox 256 3644 506 3717; x_wconf 79' lang='grc' dir='ltr'>Ἰλασμὸν</span> <span class='ocrx_word' id='word_1_283' title='bbox 532 3648 644 3702; x_wconf 87' lang='grc' dir='ltr'><strong>τῶν</strong></span> <span class='ocrx_word' id='word_1_284' title='bbox 695 3652 1081 3723; x_wconf 69' lang='grc' dir='ltr'>ἑπταισμένων</span> <span class='ocrx_word' id='word_1_285' title='bbox 1146 3674 1260 3727; x_wconf 87' lang='grc' dir='ltr'>μοι,</span> <span class='ocrx_word' id='word_1_286' title='bbox 1299 3663 1542 3732; x_wconf 74' lang='grc' dir='ltr'>παναγία</span> <span class='ocrx_word' id='word_1_287' title='bbox 1588 3667 1748 3737; x_wconf 81' lang='grc' dir='ltr'>ἁγνὴ,</span> 
     </span>
    </p>
   </div>
   <div class='ocr_carea' id='block_1_53' title="bbox 175 3739 1750 3820">
    <p class='ocr_par' dir='ltr' id='par_1_53' title="bbox 175 3739 1750 3820">
     <span class='ocr_line' id='line_1_53' title="bbox 175 3739 1750 3820; baseline 0.013 -30"><span class='ocrx_word' id='word_1_288' title='bbox 175 3739 419 3805; x_wconf 77' lang='grc' dir='ltr'>αῐτησαι,</span> <span class='ocrx_word' id='word_1_289' title='bbox 447 3739 540 3792; x_wconf 80' lang='grc' dir='ltr'><strong>καὶ</strong></span> <span class='ocrx_word' id='word_1_290' title='bbox 585 3741 673 3803; x_wconf 81' lang='grc' dir='ltr'><strong>δός</strong></span> <span class='ocrx_word' id='word_1_291' title='bbox 707 3759 798 3813; x_wconf 88' lang='grc' dir='ltr'><strong>μοι</strong></span> <span class='ocrx_word' id='word_1_292' title='bbox 843 3748 1001 3817; x_wconf 81' lang='grc' dir='ltr'>χεῖρα</span> <span class='ocrx_word' id='word_1_293' title='bbox 1033 3748 1095 3801; x_wconf 80' lang='grc' dir='ltr'><strong>ὲν</strong></span> <span class='ocrx_word' id='word_1_294' title='bbox 1141 3750 1368 3820; x_wconf 77' lang='grc' dir='ltr'>πελάγει</span> <span class='ocrx_word' id='word_1_295' title='bbox 1427 3755 1537 3809; x_wconf 87' lang='grc' dir='ltr'><strong>τῶν</strong></span> <span class='ocrx_word' id='word_1_296' title='bbox 1559 3756 1750 3810; x_wconf 76' lang='grc' dir='ltr'>δεινῶν</span> 
     </span>
    </p>
   </div>
   <div class='ocr_carea' id='block_1_54' title="bbox 173 3828 1750 3914">
    <p class='ocr_par' dir='ltr' id='par_1_54' title="bbox 173 3828 1750 3914">
     <span class='ocr_line' id='line_1_54' title="bbox 173 3828 1750 3914; baseline 0.015 -35"><span class='ocrx_word' id='word_1_297' title='bbox 173 3828 365 3893; x_wconf 78' lang='grc' dir='ltr'>δεινῶς</span> <span class='ocrx_word' id='word_1_298' title='bbox 418 3832 823 3905; x_wconf 77' lang='grc' dir='ltr'>χειμαζομένῳ,</span> <span class='ocrx_word' id='word_1_299' title='bbox 851 3838 938 3891; x_wconf 74' lang='grc' dir='ltr'>ἵνα</span> <span class='ocrx_word' id='word_1_300' title='bbox 976 3855 1034 3891; x_wconf 84' lang='grc' dir='ltr'><strong>σε</strong></span> <span class='ocrx_word' id='word_1_301' title='bbox 1089 3842 1400 3912; x_wconf 78' lang='grc' dir='ltr'>μακαρίζω,</span> <span class='ocrx_word' id='word_1_302' title='bbox 1426 3846 1519 3899; x_wconf 70' lang='lat' dir='ltr'><strong>Iw:</strong></span> <span class='ocrx_word' id='word_1_303' title='bbox 1542 3851 1750 3914; x_wconf 88' lang='grc' dir='ltr'>πιστῶς</span> 
     </span>
    </p>
   </div>
   <div class='ocr_carea' id='block_1_55' title="bbox 176 3921 1323 4002">
    <p class='ocr_par' dir='ltr' id='par_1_55' title="bbox 176 3921 1323 4002">
     <span class='ocr_line' id='line_1_55' title="bbox 176 3921 1323 4002; baseline 0.014 -31"><span class='ocrx_word' id='word_1_304' title='bbox 176 3921 435 3992; x_wconf 82' lang='grc' dir='ltr'>κηρύττω</span> <span class='ocrx_word' id='word_1_305' title='bbox 453 3922 551 3994; x_wconf 80' lang='grc' dir='ltr'>τὴν</span> <span class='ocrx_word' id='word_1_306' title='bbox 580 3926 680 3995; x_wconf 81' lang='grc' dir='ltr'>σὴν</span> <span class='ocrx_word' id='word_1_307' title='bbox 711 3926 937 3997; x_wconf 75' lang='grc' dir='ltr'>βεϐαίαν</span> <span class='ocrx_word' id='word_1_308' title='bbox 968 3934 1323 4002; x_wconf 85' lang='grc' dir='ltr'>προστασίαν.</span> 
     </span>
    </p>
   </div>
   <div class='ocr_carea' id='block_1_56' title="bbox 242 4109 1746 4193">
    <p class='ocr_par' dir='ltr' id='par_1_56' title="bbox 242 4109 1746 4193">
     <span class='ocr_line' id='line_1_56' title="bbox 242 4109 1746 4193; baseline 0.011 -32"><span class='ocrx_word' id='word_1_309' title='bbox 242 4109 426 4173; x_wconf 76' lang='grc' dir='ltr'>Φωτδς</span> <span class='ocrx_word' id='word_1_310' title='bbox 458 4109 663 4181; x_wconf 80' lang='grc' dir='ltr'>δοχεῖον</span> <span class='ocrx_word' id='word_1_311' title='bbox 686 4114 1012 4184; x_wconf 71' lang='grc' dir='ltr'>γεγένησαι,</span> <span class='ocrx_word' id='word_1_312' title='bbox 1032 4116 1298 4187; x_wconf 78' lang='grc' dir='ltr'>Παρθένε,</span> <span class='ocrx_word' id='word_1_313' title='bbox 1318 4120 1413 4173; x_wconf 73' lang='grc' dir='ltr'>καὶ</span> <span class='ocrx_word' id='word_1_314' title='bbox 1440 4120 1632 4193; x_wconf 86' lang='grc' dir='ltr'>θρόνος</span> <span class='ocrx_word' id='word_1_315' title='bbox 1652 4126 1746 4179; x_wconf 84' lang='grc' dir='ltr'>τοῦ</span> 
     </span>
    </p>
   </div>
   <div class='ocr_carea' id='block_1_57' title="bbox 172 4199 1747 4281">
    <p class='ocr_par' dir='ltr' id='par_1_57' title="bbox 172 4199 1747 4281">
     <span class='ocr_line' id='line_1_57' title="bbox 172 4199 1747 4281; baseline 0.011 -27"><span class='ocrx_word' id='word_1_316' title='bbox 172 4202 577 4270; x_wconf 77' lang='grc' dir='ltr'>παντὰνακτος,</span> <span class='ocrx_word' id='word_1_317' title='bbox 606 4204 863 4275; x_wconf 77' lang='grc' dir='ltr'>ἄχραντε,</span> <span class='ocrx_word' id='word_1_318' title='bbox 894 4208 953 4260; x_wconf 81' lang='grc' dir='ltr'><strong>ὲν</strong></span> <span class='ocrx_word' id='word_1_319' title='bbox 992 4199 1037 4276; x_wconf 79' lang='grc' dir='ltr'><strong>ᾧ</strong></span> <span class='ocrx_word' id='word_1_320' title='bbox 1086 4209 1333 4281; x_wconf 84' lang='grc' dir='ltr'>καθήσας</span> <span class='ocrx_word' id='word_1_321' title='bbox 1362 4212 1456 4267; x_wconf 82' lang='grc' dir='ltr'>τοῦ</span> <span class='ocrx_word' id='word_1_322' title='bbox 1516 4216 1747 4271; x_wconf 89' lang='grc' dir='ltr'>παλαιοῦ</span> 
     </span>
    </p>
   </div>
   <div class='ocr_carea' id='block_1_58' title="bbox 1866 2035 3431 2106">
    <p class='ocr_par' dir='ltr' id='par_1_58' title="bbox 1866 2035 3431 2106">
     <span class='ocr_line' id='line_1_58' title="bbox 1866 2035 3431 2106; baseline 0 -17"><span class='ocrx_word' id='word_1_323' title='bbox 1866 2035 2104 2091; x_wconf 90' lang='lat' dir='ltr'><strong>tenebris</strong></span> <span class='ocrx_word' id='word_1_324' title='bbox 2131 2037 2274 2090; x_wconf 91' lang='lat' dir='ltr'><strong>enim</strong></span> <span class='ocrx_word' id='word_1_325' title='bbox 2308 2036 2466 2104; x_wconf 89' lang='lat' dir='ltr'><strong>jaceo</strong></span> <span class='ocrx_word' id='word_1_326' title='bbox 2511 2039 2720 2106; x_wconf 87' lang='lat' dir='ltr'><strong>peccati</strong></span> <span class='ocrx_word' id='word_1_327' title='bbox 2766 2041 2837 2093; x_wconf 88' lang='lat' dir='ltr'><strong>ob</strong></span> <span class='ocrx_word' id='word_1_328' title='bbox 2873 2053 3048 2092; x_wconf 88' lang='lat' dir='ltr'><strong>meam</strong></span> <span class='ocrx_word' id='word_1_329' title='bbox 3103 2038 3431 2103; x_wconf 84' lang='lat' dir='ltr'><strong>stultitiam;</strong></span> 
     </span>
    </p>
   </div>
   <div class='ocr_carea' id='block_1_59' title="bbox 1862 2129 3431 2201">
    <p class='ocr_par' dir='ltr' id='par_1_59' title="bbox 1862 2129 3431 2201">
     <span class='ocr_line' id='line_1_59' title="bbox 1862 2129 3431 2201; baseline -0.002 -17"><span class='ocrx_word' id='word_1_330' title='bbox 1862 2139 1916 2184; x_wconf 88' lang='lat' dir='ltr'><strong>et</strong></span> <span class='ocrx_word' id='word_1_331' title='bbox 1945 2129 2183 2183; x_wconf 89' lang='lat' dir='ltr'><strong>concede</strong></span> <span class='ocrx_word' id='word_1_332' title='bbox 2210 2130 2343 2183; x_wconf 89' lang='lat' dir='ltr'><strong>mihi</strong></span> <span class='ocrx_word' id='word_1_333' title='bbox 2376 2129 2756 2185; x_wconf 86' lang='lat' dir='ltr'><strong>remissionem</strong></span> <span class='ocrx_word' id='word_1_334' title='bbox 2778 2142 3123 2201; x_wconf 77' lang='lat' dir='ltr'><strong>peccatorum</strong></span> <span class='ocrx_word' id='word_1_335' title='bbox 3161 2146 3431 2192; x_wconf 87' lang='lat' dir='ltr'><strong>meorum,</strong></span> 
     </span>
    </p>
   </div>
   <div class='ocr_carea' id='block_1_60' title="bbox 1862 2222 3093 2288">
    <p class='ocr_par' dir='ltr' id='par_1_60' title="bbox 1862 2222 3093 2288">
     <span class='ocr_line' id='line_1_60' title="bbox 1862 2222 3093 2288; baseline 0.001 -14"><span class='ocrx_word' id='word_1_336' title='bbox 1862 2229 1923 2274; x_wconf 90' lang='lat' dir='ltr'><strong>ut</strong></span> <span class='ocrx_word' id='word_1_337' title='bbox 1947 2230 1998 2274; x_wconf 83' lang='lat' dir='ltr'><strong>te</strong></span> <span class='ocrx_word' id='word_1_338' title='bbox 2032 2222 2349 2288; x_wconf 71' lang='lat' dir='ltr'><strong>gloriﬁcent,</strong></span> <span class='ocrx_word' id='word_1_339' title='bbox 2381 2238 2414 2275; x_wconf 89' lang='grc' dir='ltr'>ο</span> <span class='ocrx_word' id='word_1_340' title='bbox 2448 2238 2643 2277; x_wconf 83' lang='lat' dir='ltr'><strong>carens</strong></span> <span class='ocrx_word' id='word_1_341' title='bbox 2675 2224 2825 2277; x_wconf 87' lang='lat' dir='ltr'><strong>omni</strong></span> <span class='ocrx_word' id='word_1_342' title='bbox 2854 2224 3093 2278; x_wconf 87' lang='lat' dir='ltr'><strong>macula.</strong></span> 
     </span>
    </p>
   </div>
   <div class='ocr_carea' id='block_1_61' title="bbox 1930 2314 3429 2386">
    <p class='ocr_par' dir='ltr' id='par_1_61' title="bbox 1930 2314 3429 2386">
     <span class='ocr_line' id='line_1_61' title="bbox 1930 2314 3429 2386; baseline -0.001 -18"><span class='ocrx_word' id='word_1_343' title='bbox 1930 2314 2218 2383; x_wconf 70' lang='lat' dir='ltr'><strong>Propheta:</strong></span> <span class='ocrx_word' id='word_1_344' title='bbox 2246 2318 2388 2371; x_wconf 86' lang='lat' dir='ltr'><strong>sacri</strong></span> <span class='ocrx_word' id='word_1_345' title='bbox 2428 2323 2645 2386; x_wconf 87' lang='lat' dir='ltr'><strong>partum</strong></span> <span class='ocrx_word' id='word_1_346' title='bbox 2685 2327 2839 2371; x_wconf 90' lang='lat' dir='ltr'><strong>tuum</strong></span> <span class='ocrx_word' id='word_1_347' title='bbox 2874 2317 3005 2370; x_wconf 90' lang='lat' dir='ltr'><strong>olim</strong></span> <span class='ocrx_word' id='word_1_348' title='bbox 3042 2314 3429 2385; x_wconf 64' lang='lat' dir='ltr'><strong>praclamave-</strong></span> 
     </span>
    </p>
   </div>
   <div class='ocr_carea' id='block_1_62' title="bbox 1863 2408 3431 2478">
    <p class='ocr_par' dir='ltr' id='par_1_62' title="bbox 1863 2408 3431 2478">
     <span class='ocr_line' id='line_1_62' title="bbox 1863 2408 3431 2478; baseline -0.001 -17"><span class='ocrx_word' id='word_1_349' title='bbox 1863 2416 2011 2471; x_wconf 88' lang='lat' dir='ltr'><strong>runt,</strong></span> <span class='ocrx_word' id='word_1_350' title='bbox 2047 2408 2382 2477; x_wconf 84' lang='lat' dir='ltr'><strong>appellantes</strong></span> <span class='ocrx_word' id='word_1_351' title='bbox 2417 2418 2467 2462; x_wconf 89' lang='lat' dir='ltr'><strong>te</strong></span> <span class='ocrx_word' id='word_1_352' title='bbox 2496 2416 2738 2463; x_wconf 87' lang='lat' dir='ltr'><strong>montem</strong></span> <span class='ocrx_word' id='word_1_353' title='bbox 2760 2424 3038 2478; x_wconf 75' lang='lat' dir='ltr'><strong>magnum,</strong></span> <span class='ocrx_word' id='word_1_354' title='bbox 3091 2417 3253 2476; x_wconf 87' lang='lat' dir='ltr'><strong>atque</strong></span> <span class='ocrx_word' id='word_1_355' title='bbox 3311 2424 3431 2460; x_wconf 92' lang='lat' dir='ltr'><strong>nm-</strong></span> 
     </span>
    </p>
   </div>
   <div class='ocr_carea' id='block_1_63' title="bbox 1861 2498 3432 2572">
    <p class='ocr_par' dir='ltr' id='par_1_63' title="bbox 1861 2498 3432 2572">
     <span class='ocr_line' id='line_1_63' title="bbox 1861 2498 3432 2572; baseline -0.002 -18"><span class='ocrx_word' id='word_1_356' title='bbox 1861 2500 2107 2565; x_wconf 88' lang='lat' dir='ltr'><strong>brosum,</strong></span> <span class='ocrx_word' id='word_1_357' title='bbox 2132 2511 2186 2557; x_wconf 91' lang='lat' dir='ltr'><strong>et</strong></span> <span class='ocrx_word' id='word_1_358' title='bbox 2213 2512 2422 2571; x_wconf 87' lang='lat' dir='ltr'><strong>portam</strong></span> <span class='ocrx_word' id='word_1_359' title='bbox 2456 2517 2554 2572; x_wconf 89' lang='lat' dir='ltr'><strong>per</strong></span> <span class='ocrx_word' id='word_1_360' title='bbox 2575 2516 2739 2572; x_wconf 89' lang='lat' dir='ltr'><strong>quam</strong></span> <span class='ocrx_word' id='word_1_361' title='bbox 2795 2501 3058 2555; x_wconf 83' lang='lat' dir='ltr'><strong>Dominus</strong></span> <span class='ocrx_word' id='word_1_362' title='bbox 3086 2498 3360 2560; x_wconf 74' lang='lat' dir='ltr'><strong>transivit,</strong></span> <span class='ocrx_word' id='word_1_363' title='bbox 3398 2513 3432 2551; x_wconf 89' lang='grc' dir='ltr'><strong>ο</strong></span> 
     </span>
    </p>
   </div>
   <div class='ocr_carea' id='block_1_64' title="bbox 1859 2594 2174 2649">
    <p class='ocr_par' dir='ltr' id='par_1_64' title="bbox 1859 2594 2174 2649">
     <span class='ocr_line' id='line_1_64' title="bbox 1859 2594 2174 2649; baseline -0.003 0"><span class='ocrx_word' id='word_1_364' title='bbox 1859 2594 1972 2649; x_wconf 87' lang='lat' dir='ltr'><strong>sola</strong></span> <span class='ocrx_word' id='word_1_365' title='bbox 2005 2603 2174 2648; x_wconf 82' lang='lat' dir='ltr'><strong>casta.</strong></span> 
     </span>
    </p>
   </div>
   <div class='ocr_carea' id='block_1_65' title="bbox 1928 2683 3427 2749">
    <p class='ocr_par' dir='ltr' id='par_1_65' title="bbox 1928 2683 3427 2749">
     <span class='ocr_line' id='line_1_65' title="bbox 1928 2683 3427 2749; baseline -0.003 -10"><span class='ocrx_word' id='word_1_366' title='bbox 1928 2684 1973 2739; x_wconf 89' lang='grc' dir='ltr'>Ο</span> <span class='ocrx_word' id='word_1_367' title='bbox 2006 2685 2251 2749; x_wconf 80' lang='lat' dir='ltr'><strong>Domina,</strong></span> <span class='ocrx_word' id='word_1_368' title='bbox 2292 2687 2440 2740; x_wconf 88' lang='lat' dir='ltr'><strong>omni</strong></span> <span class='ocrx_word' id='word_1_369' title='bbox 2470 2686 2762 2741; x_wconf 78' lang='lat' dir='ltr'><strong>sanctitate</strong></span> <span class='ocrx_word' id='word_1_370' title='bbox 2811 2686 3106 2747; x_wconf 85' lang='lat' dir='ltr'><strong>cumulata,</strong></span> <span class='ocrx_word' id='word_1_371' title='bbox 3148 2694 3203 2738; x_wconf 87' lang='lat' dir='ltr'><strong>tu</strong></span> <span class='ocrx_word' id='word_1_372' title='bbox 3247 2683 3427 2737; x_wconf 65' lang='lat' dir='ltr'><strong>eiii-c1-</strong></span> 
     </span>
    </p>
   </div>
   <div class='ocr_carea' id='block_1_66' title="bbox 1857 2774 3427 2851">
    <p class='ocr_par' dir='ltr' id='par_1_66' title="bbox 1857 2774 3427 2851">
     <span class='ocr_line' id='line_1_66' title="bbox 1857 2774 3427 2851; baseline -0.005 -22"><span class='ocrx_word' id='word_1_373' title='bbox 1857 2776 1924 2829; x_wconf 87' lang='lat' dir='ltr'><strong>sti</strong></span> <span class='ocrx_word' id='word_1_374' title='bbox 1956 2776 2097 2831; x_wconf 84' lang='lat' dir='ltr'><strong>ﬁlios</strong></span> <span class='ocrx_word' id='word_1_375' title='bbox 2128 2776 2263 2851; x_wconf 74' lang='lat' dir='ltr'><strong>lucis</strong></span> <span class='ocrx_word' id='word_1_376' title='bbox 2292 2792 2388 2831; x_wconf 86' lang='lat' dir='ltr'><strong>eos</strong></span> <span class='ocrx_word' id='word_1_377' title='bbox 2419 2777 2509 2845; x_wconf 87' lang='lat' dir='ltr'><strong>qui</strong></span> <span class='ocrx_word' id='word_1_378' title='bbox 2544 2778 2595 2828; x_wconf 93' lang='lat' dir='ltr'><strong>in</strong></span> <span class='ocrx_word' id='word_1_379' title='bbox 2628 2776 2944 2843; x_wconf 87' lang='lat' dir='ltr'><strong>passionum</strong></span> <span class='ocrx_word' id='word_1_380' title='bbox 3009 2774 3251 2827; x_wconf 84' lang='lat' dir='ltr'><strong>tenebris</strong></span> <span class='ocrx_word' id='word_1_381' title='bbox 3306 2788 3427 2824; x_wconf 87' lang='lat' dir='ltr'><strong>ver—</strong></span> 
     </span>
    </p>
   </div>
   <div class='ocr_carea' id='block_1_67' title="bbox 1857 2862 3433 2938">
    <p class='ocr_par' dir='ltr' id='par_1_67' title="bbox 1857 2862 3433 2938">
     <span class='ocr_line' id='line_1_67' title="bbox 1857 2862 3433 2938; baseline -0.004 -16"><span class='ocrx_word' id='word_1_382' title='bbox 1857 2869 2138 2929; x_wconf 88' lang='lat' dir='ltr'><strong>sabantur.</strong></span> <span class='ocrx_word' id='word_1_383' title='bbox 2169 2868 2350 2923; x_wconf 81' lang='lat' dir='ltr'><strong>Patris</strong></span> <span class='ocrx_word' id='word_1_384' title='bbox 2379 2868 2721 2938; x_wconf 88' lang='lat' dir='ltr'><strong>splendorem</strong></span> <span class='ocrx_word' id='word_1_385' title='bbox 2759 2867 2944 2930; x_wconf 81' lang='lat' dir='ltr'><strong>enixa,</strong></span> <span class='ocrx_word' id='word_1_386' title='bbox 2978 2865 3256 2919; x_wconf 85' lang='lat' dir='ltr'><strong>Christum</strong></span> <span class='ocrx_word' id='word_1_387' title='bbox 3292 2862 3433 2916; x_wconf 77' lang='lat' dir='ltr'><strong>lueis</strong></span> 
     </span>
    </p>
   </div>
   <div class='ocr_carea' id='block_1_68' title="bbox 1855 2958 3355 3030">
    <p class='ocr_par' dir='ltr' id='par_1_68' title="bbox 1855 2958 3355 3030">
     <span class='ocr_line' id='line_1_68' title="bbox 1855 2958 3355 3030; baseline -0.004 -16"><span class='ocrx_word' id='word_1_388' title='bbox 1855 2960 2098 3015; x_wconf 91' lang='lat' dir='ltr'><strong>datorem</strong></span> <span class='ocrx_word' id='word_1_389' title='bbox 2131 2969 2448 3030; x_wconf 89' lang='lat' dir='ltr'><strong>:propterea</strong></span> <span class='ocrx_word' id='word_1_390' title='bbox 2482 2977 2607 3013; x_wconf 92' lang='lat' dir='ltr'><strong>cum</strong></span> <span class='ocrx_word' id='word_1_391' title='bbox 2641 2960 2832 3013; x_wconf 88' lang='lat' dir='ltr'><strong>al&#39;l‘ectu</strong></span> <span class='ocrx_word' id='word_1_392' title='bbox 2867 2970 2917 3012; x_wconf 90' lang='lat' dir='ltr'><strong>te</strong></span> <span class='ocrx_word' id='word_1_393' title='bbox 2965 2958 3355 3024; x_wconf 71' lang='lat' dir='ltr'><strong>gloriﬁcamus.</strong></span> 
     </span>
    </p>
   </div>
   <div class='ocr_carea' id='block_1_69' title="bbox 1927 3049 3418 3122">
    <p class='ocr_par' dir='ltr' id='par_1_69' title="bbox 1927 3049 3418 3122">
     <span class='ocr_line' id='line_1_69' title="bbox 1927 3049 3418 3122; baseline -0.004 -17"><span class='ocrx_word' id='word_1_394' title='bbox 1927 3055 1970 3105; x_wconf 78' lang='grc' dir='ltr'><strong>Α</strong></span> <span class='ocrx_word' id='word_1_395' title='bbox 2004 3053 2237 3108; x_wconf 84' lang='lat' dir='ltr'><strong>vinculis</strong></span> <span class='ocrx_word' id='word_1_396' title='bbox 2260 3054 2467 3122; x_wconf 88' lang='lat' dir='ltr'><strong>peccati</strong></span> <span class='ocrx_word' id='word_1_397' title='bbox 2500 3068 2583 3107; x_wconf 87' lang='lat' dir='ltr'><strong>me</strong></span> <span class='ocrx_word' id='word_1_398' title='bbox 2613 3053 2915 3106; x_wconf 87' lang='lat' dir='ltr'><strong>dissolvisti</strong></span> <span class='ocrx_word' id='word_1_399' title='bbox 2944 3067 3066 3103; x_wconf 90' lang='lat' dir='ltr'><strong>cum</strong></span> <span class='ocrx_word' id='word_1_400' title='bbox 3125 3049 3418 3103; x_wconf 89' lang='lat' dir='ltr'><strong>Dominum</strong></span> 
     </span>
    </p>
   </div>
   <div class='ocr_carea' id='block_1_70' title="bbox 1855 3140 3428 3211">
    <p class='ocr_par' dir='ltr' id='par_1_70' title="bbox 1855 3140 3428 3211">
     <span class='ocr_line' id='line_1_70' title="bbox 1855 3140 3428 3211; baseline -0.003 -17"><span class='ocrx_word' id='word_1_401' title='bbox 1855 3141 2132 3210; x_wconf 83' lang='lat' dir='ltr'><strong>peperisti,</strong></span> <span class='ocrx_word' id='word_1_402' title='bbox 2170 3152 2392 3203; x_wconf 90' lang='lat' dir='ltr'><strong>ocasta,</strong></span> <span class='ocrx_word' id='word_1_403' title='bbox 2426 3144 2518 3211; x_wconf 92' lang='lat' dir='ltr'><strong>qui</strong></span> <span class='ocrx_word' id='word_1_404' title='bbox 2554 3141 2750 3197; x_wconf 78' lang='lat' dir='ltr'><strong>inferni</strong></span> <span class='ocrx_word' id='word_1_405' title='bbox 2780 3156 2943 3211; x_wconf 78' lang='lat' dir='ltr'><strong>regna</strong></span> <span class='ocrx_word' id='word_1_406' title='bbox 2981 3140 3255 3200; x_wconf 78' lang='lat' dir='ltr'><strong>dissolvit,</strong></span> <span class='ocrx_word' id='word_1_407' title='bbox 3308 3153 3428 3191; x_wconf 88' lang='lat' dir='ltr'><strong>om-</strong></span> 
     </span>
    </p>
   </div>
   <div class='ocr_carea' id='block_1_71' title="bbox 1782 3232 2967 3318">
    <p class='ocr_par' dir='ltr' id='par_1_71' title="bbox 1782 3232 2967 3318">
     <span class='ocr_line' id='line_1_71' title="bbox 1782 3232 2967 3318; baseline 0 -35"><span class='ocrx_word' id='word_1_408' title='bbox 1782 3260 1825 3318; x_wconf 63' lang='grc' dir='ltr'><em>ε</em></span> <span class='ocrx_word' id='word_1_409' title='bbox 1859 3247 2065 3302; x_wconf 80' lang='lat' dir='ltr'><strong>nesque</strong></span> <span class='ocrx_word' id='word_1_410' title='bbox 2092 3232 2309 3303; x_wconf 81' lang='lat' dir='ltr'><strong>colligat</strong></span> <span class='ocrx_word' id='word_1_411' title='bbox 2349 3232 2414 3286; x_wconf 88' lang='lat' dir='ltr'><strong>ad</strong></span> <span class='ocrx_word' id='word_1_412' title='bbox 2443 3232 2816 3303; x_wconf 74' lang='lat' dir='ltr'><strong>cognitionem</strong></span> <span class='ocrx_word' id='word_1_413' title='bbox 2858 3233 2967 3285; x_wconf 92' lang='lat' dir='ltr'><strong>sui.</strong></span> 
     </span>
    </p>
   </div>
   <div class='ocr_carea' id='block_1_72' title="bbox 1920 3403 3424 3475">
    <p class='ocr_par' dir='ltr' id='par_1_72' title="bbox 1920 3403 3424 3475">
     <span class='ocr_line' id='line_1_72' title="bbox 1920 3403 3424 3475; baseline -0.002 -17"><span class='ocrx_word' id='word_1_414' title='bbox 1920 3403 2166 3475; x_wconf 78' lang='lat' dir='ltr'><strong>Exsurge</strong></span> <span class='ocrx_word' id='word_1_415' title='bbox 2195 3405 2371 3474; x_wconf 90' lang='lat' dir='ltr'><strong>palam</strong></span> <span class='ocrx_word' id='word_1_416' title='bbox 2404 3407 2457 3459; x_wconf 90' lang='lat' dir='ltr'><strong>in</strong></span> <span class='ocrx_word' id='word_1_417' title='bbox 2514 3406 2776 3460; x_wconf 80' lang='lat' dir='ltr'><strong>auxilium</strong></span> <span class='ocrx_word' id='word_1_418' title='bbox 2812 3414 3084 3469; x_wconf 89' lang='lat' dir='ltr'><strong>nostrum,</strong></span> <span class='ocrx_word' id='word_1_419' title='bbox 3130 3411 3184 3459; x_wconf 88' lang='lat' dir='ltr'><strong>te</strong></span> <span class='ocrx_word' id='word_1_420' title='bbox 3234 3418 3424 3473; x_wconf 85' lang='lat' dir='ltr'><strong>preca-</strong></span> 
     </span>
    </p>
   </div>
   <div class='ocr_carea' id='block_1_73' title="bbox 1852 3497 3426 3569">
    <p class='ocr_par' dir='ltr' id='par_1_73' title="bbox 1852 3497 3426 3569">
     <span class='ocr_line' id='line_1_73' title="bbox 1852 3497 3426 3569; baseline -0.002 -20"><span class='ocrx_word' id='word_1_421' title='bbox 1852 3511 1997 3563; x_wconf 88' lang='lat' dir='ltr'><strong>mur,</strong></span> <span class='ocrx_word' id='word_1_422' title='bbox 2040 3512 2073 3550; x_wconf 92' lang='grc' dir='ltr'>ο</span> <span class='ocrx_word' id='word_1_423' title='bbox 2098 3497 2282 3551; x_wconf 85' lang='lat' dir='ltr'><strong>Puella</strong></span> <span class='ocrx_word' id='word_1_424' title='bbox 2307 3498 2416 3552; x_wconf 92' lang='lat' dir='ltr'><strong>Deo</strong></span> <span class='ocrx_word' id='word_1_425' title='bbox 2434 3500 2740 3569; x_wconf 82' lang='lat' dir='ltr'><strong>gratissima</strong></span> <span class='ocrx_word' id='word_1_426' title='bbox 2769 3515 2783 3561; x_wconf 86' lang='lat'><strong>;</strong></span> <span class='ocrx_word' id='word_1_427' title='bbox 2804 3508 2856 3551; x_wconf 90' lang='lat' dir='ltr'><strong>et</strong></span> <span class='ocrx_word' id='word_1_428' title='bbox 2878 3497 3084 3551; x_wconf 77' lang='lat' dir='ltr'><strong>redime</strong></span> <span class='ocrx_word' id='word_1_429' title='bbox 3117 3511 3218 3551; x_wconf 91' lang='lat' dir='ltr'><strong>nos</strong></span> <span class='ocrx_word' id='word_1_430' title='bbox 3240 3511 3268 3549; x_wconf 90' lang='lat' dir='ltr'><strong>a</strong></span> <span class='ocrx_word' id='word_1_431' title='bbox 3308 3503 3426 3549; x_wconf 89' lang='lat' dir='ltr'><strong>ten-</strong></span> 
     </span>
    </p>
   </div>
   <div class='ocr_carea' id='block_1_74' title="bbox 1855 3587 3178 3656">
    <p class='ocr_par' dir='ltr' id='par_1_74' title="bbox 1855 3587 3178 3656">
     <span class='ocr_line' id='line_1_74' title="bbox 1855 3587 3178 3656; baseline 0.003 -18"><span class='ocrx_word' id='word_1_432' title='bbox 1855 3587 2153 3642; x_wconf 87' lang='lat' dir='ltr'><strong>tationibus</strong></span> <span class='ocrx_word' id='word_1_433' title='bbox 2182 3598 2236 3642; x_wconf 93' lang='lat' dir='ltr'><strong>et</strong></span> <span class='ocrx_word' id='word_1_434' title='bbox 2256 3590 2774 3643; x_wconf 84' lang='lat' dir='ltr'><strong>comminationibus</strong></span> <span class='ocrx_word' id='word_1_435' title='bbox 2807 3588 3178 3656; x_wconf 85' lang='lat' dir='ltr'><strong>sempiternis.</strong></span> 
     </span>
    </p>
   </div>
   <div class='ocr_carea' id='block_1_75' title="bbox 1922 3677 3420 3750">
    <p class='ocr_par' dir='ltr' id='par_1_75' title="bbox 1922 3677 3420 3750">
     <span class='ocr_line' id='line_1_75' title="bbox 1922 3677 3420 3750; baseline 0.002 -19"><span class='ocrx_word' id='word_1_436' title='bbox 1922 3677 2140 3733; x_wconf 86' lang='lat' dir='ltr'><strong>Postula</strong></span> <span class='ocrx_word' id='word_1_437' title='bbox 2173 3680 2325 3743; x_wconf 91' lang='lat' dir='ltr'><strong>mibi,</strong></span> <span class='ocrx_word' id='word_1_438' title='bbox 2352 3695 2384 3733; x_wconf 89' lang='grc' dir='ltr'>ο</span> <span class='ocrx_word' id='word_1_439' title='bbox 2410 3681 2753 3735; x_wconf 85' lang='lat' dir='ltr'><strong>sam-tissima</strong></span> <span class='ocrx_word' id='word_1_440' title='bbox 2785 3691 2956 3744; x_wconf 86' lang='lat' dir='ltr'><strong>casta,</strong></span> <span class='ocrx_word' id='word_1_441' title='bbox 2984 3681 3420 3750; x_wconf 87' lang='lat' dir='ltr'><strong>propitiatiom-m</strong></span> 
     </span>
    </p>
   </div>
   <div class='ocr_carea' id='block_1_76' title="bbox 1852 3776 3422 3841">
    <p class='ocr_par' dir='ltr' id='par_1_76' title="bbox 1852 3776 3422 3841">
     <span class='ocr_line' id='line_1_76' title="bbox 1852 3776 3422 3841; baseline 0.001 -16"><span class='ocrx_word' id='word_1_442' title='bbox 1852 3781 2196 3841; x_wconf 85' lang='lat' dir='ltr'><strong>peccatorum</strong></span> <span class='ocrx_word' id='word_1_443' title='bbox 2256 3787 2525 3833; x_wconf 88' lang='lat' dir='ltr'><strong>meorum,</strong></span> <span class='ocrx_word' id='word_1_444' title='bbox 2594 3782 2648 3827; x_wconf 80' lang='lat' dir='ltr'><strong>et</strong></span> <span class='ocrx_word' id='word_1_445' title='bbox 2721 3788 2937 3835; x_wconf 87' lang='lat' dir='ltr'><strong>manum</strong></span> <span class='ocrx_word' id='word_1_446' title='bbox 3003 3782 3151 3826; x_wconf 88' lang='lat' dir='ltr'><strong>tuam</strong></span> <span class='ocrx_word' id='word_1_447' title='bbox 3209 3776 3422 3841; x_wconf 65' lang='lat' dir='ltr'><strong>porrige</strong></span> 
     </span>
    </p>
   </div>
   <div class='ocr_carea' id='block_1_77' title="bbox 1852 3863 3422 3936">
    <p class='ocr_par' dir='ltr' id='par_1_77' title="bbox 1852 3863 3422 3936">
     <span class='ocr_line' id='line_1_77' title="bbox 1852 3863 3422 3936; baseline 0.003 -20"><span class='ocrx_word' id='word_1_448' title='bbox 1852 3864 1983 3916; x_wconf 90' lang='lat' dir='ltr'><strong>mihi</strong></span> <span class='ocrx_word' id='word_1_449' title='bbox 2015 3863 2067 3916; x_wconf 92' lang='lat' dir='ltr'><strong>in</strong></span> <span class='ocrx_word' id='word_1_450' title='bbox 2095 3865 2285 3934; x_wconf 83' lang='lat' dir='ltr'><strong>pelago</strong></span> <span class='ocrx_word' id='word_1_451' title='bbox 2305 3867 2658 3919; x_wconf 63' lang='lat' dir='ltr'><strong>alllictio-uim</strong></span> <span class='ocrx_word' id='word_1_452' title='bbox 2680 3868 2911 3936; x_wconf 79' lang='lat' dir='ltr'><strong>graviter</strong></span> <span class='ocrx_word' id='word_1_453' title='bbox 2936 3867 3251 3932; x_wconf 83' lang='lat' dir='ltr'><strong>ﬂuctuanti;</strong></span> <span class='ocrx_word' id='word_1_454' title='bbox 3280 3882 3331 3921; x_wconf 91' lang='lat' dir='ltr'><strong>ut</strong></span> <span class='ocrx_word' id='word_1_455' title='bbox 3370 3879 3422 3921; x_wconf 92' lang='lat' dir='ltr'><strong>tc</strong></span> 
     </span>
    </p>
   </div>
   <div class='ocr_carea' id='block_1_78' title="bbox 1850 3955 3423 4030">
    <p class='ocr_par' dir='ltr' id='par_1_78' title="bbox 1850 3955 3423 4030">
     <span class='ocr_line' id='line_1_78' title="bbox 1850 3955 3423 4030; baseline 0.004 -22"><span class='ocrx_word' id='word_1_456' title='bbox 1850 3955 2176 4019; x_wconf 88' lang='lat' dir='ltr'><strong>beatilicem,</strong></span> <span class='ocrx_word' id='word_1_457' title='bbox 2207 3965 2264 4009; x_wconf 91' lang='lat' dir='ltr'><strong>ut</strong></span> <span class='ocrx_word' id='word_1_458' title='bbox 2297 3958 2525 4011; x_wconf 85' lang='lat' dir='ltr'><strong>lideliter</strong></span> <span class='ocrx_word' id='word_1_459' title='bbox 2562 3959 2849 4027; x_wconf 69' lang='lat' dir='ltr'><strong>praedicem</strong></span> <span class='ocrx_word' id='word_1_460' title='bbox 2902 3958 3271 4014; x_wconf 82' lang='lat' dir='ltr'><strong>lirniissiutum</strong></span> <span class='ocrx_word' id='word_1_461' title='bbox 3332 3978 3423 4030; x_wconf 77' lang='lat' dir='ltr'><strong>pa-</strong></span> 
     </span>
    </p>
   </div>
   <div class='ocr_carea' id='block_1_79' title="bbox 1851 4046 2357 4101">
    <p class='ocr_par' dir='ltr' id='par_1_79' title="bbox 1851 4046 2357 4101">
     <span class='ocr_line' id='line_1_79' title="bbox 1851 4046 2357 4101; baseline -0.008 -2"><span class='ocrx_word' id='word_1_462' title='bbox 1851 4046 2143 4100; x_wconf 89' lang='lat' dir='ltr'><strong>trocinium</strong></span> <span class='ocrx_word' id='word_1_463' title='bbox 2181 4057 2357 4101; x_wconf 86' lang='lat' dir='ltr'><strong>tuum.</strong></span> 
     </span>
    </p>
   </div>
   <div class='ocr_carea' id='block_1_80' title="bbox 1919 4136 3414 4211">
    <p class='ocr_par' dir='ltr' id='par_1_80' title="bbox 1919 4136 3414 4211">
     <span class='ocr_line' id='line_1_80' title="bbox 1919 4136 3414 4211; baseline 0.003 -22"><span class='ocrx_word' id='word_1_464' title='bbox 1919 4136 2081 4191; x_wconf 84' lang='lat' dir='ltr'><strong>Lucis</strong></span> <span class='ocrx_word' id='word_1_465' title='bbox 2117 4139 2517 4207; x_wconf 75' lang='lat' dir='ltr'><strong>receptaculum</strong></span> <span class='ocrx_word' id='word_1_466' title='bbox 2560 4138 2703 4193; x_wconf 80' lang='lat' dir='ltr'><strong>facta</strong></span> <span class='ocrx_word' id='word_1_467' title='bbox 2727 4156 2807 4204; x_wconf 88' lang='lat' dir='ltr'><strong>es,</strong></span> <span class='ocrx_word' id='word_1_468' title='bbox 2833 4156 2865 4193; x_wconf 91' lang='grc' dir='ltr'><strong>ο</strong></span> <span class='ocrx_word' id='word_1_469' title='bbox 2925 4140 3088 4211; x_wconf 77' lang='lat' dir='ltr'><strong>Virgo</strong></span> <span class='ocrx_word' id='word_1_470' title='bbox 3144 4141 3414 4195; x_wconf 59' lang='lat' dir='ltr'><strong>immatu-</strong></span> 
     </span>
    </p>
   </div>
   <div class='ocr_carea' id='block_1_81' title="bbox 1850 4227 3417 4301">
    <p class='ocr_par' dir='ltr' id='par_1_81' title="bbox 1850 4227 3417 4301">
     <span class='ocr_line' id='line_1_81' title="bbox 1850 4227 3417 4301; baseline 0.004 -21"><span class='ocrx_word' id='word_1_471' title='bbox 1850 4227 1976 4293; x_wconf 90' lang='lat' dir='ltr'><strong>lata,</strong></span> <span class='ocrx_word' id='word_1_472' title='bbox 2005 4239 2059 4283; x_wconf 89' lang='lat' dir='ltr'><strong>et</strong></span> <span class='ocrx_word' id='word_1_473' title='bbox 2091 4230 2316 4283; x_wconf 87' lang='lat' dir='ltr'><strong>thronus</strong></span> <span class='ocrx_word' id='word_1_474' title='bbox 2343 4230 2503 4299; x_wconf 76' lang='lat' dir='ltr'><strong>Regis</strong></span> <span class='ocrx_word' id='word_1_475' title='bbox 2531 4232 2795 4292; x_wconf 88' lang='lat' dir='ltr'><strong>universi,</strong></span> <span class='ocrx_word' id='word_1_476' title='bbox 2826 4232 2877 4284; x_wconf 92' lang='lat' dir='ltr'><strong>iu</strong></span> <span class='ocrx_word' id='word_1_477' title='bbox 2907 4248 3017 4301; x_wconf 90' lang='lat' dir='ltr'><strong>qun</strong></span> <span class='ocrx_word' id='word_1_478' title='bbox 3041 4248 3166 4287; x_wconf 90' lang='lat' dir='ltr'><strong>cum</strong></span> <span class='ocrx_word' id='word_1_479' title='bbox 3221 4249 3417 4287; x_wconf 84' lang='lat' dir='ltr'><strong>conse-</strong></span> 
     </span>
    </p>
   </div>
   <div class='ocr_carea' id='block_1_82' title="bbox 172 4292 1753 4390">
    <p class='ocr_par' dir='ltr' id='par_1_82' title="bbox 172 4292 1748 4379">
     <span class='ocr_line' id='line_1_82' title="bbox 172 4292 1748 4379; baseline 0.01 -35"><span class='ocrx_word' id='word_1_480' title='bbox 172 4292 466 4363; x_wconf 74' lang='grc' dir='ltr'>πτώματος</span> <span class='ocrx_word' id='word_1_481' title='bbox 492 4294 717 4364; x_wconf 68' lang='grc' dir='ltr'>ἧγειρεν</span> <span class='ocrx_word' id='word_1_482' title='bbox 744 4296 912 4365; x_wconf 77' lang='grc' dir='ltr'>ἡμᾶς,</span> <span class='ocrx_word' id='word_1_483' title='bbox 955 4297 1052 4351; x_wconf 81' lang='grc' dir='ltr'><strong>καὶ</strong></span> <span class='ocrx_word' id='word_1_484' title='bbox 1071 4301 1136 4369; x_wconf 75' lang='grc' dir='ltr'>τῇ</span> <span class='ocrx_word' id='word_1_485' title='bbox 1176 4301 1462 4374; x_wconf 82' lang='grc' dir='ltr'>συνεδρείᾳ</span> <span class='ocrx_word' id='word_1_486' title='bbox 1519 4307 1583 4376; x_wconf 76' lang='grc' dir='ltr'>τῇ</span> <span class='ocrx_word' id='word_1_487' title='bbox 1628 4305 1748 4379; x_wconf 79' lang='grc' dir='ltr'>θείᾳ</span> 
     </span>
    </p>
   </div>
   <div class='ocr_carea' id='block_1_83' title="bbox 1856 4292 3412 4390">
    <p class='ocr_par' dir='ltr' id='par_1_83' title="bbox 1856 4292 3412 4390">
     <span class='ocr_line' id='line_1_83' title="bbox 1856 4292 3412 4390; baseline 0.001 -18"><span class='ocrx_word' id='word_1_488' title='bbox 1856 4292 2034 4379; x_wconf 75' lang='lat' dir='ltr'><strong>disset,</strong></span> <span class='ocrx_word' id='word_1_489' title='bbox 2069 4320 2137 4372; x_wconf 87' lang='lat' dir='ltr'><strong>ab</strong></span> <span class='ocrx_word' id='word_1_490' title='bbox 2168 4323 2393 4390; x_wconf 90' lang='lat' dir='ltr'><strong>antiquo</strong></span> <span class='ocrx_word' id='word_1_491' title='bbox 2424 4292 2555 4375; x_wconf 68' lang='lat' dir='ltr'><strong>casu</strong></span> <span class='ocrx_word' id='word_1_492' title='bbox 2608 4323 2865 4375; x_wconf 81' lang='lat' dir='ltr'><strong>excitavit</strong></span> <span class='ocrx_word' id='word_1_493' title='bbox 2904 4292 3023 4384; x_wconf 78' lang='lat' dir='ltr'><strong>nos,</strong></span> <span class='ocrx_word' id='word_1_494' title='bbox 3057 4331 3110 4376; x_wconf 92' lang='lat' dir='ltr'><strong>et</strong></span> <span class='ocrx_word' id='word_1_495' title='bbox 3179 4325 3243 4375; x_wconf 83' lang='lat' dir='ltr'><strong>ad</strong></span> <span class='ocrx_word' id='word_1_496' title='bbox 3275 4324 3412 4377; x_wconf 81' lang='lat' dir='ltr'><strong>divi-</strong></span> 
     </span>
    </p>
   </div>
   <div class='ocr_carea' id='block_1_84' title="bbox 170 4384 1743 4464">
    <p class='ocr_par' dir='ltr' id='par_1_84' title="bbox 170 4384 1743 4464">
     <span class='ocr_line' id='line_1_84' title="bbox 170 4384 1743 4464; baseline 0.01 -27"><span class='ocrx_word' id='word_1_497' title='bbox 170 4384 403 4456; x_wconf 71' lang='grc' dir='ltr'>ιτίμησε</span> <span class='ocrx_word' id='word_1_498' title='bbox 425 4385 551 4449; x_wconf 78' lang='grc' dir='ltr'>τοὺς</span> <span class='ocrx_word' id='word_1_499' title='bbox 579 4384 641 4439; x_wconf 71' lang='grc' dir='ltr'><strong>ιν</strong></span> <span class='ocrx_word' id='word_1_500' title='bbox 670 4386 852 4441; x_wconf 83' lang='grc' dir='ltr'>πίστει</span> <span class='ocrx_word' id='word_1_501' title='bbox 886 4388 985 4442; x_wconf 75' lang='grc' dir='ltr'><strong>καὶ</strong></span> <span class='ocrx_word' id='word_1_502' title='bbox 1030 4390 1180 4461; x_wconf 78' lang='grc' dir='ltr'>πόθῳ</span> <span class='ocrx_word' id='word_1_503' title='bbox 1202 4407 1267 4445; x_wconf 80' lang='grc' dir='ltr'><strong>σε</strong></span> <span class='ocrx_word' id='word_1_504' title='bbox 1319 4395 1743 4464; x_wconf 81' lang='grc' dir='ltr'>μεγαλύνοντας.</span> 
     </span>
    </p>
   </div>
   <div class='ocr_carea' id='block_1_85' title="bbox 1848 4413 3416 4484">
    <p class='ocr_par' dir='ltr' id='par_1_85' title="bbox 1848 4413 3416 4484">
     <span class='ocr_line' id='line_1_85' title="bbox 1848 4413 3416 4484; baseline 0.004 -22"><span class='ocrx_word' id='word_1_505' title='bbox 1848 4425 1976 4464; x_wconf 90' lang='lat' dir='ltr'><strong>num</strong></span> <span class='ocrx_word' id='word_1_506' title='bbox 2041 4426 2361 4466; x_wconf 89' lang='lat' dir='ltr'><strong>consessum</strong></span> <span class='ocrx_word' id='word_1_507' title='bbox 2409 4414 2731 4482; x_wconf 67' lang='lat' dir='ltr'><strong>praeparavit</strong></span> <span class='ocrx_word' id='word_1_508' title='bbox 2783 4430 2879 4469; x_wconf 87' lang='lat' dir='ltr'><strong>eos</strong></span> <span class='ocrx_word' id='word_1_509' title='bbox 2928 4414 3021 4484; x_wconf 89' lang='lat' dir='ltr'><strong>qui</strong></span> <span class='ocrx_word' id='word_1_510' title='bbox 3076 4428 3202 4469; x_wconf 89' lang='lat' dir='ltr'><strong>cum</strong></span> <span class='ocrx_word' id='word_1_511' title='bbox 3233 4413 3336 4469; x_wconf 81' lang='lat' dir='ltr'><strong>ﬁde</strong></span> <span class='ocrx_word' id='word_1_512' title='bbox 3361 4425 3416 4468; x_wconf 90' lang='lat' dir='ltr'><strong>ct</strong></span> 
     </span>
    </p>
   </div>
   <div class='ocr_carea' id='block_1_86' title="bbox 1847 4503 2539 4573">
    <p class='ocr_par' dir='ltr' id='par_1_86' title="bbox 1847 4503 2539 4573">
     <span class='ocr_line' id='line_1_86' title="bbox 1847 4503 2539 4573; baseline 0.006 -16"><span class='ocrx_word' id='word_1_513' title='bbox 1847 4503 2042 4559; x_wconf 81' lang='lat' dir='ltr'><strong>aﬂ’ectu</strong></span> <span class='ocrx_word' id='word_1_514' title='bbox 2080 4504 2428 4573; x_wconf 75' lang='lat' dir='ltr'><strong>magniﬁcam</strong></span> <span class='ocrx_word' id='word_1_515' title='bbox 2465 4513 2539 4560; x_wconf 93' lang='lat' dir='ltr'><strong>te.</strong></span> 
     </span>
    </p>
   </div>
   <div class='ocr_carea' id='block_1_87' title="bbox 182 4596 1753 4691">
    <p class='ocr_par' dir='ltr' id='par_1_87' title="bbox 182 4596 1737 4691">
     <span class='ocr_line' id='line_1_87' title="bbox 182 4596 1737 4691; baseline 0.01 -39"><span class='ocrx_word' id='word_1_516' title='bbox 182 4598 280 4653; x_wconf 70' lang='grc' dir='ltr'><strong>Ἐκ</strong></span> <span class='ocrx_word' id='word_1_517' title='bbox 305 4596 415 4653; x_wconf 84' lang='grc' dir='ltr'>τοῦ</span> <span class='ocrx_word' id='word_1_518' title='bbox 434 4598 806 4691; x_wconf 57' lang='grc' dir='ltr'>Κανόνας-εἱς</span> <span class='ocrx_word' id='word_1_519' title='bbox 831 4601 938 4691; x_wconf 51' lang='lat' dir='ltr'><strong>tor</strong></span> <span class='ocrx_word' id='word_1_520' title='bbox 956 4601 1166 4691; x_wconf 53' lang='lat' dir='ltr'><strong>(fy-tarn</strong></span> <span class='ocrx_word' id='word_1_521' title='bbox 1175 4603 1447 4691; x_wconf 66' lang='grc' dir='ltr'>μάρτυρα</span> <span class='ocrx_word' id='word_1_522' title='bbox 1493 4610 1737 4667; x_wconf 70' lang='grc' dir='ltr'>Βασιλί-</span> 
     </span>
    </p>
   </div>
   <div class='ocr_carea' id='block_1_88' title="bbox 1856 4596 3410 4691">
    <p class='ocr_par' dir='ltr' id='par_1_88' title="bbox 1856 4615 3410 4691">
     <span class='ocr_line' id='line_1_88' title="bbox 1856 4615 3410 4691; baseline 0.001 -20"><span class='ocrx_word' id='word_1_523' title='bbox 1856 4615 2009 4686; x_wconf 77' lang='lat'><strong>115</strong></span> <span class='ocrx_word' id='word_1_524' title='bbox 2036 4616 2119 4670; x_wconf 75' lang='lat' dir='ltr'><strong>Ea:</strong></span> <span class='ocrx_word' id='word_1_525' title='bbox 2178 4616 2392 4672; x_wconf 76' lang='lat' dir='ltr'><strong>Conone</strong></span> <span class='ocrx_word' id='word_1_526' title='bbox 2423 4618 2477 4671; x_wconf 80' lang='lat' dir='ltr'><strong>in</strong></span> <span class='ocrx_word' id='word_1_527' title='bbox 2504 4689 2511 4691; x_wconf 10' lang='grc' dir='ltr'>ξ</span> <span class='ocrx_word' id='word_1_528' title='bbox 2536 4618 2669 4686; x_wconf 79' lang='lat' dir='ltr'><strong>[esto</strong></span> <span class='ocrx_word' id='word_1_529' title='bbox 2700 4619 2759 4675; x_wconf 89' lang='lat' dir='ltr'><strong>S.</strong></span> <span class='ocrx_word' id='word_1_530' title='bbox 2816 4620 3071 4675; x_wconf 78' lang='lat' dir='ltr'><strong>Basilisci</strong></span> <span class='ocrx_word' id='word_1_531' title='bbox 3132 4622 3410 4691; x_wconf 76' lang='lat' dir='ltr'><strong>martyris,</strong></span> 
     </span>
    </p>
   </div>
   <div class='ocr_carea' id='block_1_89' title="bbox 673 4671 1224 4741">
    <p class='ocr_par' dir='ltr' id='par_1_89' title="bbox 673 4671 1224 4741">
     <span class='ocr_line' id='line_1_89' title="bbox 673 4671 1224 4741; baseline 0.011 -19"><span class='ocrx_word' id='word_1_532' title='bbox 673 4685 851 4735; x_wconf 74' lang='grc' dir='ltr'>σκον,</span> <span class='ocrx_word' id='word_1_533' title='bbox 873 4671 1224 4741; x_wconf 58' lang='grc' dir='ltr'><strong>ήμέρςικβκ</strong></span> 
     </span>
    </p>
   </div>
   <div class='ocr_carea' id='block_1_90' title="bbox 236 4780 1739 4858">
    <p class='ocr_par' dir='ltr' id='par_1_90' title="bbox 236 4780 1739 4858">
     <span class='ocr_line' id='line_1_90' title="bbox 236 4780 1739 4858; baseline 0.008 -25"><span class='ocrx_word' id='word_1_534' title='bbox 236 4780 414 4834; x_wconf 80' lang='grc' dir='ltr'>Πόκον</span> <span class='ocrx_word' id='word_1_535' title='bbox 430 4782 685 4853; x_wconf 83' lang='grc' dir='ltr'>προεώρα</span> <span class='ocrx_word' id='word_1_536' title='bbox 707 4782 911 4837; x_wconf 83' lang='grc' dir='ltr'>Γεδεὼν</span> <span class='ocrx_word' id='word_1_537' title='bbox 928 4783 1030 4855; x_wconf 82' lang='grc' dir='ltr'><strong>τὴν</strong></span> <span class='ocrx_word' id='word_1_538' title='bbox 1057 4784 1327 4856; x_wconf 76' lang='grc' dir='ltr'>ἄχραντον</span> <span class='ocrx_word' id='word_1_539' title='bbox 1350 4790 1590 4858; x_wconf 63' lang='grc' dir='ltr'>γαστέρα</span> <span class='ocrx_word' id='word_1_540' title='bbox 1620 4807 1739 4857; x_wconf 87' lang='grc' dir='ltr'>σου,</span> 
     </span>
    </p>
   </div>
   <div class='ocr_carea' id='block_1_91' title="bbox 167 4874 1742 4951">
    <p class='ocr_par' dir='ltr' id='par_1_91' title="bbox 167 4874 1742 4951">
     <span class='ocr_line' id='line_1_91' title="bbox 167 4874 1742 4951; baseline 0.009 -25"><span class='ocrx_word' id='word_1_541' title='bbox 167 4874 356 4942; x_wconf 80' lang='grc' dir='ltr'>δρόσον</span> <span class='ocrx_word' id='word_1_542' title='bbox 369 4874 471 4940; x_wconf 70' lang='grc' dir='ltr'>τὴν</span> <span class='ocrx_word' id='word_1_543' title='bbox 489 4875 761 4946; x_wconf 78' lang='grc' dir='ltr'>οὐράνιον,</span> <span class='ocrx_word' id='word_1_544' title='bbox 795 4876 1061 4947; x_wconf 78' lang='grc' dir='ltr'>Παρθένε,</span> <span class='ocrx_word' id='word_1_545' title='bbox 1108 4878 1428 4951; x_wconf 69' lang='grc' dir='ltr'>δεξαμένην,</span> <span class='ocrx_word' id='word_1_546' title='bbox 1472 4883 1742 4950; x_wconf 81' lang='grc' dir='ltr'>θαλάσσας</span> 
     </span>
    </p>
   </div>
   <div class='ocr_carea' id='block_1_92' title="bbox 169 4966 1738 5049">
    <p class='ocr_par' dir='ltr' id='par_1_92' title="bbox 169 4966 1738 5049">
     <span class='ocr_line' id='line_1_92' title="bbox 169 4966 1738 5049; baseline 0.01 -33"><span class='ocrx_word' id='word_1_547' title='bbox 169 4966 743 5038; x_wconf 52' lang='grc' dir='ltr'>ξηραίνουσανριίόρη,</span> <span class='ocrx_word' id='word_1_548' title='bbox 768 4969 869 5040; x_wconf 84' lang='grc' dir='ltr'>τῆς</span> <span class='ocrx_word' id='word_1_549' title='bbox 891 4968 1110 5035; x_wconf 77' lang='grc' dir='ltr'>ἀθεῖας,</span> <span class='ocrx_word' id='word_1_550' title='bbox 1136 4972 1233 5026; x_wconf 76' lang='grc' dir='ltr'><strong>καὶ</strong></span> <span class='ocrx_word' id='word_1_551' title='bbox 1260 4974 1522 5040; x_wconf 79' lang='grc' dir='ltr'>τακείσας</span> <span class='ocrx_word' id='word_1_552' title='bbox 1539 4977 1738 5049; x_wconf 72' lang='grc' dir='ltr'>ἀρδεύο</span> 
     </span>
    </p>
   </div>
   <div class='ocr_carea' id='block_1_93' title="bbox 164 5049 588 5129">
    <p class='ocr_par' dir='ltr' id='par_1_93' title="bbox 164 5049 588 5129">
     <span class='ocr_line' id='line_1_93' title="bbox 164 5049 588 5129; baseline 0.002 -16"><span class='ocrx_word' id='word_1_553' title='bbox 164 5076 335 5114; x_wconf 84' lang='grc' dir='ltr'>ουσαν</span> <span class='ocrx_word' id='word_1_554' title='bbox 355 5049 588 5129; x_wconf 54' lang='lat' dir='ltr'><strong>madviq.</strong></span> 
     </span>
    </p>
   </div>
   <div class='ocr_carea' id='block_1_94' title="bbox 236 5148 1738 5226">
    <p class='ocr_par' dir='ltr' id='par_1_94' title="bbox 236 5148 1738 5226">
     <span class='ocr_line' id='line_1_94' title="bbox 236 5148 1738 5226; baseline 0.009 -25"><span class='ocrx_word' id='word_1_555' title='bbox 236 5149 468 5221; x_wconf 80' lang='grc' dir='ltr'>Εὔροιμί</span> <span class='ocrx_word' id='word_1_556' title='bbox 499 5167 581 5217; x_wconf 85' lang='grc' dir='ltr'><strong>σε,</strong></span> <span class='ocrx_word' id='word_1_557' title='bbox 622 5151 891 5221; x_wconf 80' lang='grc' dir='ltr'>πάναγνε,</span> <span class='ocrx_word' id='word_1_558' title='bbox 921 5148 1383 5225; x_wconf 83' lang='grc' dir='ltr'>χειραγωγοῢσάν</span> <span class='ocrx_word' id='word_1_559' title='bbox 1415 5173 1483 5226; x_wconf 86' lang='grc' dir='ltr'><strong>με</strong></span> <span class='ocrx_word' id='word_1_560' title='bbox 1508 5157 1738 5214; x_wconf 81' lang='grc' dir='ltr'>πάντοτε</span> 
     </span>
    </p>
   </div>
   <div class='ocr_carea' id='block_1_95' title="bbox 165 5240 1733 5321">
    <p class='ocr_par' dir='ltr' id='par_1_95' title="bbox 165 5240 1733 5321">
     <span class='ocr_line' id='line_1_95' title="bbox 165 5240 1733 5321; baseline 0.01 -29"><span class='ocrx_word' id='word_1_561' title='bbox 165 5240 301 5309; x_wconf 76' lang='grc' dir='ltr'>πρὺς</span> <span class='ocrx_word' id='word_1_562' title='bbox 324 5241 549 5310; x_wconf 75' lang='grc' dir='ltr'>ἀρετὰς,</span> <span class='ocrx_word' id='word_1_563' title='bbox 579 5243 676 5299; x_wconf 74' lang='grc' dir='ltr'><strong>καὶ</strong></span> <span class='ocrx_word' id='word_1_564' title='bbox 706 5244 842 5316; x_wconf 77' lang='grc' dir='ltr'>πρὸς</span> <span class='ocrx_word' id='word_1_565' title='bbox 869 5247 1161 5317; x_wconf 86' lang='grc' dir='ltr'>μετανοίας</span> <span class='ocrx_word' id='word_1_566' title='bbox 1185 5247 1286 5313; x_wconf 83' lang='grc' dir='ltr'>τὰς</span> <span class='ocrx_word' id='word_1_567' title='bbox 1306 5250 1460 5316; x_wconf 74' lang='grc' dir='ltr'>ὀδοὺς</span> <span class='ocrx_word' id='word_1_568' title='bbox 1489 5252 1733 5321; x_wconf 61' lang='grc' dir='ltr'>ἐμϐιϐα-</span> 
     </span>
    </p>
   </div>
   <div class='ocr_carea' id='block_1_96' title="bbox 164 5330 384 5395">
    <p class='ocr_par' dir='ltr' id='par_1_96' title="bbox 164 5330 384 5395">
     <span class='ocr_line' id='line_1_96' title="bbox 164 5330 384 5395; baseline 0.014 -12"><span class='ocrx_word' id='word_1_569' title='bbox 164 5330 384 5395; x_wconf 81' lang='grc' dir='ltr'>ζουσαν.</span> 
     </span>
    </p>
   </div>
   <div class='ocr_carea' id='block_1_97' title="bbox 229 5422 1734 5505">
    <p class='ocr_par' dir='ltr' id='par_1_97' title="bbox 229 5422 1734 5505">
     <span class='ocr_line' id='line_1_97' title="bbox 229 5422 1734 5505; baseline 0.009 -30"><span class='ocrx_word' id='word_1_570' title='bbox 229 5422 305 5475; x_wconf 75' lang='lat'><strong>‘0</strong></span> <span class='ocrx_word' id='word_1_571' title='bbox 318 5424 505 5497; x_wconf 78' lang='grc' dir='ltr'>Πατρὶ</span> <span class='ocrx_word' id='word_1_572' title='bbox 530 5426 810 5498; x_wconf 77' lang='grc' dir='ltr'>δμοούσιος</span> <span class='ocrx_word' id='word_1_573' title='bbox 843 5428 1002 5503; x_wconf 77' lang='grc' dir='ltr'>ὤφθη</span> <span class='ocrx_word' id='word_1_574' title='bbox 1031 5432 1176 5487; x_wconf 76' lang='grc' dir='ltr'><strong>κατὰ</strong></span> <span class='ocrx_word' id='word_1_575' title='bbox 1202 5435 1376 5489; x_wconf 69' lang='grc' dir='ltr'>πάντα</span> <span class='ocrx_word' id='word_1_576' title='bbox 1400 5434 1586 5505; x_wconf 79' lang='grc' dir='ltr'>ὅμοιος</span> <span class='ocrx_word' id='word_1_577' title='bbox 1640 5436 1734 5489; x_wconf 79' lang='grc' dir='ltr'><strong>ἀν-</strong></span> 
     </span>
    </p>
   </div>
   <div class='ocr_carea' id='block_1_98' title="bbox 2478 4689 2706 4744">
    <p class='ocr_par' dir='ltr' id='par_1_98' title="bbox 2478 4689 2706 4744">
     <span class='ocr_line' id='line_1_98' title="bbox 2478 4689 2706 4744; baseline 0.013 -3"><span class='ocrx_word' id='word_1_578' title='bbox 2478 4689 2563 4742; x_wconf 81' lang='lat' dir='ltr'><strong>die</strong></span> <span class='ocrx_word' id='word_1_579' title='bbox 2616 4692 2706 4744; x_wconf 72' lang='grc'><strong>22.</strong></span> 
     </span>
    </p>
   </div>
   <div class='ocr_carea' id='block_1_99' title="bbox 1917 4800 3406 4875">
    <p class='ocr_par' dir='ltr' id='par_1_99' title="bbox 1917 4800 3406 4875">
     <span class='ocr_line' id='line_1_99' title="bbox 1917 4800 3406 4875; baseline 0.002 -20"><span class='ocrx_word' id='word_1_580' title='bbox 1917 4800 2032 4856; x_wconf 88' lang='lat' dir='ltr'><strong>Sub</strong></span> <span class='ocrx_word' id='word_1_581' title='bbox 2052 4802 2268 4857; x_wconf 90' lang='lat' dir='ltr'><strong>velleris</strong></span> <span class='ocrx_word' id='word_1_582' title='bbox 2297 4812 2423 4873; x_wconf 86' lang='lat' dir='ltr'><strong>typo</strong></span> <span class='ocrx_word' id='word_1_583' title='bbox 2445 4806 2691 4875; x_wconf 63' lang='lat' dir='ltr'><strong>praevidit</strong></span> <span class='ocrx_word' id='word_1_584' title='bbox 2723 4806 2943 4860; x_wconf 87' lang='lat' dir='ltr'><strong>Gedeon</strong></span> <span class='ocrx_word' id='word_1_585' title='bbox 3000 4806 3406 4862; x_wconf 87' lang='lat' dir='ltr'><strong>immaculatum</strong></span> 
     </span>
    </p>
   </div>
   <div class='ocr_carea' id='block_1_100' title="bbox 1844 4895 3410 4967">
    <p class='ocr_par' dir='ltr' id='par_1_100' title="bbox 1844 4895 3410 4967">
     <span class='ocr_line' id='line_1_100' title="bbox 1844 4895 3410 4967; baseline -0.001 -16"><span class='ocrx_word' id='word_1_586' title='bbox 1844 4903 2059 4951; x_wconf 88' lang='lat' dir='ltr'><strong>uterum</strong></span> <span class='ocrx_word' id='word_1_587' title='bbox 2090 4905 2313 4960; x_wconf 89' lang='lat' dir='ltr'><strong>tuum,o</strong></span> <span class='ocrx_word' id='word_1_588' title='bbox 2349 4895 2511 4966; x_wconf 74' lang='lat' dir='ltr'><strong>Virgo</strong></span> <span class='ocrx_word' id='word_1_589' title='bbox 2542 4898 2741 4967; x_wconf 89' lang='lat' dir='ltr'><strong>puella,</strong></span> <span class='ocrx_word' id='word_1_590' title='bbox 2774 4899 3046 4953; x_wconf 73' lang='lat' dir='ltr'><strong>cmlestcm</strong></span> <span class='ocrx_word' id='word_1_591' title='bbox 3079 4913 3256 4952; x_wconf 86' lang='lat' dir='ltr'><strong>rorem</strong></span> <span class='ocrx_word' id='word_1_592' title='bbox 3315 4915 3410 4950; x_wconf 72' lang='lat' dir='ltr'><strong>ex-</strong></span> 
     </span>
    </p>
   </div>
   <div class='ocr_carea' id='block_1_101' title="bbox 1841 4987 3413 5056">
    <p class='ocr_par' dir='ltr' id='par_1_101' title="bbox 1841 4987 3413 5056">
     <span class='ocr_line' id='line_1_101' title="bbox 1841 4987 3413 5056; baseline 0.001 -14"><span class='ocrx_word' id='word_1_593' title='bbox 1841 4987 2151 5056; x_wconf 85' lang='lat' dir='ltr'><strong>cipientem,</strong></span> <span class='ocrx_word' id='word_1_594' title='bbox 2182 5003 2247 5042; x_wconf 88' lang='lat' dir='ltr'><strong>ac</strong></span> <span class='ocrx_word' id='word_1_595' title='bbox 2273 4989 2442 5042; x_wconf 86' lang='lat' dir='ltr'><strong>maria</strong></span> <span class='ocrx_word' id='word_1_596' title='bbox 2471 4988 2799 5043; x_wconf 79' lang='lat' dir='ltr'><strong>inﬁdelitatis</strong></span> <span class='ocrx_word' id='word_1_597' title='bbox 2819 4990 3212 5055; x_wconf 79' lang='lat' dir='ltr'><strong>exsiccautem,</strong></span> <span class='ocrx_word' id='word_1_598' title='bbox 3264 5005 3413 5045; x_wconf 84' lang='lat' dir='ltr'><strong>nien-</strong></span> 
     </span>
    </p>
   </div>
   <div class='ocr_carea' id='block_1_102' title="bbox 1842 5078 3061 5151">
    <p class='ocr_par' dir='ltr' id='par_1_102' title="bbox 1842 5078 3061 5151">
     <span class='ocr_line' id='line_1_102' title="bbox 1842 5078 3061 5151; baseline 0.002 -18"><span class='ocrx_word' id='word_1_599' title='bbox 1842 5090 2036 5147; x_wconf 84' lang='lat' dir='ltr'><strong>tcsque</strong></span> <span class='ocrx_word' id='word_1_600' title='bbox 2058 5078 2310 5133; x_wconf 85' lang='lat' dir='ltr'><strong>incendio</strong></span> <span class='ocrx_word' id='word_1_601' title='bbox 2340 5080 2703 5149; x_wconf 90' lang='lat' dir='ltr'><strong>liquescentes</strong></span> <span class='ocrx_word' id='word_1_602' title='bbox 2723 5082 3061 5151; x_wconf 80' lang='lat' dir='ltr'><strong>irrigautcm.</strong></span> 
     </span>
    </p>
   </div>
   <div class='ocr_carea' id='block_1_103' title="bbox 1908 5167 3409 5239">
    <p class='ocr_par' dir='ltr' id='par_1_103' title="bbox 1908 5167 3409 5239">
     <span class='ocr_line' id='line_1_103' title="bbox 1908 5167 3409 5239; baseline 0.003 -18"><span class='ocrx_word' id='word_1_603' title='bbox 1908 5167 2184 5222; x_wconf 85' lang='lat' dir='ltr'><strong>Inveniam</strong></span> <span class='ocrx_word' id='word_1_604' title='bbox 2217 5178 2269 5223; x_wconf 84' lang='lat' dir='ltr'><strong>te</strong></span> <span class='ocrx_word' id='word_1_605' title='bbox 2292 5184 2393 5239; x_wconf 75' lang='lat' dir='ltr'><strong>ego</strong></span> <span class='ocrx_word' id='word_1_606' title='bbox 2430 5184 2665 5238; x_wconf 86' lang='lat' dir='ltr'><strong>semper,</strong></span> <span class='ocrx_word' id='word_1_607' title='bbox 2699 5188 2732 5222; x_wconf 91' lang='lat' dir='ltr'><strong>o</strong></span> <span class='ocrx_word' id='word_1_608' title='bbox 2761 5173 3088 5236; x_wconf 87' lang='lat' dir='ltr'><strong>castissima,</strong></span> <span class='ocrx_word' id='word_1_609' title='bbox 3140 5176 3409 5226; x_wconf 80' lang='lat' dir='ltr'><strong>manudn-</strong></span> 
     </span>
    </p>
   </div>
   <div class='ocr_carea' id='block_1_104' title="bbox 1838 5260 3408 5332">
    <p class='ocr_par' dir='ltr' id='par_1_104' title="bbox 1838 5260 3408 5332">
     <span class='ocr_line' id='line_1_104' title="bbox 1838 5260 3408 5332; baseline 0.001 -16"><span class='ocrx_word' id='word_1_610' title='bbox 1838 5268 2050 5317; x_wconf 82' lang='lat' dir='ltr'><strong>centem</strong></span> <span class='ocrx_word' id='word_1_611' title='bbox 2075 5276 2161 5315; x_wconf 92' lang='lat' dir='ltr'><strong>me</strong></span> <span class='ocrx_word' id='word_1_612' title='bbox 2178 5260 2246 5315; x_wconf 88' lang='lat' dir='ltr'><strong>ad</strong></span> <span class='ocrx_word' id='word_1_613' title='bbox 2277 5261 2523 5328; x_wconf 78' lang='lat' dir='ltr'><strong>virtutes,</strong></span> <span class='ocrx_word' id='word_1_614' title='bbox 2552 5271 2608 5316; x_wconf 90' lang='lat' dir='ltr'><strong>et</strong></span> <span class='ocrx_word' id='word_1_615' title='bbox 2636 5262 2702 5315; x_wconf 90' lang='lat' dir='ltr'><strong>ad</strong></span> <span class='ocrx_word' id='word_1_616' title='bbox 2732 5263 3062 5332; x_wconf 69' lang='lat' dir='ltr'><strong>pmuitentia:</strong></span> <span class='ocrx_word' id='word_1_617' title='bbox 3093 5264 3211 5319; x_wconf 82' lang='lat' dir='ltr'><strong>vias</strong></span> <span class='ocrx_word' id='word_1_618' title='bbox 3247 5266 3408 5318; x_wconf 77' lang='lat' dir='ltr'><strong>indu-</strong></span> 
     </span>
    </p>
   </div>
   <div class='ocr_carea' id='block_1_105' title="bbox 1837 5363 2072 5409">
    <p class='ocr_par' dir='ltr' id='par_1_105' title="bbox 1837 5363 2072 5409">
     <span class='ocr_line' id='line_1_105' title="bbox 1837 5363 2072 5409; baseline -0.009 0"><span class='ocrx_word' id='word_1_619' title='bbox 1837 5363 2072 5409; x_wconf 88' lang='lat' dir='ltr'><strong>centcm.</strong></span> 
     </span>
    </p>
   </div>
   <div class='ocr_carea' id='block_1_106' title="bbox 1907 5446 3409 5517">
    <p class='ocr_par' dir='ltr' id='par_1_106' title="bbox 1907 5446 3409 5517">
     <span class='ocr_line' id='line_1_106' title="bbox 1907 5446 3409 5517; baseline 0.001 -16"><span class='ocrx_word' id='word_1_620' title='bbox 1907 5446 2394 5503; x_wconf 88' lang='lat' dir='ltr'><strong>Consubstantialis</strong></span> <span class='ocrx_word' id='word_1_621' title='bbox 2423 5446 2592 5511; x_wconf 87' lang='lat' dir='ltr'><strong>Patri,</strong></span> <span class='ocrx_word' id='word_1_622' title='bbox 2633 5448 2885 5517; x_wconf 88' lang='lat' dir='ltr'><strong>apparuit</strong></span> <span class='ocrx_word' id='word_1_623' title='bbox 2939 5463 3033 5517; x_wconf 86' lang='lat' dir='ltr'><strong>per</strong></span> <span class='ocrx_word' id='word_1_624' title='bbox 3097 5447 3280 5501; x_wconf 89' lang='lat' dir='ltr'><strong>omnia</strong></span> <span class='ocrx_word' id='word_1_625' title='bbox 3341 5450 3409 5503; x_wconf 86' lang='lat' dir='ltr'><strong>si-</strong></span> 
     </span>
    </p>
   </div>
   <div class='ocr_carea' id='block_1_107' title="bbox 166 5516 1753 5608">
    <p class='ocr_par' dir='ltr' id='par_1_107' title="bbox 166 5516 1735 5608">
     <span class='ocr_line' id='line_1_107' title="bbox 166 5516 1735 5608; baseline 0.011 -42"><span class='ocrx_word' id='word_1_626' title='bbox 166 5516 430 5608; x_wconf 77' lang='grc' dir='ltr'>θρώποις,</span> <span class='ocrx_word' id='word_1_627' title='bbox 459 5520 783 5588; x_wconf 78' lang='grc' dir='ltr'>σαρκωθεὶς,</span> <span class='ocrx_word' id='word_1_628' title='bbox 813 5522 995 5588; x_wconf 82' lang='grc' dir='ltr'>καθὼς</span> <span class='ocrx_word' id='word_1_629' title='bbox 1027 5524 1353 5595; x_wconf 79' lang='grc' dir='ltr'>ηὐδόκησεν,</span> <span class='ocrx_word' id='word_1_630' title='bbox 1385 5528 1450 5580; x_wconf 71' lang='grc' dir='ltr'><strong>ἐκ</strong></span> <span class='ocrx_word' id='word_1_631' title='bbox 1470 5528 1585 5582; x_wconf 79' lang='grc' dir='ltr'><strong>τῶν</strong></span> <span class='ocrx_word' id='word_1_632' title='bbox 1627 5529 1735 5583; x_wconf 89' lang='grc' dir='ltr'><strong>σῶν</strong></span> 
     </span>
    </p>
   </div>
   <div class='ocr_carea' id='block_1_108' title="bbox 1856 5516 3407 5608">
    <p class='ocr_par' dir='ltr' id='par_1_108' title="bbox 1856 5516 3407 5608">
     <span class='ocr_line' id='line_1_108' title="bbox 1856 5516 3407 5608; baseline 0.001 -19"><span class='ocrx_word' id='word_1_633' title='bbox 1856 5537 1981 5592; x_wconf 87' lang='lat' dir='ltr'><strong>uilis</strong></span> <span class='ocrx_word' id='word_1_634' title='bbox 2013 5538 2345 5603; x_wconf 83' lang='lat' dir='ltr'><strong>hominibus,</strong></span> <span class='ocrx_word' id='word_1_635' title='bbox 2389 5516 2725 5603; x_wconf 81' lang='lat' dir='ltr'><strong>incarnatus,</strong></span> <span class='ocrx_word' id='word_1_636' title='bbox 2788 5516 2949 5608; x_wconf 77' lang='lat' dir='ltr'><strong>juxta</strong></span> <span class='ocrx_word' id='word_1_637' title='bbox 3009 5538 3407 5607; x_wconf 88' lang='lat' dir='ltr'><strong>bcneplacitum</strong></span> 
     </span>
    </p>
   </div>
   <div class='ocr_carea' id='block_1_109' title="bbox 165 5606 879 5683">
    <p class='ocr_par' dir='ltr' id='par_1_109' title="bbox 165 5606 879 5683">
     <span class='ocr_line' id='line_1_109' title="bbox 165 5606 879 5683; baseline 0.015 -25"><span class='ocrx_word' id='word_1_638' title='bbox 165 5606 435 5676; x_wconf 70' lang='grc' dir='ltr'>αἱμάτων,</span> <span class='ocrx_word' id='word_1_639' title='bbox 478 5611 879 5683; x_wconf 78' lang='grc' dir='ltr'>παναμώμητε.</span> 
     </span>
    </p>
   </div>
   <div class='ocr_carea' id='block_1_110' title="bbox 235 5696 1731 5777">
    <p class='ocr_par' dir='ltr' id='par_1_110' title="bbox 235 5696 1731 5777">
     <span class='ocr_line' id='line_1_110' title="bbox 235 5696 1731 5777; baseline 0.015 -29"><span class='ocrx_word' id='word_1_640' title='bbox 235 5696 449 5768; x_wconf 78' lang='grc' dir='ltr'>Σαρκδς</span> <span class='ocrx_word' id='word_1_641' title='bbox 478 5700 536 5752; x_wconf 77' lang='grc' dir='ltr'><strong>ὲν</strong></span> <span class='ocrx_word' id='word_1_642' title='bbox 576 5701 882 5775; x_wconf 74' lang='grc' dir='ltr'>ύμοιώματι</span> <span class='ocrx_word' id='word_1_643' title='bbox 916 5706 1165 5773; x_wconf 71' lang='grc' dir='ltr'>τίτοκας,</span> <span class='ocrx_word' id='word_1_644' title='bbox 1192 5708 1445 5777; x_wconf 80' lang='grc' dir='ltr'>Θεστόκε,</span> <span class='ocrx_word' id='word_1_645' title='bbox 1472 5711 1562 5766; x_wconf 78' lang='grc' dir='ltr'><strong>τὸν</strong></span> <span class='ocrx_word' id='word_1_646' title='bbox 1594 5715 1731 5769; x_wconf 74' lang='grc' dir='ltr'><strong>ἀκα-</strong></span> 
     </span>
    </p>
   </div>
   <div class='ocr_carea' id='block_1_111' title="bbox 165 5788 1209 5870">
    <p class='ocr_par' dir='ltr' id='par_1_111' title="bbox 165 5788 1209 5870">
     <span class='ocr_line' id='line_1_111' title="bbox 165 5788 1209 5870; baseline 0.014 -30"><span class='ocrx_word' id='word_1_647' title='bbox 165 5790 425 5860; x_wconf 77' lang='grc' dir='ltr'>τανόητον</span> <span class='ocrx_word' id='word_1_648' title='bbox 459 5788 554 5843; x_wconf 75' lang='grc' dir='ltr'><strong>καὶ</strong></span> <span class='ocrx_word' id='word_1_649' title='bbox 582 5793 953 5867; x_wconf 72' lang='grc' dir='ltr'>ἀπερίληπτον</span> <span class='ocrx_word' id='word_1_650' title='bbox 979 5798 1209 5870; x_wconf 82' lang='grc' dir='ltr'>Κύριον.</span> 
     </span>
    </p>
   </div>
   <div class='ocr_carea' id='block_1_112' title="bbox 236 5879 1729 5969">
    <p class='ocr_par' dir='ltr' id='par_1_112' title="bbox 236 5879 1729 5969">
     <span class='ocr_line' id='line_1_112' title="bbox 236 5879 1729 5969; baseline 0.013 -37"><span class='ocrx_word' id='word_1_651' title='bbox 236 5879 621 5953; x_wconf 85' lang='grc' dir='ltr'>Συντρίμματα</span> <span class='ocrx_word' id='word_1_652' title='bbox 646 5884 739 5957; x_wconf 81' lang='grc' dir='ltr'>τῆς</span> <span class='ocrx_word' id='word_1_653' title='bbox 766 5887 954 5952; x_wconf 76' lang='grc' dir='ltr'>ἀθλίας</span> <span class='ocrx_word' id='word_1_654' title='bbox 970 5888 1149 5964; x_wconf 77' lang='grc' dir='ltr'>ψυχῆς</span> <span class='ocrx_word' id='word_1_655' title='bbox 1167 5909 1291 5964; x_wconf 83' lang='grc' dir='ltr'>μου,</span> <span class='ocrx_word' id='word_1_656' title='bbox 1325 5894 1422 5951; x_wconf 78' lang='grc' dir='ltr'><strong>καὶ</strong></span> <span class='ocrx_word' id='word_1_657' title='bbox 1444 5894 1513 5951; x_wconf 73' lang='grc' dir='ltr'><strong>τὰ</strong></span> <span class='ocrx_word' id='word_1_658' title='bbox 1539 5896 1729 5969; x_wconf 84' lang='grc' dir='ltr'>χρόνια</span> 
     </span>
    </p>
   </div>
   <div class='ocr_carea' id='block_1_113' title="bbox 1834 5627 3239 5695">
    <p class='ocr_par' dir='ltr' id='par_1_113' title="bbox 1834 5627 3239 5695">
     <span class='ocr_line' id='line_1_113' title="bbox 1834 5627 3239 5695; baseline -0.001 -14"><span class='ocrx_word' id='word_1_659' title='bbox 1834 5640 2016 5693; x_wconf 87' lang='lat' dir='ltr'><strong>suum,</strong></span> <span class='ocrx_word' id='word_1_660' title='bbox 2038 5642 2102 5681; x_wconf 81' lang='lat' dir='ltr'><strong>ex</strong></span> <span class='ocrx_word' id='word_1_661' title='bbox 2136 5628 2492 5695; x_wconf 79' lang='lat' dir='ltr'><strong>sanguinibus</strong></span> <span class='ocrx_word' id='word_1_662' title='bbox 2521 5627 2646 5694; x_wconf 90' lang='lat' dir='ltr'><strong>tuis,</strong></span> <span class='ocrx_word' id='word_1_663' title='bbox 2676 5647 2710 5682; x_wconf 86' lang='grc' dir='ltr'><strong>υ</strong></span> <span class='ocrx_word' id='word_1_664' title='bbox 2735 5636 2843 5681; x_wconf 89' lang='lat' dir='ltr'><strong>tota</strong></span> <span class='ocrx_word' id='word_1_665' title='bbox 2870 5628 3239 5682; x_wconf 86' lang='lat' dir='ltr'><strong>immaculata.</strong></span> 
     </span>
    </p>
   </div>
   <div class='ocr_carea' id='block_1_114' title="bbox 1904 5717 3403 5790">
    <p class='ocr_par' dir='ltr' id='par_1_114' title="bbox 1904 5717 3403 5790">
     <span class='ocr_line' id='line_1_114' title="bbox 1904 5717 3403 5790; baseline 0.003 -19"><span class='ocrx_word' id='word_1_666' title='bbox 1904 5717 1961 5771; x_wconf 90' lang='lat' dir='ltr'><strong>1n</strong></span> <span class='ocrx_word' id='word_1_667' title='bbox 1979 5719 2158 5773; x_wconf 81' lang='lat' dir='ltr'><strong>carnis</strong></span> <span class='ocrx_word' id='word_1_668' title='bbox 2183 5718 2594 5774; x_wconf 88' lang='lat' dir='ltr'><strong>similitudinem</strong></span> <span class='ocrx_word' id='word_1_669' title='bbox 2622 5720 2878 5790; x_wconf 90' lang='lat' dir='ltr'><strong>peperisti</strong></span> <span class='ocrx_word' id='word_1_670' title='bbox 2918 5735 2952 5774; x_wconf 89' lang='grc' dir='ltr'><strong>ο</strong></span> <span class='ocrx_word' id='word_1_671' title='bbox 2986 5721 3232 5789; x_wconf 85' lang='lat' dir='ltr'><strong>Deipara.</strong></span> <span class='ocrx_word' id='word_1_672' title='bbox 3296 5718 3403 5775; x_wconf 83' lang='lat' dir='ltr'><strong>Do-</strong></span> 
     </span>
    </p>
   </div>
   <div class='ocr_carea' id='block_1_115' title="bbox 1835 5808 3300 5881">
    <p class='ocr_par' dir='ltr' id='par_1_115' title="bbox 1835 5808 3300 5881">
     <span class='ocr_line' id='line_1_115' title="bbox 1835 5808 3300 5881; baseline 0.003 -18"><span class='ocrx_word' id='word_1_673' title='bbox 1835 5808 2040 5863; x_wconf 90' lang='lat' dir='ltr'><strong>tninum</strong></span> <span class='ocrx_word' id='word_1_674' title='bbox 2071 5810 2518 5881; x_wconf 80' lang='lat' dir='ltr'><strong>inintelligiliilem</strong></span> <span class='ocrx_word' id='word_1_675' title='bbox 2554 5821 2608 5865; x_wconf 85' lang='lat' dir='ltr'><strong>et</strong></span> <span class='ocrx_word' id='word_1_676' title='bbox 2661 5812 3300 5881; x_wconf 71' lang='lat' dir='ltr'><strong>incompl&#39;ebensibilem.</strong></span> 
     </span>
    </p>
   </div>
   <div class='ocr_carea' id='block_1_116' title="bbox 1901 5901 3402 5974">
    <p class='ocr_par' dir='ltr' id='par_1_116' title="bbox 1901 5901 3402 5974">
     <span class='ocr_line' id='line_1_116' title="bbox 1901 5901 3402 5974; baseline 0.001 -17"><span class='ocrx_word' id='word_1_677' title='bbox 1901 5901 2270 5958; x_wconf 74' lang='lat' dir='ltr'><strong>Contritiones</strong></span> <span class='ocrx_word' id='word_1_678' title='bbox 2311 5904 2625 5961; x_wconf 69' lang='lat' dir='ltr'><strong>miserrimae</strong></span> <span class='ocrx_word' id='word_1_679' title='bbox 2676 5904 2872 5959; x_wconf 63' lang='lat' dir='ltr'><strong>animae</strong></span> <span class='ocrx_word' id='word_1_680' title='bbox 2924 5920 3079 5970; x_wconf 48' lang='lat' dir='ltr'><strong>meat,</strong></span> <span class='ocrx_word' id='word_1_681' title='bbox 3114 5915 3166 5961; x_wconf 87' lang='lat' dir='ltr'><strong>ct</strong></span> <span class='ocrx_word' id='word_1_682' title='bbox 3196 5916 3402 5974; x_wconf 63' lang='lat' dir='ltr'><strong>tenipo-</strong></span> 
     </span>
    </p>
   </div>
  </div>
