4166 6458
754 451 891 515 1119

1879 452 1938 512 S.
1980 451 2292 512 JOSEPHI
2335 448 2645 510 HYMNOG
2657 449 2893 509 RAPIII

3859 446 4004 510 1120

748 565 891 620 rales
916 567 1197 635 paSsiones
1229 582 1381 629 sana,
1409 581 1441 620 ο
1462 567 1642 634 Virgo,
1663 582 1784 637 quae
1801 568 2105 621 animarum
2127 576 2177 621 et
2203 583 2316 622 cor-

2433 567 2712 638 ίάτρευσον
2769 567 2934 636 πάθη,
2964 565 3054 617 τὸν
3084 564 3269 636 ίατρὸν
3302 564 3411 618 τῶν
3435 565 3623 634 ψυχῶν
3673 565 3766 618 καλ⁵
3814 566 4010 625 σωμά-

750 661 1633 728 porqumedicuminexplicabili
1691 661 1901 714 ratione
1953 661 2208 730 genuisti,
2269 672 2321 714 et

750 751 898 803 salva
939 767 1041 813 me,
1080 768 1112 805 ο
1170 753 1701 816 iuimaeulatissima,
1743 753 1834 823 qui
1864 768 1987 822 spes
2009 767 2158 808 meas
2195 753 2321 806 inte

753 845 992 911 reposui.

823 937 957 988 Ecce
986 933 1168 1001 Virgo,
1208 951 1369 1004 quam
1410 951 1636 1004 magnus
1659 934 1824 990 lsaias
1858 936 1910 988 in
1941 935 2146 1004 Spiritu
2183 953 2322 1007 prae-

749 1026 905 1087 dixit,
942 1027 1106 1078 Deum
1136 1030 1187 1078 iu
1224 1040 1375 1078 utero
1423 1028 1670 1095 concepit
1708 1042 1771 1080 ac
1811 1029 2040 1097 peperit,
2065 1029 2154 1082 cui
2191 1045 2320 1084 sua-

747 1117 882 1170 vitcr
911 1120 1160 1171 canimus
1187 1136 1199 1170 :
1241 1119 1465 1170 Domine
1494 1120 1658 1184 Deus,
1689 1120 2004 1174 benedictus
2033 1136 2112 1175 es.

816 1208 1003 1264 Latior
1034 1212 1185 1262 cmlis
1254 1214 1577 1278 apparuisti,
1629 1214 1796 1265 Deum
1855 1213 1906 1265 in
1941 1223 2099 1266 utero
2171 1229 2320 1267 eom-

744 1305 1112 1372 prehendens,
1147 1322 1177 1354 0
1209 1305 1386 1357 Puella
1419 1313 1527 1357 tota
1563 1315 1751 1358 sancta
1783 1321 1796 1367 ;
1825 1306 1917 1372 qui
1958 1321 1986 1357 a
2017 1307 2319 1373 perniciosa

743 1394 991 1462 angustia
1020 1395 1270 1448 liberavit
1300 1410 1392 1447 eos
1422 1395 1513 1462 qui
1559 1395 1891 1448 concinunt:
1930 1395 2172 1450 Laudate
2224 1397 2320 1451 Do-

744 1489 972 1545 minum,
1007 1499 1059 1538 et
1094 1487 1490 1554 superexaltate
1523 1486 1574 1537 iu
1599 1488 1781 1539 omnia
1819 1489 2037 1542 saecula.

811 1574 1014 1628 Natura
1044 1577 1260 1642 quidrm
1290 1575 1428 1629 Deus
1491 1592 1588 1638 es;
1629 1578 1720 1630 sed
1747 1579 2050 1633 sustinuisti
2089 1580 2321 1634 cireum-

740 1665 852 1715 dari
884 1677 1078 1719 natura
1115 1667 1376 1725 humana.
1413 1667 1626 1720 vulvam
1656 1672 2060 1724 immaculatam
2127 1682 2319 1739 sponte

740 1755 1036 1819 ingressus,
1082 1774 1114 1810 0
1138 1768 1347 1810 amator
1380 1760 1660 1812 hominum
1694 1777 1712 1813 :
1755 1763 1894 1815 unde
1920 1763 2056 1816 duas
2095 1773 2318 1816 natura-

741 1840 819 1891 les
852 1845 1154 1896 voluntates
1185 1846 1234 1896 in
1273 1854 1322 1897 te
1358 1858 1739 1914 agnoscentes.
1778 1858 1826 1904 te
1881 1852 2315 1920 magniﬁcamus,

741 1931 964 1986 Matrem
1005 1944 1149 1987 tuam
1185 1938 1418 1990 lideliter
1443 1939 1832 1996 lieatiﬁcautes.

743 2045 902 2116 116
930 2049 1012 2098 Ea:
1051 2047 1262 2102 Conone
1296 2051 1348 2101 iu
1372 2052 1502 2118 festo
1527 2051 1588 2106 S.
1623 2055 1864 2122 Apostolt'
1892 2057 2074 2126 Carpi,
2117 2061 2202 2114 die
2226 2063 2317 2116 26.

811 2223 1034 2277 le‘iPnS
1072 2226 1234 2296 Virgo
1290 2229 1727 2294 ineﬂ'abiliter,et
1786 2246 1993 2290 natura:
2055 2239 2320 2295 innovans

741 2315 906 2382 leges,
952 2317 1087 2369 facta
1119 2334 1176 2372 es
1230 2330 1407 2374 mater
1464 2338 1680 2394 semper
1716 2327 1901 2396 Virgo,
1935 2340 2220 2398 propterea
2262 2343 2312 2387 te

745 2406 1144 2461 beatiﬁcamus.

820 2499 1030 2551 Novum
1081 2509 1336 2569 tanquam
1391 2520 1616 2572 puerum
1675 2510 1926 2577 peperisti
1991 2513 2166 2578 illum,
2229 2518 2318 2584 qui

740 2596 866 2640 ante
895 2589 1154 2641 smeulma
1177 2589 1337 2644 Patre
1374 2605 1598 2648 exortus
1623 2606 1704 2650 est
1741 2598 2108 2666 iuetfaliiliter,
2155 2617 2188 2656 ο
2222 2604 2315 2658 Dei

738 2677 984 2733 Geuitrix
1014 2697 1027 2733 :
1069 2681 1188 2734 ideo
1223 2693 1273 2736 te
1298 2685 1691 2752 gloriﬁcamus.

812 2771 1258 2827 lntelleetualiter
1287 2776 1418 2829 vidit
1454 2788 1522 2839 te,
1558 2795 1590 2831 ο
1645 2778 1736 2833 Dei
1795 2779 2060 2846 Genitrix,
2114 2783 2317 2851 Puella,

739 2866 997 2933 propheta
1027 2866 1272 2921 Deiferus
1305 2879 1544 2922 montem
1581 2887 1838 2936 maguum
1871 2884 1929 2927 et
1976 2877 2317 2944 umbrosum,

737 2972 804 3011 ex
835 2973 942 3026 quo
968 2957 1109 3013 Deus
1141 2970 1327 3012 noster
1351 2960 1402 3012 iu
1435 2976 1598 3014 carne
1625 2964 1860 3019 advenit.

811 3053 852 3103 A
889 3051 1142 3104 sordibus
1181 3054 1377 3106 mr-ntis
1407 3063 1459 3107 et
1495 3056 1742 3124 corporis
1774 3059 2007 3112 emunrla
2039 3076 2124 3115 me
2143 3077 2312 3126 nunc,

735 3158 772 3198 0
809 3143 1107 3208 benedicta,
1143 3155 1274 3197 nutu
1306 3155 1398 3198 tuo
1434 3157 1596 3214 atque
1633 3150 1987 3204 inclinatione
2013 3153 2167 3221 plena
2215 3154 2318 3207 mi-

2422 675 2530 710 των
2557 657 2993 727 ἀνερμηνεύτως,
3050 657 3316 726 Παρθένε,
3345 659 3619 725 κυήσασα,
3681 657 3774 708 καὶ
3829 657 4010 708 σῶσόν

2427 767 2492 817 με
2546 749 2637 802 τὸν
2675 749 2765 801 ἐπὶ
2795 749 2878 800 σοὶ
2906 749 3002 811 τάς
3028 748 3267 811 ὲλπίδας,
3297 748 3627 817 πανάμωμε,
3652 747 3900 816 θέμενον.

2498 928 2715 999 ’1δε,ἥν
2752 928 2920 999 ἔφησε
2967 928 3243 1000 Παρθένον
3295 927 3353 979 ὲν
3386 927 3461 998 τῷ
3492 927 3774 993 ῐΙνεύματι
3814 930 3841 980 ὁ
3900 928 4002 995 μέ-

2423 1037 2525 1088 γας
2568 1021 2818 1084 Ἡσαΐας,
2869 1022 2926 1073 έν
2961 1022 3165 1092 γαστρὶ
3196 1022 3286 1073 τὸν
3319 1019 3451 1072 Θεὸν
3485 1021 3745 1072 συνέλαϐε
3804 1019 3900 1070 καὶ
3927 1019 4008 1070 τί·

2423 1131 2559 1174 κτει,
2591 1106 2635 1179 ᾧ
2669 1112 3010 1182 μελῳδούμεν
3030 1126 3044 1139 ⁸
3080 1112 3248 1183 Κύριε
3271 1114 3298 1165 ὁ
3331 1112 3486 1175 Θεὸς,
3517 1111 3808 1180 εὐλογητὸς
3836 1107 3908 1164 εἷ.

2501 1207 2710 1274 Ὠφθης
2767 1205 3078 1277 πλατυτέρα
3127 1205 3373 1275 οὐρανῶν
3426 1205 3724 1274 χωρήσασα
3783 1205 3918 1255 Θεὸν
3950 1204 4010 1256 ἐκ.

2425 1301 2609 1369 μήτρα
2654 1296 2746 1348 τὸν
2778 1298 3139 1366 στενοχωρίας
3215 1297 3457 1364 πονηρᾶς
3517 1296 3820 1364 ῥυσάμενον
3875 1296 4007 1357 τοὺς

2425 1391 2815 1460 μελῳδοῦντας.
2842 1389 3084 1456 παναγία
3112 1389 3266 1457 Κόρη
3289 1406 3301 1418 ·
3320 1389 3570 1454 ’Υμνεῖτε
3623 1389 3712 1439 τὸν
3771 1387 4003 1457 Κύριον,

2421 1482 2872 1552 καὶύπερυψοῦτε
2906 1483 2984 1543 είς
3008 1481 3216 1544 πάντας
3249 1482 3471 1542 αἰῶνας.

2491 1573 2655 1627 Φύσει
2687 1575 2784 1643 μὲν
2818 1572 3069 1640 πέφυκας
3108 1573 3258 1635 Θεὸς,
3285 1572 3397 1624 ἀλλ’
3423 1572 3653 1640 ἠνέσχου
3683 1569 4007 1638 περιθέσθαι

2419 1667 2509 1718 τὸν
2532 1666 2836 1734 ἄνθρωπον,
2888 1668 3099 1736 μήτραν
3123 1664 3424 1736 ἀμώμητον
3448 1664 3766 1726 ἐθελουσίως
3796 1662 4001 1724 είσδύς,

2420 1757 2769 1826 φιλάνθρωπε
2800 1774 2812 1786 ·
2844 1757 2965 1809 ὅθεν
2994 1757 3187 1817 διπλᾶς
3231 1757 3328 1818 τὰς
3357 1757 3590 1823 φυσικάς
3608 1755 3808 1816 εἰδότες
3839 1753 4002 1820 θελή-

2425 1866 2535 1912 σεις
2572 1866 2686 1910 σου,
2724 1848 2780 1900 σὲ
2811 1847 3208 1918 μεγαλύνομεν,
3237 1846 3335 1917 τὴν
3365 1848 3593 1918 Μητέρα
3655 1864 3748 1923 σου
3795 1845 4003 1907 πιστῶς

2430 1942 2842 2011 μακαρίζοντες.

2437 2053 2539 2106 Ἐκ
2564 2052 2672 2107 τοῦ
2703 2054 2970 2118 Κανόνος
2997 2055 3081 2117 είς
3107 2051 3213 2104 τὸν
3243 2053 3414 2118 ἄτιον
3476 2051 3824 2106 ἀπόστολον
3852 2051 4006 2118 Κάρ·-

2986 2122 3123 2188 ator,
3167 2123 3352 2190 ἡμέρᾳ
3379 2130 3493 2188 κς’.

2494 2237 2714 2292 Κύουσα
2750 2239 3020 2307 Παρθένος
3038 2240 3456 2310 άνερμηνεύτως
3478 2241 3574 2292 καὶ
3611 2241 3736 2301 τούς
3769 2239 3870 2306 τῆς
3898 2239 4002 2306 φύ-

2427 2347 2563 2393 σεως
2597 2331 2828 2401 θεσμοὺς
2863 2332 3182 2395 καινίζουσα
3212 2332 3462 2400 πέφυκας
3493 2333 3693 2402 Μήτηρ
3725 2332 3812 2384 ἀεὶ
3846 2331 4000 2401 Παρ-

2425 2424 2596 2484 θένος,
2628 2424 2706 2476 διό
2734 2441 2792 2477 σε
2821 2425 3224 2494 μακαρίζομεν.

2497 2517 2633 2568 Νέον
2662 2516 2737 2578 ὼς
2770 2516 2981 2568 παιδίον
3013 2518 3240 2578 τέτοκας
3272 2517 3363 2570 τὸν
3388 2519 3492 2587 πρὸ
3531 2519 3640 2570 τῶν
3669 2517 3884 2570 αίώνων
3941 2531 4006 2568 εκ

2423 2606 2518 2658 τοῦ
2551 2607 2763 2676 Πατρὸς
2803 2607 3159 2661 άνατείλαντα
3204 2609 3556 2681 άπορῥήτως,
3605 2608 4001 2677 Θεογεννῆτορ·

2421 2699 2509 2752 διὰ
2539 2697 2695 2751 τοῦτό
2721 2716 2780 2750 σε
2811 2699 3130 2770 δοξάζομεν.

2491 2788 2710 2858 Νοερῶς
2751 2789 3083 2860 ὁΘεοφόρος,
3118 2790 3504 2861 Θεογεννῆτορ,
3537 2793 3662 2862 ὅρος
3714 2809 3773 2844 σε
3808 2790 4003 2859 βλέπει

2425 2881 2569 2949 μέγα
2621 2880 2938 2944 κατάσκιον,
2983 2879 3162 2950 Κόρη,
3220 2879 3280 2943 ἐξ
3299 2875 3363 2934 οὗ
3415 2882 3732 2951 ἐπεδήμησε
3789 2881 4007 2950 σαρκὶό

2421 2971 2552 3033 Θεὸς
2586 2970 2764 3041 ἡμῶν.

2503 3056 2706 3111 Ῥύπου
2736 3057 2916 3127 ψυχῆς
2962 3058 3058 3112 καὶ
3083 3058 3337 3130 σώματος
3401 3061 3699 3130 καθάρισον
3761 3078 3831 3131 με
3882 3060 4002 3122 νῦν,

2422 3151 2784 3221 εὐλογημένη,
2807 3149 3165 3221 εὐσπλάγχνῳ
3198 3168 3291 3205 σου
3329 3156 3493 3224 ῥοπῇ,
3527 3156 3676 3217 ὅπως
3720 3171 3782 3207 σε
3842 3155 4002 3224 ὐμνῶ

736 3237 1048 3290 εει-ιιιοηιίαξ
1071 3253 1083 3297 ;
1104 3247 1159 3290 ιιι
1187 3248 1236 3291 te
1263 3254 1358 3306 pro
1378 3239 1559 3294 debito
1591 3239 1802 3294 laudem
1828 3257 1892 3295 ac
1947 3245 2311 3313 magniﬁcem,

2423 3245 2516 3298 καὶ
2551 3243 2840 3314 μεγαλύνω
2858 3244 3182 3312 καταχρέος,
3209 3244 3546 3315 πανύμνητε.

737 3343 771 3381 o
792 3329 940 3381 omni
970 3330 1124 3383 laude
1149 3329 1488 3396 dignissima.

807 3419 1102 3489 Peperisti,
1140 3439 1171 3472 (ι
1196 3423 1728 3487 irumaculatissima,
1758 3426 1876 3480 siue
1912 3427 2100 3483 dolore
2156 3430 2320 3486 Crea-

737 3522 934 3572 torem,
971 3516 1062 3581 qui
1098 3513 1277 3564 aufert
1327 3513 1548 3567 dolores
1581 3524 1633 3567 et
1679 3515 1892 3571 labores
1955 3533 2172 3577 nostros
2197 3565 2211 3586 ,
2265 3533 2319 3576 et

734 3604 946 3658 deliciis
985 3606 1132 3657 omni
1165 3605 1352 3659 dolore
1401 3608 1715 3662 carentibus
1776 3609 2000 3679 dignum
2034 3613 2164 3668 facit
2217 3616 2320 3669 ltu-

737 3713 961 3750 manum
984 3712 1177 3764 genus.

808 3785 1091 3856 Tanquam
1120 3786 1272 3841 caelis
1305 3787 1483 3853 latior,
1517 3791 1848 3859 excepisti,o
1872 3793 2055 3865 Virgo,
2089 3797 2140 3850 in
2164 3809 2317 3854 utero

740 3887 833 3934 tuo
869 3880 1101 3932 Verbum
1131 3880 1276 3950 quod
1309 3896 1338 3934 a
1371 3881 1516 3934 nulla
1548 3898 1606 3935 re
1629 3885 1746 3952 capi
1803 3896 2006 3954 potest,
2062 3899 2115 3943 et
2170 3892 2315 3958 quod

737 3971 955 4024 redimit
979 3973 1045 4024 ab
1071 3972 1218 4026 omni
1256 3973 1509 4043 angustia
1550 3991 1720 4043 genus
1755 3977 2063 4033 hominum.

807 4062 1017 4116 Caelum
1057 4063 1196 4116 facta
1220 4079 1298 4126 es,
1332 4080 1364 4117 ο
1397 4066 1715 4133 Deiparens,
1769 4083 1834 4121 ex
1871 4087 1980 4137 quo
2029 4083 2182 4128 ortus
2233 4084 2316 4129 est

737 4154 895 4208 nobis
932 4155 1025 4206 Sol
1051 4154 1297 4221 iustitiae,
1332 4158 1422 4224 qui
1459 4157 1733 4211 illuminat
1765 4176 1864 4216 nos
1891 4163 2008 4218 luce
2058 4166 2316 4234 cognitio-

740 4244 844 4307 nis,
879 4259 910 4296 ο
946 4245 1271 4310 Deigenitrix
1305 4259 1476 4300 casta.

812 4335 1007 4391 Vocem
1041 4337 1135 4390 tibi
1169 4337 1434 4395 Gabrielis
1466 4343 1806 4408 exhibemus,
1838 4361 1871 4399 ο
1907 4347 2087 4416 Virgo,
2130 4348 2314 4400 excla-

738 4439 950 4482 mantes
979 4447 990 4481 :
1018 4430 1148 4492 Ave,
1204 4429 1372 4484 nubes
1406 4431 1572 4498 levis;
1630 4449 1751 4497 ave,
1784 4444 1946 4501 terra,
2008 4452 2129 4504 quae
2196 4438 2314 4490 sine

739 4520 990 4588 agricolae
1040 4521 1249 4574 cultura
1317 4523 1522 4592 apicam
1583 4526 1886 4593 speciosam
1947 4526 2310 4594 fructiﬁcasti,

739 4613 1061 4665 nutritorem
1092 4613 1296 4667 scilicet
1332 4615 1575 4668 omnium
1606 4627 2003 4672 creaturarum.

743 4705 900 4773 117
924 4703 1004 4755 Ea:
1024 4721 1218 4758 canone
1237 4707 1289 4758 in
1303 4706 1434 4772 festo
1466 4706 1522 4762 S.
1546 4707 1797 4778 Eutycius
1819 4711 2094 4780 martyris,
2115 4711 2200 4765 die
2216 4711 2307 4766 28.

785 4879 842 4934 In
861 4883 1039 4935 carnis
1059 4881 1412 4937 similitudine
1428 4901 1696 4954 apparens
1713 4897 1927 4942 amator
1949 4888 2231 4943 hominum
2247 4905 2313 4943 ex

742 4985 814 5040 te,
836 4991 868 5028 ο
914 4986 1022 5028 tota
1045 4976 1415 5039 immaculata.
1452 4979 1713 5032 mundum
1741 4979 1967 5033 salvavit
1992 4990 2312 5048 pereuntem

739 5077 902 5134 atque
962 5068 1134 5121 errori
1179 5068 1508 5134 subjectum,
1549 5071 1692 5125 unde
1739 5081 1792 5126 te
1865 5073 2203 5126 lionoramus
2251 5088 2316 5128 ac

744 5159 1143 5213 bealiﬁcamus.

811 5247 1007 5301 Mentis
1027 5265 1161 5304 mea:
1195 5249 1468 5312 tenebras.
1507 5251 1814 5322 oDeipara,
1858 5254 1980 5318 luce
2028 5265 2138 5320 tua,
2186 5273 2316 5326 pre-

743 5349 860 5398 cor,
905 5342 1164 5402 tanquam
1215 5337 1628 5406 benignissima,
1679 5342 1906 5412 dissipa,
1942 5353 1997 5398 et
2043 5346 2318 5401 intercede

745 5443 844 5495 pro
868 5441 975 5489 me,
999 5439 1056 5481 ut
1085 5444 1176 5496 per
1194 5432 1570 5498 pmnitentiam
1598 5434 1840 5490 melioris
1873 5437 1998 5490 vita:
2048 5438 2314 5493 rationem

745 5519 1026 5573 instituam
1047 5560 1063 5585 ,
1099 5531 1157 5574 ut
1187 5537 1310 5576 cum
1338 5524 1441 5577 ﬁde
1478 5533 1533 5577 te
1566 5525 1881 5594 gloritlt-em.

819 5610 1206 5677 Prophetarum
1244 5615 1529 5683 collegium
1563 5617 1780 5685 scripsit
1814 5629 1961 5683 ante,
2001 5629 2052 5675 te
2082 5636 2203 5676 esse
2226 5637 2319 5676 vo-

746 5705 949 5769 lumen,
979 5722 1011 5760 ο
1034 5705 1194 5777 Virgo
1224 5707 1574 5762 immaculata
1605 5708 1710 5764 Deo
1743 5709 2092 5778 desponsata,
2124 5713 2176 5766 in
2211 5729 2319 5783 quo

748 5793 986 5848 Verbum
1033 5795 1210 5852 Patris
1260 5797 1433 5866 digito
1484 5799 1748 5869 scriptum
1797 5809 1902 5867 est,
1931 5804 2072 5869 quod
2134 5802 2318 5858 ﬁdeles

752 5887 1008 5942 describit
1041 5888 1092 5943 in
1125 5889 1263 5944 libro
1289 5891 1427 5946 vitm.

2505 3429 2779 3500 Ἑκύησας
2802 3427 3092 3490 ἀνωδύνως
3130 3428 3222 3481 τὸν
3245 3429 3526 3500 Πλάστην,
3548 3431 4005 3500 πανάμωμε,’τάς

2419 3520 2610 3582 ὀδύνας
2640 3521 2734 3572 καὶ
2773 3521 2902 3582 τούς
2920 3519 3118 3581 πόνους
3150 3520 3306 3589 ἡμῶν
3334 3521 3761 3590 ἀφαιρούμενον,
3793 3525 4005 3593 καὶτῆς

2421 3614 2692 3668 ἁνωδύνου
2718 3612 2976 3677 ἀξιοῦντα
3003 3614 3219 3684 τρυφῆς
3243 3615 3303 3668 τὸ
3329 3615 3690 3686 ἀνθρώπινον.

2502 3787 2592 3851 Ὠς
2656 3786 2968 3857 πλατυτέρα
3026 3783 3163 3842 οὖσα
3220 3788 3330 3841 τῶν
3413 3789 3658 3861 οὐρανῶν
3694 3790 3752 3844 έν
3817 3793 4005 3863 μήτρᾳ

2420 3881 2586 3944 ἐδέξω
2612 3880 2784 3947 Λόγον
2831 3880 2921 3934 τὸν
2952 3879 3256 3951 ἀχώρητον,
3313 3881 3580 3950 Παρθένε,
3637 3883 4006 3953 λυτρούμενον

2421 3971 2781 4040 στενοχωρίας
2813 3972 2995 4040 πάσης
3033 3971 3094 4022 τὸ
3120 3974 3279 4038 γένος
3300 3971 3409 4024 τῶν
3437 3972 3764 4042 ἀνθρώπων.

2492 4061 2697 4131 Ὠφθης
2728 4062 2976 4132 οὐρανὸς,
3021 4061 3797 4135 Θεοκυῆτορ,ὲξανατέλλουσα
3870 4067 4003 4136 ἡμῖν

2415 4154 2504 4206 τὸν
2536 4153 2638 4220 τῆς
2668 4152 3013 4222 δικαιοσύνης
3041 4153 3253 4218 Ἥλιον,
3313 4154 3616 4223 φωτίζοντα
3663 4157 3808 4226 ἡμᾶς
3863 4159 4006 4226 φωτὶ

2416 4245 2785 4313 ἐπιγνώσεως,
2805 4243 3170 4313 Θεογεννῆτορ
3198 4246 3360 4315 ἁγνή.

2484 4338 2671 4406 Φωνήν
2699 4352 2778 4388 σοι
2802 4335 3172 4405 προσάγομεν,
3193 4337 3456 4407 Παρθένε,
3477 4338 3577 4408 τὴν
3601 4336 3696 4392 τοῦ
3721 4340 3993 4411 Γαῦριὴλ,

2414 4429 2769 4490 ἀναὸοῶντες·
2800 4429 2990 4498 Χαῖρε,
3031 4428 3209 4498 κούφη
3231 4428 3452 4498 νεφέλη,
3477 4433 3652 4500 χαῖρε,
3685 4431 3758 4500 γῆ
3783 4433 4005 4505 ἀγεὼρ-

2414 4535 2598 4586 γητος,
2635 4517 2838 4587 στάχυν
2861 4517 3062 4588 ὡραῖον
3088 4519 3514 4589 καρποφοροῦσα
3541 4521 3632 4574 τὸν
3671 4524 3880 4593 τροφέα
3904 4525 4005 4593 τῆς

2348 4608 2390 4662 D
2423 4611 2670 4672 κτίσεως.

2427 4703 2522 4754 Ἐκ
2546 4701 2651 4756 τοῦ
2675 4704 2944 4771 Κανόνος
2968 4703 3185 4842 agger
3207 4705 3376 4794 ἄητον
3408 4705 3678 4775 μάρτυρα
3700 4709 4002 4779 Εὑτυχέσ,

3097 4791 3176 4841 pc
3199 4793 3272 4842 κη
3293 4815 3308 4829 ο

3097 4791 3176 4841 pc
3199 4791 3308 4843 κηο

2487 4882 2698 4954 Σαρκὸς
2745 4881 3053 4953 ὁμοιώματι
3113 4883 3448 4953 ἐπιφανεὶςό
3496 4887 3880 4958 φιλάνθρωπος
3939 4896 4006 4946 ἐκ

2420 4978 2534 5040 σοῦ,
2577 4979 2909 5046 πανάμωμε,
2939 4977 3144 5047 κόσμον
3181 4977 3441 5031 διέσωσεν
3471 4979 3870 5052 ἀπολλύμενον,
3907 4988 4004 5040 καὶ

2420 5071 2596 5141 πλάνῃ
2620 5068 2985 5139 ὐπαρχθέντα,
3010 5070 3089 5123 διό
3124 5087 3183 5122 σε
3210 5071 3539 5142 γεραίρομεν
3569 5073 3663 5127 καὶ
3697 5078 4007 5146 μακαρίζο-

2465 5180 2542 5216 εν.

2465 5181 2542 5216 εν.

2423 5181 2461 5234 μ
2489 5254 2627 5316 Νοός
2664 5271 2764 5320 μου
2788 5252 2849 5305 τὸ
2881 5252 3091 5316 σκότος,
3120 5253 3373 5318 Θεοτόκε,
3403 5257 3541 5325 φωτὶ
3560 5257 3638 5328 τῷ
3665 5259 3724 5312 έν
3758 5261 3865 5325 σοὶ,
3921 5263 4002 5325 ὡς

2420 5345 2622 5414 ἀγαθὴ,
2672 5343 2992 5405 ὲκδυσωπῶ,
3054 5345 3330 5411 διάλυσον,
3391 5347 3485 5401 καὶ
3527 5349 3812 5418 μετανοίας
3874 5353 4004 5422 τρό-

2423 5455 2544 5500 ποις
2574 5453 2642 5505 με
2669 5435 3025 5504 βελτιωθῆναι
3058 5436 3354 5506 πρέσϐευε,
3390 5439 3536 5503 ὅπως
3566 5442 3624 5492 ἐν
3668 5441 3850 5495 πίστει
3914 5445 4004 5496 δο-

2425 5529 2571 5592 ξάζω
2612 5544 2691 5581 σε.

2494 5620 2671 5686 Τόμον
2748 5635 2806 5670 σε
2858 5617 3171 5689 προέγραψε
3224 5621 3333 5674 τῶν
3379 5624 3696 5693 προφητῶν,
3760 5625 4000 5694 ἄκραντα

2425 5709 2688 5780 Παρθένε,
2717 5712 2745 5762 ὁ
2775 5709 3054 5778 σύλλογος,
3085 5713 3142 5764 ὲν
3255 5714 3505 5784 δακτύλῳ
3539 5720 3866 5787 κατεγράφη
3897 5718 3993 5771 τοῦ

2427 5801 2638 5873 ῐΙατρὸς
2670 5803 2699 5854 ὁ
2729 5801 2921 5869 Λόγος,
2962 5804 3441 5878 Θεόνυμφε.βί6λῳ
3463 5809 3558 5879 τῆς
3616 5808 3762 5882 ζωῆς
3824 5830 3997 5867 κατα-

2427 5894 2653 5963 γράφων
2685 5893 2927 5957 πιστούς.
