4166 6458
180 475 309 538 1121

241 580 626 653 Νεκρούμενος
680 573 878 629 πάθεσι
931 573 1027 625 καὶ
1084 569 1383 636 λογισμοῖς,
1420 567 1749 635 πανάμωμε,
1785 576 1827 628 Α

173 679 307 749 πρὸς
337 676 464 736 τοὺς
493 667 809 739 οἱκτιρμοῦς
835 683 930 719 σου
952 663 1283 731 καταφεύγω
1313 662 1448 730 πρὸς
1477 660 1575 727 τὴν
1627 658 1748 727 θερ-

176 774 285 842 μήν
311 785 406 822 σου
433 761 779 835 προστρέχω,
816 759 1106 820 Δέσποινα,
1143 754 1352 823 σκέπην
1385 752 1478 805 καὶ
1504 751 1752 821 βοήθεια-ι

175 862 353 932 ἡμῶν,
385 858 522 928 μόνη
548 854 884 917 θεοδόξαστε,
910 848 1272 919 ζωοποίησον,
1316 844 1492 899 σῶσόν
1527 861 1616 915 με.

253 1036 433 1107 Λιμὴν
470 1030 631 1102 γενοῦ
663 1046 773 1101 μοι,
813 1026 1143 1096 πανὰμωμτ,
1173 1023 1307 1094 πρὸς
1336 1024 1504 1093 ὅρμον
1578 1038 1752 1085 σωτη-

176 1132 299 1203 pia;
343 1128 598 1181 ἰθύνουσα
628 1123 705 1193 τῷ
734 1118 1116 1175 οαλαττεύοντι
1149 1119 1207 1171 ἐν
1228 1119 1342 1181 τοῖς
1374 1117 1466 1167 τοῦ
1515 1115 1630 1183 βίου
1657 1114 1754 1165 νῦν

175 1221 408 1291 κύμασι,
452 1217 546 1270 καὶ
606 1214 712 1268 τῶν
751 1209 1065 1264 σκανδάλων
1137 1207 1297 1278 ῥῦσαι
1358 1205 1452 1259 τοῦ
1515 1204 1755 1273 πολεμήο

172 1329 354 1383 τορος.

258 1403 348 1455 Ἐν
407 1401 522 1462 τοῖς
578 1397 798 1460 κόλποις
828 1394 921 1449 τοῦ
984 1392 1199 1463 Πατρδς
1248 1390 1602 1458 ἁπερινόητος
1632 1386 1756 1447 Υἱὸς

175 1493 506 1561 καθήμενος,
539 1490 596 1541 ὲν
628 1486 849 1550 κόλποις
894 1483 989 1538 σοῦ
1034 1484 1131 1554 τῆς
1193 1481 1384 1550 ἁγνῆς,
1442 1478 1515 1541 ὡς
1563 1476 1759 1546 βρέφος

174 1584 485 1648 καθέζεται,
536 1581 624 1633 ἐπ’
672 1578 968 1647 ἀνακλήσει
998 1574 1176 1646 ἡμῶν,
1227 1566 1271 1641 ᾧ
1328 1570 1713 1643 κραυγάζομεν
1743 1587 1755 1597 ·

185 1678 247 1730 Ὀ
266 1674 375 1728 τῶν
407 1672 664 1743 πατέρων
693 1670 897 1740 Κύριος
931 1667 1025 1720 καὶ
1047 1666 1201 1732 Θεὸς,
1237 1663 1527 1734 εὐλογητὸς
1554 1657 1624 1716 εἶ.

248 1766 507 1836 Συνῆψας
544 1763 615 1815 τὰ
651 1760 819 1815 πάλαι
871 1758 1156 1821 διεστῶτα,
1206 1755 1448 1825 Παρθένε
1508 1751 1761 1823 Θευχαρίο

175 1875 335 1922 τωτε,
362 1857 439 1926 τῷ
464 1854 607 1923 τόκῳ
648 1869 740 1905 σου
758 1867 771 1881 ⁸
801 1850 923 1903 ὃθεν
945 1850 1019 1912 ὼς
1048 1847 1229 1901 αἰτίαν
1274 1862 1334 1898 σε
1384 1845 1602 1898 πάντων
1663 1861 1764 1912 μα-

1631 455 1990 516 MARIALE.

3292 441 3433 510 1122

1930 566 2294 628 lnteremptus
2362 574 2390 613 a
2487 560 2831 629 passionibus
2907 567 2960 613 et
3013 559 3433 626 cogitationibus

1859 657 2017 717 meis,
2046 674 2077 707 υ
2102 670 2315 709 summe
2367 652 2737 715 immaculata,
2772 652 2837 705 ad
2874 650 3262 705 miserationes
3310 661 3434 708 tuas

1858 747 2134 815 confugio,
2161 746 2229 800 ad
2258 745 2550 799 ferventem
2576 745 2962 813 protectionem
2996 751 3145 796 tuam
3195 752 3248 796 et
3278 744 3436 797 auxi-

1858 838 1987 889 lium
2010 848 2280 902 erga'nos,
2303 848 2557 897 accurro,
2580 846 2614 886 ο
2646 831 2873 887 Domina
2899 833 3015 888 sola
3038 847 3068 885 ει
3096 832 3207 887 Deo
3224 848 3438 886 summe

1856 928 2150 999 gloriﬁcata
2196 948 2205 980 :
2244 934 2297 979 tu
2335 926 2545 980 viviliea
2578 935 2627 979 et
2660 925 2806 979 salva
2842 942 2944 979 me.

1928 1021 2127 1075 Portus
2162 1027 2282 1073 esto
2332 1019 2487 1084 mihi,
2520 1034 2552 1073 ο
2591 1019 2759 1074 libera
2815 1018 2885 1072 ab
2927 1021 3076 1071 onmi
3126 1018 3267 1082 labe,
3304 1017 3454 1071 diri-.

1859 1129 1992 1185 gens
2027 1130 2111 1169 me
2131 1115 2200 1169 ad
2234 1112 2473 1183 quietam
2510 1114 2797 1167 stationem
2854 1111 3067 1172 salutis,
3104 1112 3233 1165 dum
3260 1108 3437 1180 agitor

1860 1205 2085 1261 marinis
2131 1204 2388 1260 ﬂuetibus
2442 1204 2591 1269 vitae,
2650 1214 2705 1259 et
2761 1205 2829 1259 ab
2868 1202 3043 1257 hostis
3074 1202 3346 1256 scandalis
3375 1200 3441 1254 li-

1862 1299 1989 1351 bera
2021 1312 2126 1351 me.

1933 1390 2100 1444 Filius
2131 1386 2550 1458 inintelligibilis
2576 1386 2669 1455 qui
2710 1385 2860 1441 sedet
2906 1385 2958 1439 in
3012 1386 3135 1440 sinu
3157 1382 3360 1447 Patris,
3387 1381 3440 1435 in

1863 1493 1957 1537 tuo
1988 1483 2149 1537 etiam
2186 1482 2329 1545 sinu,
2357 1495 2392 1535 ο
2428 1495 2591 1550 pura,
2634 1488 2891 1549 tanquam
2931 1478 3112 1532 infans
3145 1476 3347 1531 residet
3372 1473 3441 1528 ad

1866 1576 2227 1630 revocandum
2263 1589 2396 1638 nos;
2429 1572 2515 1627 cui
2541 1571 2881 1626 clamamus:
2911 1566 3132 1623 Patrum
3183 1565 3446 1622 Dominus

1864 1680 1915 1725 et
1961 1668 2125 1729 Deus,
2151 1666 2467 1721 benedictus
2500 1679 2580 1719 es.

1932 1760 2212 1831 Copulasti
2271 1774 2356 1823 ea,
2404 1773 2527 1827 qua:
2577 1756 2705 1810 olim
2753 1754 3023 1825 disiuncta
3078 1759 3252 1816 erant,
3286 1754 3448 1820 partu

1876 1862 1992 1915 tuo,
2036 1868 2067 1905 ο
2093 1850 2257 1921 Virgo
2290 1849 2397 1903 Deo
2427 1849 2738 1917 gratissima
2768 1863 2783 1899 :
2823 1845 3179 1915 quamobrem
3213 1850 3269 1896 te
3320 1848 3446 1894 tan-

177 1918 483 2018 καρίζομῖεν
518 1918 626 1997 τῶν
647 1942 890 2011 ἀγαθῶν,
927 1939 1328 2011 κραυγάζοντες
1378 1934 1557 2006 ψυχῆς
1604 1934 1763 1988 εὐθύ⁴

1877 1959 2033 2016 quam
2064 1944 2308 1997 omnium
2344 1941 2614 1995 bonorum
2639 1951 2861 1993 causam
2900 1934 3299 1997 beatiﬁcamus,
3337 1931 3450 1986 cla-

176 2056 302 2108 τητι
328 2057 341 2068 ·
377 2036 481 2091 Τὸν
519 2037 720 2106 Κύριον
748 2036 987 2106 ὑμνεῖτε,
1016 2035 1082 2087 τὰ
1104 2034 1263 2103 ἔργα.

248 2211 509 2275 Φὼτισον,
552 2210 711 2282 ἁγνὴ,
740 2210 916 2279 ψυχῆς
976 2226 1077 2278 μου
1131 2208 1199 2263 τὰ
1252 2210 1495 2281 ὄμματα,
1552 2210 1760 2264 παῦσον

177 2305 272 2358 τὸν
292 2302 539 2356 κλύδωνα
560 2302 647 2354 τὸν
664 2300 1041 2369 ὲπιγινόμενον
1072 2299 1169 2366 τῆς
1187 2300 1294 2353 τῶν
1320 2301 1589 2372 δαιμόνων
1616 2320 1690 2356 πα
1701 2319 1758 2373 ρ-

180 2394 538 2464 ενοχλήσεως,
578 2391 673 2445 καὶ
696 2391 774 2454 εἰς
802 2390 919 2444 ὁδὸν
944 2389 1275 2444 κατεύθυνον
1299 2392 1405 2445 τῶν
1444 2392 1765 2463 θελημάτων

180 2484 426 2556 Χριστοῦ
483 2484 577 2538 τοῦ
631 2484 749 2547 νοός
807 2500 945 2553 μου,
995 2481 1240 2551 παναγνε
1278 2526 1293 2549 ,

179 2581 331 2642 ὅπως
354 2579 539 2630 πίστει
578 2576 666 2630 ἀεὶ
694 2575 988 2647 μακαρίζω
1037 2592 1118 2630 σε.

1344 2484 1441 2554 τὴν
1486 2484 1764 2549 στένωσιν,

1870 2044 2086 2091 mantes
2111 2050 2234 2089 eum
2260 2032 2588 2088 rectitudine
2617 2029 2787 2085 animi
2805 2046 2819 2083 :
2838 2026 3103 2092 Laudate,
3127 2038 3318 2095 opera,
3337 2022 3446 2080 Do-

1870 2126 2101 2180 mitium.

1940 2217 2210 2283 lllumina,
2242 2232 2274 2272 ο
2304 2226 2480 2279 casta,
2514 2214 2706 2270 oculos
2734 2214 2931 2268 animae
2958 2226 3111 2275 meae,
3144 2218 3274 2266 seda
3307 2219 3447 2264 tem-

1868 2321 2136 2381 pestatem
2175 2309 2613 2377 perturbationis
2669 2307 2976 2359 daemonum
3048 2302 3450 2373 ingruentium,

1868 2403 1999 2458 etin
2026 2404 2167 2455 viam
2218 2402 2388 2471 dirige
2418 2402 2758 2455 voluntatum
2807 2395 3034 2458 Christi,
3069 2394 3269 2449 mentis
3318 2408 3453 2447 mea:

1874 2498 2201 2564 angustiam,
2264 2504 2321 2547 ut
2352 2505 2401 2548 te
2430 2494 2590 2564 118
2610 2509 2824 2565 semper
2838 2509 2960 2550 cum
2991 2490 3097 2545 ﬁde
3127 2486 3452 2553 beatilicem,

1875 2599 1907 2639 0
1949 2586 2288 2640 castissima.

868 2690 953 2745 Ea:
984 2692 1201 2747 Canam
1250 2691 1303 2743 in
1342 2689 1442 2744 SS.
1482 2690 1827 2762 Theodulum,
1866 2716 1927 2752 ac
1962 2699 2376 2768 Tllerapoudem,
2404 2700 2487 2753 die
2522 2699 2590 2755 ΞΒ
2622 2700 2779 2770 (65‘).

260 2813 605 2867 Sacerrimus
641 2809 1039 2882 Pr0phetarum
1072 2810 1276 2867 chorus
1325 2815 1764 2879 praemonstravit

187 2920 219 2959 τι
260 2906 422 2973 longe
451 2914 501 2958 te
530 2902 773 2956 futuram
822 2918 949 2958 vere
984 2901 1076 2957 Dei
1138 2903 1496 2966 Genitricetn,
1534 2919 1565 2956 o
1602 2903 1763 2974 Virgo

189 2995 487 3051 sublimior
527 2992 852 3057 Cherubim,
901 3003 1065 3061 atque
1116 2993 1429 3048 hominibus
1466 2999 1763 3051 creaturis.

270 3088 538 3141 Arcanam
596 3095 759 3153 atque
823 3084 1236 3138 inscrutahilem
1278 3095 1469 3154 partus
1520 3089 1597 3141 tui
1644 3103 1772 3157 pro-

190 3178 517 3233 {nuditatem
546 3173 816 3227 humanus
847 3174 1153 3227 intellectus
1171 3174 1388 3242 assequi
1429 3176 1579 3228 nullo
1611 3175 1772 3228 modo

191 3279 395 3339 potest,
448 3283 481 3320 ο
533 3267 776 3334 Angusta
823 3265 1017 3318 :Deus
1070 3265 1215 3319 enim
1264 3266 1505 3335 seipsum
1558 3277 1775 3336 propter

192 3376 352 3417 suam
389 3359 817 3411 misericordiam
852 3357 1177 3411 exinaniens
1225 3359 1279 3411 in
1338 3368 1495 3411 utero
1546 3369 1659 3421 tuo,
1690 3374 1775 3414 me

195 3464 371 3508 totum
410 3455 603 3504 iterum
642 3450 951 3517 plasmavit.

267 3545 555 3611 Tanquam
608 3550 819 3610 portam
864 3540 1124 3594 ferentem
1179 3540 1244 3593 ad
1297 3541 1605 3609 ingressum
1637 3542 1776 3595 divi-

200 3652 355 3698 num,
394 3645 651 3702 tanquam
685 3633 849 3686 alium
882 3633 1219 3693 Paradisum,
1258 3641 1518 3702 tanquam
1568 3634 1774 3687 intelli-

202 3729 427 3797 gibilem
478 3727 657 3780 locum
692 3724 1165 3787 sanctificationis,
1220 3733 1480 3795 tanquam
1537 3728 1775 3795 Speciem

197 3822 396 3883 Jacoh,
429 3819 705 3888 Virginem
738 3819 1139 3871 heatiliccmus.

274 3915 407 3969 Post
434 3915 772 3967 trememlum
813 3923 1026 3982 partum
1076 3913 1248 3982 virgo,
1281 3914 1461 3981 qualis
1500 3924 1623 3967 ante
1657 3914 1776 3968 fue-

204 4024 317 4071 ras,
356 4004 715 4075 perseverasti
751 4021 763 4056 :
798 4003 939 4057 Deus
970 4005 1113 4057 enim
1151 4013 1272 4058 erat
1302 4006 1395 4074 qui
1428 4006 1776 4069 nascebatur,

202 4101 299 4170 qui
326 4096 778 4152 innnntatomnia
814 4095 1087 4148 voluntate
1127 4111 1247 4160 sua,
1276 4112 1308 4150 ο
1335 4095 1503 4150 Maria
1528 4097 1776 4167 innupta,

207 4192 304 4246 Dei
326 4191 497 4260 gratia
529 4186 865 4258 plenissima.

216 4328 314 4381 Ἐκ
343 4323 450 4378 τοῦ
505 4325 919 4396 Κανόναςᾷεὶς
943 4324 1066 4396 τὸν-
1120 4324 1290 4396 ἅγιον
1349 4327 1617 4393 μάρτυρα
1658 4327 1785 4396 Ἐρ-

713 4392 902 4461 peior,
956 4392 1144 4461 ἡμέρᾳ
1170 4392 1286 4448 λα’.

287 4508 450 4575 ,Αγῖσ
500 4506 764 4576 Παρθένε,
843 4506 1035 4575 Μῆτερ
1085 4507 1341 4578 Χριστοῦ,
1403 4510 1696 4580 μαρτύρων
1756 4528 1786 4582 η

1945 2814 2182 2869 Verbum
2234 2816 2377 2869 intra
2414 2814 2618 2870 viscera
2668 2825 2760 2869 tua
2816 2827 3020 2884 corpus
3073 2809 3277 2866 factum
3336 2807 3454 2864 sine

1871 2911 2099 2971 semine,
2121 2908 2392 2977 perfectus
2423 2908 2589 2962 homo
2613 2908 2888 2977 apparuit,
2919 2906 3186 2960 innovatis
3212 2912 3454 2964 naturas,

1876 3009 2037 3069 prout
2071 3000 2237 3053 Deum
2267 3001 2511 3065 decebat,
2538 2999 3000 3069 quemadmodum
3035 2998 3184 3052 solus
3206 2996 3321 3066 ipse
3351 3009 3454 3048 no-

1880 3094 1975 3153 vit,
1999 3108 2031 3143 υ
2060 3101 2211 3160 porta
2236 3091 2343 3145 Deo
2364 3092 2708 3154 charissima,
2729 3091 2797 3144 ab
2820 3089 2969 3143 omni
2998 3102 3153 3142 naevo
3176 3085 3454 3141 immunis.

1952 3184 2043 3237 Ille
2081 3184 2172 3253 qui
2206 3184 2356 3238 sedet
2381 3185 2433 3237 in
2466 3185 2588 3238 sinu
2639 3182 2916 3237 Genitor-is
2970 3177 3459 3247 incircumscripti-

1882 3276 2093 3337 biliter,
2133 3277 2183 3329 in
2208 3278 2331 3329 sinu
2364 3286 2456 3329 tuo
2476 3291 2622 3329 nunc
2655 3275 2875 3337 residet,
2902 3287 2933 3326 ο
2960 3273 3307 3335 intemerata,
3338 3270 3451 3323 cir-

1881 3367 2403 3435 cumscriptibiliter,
2432 3366 2605 3420 ferina
2633 3378 2723 3420 tua
2752 3364 3221 3429 cireumantictus,
3242 3369 3461 3433 prepter

1882 3460 2237 3513 salvationem
2262 3460 2390 3513 Adae
2440 3458 2616 3513 factus
2646 3476 2817 3514 novus
2847 3460 3038 3513 Adam.

1951 3552 1989 3604 Λ
2056 3551 2287 3621 pristina
2328 3552 2720 3607 maledictione
2776 3552 3043 3621 redempti
3107 3566 3203 3621 per
3243 3557 3459 3619 partum

1884 3652 2076 3708 tuum,
2115 3661 2148 3700 ο
2203 3644 2389 3700 Puella
2447 3647 2596 3699 omni
2646 3646 3026 3700 benedictione
3076 3643 3372 3708 cumulata,
3401 3654 3465 3696 ac

1882 3733 2066 3787 divina
2097 3735 2269 3801 gratia
2326 3736 2677 3805 plenissima,
2734 3736 2800 3790 ad
2866 3745 2917 3790 te
2964 3731 3465 3804 vocem-Gabrielis

1882 3827 2180 3880 emittimus
2220 3845 2232 3880 :
2267 3828 2396 3887 Ave.
2423 3844 2585 3881 causa
2621 3829 2809 3883 salutis
2836 3828 3101 3882 omnium.

1954 3916 2096 3971 Luce
2119 3930 2207 3971 tua
2241 3919 2453 3973 illustra
2487 3936 2595 3982 me,
2624 3935 2829 3989 quaeso,
2864 3935 2896 3972 ο
2943 3919 3107 3989 Virgo
3138 3917 3286 3970 inter
3339 3931 3464 3969 mu-

1882 4007 2045 4063 lieres
2070 4008 2180 4062 Deo
2233 4011 2569 4080 gratissima,
2602 4021 2653 4064 et
2711 4013 2778 4064 ah
2812 4012 2937 4081 igne
3002 4009 3228 4079 perenni
3263 4006 3467 4061 redime

1886 4113 1994 4161 me,
2030 4108 2089 4151 ut
2120 4109 2169 4152 te
2200 4101 2564 4167 magniﬁeem,
2602 4101 2762 4170 119
2785 4110 2842 4153 ιιι
2865 4110 2914 4153 te
2940 4098 3259 4169 gloriﬁcem,
3292 4097 3468 4153 utde-

1889 4190 2017 4245 hitis
2041 4191 2292 4246 laudibus
2320 4196 2574 4247 extollam
2614 4194 2882 4263 magnalia
2916 4202 3029 4245 tua.

1898 4328 1983 4383 Ex
2017 4328 2227 4385 Conone
2278 4334 2332 4385 in
2388 4333 2522 4401 [esto
2568 4332 2624 4386 S.
2658 4331 2915 4402 Martyris
2960 4328 3197 4393 Hermei,
3234 4330 3319 4383 die
3376 4327 3466 4383 51.

1970 4510 2169 4564 Sancta
2204 4510 2387 4580 Virgo,
2425 4510 2591 4565 Mater
2622 4510 2846 4572 Christi,
2876 4516 3172 4579 martyrum
3200 4506 3392 4576 gloria,
3417 4514 3471 4559 et

207 4604 365 4669 δόξα,
409 4600 502 4653 καὶ
529 4598 774 4667 ἀγγέλων
804 4599 837 4667 ἡ
859 4600 1129 4669 χαρμονὴ,
1167 4602 1261 4653 σὺν
1289 4601 1498 4665 τούτοις
1547 4602 1774 4656 δυσώπεη

1898 4603 2215 4669 angelorum
2245 4603 2455 4665 laetitia,
2509 4618 2617 4656 una
2644 4617 2768 4656 cum
2812 4603 2920 4655 illis
2965 4601 3191 4668 supplex
3247 4612 3470 4665 precare

208 4695 303 4748 τὸν
338 4692 470 4745 Υἱόν
496 4706 611 4754 σου,
657 4688 751 4742 τοῦ
786 4691 1124 4761 οἱκτειρῆσαι
1156 4692 1248 4745 καὶ
1277 4692 1446 4745 σῶσαι
1492 4696 1616 4759 τοὺς
1671 4695 1790 4748 δού-

208 4790 336 4851 λους
369 4804 485 4841 σου.

283 4880 522 4950 Στόματι
551 4879 643 4932 καὶ
689 4876 903 4949 γλώττῃ
972 4894 1031 4930 σε
1056 4877 1194 4930 Θεοῦ
1253 4879 1520 4945 πανάγιον
1566 4881 1791 4950 τέμενος

212 4968 491 5039 ὁμολογῶ,
574 4970 818 5035 πάναγνε
846 4983 860 5000 ⁸
930 4967 1012 5020 διό
1056 4983 1123 5037 με
1175 4968 1361 5038 πάσης
1418 4967 1579 5038 ῥῦσαι
1629 4971 1790 5024 κολά-

218 5076 382 5121 σαυς.

300 5149 691 5222 Ὑπερύμνητε
723 5149 1015 5215 Δέσποινα,
1034 5149 1127 5204 τὸν
1157 5152 1213 5204 ἐν
1252 5153 1364 5214 τοῖς
1429 5152 1606 5220 ἁγίοις
1661 5154 1794 5207 ἀνα-

219 5242 529 5310 παυόμενον
565 5242 704 5313 ὑπὲρ
728 5240 884 5306 λόγον
914 5240 1254 5309 ἀπεκύησαςο
1275 5241 1384 5304 ,διὰ
1408 5242 1566 5295 τοῦτο
1606 5244 1796 5312 ὕμνοις

221 5345 280 5381 σε
320 5345 385 5396 γε
394 5330 673 5400 ραίρομεν.

290 5421 505 5490 Νοεράν
528 5437 585 5473 σε
614 5420 830 5490 λυχνίαν
886 5419 1053 5473 πάλαι
1082 5423 1110 5474 ὁ
1135 5420 1419 5491 προφήτης
1453 5422 1699 5475 κατεῖδεν
1742 5424 1799 5475 ἐν

221 5510 505 5577 Πνεύματι
542 5511 908 5579 κεκτημένην,
940 5510 1115 5580 Κόρη,
1142 5511 1201 5561 τὸ
1226 5510 1529 5579 λαμπάδιον
1568 5512 1801 5581 Χριστὸν

222 5603 315 5655 τὸν
343 5602 574 5673 Κύριον,
603 5602 693 5655 τὸν
717 5605 858 5671 φωτὶ
920 5603 1145 5672 ἀρρήτῳ
1192 5603 1398 5664 πάντας
1458 5603 1603 5671 ἡμᾶς
1663 5619 1802 5671 φωτ-

226 5693 565 5761 αγωγοῦντα,
592 5694 715 5755 τοὺς
745 5692 946 5755 πιστῶς
964 5709 1022 5744 σε
1049 5692 1341 5761 τιμῶντας,
1379 5693 1704 5763 πανάμωμε.

299 5876 454 5947 (65")
500 5874 659 5932 Deest
684 5876 736 5932 in
766 5876 982 5932 Meamis
1006 5879 1305 5948 impressis.

1902 4694 2071 4748 tilium
2104 4705 2276 4756 tuum,
2312 4704 2367 4749 ut
2403 4697 2742 4749 misereatur
2793 4707 2848 4749 et
2886 4693 3067 4747 salvos
3094 4692 3258 4745 faciat
3286 4705 3472 4747 servos

1903 4797 2045 4841 IUOS.

1972 4874 2079 4929 Ore
2104 4884 2158 4929 et
2210 4877 2392 4946 lingua
2434 4886 2484 4930 te
2505 4875 2909 4932 sanctissimum
2938 4872 3032 4928 Dei
3060 4872 3319 4942 templum
3341 4886 3473 4924 con-

1904 4969 2079 5031 ﬁteor,
2111 4984 2143 5023 o
2180 4979 2290 5023 tota
2332 4980 2480 5024 casta
2512 4989 2523 5021 :
2562 4977 2844 5038 propterea
2897 4966 2965 5020 ab
3009 4965 3161 5020 omni
3212 4962 3476 5034 supplicio

1848 5089 1857 5098 -
1898 5061 2067 5114 libera
2096 5076 2201 5114 me.

1973 5154 2014 5204 0
2054 5150 2278 5205 Domina
2311 5153 2457 5205 omni
2494 5152 2653 5206 laude
2687 5151 2957 5221 superior,
2992 5159 3045 5203 tu
3090 5164 3217 5204 eum
3270 5126 3363 5218 qui
3420 5148 3472 5200 in

1904 5244 2108 5297 sanctis
2143 5244 2454 5311 requiescit,
2490 5242 2750 5295 ineﬂ'abili
2782 5241 2992 5295 ratione
3016 5238 3306 5309 peperisti;
3353 5238 3477 5290 ideo

1909 5343 1959 5389 te
1988 5336 2240 5389 laudibus
2268 5349 2612 5389 reneranmr.

1981 5422 2123 5477 Olim
2152 5424 2285 5477 vidit
2312 5434 2384 5487 te,
2424 5438 2456 5474 ο
2498 5422 2709 5481 Puella,
2737 5421 2999 5491 propheta
3031 5420 3083 5473 in
3116 5419 3310 5489 spiritu
3345 5433 3477 5473 ean—

1908 5515 2190 5569 delabrum
2228 5515 2564 5584 intelligihile
2596 5516 2803 5569 habens
2850 5514 3130 5567 lucernam
3188 5510 3468 5564 Christum

1912 5604 2222 5669 Dominum,
2256 5606 2514 5660 ineﬂ‘ahili
2534 5607 2651 5660 luce
2683 5621 2781 5660 nos
2810 5619 3003 5659 omnes
3033 5602 3475 5674 perfundentem,

1911 5697 2005 5766 qui
2041 5706 2163 5763 te,o
2195 5697 2725 5762 immaculatissima,
2754 5696 2985 5753 ﬁdeliter
3008 5695 3365 5751 honoramus.
