4166 6458
788 445 924 508 112‘.)

1915 439 1972 496 S.
2015 435 2328 497 JOSEPHI
2372 435 2685 496 HYMNOG
2697 437 2931 495 RAPHI

3901 439 4036 501 1194

852 555 1012 608 Lacte
1041 553 1301 606 divinitus
1335 551 1509 603 nutris
1532 564 1655 602 eum
1688 549 1780 617 qui
1833 557 1968 600 nutu
2025 532 2200 600 nutrit
2226 549 2345 600 uni-

2532 549 2796 618 Θηλαζεις
2816 549 3138 618 θεοπρεπῶς
3166 551 3252 601 τὸν
3269 549 3496 619 νεύματι
3515 552 3718 614 πάντας
3745 556 4033 625 τρέφοντα.

781 660 993 705 vei-sos;
1031 644 1173 696 ulnis
1205 642 1450 695 contines
1476 649 1529 692 et
1560 639 1955 706 complecteris,
1987 652 2017 690 ο
2059 639 2352 705 purissima

781 736 1032 795 Domina,
1063 749 1185 785 eum
1211 732 1301 800 qui
1338 733 1580 784 continet
1636 730 1820 784 omnia
1847 748 1859 783 :
1891 728 2250 798 quamobrem
2292 739 2344 783 te

780 827 1008 879 ﬁdeliter
1039 837 1131 892 pro
1178 821 1362 874 debito
1411 821 1798 890 glorificamus.

851 917 1102 984 Speciosa
1155 912 1294 965 facta
1345 928 1403 966 es
1435 953 1448 973 ,
1508 927 1541 965 ο
1597 911 1781 977 Virgo,
1815 910 2124 980 speciosum
2177 909 2351 965 forma

776 1010 1054 1062 Christum
1079 1006 1260 1068 mixa,
1293 1006 1386 1071 qui
1415 1004 1608 1057 similis
1642 1003 1820 1058 factus
1858 1013 1942 1058 est
1970 994 2153 1068 uobis,
2187 1014 2353 1073 atque

780 1116 972 1156 omnes
1019 1101 1307 1160 contritas,
1371 1098 1434 1149 ad
1489 1097 1653 1149 vitam
1688 1095 2010 1150 reformavit
2058 1110 2074 1148 :
2113 1095 2257 1150 unde
2305 1106 2354 1151 te

780 1209 996 1261 semper
1027 1192 1256 1245 lideliter
1283 1190 1497 1259 hymnis
1523 1189 1918 1256 gloriﬁcamus.

851 1285 1035 1338 Lutior
1068 1285 1219 1338 caelis
1251 1282 1390 1336 facta
1457 1299 1536 1344 es,
1567 1299 1598 1334 ο
1633 1282 1814 1350 Virgo,
1857 1297 1978 1333 cum
2015 1281 2354 1335 continueris

780 1376 834 1427 in
869 1386 1023 1427 utero
1049 1374 1212 1426 Deum
1240 1391 1254 1437 ;
1290 1388 1451 1442 quem
1497 1388 1712 1440 semper
1741 1387 1931 1434 exora,
1966 1379 2022 1424 ut
2049 1371 2239 1424 liberet
2270 1386 2355 1424 me

783 1482 926 1519 nunc
953 1481 978 1517 a
1001 1475 1246 1534 peccato,
1284 1481 1312 1518 a
1345 1482 1452 1534 quo
1513 1480 1658 1516 nunc
1693 1464 1744 1516 in
1780 1463 2058 1529 angustias
2115 1463 2351 1530 redigor,

781 1567 835 1610 ut
864 1557 1076 1624 pietatis
1107 1558 1364 1624 operibus
1388 1557 1668 1614 dilatatus,
1695 1561 1745 1604 te
1766 1552 1994 1606 ﬁdeliter
2026 1553 2351 1607 beatificem.

852 1648 1016 1709 Deus,
1049 1647 1140 1715 qui
1172 1648 1400 1714 gestavit
1442 1660 1547 1704 me,
1593 1645 1949 1711 pi'oeessitex
1991 1651 2072 1703 te;
2117 1644 2352 1697 induens

785 1755 870 1790 me
888 1739 1212 1790 vestimento
1246 1735 1698 1803 iucorruptionis,
1732 1749 1856 1786 cum
1879 1734 1948 1787 ob
1979 1747 2171 1802 pravas
2205 1749 2354 1787 meas

783 1828 1139 1896 cogitationes
1196 1825 1382 1878 divina
1421 1824 1558 1877 stola
1615 1823 1850 1876 nudatus
1903 1821 2164 1887 fuissem;
2198 1837 2231 1876 o
2261 1821 2352 1876 Dei

2460 641 2732 707 ἀγκάλαις
2789 643 3164 710 περικρατεῖς,
3222 641 3531 710 πανάμωμε
3592 643 3878 707 Δέσποινα,
3943 647 4040 697 τιν

2459 733 2667 792 πάντας
2695 730 2994 800 κατέχοντα
3024 746 3038 761 ·
3063 730 3152 784 διὰ
3173 731 3330 785 τοῦτο
3373 733 3555 785 πίστει
3619 736 3918 804 καταχρέος
3981 754 4039 788 σε

2461 820 2783 888 δοξάζομεν.

2543 910 2864 982 Ὠραιώθης,
2893 911 3162 982 Παρθένε,
3192 910 3284 964 τὸν
3307 912 3365 964 ὲν
3392 911 3577 966 κάλλει
3625 913 3829 982 ὡραῖον
3879 918 4016 985 X9:-

2463 1003 2586 1055 στὸν
2617 1005 2869 1074 κυήσασα
2903 1005 3038 1074 ἡμῖν
3056 1003 3408 1073 ὁμοιωθέντα,
3457 1007 3551 1057 καὶ
3599 1007 3801 1067 πάντας
3831 1024 4042 1078 συντρι-

2461 1096 2654 1158 ϐέντας
2677 1097 2813 1166 πρὸς
2843 1096 2988 1166 ζωὴν
3011 1096 3418 1150 ἁναπλάσαντα·
3454 1096 3578 1149 ὅθεν
3605 1100 3810 1160 πιστῶς
3832 1116 3890 1151 σε
3952 1103 4045 1152 ἀεὶ

2460 1188 2753 1258 δοξάζομεν
2786 1191 2844 1242 ἐν
2875 1189 3082 1260 ὕμνοις.

2534 1281 2741 1349 Ὠφθης
2764 1282 3071 1353 πλατυτέρα
3118 1281 3389 1352 οὐρανῶν,
3457 1283 3754 1352 χωρήσασα
3794 1283 3930 1334 Θεὸν
3983 1283 4043 1334 ἔν

2466 1369 2742 1438 μήτρᾳ,ὃν
2771 1371 2859 1422 ἀεὶ
2887 1370 3123 1423 δυσὼπει
3180 1371 3281 1440 τῆς
3324 1371 3762 1440 στενοχωρούσης
3828 1388 3895 1435 με
3946 1373 4044 1422 νῦν

2461 1465 2737 1533 ἁμαρτίας
2781 1464 3073 1534 ῥύσασθαι,
3124 1465 3388 1535 Παρθένε,
3444 1465 3594 1524 ὅπως
3636 1464 4045 1532 πλατυνόμενος

2464 1555 2643 1623 ἔργοις
2673 1555 2954 1618 εὐσεϐείας
3007 1557 3214 1618 πιστῶς
3241 1574 3300 1610 σε
3339 1557 3646 1626 μακαρίζω.

2531 1645 2769 1715 Φορέσας
2810 1665 2875 1716 με
2907 1649 3146 1718 προῆλθε
3178 1649 3308 1710 Θεὸς
3339 1651 3402 1701 ὲκ
3443 1649 3538 1701 σοῦ
3598 1648 3909 1718 ἀφθαρσίας
3961 1651 4048 1702 ὲν-

2461 1734 2601 1787 δύων
2639 1751 2707 1804 με
2759 1735 2962 1805 ἔνδυμα
3009 1740 3100 1789 τὸν
3156 1740 3369 1807 πονηρᾷ
3428 1738 3619 1808 γνώμῃ
3681 1740 4044 1805 γυμνωθέντα

2463 1827 2610 1890 θείας
2636 1828 2848 1890 στολῆς,
2874 1830 3240 1901 Θεογεννῆτορ
3297 1832 3588 1894 Δέσποινα,
3646 1832 3867 1883 πάντων
3925 1833 4040 1883 τῶν

782 1920 1030 1974 Genitrix
1095 1919 1346 1980 Domina,
1393 1917 1636 1970 omnium
1678 1914 1966 1967 hominum
2031 1913 2302 1984 refugium
2335 1953 2351 1978 ,

2466 1919 2758 1990 ἀνθρώπων
2810 1921 3123 1989 καταφυγὴ,
3174 1921 3476 1991 μαρτύρων
3509 1921 3871 1990 στεφηφόρων
3899 1940 4042 1990 κρα-

785 2023 1087 2084 martyrum
1125 2027 1335 2075 murus,
1362 2020 1415 2064 et
1448 2009 1614 2064 robur
1653 2022 1684 2062 a
1747 2021 1859 2075 quo
1907 2017 2261 2073 coronantur,
2311 2019 2366 2066 et

785 2108 1097 2173 angelorum
1133 2101 1446 2155 exsultatio.

1215 2214 1373 2281 120
1407 2209 1654 2265 ΜΕΝΞΙΞ
1695 2207 1959 2265 JUNIUS.

787 2325 870 2378 Ex
902 2325 1108 2380 Conone
1136 2327 1190 2378 in
1219 2327 1349 2394 festo
1392 2325 1452 2447 ST.
1480 2325 1732 2450 DDerhesi
1788 2323 2068 2391 martyris,
2133 2323 2364 2392 episcopi

1458 2413 1557 2450 uri.
1626 2413 1669 2448 te
1733 2436 1746 2448 .

1457 2413 1557 2464 yrt,
1587 2413 1669 2448 ate
1694 2413 1746 2450 δ.

860 2531 1058 2598 Deplue
1107 2546 1268 2597 super
1304 2545 1408 2590 me,
1439 2547 1470 2579 υ
1499 2527 1683 2596 Virgo,
1707 2543 1924 2596 precor,
1969 2527 2360 2595 compunctio-

791 2620 874 2672 nis
908 2621 1130 2678 stillam,
1191 2634 1311 2685 (ιιιιε
1345 2619 1666 2672 inluereutes
1718 2618 1850 2670 mihi
1906 2616 2096 2671 sordes
2154 2615 2366 2668 abster-

787 2723 897 2776 gut,
935 2720 990 2762 ut
1027 2711 1316 2776 glorificent
1341 2720 1410 2761 te.

863 2801 1062 2852 'l‘otum
1115 2815 1210 2852 cor
1261 2815 1440 2852 meum
1478 2799 1690 2853 illustra
1739 2800 1862 2854 luce
1902 2799 2111 2865 divina,
2142 2813 2176 2854 o
2214 2809 2365 2869 porta

794 2891 952 2954 lucis,
983 2895 1185 2958 peccati
1211 2891 1462 2944 tenebras
1493 2891 1830 2960 depellenda.

862 3070 905 3117 Δ
962 3065 1377 3128 tentatiouihus,
1404 3077 1566 3134 atque
1614 3081 1643 3120 a
1682 3067 1963 3120 mortifera
2000 3069 2123 3123 vita:
2158 3077 2369 3138 tempe-

789 3163 928 3206 state
959 3152 1105 3206 salva
1141 3169 1245 3217 me,
1276 3165 1332 3207 ut
1357 3173 1479 3208 cum
1516 3157 1616 3208 lidc
1639 3166 1690 3210 te
1718 3157 2042 3219 beatilicem,
2062 3172 2094 3210 ο
2117 3159 2356 3211 sanctis-

788 3246 927 3298 sima
955 3243 1136 3296 Puella
1156 3245 1326 3297 Mater
1362 3243 1543 3313 Virgo.

860 3334 1055 3389 Oriens
1075 3337 1237 3396 Solis,
1265 3337 1356 3403 qui
1387 3347 1512 3390 ante
1543 3336 1852 3390 Luciferum
1879 3339 2204 3403 coruscavit,
2226 3337 2364 3390 facta

790 3441 869 3490 es,
899 3444 931 3477 ο
976 3429 1354 3491 iunuarulala;
1392 3445 1484 3495 per
1533 3445 1694 3497 quem
1732 3431 1806 3482 illi
1850 3447 1944 3499 qui
2009 3433 2062 3485 iu
2127 3432 2366 3486 tenebris

793 3523 1056 3571 malorum
1081 3523 1458 3584 versabantur,
1498 3521 1674 3575 lucem
1710 3524 1984 3577 viderunt.

867 3608 1055 3672 Deum,
1086 3627 1242 3678 quem
1284 3613 1538 3679 peperisti
1572 3614 1846 3666 hominem
1887 3613 2092 3675 factum
2141 3614 2365 3683 supplex

790 3714 904 3759 ora,
939 3716 970 3752 ο
1016 3699 1202 3768 Virgo,
1245 3713 1301 3754 ut
1346 3706 1535 3757 liberet
1567 3720 1652 3758 me
1705 3707 1772 3757 ab
1818 3705 1940 3773 igne
1990 3716 2044 3760 et
2075 3716 2364 3767 tormento.

867 3793 910 3844 Ο
940 3793 1027 3844 Dei
1062 3793 1330 3860 Geuitrix,
1363 3797 1509 3864 eripe
1539 3811 1568 3848 a
1603 3796 1836 3850 vinculis
1865 3798 2071 3865 peccati
2098 3796 2367 3850 infelicem

793 3888 1028 3937 animam
1061 3901 1269 3954 meam;
1297 3900 1351 3940 et
1382 3890 1651 3941 mediante
1686 3889 1924 3957 perfecta
1961 3890 2167 3943 Christi
2224 3889 2360 3942 cha-

795 3979 954 4029 ritate
982 3978 1204 4031 liberam
1228 3977 1392 4031 redde
1421 3995 1566 4043 eam,
1601 3989 1659 4033 ut
1693 3987 1767 4043 te,
1797 3997 1830 4033 ο
1851 3979 2103 4050 Deipara,
2137 3979 2370 4034 fideliter

795 4069 848 4121 in
882 4070 1075 4123 saecula
1107 4070 1425 4138 glorificent.

865 4161 1276 4225 Speciosissima
1308 4162 1445 4214 facta
1465 4177 1544 4224 es,
1569 4177 1602 4212 ο
1620 4160 1804 4231 Virgo,
1828 4162 2292 4231 speciosissimum
2312 4161 2367 4216 in

797 4261 951 4302 utero
977 4251 1291 4320 concipiens
1320 4268 1383 4304 ac
1430 4253 1608 4305 ferens
1642 4253 1897 4317 Verbum,
1927 4254 2012 4308 cui
2038 4253 2323 4323 psallimus
2351 4271 2365 4309 :

795 4341 1120 4405 Benedicite,
1146 4345 1327 4395 omnia
1360 4360 1554 4411 opera,
1590 4343 1899 4398 Dominum.

865 4430 908 4484 Ο
941 4448 1093 4498 pura,
1126 4449 1247 4500 quae
1271 4434 1520 4486 manibus
1540 4437 1761 4501 portasti
1786 4437 2081 4499 Christum,
2113 4438 2366 4491 universa

792 4523 979 4574 divino
1025 4531 1159 4575 nutu
1213 4533 1554 4591 portantem;
1603 4525 1852 4578 eumdem
1901 4527 2117 4580 assidue
2171 4529 2365 4597 depre-

794 4629 942 4676 care,
983 4624 1038 4664 ut
1069 4613 1271 4682 dirigat
1331 4615 1666 4669 elevationes
1734 4630 1995 4668 manuum
2050 4630 2362 4671 nostrarum

794 4713 1052 4772 tanquam
1093 4705 1389 4774 thymiama
1419 4707 1473 4758 in
1504 4715 1801 4775 conspectu
1845 4723 1964 4761 suo.

799 4839 952 4909 121
984 4837 1069 4892 Ea:
1136 4840 1347 4894 Conone
1399 4842 1452 4892 in
1481 4841 1614 4908 [esto
1661 4840 1724 4895 S.
1761 4841 2016 4896 Theodoti
2069 4843 2362 4913 Ancyram,

1349 4913 1626 4980 martyris,
1650 4914 1734 4965 die
1759 4913 1810 4966 7.

867 5046 944 5099 Ob
972 5062 1254 5100 excessum
1311 5047 1702 5100 misericordiae
1725 5047 1898 5102 Filius
1955 5048 2047 5102 Dei
2087 5050 2365 5105 inclinavit

796 5139 985 5200 caelos,
1015 5146 1069 5190 et
1099 5138 1402 5200 descendit,
1436 5148 1600 5206 .tque
1645 5155 1710 5191 ex
1765 5149 1815 5191 te
1847 5138 2157 5192 incarnatus
2206 5151 2310 5204 est,
2333 5157 2366 5195 ο

797 5241 969 5293 casta,
1013 5241 1071 5284 ut
1109 5231 1343 5285 salvaret
1375 5232 1627 5285 homines
1657 5247 1688 5284 a
1721 5231 2042 5286 seductiOne
2071 5237 2363 5302 serpentis.

867 5405 1102 5459 lntuitus
1149 5422 1178 5458 a
1241 5407 1396 5474 longe
1443 5406 1905 5475 diviniloquorum
1977 5409 2361 5477 prophetarum

798 5496 998 5548 chorus
1022 5496 1448 5564 profunditatem
1500 5499 1741 5567 mysterii
1777 5501 1874 5561 tui,
1937 5500 2364 5555 multiformibus

803 5587 1051 5648 vocibus,
1084 5596 1134 5640 te
1163 5586 1252 5639 Dei
1289 5587 1512 5642 Matrem
1563 5599 1771 5642 castam
1816 5590 2148 5659 praedicavit,
2202 5606 2234 5642 o
2271 5605 2364 5643 ca-

800 5678 1039 5730 Stissima
1064 5676 1271 5750 Sponsa
1308 5677 1418 5732 Dei.

871 5768 1006 5819 Cum
1036 5770 1259 5822 Creutor
1284 5781 1662 5824 cmmervussct
1689 5779 1738 5824 te
1767 5781 1886 5839 post
1928 5781 2139 5840 partum
2204 5773 2364 5843 virgi-

803 5874 926 5911 nem
985 5860 1378 5930 incorruptam,
1408 5865 1582 5930 qualis
1634 5863 1811 5919 fueras
1839 5876 1971 5918 ante
2003 5873 2238 5933 partum,
2273 5865 2364 5918 lia-

2466 2014 2701 2083 ταίωμα,
2733 2014 2827 2067 καὶ
2867 2015 3068 2083 τεῖχος,
3115 2015 3213 2065 καὶ
3259 2014 3368 2067 τῶν
3405 2014 3654 2082 ἀγγέλων
3702 2013 4044 2083 ἀγαλλίαμα.

2955 2208 3110 2261 MllN
3172 2208 3468 2261 ΙΟΥΝΙΟΣ.

2478 2321 2572 2372 Ἐκ
2607 2322 2712 2375 τοῦ
2731 2323 3001 2387 Κανόνος
3029 2325 3117 2385 είς
3153 2322 3258 2374 τὸν
3311 2323 3484 2387 ἅγιον
3528 2321 3798 2388 μάρτυρα
3862 2325 4050 2388 Δῶρός-

2607 2395 2768 2458 θεον,
2827 2393 3164 2444 ἐπίσκοπον
3225 2394 3432 2457 Τύρου,
3507 2392 3696 2458 ἡμέρᾳ
3747 2398 3812 2443 ε’.

2543 2524 2848 2593 Ὀμὸῥισόν
2904 2523 3290 2593 μοι,[1αρθένε,
3317 2522 3505 2591 δέομαι
3529 2523 3763 2589 σταγόνα
3811 2522 4050 2576 κατανύ-

2467 2617 2745 2680 ξεως.τὸν
2772 2616 2958 2668 ἐνόντα
3018 2633 3107 2684 μοι
3167 2614 3339 2684 ῥύπον
3383 2613 3826 2676 ἀποπλύνουσαν,
3883 2615 4032 2675 ὅπως

2466 2705 2674 2770 δοξάζω
2710 2723 2789 2757 σε.

2541 2801 2713 2868 ’ὐλην
2749 2800 2851 2866 τὴν
2882 2799 3111 2866 καρδίαν
3149 2815 3250 2867 μου
3278 2796 3354 2867 τῷ
3414 2797 3582 2867 θεῑκῷ
3612 2797 3752 2865 φωτὶ
3795 2798 4046 2865 λαμπρυ-

2468 2907 2579 2952 νον,
2610 2889 2753 2962 πύλη
2791 2888 2966 2957 φωτὸς
2995 2888 3088 2940 τὸν
3117 2888 3217 2956 τῆς
3269 2887 3545 2957 ἁμαρτίας
3594 2888 3907 2955 σποτασμὸν
3956 2889 4047 2939 ὲκ-

2467 2981 2755 3033 διώκοντα.

2539 3071 2866 3140 Πειρασμῶν
2895 3087 2959 3140 με
2985 3070 3272 3133 διασωσον,
3304 3069 3399 3122 καὶ
3425 3069 3521 3122 τοῦ
3545 3069 3895 3138 ψυχοφθόρου
3939 3069 4032 3120 τοῦ

2472 3164 2590 3233 βίου
2626 3163 2916 3226 κλύδωνος,
2953 3162 3101 3223 ὅπως
3132 3161 3312 3212 πίστει
3361 3159 3650 3230 μακαρίζω
3685 3175 3767 3223 σε,
3801 3161 4044 3226 παναγία

2400 3249 2442 3306 C
2476 3255 2611 3323 κόρη
2631 3252 3086 3321 Μητροπάρθενε.

2550 3344 2810 3413 ’Δνατολὴ
2857 3342 3040 3394 Ἠλίου
3066 3343 3173 3410 πρὸ
3212 3339 3520 3408 Ἑωσφόρου
3552 3338 3937 3406 ἐκλάμψαντος
3956 3341 4045 3404 γέ-

2468 3453 2648 3503 γονας,
2703 3434 2769 3487 δι’
2823 3430 2883 3488 οὗ
2929 3434 3045 3502 φῶς
3101 3435 3150 3484 οἱ
3194 3434 3252 3484 ἐν
3305 3431 3506 3494 σκότει,
3558 3431 3819 3500 ἄχραντε,
3857 3432 4046 3485 δεινῶν

2470 3527 2785 3580 ἐθεάσαντο.

2543 3619 2806 3688 Παρθένε,
2844 3617 2904 3668 ὃν
2952 3617 3189 3687 ἑκύησας
3219 3617 3352 3670 Θεὸν
3404 3616 3690 3685 ἄνθρωπον
3723 3615 4042 3681 γενόμενον,

2467 3706 2656 3758 τοῦτον
2690 3709 2896 3759 ἱκέτευε
2934 3705 3279 3775 λυτρωθῆναί
3312 3723 3380 3774 με
3417 3707 3587 3774 πυρὸς
3621 3706 3714 3756 καὶ
3745 3705 4042 3765 κολάσεως.

2553 3798 2738 3850 Ῥὖσαι
2768 3798 2982 3866 δεσμῶν
3012 3799 3108 3866 τῆς
3139 3798 3418 3866 ἁμαρτίας
3451 3797 3549 3866 τὴν
3571 3796 3762 3848 ἀθλίαν
3792 3813 3898 3864 μου
3945 3796 4044 3863 Qu-

2469 3888 2589 3958 χὴν,
2619 3889 3004 3958 Θεογεννῆτορ,
3024 3890 3117 3942 καὶ
3130 3891 3316 3958 ἀγάπῃ
3349 3887 3484 3940 Θεοῦ
3515 3885 3810 3951 ὑπόζευξον
3841 3888 4044 3955 τελεία,

2470 3982 2559 4036 ἵνα
2591 3981 2796 4044 πιστῶς
2824 3981 3032 4046 δοξάζω
3064 3997 3146 4045 σε,
3179 3981 3433 4044 Θεοτόκε,
3463 3981 3544 4042 είς
3569 3979 3795 4041 αἰῶνας.

2550 4160 2891 4229 Ὠραιοτάτη,
2925 4156 3190 4226 Παρθένε,
3219 4155 3532 4224 ἀνεδείχθης
3572 4172 3665 4208 τον
3704 4155 4042 4224 ὡραιότατον

2467 4251 2641 4318 Λόγον
2670 4247 3030 4318 κυοφοροῦσα,
3058 4239 3103 4314 ᾧ
3129 4246 3426 4314 ψάλλομενο
3456 4244 3765 4312 Εὑλογείτε,
3785 4244 3856 4297 τὰ
3887 4245 4040 4314 ἔργα,

2467 4342 2694 4410 Κύριον.

2537 4435 2785 4503 Φέρουσα
2820 4432 3054 4503 Χριστὸν
3079 4431 3137 4484 ὲν
3161 4430 3320 4500 χερσὶ
3349 4430 3586 4501 φέροντα
3612 4427 3685 4482 τὰ
3714 4425 3901 4480 πάντα
3926 4428 4042 4481 νεύ-

2473 4539 2603 4591 ματι
2639 4521 2716 4592 τῷ
2754 4521 2904 4590 θείῳ,
2930 4520 3090 4589 ἁγνὴ,
3123 4521 3286 4572 αὑτὸν
3317 4520 3404 4572 ἀεὶ
3429 4519 3671 4572 δυσὼπει
3703 4518 3813 4569 τῶν
3845 4517 4040 4586 χειρῶν

2471 4611 2627 4683 ἡμῶν
2689 4611 2786 4674 τὰς
2836 4611 3096 4680 ὲπάρσεις
3154 4609 3376 4663 εὐθῦναι
3438 4609 3629 4662 τούτου
3679 4607 3756 4668 ῶς
3793 4607 4040 4676 θυμίαμα

2466 4704 2717 4757 ἐνώπιον.

2481 4842 2582 4894 Ἐκ
2609 4841 2715 4895 τοῦ
2742 4842 3017 4927 Κανόνος,
3037 4842 3128 4928 είς
3165 4839 3282 4924 ’τὸν
3312 4839 3484 4928 ι’ἱγνοῖρ
3519 4837 3792 4928 μᾴρτυρα
3831 4837 4042 4892 Θεόδο-

2863 4927 2970 4963 τον
3006 4911 3314 4978 Ἀγκύρας,
3345 4909 3533 4978 ᾑμέρᾳ
3572 4909 3639 4967 ζ’.

2548 5045 2854 5116 ’Υπερσολῇ
2904 5045 3306 5116 εὐσπλαγχνίας
3359 5046 3486 5108 τοὺς
3538 5044 3804 5114 οὐρανοὺς
3860 5045 4040 5106 κλίνας

2466 5138 2891 5208 καταὸἐϐηκενό
2922 5138 3046 5200 Υίδς
3088 5139 3120 5190 ό
3145 5138 3241 5191 τοῦ
3279 5136 3437 5202 Θεοῦ,
3474 5138 3566 5190 καὶ
3597 5139 3660 5189 ἐκ
3716 5136 3814 5189 σοῦ
3849 5139 4041 5206 aesop-

2466 5247 2659 5294 κωται,
2705 5231 2869 5300 ἁγνὴ,
2905 5229 3188 5294 διασὼζων
3237 5231 3363 5292 τοὺς
3413 5229 3636 5299 βροτοὺς
3686 5228 3906 5300 πλάνης
3951 5229 4040 5282 τοῦ

2466 5323 2661 5390 ὄφεως.

2551 5415 2694 5466 Ἰδών
2725 5432 2819 5467 σου
2861 5413 3144 5483 πόρρωθεν
3203 5413 3361 5483 χορὸς
3415 5412 3710 5481 προφητῶν
3763 5411 4042 5482 θεηγόρων

2472 5507 2770 5575 μυστηρίου
2827 5506 2887 5558 τὸ
2920 5505 3102 5573 βάθος,
3136 5505 3496 5574 πολυτρόποις
3538 5506 3594 5555 ὲν
3659 5507 3870 5571 φωναῖς
3907 5502 4040 5554 Θεοῦ

2467 5596 2694 5665 Μητέρα
2712 5595 2881 5662 ἁγνήν
2916 5611 2973 5646 σε
3006 5595 3286 5664 κηρὺττει,
3309 5594 3548 5660 πάναγνε
3586 5592 3896 5660 Θεόνυμφε.

2536 5769 2781 5833 Φυλάξας
2822 5770 3059 5839 ἄφθορόν
3088 5787 3144 5822 σε
3183 5771 3320 5838 μετὰ
3347 5770 3562 5838 κύησιν,
3606 5769 3679 5831 ὡς
3718 5769 3828 5838 πρὸ
3879 5770 4038 5822 τόκου

2473 5862 2763 5932 παρθένον,
2814 5866 2840 5915 ὁ
2882 5863 3256 5932 πλαστουργὸς
3311 5861 3526 5933 ᾤκησεν
3582 5862 3640 5912 ἐν
3691 5861 3876 5929 μήτρᾳ
3924 5876 4036 5921 σου,
