4166 6458
181 443 317 507 1125

1622 438 1985 501 MARIALE.

3279 438 3416 505 1126

176 556 271 608 καὶ
332 552 460 614 τοὺς
523 552 830 623 φθαρέντας
863 552 930 622 τῇ
984 549 1163 620 πλάνῃ
1202 528 1629 621 ἰκαινούργησεν
1676 549 1752 613 ῶς

1861 549 2046 605 bitavit
2079 552 2132 605 in
2162 558 2319 605 utero
2343 556 2472 615 tuo;
2500 556 2555 603 et
2581 557 2839 619 tanquam
2873 548 3064 619 plenus
3094 550 3409 608 misericor-

174 644 561 714 εὖσπλαγχνος.

242 819 658 891 Σωματωθέντα
681 819 773 872 τὸν
806 818 981 889 ἀληθῆ
1005 815 1177 885 Λόγον
1198 814 1297 870 τοῦ
1315 814 1525 884 [ἰατρὸς
1550 816 1615 867 ἐκ
1638 814 1744 867 τῶν

176 914 407 980 σεπτῶν,
441 913 581 981 άγνὴ
605 912 873 983 Παρθένε,
900 910 1146 980 αἱμάτων
1172 926 1285 974 σου,
1316 908 1540 970 τέτοκας
1565 908 1623 960 ὲν
1654 907 1745 961 δύο

173 1005 406 1068 τελείαις
462 1001 678 1074 φῦσεσι,
719 1004 819 1073 μιᾷ
871 1000 927 1054 δὲ
988 1000 1306 1065 ὑποστάσει,
1356 996 1740 1067 θεοχαρίτωτε.

254 1181 316 1234 '0
366 1180 549 1253 πάσης
611 1181 869 1234 ἐπέκεινα
901 1180 1195 1252 νοουμένης
1239 1178 1455 1251 άληθῶς
1487 1180 1578 1231 καὶ
1602 1178 1743 1249 όρω-

178 1273 345 1345 μένης
382 1275 614 1337 κτίσεως
664 1275 877 1344 μήτραν
903 1272 1003 1342 τὴν
1054 1272 1151 1343 σὴν
1182 1272 1347 1326 ὑπέδυ
1399 1270 1745 1341 παναληθῶς,

177 1368 269 1421 καὶ
322 1365 462 1436 σάρξ
522 1367 885 1437 ἐχρημάτισε,
916 1366 1040 1427 τοὺς
1096 1364 1321 1436 βροτοὺς
1366 1364 1747 1429 ἀναπλάττων,

189 1457 565 1528 Ἀειπάρθενε.

248 1549 397 1601 Μίαν
430 1550 667 1620 φέροντα
701 1546 1001 1600 ὑπόστασιν
1028 1543 1265 1614 ἐκύησας
1293 1543 1382 1596 τὸν
1409 1543 1601 1612 Λόγον,
1621 1544 1747 1615 Μη-

178 1639 538 1712 τροπάρθενε,
589 1637 785 1700 διπλάς
848 1637 1042 1708 ἔχοντα
1092 1637 1190 1700 τάς
1232 1634 1477 1704 θελήσεις
1533 1636 1626 1689 καὶ
1681 1635 1753 1689 τά

182 1731 382 1799 φυσικά
420 1729 586 1784 αὑτοῦ
631 1727 902 1799 ἰδιώματα
932 1726 1140 1797 σαφῶς
1178 1723 1311 1788 Θεὸς
1351 1725 1460 1798 γάρ
1497 1727 1614 1780 ἐστι
1658 1725 1752 1779 καὶ

183 1824 369 1895 βροτὸς
395 1826 424 1877 ό
449 1824 516 1877 δι’
547 1823 693 1894 ἡμᾶς
721 1822 1042 1894 σαρκωθείς.

1845 639 1956 703 dia,
1992 654 2087 693 eos
2152 640 2245 708 qui
2295 637 2487 693 fraude
2516 636 2718 693 diaboli
2766 638 3007 707 corrupti
3058 636 3299 706 fuerant,
3331 640 3417 695 in-

1851 730 2120 784 stauravit
2156 745 2219 784 ac
2239 729 2540 784 renovavit.

1919 815 2115 870 Verum
2146 817 2321 873 Patris
2340 817 2597 899 Verbum,
2622 832 2687 872 ex
2714 814 3036 872 venerandis
3060 814 3415 885 sanguinibus

1848 908 1977 973 tuis,
2009 924 2041 963 ο
2066 907 2229 979 Virgo
2246 917 2417 975 casta,
2449 916 2795 981 corporatum
2820 909 3071 979 peperisti
3105 910 3160 963 in
3201 908 3414 963 duabus

1849 1000 2099 1069 perfectis
2138 1002 2369 1069 naturis,
2426 1004 2584 1058 unica
2636 1010 2816 1057 autem
2869 1003 3187 1073 hypostasi,
3222 1017 3254 1056 ο
3307 1000 3417 1055 ί)εο

1848 1092 2192 1148 charissima.

1920 1183 2031 1247 ille,
2058 1187 2150 1256 qui
2183 1200 2310 1240 vere
2338 1195 2422 1240 est
2472 1201 2631 1256 supra
2677 1201 2895 1243 omnem
2925 1196 3253 1253 creaturam,
3286 1204 3410 1258 qua:

1852 1274 2075 1345 intelligi
2112 1287 2205 1331 aut
2235 1276 2410 1333 videri
2467 1279 2677 1347 possit;
2703 1279 2986 1335 verissime
3016 1291 3229 1333 uterum
3263 1290 3416 1333 tuum

1852 1367 2128 1439 ingressus
2150 1379 2253 1435 est,
2274 1377 2329 1425 et
2361 1384 2490 1424 caro
2517 1369 2693 1424 factus
2725 1377 2828 1435 est,
2858 1380 2918 1425 ut
2940 1370 3194 1426 homines
3245 1369 3418 1425 refor-

1854 1469 2048 1525 marct,
2082 1476 2115 1515 ο
2140 1458 2307 1531 Virgo
2336 1469 2617 1531 perpetua.

1927 1550 2163 1607 Verbum
2226 1552 2441 1606 unicam
2501 1552 2707 1607 habens
2762 1550 3124 1623 bypostasim,
3176 1552 3421 1622 duasque

1852 1642 2178 1702 voluntates.
2208 1650 2264 1698 et
2289 1643 2561 1697 naturalia
2588 1644 2762 1712 ipsius
2784 1644 3066 1709 idiomata,
3108 1643 3420 1705 manifeste.

1851 1736 2130 1805 peperisti,
2155 1752 2188 1790 ο
2222 1736 2391 1791 Mater
2419 1730 2586 1805 Virgo
2616 1754 2629 1790 :
2683 1736 2825 1793 Deus
2853 1738 2999 1792 enim
3027 1744 3113 1793 est
3143 1745 3197 1791 et
3229 1737 3416 1801 homo,

1853 1828 1946 1897 qui
1974 1836 2196 1897 propter
2228 1843 2327 1882 nos
2349 1827 2671 1883 incarnatus
2699 1838 2801 1883 est.

260 1913 661 1984 Ῥητορεύουσα
721 1912 943 1981 γλῶσσα
1011 1908 1107 1964 τοῦ
1164 1911 1464 1983 μυστηρίου
1526 1926 1620 1962 σου
1687 1907 1748 1962 τὸ

1922 1916 2132 1986 Lingua
2163 1919 2515 1987 quantumvis
2543 1919 2808 1989 eloquens
2833 1932 2898 1973 ac
2926 1919 3133 1975 diserta
3159 1934 3267 1974 non
3308 1934 3410 1990 po-

181 2004 492 2077 ἁπόρρητον
511 2004 675 2075 βάθος
696 2006 871 2058 εἰπεῖν
900 2004 961 2058 οὐ
1003 2004 1244 2059 δύναται.
1273 2004 1444 2072 Λόγον
1474 2003 1581 2075 γάρ
1614 2003 1748 2058 Θεὸν

181 2100 318 2169 ὑπὲρ
342 2100 499 2167 λόγον
535 2098 797 2169 ὲκὺησας,
832 2099 1074 2169 πάναγνε
1113 2096 1378 2167 Παρθένε,
1420 2099 1499 2161 εἱς
1532 2098 1749 2153 πάντων

187 2194 480 2263 σωτηρίαν.

248 2285 401 2353 Φωνῇ
457 2280 690 2351 ἀγγέλου
731 2283 961 2346 τὲτοκας
1014 2283 1104 2336 τὸν
1156 2281 1391 2354 ἄναρχον
1436 2282 1605 2349 Λόγον
1652 2280 1752 2332 λα-

181 2372 342 2426 ῦόντα
379 2373 559 2443 σάρκα
600 2373 783 2427 ἔννουν
810 2391 869 2428 τε
903 2375 997 2428 καὶ
1027 2375 1288 2446 ἔμψυχον,
1319 2375 1561 2444 Παρθὲνε
1615 2389 1752 2424 παν-

183 2464 333 2533 αγία,
383 2467 448 2518 ὲκ
471 2466 591 2537 τῶν.
609 2464 866 2539 καθαρῶν
894 2467 1142 2537 αἱμάτων
1171 2484 1286 2531 σου,
1310 2467 1405 2519 καὶ
1428 2465 1552 2527 τοὺς
1581 2464 1754 2532 ἀσάρ-

184 2575 308 2620 κους
336 2557 562 2627 ἐχθροὺς
606 2558 1036 2625 καταδαλλόντα,
1064 2558 1158 2611 καὶ
1182 2557 1430 2610 σώσαντα
1455 2556 1601 2625 ἡμᾶς
1621 2554 1753 2607 πάνυ

183 2664 282 2712 τας
313 2650 438 2711 τοὺς
465 2648 639 2719 ἀληθῆ
672 2650 933 2703 Θεοτόκον
960 2647 1360 2719 ὁμολογοῦντάς
1386 2663 1465 2699 σε.

196 2805 297 2858 Ἐκ
318 2804 423 2859 τοῦ
445 2806 707 2873 Κανόνος
730 2808 816 2874 εἱς
832 2806 975 2871 τοὺς
996 2806 1204 2875 ἁγίους
1217 2805 1524 2875 μάρτυρας
1554 2801 1755 2867 Ἀλέξ-

426 2876 651 2943 ανδρον
680 2880 778 2930 καὶ
826 2878 1200 2942 Ἀντωνίνιιν,
1232 2876 1417 2944 ἡμέρᾳ
1444 2881 1497 2929 ι’.

269 3006 327 3056 Ὀ
353 3005 759 3076 δημιουργήσας
803 3006 880 3070 ὡς
924 3007 1056 3073 Θεὸς
1087 3008 1185 3071 τὰς
1216 3008 1479 3078 άοράτους
1498 3006 1755 3075 δυνάμεις

191 3094 512 3165 βουλήματι,
555 3098 711 3167 ἔσχεν
734 3096 807 3161 ὡς
829 3098 1009 3152 αἱτίαν
1035 3116 1094 3151 σε
1118 3099 1217 3167 τῆς
1246 3099 1382 3168 πρὸς
1410 3098 1580 3168 ἡμᾶς,
1604 3097 1755 3167 [Iap-

1852 2016 1958 2061 test
1975 2006 2302 2061 ineﬂ‘abilem
2320 2008 2559 2078 mysterii
2583 2010 2659 2064 tui
2678 2008 3102 2078 profunditatem
3117 2011 3418 2081 explicare:

1852 2095 2086 2152 Verbum
2110 2097 2254 2152 enim
2280 2097 2372 2152 Dei
2413 2107 2577 2167 supra
2624 2100 2851 2153 verbum
2907 2102 3165 2170 genuisti,
3197 2120 3230 2157 o
3257 2103 3423 2173 Virgo

1851 2188 2180 2255 castissima,
2204 2188 2258 2243 in
2290 2189 2525 2243 salutem
2556 2190 2961 2244 universorum.

1885 2278 2154 2332 Mediante
2177 2293 2308 2333 voce
2329 2279 2503 2348 angeli
2528 2279 2781 2348 peperisti
2798 2277 3037 2333 Verbum
3061 2294 3257 2334 carens
3272 2280 3425 2349 prin-

1853 2370 2017 2438 cipio,
2056 2368 2200 2438 quod
2222 2383 2442 2424 carnem
2471 2370 2677 2437 accepit
2697 2380 2874 2424 mente
2898 2371 3060 2439 atdue
3083 2371 3265 2425 anima
3291 2387 3425 2439 pra:-

1854 2460 2023 2514 ditam
2050 2475 2117 2514 ex
2163 2460 2268 2514 tuis
2296 2459 2448 2528 puris
2482 2459 2866 2529 sanguinihus,
2900 2474 2932 2515 ο
2971 2459 3141 2529 Virgo
3192 2462 3428 2515 sanctis-

1854 2549 2023 2615 sima;
2066 2549 2360 2617 hostesque
2412 2548 2595 2601 carnis
2651 2557 2908 2616 expertes
2962 2548 3179 2611 devicit,
3222 2562 3428 2616 nosque

1855 2652 2046 2693 omnes
2079 2638 2329 2701 salvavit,
2360 2636 2452 2707 qui
2483 2646 2534 2690 te
2560 2651 2745 2691 veram
2774 2635 3061 2706 Deiparam
3084 2637 3425 2690 confitemur.

1860 2790 2019 2860 122
2044 2788 2127 2843 Ea:
2156 2788 2370 2843 Conone
2391 2789 2451 2860 in
2480 2789 2613 2857 festo
2639 2786 2737 2842 SS.
2783 2798 3077 2859 martyrum
3106 2790 3424 2854 Alexandri,

2329 2869 2379 2914 et
2418 2859 2722 2924 Antonium,
2750 2860 2835 2913 die
2863 2860 2950 2914 10.

1929 2998 2034 3064 Qui
2062 2998 2267 3053 creavit
2292 3006 2554 3068 tanquam
2582 2997 2729 3054 Deus
2768 2999 3072 3055 invisibiles
3121 3010 3423 3070 potestates

1857 3091 2074 3146 decreto
2092 3105 2213 3157 suo,
2241 3091 2433 3145 habuit
2455 3101 2506 3145 te
2529 3100 2786 3161 tanquam
2822 3106 3046 3147 causam
3080 3091 3432 3147 reformatio-

190 3185 330 3249 θένε,
363 3188 743 3252 άναπλάσεωςο
780 3187 969 3244 τοῦτον
1008 3185 1103 3244 οὖν
1138 3188 1376 3243 ὸυσῶπει
1422 3189 1512 3242 τὸν
1551 3187 1757 3259 κόσμον

1861 3183 1943 3237 nis
1967 3190 2189 3247 nostras,
2222 3197 2255 3236 ο
2281 3180 2469 3253 Virgo.
2504 3181 2658 3237 Hunc
2711 3198 2843 3252 ergo
2874 3198 3064 3248 exora,
3085 3198 3118 3238 ο
3138 3185 3428 3239 intemera—

192 3273 387 3336 σῶσαι,
422 3278 752 3348 πανάμωμε.

260 3367 534 3436 Παρθένος
573 3372 822 3443 κυήσασα
859 3371 992 3425 Θεὸν
1021 3371 1241 3444 ῶράθης
1279 3371 1418 3443 μετά
1474 3372 1755 3441 γέννησιν,

190 3458 282 3510 καὶ
310 3456 404 3510 σοῦ
452 3462 512 3511 τὸ
539 3458 700 3526 θεῖον,
736 3461 994 3531 άχραντε,
1029 3462 1321 3532 πρόσωπον
1363 3463 1515 3531 χοροὶ
1549 3461 1758 3531 παρθέ-

190 3565 295 3600 νων
316 3548 411 3602 νῦν
444 3550 804 3618 λιτανεύουσι,
843 3552 964 3623 μεθ’
1000 3548 1074 3607 ῶν
1123 3554 1253 3623 ἡμῖν
1281 3553 1501 3623 αῐτησαι
1535 3552 1761 3623 ἱλασμὸν

189 3641 280 3694 καὶ
308 3639 476 3706 ἕλεος,
508 3643 602 3696 καὶ
628 3643 817 3698 δεινῶν
846 3644 1082 3716 παντελῆ
1110 3643 1508 3716 ἀπολύτρωσιν.

271 3820 361 3883 Ὠς
392 3820 611 3891 ἔχουσα,
640 3822 983 3894 πανύμνητε,
1013 3824 1165 3892 ίσχύν
1207 3840 1266 3875 σε
1297 3823 1393 3876 καὶ
1431 3822 1760 3893 στήριγμαή

203 3911 515 3977 Ἀντωνίνα,
567 3918 827 3986 καρτερεῖ
871 3915 941 3968 τά
984 3915 1224 3986 δυσαχθῆ
1272 3916 1365 3967 καὶ
1394 3915 1639 3985 θλιὸερά,
1669 3915 1763 3967 καὶ

193 4002 381 4066 ῥίπτει
412 4004 502 4056 τὸν
548 4005 811 4075 τύραννον
844 4006 938 4059 καὶ
969 4008 1244 4076 συμπατεί
1291 4005 1451 4058 ποσὶν
1507 4004 1753 4076 ὡραίοις,

194 4095 260 4161 τῇ
291 4093 475 4161 χάριτι
505 4094 597 4147 τοῦ
623 4098 688 4147 ἐκ
744 4095 934 4165 νηδύος
970 4112 1064 4148 σου
1127 4094 1303 4149 Λόνου
1361 4093 1761 4163 ἐκλάμψαντος.

268 4278 560 4333 Κατάὸαλε
584 4280 710 4344 τοὺς
733 4281 819 4334 ἀεὶ
841 4280 1212 4352 πολεμοῦντάς
1252 4297 1319 4351 με
1364 4279 1646 4351 δαίμονας,
1673 4280 1765 4332 καὶ

194 4371 475 4441 ἄπρακτον
499 4371 596 4442 τὴν
615 4371 811 4443 βουλὴν
838 4373 1016 4427 αὐτῶν
1040 4372 1286 4441 ποίησον,
1314 4373 1573 4442 άχραντε,
1589 4373 1766 4445 άτρω-

194 4463 286 4516 τόν
356 4480 428 4533 με
475 4463 725 4528 σώζουσα
762 4465 859 4535 τῆς
922 4465 1248 4536 προσδοκίας
1303 4465 1530 4531 τούτων,
1586 4464 1762 4535 Κόρη,

194 4555 345 4617 ὅπως
374 4556 463 4607 ἀεὶ
495 4554 784 4625 μακαρίζω
813 4572 894 4612 σε.
1514 4630 1525 4633 Α

265 4645 632 4716 Νενέκρωμαι
659 4647 837 4718 ψυχὴν
884 4650 1001 4713 ταῖς
1038 4649 1433 4722 παραϐάσεσιν,
1473 4649 1767 4720 ἐπίσκεψαι

188 4727 291 4807 με,
326 4737 567 4801 ζώωσον,
617 4738 717 4809 τὴν
764 4737 909 4811 ζωὴν
954 4741 1316 4812 ἀποκυήσασα
1343 4741 1599 4810 Χριστὸν,
1630 4740 1691 4793 ὃν
1718 4742 1768 4795 οἱ

196 4830 442 4891 εὐκλεεῖς
489 4830 974 4902 μεγαλομάρτυρες
1031 4833 1250 4887 πάντων
1309 4832 1465 4898 Θεὸν,
1494 4831 1769 4903 Παρθενο-

200 4924 401 4993 μῆτορ,
436 4923 923 4995 καθωμολόγησαν.

273 5111 491 5177 Ὥσπερ
516 5113 641 5172 τοὺς
665 5113 813 5180 τρεῖς
838 5105 1030 5173 πέιῖδας
1080 5110 1140 5161 οὐ
1191 5106 1489 5178 κατέφλεξε
1543 5106 1773 5178 κάμινος

206 5202 241 5271 ἠ
270 5200 585 5270 Χαλὼῖκὴ,
616 5200 811 5266 οὕτως,
836 5201 1095 5271 άχραντε,
1126 5200 1225 5271 σήν
1254 5200 1415 5270 νηδὺν
1447 5199 1558 5270 πῦρ
1585 5198 1645 5253 τὸ
1675 5201 1773 5269 τῆς

201 5294 461 5360 θεότητος
500 5292 767 5359 άφλεκτον
795 5294 1080 5363 ἐτήρησεν,
1116 5291 1251 5345 ἀλλὰ
1311 5290 1421 5362 βοῶ
1452 5308 1554 5344 σοι·
1586 5290 1770 5345 Κατά-

201 5382 402 5449 φ).εξον
436 5380 569 5452 ὓλην
593 5383 796 5454 πικράν
816 5381 923 5435 τῶν
953 5382 1139 5436 παθῶν
1174 5400 1299 5453 μου,
1330 5381 1489 5452 ἁγνὴ,
1518 5381 1665 5444 ὅπως
1699 5380 1777 5434 δο-

198 5474 354 5541 ξάζω
386 5490 468 5529 σε.

294 5566 701 5638 ’Λπειράνδρως
723 5568 947 5629 τέτοκας
961 5568 1092 5620 Θεὸν
1105 5567 1236 5637 ἡμῖν
1253 5566 1603 5636 ὁμοιωθέντα,
1629 5568 1710 5621 Πα
1719 5584 1777 5636 ρ-

202 5658 357 5724 θένε,
388 5658 450 5711 ὃν
483 5658 814 5724 ἑκδυσὼπει,
857 5660 1260 5729 παναμώμητε,
1302 5659 1390 5711 άεὶ
1422 5657 1593 5711 σῶσαι
1651 5660 1778 5722 τοὺς

203 5751 622 5824 κραυγάζοντας
643 5768 657 5783 ο
694 5751 1001 5823 Εὑλογεὶτε,
1038 5751 1213 5805 πάντα
1242 5751 1310 5805 τά
1340 5750 1496 5823 ἔργα,
1551 5750 1775 5823 Κύριον.

1786 3254 1830 3313 c
1862 3275 2095 3339 tissime,
2132 3290 2232 3344 pro
2259 3276 2448 3330 mundi
2477 3276 2677 3331 salute.

1929 3367 2066 3421 Cum
2097 3367 2265 3422 Deum
2308 3368 2617 3436 genuisses,
2648 3376 2768 3437 post
2796 3375 3008 3435 partum
3038 3366 3204 3438 Virgo
3258 3383 3427 3438 appa-

1858 3457 2040 3522 ruisti,
2065 3473 2098 3511 ο
2120 3457 2437 3527 impolluta;
2467 3458 2828 3527 divinumque
2857 3457 3067 3511 vultum
3097 3466 3248 3512 tuum
3270 3458 3427 3513 chori

1859 3550 2131 3620 virginum
2178 3564 2322 3603 nunc
2381 3550 2768 3618 deprecantur,
2804 3564 2928 3603 cum
2976 3550 3175 3619 quibus
3219 3551 3434 3619 postula

1863 3657 1959 3711 pro
1998 3641 2156 3697 nobis
2182 3641 2620 3712 propitiationem
2680 3649 2736 3695 et
2764 3639 3216 3707 misericordiam,
3250 3650 3303 3695 et
3318 3655 3435 3693 oru-

1863 3734 2139 3788 nimodam
2172 3749 2200 3787 a
2236 3734 2394 3788 malis
2415 3734 2818 3787 liberationem.

1933 3823 2067 3878 Cum
2100 3824 2372 3877 Antonina
2398 3825 2622 3877 haberet
2652 3833 2723 3885 te,
2756 3838 2788 3875 ο
2813 3822 2963 3876 omni
3007 3823 3164 3877 laude
3223 3822 3435 3892 dignis-

1863 3914 2022 3980 sima,
2054 3913 2423 3969 fortitudinem
2458 3930 2521 3968 ac
2548 3914 3218 3979 fulcimentum,toleravit
3247 3928 3437 3982 aspera

1862 4023 1927 4061 ac
1958 4006 2095 4061 dura
2132 4007 2401 4075 supplicia
2424 4005 2690 4075 ;projecit
2721 4015 3036 4076 tyrannum,
3066 4006 3438 4060 coneulcavit—

1865 4114 1970 4167 que
1997 4113 2122 4152 eum
2162 4097 2387 4167 pedibus
2422 4096 2711 4167 speciosis,
2744 4099 3020 4152 mediante
3066 4097 3238 4168 gratia
3289 4097 3437 4152 illius

1865 4190 2048 4254 Verbi,
2086 4191 2231 4259 quod
2264 4205 2327 4243 ex
2364 4199 2521 4243 utero
2548 4198 2643 4244 tuo
2666 4189 2998 4245 eoruseavit.

1936 4280 2140 4351 Dejice,
2163 4297 2197 4336 ο
2228 4282 2602 4348 immaculata,
2630 4283 2923 4347 daemones,
2953 4282 3046 4353 qui
3067 4297 3154 4336 me
3176 4282 3451 4351 perpetuo

1865 4383 2202 4443 oppugnant,
2238 4384 2288 4428 et
2312 4373 2525 4428 irritum
2550 4374 2711 4428 redde
2728 4373 3018 4429 consilium
3036 4389 3226 4428 eorum
3246 4389 3259 4437 ;
3283 4388 3438 4427 serva

1865 4481 1953 4520 me
1977 4465 2203 4520 illaesum
2230 4481 2257 4519 a
2278 4466 2520 4532 vulnere,
2548 4476 2742 4536 praeter
2763 4480 2912 4537 spem
2935 4482 3150 4530 eorum,
3172 4481 3205 4520 ο
3228 4466 3436 4530 Puella,

1798 4590 1845 4649 υ
1871 4568 1931 4613 ιιι
1967 4567 2018 4613 te
2043 4574 2258 4628 semper
2281 4559 2607 4614 beatilicem.

1938 4651 2192 4705 Animam
2221 4653 2745 4721 transgressionihus
2778 4653 3159 4721 interemptam
3194 4667 3259 4706 ac
3290 4666 3439 4705 mor-

1869 4748 2017 4795 tuam
2081 4742 2253 4796 habeo
2288 4760 2301 4796 :
2347 4743 2505 4797 visita
2540 4753 2594 4798 et
2643 4744 2856 4798 viviiica
2889 4760 2996 4808 me,
3030 4754 3083 4799 tu
3122 4759 3243 4814 qua:
3274 4747 3441 4797 vitam

1869 4833 2150 4888 Christum
2183 4836 2467 4904 peperisti,
2493 4852 2653 4906 quem
2691 4837 2929 4891 illustres
2972 4837 3265 4906 magnique
3293 4849 3442 4889 mar-

1874 4931 2019 4993 tyres
2054 4924 2301 4978 omnium
2351 4923 2521 4981 Deum
2583 4940 2707 4981 esse
2732 4924 2971 4981 confessi
3003 4934 3162 4989 sunt,
3215 4940 3249 4980 ο
3275 4923 3443 4994 Virgo

1872 5013 2064 5067 Mater.

1944 5104 2414 5172 Quemadmodum
2451 5118 2560 5164 tres
2607 5125 2804 5180 pueros
2838 5124 2947 5163 non
2997 5108 3300 5164 combussit
3338 5106 3448 5164 for-

1874 5212 1978 5251 nax
2008 5196 2296 5252 Chaldaica
2320 5237 2335 5261 ,
2377 5199 2449 5253 ita
2483 5208 2697 5253 uterum
2731 5210 2906 5265 tuum,
2930 5213 2964 5253 ο
2997 5199 3283 5265 inviolata,
3304 5200 3445 5253 divi-

1876 5288 2061 5343 nitatis
2094 5289 2234 5357 ignis
2266 5290 2670 5346 incomhustum
2695 5293 2953 5347 servavit.
2986 5290 3097 5363 Ego
3114 5306 3244 5346 vero
3272 5291 3447 5345 clamo

1876 5379 1942 5433 ad
1968 5388 2063 5433 te:
2099 5379 2372 5435 Comhure
2413 5396 2655 5436 amaram
2690 5383 2897 5454 sylvam
2929 5382 3243 5453 passionum
3292 5398 3445 5437 mea-

1878 5486 2023 5537 rum,
2054 5486 2087 5525 o
2108 5482 2278 5537 casta,
2313 5482 2371 5526 ut
2400 5482 2451 5528 te
2488 5474 2809 5543 gloriiicem.

1946 5563 2164 5632 Absque
2188 5563 2290 5617 viri
2316 5567 2648 5634 experientia
2673 5566 2839 5620 Deum
2880 5568 3155 5638 peperisti,
3192 5584 3226 5623 ο
3256 5567 3444 5636 Virgo,

1880 5652 2083 5708 factum
2116 5654 2351 5709 similem
2394 5656 2590 5725 nobis;
2617 5672 2780 5727 quem
2820 5660 3136 5729 suppliciter
3154 5675 3317 5714 exora
3355 5675 3447 5711 as-

1883 5747 2063 5813 sidue,
2095 5763 2128 5802 ο
2161 5748 2332 5802 libera
2365 5749 2433 5803 ab
2468 5750 2616 5803 omni
2658 5751 2897 5815 macula,
2937 5760 2996 5805 ut
3023 5752 3195 5807 salvet
3216 5767 3330 5814 ros,
3358 5749 3448 5819 qui

1883 5838 2155 5895 clamant:
2198 5838 2537 5907 Benedicitc,
2557 5841 2907 5912 1230mnia
2928 5858 3113 5913 opcra,
3139 5844 3447 5901 Dominum.
