4166 6458
732 436 867 504 119.1

1876 438 1935 498 S.
1977 433 2293 496 JOSEPHI
2332 431 2892 494 HYMNOGRAPHI

3865 428 4000 495 1128

790 549 837 606 0
866 549 1205 614 castissima,
1235 548 1370 601 oriri
1402 547 1487 602 lac
1520 547 1655 602 mihi
1688 563 1832 603 nunc
1865 548 1918 602 in
1946 547 2183 602 tenebris
2216 562 2309 599 so-

2487 549 2605 611 Φῶς
2636 566 2724 620 μοι
2752 547 2829 616 τῷ
2857 546 3118 618 κειμένῳ,
3158 544 3423 614 πάναγνε,
3448 545 3507 599 ὲν
3537 544 3798 616 ἀμελείας
3822 548 4001 600 σκότει

721 644 923 699 cordia:
951 642 1182 713 jacenti,
1215 641 1416 705 lucem,
1467 657 1575 711 qua
1605 642 1874 696 dissolvas
1908 641 2102 701 nubes.
2134 655 2307 694 esca:-

718 745 908 790 cautes
961 745 1195 787 mentem
1250 748 1478 797 meam,
1518 748 1581 787 ac
1650 743 1914 801 perpetuo
1978 730 2305 785 altissimam

722 827 959 897 quietem
988 838 1292 895 pacemque
1326 824 1596 879 concedas
1625 824 1823 878 animae
1862 838 2014 885 meae,
2047 831 2105 875 ut
2137 821 2309 893 glori-

724 920 885 974 ﬁcare
913 919 1119 987 possim
1156 926 1228 980 te,
1254 932 1288 971 o
1322 917 1706 972 mundissima.

2417 642 2513 694 νῦν
2569 639 2934 705 ὲξανάτειλον,
2968 638 3040 692 τὰ
3104 637 3414 707 τυφλοῦντά
3462 656 3566 707 μου
3616 638 3709 690 τὸν
3741 637 4003 707 λογισμὸν

2416 733 2554 800 νέφη
2585 731 2809 795 λύουσα,
2840 731 2937 784 καλ⁵
2992 732 3222 802 εἰρήνην
3271 729 3517 800 βαθεῖαν,
3557 731 3890 801 πανάμωμε,
3921 732 4006 783 ἀεὶ

2416 822 2766 896 ἐργαζομένη
2792 827 2851 877 ὲν
2878 825 2944 894 τῇ
2972 821 3117 893 ψυχῇ
3146 840 3272 893 μου,
3301 822 3397 876 τοῦ
3430 821 3673 887 δοξάζειν
3707 839 3789 877 σε.

1184 1033 1267 1087 Ea:
1290 1034 1501 1089 Cimone
1542 1034 1593 1086 in
1624 1033 1729 1088 SS.
1752 1043 2039 1102 martyres,
2084 1030 2379 1096 Meletium,
2407 1026 2736 1098 Stephanum
2777 1035 2825 1079 et
2858 1024 3139 1088 Joannem,
3173 1025 3258 1078 die
3289 1023 3539 1094 10(65“).

794 1130 1179 1185 Vauerandum
1220 1132 1557 1200 virginitatis
1599 1138 2042 1192 monumentum,
2079 1137 2319 1182 montem

724 1242 848 1280 vere
870 1240 897 1279 a
919 1226 1165 1295 lapicidaa
1200 1239 1363 1277 manu
1412 1226 1698 1289 intactum,
1737 1223 1970 1293 Spiritus
2002 1221 2173 1275 sancti
2197 1221 2322 1274 thu-

723 1318 989 1381 rihulum,
1016 1315 1108 1369 Dei
1136 1326 1392 1379 matrem,
1422 1315 1859 1371 orthodoxoer
1889 1313 2144 1383 gloriam.
2186 1312 2320 1367 iide-

722 1413 802 1465 les
831 1411 1073 1464 universi
1116 1410 1513 1464 beatilicentus.

797 1505 1161 1574 Corporatutn
1198 1502 1375 1558 Patris
1416 1503 1652 1557 Verbum
1686 1501 1946 1556 ineﬂabili
1978 1502 2191 1556 ratione
2219 1515 2313 1571 ge-

725 1596 917 1663 nuisti,
947 1614 979 1650 o
1004 1613 1138 1666 pura
1177 1595 1431 1664 Deipara,
1470 1595 1687 1649 unitum
1718 1594 2038 1649 hominibus
2090 1603 2312 1664 propter

728 1706 1001 1744 summam
1035 1690 1338 1743 bonitatem
1370 1702 1561 1752 suam;
1596 1688 1740 1757 quod
1792 1688 1953 1743 enixe
1980 1701 2227 1756 precare,
2255 1695 2313 1741 ut

724 1797 911 1835 servos
942 1790 1066 1833 tuos
1092 1796 1119 1831 a
1154 1778 1414 1847 periculis
1446 1779 1668 1848 eripiat.

2425 1121 2878 1183 temeratissima,
2918 1130 2972 1173 tu
3013 1135 3133 1189 quae
3172 1118 3339 1172 vitam
3382 1118 3661 1189 peperisti,
3695 1132 3749 1173 et
3798 1120 4010 1189 passio-

2423 1232 2552 1272 num
2593 1221 2968 1283 iempestatem
3004 1214 3056 1266 in
3095 1213 3543 1281 tranquillitatem
3578 1226 3885 1277 commuta,
3921 1226 4008 1265 at-

2420 1325 2527 1381 que
2557 1319 2674 1363 esto
2710 1306 2843 1361 mihi
2871 1304 3135 1373 adjutrix,
3163 1306 3229 1359 ab
3258 1306 3424 1374 hujus
3453 1306 3578 1359 vita:
3606 1306 3868 1375 periculis
3894 1310 4005 1361 eri-

2420 1404 2575 1473 piens
2604 1418 2712 1456 me.

2493 1494 2710 1551 Peccati
2768 1498 2881 1552 luto
2933 1514 3017 1553 me
3047 1517 3195 1557 nunc
3231 1503 3461 1556 inlisum
3494 1500 3663 1569 erige,
3718 1512 3751 1553 ο
3795 1496 4009 1565 Sponsa

2420 1590 2535 1656 Dei,
2575 1594 2691 1645 sola
2730 1591 2821 1647 Dei
2862 1592 3138 1657 Genitrix,
3193 1605 3247 1649 et
3286 1595 3458 1666 dirige
3494 1594 3561 1648 ad
3593 1591 4009 1661 impassibilita-

2421 1692 2549 1744 tem,
2584 1683 2797 1739 inteuse
2831 1685 2990 1757 124
3015 1686 3364 1750 clamantem,
3396 1700 3503 1742 etc.

2499 1774 2893 1847 Prmligurabat
2913 1788 2965 1833 te
2987 1778 3157 1833 rubus
3187 1779 3297 1845 ille,
3328 1779 3420 1849 qtti
3448 1781 3577 1833 olim
3614 1778 3780 1850 Moysi
3816 1787 4012 1831 ostt-n-

793 1871 965 1937 Leges
994 1880 1202 1924 natura:
1244 1871 1296 1923 in
1333 1880 1384 1924 te
1416 1869 1752 1924 innovantur
1782 1888 1794 1935 ;
1830 1884 1956 1923 nam
1992 1869 2126 1938 legis
2154 1867 2315 1921 dato-
2351 1876 2392 1930 Β
2423 1886 2518 1925 sus
2556 1878 2660 1935 est,
2696 1869 2827 1923 dum
2873 1854 3115 1935 arderet,
3148 1882 3201 1927 et
3246 1888 3355 1927 non
3383 1874 3848 1927 combureretur:
3881 1888 4012 1925 vere

725 1980 837 2017 rem
877 1978 999 2016 vere
1030 1961 1309 2031 peperisti,
1343 1962 1437 2031 qui
1463 1961 1732 2017 universis
1765 1961 1888 2014 vita:
1922 1962 2070 2030 leges
2105 1960 2314 2014 consti-

724 2057 848 2121 tuit,
884 2063 939 2109 et
965 2064 1313 2124 peccatorum
1337 2063 1528 2107 contra
1555 2053 1725 2124 legem
1746 2055 2171 2109 commissorum
2208 2053 2314 2107 llu-

728 2150 846 2201 vios
870 2148 1155 2216 repressit,
1191 2162 1223 2199 o
1255 2144 1423 2213 Virgo
1454 2147 1604 2200 omni
1636 2162 1701 2200 ex
1726 2157 1877 2216 parte
1908 2147 2136 2209 illibata,
2168 2161 2315 2199 utar-

727 2252 908 2310 tyrum
952 2238 1150 2307 gloria,
1177 2246 1231 2291 ct
1266 2238 1507 2292 ﬁdelium
1552 2238 1704 2293 salus
1744 2248 1798 2292 et
1821 2237 2094 2306 gloriatio.

802 2330 1207 2384 Solidissintam
1260 2330 1512 2399 gloriam,
1560 2331 1742 2399 regale
1802 2340 2167 2401 sanctumque
2218 2346 2316 2386 ve-

732 2421 1001 2484 hiculum,
1057 2422 1360 2474 thalamum
1413 2420 1541 2485 Dei,
1579 2432 1820 2489 pontem,
1858 2423 2316 2476 transmittentem

729 2532 921 2567 omnes
951 2516 1015 2567 ad
1050 2515 1445 2567 immateriales
1486 2517 1801 2568 mansiones
1826 2554 1839 2575 .
1877 2516 2065 2568 mundi
2130 2517 2316 2584 propi-

734 2610 1035 2671 tiatoriutn,
1070 2607 1345 2675 Virginem
1384 2605 1611 2658 Mariam
1664 2605 1919 2659 laudibus
1950 2606 2312 2659 celebremus.

801 2702 1064 2753 Murtilica
1123 2699 1311 2752 carnis
1347 2714 1479 2752 mea:
1527 2699 1875 2751 lascivientes
1908 2708 2111 2761 motus,
2150 2713 2180 2751 o
2223 2698 2308 2750 in-

735 2862 816 2917 ΕΣ
848 2860 1058 2916 Cimone
1104 2862 1159 2913 in
1212 2861 1343 2927 festo
1407 2859 1463 2913 S.
1503 2860 1739 2929 Acylina:
1778 2861 2054 2928 martyris,
2103 2861 2190 2911 die
2235 2859 2316 2912 15.

804 3062 908 3127 Qui
938 3077 1061 3115 cum
1117 3061 1278 3115 Patre
1305 3060 1560 3129 principii
1596 3069 1822 3128 experte
1855 3058 2018 3113 simul
2063 3058 2321 3128 intelligi-

2424 1960 2594 2025 enim,
2631 1976 2663 2015 ο
2702 1960 3032 2029 castissima,
3076 1963 3383 2018 divinitatis
3410 1964 3588 2032 ignem
3625 1965 3882 2033 portasti,
3918 1963 4011 2030 qui

2425 2066 2477 2111 te
2494 2058 2643 2113 nulla
2660 2072 2725 2113 ex
2745 2065 2897 2128 parte
2921 2056 3224 2112 combussit
3247 2074 3260 2123 ;
3288 2057 3375 2112 cui
3397 2056 3648 2126 cum_lide
3668 2056 4011 2110 clamamus:

2424 2147 2607 2215 Pueri,
2628 2150 2952 2215 benedicite,
2974 2161 3080 2204 etc.

2498 2243 2686 2297 Amica
2744 2242 3015 2297 bonorum
3070 2242 3255 2313 Virgo,
3300 2258 3422 2313 quze
3460 2242 3663 2297 bonum
3719 2240 4015 2295 Dominum

2430 2349 2494 2388 ac
2539 2334 2943 2388 dominatorem
2998 2335 3290 2403 peperisti,
3346 2334 3586 2388 animam
3638 2347 3816 2385 meam
3867 2346 4017 2383 nunc

2429 2425 2778 2480 multitudine
2810 2425 3079 2478 malorum
3115 2426 3383 2488 vitiatam,
3418 2435 3674 2492 tanquam
3720 2423 3862 2475 bona
3910 2423 4009 2474 bo-

2428 2534 2553 2571 nam
2586 2517 2759 2581 eﬂice,
2791 2527 2845 2571 et
2875 2534 2905 2571 a
2957 2518 3159 2572 duritie
3185 2533 3290 2588 qua
3319 2531 3468 2571 nunc
3497 2516 3791 2575 detinetur.
3846 2514 4019 2566 libera

2424 2622 2544 2662 eam
2588 2609 2847 2678 precibus
2876 2609 3009 2677 tuis,
3043 2620 3103 2664 ut
3134 2619 3185 2665 te
3211 2610 3330 2666 sine
3360 2606 4015 2676 cessationemagniﬁcet.

2442 2864 2542 2915 Ἐλι
2565 2861 2672 2915 τοῦ
2705 2862 2975 2926 Κανόνος
3008 2864 3094 2926 είς
3128 2861 3243 2927 τὴν
3270 2862 3448 2930 ἁγίαν
3463 2860 3737 2929 μάρτυρα
3776 2858 4014 2911 Ἀκί·λί-

2980 2948 3116 2997 νην,
3148 2931 3338 3000 ἡμέρᾳ
3368 2933 3453 2999 ιγ’.

2512 3065 2571 3118 '0
2603 3065 2681 3134 τῷ
2730 3065 2953 3135 ἀνάρχῳ
2991 3068 3166 3135 Πατρὶ
3214 3064 3604 3135 συννοούμενος
3669 3063 3839 3116 ὑπέδυ
3906 3063 4018 3133 μή·

743 3164 854 3217 tur,
898 3154 1182 3223 ingressus
1217 3164 1300 3207 est
1337 3162 1552 3205 uterum
1582 3161 1759 3216 tuum,
1796 3167 1828 3205 ο
1864 3150 2033 3204 Maria
2090 3149 2199 3205 Dco
2233 3154 2319 3205 de-

2430 3175 2555 3227 τραν
2609 3161 2707 3228 τὴν
2767 3159 2864 3227 σὴν
2910 3157 3196 3226 ἄνθρωπος
3249 3159 3544 3227 γενόμενος
3576 3197 3591 3217 ,
3657 3158 3752 3208 καὶ
3806 3156 4019 3207 ἔσωσεν

746 3251 1031 3311 sponsata,
1061 3240 1241 3295 factus
1275 3240 1461 3301 homo,
1499 3250 1551 3292 et
1586 3240 1816 3292 salvavit
1851 3254 1973 3305 nos,
2007 3240 2098 3310 qui
2130 3256 2327 3293 succu-

741 3335 1041 3389 buerantus
1088 3331 1332 3393 malitire,
1366 3340 1421 3385 et
1455 3334 1598 3384 servi
1650 3330 1776 3385 facti
1810 3332 2087 3388 fueramus
2132 3334 2329 3387 seduc-

738 3426 889 3478 tione
933 3424 1139 3477 inimici
1172 3439 1187 3476 :
1225 3432 1390 3491 atque
1447 3423 1569 3476 ideo
1630 3434 1682 3477 te
1736 3438 1860 3477 cum
1900 3424 2005 3479 ﬁde
2040 3436 2092 3479 et
2132 3425 2326 3479 allecto

741 3517 1133 3585 gloriﬁcamus.

814 3606 889 3661 Te
918 3622 1176 3676 sponsam
1212 3607 1519 3676 innuptam,
1564 3622 1875 3677 purumqtte
1906 3608 2185 3663 Creatoris
2239 3619 2322 3663 ta-

740 3700 1115 3765 bernaculum,
1160 3708 1213 3753 et
1235 3698 1566 3754 Cherubinis
1591 3702 1947 3766 sanctiorem,
1976 3716 2009 3755 ο
2040 3711 2209 3768 casta,
2241 3718 2331 3756 co-

740 3794 1053 3863 guovimus.

814 3882 1211 3938 Dormitatione
1245 3882 1587 3952 negligentia:
1617 3900 1847 3939 somnus
1880 3885 2086 3954 peccati
2108 3884 2331 3953 depres-

744 3978 817 4030 sit
852 3994 935 4029 nte
971 3994 984 4029 :
1021 3986 1075 4028 tu
1108 3976 1354 4045 vigilanti
1382 3975 1778 4031 intercessione
1804 3985 1893 4029 tua
1925 3974 2201 4030 exsuscita
2246 3990 2333 4028 tne

745 4070 813 4123 ad
845 4069 1250 4137 paenitentiam.

814 4162 922 4215 Nos
962 4176 1156 4214 omnes
1215 4176 1245 4214 a
1280 4159 1637 4213 damnatione
1682 4159 1988 4227 primorum
2044 4166 2330 4228 parentum

741 4252 1006 4320 redempti
1047 4267 1141 4320 per
1170 4260 1387 4319 partum
1419 4259 1598 4314 tuum,
1623 4251 1688 4303 ad
1726 4262 1777 4303 te
1810 4251 2158 4303 clamamus:
2198 4248 2330 4313 Ave,

746 4344 920 4411 gratia
958 4346 1137 4412 plena,
1172 4344 1327 4396 omni
1360 4344 1520 4396 laude
1549 4343 1899 4409 dignissima.

825 4435 890 4489 Ut
931 4438 1097 4489 homo
1134 4436 1288 4489 ﬁeret
1344 4434 1509 4499 Deus,
1544 4435 1687 4489 Deus
1710 4438 1861 4489 visus
1893 4445 1977 4489 est
2000 4435 2066 4487 ab
2099 4434 2335 4488 homini-

2431 3252 2580 3322 ἡμᾶς
2613 3250 2782 3320 κακίᾳ
2804 3250 3213 3320 ὐποκύψαντας,
3264 3252 3361 3303 καὶ
3409 3250 3586 3321 πλάνῃ
3649 3247 4023 3309 δουλωθέντας

2431 3344 2524 3397 τοῦ
2558 3343 2775 3414 ἐχθροῦ,
2808 3344 2996 3414 Μαρία
3044 3343 3429 3414 Θεονύμφευτε
3463 3360 3478 3377 ο
3518 3343 3607 3395 διὰ
3644 3340 3805 3395 τοῦτο
3836 3342 4022 3394 πίστει

2435 3453 2492 3488 σε
2519 3437 2613 3489 καὶ
2637 3437 2788 3507 πόθῳ
2826 3436 3229 3508 μακαρίζομεν.

2505 3618 2743 3688 Νύμφην
2774 3633 2833 3669 σε
2867 3615 3235 3686 ἀνύμφευτον,
3262 3614 3354 3667 καὶ
3381 3611 3644 3680 καθαρὸν,
3680 3612 3846 3679 ἁγνὴ,
3882 3612 4021 3679 σκή-

2434 3730 2593 3782 νωμα
2643 3711 2738 3765 τοῦ
2772 3709 3005 3779 Ποιητοῦ
3060 3708 3155 3762 καὶ
3211 3706 3519 3777 άγιωτέραν
3570 3703 3856 3775 Χερουϐὶμ
3896 3706 4021 3756 ἐπι-

2436 3802 2705 3871 στάμεθα.

2505 3890 2821 3961 Νυσταγμῷ
2852 3889 3112 3959 ἀμελείας
3163 3906 3231 3959 με
3263 3888 3427 3952 ὕπνος
3490 3884 3788 3957 ἁμαρτίας,
3842 3882 4021 3949 Κόρη,

2436 3984 2817 4053 κατέ).α6ε,τῇ
2845 3982 3110 4052 ἀγρύπνῳ
3157 3980 3338 4052 ἱκεσίᾳ
3396 3995 3491 4031 σου
3540 3974 3905 4043 διανάστησόν
3954 3990 4023 4043 με

2438 4076 2577 4147 πρὸς
2612 4074 2925 4143 μετάνοιαν.

2510 4166 2925 4234 Λελυτρωμένοι
2961 4164 3163 4226 πάντες
3224 4160 3559 4231 προγονικῆς
3590 4158 3898 4227 καταδίκης
3942 4156 4026 4224 τῷ

2435 4257 2580 4326 τόκῳ
2618 4273 2734 4321 σου,
2759 4254 2953 4324 Χαῖρε,
2982 4252 3066 4306 σοὶ
3106 4251 3558 4322 προσφωνοῦμεν,
3599 4249 4026 4319 κεχαριτωμένη

2438 4350 2778 4419 πανύμνητε.

2515 4443 2628 4495 Ἵνα
2660 4442 2792 4505 Θεὸς
2838 4443 2867 4495 ὁ
2895 4439 3185 4509 ἄνθρωπος
3217 4438 3469 4509 γένηται,
3530 4434 3663 4498 Θεὸς
3695 4434 3891 4506 ὠράθη
3934 4436 4030 4488 άνο

749 4530 871 4591 bns,
903 4539 1065 4581 natus
1108 4543 1175 4581 ex
1219 4527 1526 4581 visceribus
1569 4530 1698 4590 tuis,
1734 4543 1766 4580 o
1821 4524 2007 4596 Vit-go,
2038 4526 2321 4595 inexplica-

2444 4533 2704 4603 θρώποις,
2728 4521 2995 4603 Παρθένε,
3013 4534 3077 4583 ὲκ
3093 4529 3203 4582 σῶν
3237 4529 3481 4595 λαγόνων
3498 4525 3927 4596 άνερμηνεύτως
3950 4542 4031 4577 τε-

751 4622 846 4673 bili
883 4622 1114 4684 ratione,
1141 4632 1195 4675 et
1226 4634 1557 4690 permanens
1584 4620 1639 4674 id
1668 4620 1814 4689 quod
1842 4631 1958 4673 erat
1986 4619 2193 4687 absque
2229 4618 2335 4670 ulla

748 4716 1070 4768 mutatione.

822 4806 1107 4872 Peperisti,
1136 4820 1169 4859 ο
1219 4803 1407 4875 Virgo.
1439 4818 1562 4859 eum
1594 4802 1687 4872 qui
1727 4816 1828 4856 nos
1879 4802 1947 4856 ab
2002 4803 2152 4856 omni
2207 4818 2336 4857 cor-

752 4900 1004 4967 ruptione
1054 4898 1313 4962 redemit,
1355 4905 1641 4967 propterea
1691 4895 1933 4949 universi
1964 4902 2017 4949 te
2062 4896 2336 4965 gloriﬁca-

754 5007 896 5045 lllllS.

819 5087 1010 5154 Angeli
1048 5099 1182 5138 voce
1208 5084 1272 5137 ad
1298 5093 1369 5146 te,
1398 5081 1781 5143 ocastissima,
1812 5080 2117 5135 clamamus
2150 5098 2161 5133 :
2194 5082 2329 5145 Ave,

751 5194 782 5229 o
814 5179 1056 5232 omnium
1092 5179 1375 5231 hominum
1413 5176 1668 5235 salvatio,
1701 5183 1757 5226 et
1807 5173 2328 5243 gloriosissimorutn

754 5281 1055 5342 martyrum
1100 5288 1303 5327 corona
1326 5270 1507 5325 divina

757 5408 913 5477 125
946 5407 1028 5463 Ex
1061 5408 1272 5463 Canone
1305 5410 1354 5462 in
1383 5410 1513 5531 ferito
1634 5406 1893 5477 Tychonis
1944 5404 2330 5471 thaumaturgi,

1475 5498 1517 5531 te
1617 5518 1631 5531 .

1475 5498 1517 5533 ιε
1546 5498 1631 5531 ιο.

824 5593 1059 5649 Erexisti
1093 5609 1214 5658 nos,
1237 5610 1268 5647 o
1295 5607 1465 5658 casta,
1502 5593 1594 5663 qui
1630 5592 1681 5645 in
1746 5588 2066 5662 perditionis
2103 5585 2328 5657 profun-

758 5691 885 5745 dum
919 5690 1141 5761 collapsi
1172 5706 1415 5752 eramus,
1442 5705 1564 5743 cum
1608 5688 1884 5744 Christum
1916 5701 1980 5741 ex
2014 5682 2337 5739 immacula-

828 5882 989 5951 (65”)
1027 5880 1185 5937 Dccst
1209 5880 1262 5937 in
1290 5879 1504 5936 Menaeis
1538 5879 1836 5949 impressis.

2443 4628 2615 4697 χθεὶς,
2651 4626 2745 4679 καὶ
2782 4625 2919 4694 ὅπερ
2947 4618 3015 4696 ἦν
3048 4622 3233 4693 μείνας
3258 4617 3630 4681 ἀναλλοίωτος.

2512 4804 2614 4856 Τὸν
2642 4802 2993 4870 καταφθορᾶς
3023 4802 3170 4871 ἡμᾶς
3204 4798 3385 4868 πάσης
3415 4794 3901 4864 ἀπολυτροὺμενον
3940 4796 4031 4848 τέ-

2438 4912 2624 4957 τοκας·
2644 4895 2733 4949 διά
2758 4894 2915 4947 τοῦτό
2950 4910 3009 4945 σε
3047 4893 3269 4956 πάντες,
3301 4889 3569 4961 Παρθένε,
3594 4886 3922 4958 δοξάζομεν.

2510 5078 2698 5145 Φωνήν
2728 5092 2812 5128 σοι
2840 5074 2935 5127 τοῦ
2970 5074 3226 5142 ἀγγέλου,
3257 5072 3521 5139 πάναγνε,
3556 5068 3796 5140 βοῶμενο
3826 5069 4028 5138 Χαῖρε,

2440 5169 2745 5240 ἀνθρώπων
2771 5169 3027 5223 ἁπάντων
3049 5168 3355 5238 διάσωσμα,
3387 5164 3482 5219 καὶ
3515 5160 3862 5225 πανενδόξων
3886 5178 4034 5234 μαρ-

2438 5262 2619 5334 τύρων
2658 5263 2800 5315 θεῖον
2833 5262 3184 5331 στεφάνωμα.

2453 5398 2547 5452 Ἐκ
2572 5398 2678 5453 τοῦ
2695 5400 2963 5463 Κανόνος
3001 5401 3088 5463 εἱς
3114 5397 3223 5450 τὸν
3257 5396 3428 5464 ἅγιον
3457 5393 3551 5464 καί
3570 5391 4034 5460 θαυματουργύν

2944 5462 3209 5537 Τύχωνα,
3243 5462 3435 5535 ἡμέρᾳ
3463 5462 3560 5527 ις’.

2528 5586 2887 5658 Ἀνὼρθωσας
2924 5586 3070 5655 ἡμᾶς
3093 5583 3366 5645 ἀπωλείας
3393 5582 3473 5643 είς
3494 5580 3631 5649 βάθη
3664 5576 4033 5637 πεπτωκότας

2455 5682 2547 5733 τὸν
2578 5678 2816 5751 Χριστὸν
2845 5680 3123 5749 κυήσασα,
3149 5676 3309 5747 ἁγνὴ,
3338 5674 3399 5740 ἐξ
3441 5673 3726 5745 ἀκράντων
3780 5670 4033 5738 λαγόνων
