4166 6458
166 417 303 484 1129

1605 430 1964 494 MARIALE.

3276 436 3412 501 1130

162 548 281 586 σου.
313 528 515 588 Τοῦτον
549 534 644 593 οῦν
674 540 752 604 ὡς
786 545 1100 616 παρρησίαν
1157 542 1468 615 κεκτημένη
1529 542 1724 596 ἱκέτευε

1842 546 1908 600 tis
1928 543 2225 600 visceribus
2257 548 2366 599 tuis
2391 546 2682 614 peperisti:
2743 551 2922 617 ipsum
2977 565 3108 622 ergo
3153 563 3409 625 tanquam

160 622 505 695 λυτρωθῆναι
529 629 791 684 κινδύνων
818 637 946 699 τοὺς
982 634 1205 698 δούλους
1232 652 1348 687 σου.

230 805 338 858 Τὸν
389 809 489 878 τῆς
542 810 772 881 Τριάδος
825 813 1150 887 ἁπεκύησας
1202 814 1322 879 ἕνα,
1376 815 1689 885 πανάμωμε
1719 856 1734 880 ,

158 896 573 955 ἀναπλάττοντα
599 905 748 974 ἡμᾶς
780 905 905 970 τοὺς
939 925 1068 961 συντ
1081 906 1332 980 ριὸιντας
1362 909 1425 961 τὸ
1468 908 1737 979 πρότερον

160 990 330 1061 κακίᾳ
352 993 447 1047 τοῦ
476 994 654 1064 ὄφεως
689 995 786 1052 τοῦ
816 1000 1214 1072 πολεμήτορος.

242 1082 515 1158 Ῥᾳθυμίᾳ
574 1093 929 1161 συσχεθέντα,
992 1093 1088 1146 καὶ
1144 1093 1336 1147 παθῶν
1392 1092 1734 1164 ἀμαυρότητι

155 1173 279 1229 ὅλον
310 1180 685 1249 σκοτισθέντα,
723 1186 816 1240 καὶ
848 1190 914 1258 τῇ
949 1187 1193 1259 ἁμαρτίᾳ
1230 1187 1615 1250 δουλεύσαντα,
1642 1188 1736 1241 τὸν

153 1268 544 1341 ἀναμάρτητον
575 1276 750 1345 Λόγον
800 1279 833 1348 ὴ
890 1281 1169 1349 κυήσασα,
1202 1279 1610 1351 φωταγὼγησον
1641 1281 1734 1333 καὶ

153 1361 292 1431 πρὸς
322 1361 469 1433 ζωὴν
488 1370 927 1441 χειραγωγησον.

236 1453 504 1528 Ῥυομένη
540 1460 742 1531 φάνηθι
784 1462 994 1534 ἐχθρῶν
1031 1464 1329 1537 ἐπαγωγῆς
1377 1465 1474 1519 καὶ
1525 1465 1733 1538 Βαρϐά-

152 1558 266 1611 ρων
318 1546 623 1621 ἐπιδρομῆς
677 1554 805 1618 τοὺς
863 1557 990 1620 σοὺς
1023 1557 1266 1622 δούλους,
1318 1558 1577 1630 ἆχραντε,
1606 1561 1733 1622 τοὺς

151 1639 527 1707 κεκτημένους
566 1658 627 1696 σε
656 1649 921 1716 κραταιὰν
954 1648 1265 1720 ἀντίληψιν,
1292 1652 1393 1703 καὶ
1424 1650 1729 1722 πρεσὸείαν

149 1728 615 1802 ἀκαταίσχυντον.

233 1821 391 1891 ’ἁγία
424 1827 685 1898 Παρθένε,
717 1830 816 1900 ⁴ι’ὴν
831 1831 1010 1903 ψυχήν
1042 1850 1146 1902 μου
1173 1834 1241 1903 ἣν
1268 1834 1297 1886 ὀ
1325 1833 1517 1905 ἐχθρὸς
1537 1834 1729 1900 δολίως

1843 639 2064 692 liberam
2099 638 2301 691 habens
2334 640 2716 695 conﬁdentiam
2751 643 3067 714 deprecare,
3094 654 3152 699 ut
3196 663 3225 701 a
3266 653 3411 718 peri-

1839 730 1976 783 culis
2008 730 2197 784 liberet
2219 744 2406 785 servos
2447 742 2592 786 tuos.

1914 820 2086 876 Unum
2115 822 2400 880 Trinitatis
2418 826 2740 895 peperisti,o
2772 830 3183 902 purissima,qui
3202 849 3301 890 nos
3318 850 3416 890 an.

1838 920 1924 966 tea
1961 913 2166 969 malitia
2200 917 2470 984 serpentis
2487 918 2764 975 bellatoris
2798 925 3079 992 contritos,
3134 940 3416 987 restaura-

1838 1006 1933 1058 vit.
3338 1012 3343 1016 ’

1910 1098 1990 1154 Me
2012 1101 2337 1173 negligentia
2374 1117 2719 1174 occupatum,
2767 1118 2821 1164 et
2871 1113 3182 1181 passionum
3230 1119 3415 1191 nigre-

1835 1189 1961 1246 dine
1994 1201 2166 1247 totum
2211 1195 2652 1259 obtenebratum,
2682 1212 3015 1275 peccatoque
3057 1189 3409 1277 servientem,

1839 1290 1891 1335 tu
1919 1298 2042 1351 quae
2064 1281 2300 1340 Verbum
2331 1288 2679 1357 impeccabile
2733 1297 3011 1363 peperisti,
3061 1300 3332 1369 illumina,
3361 1318 3417 1360 et

1836 1370 2109 1424 tnanuduc
2140 1373 2206 1426 ad
2234 1375 2419 1431 vitam.

1906 1460 2141 1529 Appare,
2173 1480 2206 1517 ο
2232 1464 2599 1534 immaculata,
2633 1482 2687 1528 et
2735 1476 2805 1530 ab
2828 1479 3066 1535 bostimn
3110 1483 3414 1554 invasione,

1833 1556 1888 1602 et
1912 1550 1981 1604 ab
2013 1551 2231 1609 incursu
2255 1556 2620 1615 Barbarorum
2652 1565 2817 1621 libera
2873 1583 3063 1626 servos
3110 1583 3259 1638 tuos,
3322 1550 3416 1645 qui

1834 1640 2035 1697 habent
2066 1654 2116 1700 te
2148 1646 2342 1703 fortem
2371 1650 2768 1723 defensionem,
2822 1669 2879 1715 et
2939 1640 3414 1736 intercessionem,

1832 1750 1954 1805 quze
1986 1754 2091 1792 non
2124 1742 2498 1800 confunditur.

1903 1833 2011 1887 Oro
2039 1833 2284 1907 te,\'irgo
2302 1850 2513 1907 saneta,
2534 1842 2730 1898 bonam
2762 1846 2926 1903 redde
2945 1850 3182 1907 animam
3216 1870 3414 1922 meam,

147 1916 528 1973 κατεσπίλωσε
551 1922 620 1993 τῇ
652 1922 920 1995 ἁμαρτίᾳ,
956 1924 1032 1987 ὡς
1054 1924 1256 1996 ἀγαθὴ,
1289 1926 1546 1993 δυσωπῶ,
1592 1928 1724 1997 ἀγά-

1830 1939 1995 1994 qttam
2024 1928 2192 1985 hostis
2219 1932 2408 1988 dolose
2442 1948 2663 2002 peccato
2703 1940 3027 2010 inquinavit,
3074 1955 3130 2001 tu
3177 1963 3419 2020 namque

151 2005 309 2061 ουνον
343 2010 441 2064 καὶ
478 2014 619 2079 φωτί
648 2031 743 2067 σου
778 2017 1271 2088 καταλάμπρυνον.

217 2102 448 2159 Πάντων
475 2105 664 2180 ὤφθης
712 2110 1047 2180 ἀσωμάτων,
1084 2107 1173 2166 οἷα
1200 2114 1401 2185 Μήτηρ
1428 2112 1523 2168 τοῦ
1569 2114 1729 2184 Θεοῦ,

148 2190 315 2256 δντως
339 2194 704 2267 ὑπερέχουσα,
736 2199 796 2253 ὃν
818 2201 1232 2270 ἑκδυσωποῦσα,
1261 2204 1530 2275 Παρθένε,
1558 2206 1731 2278 ὑπέρ-

146 2286 303 2358 τερόν
342 2305 447 2359 μου
471 2290 647 2358 δεῖξον
671 2293 763 2346 τὸν
792 2293 1056 2365 λογισμὸν
1080 2297 1365 2368 σαρκικῶν
1393 2298 1624 2368 ἡδονῶν.

223 2473 416 2545 Ἰερεῐς
445 2480 538 2530 καὶ
568 2479 696 2542 λαὸς
716 2479 1025 2551 εὐφημοῦσι
1043 2497 1125 2546 σε,
1157 2480 1559 2554 παντευλόγητε
1590 2481 1727 2554 κόρη

146 2568 480 2640 πανάμωμε,
508 2569 611 2642 τὴν
661 2572 935 2641 εὐλογίαις
988 2574 1242 2638 ἅπαντας
1275 2573 1727 2642 στεφανώσασαν,

148 2658 330 2713 πίστει
376 2661 763 2732 μελῳδοῦντες·
787 2665 1093 2734 Εὑλογείτι,
1120 2667 1338 2735 ὑμνεῖτε
1360 2667 1455 2720 τὸν
1496 2667 1722 2737 Κύριον.

213 2850 399 2914 sese;
428 2852 799 2923 οἰκητήριονή
835 2853 925 2924 σὴ,
962 2853 1297 2925 πανάμωμε,
1328 2855 1573 2924 παναγῑα
1595 2855 1725 2928 ιμή-

146 2960 248 3013 τρα
313 2945 563 3013 γέγονεν,
602 2939 647 3013 ᾧ
682 2945 1043 3015 φωτιζόμενοι
1090 2947 1186 2999 τοῦ
1239 2948 1464 3010 σκότους
1503 2949 1720 3019 λυτρούο

149 3036 289 3107 pelia
329 3036 435 3107 τῆς
486 3037 696 3109 πλάνης
741 3037 1041 3110 ὑμνοῦντές
1091 3055 1173 3102 σε,
1199 3039 1291 3092 καὶ
1342 3040 1494 3110 πόθῳ
1532 3039 1726 3111 ἀληθεῖ

149 3130 566 3201 μακαρίζοντες,
586 3131 721 3203 μόνη
753 3131 1055 3204 ἀνθρώπων
1080 3134 1473 3205 ἐπανόρθωσις.

1832 2017 1973 2073 bona
2004 2035 2083 2085 es,
2109 2029 2163 2076 et
2193 2022 2406 2080 illustra
2438 2043 2556 2081 eam
2586 2027 2791 2087 lumine
2814 2042 2931 2090 tuo.

1903 2110 2167 2171 Omnibus
2206 2119 2495 2188 spiritibus
2523 2122 2860 2192 incorporeis
2924 2131 3175 2199 superior
3246 2150 3417 2204 appa-

1832 2205 2015 2269 ruisti,
2057 2219 2240 2276 utpote
2277 2226 2404 2267 vere
2437 2215 2613 2269 Mater
2645 2216 2775 2271 Dei:
2823 2236 2983 2287 quem
3035 2226 3265 2293 supplex
3317 2231 3414 2282 de-

1833 2314 2083 2369 precans,
2120 2316 2154 2357 0
2189 2301 2370 2375 Virgo,
2406 2306 2491 2362 l'ac
2519 2320 2756 2364 mentem
2829 2327 3006 2368 meam
3071 2322 3412 2389 superiorem

1845 2396 2156 2452 carnalibus
2190 2397 2582 2469 voluptatibus.

1905 2487 2229 2545 Sacerdotes
2276 2503 2330 2548 et
2363 2497 2595 2564 populus
2638 2500 3025 2556 concelebrant
3055 2514 3125 2568 te,
3150 2519 3184 2560 ο
3239 2508 3416 2576 puella

1830 2581 1983 2636 omni
2017 2581 2395 2640 benedictione
2418 2588 2600 2656 plena,
2633 2599 2685 2644 et
2718 2605 2883 2647 vacua
2906 2594 2976 2649 ab
3001 2596 3150 2652 omni
3180 2601 3417 2662 macula.

1832 2686 1957 2741 qua:
1975 2674 2447 2733 benedictionibus
2464 2681 2741 2736 coronasti
2764 2697 2976 2751 omnes,
3002 2703 3128 2743 cum
3155 2690 3256 2745 lth
3278 2706 3415 2747 con-

1832 2765 2100 2833 cinentes,
2132 2765 2441 2827 Benedicite
2464 2780 2517 2827 et
2544 2773 2760 2831 laudate
2791 2775 3106 2836 Dominum.

1905 2857 2069 2917 Lucis
2097 2862 2471 2919 habitaculum
2509 2868 2687 2924 lactus
2708 2881 2790 2925 est
2806 2874 3198 2931 sanctissimus
3225 2889 3415 2931 uterus

1834 2957 1980 3016 tuus,
2011 2968 2282 3011 osumme
2328 2958 2677 3016 immaculata
2705 2961 2853 3037 (64);
2887 2982 2993 3037 qua
3044 2970 3334 3025 illuminati
3386 2990 3415 3027 a

1829 3045 2071 3101 tenebris
2099 3050 2307 3105 erroris
2361 3051 2660 3110 liberamur
2729 3057 3015 3116 laudantes
3070 3070 3123 3117 te
3176 3078 3413 3136 veroque

1830 3136 2027 3193 affectu
2065 3139 2459 3211 beatitlcantes,
2498 3162 2533 3201 ο
2583 3148 2700 3205 sola
2744 3150 3028 3209 hominum
3067 3160 3412 3215 restauratio.

810 3292 970 3365 126
1005 3291 1088 3348 Ex
1117 3293 1330 3349 Conone
1363 3294 1421 3348 in
1448 3293 1507 3350 S.
1541 3292 1903 3351 Fortunatam
1936 3311 2247 3372 martyrem,
2300 3304 2387 3360 die
2419 3305 2488 3361 l9
2527 3308 2684 3380 (64⁸),

212 3434 411 3490 Oriens
473 3433 721 3501 luistitu,
781 3433 1373 3497 oimmaculatissima,
1420 3434 1475 3489 in
1526 3441 1794 3502 occasuC
1898 3440 2036 3497 Cum
2073 3452 2324 3501 mortuus
2350 3445 2740 3504 fuissetAdam
2771 3450 2842 3506 οι,
2882 3455 3131 3524 μνωοθριῖ
3168 3470 3200 3511 a
3251 3455 3409 3511 area.

145 3542 356 3584 natura:
380 3536 606 3593 nostrae,
640 3539 861 3600 propter
888 3528 1276 3598 benignitatem
1304 3526 1447 3583 Solis
1473 3527 1722 3598 justitiae,

144 3623 235 3693 qui
268 3620 544 3691 apparuit.

210 3713 478 3785 Gigneus,
514 3729 548 3768 ο
585 3711 769 3782 Virgo,
794 3713 945 3767 illum
977 3713 1071 3784 qui
1102 3720 1187 3767 est
1216 3713 1366 3767 Patri
1396 3725 1722 3782 coazternus,

144 3807 463 3863 hominibus
504 3806 740 3862 similem
776 3805 981 3861 factum
1019 3823 1033 3862 :
1070 3806 1305 3875 genuisti
1369 3808 1533 3861 etiam
1588 3822 1724 3876 apo-

82 3908 87 3914 ’
144 3900 410 3957 stolarum
443 3909 847 3961 ornamentum,
880 3909 935 3954 et
963 3909 1266 3969 martyrum
1297 3914 1579 3953 coronam.

209 3995 315 4050 Per
339 4003 394 4049 te
426 3995 584 4049 nobis
613 3993 809 4058 illuxit,
847 4008 879 4046 ο
926 3992 1153 4062 Deipara
1189 3992 1386 4061 puella,
1430 3994 1523 4047 Sol
1570 3994 1721 4050 inoc-

143 4088 364 4153 ciduus,
397 4088 716 4143 sedentibus
740 4086 793 4141 in
818 4086 1007 4141 umbra
1039 4087 1256 4141 mortis.

209 4182 463 4251 Corpore
513 4180 738 4235 indutus
830 4178 1081 4248 apparuit
1112 4193 1179 4231 ex
1243 4187 1316 4239 te,
1371 4192 1405 4232 ο
1441 4178 1719 4246 inviolata,

143 4275 288 4330 Deus
319 4274 415 4344 qui
446 4289 477 4327 a
510 4288 677 4327 carne
716 4283 835 4326 erat
884 4271 1167 4334 imntunis,
1191 4282 1250 4326 ut
1306 4274 1561 4343 passione
1621 4291 1722 4331 sua

143 4369 521 4423 acarnalibus
565 4366 919 4436 passiouibus
956 4364 1210 4419 liberaret
1262 4381 1475 4430 omnes,
1531 4367 1625 4439 qui
1673 4379 1725 4423 te

143 4478 263 4517 cum
297 4464 402 4517 lide
420 4463 643 4518 assidue
684 4462 894 4515 beatam
932 4458 1225 4528 appellant.

208 4557 445 4627 Rumpe,
493 4572 526 4609 ο
576 4555 740 4625 Virgo
791 4552 988 4624 puella,
1070 4562 1293 4607 catenas
1372 4564 1721 4625 peccatorum

142 4661 414 4707 meorum,
439 4647 909 4701 etillun'tinatione
936 4654 1024 4697 tua
1082 4642 1423 4698 tenebrosam
1486 4658 1720 4702 tuentem

142 4754 320 4794 meam
347 4740 586 4803 illus:ra,
615 4755 648 4794 ο
676 4741 827 4797 salus
857 4739 1119 4797 lidelium.

1829 3546 1946 3591 tore
1999 3536 2239 3607 impositi
2276 3542 2796 3611 transgressionem,
2830 3545 2897 3599 ad
2928 3546 3095 3601 vitam
3120 3550 3409 3604 verissime

1831 3639 2115 3685 revocatus
2148 3630 2249 3684 l'uit
2280 3633 2589 3689 viviﬁcante
2641 3646 2797 3704 partu
2841 3647 2957 3703 tuo,
3018 3649 3072 3694 et
3127 3640 3410 3710 pristinam

1829 3722 2065 3790 paradisi
2102 3723 2495 3781 habitationem
2544 3730 2773 3798 reCepit,
2836 3731 3113 3800 psallens:
3173 3732 3409 3789 OBene-

1833 3814 1999 3881 dicta,
2028 3832 2153 3885 qua;
2191 3817 2358 3872 Deum
2392 3820 2444 3873 in
2476 3835 2643 3875 carne
2661 3824 2918 3892 genuisti.

1898 3907 2133 3964 Puerum
2162 3926 2359 3964 novum
2390 3914 2549 3969 nobis
2595 3930 2719 3969 vere
2766 3917 3021 3985 peperisti
3073 3918 3125 3973 in
3177 3928 3341 3986 terra,
3378 3939 3409 3976 ο

1828 4013 1985 4069 pura,
2018 4000 2112 4069 qui
2154 4008 2284 4055 ante
2362 4002 2549 4056 omnia
2610 4005 2806 4058 szecula
2859 4007 2929 4061 ab
2993 4018 3200 4063 aeterno
3255 4010 3409 4067 l’atre

1827 4090 2178 4146 ineil‘abiliter
2203 4095 2422 4163 genitus
2482 4095 2606 4161 fuit,
2663 4112 2696 4150 ο
2733 4098 3024 4167 inviolata;
3055 4111 3109 4155 ct
3141 4116 3242 4158 nos
3289 4119 3406 4158 cor-

1829 4188 2078 4255 ruptione
2130 4188 2486 4252 inveteratos,
2521 4191 2586 4242 ad
2628 4192 2924 4246 novitatem
2953 4196 3247 4249 revocavit.

1898 4277 2051 4331 Illum
2093 4276 2223 4343 fers,
2249 4280 2341 4347 qui
2370 4280 2478 4333 fert
2494 4282 2679 4335 omnia
2704 4282 2888 4336 divina
2924 4286 3165 4353 potentia
3200 4298 3404 4353 sua;et

1828 4369 2006 4423 nutris
2030 4371 2100 4423 ab
2123 4370 2386 4425 uberibus
2412 4372 2541 4435 tuis,
2580 4390 2613 4425 υ
2643 4374 3152 4441 castissima,illum
3185 4380 3278 4449 qui
3309 4397 3405 4435 nu-

1828 4461 1923 4515 trit
1959 4475 2122 4516 omne
2144 4463 2194 4515 in
2227 4478 2337 4532 quo
2356 4474 2439 4517 est
2475 4465 2707 4533 spiritus
2730 4468 2874 4522 vita}.
2900 4467 3222 4524 Miraculum
3254 4482 3406 4526 tuum

1826 4559 1976 4610 cunni
2017 4557 2347 4624 cogitatione
2371 4559 2625 4626 superius
2657 4562 2877 4630 angelos
2894 4570 3120 4631 stupore
3168 4566 3403 4633 percellit

1826 4659 1991 4719 atque
2022 4649 2292 4713 homines,
2320 4654 2413 4720 qui
2445 4662 2495 4706 te
2518 4655 2795 4723 perpetuis
2820 4655 3074 4712 laudibus
3098 4659 3401 4723 celebrant,

1827 4752 2027 4795 etcum
2065 4740 2257 4796 affectu
2327 4745 2541 4799 beatam
2569 4745 2861 4814 appellant.

149 4923 241 4981 Ἐκ
262 4923 370 4979 τοῦ
387 4924 657 4992 Κανόνος
684 4926 774 4992 εις
788 4926 895 5015 ξὺν·
923 4926 1097 5015 driga-
1120 4928 1480 5015 ἀπόστολονῆ
1504 4927 1719 4993 Ἰούδα,

1833 4930 1988 5001 12⁷
2022 4929 2104 4983 Ea:
2126 4930 2338 4986 Conone
2375 4931 2430 4983 in
2463 4931 2598 4999 festo
2622 4929 2679 4986 S.
2703 4929 2862 4986 Judtz
2897 4930 3140 5001 apostoli,
3174 4931 3260 4987 die
3314 4932 3400 4989 19.

772 4996 980 5066 ἡμέρᾳ
1002 4996 1087 5054 ιϐ’.

214 5126 401 5195 Πίστις
436 5129 677 5200 ἡγείσθω
705 5132 840 5202 μόνη
877 5133 971 5186 καὶ
1005 5130 1080 5202 μὴ
1120 5132 1397 5198 ἀπόδειξις
1438 5132 1549 5185 τῶν
1580 5132 1719 5203 ὑπὲρ

141 5222 264 5275 νοῦν
305 5224 622 5295 θαυμάτων,
660 5226 1051 5296 Θεογεννῆτορ,
1076 5226 1339 5294 πάναγνε,
1374 5226 1467 5279 τὸν
1510 5227 1719 5280 ἀκατά-

212 5404 328 5472 (64)
369 5406 437 5479 Et
481 5407 757 5477 quomodo
799 5405 861 5460 Β.
900 5406 1062 5479 Virgo
1089 5423 1197 5463 non
1244 5411 1419 5465 solum
1450 5410 1719 5465 immacu-

154 5489 264 5546 uta,
300 5478 395 5533 sed
432 5494 643 5532 summe
674 5479 1049 5543 immaculata,
1085 5486 1130 5535 si
1160 5479 1282 5546 ejus
1311 5483 1475 5536 etiam
1513 5496 1618 5535 non
1648 5481 1721 5534 sit

152 5538 491 5603 inmaculata
521 5548 846 5623 conceptio?
871 5538 1045 5604 Porro
1070 5552 1162 5620 qtti
1188 5538 1473 5623 Virginem
1522 5552 1719 5605 imma-

149 5625 374 5690 cuntam
412 5621 670 5689 appellari
696 5621 922 5690 dignum
950 5621 1426 5683 existitnattt,'n0tt
1461 5638 1588 5677 vero
1616 5624 1720 5675 im-

154 5688 467 5760 macilatam
513 5688 950 5760 conceptionem.
1000 5693 1233 5747 fruetum
1278 5695 1522 5756 laudant,
1550 5703 1603 5747 et
1632 5709 1722 5747 ar-

154 5750 327 5808 boreo
387 5762 650 5816 radicitus
686 5750 1039 5819 esscindunt.
1096 5762 1152 5817 Si
1206 5782 1332 5818 vero
1372 5750 1721 5819 immaculata

152 5833 429 5906 conceptio
460 5833 1000 5906 sempe_t:_dicct'etur,
1031 5844 1082 5888 et
1126 5851 1231 5888 non
1264 5838 1427 5891 etiam
1463 5838 1718 5906 frequen-

152 5902 234 5950 ter
262 5898 603 5956 immaculata
638 5901 823 5971 Virgo,
862 5915 1075 5959 servata
1114 5908 1309 5961 arbore
1339 5898 1718 5961 fructus'invi-

472 6003 710 6061 ιἈτιιοι.
725 6043 740 6063 .
774 6002 889 6058 tiu.
933 6001 1052 6064 ω’,

1898 5132 2056 5187 Fides
2086 5133 2226 5199 sola,
2260 5144 2314 5187 et
2349 5149 2454 5188 non
2480 5134 2876 5188 demonstratio
2917 5134 2988 5189 sit
3008 5133 3115 5188 dux
3142 5133 3208 5188 ad
3234 5133 3398 5187 mira-

1820 5230 1939 5282 cula
1974 5237 2061 5281 tua
2089 5244 2211 5296 qua:
2245 5239 2372 5281 sunt
2429 5243 2597 5298 supra
2655 5243 2877 5282 omnem
2928 5238 3188 5293 mentem,
3232 5242 3266 5283 ο
3312 5242 3398 5283 ca-

1826 5410 2081 5463 dert-tnr:
2114 5426 2238 5463 nam
2289 5426 2352 5463 ev
2389 5408 2571 5463 radice
2616 5408 2980 5463 immaculata:
3023 5410 3399 5479 conceptionis

1830 5482 2128 5549 pretiosum
2201 5482 2345 5533 hunc
2401 5480 2626 5535 honoris
2693 5496 2756 5533 ac
2806 5480 3109 5534 honestatis
3161 5480 3397 5534 fructum

1834 5552 1995 5619 Virgo
2037 5552 2324 5620 decerpsit.
2361 5561 2418 5603 ut
2469 5550 2842 5615 Immaculata,
2882 5550 2995 5605 imo
3027 5566 3241 5605 summe
3298 5552 3397 5604 im-

1828 5623 2123 5684 maculata,
2158 5633 2319 5689 atque
2358 5622 2865 5676 immaculatissima
2895 5623 3155 5691 appellari
3190 5636 3395 5675 merca-

1830 5705 1936 5747 tur.
1987 5692 2123 5748 Vide
2169 5693 2670 5747 Armamcntarium
2720 5694 3074 5759 Seraphicum
3108 5708 3208 5762 pro
3242 5692 3397 5749 titulo

1827 5766 2217 5833 Conceptionis
2254 5764 2621 5817 Immaculatm
2656 5778 2779 5833 pag.
2818 5766 2939 5818 156.

1899 5836 2033 5907 (tii')
2066 5836 2415 5891 Desideratur
2445 5836 2499 5890 in
2527 5835 2744 5891 Menaeis
2774 5835 3076 5904 impressis.

3009 5991 3081 6057 3G
