4166 6458
183 429 317 493 1133

1625 429 1986 491 MARIALE.

3273 445 3411 507 1134

175 545 355 611 ψυχήν
386 560 489 613 μου
514 542 805 612 ἀγάθυνον,
838 544 873 614 ὴ
899 544 991 597 τὸν
1025 540 1341 611 πανάγαθον
1369 542 1539 608 Λόγον
1575 545 1725 612 σαρκῖ

1844 561 2016 600 meam
2045 546 2249 615 peccati
2279 546 2477 599 malitia
2503 547 2876 616 depravatam,
2909 557 2965 604 tu
2994 567 3113 620 qua:
3174 551 3407 612 Verbum

174 634 447 705 κυήσασα.

1853 638 1997 689 omni
2034 639 2277 691 bonitate
2308 638 2592 707 pratditum
2627 639 2678 693 in
2702 656 2866 695 carne
2896 644 3168 709 peperisti.

799 752 959 822 129
998 750 1080 805 Ex
1120 752 1332 807 Canonc
1361 755 1416 807 in
1446 754 1577 823 {esto
1619 751 1675 806 S.
1722 752 1995 806 Michaelis
2031 753 2362 821 archangeli,
2394 754 2480 807 die
2509 753 2581 806 22
2610 752 2788 824 (64“).

241 881 287 935 0
328 881 529 953 Virgo,
575 883 848 939 universis
894 886 1219 940 celebranda
1257 887 1540 953 laudibus,
1576 902 1740 953 ange—

169 974 348 1029 lorum
371 975 561 1041 decus,
592 977 875 1033 hominum
907 980 1196 1045 auxilium,
1225 989 1279 1033 tu
1310 980 1442 1033 mihi
1472 981 1739 1034 auxiliare

168 1066 225 1120 in
286 1068 475 1139 pelago
532 1070 852 1137 ﬂuctuanti,
906 1082 961 1128 et
1013 1082 1361 1144 peccatorum
1420 1084 1739 1144 tempestate

170 1161 392 1216 assidua
416 1163 642 1231 jactato,
673 1174 835 1235 atque
864 1167 1217 1235 periclitanti.

238 1251 335 1308 llle
367 1256 459 1323 qui
492 1256 879 1314 immateriales
912 1268 1121 1313 mentes
1149 1259 1425 1314 voluntate
1451 1274 1550 1314 sua
1592 1274 1743 1313 erea-

165 1344 263 1407 vit,
308 1345 363 1399 in
411 1356 568 1402 utero
602 1358 697 1404 tuo
741 1350 1008 1406 materiali
1041 1353 1349 1407 voluntarie
1389 1352 1675 1415 habitavit,
1705 1368 1739 1405 ο

161 1436 231 1489 ab
256 1438 405 1492 omni
441 1440 563 1496 labe
603 1443 939 1512 purissima;
984 1460 1110 1499 cum
1144 1448 1199 1501 in
1230 1462 1394 1501 carne
1422 1456 1735 1501 cerneretur

162 1528 209 1581 is
236 1530 333 1598 qui
363 1542 485 1585 erat
514 1534 823 1589 invisibilis.

229 1620 429 1677 Partus
461 1626 541 1678 tui
573 1626 932 1695 paradoxum,
962 1642 997 1683 o
1030 1627 1217 1700 Virgo,
1250 1630 1575 1700 signiﬁcavit
1602 1631 1730 1684 olim

160 1714 599 1776 intellectualiter
626 1738 911 1779 sacrorum
942 1726 1326 1797 mysteriorum
1361 1727 1639 1795 magister,
1678 1725 1730 1777 in

157 1811 358 1878 spiritu
385 1826 625 1870 montem
658 1818 977 1873 umbrosum
1007 1819 1277 1887 aspiciens
1304 1829 1355 1874 te
1393 1818 1729 1874 manifestis-

156 1903 318 1969 sime,
351 1920 421 1960 ex
448 1922 559 1977 quo
592 1909 742 1964 venit
774 1920 1001 1965 sanctus
1032 1909 1178 1966 Deus
1203 1911 1544 1966 incarnatus.

228 1997 684 2056 lntellectualium
725 2002 1042 2071 angelorum
1082 2004 1459 2058 sublimiorem
1504 2014 1555 2058 te
1584 2003 1729 2060 Deus

154 2092 417 2155 ostendit,
447 2093 758 2163 ingrediens
786 2095 840 2148 in
869 2103 1079 2149 uterum
1106 2106 1283 2159 tuum,
1309 2111 1343 2150 o
1366 2096 1643 2163 inviolata,
1675 2108 1728 2153 et

157 2183 227 2237 ab
256 2185 407 2238 omni
438 2186 649 2241 macula
680 2186 938 2241 immunis
971 2204 985 2240 :
1012 2203 1173 2256 quem
1204 2188 1442 2245 assiduis
1473 2192 1726 2260 precibus

157 2273 443 2344 interpella
473 2291 569 2345 pro
598 2277 775 2333 salute
804 2279 1109 2334 animarum
1147 2286 1479 2335 uestrarum.

165 2448 271 2505 Ἐκ
315 2454 735 2528 λτοῆ-Κανρνος
780 2458 867 2522 εις
909 2457 1017 2509 τὸν
1060 2457 1234 2511 ὅσιον
1280 2458 1511 2527 Πατέρα
1558 2459 1729 2528 ἡμῶν

294 2525 471 2578 Δαὸὶδ
512 2525 619 2579 τοῦ
654 2528 725 2579 ἐν
765 2530 1185 2597 Θεσσαλονίκῃ
1207 2570 1222 2596 ,
1255 2525 1444 2598 ἡμέρᾳ
1474 2530 1582 2595 κς’.

229 2634 442 2705 Ὠφθης
480 2638 797 2711 ὡραῖσμένη
830 2640 910 2710 τῷ
947 2641 1133 2696 κάλλει
1178 2643 1287 2697 τῶν
1326 2645 1577 2713 ἀρετῶν,
1630 2648 1729 2700 καὶ

152 2723 389 2794 Χριστὸν
416 2729 507 2781 τὸν
555 2730 775 2799 ὡραῖον,
826 2732 1107 2801 Παρθένε,
1134 2734 1455 2805 ἁπεκύησας
1501 2738 1727 2807 βροτοὺς

150 2821 468 2891 ὠραῖσαντα
492 2826 600 2886 τοῖς
630 2824 855 2896 ὡραίοις
914 2826 1134 2881 κάλλεσι
1164 2828 1263 2898 τῆς
1292 2829 1581 2902 Θεότητος,
1607 2833 1724 2886 ἀει-

152 2912 417 2980 πάρθενε.

232 3002 508 3072 ’Δγγέλων
547 3009 852 3077 τιμιωτέρα
878 3008 1067 3082 ὤφθης
1095 3014 1348 3083 κυήσασα
1384 3013 1478 3067 τὸν
1506 3014 1722 3079 αὐτοὺς,

153 3096 421 3166 Παρθένε,
455 3099 971 3172 δημιουργήσαντα·
1012 3103 1137 3157 ὅθεν
1180 3105 1408 3159 ἱκετεύω
1442 3124 1523 3172 σε,
1562 3108 1721 3179 ἁγνὴ,

152 3191 385 3257 ἁγίασον
412 3192 505 3245 τὸν
538 3193 663 3246 νοῦν
698 3212 823 3265 μου,
856 3196 951 3250 καὶ
982 3198 1083 3266 τὴν
1122 3199 1349 3271 καρδίαν
1384 3201 1725 3272 φωταγώγη-

153 3294 267 3345 σον,
300 3282 437 3353 νέφη
466 3283 575 3337 τῶν
600 3286 791 3340 παθῶν
816 3287 1174 3345 ικδιώκουσα.

229 3374 545 3446 ’Υμνοῦμέν
587 3394 672 3442 σε,
720 3380 1041 3450 πανύμνητε
1074 3383 1359 3449 Δέσποινα,
1408 3385 1501 3438 τὸν
1554 3387 1723 3457 ὑπερ-

149 3465 391 3537 ύμνητον
413 3468 547 3521 Θεὸν
581 3470 999 3542 ἀνερμηνεύτως
1030 3472 1334 3544 κυήσασαν,
1356 3474 1455 3546 τὴν
1476 3477 1603 3539 τοὺς
1636 3494 1725 3547 χο-

148 3560 277 3627 ροῦς
299 3558 411 3611 τῶν
433 3558 682 3628 ἀγγέλων
712 3560 787 3631 τῷ
809 3562 995 3616 κάλλει
1023 3563 1370 3634 ἀσυγκρίτως
1396 3566 1718 3636 νικήσασαν.

218 3734 429 3789 Ἰθυνον
469 3735 561 3788 τὸν
591 3736 706 3807 βίον
752 3756 856 3809 μου
876 3776 893 3803 ,
920 3741 1016 3795 καὶ⁵
1043 3739 1113 3794 τὰ
1159 3743 1437 3814 κινήματα
1473 3743 1574 3813 τῆς
1601 3744 1717 3797 δια⁸

145 3828 327 3893 νοίας,
377 3829 517 3902 ἁγνὴ
552 3831 824 3902 Παρθένε,
872 3833 1010 3904 πρὸς
1052 3834 1113 3887 τὸ
1150 3834 1292 3887 Θεῖον
1340 3835 1587 3907 βούλημα
1623 3833 1719 3888 τοῦ

147 3921 213 3973 ἐκ
248 3921 344 3973 σοῦ
380 3924 638 3994 ἀρρήτως
667 3926 799 3995 ἡμῖν
828 3926 1289 3996 ἐπιδημήσαντος.

228 4010 321 4075 Ἐξ
346 4012 526 4079 ἁγνῶν
556 4014 804 4084 αἱμάτων
840 4031 934 4067 σου
959 4014 1232 4085 ὲξυφάνθη
1265 4014 1402 4085 σὰρξ
1428 4016 1721 4088 ὑπερφυῶς

146 4102 224 4173 τῷ
257 4103 727 4175 δημιουργήσαντι
772 4106 866 4160 τὸν
916 4108 1239 4178 ἄνθρωπον,
1277 4108 1546 4161 Θεοτόκε·
1597 4108 1719 4162 ὅθεν

147 4197 315 4263 ἀξίως
347 4199 624 4269 ὑμνοῦμέν
656 4216 737 4253 σε.

218 4289 456 4342 Δέλυται
480 4291 557 4360 τῷ
598 4292 743 4362 τόκῳ
780 4309 874 4345 σου
907 4292 1046 4363 ἀρᾶς
1080 4293 1142 4345 τὸ
1173 4291 1515 4362 ἀνθρώπινον
1537 4332 1551 4357 ,
1586 4292 1720 4363 μόνη

150 4382 589 4455 παντευλόγητεσ
632 4385 711 4438 διὸ
744 4403 802 4439 σε
830 4386 1127 4456 δοξάζομεν
1168 4387 1243 4450 ὡς
1280 4390 1721 4457 κεχαριτωμένη,

149 4478 401 4543 Θεοτόκε,
433 4481 513 4539 εἰς
544 4479 765 4542 αἰῶνας.

1918 885 2115 939 Beatus
2137 886 2389 956 populos,
2414 889 2507 957 qui
2537 904 2749 958 semper
2776 890 3045 946 beatiﬁeat
3074 902 3145 957 te,
3173 912 3205 948 o
3231 898 3407 963 beata,

1844 994 1968 1047 qua:
2020 975 2236 1033 he'alunt
2294 980 2461 1034 Deum
2501 982 2822 1052 perperisti,
2853 985 2946 1053 qui
3000 996 3221 1057 propter
3251 1005 3405 1047 suam

1848 1070 2279 1125 misericordiam
2324 1072 2574 1127 homines
2604 1073 2860 1127 ittell‘al:ili
2890 1076 3087 1132 unione
3115 1079 3405 1137 deilicavit.

1917 1161 2110 1217 Mentis
2143 1180 2351 1233 magna!
2395 1164 2630 1218 Verbum
2670 1176 2931 1221 mternum
2968 1168 3153 1224 videns
3188 1170 3407 1226 Gabritl

1845 1254 2207 1324 archangelus
2238 1256 2290 1307 itt
2328 1265 2380 1309 te
2408 1271 2558 1321 vere,
2592 1274 2625 1309 ο
2663 1258 2862 1325 puella,
2896 1257 3233 1315 inhabitasse
3268 1261 3408 1316 inei-

1842 1345 2081 1399 l’abilitcr
2130 1362 2194 1400 ac
2248 1349 2535 1416 stupende,
2593 1350 2919 1405 exclamavit
2970 1369 2984 1404 :
3038 1354 3170 1419 Ave,
3213 1356 3409 1413 throne

1840 1436 2135 1503 Altissimi,
2165 1452 2199 1491 ο
2229 1439 2527 1494 benedicta.

1912 1527 2236 1598 Nuptiarum
2272 1541 2552 1601 sequester
2593 1534 2814 1592 divinus
2849 1537 3208 1609 archangelus
3254 1550 3407 1597 stans

1838 1620 2166 1677 exclamavit
2200 1624 2293 1677 tibi
2321 1637 2337 1677 :
2368 1624 2505 1691 Ave,
2531 1640 2565 1678 o
2588 1624 2800 1695 Sponsa
2845 1627 2937 1684 Dei
2968 1630 3190 1692 illibata,
3233 1648 3406 1705 ange-

1839 1711 2014 1767 lorum
2051 1715 2244 1785 gloria,
2278 1716 2559 1771 hominum
2592 1720 2763 1784 salus,
2792 1730 2847 1777 et
2878 1723 3296 1781 munimentum.

1906 1807 1983 1860 Ad
2022 1822 2205 1863 vocem
2255 1811 2431 1881 angeli
2473 1810 2774 1878 Gabrielis,
2828 1816 3165 1886 concepisti,
3205 1833 3239 1871 ο
3293 1826 3406 1873 tota

1757 1893 1804 1953 B
1833 1899 1953 1955 sine
1985 1901 2093 1956 ulla
2133 1905 2376 1969 macula,
2429 1905 2597 1960 Deum
2635 1905 2908 1975 Verbum,
2944 1912 3039 1981 qui
3077 1911 3246 1966 verbo
3293 1924 3407 1967 οαυ

1833 1994 1996 2049 testes
2051 1998 2321 2053 exercitus
2368 2000 2598 2065 creavit,
2657 2011 2711 2055 et
2757 2002 2982 2057 verbum
3028 2013 3247 2073 prastat
3295 2018 3407 2075 quo

1833 2084 2052 2141 laudare
2082 2089 2356 2157 possimus
2391 2100 2633 2145 sanetam
2675 2091 2851 2161 ipsius
2878 2093 3307 2151 hnmiliationem
3340 2113 3406 2153 ac

1832 2174 2239 2246 demissionem,
2262 2194 2384 2249 quae
2409 2191 2493 2233 est
2523 2194 2686 2249 super
2719 2197 2881 2236 omne
2912 2183 3136 2238 verbum
3179 2195 3231 2239 et
3258 2188 3406 2256 cogi-

1835 2269 2114 2324 tationem.

1835 2448 1993 2519 130
2026 2449 2109 2503 Ea:
2138 2450 2351 2505 Canone
2384 2455 2435 2505 in
2494 2452 2651 2505 Festo
2704 2452 2761 2508 S.
2810 2455 2992 2510 Patris
3032 2456 3203 2512 David
3242 2457 3405 2513 Thes-

2311 2522 2657 2577 saloniccnsis
2675 2564 2689 2589 ,
2716 2525 2801 2578 die
2829 2526 2919 2580 26.

1899 2634 2213 2700 Apparuisti
2252 2634 2506 2689 decorata
2550 2636 2960 2705 pulchritudine
2999 2640 3300 2706 virtutum,
3348 2649 3403 2696 et

1828 2721 2107 2777 Christum
2130 2724 2414 2791 decorum,
2438 2742 2471 2781 ο
2498 2726 2685 2797 Virgo,
2718 2730 2998 2799 peperisti,
3024 2732 3119 2800 qui
3152 2732 3403 2787 homines

1829 2812 2111 2869 decoravit
2164 2814 2380 2871 decoris
2435 2817 2941 2886 pulchritudinibus
2995 2821 3315 2889 divinitatis,
3368 2840 3404 2879 o

1829 2905 1980 2976 virgo
2016 2917 2299 2977 perpetua.

1898 3000 2119 3071 Angelis
2153 3003 2525 3059 ltonnrabilior
2558 3004 2699 3061 facta
2742 3022 2834 3072 es,
2881 3024 2916 3063 o
2952 3007 3143 3080 Virgo,
3186 3011 3402 3080 pariens

1828 3092 2006 3160 illum,
2038 3095 2130 3164 qui
2164 3095 2309 3165 ipsos
2336 3099 2543 3151 ereavit
2574 3116 2587 3153 :
2634 3101 2989 3169 quamobrem
3030 3118 3224 3171 precor
3266 3114 3338 3167 te,
3364 3121 3401 3158 o

1828 3193 2001 3250 casta,
2046 3187 2327 3243 sanetitlca
2365 3199 2602 3244 mentem
2636 3206 2813 3245 meam
2836 3231 2850 3257 ,
2886 3204 2940 3248 et
2978 3208 3075 3248 cor
3112 3210 3295 3250 meum
3332 3197 3399 3249 il-

1751 3262 1795 3322 ε
1829 3276 2057 3346 lumina,
2086 3281 2363 3350 depellens
2416 3284 2591 3338 nubes
2621 3286 2961 3353 passionum.

1897 3372 2209 3429 Laudamus
2244 3384 2317 3440 te,
2348 3390 2382 3431 ο
2405 3376 2555 3429 omni
2592 3376 2753 3432 laude
2783 3376 3103 3448 dignissima
3144 3380 3397 3445 Domina,

1822 3479 1945 3533 quae
1990 3466 2139 3521 omni
2202 3467 2361 3523 laude
2429 3470 2768 3537 superiorem
2826 3468 2994 3523 Deum
3052 3471 3400 3527 inetrabiliter

1823 3557 2086 3627 genuiSti,
2108 3566 2165 3614 et
2184 3560 2501 3630 angelorum
2529 3560 2729 3615 choros
2753 3560 3157 3630 pulchritudine
3185 3561 3399 3616 incom-

1824 3650 2143 3719 parabiliter
2175 3653 2465 3722 superasti.

1901 3743 2078 3816 Dirige
2122 3745 2289 3800 vitam
2344 3761 2543 3812 meam,
2598 3756 2649 3801 et
2700 3756 2883 3801 motus
2918 3745 3118 3801 mentis
3166 3760 3319 3810 meae,
3364 3761 3399 3801 o

1828 3830 1994 3903 Virgo
2023 3842 2193 3899 casta,
2233 3835 2301 3890 ad
2333 3835 2579 3890 divinum
2614 3837 2909 3891 consilium
2944 3837 3090 3891 illius
3122 3836 3214 3907 qui
3246 3852 3312 3890 ex
3347 3846 3398 3892 te

1826 3925 1891 3978 ad
1927 3940 2027 3981 nos
2060 3927 2220 3980 modo
2250 3927 2621 3998 inexplicabili
2652 3927 2943 3998 processit.

1896 4017 1976 4071 Ex
2028 4018 2337 4087 purissimis
2368 4020 2733 4089 sanguinibus
2787 4021 2930 4083 tuis,
2983 4036 3148 4090 supra
3189 4029 3397 4076 natura:

1826 4125 2036 4164 morem
2070 4120 2355 4178 compacta
2393 4122 2477 4166 est
2509 4127 2637 4166 caro
2672 4112 2785 4175 illi,
2818 4112 2912 4181 qui
2941 4112 3215 4167 hominem
3245 4128 3398 4167 crea-

1827 4199 1943 4263 vit;
1974 4199 2118 4253 unde
2145 4184 2218 4263 te,
2245 4215 2279 4254 o
2308 4200 2538 4270 Deipara
2572 4215 2671 4269 pro
2702 4200 3288 4268 dignitatelaudamus.

1900 4289 2215 4345 Liberatum
2250 4300 2332 4345 est
2369 4306 2464 4361 per
2504 4300 2719 4362 partum
2754 4308 2902 4345 tuum
2944 4306 2970 4342 a
3022 4290 3397 4345 ntaledietione

1828 4383 2126 4437 humanum
2160 4399 2362 4454 genus,
2394 4398 2428 4438 o
2453 4385 2569 4439 sola
2605 4384 2754 4438 omni
2786 4383 3162 4439 benedictione
3201 4398 3396 4437 cumu-

1829 4476 1973 4541 lata;
2034 4487 2317 4545 propterea
2370 4487 2423 4531 te
2488 4476 2860 4546 gloriﬁcamus
2904 4484 3162 4544 tanquam
3220 4475 3392 4543 gratia

1829 4567 2067 4636 plenam,
2098 4582 2132 4620 ο
2159 4566 2409 4637 Deipara,
2440 4566 2493 4621 in
2522 4568 2739 4624 sacula.

215 4657 285 4711 Σὲ
318 4658 420 4728 τὴν
455 4658 723 4729 καλλονὴν
758 4658 853 4712 τοῦ
919 4659 1113 4713 Ἰακὼὸ
1154 4662 1440 4731 τιμῶμεν,
1491 4660 1621 4723 Θεὸς
1654 4661 1722 4731 ἢν

1899 4657 1976 4712 Te
2038 4657 2498 4725 pulchritudinem
2566 4658 2733 4714 Jacob
2796 4659 3159 4723 Itonoramus,
3227 4671 3391 4727 quam

148 4751 457 4819 ἠγάπησεν,
497 4754 564 4823 ἣν
610 4752 910 4819 ἐξελέξατο,
962 4755 1179 4815 πάντως
1222 4754 1298 4817 ὼς
1330 4754 1499 4825 μόνην
1548 4754 1718 4824 ἁγνὴν

146 4844 522 4915 εὐλογημένην
603 4846 1080 4919 ἁνυμνολογοῦμεν
1147 4849 1227 4912 εις
1306 4850 1516 4911 πάντας
1590 4850 1718 4911 τοὺς

147 4936 372 4999 αἰῶνας.

211 5031 534 5101 Φωτοφόρον
584 5031 760 5102 πύλην
809 5050 868 5085 σε
917 5033 1174 5105 προεώρα
1217 5034 1503 5104 Ἐξεκιῆλν
1549 5033 1616 5086 δι’
1646 5026 1712 5104 ἧς

149 5121 332 5192 διῆλθε
384 5125 446 5175 τὸ
497 5124 610 5192 φῶς
639 5125 701 5177 τὸ
746 5124 1000 5195 ἀληθινὸν
1040 5126 1276 5196 Χριστὸς
1305 5128 1333 5178 ὁ
1373 5127 1503 5188 Θεὸς
1534 5126 1712 5196 ἡμῶν,

147 5215 204 5267 ὃν
258 5218 494 5280 ἐκτενῶς
534 5218 774 5289 αἰτησαι,
827 5219 989 5291 ἁγνὴ,
1033 5219 1132 5289 τῆς
1181 5220 1469 5289 μετανοίας
1510 5236 1599 5288 μοι
1637 5218 1715 5270 δι-

149 5315 355 5380 ανοῐξαι
391 5316 565 5376 πύλας
591 5316 802 5386 δέομαι.

158 5429 257 5483 Ἐκ
313 5430 422 5483 τοῦ
454 5432 719 5495 Κανόνας
770 5432 857 5495 εις
901 5432 1006 5483 τὸν
1053 5429 1226 5483 ὅσιον
1273 5427 1503 5495 Πατέρα
1544 5425 1713 5495 ἡμῶν

386 5501 631 5570 ἀμφ-θνα
660 5503 765 5555 τὸν
795 5502 1141 5570 ξενοδόχον,
1181 5500 1371 5569 ἡμέρᾳ
1398 5501 1503 5561 κζ’.

222 5614 282 5666 Ξρὶ
319 5618 412 5671 τοῦ
450 5617 585 5671 Θεοῦ
610 5618 707 5688 τὴν
735 5618 874 5688 ὑπὲρ
909 5616 1064 5684 λόγον
1096 5616 1435 5687 λοχεύτριαν,
1465 5614 1541 5685 ὡς
1578 5632 1713 5683 κρα-

154 5706 307 5761 ταιὰν
334 5710 618 5781 ἀντίληψιν
658 5712 873 5765 πάντων
894 5750 909 5776 ,
943 5708 1251 5780 πανὰμωμε
1274 5748 1289 5774 ,
1322 5707 1429 5761 τῶν
1475 5723 1715 5760 καταπο-

222 5888 380 5954 (δι”)
410 5893 608 5949 Meum
640 5894 904 5959 impressa
936 5908 1043 5947 non
1076 5892 1296 5946 habent.

1829 4748 1972 4804 Deus
2019 4750 2244 4815 amavit,
2278 4758 2334 4804 et
2374 4751 2538 4821 elegit
2582 4768 2598 4806 :
2648 4751 2874 4807 omnino
2915 4759 3169 4820 tanquam
3218 4748 3393 4803 solam

1824 4852 2035 4897 castam
2085 4850 2141 4896 et
2174 4841 2519 4898 benedictam
2566 4851 2620 4899 te
2662 4841 2948 4898 laudamus
2981 4840 3035 4895 in
3073 4840 3255 4895 omnia
3292 4855 3394 4893 sa:—

1822 4933 1965 4987 cula.

1894 5024 2204 5083 Luciferam
2271 5039 2485 5099 portam
2538 5028 2788 5100 praevidit
2843 5039 2895 5083 to
2948 5026 3239 5109 Ezechiel,
3299 5040 3394 5095 per

1822 5133 1985 5186 quam
2051 5121 2307 5175 transivit
2362 5126 2453 5177 lux
2514 5139 2638 5178 vera
2680 5122 2933 5177 Christus
2994 5119 3133 5173 Deus
3171 5129 3389 5182 noster,

1822 5227 1981 5281 quem
2032 5213 2277 5284 impense
2325 5232 2581 5285 precare,
2613 5231 2647 5268 ο
2696 5226 2868 5276 easta,
2906 5224 2959 5269 te
3000 5228 3136 5276 oro,
3171 5222 3229 5265 ut
3256 5212 3389 5265 mitti

1826 5307 2161 5374 patuitentiae
2188 5324 2371 5379 portas
2389 5314 2617 5381 aperiat.

1826 5427 1979 5497 131
2015 5424 2099 5479 Ea:
2143 5425 2353 5480 Canone
2384 5424 2437 5497 in
2486 5420 2710 5497 festas.
2743 5419 2823 5497 _l:.
2873 5418 3179 5486 Snmpsonia
3214 5395 3392 5469 Xexno-

2385 5495 2539 5547 doclu'
2560 5534 2573 5555 ,
2608 5494 2691 5546 die
2738 5492 2805 5544 27

1893 5614 1968 5669 Te
2008 5613 2102 5668 Dei
2142 5611 2487 5666 iueﬂ‘abiliter
2540 5609 2906 5671 Genitrieem,
2950 5615 3209 5673 tanquam
3256 5600 3396 5655 vali-

1823 5707 2106 5761 dissimam
2161 5705 2531 5761 defensionem
2597 5702 2840 5757 omnium
2888 5700 2978 5767 qui
3032 5697 3221 5752 labore
3269 5707 3399 5763 pre-
