  <div class='ocr_page' id='page_1' title='image "/cluster/home/n/w/nwhite01/storage/ocr_20150623/105/nnc1.0046980105/575.png"; bbox 0 0 4166 6458; ppageno 0'>
   <div class='ocr_carea' id='block_1_1' title="bbox 798 374 931 438">
    <p class='ocr_par' dir='ltr' id='par_1_1' title="bbox 798 374 931 438">
     <span class='ocr_line' id='line_1_1' title="bbox 798 374 931 438; baseline -0.023 0"><span class='ocrx_word' id='word_1_1' title='bbox 798 374 931 438; x_wconf 64' lang='lat' dir='ltr'><strong>liii?)</strong></span> 
     </span>
    </p>
   </div>
   <div class='ocr_carea' id='block_1_2' title="bbox 1917 371 2935 438">
    <p class='ocr_par' dir='ltr' id='par_1_2' title="bbox 1917 371 2935 438">
     <span class='ocr_line' id='line_1_2' title="bbox 1917 371 2935 438; baseline 0.009 -9"><span class='ocrx_word' id='word_1_2' title='bbox 1917 371 1973 430; x_wconf 88' lang='lat' dir='ltr'><strong>S.</strong></span> <span class='ocrx_word' id='word_1_3' title='bbox 2021 373 2335 434; x_wconf 81' lang='lat' dir='ltr'><strong>JOSEPIII</strong></span> <span class='ocrx_word' id='word_1_4' title='bbox 2381 376 2427 434; x_wconf 84' lang='lat' dir='ltr'><strong>ll</strong></span> <span class='ocrx_word' id='word_1_5' title='bbox 2441 377 2691 437; x_wconf 71' lang='lat' dir='ltr'>YMNOG</span> <span class='ocrx_word' id='word_1_6' title='bbox 2705 379 2935 438; x_wconf 69' lang='lat' dir='ltr'><strong>llAl’lIl</strong></span> 
     </span>
    </p>
   </div>
   <div class='ocr_carea' id='block_1_3' title="bbox 3897 383 4032 444">
    <p class='ocr_par' dir='ltr' id='par_1_3' title="bbox 3897 383 4032 444">
     <span class='ocr_line' id='line_1_3' title="bbox 3897 383 4032 444; baseline 0.037 -5"><span class='ocrx_word' id='word_1_7' title='bbox 3897 383 4032 444; x_wconf 79' lang='lat' dir='ltr'><strong>H36</strong></span> 
     </span>
    </p>
   </div>
   <div class='ocr_carea' id='block_1_4' title="bbox 799 484 2358 564">
    <p class='ocr_par' dir='ltr' id='par_1_4' title="bbox 799 484 2356 559">
     <span class='ocr_line' id='line_1_4' title="bbox 799 484 2356 559; baseline -0.003 -16"><span class='ocrx_word' id='word_1_8' title='bbox 799 501 1039 551; x_wconf 85' lang='lat' dir='ltr'><strong>muntnr,</strong></span> <span class='ocrx_word' id='word_1_9' title='bbox 1077 487 1444 559; x_wconf 80' lang='lat' dir='ltr'><strong>gloriﬁcamus</strong></span> <span class='ocrx_word' id='word_1_10' title='bbox 1481 484 1841 547; x_wconf 77' lang='lat' dir='ltr'><strong>incessanter,</strong></span> <span class='ocrx_word' id='word_1_11' title='bbox 1882 496 1934 538; x_wconf 91' lang='lat' dir='ltr'><strong>et</strong></span> <span class='ocrx_word' id='word_1_12' title='bbox 1966 486 2356 551; x_wconf 87' lang='lat' dir='ltr'><strong>beatilicamus,</strong></span> 
     </span>
    </p>
   </div>
   <div class='ocr_carea' id='block_1_5' title="bbox 2456 484 4028 564">
    <p class='ocr_par' dir='ltr' id='par_1_5' title="bbox 2465 492 4028 564">
     <span class='ocr_line' id='line_1_5' title="bbox 2465 492 4028 564; baseline 0.004 -25"><span class='ocrx_word' id='word_1_13' title='bbox 2465 507 2737 559; x_wconf 71' lang='grc' dir='ltr'>νούμενων</span> <span class='ocrx_word' id='word_1_14' title='bbox 2780 492 3072 560; x_wconf 73' lang='grc' dir='ltr'><strong>δοξάζομεν</strong></span> <span class='ocrx_word' id='word_1_15' title='bbox 3118 493 3427 556; x_wconf 71' lang='grc' dir='ltr'>ἀπαύστως,</span> <span class='ocrx_word' id='word_1_16' title='bbox 3457 495 3577 545; x_wconf 55' lang='lat' dir='ltr'><strong>exat</strong></span> <span class='ocrx_word' id='word_1_17' title='bbox 3626 495 4028 564; x_wconf 70' lang='grc' dir='ltr'>μακαρῖζομεν.</span> 
     </span>
    </p>
   </div>
   <div class='ocr_carea' id='block_1_6' title="bbox 798 583 1228 637">
    <p class='ocr_par' dir='ltr' id='par_1_6' title="bbox 798 583 1228 637">
     <span class='ocr_line' id='line_1_6' title="bbox 798 583 1228 637; baseline -0.002 0"><span class='ocrx_word' id='word_1_18' title='bbox 798 600 824 637; x_wconf 86' lang='grc' dir='ltr'><strong>ο</strong></span> <span class='ocrx_word' id='word_1_19' title='bbox 858 583 1228 637; x_wconf 85' lang='lat' dir='ltr'><strong>mundissima.</strong></span> 
     </span>
    </p>
   </div>
   <div class='ocr_carea' id='block_1_7' title="bbox 859 670 2355 742">
    <p class='ocr_par' dir='ltr' id='par_1_7' title="bbox 859 670 2355 742">
     <span class='ocr_line' id='line_1_7' title="bbox 859 670 2355 742; baseline -0.004 -12"><span class='ocrx_word' id='word_1_20' title='bbox 859 679 1067 730; x_wconf 62' lang='lat' dir='ltr'><strong>Animae</strong></span> <span class='ocrx_word' id='word_1_21' title='bbox 1092 675 1396 742; x_wconf 89' lang='lat' dir='ltr'><strong>mentisque</strong></span> <span class='ocrx_word' id='word_1_22' title='bbox 1429 688 1562 726; x_wconf 73' lang='lat' dir='ltr'><strong>mem</strong></span> <span class='ocrx_word' id='word_1_23' title='bbox 1589 672 1842 728; x_wconf 89' lang='lat' dir='ltr'><strong>tenebras</strong></span> <span class='ocrx_word' id='word_1_24' title='bbox 1865 670 2112 741; x_wconf 87' lang='lat' dir='ltr'><strong>dispelle,</strong></span> <span class='ocrx_word' id='word_1_25' title='bbox 2140 684 2173 723; x_wconf 88' lang='grc' dir='ltr'><strong>ο</strong></span> <span class='ocrx_word' id='word_1_26' title='bbox 2199 685 2355 740; x_wconf 87' lang='lat' dir='ltr'><strong>pura,</strong></span> 
     </span>
    </p>
   </div>
   <div class='ocr_carea' id='block_1_8' title="bbox 796 766 2359 834">
    <p class='ocr_par' dir='ltr' id='par_1_8' title="bbox 796 766 2359 834">
     <span class='ocr_line' id='line_1_8' title="bbox 796 766 2359 834; baseline -0.005 -10"><span class='ocrx_word' id='word_1_27' title='bbox 796 778 844 824; x_wconf 81' lang='lat' dir='ltr'><strong>et</strong></span> <span class='ocrx_word' id='word_1_28' title='bbox 876 772 940 823; x_wconf 86' lang='lat' dir='ltr'><strong>da</strong></span> <span class='ocrx_word' id='word_1_29' title='bbox 970 768 1125 831; x_wconf 90' lang='lat' dir='ltr'><strong>mibi,</strong></span> <span class='ocrx_word' id='word_1_30' title='bbox 1158 779 1216 821; x_wconf 91' lang='lat' dir='ltr'><strong>ut</strong></span> <span class='ocrx_word' id='word_1_31' title='bbox 1242 767 1382 821; x_wconf 89' lang='lat' dir='ltr'><strong>sicut</strong></span> <span class='ocrx_word' id='word_1_32' title='bbox 1412 766 1465 820; x_wconf 93' lang='lat' dir='ltr'><strong>in</strong></span> <span class='ocrx_word' id='word_1_33' title='bbox 1497 767 1605 830; x_wconf 88' lang='lat' dir='ltr'><strong>die,</strong></span> <span class='ocrx_word' id='word_1_34' title='bbox 1643 769 1870 820; x_wconf 85' lang='lat' dir='ltr'><strong>honeste</strong></span> <span class='ocrx_word' id='word_1_35' title='bbox 1895 766 2168 819; x_wconf 78' lang='lat' dir='ltr'><strong>ambulem</strong></span> <span class='ocrx_word' id='word_1_36' title='bbox 2196 774 2359 834; x_wconf 88' lang='lat' dir='ltr'><strong>atque</strong></span> 
     </span>
    </p>
   </div>
   <div class='ocr_carea' id='block_1_9' title="bbox 795 860 2104 928">
    <p class='ocr_par' dir='ltr' id='par_1_9' title="bbox 795 860 2104 928">
     <span class='ocr_line' id='line_1_9' title="bbox 795 860 2104 928; baseline -0.004 -12"><span class='ocrx_word' id='word_1_37' title='bbox 795 876 1102 925; x_wconf 79' lang='lat' dir='ltr'><strong>converser,</strong></span> <span class='ocrx_word' id='word_1_38' title='bbox 1131 875 1194 912; x_wconf 92' lang='lat' dir='ltr'><strong>ac</strong></span> <span class='ocrx_word' id='word_1_39' title='bbox 1223 860 1484 913; x_wconf 86' lang='lat' dir='ltr'><strong>salutaria</strong></span> <span class='ocrx_word' id='word_1_40' title='bbox 1519 868 1782 928; x_wconf 57' lang='lat' dir='ltr'><strong>praecepta</strong></span> <span class='ocrx_word' id='word_1_41' title='bbox 1816 873 2104 926; x_wconf 79' lang='lat' dir='ltr'><strong>exsequar.</strong></span> 
     </span>
    </p>
   </div>
   <div class='ocr_carea' id='block_1_10' title="bbox 859 946 2357 1017">
    <p class='ocr_par' dir='ltr' id='par_1_10' title="bbox 859 946 2357 1017">
     <span class='ocr_line' id='line_1_10' title="bbox 859 946 2357 1017; baseline -0.003 -8"><span class='ocrx_word' id='word_1_42' title='bbox 859 954 971 1017; x_wconf 90' lang='lat' dir='ltr'><strong>Te,</strong></span> <span class='ocrx_word' id='word_1_43' title='bbox 1031 969 1064 1007; x_wconf 90' lang='grc' dir='ltr'><strong>ο</strong></span> <span class='ocrx_word' id='word_1_44' title='bbox 1124 964 1234 1007; x_wconf 89' lang='lat' dir='ltr'><strong>tota</strong></span> <span class='ocrx_word' id='word_1_45' title='bbox 1301 955 1500 1006; x_wconf 90' lang='lat' dir='ltr'><strong>munda</strong></span> <span class='ocrx_word' id='word_1_46' title='bbox 1568 950 1835 1015; x_wconf 80' lang='lat' dir='ltr'><strong>Domina,</strong></span> <span class='ocrx_word' id='word_1_47' title='bbox 1898 946 2139 1005; x_wconf 87' lang='lat' dir='ltr'><strong>lucidum</strong></span> <span class='ocrx_word' id='word_1_48' title='bbox 2195 949 2357 1005; x_wconf 80' lang='lat' dir='ltr'><strong>Verbi</strong></span> 
     </span>
    </p>
   </div>
   <div class='ocr_carea' id='block_1_11' title="bbox 790 1042 2355 1117">
    <p class='ocr_par' dir='ltr' id='par_1_11' title="bbox 790 1042 2355 1117">
     <span class='ocr_line' id='line_1_11' title="bbox 790 1042 2355 1117; baseline -0.003 -16"><span class='ocrx_word' id='word_1_49' title='bbox 790 1048 1048 1117; x_wconf 74' lang='lat' dir='ltr'><strong>palatium</strong></span> <span class='ocrx_word' id='word_1_50' title='bbox 1103 1045 1320 1117; x_wconf 78' lang='lat' dir='ltr'><strong>hymnis</strong></span> <span class='ocrx_word' id='word_1_51' title='bbox 1374 1044 1748 1107; x_wconf 87' lang='lat' dir='ltr'><strong>celebramus,</strong></span> <span class='ocrx_word' id='word_1_52' title='bbox 1798 1059 1862 1097; x_wconf 83' lang='lat' dir='ltr'><strong>ac</strong></span> <span class='ocrx_word' id='word_1_53' title='bbox 1901 1042 2114 1097; x_wconf 86' lang='lat' dir='ltr'><strong>beatam</strong></span> <span class='ocrx_word' id='word_1_54' title='bbox 2169 1044 2355 1114; x_wconf 84' lang='lat' dir='ltr'><strong>appel-</strong></span> 
     </span>
    </p>
   </div>
   <div class='ocr_carea' id='block_1_12' title="bbox 792 1141 982 1195">
    <p class='ocr_par' dir='ltr' id='par_1_12' title="bbox 792 1141 982 1195">
     <span class='ocr_line' id='line_1_12' title="bbox 792 1141 982 1195; baseline -0.011 -1"><span class='ocrx_word' id='word_1_55' title='bbox 792 1141 982 1195; x_wconf 88' lang='lat' dir='ltr'><strong>lamus.</strong></span> 
     </span>
    </p>
   </div>
   <div class='ocr_carea' id='block_1_13' title="bbox 858 1230 2357 1303">
    <p class='ocr_par' dir='ltr' id='par_1_13' title="bbox 858 1230 2357 1303">
     <span class='ocr_line' id='line_1_13' title="bbox 858 1230 2357 1303; baseline -0.004 -13"><span class='ocrx_word' id='word_1_56' title='bbox 858 1234 954 1301; x_wconf 86' lang='lat' dir='ltr'><strong>Te,</strong></span> <span class='ocrx_word' id='word_1_57' title='bbox 996 1250 1030 1289; x_wconf 95' lang='lat' dir='ltr'><strong>o</strong></span> <span class='ocrx_word' id='word_1_58' title='bbox 1091 1233 1437 1289; x_wconf 87' lang='lat' dir='ltr'><strong>sanctissima</strong></span> <span class='ocrx_word' id='word_1_59' title='bbox 1474 1243 1621 1287; x_wconf 90' lang='lat' dir='ltr'><strong>casta</strong></span> <span class='ocrx_word' id='word_1_60' title='bbox 1649 1273 1664 1298; x_wconf 94' lang='lat'><strong>,</strong></span> <span class='ocrx_word' id='word_1_61' title='bbox 1699 1233 1936 1303; x_wconf 78' lang='lat' dir='ltr'><strong>speciem</strong></span> <span class='ocrx_word' id='word_1_62' title='bbox 1984 1230 2181 1295; x_wconf 86' lang='lat' dir='ltr'><strong>Jacob,</strong></span> <span class='ocrx_word' id='word_1_63' title='bbox 2234 1230 2357 1285; x_wconf 82' lang='lat' dir='ltr'><strong>ﬁdei</strong></span> 
     </span>
    </p>
   </div>
   <div class='ocr_carea' id='block_1_14' title="bbox 789 1321 2355 1394">
    <p class='ocr_par' dir='ltr' id='par_1_14' title="bbox 789 1321 2355 1394">
     <span class='ocr_line' id='line_1_14' title="bbox 789 1321 2355 1394; baseline -0.003 -13"><span class='ocrx_word' id='word_1_64' title='bbox 789 1327 983 1382; x_wconf 75' lang='lat' dir='ltr'><strong>divina:</strong></span> <span class='ocrx_word' id='word_1_65' title='bbox 1011 1328 1235 1381; x_wconf 78' lang='lat' dir='ltr'><strong>vocibus</strong></span> <span class='ocrx_word' id='word_1_66' title='bbox 1257 1327 1564 1387; x_wconf 89' lang='lat' dir='ltr'><strong>laudamus,</strong></span> <span class='ocrx_word' id='word_1_67' title='bbox 1592 1341 1711 1394; x_wconf 78' lang='lat' dir='ltr'><strong>qua:</strong></span> <span class='ocrx_word' id='word_1_68' title='bbox 1735 1324 1968 1394; x_wconf 84' lang='lat' dir='ltr'><strong>genuisti</strong></span> <span class='ocrx_word' id='word_1_69' title='bbox 2001 1323 2159 1377; x_wconf 88' lang='lat' dir='ltr'><strong>nobis</strong></span> <span class='ocrx_word' id='word_1_70' title='bbox 2188 1321 2355 1377; x_wconf 87' lang='lat' dir='ltr'><strong>Dcunt</strong></span> 
     </span>
    </p>
   </div>
   <div class='ocr_carea' id='block_1_15' title="bbox 790 1414 2233 1484">
    <p class='ocr_par' dir='ltr' id='par_1_15' title="bbox 790 1414 2233 1484">
     <span class='ocr_line' id='line_1_15' title="bbox 790 1414 2233 1484; baseline -0.004 -12"><span class='ocrx_word' id='word_1_71' title='bbox 790 1433 1004 1472; x_wconf 87' lang='lat' dir='ltr'><strong>carnem</strong></span> <span class='ocrx_word' id='word_1_72' title='bbox 1038 1418 1298 1472; x_wconf 74' lang='lat' dir='ltr'><strong>furentem</strong></span> <span class='ocrx_word' id='word_1_73' title='bbox 1324 1459 1338 1481; x_wconf 92' lang='lat'><strong>,</strong></span> <span class='ocrx_word' id='word_1_74' title='bbox 1372 1431 1531 1484; x_wconf 92' lang='lat' dir='ltr'><strong>quem</strong></span> <span class='ocrx_word' id='word_1_75' title='bbox 1564 1417 1749 1469; x_wconf 90' lang='lat' dir='ltr'><strong>omnia</strong></span> <span class='ocrx_word' id='word_1_76' title='bbox 1782 1414 2233 1470; x_wconf 76' lang='lat' dir='ltr'><strong>contremiscunt.</strong></span> 
     </span>
    </p>
   </div>
   <div class='ocr_carea' id='block_1_16' title="bbox 856 1508 2357 1577">
    <p class='ocr_par' dir='ltr' id='par_1_16' title="bbox 856 1508 2357 1577">
     <span class='ocr_line' id='line_1_16' title="bbox 856 1508 2357 1577; baseline -0.003 -14"><span class='ocrx_word' id='word_1_77' title='bbox 856 1510 1066 1564; x_wconf 76' lang='lat' dir='ltr'><strong>leum</strong></span> <span class='ocrx_word' id='word_1_78' title='bbox 1103 1510 1335 1563; x_wconf 82' lang='lat' dir='ltr'><strong>sublime</strong></span> <span class='ocrx_word' id='word_1_79' title='bbox 1386 1508 1633 1562; x_wconf 91' lang='lat' dir='ltr'><strong>omnium</strong></span> <span class='ocrx_word' id='word_1_80' title='bbox 1681 1509 1824 1577; x_wconf 84' lang='lat' dir='ltr'><strong>regis</strong></span> <span class='ocrx_word' id='word_1_81' title='bbox 1861 1508 1951 1560; x_wconf 90' lang='lat' dir='ltr'><strong>Dei</strong></span> <span class='ocrx_word' id='word_1_82' title='bbox 2007 1508 2149 1560; x_wconf 76' lang='lat' dir='ltr'><strong>lucta</strong></span> <span class='ocrx_word' id='word_1_83' title='bbox 2199 1522 2291 1571; x_wconf 77' lang='lat' dir='ltr'><strong>es,</strong></span> <span class='ocrx_word' id='word_1_84' title='bbox 2324 1520 2357 1559; x_wconf 89' lang='lat'><strong>0</strong></span> 
     </span>
    </p>
   </div>
   <div class='ocr_carea' id='block_1_17' title="bbox 790 1600 2357 1671">
    <p class='ocr_par' dir='ltr' id='par_1_17' title="bbox 790 1600 2357 1671">
     <span class='ocr_line' id='line_1_17' title="bbox 790 1600 2357 1671; baseline -0.003 -16"><span class='ocrx_word' id='word_1_85' title='bbox 790 1601 1151 1671; x_wconf 89' lang='lat' dir='ltr'><strong>undequaquc</strong></span> <span class='ocrx_word' id='word_1_86' title='bbox 1204 1601 1533 1670; x_wconf 88' lang='lat' dir='ltr'><strong>purissima;</strong></span> <span class='ocrx_word' id='word_1_87' title='bbox 1594 1600 1969 1669; x_wconf 83' lang='lat' dir='ltr'><strong>mumlmnque</strong></span> <span class='ocrx_word' id='word_1_88' title='bbox 2024 1602 2166 1654; x_wconf 90' lang='lat' dir='ltr'><strong>illius</strong></span> <span class='ocrx_word' id='word_1_89' title='bbox 2210 1601 2357 1669; x_wconf 86' lang='lat' dir='ltr'><strong>pala-</strong></span> 
     </span>
    </p>
   </div>
   <div class='ocr_carea' id='block_1_18' title="bbox 788 1694 2104 1760">
    <p class='ocr_par' dir='ltr' id='par_1_18' title="bbox 788 1694 2104 1760">
     <span class='ocr_line' id='line_1_18' title="bbox 788 1694 2104 1760; baseline -0.002 -11"><span class='ocrx_word' id='word_1_90' title='bbox 788 1696 943 1757; x_wconf 89' lang='lat' dir='ltr'><strong>tium,</strong></span> <span class='ocrx_word' id='word_1_91' title='bbox 977 1703 1030 1749; x_wconf 90' lang='lat' dir='ltr'><strong>et</strong></span> <span class='ocrx_word' id='word_1_92' title='bbox 1060 1694 1335 1747; x_wconf 81' lang='lat' dir='ltr'><strong>thalamus</strong></span> <span class='ocrx_word' id='word_1_93' title='bbox 1366 1694 1547 1747; x_wconf 83' lang='lat' dir='ltr'><strong>divina</strong></span> <span class='ocrx_word' id='word_1_94' title='bbox 1583 1694 1753 1760; x_wconf 73' lang='lat' dir='ltr'><strong>gratia</strong></span> <span class='ocrx_word' id='word_1_95' title='bbox 1785 1708 2104 1747; x_wconf 84' lang='lat' dir='ltr'><strong>coruscans.</strong></span> 
     </span>
    </p>
   </div>
   <div class='ocr_carea' id='block_1_19' title="bbox 857 1784 2353 1852">
    <p class='ocr_par' dir='ltr' id='par_1_19' title="bbox 857 1784 2353 1852">
     <span class='ocr_line' id='line_1_19' title="bbox 857 1784 2353 1852; baseline 0 -16"><span class='ocrx_word' id='word_1_96' title='bbox 857 1784 1042 1839; x_wconf 77' lang='lat' dir='ltr'><strong>Velius</strong></span> <span class='ocrx_word' id='word_1_97' title='bbox 1105 1784 1235 1837; x_wconf 90' lang='lat' dir='ltr'><strong>olim</strong></span> <span class='ocrx_word' id='word_1_98' title='bbox 1307 1784 1633 1852; x_wconf 69' lang='lat' dir='ltr'><strong>prmnmarit</strong></span> <span class='ocrx_word' id='word_1_99' title='bbox 1697 1784 2067 1839; x_wconf 81' lang='lat' dir='ltr'><strong>castissimum</strong></span> <span class='ocrx_word' id='word_1_100' title='bbox 2141 1792 2353 1837; x_wconf 87' lang='lat' dir='ltr'><strong>uterum</strong></span> 
     </span>
    </p>
   </div>
   <div class='ocr_carea' id='block_1_20' title="bbox 2538 676 4030 745">
    <p class='ocr_par' dir='ltr' id='par_1_20' title="bbox 2538 676 4030 745">
     <span class='ocr_line' id='line_1_20' title="bbox 2538 676 4030 745; baseline 0.001 -17"><span class='ocrx_word' id='word_1_101' title='bbox 2538 676 2732 745; x_wconf 80' lang='grc' dir='ltr'><strong>Ψυχῆς</strong></span> <span class='ocrx_word' id='word_1_102' title='bbox 2774 693 2875 745; x_wconf 85' lang='grc' dir='ltr'><strong>μου</strong></span> <span class='ocrx_word' id='word_1_103' title='bbox 2906 678 2996 729; x_wconf 68' lang='grc' dir='ltr'>καὶ</span> <span class='ocrx_word' id='word_1_104' title='bbox 3025 676 3142 738; x_wconf 68' lang='grc' dir='ltr'>νοὸς</span> <span class='ocrx_word' id='word_1_105' title='bbox 3163 716 3177 738; x_wconf 98' lang='grc'><strong>,</strong></span> <span class='ocrx_word' id='word_1_106' title='bbox 3210 676 3370 745; x_wconf 79' lang='grc' dir='ltr'>ἁγνὴ,</span> <span class='ocrx_word' id='word_1_107' title='bbox 3403 677 3672 730; x_wconf 84' lang='grc' dir='ltr'>ἀπέλασον</span> <span class='ocrx_word' id='word_1_108' title='bbox 3704 678 3764 729; x_wconf 84' lang='grc' dir='ltr'>τὸ</span> <span class='ocrx_word' id='word_1_109' title='bbox 3801 676 3991 735; x_wconf 82' lang='grc' dir='ltr'>σκότος</span> <span class='ocrx_word' id='word_1_110' title='bbox 4016 718 4030 737; x_wconf 95' lang='grc'><strong>,</strong></span> 
     </span>
    </p>
   </div>
   <div class='ocr_carea' id='block_1_21' title="bbox 2467 768 4032 840">
    <p class='ocr_par' dir='ltr' id='par_1_21' title="bbox 2467 768 4032 840">
     <span class='ocr_line' id='line_1_21' title="bbox 2467 768 4032 840; baseline 0.001 -21"><span class='ocrx_word' id='word_1_111' title='bbox 2467 770 2560 821; x_wconf 79' lang='grc' dir='ltr'>καὶ</span> <span class='ocrx_word' id='word_1_112' title='bbox 2586 768 2753 835; x_wconf 77' lang='grc' dir='ltr'>δίδου,</span> <span class='ocrx_word' id='word_1_113' title='bbox 2791 770 2866 831; x_wconf 84' lang='grc' dir='ltr'><strong>ὼς</strong></span> <span class='ocrx_word' id='word_1_114' title='bbox 2896 770 2954 821; x_wconf 74' lang='grc' dir='ltr'>ἐν</span> <span class='ocrx_word' id='word_1_115' title='bbox 2986 770 3186 840; x_wconf 77' lang='grc' dir='ltr'>ἡμέρᾳ,</span> <span class='ocrx_word' id='word_1_116' title='bbox 3229 770 3579 839; x_wconf 76' lang='grc' dir='ltr'><strong>εὐσχημόνως</strong></span> <span class='ocrx_word' id='word_1_117' title='bbox 3624 768 4032 828; x_wconf 76' lang='grc' dir='ltr'>πολιτεύεσθαι,</span> 
     </span>
    </p>
   </div>
   <div class='ocr_carea' id='block_1_22' title="bbox 2465 861 3598 933">
    <p class='ocr_par' dir='ltr' id='par_1_22' title="bbox 2465 861 3598 933">
     <span class='ocr_line' id='line_1_22' title="bbox 2465 861 3598 933; baseline -0.001 -20"><span class='ocrx_word' id='word_1_118' title='bbox 2465 861 2535 913; x_wconf 86' lang='grc' dir='ltr'><strong>τὰ</strong></span> <span class='ocrx_word' id='word_1_119' title='bbox 2565 862 2811 933; x_wconf 85' lang='grc' dir='ltr'>σωτήρια</span> <span class='ocrx_word' id='word_1_120' title='bbox 2835 861 3144 930; x_wconf 84' lang='grc' dir='ltr'>πράττοντα</span> <span class='ocrx_word' id='word_1_121' title='bbox 3179 863 3598 931; x_wconf 79' lang='grc' dir='ltr'><strong>προστάγματα.</strong></span> 
     </span>
    </p>
   </div>
   <div class='ocr_carea' id='block_1_23' title="bbox 2536 954 4034 1026">
    <p class='ocr_par' dir='ltr' id='par_1_23' title="bbox 2536 954 4034 1026">
     <span class='ocr_line' id='line_1_23' title="bbox 2536 954 4034 1026; baseline -0.001 -19"><span class='ocrx_word' id='word_1_122' title='bbox 2536 954 2625 1016; x_wconf 85' lang='grc' dir='ltr'>Σὲ,</span> <span class='ocrx_word' id='word_1_123' title='bbox 2674 956 2986 1026; x_wconf 83' lang='grc' dir='ltr'>πανάμωμε</span> <span class='ocrx_word' id='word_1_124' title='bbox 3024 955 3322 1019; x_wconf 84' lang='grc' dir='ltr'>Δέσποινα,</span> <span class='ocrx_word' id='word_1_125' title='bbox 3359 955 3420 1007; x_wconf 73' lang='grc' dir='ltr'>τὸ</span> <span class='ocrx_word' id='word_1_126' title='bbox 3461 954 3721 1023; x_wconf 81' lang='grc' dir='ltr'>φωτεινὸν</span> <span class='ocrx_word' id='word_1_127' title='bbox 3767 954 4034 1009; x_wconf 79' lang='grc' dir='ltr'>παλάτιον</span> 
     </span>
    </p>
   </div>
   <div class='ocr_carea' id='block_1_24' title="bbox 2464 1046 3832 1119">
    <p class='ocr_par' dir='ltr' id='par_1_24' title="bbox 2464 1046 3832 1119">
     <span class='ocr_line' id='line_1_24' title="bbox 2464 1046 3832 1119; baseline -0.001 -18"><span class='ocrx_word' id='word_1_128' title='bbox 2464 1048 2559 1101; x_wconf 81' lang='grc' dir='ltr'><strong>τοῦ</strong></span> <span class='ocrx_word' id='word_1_129' title='bbox 2593 1048 2768 1117; x_wconf 82' lang='grc' dir='ltr'>Λόγου</span> <span class='ocrx_word' id='word_1_130' title='bbox 2804 1046 3279 1119; x_wconf 80' lang='grc' dir='ltr'>ἀνυμνολογούμεν</span> <span class='ocrx_word' id='word_1_131' title='bbox 3309 1047 3403 1100; x_wconf 77' lang='grc' dir='ltr'>καὶ</span> <span class='ocrx_word' id='word_1_132' title='bbox 3433 1047 3832 1118; x_wconf 72' lang='grc' dir='ltr'><strong>μακαρίζομεν.</strong></span> 
     </span>
    </p>
   </div>
   <div class='ocr_carea' id='block_1_25' title="bbox 2537 1224 4029 1297">
    <p class='ocr_par' dir='ltr' id='par_1_25' title="bbox 2537 1224 4029 1297">
     <span class='ocr_line' id='line_1_25' title="bbox 2537 1224 4029 1297; baseline -0.004 -17"><span class='ocrx_word' id='word_1_133' title='bbox 2537 1228 2638 1293; x_wconf 80' lang='grc' dir='ltr'>Σὲ,</span> <span class='ocrx_word' id='word_1_134' title='bbox 2689 1226 2933 1296; x_wconf 70' lang='grc' dir='ltr'>παναγία</span> <span class='ocrx_word' id='word_1_135' title='bbox 2984 1226 3163 1297; x_wconf 73' lang='grc' dir='ltr'>ἁγνὴ,</span> <span class='ocrx_word' id='word_1_136' title='bbox 3200 1225 3298 1295; x_wconf 75' lang='grc' dir='ltr'>τὴν</span> <span class='ocrx_word' id='word_1_137' title='bbox 3342 1224 3601 1293; x_wconf 84' lang='grc' dir='ltr'>καλλονὴν</span> <span class='ocrx_word' id='word_1_138' title='bbox 3652 1224 3747 1279; x_wconf 84' lang='grc' dir='ltr'>τοῦ</span> <span class='ocrx_word' id='word_1_139' title='bbox 3799 1226 4029 1281; x_wconf 71' lang='grc' dir='ltr'>Ἰακὼϐ,</span> 
     </span>
    </p>
   </div>
   <div class='ocr_carea' id='block_1_26' title="bbox 2468 1318 4032 1389">
    <p class='ocr_par' dir='ltr' id='par_1_26' title="bbox 2468 1318 4032 1389">
     <span class='ocr_line' id='line_1_26' title="bbox 2468 1318 4032 1389; baseline -0.004 -15"><span class='ocrx_word' id='word_1_140' title='bbox 2468 1321 2702 1383; x_wconf 80' lang='grc' dir='ltr'>πίστεως</span> <span class='ocrx_word' id='word_1_141' title='bbox 2738 1321 2911 1383; x_wconf 79' lang='grc' dir='ltr'><strong>θείαις</strong></span> <span class='ocrx_word' id='word_1_142' title='bbox 2940 1322 3143 1387; x_wconf 72' lang='grc' dir='ltr'>φωναῖς</span> <span class='ocrx_word' id='word_1_143' title='bbox 3175 1318 3542 1388; x_wconf 79' lang='grc' dir='ltr'>ἁνυμνοῦμεν,</span> <span class='ocrx_word' id='word_1_144' title='bbox 3573 1318 3860 1387; x_wconf 80' lang='grc' dir='ltr'><strong>κυήσασαν</strong></span> <span class='ocrx_word' id='word_1_145' title='bbox 3904 1320 4032 1389; x_wconf 75' lang='grc' dir='ltr'>ἡμῖν</span> 
     </span>
    </p>
   </div>
   <div class='ocr_carea' id='block_1_27' title="bbox 2466 1412 3719 1487">
    <p class='ocr_par' dir='ltr' id='par_1_27' title="bbox 2466 1412 3719 1487">
     <span class='ocr_line' id='line_1_27' title="bbox 2466 1412 3719 1487; baseline -0.002 -19"><span class='ocrx_word' id='word_1_146' title='bbox 2466 1416 2596 1468; x_wconf 80' lang='grc' dir='ltr'>Θεὸν</span> <span class='ocrx_word' id='word_1_147' title='bbox 2626 1416 2966 1487; x_wconf 73' lang='grc' dir='ltr'>σαρκοφόρον</span> <span class='ocrx_word' id='word_1_148' title='bbox 2993 1412 3053 1466; x_wconf 72' lang='grc' dir='ltr'>ὃν</span> <span class='ocrx_word' id='word_1_149' title='bbox 3082 1414 3276 1483; x_wconf 77' lang='grc' dir='ltr'><strong>τρέμει</strong></span> <span class='ocrx_word' id='word_1_150' title='bbox 3301 1412 3369 1465; x_wconf 78' lang='grc' dir='ltr'>τὰ</span> <span class='ocrx_word' id='word_1_151' title='bbox 3404 1412 3719 1482; x_wconf 86' lang='grc' dir='ltr'>σύμπαντα.</span> 
     </span>
    </p>
   </div>
   <div class='ocr_carea' id='block_1_28' title="bbox 2543 1503 4034 1577">
    <p class='ocr_par' dir='ltr' id='par_1_28' title="bbox 2543 1503 4034 1577">
     <span class='ocr_line' id='line_1_28' title="bbox 2543 1503 4034 1577; baseline -0.005 -16"><span class='ocrx_word' id='word_1_152' title='bbox 2543 1509 2603 1561; x_wconf 87' lang='lat'><strong>&#39;0</strong></span> <span class='ocrx_word' id='word_1_153' title='bbox 2631 1508 2860 1572; x_wconf 78' lang='grc' dir='ltr'>οὐρανὸς</span> <span class='ocrx_word' id='word_1_154' title='bbox 2884 1506 3084 1577; x_wconf 69' lang='grc' dir='ltr'>ὑψηλὸς</span> <span class='ocrx_word' id='word_1_155' title='bbox 3115 1507 3491 1577; x_wconf 77' lang='grc' dir='ltr'>ἐχρημάτισας</span> <span class='ocrx_word' id='word_1_156' title='bbox 3519 1504 3613 1558; x_wconf 77' lang='grc' dir='ltr'><strong>τοῦ</strong></span> <span class='ocrx_word' id='word_1_157' title='bbox 3643 1503 4034 1573; x_wconf 80' lang='grc' dir='ltr'>παμϐασιλέως</span> 
     </span>
    </p>
   </div>
   <div class='ocr_carea' id='block_1_29' title="bbox 2464 1597 4033 1669">
    <p class='ocr_par' dir='ltr' id='par_1_29' title="bbox 2464 1597 4033 1669">
     <span class='ocr_line' id='line_1_29' title="bbox 2464 1597 4033 1669; baseline -0.005 -15"><span class='ocrx_word' id='word_1_158' title='bbox 2464 1602 2635 1665; x_wconf 82' lang='grc' dir='ltr'>Θεοῦ,</span> <span class='ocrx_word' id='word_1_159' title='bbox 2692 1601 3107 1669; x_wconf 87' lang='grc' dir='ltr'>παναμώμητε,</span> <span class='ocrx_word' id='word_1_160' title='bbox 3162 1602 3255 1652; x_wconf 75' lang='grc' dir='ltr'><strong>καὶ</strong></span> <span class='ocrx_word' id='word_1_161' title='bbox 3302 1599 3540 1668; x_wconf 69' lang='grc' dir='ltr'>καθαρὸν</span> <span class='ocrx_word' id='word_1_162' title='bbox 3591 1597 3887 1662; x_wconf 81' lang='grc' dir='ltr'>παλάτιον,</span> <span class='ocrx_word' id='word_1_163' title='bbox 3942 1598 4033 1648; x_wconf 73' lang='grc' dir='ltr'>καὶ</span> 
     </span>
    </p>
   </div>
   <div class='ocr_carea' id='block_1_30' title="bbox 2464 1692 3327 1763">
    <p class='ocr_par' dir='ltr' id='par_1_30' title="bbox 2464 1692 3327 1763">
     <span class='ocr_line' id='line_1_30' title="bbox 2464 1692 3327 1763; baseline 0 -16"><span class='ocrx_word' id='word_1_164' title='bbox 2464 1699 2676 1757; x_wconf 76' lang='grc' dir='ltr'>παστὰς</span> <span class='ocrx_word' id='word_1_165' title='bbox 2710 1693 2943 1763; x_wconf 74' lang='grc' dir='ltr'>φωτεινη</span> <span class='ocrx_word' id='word_1_166' title='bbox 2975 1692 3095 1762; x_wconf 67' lang='grc' dir='ltr'>θείᾳ.</span> <span class='ocrx_word' id='word_1_167' title='bbox 3124 1694 3327 1762; x_wconf 81' lang='grc' dir='ltr'>χάριτι.</span> 
     </span>
    </p>
   </div>
   <div class='ocr_carea' id='block_1_31' title="bbox 2462 1782 4032 1858">
    <p class='ocr_par' dir='ltr' id='par_1_31' title="bbox 2462 1782 4032 1858">
     <span class='ocr_line' id='line_1_31' title="bbox 2462 1782 4032 1858; baseline -0.004 -19"><span class='ocrx_word' id='word_1_168' title='bbox 2462 1786 2607 1858; x_wconf 75' lang='lat'><strong>“&#39;0</strong></span> <span class='ocrx_word' id='word_1_169' title='bbox 2637 1785 2801 1847; x_wconf 83' lang='grc' dir='ltr'>πόκος</span> <span class='ocrx_word' id='word_1_170' title='bbox 2838 1785 2969 1839; x_wconf 79' lang='grc' dir='ltr'>ποτὲ</span> <span class='ocrx_word' id='word_1_171' title='bbox 3006 1784 3304 1856; x_wconf 78' lang='grc' dir='ltr'>προεδήλου</span> <span class='ocrx_word' id='word_1_172' title='bbox 3335 1783 3435 1852; x_wconf 83' lang='grc' dir='ltr'><strong>τὴν</strong></span> <span class='ocrx_word' id='word_1_173' title='bbox 3473 1784 3662 1854; x_wconf 80' lang='grc' dir='ltr'>ἁγνὴν,</span> <span class='ocrx_word' id='word_1_174' title='bbox 3698 1782 3902 1853; x_wconf 83' lang='grc' dir='ltr'>σεμνὴ,</span> <span class='ocrx_word' id='word_1_175' title='bbox 3932 1800 4032 1850; x_wconf 71' lang='grc' dir='ltr'>γα-</span> 
     </span>
    </p>
   </div>
   <div class='ocr_carea' id='block_1_32' title="bbox 787 1873 2358 1949">
    <p class='ocr_par' dir='ltr' id='par_1_32' title="bbox 787 1875 2355 1946">
     <span class='ocr_line' id='line_1_32' title="bbox 787 1875 2355 1946; baseline -0.002 -13"><span class='ocrx_word' id='word_1_176' title='bbox 787 1891 975 1939; x_wconf 90' lang='lat' dir='ltr'><strong>tuum,</strong></span> <span class='ocrx_word' id='word_1_177' title='bbox 1023 1893 1056 1930; x_wconf 91' lang='grc' dir='ltr'><strong>ο</strong></span> <span class='ocrx_word' id='word_1_178' title='bbox 1104 1876 1449 1940; x_wconf 81' lang='lat' dir='ltr'><strong>veneranda,</strong></span> <span class='ocrx_word' id='word_1_179' title='bbox 1504 1875 1597 1946; x_wconf 86' lang='lat' dir='ltr'><strong>qui</strong></span> <span class='ocrx_word' id='word_1_180' title='bbox 1655 1878 1871 1946; x_wconf 76' lang='lat' dir='ltr'><strong>execpit</strong></span> <span class='ocrx_word' id='word_1_181' title='bbox 1912 1878 1963 1929; x_wconf 92' lang='lat' dir='ltr'><strong>in</strong></span> <span class='ocrx_word' id='word_1_182' title='bbox 2011 1893 2068 1929; x_wconf 78' lang='lat' dir='ltr'><strong>se</strong></span> <span class='ocrx_word' id='word_1_183' title='bbox 2110 1876 2355 1931; x_wconf 76' lang='lat' dir='ltr'><strong>divinum</strong></span> 
     </span>
    </p>
   </div>
   <div class='ocr_carea' id='block_1_33' title="bbox 2456 1873 4035 1949">
    <p class='ocr_par' dir='ltr' id='par_1_33' title="bbox 2463 1876 4035 1949">
     <span class='ocr_line' id='line_1_33' title="bbox 2463 1876 4035 1949; baseline -0.006 -16"><span class='ocrx_word' id='word_1_184' title='bbox 2463 1880 2627 1949; x_wconf 86' lang='grc' dir='ltr'>στέρα</span> <span class='ocrx_word' id='word_1_185' title='bbox 2672 1896 2767 1933; x_wconf 92' lang='grc' dir='ltr'><strong>σου</strong></span> <span class='ocrx_word' id='word_1_186' title='bbox 2815 1878 3205 1949; x_wconf 72' lang='grc' dir='ltr'>εἰσδεξαμένηιν</span> <span class='ocrx_word' id='word_1_187' title='bbox 3258 1878 3359 1949; x_wconf 85' lang='grc' dir='ltr'><strong>τὴν</strong></span> <span class='ocrx_word' id='word_1_188' title='bbox 3405 1876 3660 1948; x_wconf 90' lang='grc' dir='ltr'>οὐράνιον</span> <span class='ocrx_word' id='word_1_189' title='bbox 3708 1876 3902 1947; x_wconf 74' lang='grc' dir='ltr'>δρόσον</span> <span class='ocrx_word' id='word_1_190' title='bbox 3940 1881 4035 1944; x_wconf 72' lang='grc' dir='ltr'><strong>τὴν</strong></span> 
     </span>
    </p>
   </div>
   <div class='ocr_carea' id='block_1_34' title="bbox 785 1956 2358 2037">
    <p class='ocr_par' dir='ltr' id='par_1_34' title="bbox 785 1956 2358 2037">
     <span class='ocr_line' id='line_1_34' title="bbox 785 1956 2358 2037; baseline -0.002 -12"><span class='ocrx_word' id='word_1_191' title='bbox 785 1986 961 2025; x_wconf 82' lang='lat' dir='ltr'><strong>rorem</strong></span> <span class='ocrx_word' id='word_1_192' title='bbox 999 1970 1327 2023; x_wconf 86' lang='lat' dir='ltr'><strong>irrorantem</strong></span> <span class='ocrx_word' id='word_1_193' title='bbox 1363 1956 1797 2037; x_wconf 42' lang='lat' dir='ltr'><strong>universos,&#39;qui</strong></span> <span class='ocrx_word' id='word_1_194' title='bbox 1841 1968 1926 2022; x_wconf 89' lang='lat' dir='ltr'><strong>siti</strong></span> <span class='ocrx_word' id='word_1_195' title='bbox 1960 1968 2164 2036; x_wconf 88' lang='lat' dir='ltr'><strong>peccati</strong></span> <span class='ocrx_word' id='word_1_196' title='bbox 2210 1969 2358 2022; x_wconf 82' lang='lat' dir='ltr'><strong>labo-</strong></span> 
     </span>
    </p>
   </div>
   <div class='ocr_carea' id='block_1_35' title="bbox 786 2060 2356 2131">
    <p class='ocr_par' dir='ltr' id='par_1_35' title="bbox 786 2060 2356 2131">
     <span class='ocr_line' id='line_1_35' title="bbox 786 2060 2356 2131; baseline -0.001 -16"><span class='ocrx_word' id='word_1_197' title='bbox 786 2075 925 2128; x_wconf 87' lang='lat' dir='ltr'><strong>rant,</strong></span> <span class='ocrx_word' id='word_1_198' title='bbox 952 2078 984 2114; x_wconf 92' lang='lat' dir='ltr'><strong>o</strong></span> <span class='ocrx_word' id='word_1_199' title='bbox 1016 2062 1164 2115; x_wconf 92' lang='lat' dir='ltr'><strong>omni</strong></span> <span class='ocrx_word' id='word_1_200' title='bbox 1221 2061 1381 2114; x_wconf 80' lang='lat' dir='ltr'><strong>laude</strong></span> <span class='ocrx_word' id='word_1_201' title='bbox 1410 2060 1573 2131; x_wconf 73' lang='lat' dir='ltr'><strong>digna</strong></span> <span class='ocrx_word' id='word_1_202' title='bbox 1606 2076 1670 2116; x_wconf 87' lang='lat' dir='ltr'><strong>ac</strong></span> <span class='ocrx_word' id='word_1_203' title='bbox 1698 2060 2003 2124; x_wconf 79' lang='lat' dir='ltr'><strong>benedicta,</strong></span> <span class='ocrx_word' id='word_1_204' title='bbox 2035 2076 2155 2130; x_wconf 71' lang='lat' dir='ltr'><strong>qua:</strong></span> <span class='ocrx_word' id='word_1_205' title='bbox 2187 2060 2356 2115; x_wconf 86' lang='lat' dir='ltr'><strong>Deum</strong></span> 
     </span>
    </p>
   </div>
   <div class='ocr_carea' id='block_1_36' title="bbox 784 2150 1351 2221">
    <p class='ocr_par' dir='ltr' id='par_1_36' title="bbox 784 2150 1351 2221">
     <span class='ocr_line' id='line_1_36' title="bbox 784 2150 1351 2221; baseline -0.009 -13"><span class='ocrx_word' id='word_1_206' title='bbox 784 2156 835 2208; x_wconf 87' lang='lat' dir='ltr'><strong>in</strong></span> <span class='ocrx_word' id='word_1_207' title='bbox 871 2169 1035 2207; x_wconf 87' lang='lat' dir='ltr'><strong>carne</strong></span> <span class='ocrx_word' id='word_1_208' title='bbox 1073 2150 1351 2221; x_wconf 80' lang='lat' dir='ltr'><strong>peperisti.</strong></span> 
     </span>
    </p>
   </div>
   <div class='ocr_carea' id='block_1_37' title="bbox 853 2244 2357 2315">
    <p class='ocr_par' dir='ltr' id='par_1_37' title="bbox 853 2244 2357 2315">
     <span class='ocr_line' id='line_1_37' title="bbox 853 2244 2357 2315; baseline 0.001 -16"><span class='ocrx_word' id='word_1_209' title='bbox 853 2246 993 2301; x_wconf 86' lang='lat' dir='ltr'><strong>Seda</strong></span> <span class='ocrx_word' id='word_1_210' title='bbox 1063 2260 1207 2299; x_wconf 88' lang='lat' dir='ltr'><strong>nunc</strong></span> <span class='ocrx_word' id='word_1_211' title='bbox 1247 2258 1464 2313; x_wconf 75' lang='lat' dir='ltr'><strong>gravem</strong></span> <span class='ocrx_word' id='word_1_212' title='bbox 1510 2244 1827 2313; x_wconf 88' lang='lat' dir='ltr'><strong>passionum</strong></span> <span class='ocrx_word' id='word_1_213' title='bbox 1870 2259 2113 2298; x_wconf 83' lang='lat' dir='ltr'><strong>meatum</strong></span> <span class='ocrx_word' id='word_1_214' title='bbox 2155 2255 2357 2315; x_wconf 80' lang='lat' dir='ltr'><strong>tempe-</strong></span> 
     </span>
    </p>
   </div>
   <div class='ocr_carea' id='block_1_38' title="bbox 781 2336 2357 2408">
    <p class='ocr_par' dir='ltr' id='par_1_38' title="bbox 781 2336 2357 2408">
     <span class='ocr_line' id='line_1_38' title="bbox 781 2336 2357 2408; baseline -0.001 -14"><span class='ocrx_word' id='word_1_215' title='bbox 781 2349 1004 2401; x_wconf 84' lang='lat' dir='ltr'><strong>statem,</strong></span> <span class='ocrx_word' id='word_1_216' title='bbox 1043 2353 1078 2392; x_wconf 88' lang='grc' dir='ltr'><strong>ο</strong></span> <span class='ocrx_word' id='word_1_217' title='bbox 1116 2346 1264 2393; x_wconf 88' lang='lat' dir='ltr'><strong>casta</strong></span> <span class='ocrx_word' id='word_1_218' title='bbox 1304 2336 1697 2405; x_wconf 88' lang='lat' dir='ltr'><strong>benedictaque</strong></span> <span class='ocrx_word' id='word_1_219' title='bbox 1736 2337 1949 2406; x_wconf 80' lang='lat' dir='ltr'><strong>puella;</strong></span> <span class='ocrx_word' id='word_1_220' title='bbox 2001 2348 2054 2392; x_wconf 88' lang='lat' dir='ltr'><strong>ct</strong></span> <span class='ocrx_word' id='word_1_221' title='bbox 2104 2354 2357 2408; x_wconf 81' lang='lat' dir='ltr'><strong>oppugna</strong></span> 
     </span>
    </p>
   </div>
   <div class='ocr_carea' id='block_1_39' title="bbox 781 2429 2359 2498">
    <p class='ocr_par' dir='ltr' id='par_1_39' title="bbox 781 2429 2359 2498">
     <span class='ocr_line' id='line_1_39' title="bbox 781 2429 2359 2498; baseline -0.001 -12"><span class='ocrx_word' id='word_1_222' title='bbox 781 2447 976 2486; x_wconf 87' lang='lat' dir='ltr'><strong>omnes</strong></span> <span class='ocrx_word' id='word_1_223' title='bbox 1000 2435 1355 2498; x_wconf 79' lang='lat' dir='ltr'><strong>incorporeas</strong></span> <span class='ocrx_word' id='word_1_224' title='bbox 1392 2430 1598 2496; x_wconf 72' lang='lat' dir='ltr'><strong>boSIes,</strong></span> <span class='ocrx_word' id='word_1_225' title='bbox 1626 2431 1719 2498; x_wconf 89' lang='lat' dir='ltr'><strong>qui</strong></span> <span class='ocrx_word' id='word_1_226' title='bbox 1753 2429 2068 2484; x_wconf 83' lang='lat' dir='ltr'><strong>innnaniter</strong></span> <span class='ocrx_word' id='word_1_227' title='bbox 2096 2432 2359 2487; x_wconf 88' lang='lat' dir='ltr'><strong>lnsultant</strong></span> 
     </span>
    </p>
   </div>
   <div class='ocr_carea' id='block_1_40' title="bbox 783 2522 1986 2593">
    <p class='ocr_par' dir='ltr' id='par_1_40' title="bbox 783 2522 1986 2593">
     <span class='ocr_line' id='line_1_40' title="bbox 783 2522 1986 2593; baseline 0.005 -21"><span class='ocrx_word' id='word_1_228' title='bbox 783 2523 1089 2593; x_wconf 82' lang='lat' dir='ltr'><strong>paupertati</strong></span> <span class='ocrx_word' id='word_1_229' title='bbox 1120 2538 1272 2588; x_wconf 74' lang='lat' dir='ltr'><strong>me&#39;e,</strong></span> <span class='ocrx_word' id='word_1_230' title='bbox 1308 2532 1368 2579; x_wconf 86' lang='lat' dir='ltr'><strong>ut</strong></span> <span class='ocrx_word' id='word_1_231' title='bbox 1399 2522 1631 2577; x_wconf 68' lang='lat' dir='ltr'><strong>ﬁdeliter</strong></span> <span class='ocrx_word' id='word_1_232' title='bbox 1668 2532 1719 2576; x_wconf 86' lang='lat' dir='ltr'><strong>te</strong></span> <span class='ocrx_word' id='word_1_233' title='bbox 1748 2523 1986 2578; x_wconf 84' lang='lat' dir='ltr'><strong>laudem.</strong></span> 
     </span>
    </p>
   </div>
   <div class='ocr_carea' id='block_1_41' title="bbox 852 2612 2359 2685">
    <p class='ocr_par' dir='ltr' id='par_1_41' title="bbox 852 2612 2359 2685">
     <span class='ocr_line' id='line_1_41' title="bbox 852 2612 2359 2685; baseline 0.001 -17"><span class='ocrx_word' id='word_1_234' title='bbox 852 2613 1232 2668; x_wconf 83' lang='lat' dir='ltr'><strong>Lucidissimis</strong></span> <span class='ocrx_word' id='word_1_235' title='bbox 1287 2612 1630 2682; x_wconf 86' lang='lat' dir='ltr'><strong>lampadibus</strong></span> <span class='ocrx_word' id='word_1_236' title='bbox 1679 2613 1827 2667; x_wconf 91' lang='lat' dir='ltr'><strong>illius</strong></span> <span class='ocrx_word' id='word_1_237' title='bbox 1860 2614 1954 2683; x_wconf 88' lang='lat' dir='ltr'><strong>qui</strong></span> <span class='ocrx_word' id='word_1_238' title='bbox 1982 2630 2046 2669; x_wconf 79' lang='lat' dir='ltr'><strong>ex</strong></span> <span class='ocrx_word' id='word_1_239' title='bbox 2096 2625 2145 2669; x_wconf 91' lang='lat' dir='ltr'><strong>te</strong></span> <span class='ocrx_word' id='word_1_240' title='bbox 2192 2631 2359 2685; x_wconf 89' lang='lat' dir='ltr'><strong>supra</strong></span> 
     </span>
    </p>
   </div>
   <div class='ocr_carea' id='block_1_42' title="bbox 781 2706 2355 2778">
    <p class='ocr_par' dir='ltr' id='par_1_42' title="bbox 781 2706 2355 2778">
     <span class='ocr_line' id='line_1_42' title="bbox 781 2706 2355 2778; baseline 0.001 -17"><span class='ocrx_word' id='word_1_241' title='bbox 781 2709 981 2762; x_wconf 89' lang='lat' dir='ltr'><strong>mentis</strong></span> <span class='ocrx_word' id='word_1_242' title='bbox 1010 2717 1227 2776; x_wconf 89' lang='lat' dir='ltr'><strong>captum</strong></span> <span class='ocrx_word' id='word_1_243' title='bbox 1262 2706 1583 2761; x_wconf 88' lang='lat' dir='ltr'><strong>incarnatus</strong></span> <span class='ocrx_word' id='word_1_244' title='bbox 1616 2716 1719 2769; x_wconf 86' lang='lat' dir='ltr'><strong>est,</strong></span> <span class='ocrx_word' id='word_1_245' title='bbox 1767 2707 2120 2762; x_wconf 86' lang='lat' dir='ltr'><strong>sanctissima</strong></span> <span class='ocrx_word' id='word_1_246' title='bbox 2166 2706 2355 2778; x_wconf 79' lang='lat' dir='ltr'><strong>Virgo,</strong></span> 
     </span>
    </p>
   </div>
   <div class='ocr_carea' id='block_1_43' title="bbox 781 2798 2359 2869">
    <p class='ocr_par' dir='ltr' id='par_1_43' title="bbox 781 2798 2359 2869">
     <span class='ocr_line' id='line_1_43' title="bbox 781 2798 2359 2869; baseline 0.001 -15"><span class='ocrx_word' id='word_1_247' title='bbox 781 2801 1155 2854; x_wconf 87' lang='lat' dir='ltr'><strong>illuminemur</strong></span> <span class='ocrx_word' id='word_1_248' title='bbox 1203 2813 1321 2863; x_wconf 92' lang='lat' dir='ltr'><strong>nos,</strong></span> <span class='ocrx_word' id='word_1_249' title='bbox 1373 2799 1469 2868; x_wconf 88' lang='lat' dir='ltr'><strong>qui</strong></span> <span class='ocrx_word' id='word_1_250' title='bbox 1507 2810 1560 2853; x_wconf 90' lang='lat' dir='ltr'><strong>te</strong></span> <span class='ocrx_word' id='word_1_251' title='bbox 1598 2798 1884 2869; x_wconf 88' lang='lat' dir='ltr'><strong>Deiparam</strong></span> <span class='ocrx_word' id='word_1_252' title='bbox 1923 2800 2155 2855; x_wconf 84' lang='lat' dir='ltr'><strong>lideliter</strong></span> <span class='ocrx_word' id='word_1_253' title='bbox 2192 2815 2359 2869; x_wconf 69' lang='lat' dir='ltr'><strong>agno-</strong></span> 
     </span>
    </p>
   </div>
   <div class='ocr_carea' id='block_1_44' title="bbox 780 2893 2357 2964">
    <p class='ocr_par' dir='ltr' id='par_1_44' title="bbox 780 2893 2357 2964">
     <span class='ocr_line' id='line_1_44' title="bbox 780 2893 2357 2964; baseline -0.001 -16"><span class='ocrx_word' id='word_1_254' title='bbox 780 2896 1025 2956; x_wconf 78' lang='lat' dir='ltr'><strong>scimus,</strong></span> <span class='ocrx_word' id='word_1_255' title='bbox 1072 2902 1121 2947; x_wconf 89' lang='lat' dir='ltr'><strong>cl</strong></span> <span class='ocrx_word' id='word_1_256' title='bbox 1164 2908 1194 2947; x_wconf 89' lang='lat' dir='ltr'><strong>a</strong></span> <span class='ocrx_word' id='word_1_257' title='bbox 1250 2893 1566 2962; x_wconf 88' lang='lat' dir='ltr'><strong>passionum</strong></span> <span class='ocrx_word' id='word_1_258' title='bbox 1630 2894 1905 2951; x_wconf 84' lang='lat' dir='ltr'><strong>tenebris.</strong></span> <span class='ocrx_word' id='word_1_259' title='bbox 1940 2903 2103 2963; x_wconf 88' lang='lat' dir='ltr'><strong>atque</strong></span> <span class='ocrx_word' id='word_1_260' title='bbox 2133 2910 2163 2948; x_wconf 93' lang='lat' dir='ltr'><strong>a</strong></span> <span class='ocrx_word' id='word_1_261' title='bbox 2215 2894 2357 2964; x_wconf 88' lang='lat' dir='ltr'><strong>peri-</strong></span> 
     </span>
    </p>
   </div>
   <div class='ocr_carea' id='block_1_45' title="bbox 781 2985 2248 3055">
    <p class='ocr_par' dir='ltr' id='par_1_45' title="bbox 781 2985 2248 3055">
     <span class='ocr_line' id='line_1_45' title="bbox 781 2985 2248 3055; baseline -0.001 -13"><span class='ocrx_word' id='word_1_262' title='bbox 781 2986 925 3042; x_wconf 79' lang='lat' dir='ltr'><strong>culis</strong></span> <span class='ocrx_word' id='word_1_263' title='bbox 961 2986 1287 3055; x_wconf 79' lang='lat' dir='ltr'><strong>cunctisque</strong></span> <span class='ocrx_word' id='word_1_264' title='bbox 1316 2987 1440 3039; x_wconf 64' lang='lat' dir='ltr'><strong>vitae</strong></span> <span class='ocrx_word' id='word_1_265' title='bbox 1474 2985 1898 3040; x_wconf 83' lang='lat' dir='ltr'><strong>adversitatibus</strong></span> <span class='ocrx_word' id='word_1_266' title='bbox 1933 2987 2248 3041; x_wconf 80' lang='lat' dir='ltr'><strong>liberemur.</strong></span> 
     </span>
    </p>
   </div>
   <div class='ocr_carea' id='block_1_46' title="bbox 781 3173 2352 3247">
    <p class='ocr_par' dir='ltr' id='par_1_46' title="bbox 781 3173 2352 3247">
     <span class='ocr_line' id='line_1_46' title="bbox 781 3173 2352 3247; baseline -0.002 -18"><span class='ocrx_word' id='word_1_267' title='bbox 781 3176 939 3247; x_wconf 73' lang='lat'><strong>132</strong></span> <span class='ocrx_word' id='word_1_268' title='bbox 987 3174 1069 3229; x_wconf 76' lang='lat' dir='ltr'><strong>Ex</strong></span> <span class='ocrx_word' id='word_1_269' title='bbox 1118 3173 1409 3247; x_wconf 69' lang='lat' dir='ltr'><strong>Canonein</strong></span> <span class='ocrx_word' id='word_1_270' title='bbox 1458 3174 1592 3247; x_wconf 78' lang='lat' dir='ltr'><strong>[esto</strong></span> <span class='ocrx_word' id='word_1_271' title='bbox 1632 3174 1957 3247; x_wconf 74' lang='lat' dir='ltr'><strong>_receptionis</strong></span> <span class='ocrx_word' id='word_1_272' title='bbox 2009 3175 2352 3247; x_wconf 74' lang='lat' dir='ltr'><strong>reliquiarum</strong></span> 
     </span>
    </p>
   </div>
   <div class='ocr_carea' id='block_1_47' title="bbox 1002 3242 2120 3313">
    <p class='ocr_par' dir='ltr' id='par_1_47' title="bbox 1002 3242 2120 3313">
     <span class='ocr_line' id='line_1_47' title="bbox 1002 3242 2120 3313; baseline 0.001 -15"><span class='ocrx_word' id='word_1_273' title='bbox 1002 3257 1306 3299; x_wconf 76' lang='lat' dir='ltr'><strong>sanctorum</strong></span> <span class='ocrx_word' id='word_1_274' title='bbox 1342 3245 1497 3313; x_wconf 81' lang='lat' dir='ltr'><strong>Cyri,</strong></span> <span class='ocrx_word' id='word_1_275' title='bbox 1531 3253 1579 3297; x_wconf 80' lang='lat' dir='ltr'><strong>et</strong></span> <span class='ocrx_word' id='word_1_276' title='bbox 1616 3242 1843 3298; x_wconf 77' lang='lat' dir='ltr'><strong>Joannis</strong></span> <span class='ocrx_word' id='word_1_277' title='bbox 1865 3284 1878 3309; x_wconf 93' lang='lat'><strong>,</strong></span> <span class='ocrx_word' id='word_1_278' title='bbox 1914 3246 1999 3299; x_wconf 80' lang='lat' dir='ltr'><strong>die</strong></span> <span class='ocrx_word' id='word_1_279' title='bbox 2033 3242 2120 3299; x_wconf 75' lang='lat'><strong>28.</strong></span> 
     </span>
    </p>
   </div>
   <div class='ocr_carea' id='block_1_48' title="bbox 851 3476 2353 3565">
    <p class='ocr_par' dir='ltr' id='par_1_48' title="bbox 851 3476 2353 3565">
     <span class='ocr_line' id='line_1_48' title="bbox 851 3476 2353 3565; baseline -0.002 -16"><span class='ocrx_word' id='word_1_280' title='bbox 851 3476 1131 3565; x_wconf 82' lang='lat' dir='ltr'><strong>Tanquam</strong></span> <span class='ocrx_word' id='word_1_281' title='bbox 1164 3508 1248 3559; x_wconf 91' lang='lat' dir='ltr'><strong>ca,</strong></span> <span class='ocrx_word' id='word_1_282' title='bbox 1280 3508 1401 3563; x_wconf 76' lang='lat' dir='ltr'><strong>qua:</strong></span> <span class='ocrx_word' id='word_1_283' title='bbox 1426 3491 1495 3546; x_wconf 93' lang='lat' dir='ltr'><strong>ob</strong></span> <span class='ocrx_word' id='word_1_284' title='bbox 1529 3490 1788 3546; x_wconf 90' lang='lat' dir='ltr'><strong>bonitatis</strong></span> <span class='ocrx_word' id='word_1_285' title='bbox 1811 3506 2098 3548; x_wconf 84' lang='lat' dir='ltr'><strong>excessum</strong></span> <span class='ocrx_word' id='word_1_286' title='bbox 2130 3492 2224 3546; x_wconf 87' lang='lat' dir='ltr'><strong>tibi</strong></span> <span class='ocrx_word' id='word_1_287' title='bbox 2253 3508 2353 3547; x_wconf 89' lang='lat' dir='ltr'><strong>nos</strong></span> 
     </span>
    </p>
   </div>
   <div class='ocr_carea' id='block_1_49' title="bbox 779 3583 2347 3654">
    <p class='ocr_par' dir='ltr' id='par_1_49' title="bbox 779 3583 2347 3654">
     <span class='ocr_line' id='line_1_49' title="bbox 779 3583 2347 3654; baseline -0.004 -11"><span class='ocrx_word' id='word_1_288' title='bbox 779 3587 1077 3643; x_wconf 82' lang='lat' dir='ltr'><strong>familiares</strong></span> <span class='ocrx_word' id='word_1_289' title='bbox 1108 3584 1264 3649; x_wconf 82' lang='lat' dir='ltr'><strong>facis,</strong></span> <span class='ocrx_word' id='word_1_290' title='bbox 1297 3600 1330 3639; x_wconf 92' lang='grc' dir='ltr'><strong>ο</strong></span> <span class='ocrx_word' id='word_1_291' title='bbox 1368 3584 1704 3649; x_wconf 86' lang='lat' dir='ltr'><strong>castissima,</strong></span> <span class='ocrx_word' id='word_1_292' title='bbox 1754 3583 1973 3654; x_wconf 88' lang='lat' dir='ltr'><strong>Deoque</strong></span> <span class='ocrx_word' id='word_1_293' title='bbox 2012 3583 2347 3654; x_wconf 77' lang='lat' dir='ltr'><strong>gratissima,</strong></span> 
     </span>
    </p>
   </div>
   <div class='ocr_carea' id='block_1_50' title="bbox 778 3674 2350 3745">
    <p class='ocr_par' dir='ltr' id='par_1_50' title="bbox 778 3674 2350 3745">
     <span class='ocr_line' id='line_1_50' title="bbox 778 3674 2350 3745; baseline -0.004 -12"><span class='ocrx_word' id='word_1_294' title='bbox 778 3680 846 3733; x_wconf 93' lang='lat' dir='ltr'><strong>ab</strong></span> <span class='ocrx_word' id='word_1_295' title='bbox 871 3677 1018 3731; x_wconf 89' lang='lat' dir='ltr'><strong>omni</strong></span> <span class='ocrx_word' id='word_1_296' title='bbox 1051 3676 1408 3741; x_wconf 87' lang='lat' dir='ltr'><strong>obscuritate,</strong></span> <span class='ocrx_word' id='word_1_297' title='bbox 1441 3682 1761 3744; x_wconf 83' lang='lat' dir='ltr'><strong>tempestate</strong></span> <span class='ocrx_word' id='word_1_298' title='bbox 1787 3690 1853 3729; x_wconf 86' lang='lat' dir='ltr'><strong>ac</strong></span> <span class='ocrx_word' id='word_1_299' title='bbox 1888 3675 2133 3745; x_wconf 92' lang='lat' dir='ltr'><strong>periculo</strong></span> <span class='ocrx_word' id='word_1_300' title='bbox 2180 3674 2350 3729; x_wconf 88' lang='lat' dir='ltr'><strong>libera</strong></span> 
     </span>
    </p>
   </div>
   <div class='ocr_carea' id='block_1_51' title="bbox 780 3772 1088 3827">
    <p class='ocr_par' dir='ltr' id='par_1_51' title="bbox 780 3772 1088 3827">
     <span class='ocr_line' id='line_1_51' title="bbox 780 3772 1088 3827; baseline -0.006 -1"><span class='ocrx_word' id='word_1_301' title='bbox 780 3772 1088 3827; x_wconf 87' lang='lat' dir='ltr'><strong>universos.</strong></span> 
     </span>
    </p>
   </div>
   <div class='ocr_carea' id='block_1_52' title="bbox 848 3877 2347 3950">
    <p class='ocr_par' dir='ltr' id='par_1_52' title="bbox 848 3877 2347 3950">
     <span class='ocr_line' id='line_1_52' title="bbox 848 3877 2347 3950; baseline 0.001 -19"><span class='ocrx_word' id='word_1_302' title='bbox 848 3879 1014 3950; x_wconf 75' lang='lat' dir='ltr'><strong>Virgo</strong></span> <span class='ocrx_word' id='word_1_303' title='bbox 1070 3877 1473 3941; x_wconf 87' lang='lat' dir='ltr'><strong>illibatissima,</strong></span> <span class='ocrx_word' id='word_1_304' title='bbox 1541 3893 1663 3949; x_wconf 66' lang='lat' dir='ltr'><strong>qua:</strong></span> <span class='ocrx_word' id='word_1_305' title='bbox 1715 3880 1974 3950; x_wconf 88' lang='lat' dir='ltr'><strong>peperisti</strong></span> <span class='ocrx_word' id='word_1_306' title='bbox 2054 3880 2205 3934; x_wconf 91' lang='lat' dir='ltr'><strong>illum</strong></span> <span class='ocrx_word' id='word_1_307' title='bbox 2258 3886 2347 3950; x_wconf 87' lang='lat' dir='ltr'><strong>qui</strong></span> 
     </span>
    </p>
   </div>
   <div class='ocr_carea' id='block_1_53' title="bbox 778 3969 2348 4036">
    <p class='ocr_par' dir='ltr' id='par_1_53' title="bbox 778 3969 2348 4036">
     <span class='ocr_line' id='line_1_53' title="bbox 778 3969 2348 4036; baseline 0.001 -13"><span class='ocrx_word' id='word_1_308' title='bbox 778 3971 918 4024; x_wconf 87' lang='lat' dir='ltr'><strong>tollit</strong></span> <span class='ocrx_word' id='word_1_309' title='bbox 964 3970 1188 4024; x_wconf 90' lang='lat' dir='ltr'><strong>morbos</strong></span> <span class='ocrx_word' id='word_1_310' title='bbox 1231 3969 1552 4036; x_wconf 83' lang='lat' dir='ltr'><strong>hominum,</strong></span> <span class='ocrx_word' id='word_1_311' title='bbox 1588 3971 1853 4025; x_wconf 88' lang='lat' dir='ltr'><strong>medicam</strong></span> <span class='ocrx_word' id='word_1_312' title='bbox 1892 3972 2091 4027; x_wconf 86' lang='lat' dir='ltr'><strong>adhibe</strong></span> <span class='ocrx_word' id='word_1_313' title='bbox 2127 3988 2348 4026; x_wconf 90' lang='lat' dir='ltr'><strong>manum</strong></span> 
     </span>
    </p>
   </div>
   <div class='ocr_carea' id='block_1_54' title="bbox 776 4060 2349 4133">
    <p class='ocr_par' dir='ltr' id='par_1_54' title="bbox 776 4060 2349 4133">
     <span class='ocr_line' id='line_1_54' title="bbox 776 4060 2349 4133; baseline 0 -16"><span class='ocrx_word' id='word_1_314' title='bbox 776 4061 1199 4117; x_wconf 86' lang='lat' dir='ltr'><strong>contritionibus</strong></span> <span class='ocrx_word' id='word_1_315' title='bbox 1252 4060 1448 4115; x_wconf 78' lang='lat' dir='ltr'><strong>anima:</strong></span> <span class='ocrx_word' id='word_1_316' title='bbox 1481 4077 1652 4127; x_wconf 67' lang='lat' dir='ltr'><strong>mete,</strong></span> <span class='ocrx_word' id='word_1_317' title='bbox 1697 4062 1990 4133; x_wconf 83' lang='lat' dir='ltr'><strong>carnisque</strong></span> <span class='ocrx_word' id='word_1_318' title='bbox 2024 4078 2157 4118; x_wconf 70' lang='lat' dir='ltr'><strong>meae</strong></span> <span class='ocrx_word' id='word_1_319' title='bbox 2193 4063 2349 4117; x_wconf 89' lang='lat' dir='ltr'><strong>inlir-</strong></span> 
     </span>
    </p>
   </div>
   <div class='ocr_carea' id='block_1_55' title="bbox 777 4153 1077 4208">
    <p class='ocr_par' dir='ltr' id='par_1_55' title="bbox 777 4153 1077 4208">
     <span class='ocr_line' id='line_1_55' title="bbox 777 4153 1077 4208; baseline 0.003 -2"><span class='ocrx_word' id='word_1_320' title='bbox 777 4153 1077 4208; x_wconf 60' lang='lat' dir='ltr'><strong>uitalibus.</strong></span> 
     </span>
    </p>
   </div>
   <div class='ocr_carea' id='block_1_56' title="bbox 846 4242 2345 4317">
    <p class='ocr_par' dir='ltr' id='par_1_56' title="bbox 846 4242 2345 4317">
     <span class='ocr_line' id='line_1_56' title="bbox 846 4242 2345 4317; baseline 0.002 -19"><span class='ocrx_word' id='word_1_321' title='bbox 846 4242 1147 4313; x_wconf 80' lang='lat' dir='ltr'><strong>Opttlentas</strong></span> <span class='ocrx_word' id='word_1_322' title='bbox 1187 4244 1597 4299; x_wconf 86' lang='lat' dir='ltr'><strong>misericordias</strong></span> <span class='ocrx_word' id='word_1_323' title='bbox 1634 4254 1754 4300; x_wconf 87' lang='lat' dir='ltr'><strong>tuas</strong></span> <span class='ocrx_word' id='word_1_324' title='bbox 1779 4261 2006 4317; x_wconf 76' lang='lat' dir='ltr'><strong>asperge</strong></span> <span class='ocrx_word' id='word_1_325' title='bbox 2035 4262 2199 4317; x_wconf 88' lang='lat' dir='ltr'><strong>super</strong></span> <span class='ocrx_word' id='word_1_326' title='bbox 2226 4262 2345 4311; x_wconf 89' lang='lat' dir='ltr'><strong>nos,</strong></span> 
     </span>
    </p>
   </div>
   <div class='ocr_carea' id='block_1_57' title="bbox 776 4332 2348 4406">
    <p class='ocr_par' dir='ltr' id='par_1_57' title="bbox 776 4332 2348 4406">
     <span class='ocr_line' id='line_1_57' title="bbox 776 4332 2348 4406; baseline 0.005 -20"><span class='ocrx_word' id='word_1_327' title='bbox 776 4354 810 4387; x_wconf 80' lang='grc' dir='ltr'><strong>υ</strong></span> <span class='ocrx_word' id='word_1_328' title='bbox 852 4335 1038 4406; x_wconf 78' lang='lat' dir='ltr'><strong>Virgo,</strong></span> <span class='ocrx_word' id='word_1_329' title='bbox 1076 4336 1233 4406; x_wconf 84' lang='lat' dir='ltr'><strong>juxta</strong></span> <span class='ocrx_word' id='word_1_330' title='bbox 1265 4338 1720 4392; x_wconf 87' lang='lat' dir='ltr'><strong>consuetudinem</strong></span> <span class='ocrx_word' id='word_1_331' title='bbox 1759 4347 1933 4402; x_wconf 88' lang='lat' dir='ltr'><strong>tuam,</strong></span> <span class='ocrx_word' id='word_1_332' title='bbox 1986 4343 2168 4395; x_wconf 73' lang='lat' dir='ltr'><strong>varios</strong></span> <span class='ocrx_word' id='word_1_333' title='bbox 2202 4332 2348 4394; x_wconf 77' lang='lat' dir='ltr'><strong>mor-</strong></span> 
     </span>
    </p>
   </div>
   <div class='ocr_carea' id='block_1_58' title="bbox 779 4428 2348 4498">
    <p class='ocr_par' dir='ltr' id='par_1_58' title="bbox 779 4428 2348 4498">
     <span class='ocr_line' id='line_1_58' title="bbox 779 4428 2348 4498; baseline 0.003 -17"><span class='ocrx_word' id='word_1_334' title='bbox 779 4430 877 4481; x_wconf 89' lang='lat' dir='ltr'><strong>bos</strong></span> <span class='ocrx_word' id='word_1_335' title='bbox 909 4441 1109 4481; x_wconf 89' lang='lat' dir='ltr'><strong>curans</strong></span> <span class='ocrx_word' id='word_1_336' title='bbox 1146 4428 1453 4482; x_wconf 89' lang='lat' dir='ltr'><strong>animarum</strong></span> <span class='ocrx_word' id='word_1_337' title='bbox 1506 4428 1723 4482; x_wconf 87' lang='lat' dir='ltr'><strong>illorum</strong></span> <span class='ocrx_word' id='word_1_338' title='bbox 1756 4430 1849 4498; x_wconf 89' lang='lat' dir='ltr'><strong>qui</strong></span> <span class='ocrx_word' id='word_1_339' title='bbox 1897 4444 2021 4484; x_wconf 89' lang='lat' dir='ltr'><strong>cum</strong></span> <span class='ocrx_word' id='word_1_340' title='bbox 2065 4430 2167 4485; x_wconf 84' lang='lat' dir='ltr'><strong>ﬁde</strong></span> <span class='ocrx_word' id='word_1_341' title='bbox 2196 4432 2263 4485; x_wconf 90' lang='lat' dir='ltr'><strong>ad</strong></span> <span class='ocrx_word' id='word_1_342' title='bbox 2298 4441 2348 4484; x_wconf 89' lang='lat' dir='ltr'><strong>te</strong></span> 
     </span>
    </p>
   </div>
   <div class='ocr_carea' id='block_1_59' title="bbox 778 4521 2343 4592">
    <p class='ocr_par' dir='ltr' id='par_1_59' title="bbox 778 4521 2343 4592">
     <span class='ocr_line' id='line_1_59' title="bbox 778 4521 2343 4592; baseline 0.002 -19"><span class='ocrx_word' id='word_1_343' title='bbox 778 4521 1079 4583; x_wconf 84' lang='lat' dir='ltr'><strong>accedunt,</strong></span> <span class='ocrx_word' id='word_1_344' title='bbox 1130 4536 1252 4588; x_wconf 68' lang='lat' dir='ltr'><strong>quae</strong></span> <span class='ocrx_word' id='word_1_345' title='bbox 1299 4536 1358 4573; x_wconf 88' lang='lat' dir='ltr'><strong>es</strong></span> <span class='ocrx_word' id='word_1_346' title='bbox 1406 4535 1573 4573; x_wconf 84' lang='lat' dir='ltr'><strong>causa</strong></span> <span class='ocrx_word' id='word_1_347' title='bbox 1621 4521 1922 4585; x_wconf 88' lang='lat' dir='ltr'><strong>bonorum,</strong></span> <span class='ocrx_word' id='word_1_348' title='bbox 1965 4536 1999 4574; x_wconf 91' lang='grc' dir='ltr'><strong>ο</strong></span> <span class='ocrx_word' id='word_1_349' title='bbox 2051 4522 2343 4592; x_wconf 85' lang='lat' dir='ltr'><strong>plurimum</strong></span> 
     </span>
    </p>
   </div>
   <div class='ocr_carea' id='block_1_60' title="bbox 777 4612 1069 4667">
    <p class='ocr_par' dir='ltr' id='par_1_60' title="bbox 777 4612 1069 4667">
     <span class='ocr_line' id='line_1_60' title="bbox 777 4612 1069 4667; baseline 0.003 -2"><span class='ocrx_word' id='word_1_350' title='bbox 777 4612 1069 4667; x_wconf 85' lang='lat' dir='ltr'><strong>laudanda.</strong></span> 
     </span>
    </p>
   </div>
   <div class='ocr_carea' id='block_1_61' title="bbox 857 4724 2346 4797">
    <p class='ocr_par' dir='ltr' id='par_1_61' title="bbox 857 4724 2346 4797">
     <span class='ocr_line' id='line_1_61' title="bbox 857 4724 2346 4797; baseline 0.002 -19"><span class='ocrx_word' id='word_1_351' title='bbox 857 4724 1364 4780; x_wconf 60' lang='lat' dir='ltr'><strong>{Erumnosissirnat</strong></span> <span class='ocrx_word' id='word_1_352' title='bbox 1394 4726 1591 4780; x_wconf 72' lang='lat' dir='ltr'><strong>anima:</strong></span> <span class='ocrx_word' id='word_1_353' title='bbox 1620 4742 1753 4781; x_wconf 75' lang='lat' dir='ltr'><strong>mem</strong></span> <span class='ocrx_word' id='word_1_354' title='bbox 1798 4726 1998 4781; x_wconf 83' lang='lat' dir='ltr'><strong>ﬂuctus</strong></span> <span class='ocrx_word' id='word_1_355' title='bbox 2035 4728 2346 4797; x_wconf 87' lang='lat' dir='ltr'><strong>tranquilla,</strong></span> 
     </span>
    </p>
   </div>
   <div class='ocr_carea' id='block_1_62' title="bbox 775 4817 2349 4888">
    <p class='ocr_par' dir='ltr' id='par_1_62' title="bbox 775 4817 2349 4888">
     <span class='ocr_line' id='line_1_62' title="bbox 775 4817 2349 4888; baseline 0.003 -19"><span class='ocrx_word' id='word_1_356' title='bbox 775 4817 1041 4881; x_wconf 87' lang='lat' dir='ltr'><strong>obsecro;</strong></span> <span class='ocrx_word' id='word_1_357' title='bbox 1088 4826 1142 4870; x_wconf 90' lang='lat' dir='ltr'><strong>ct</strong></span> <span class='ocrx_word' id='word_1_358' title='bbox 1187 4817 1403 4871; x_wconf 84' lang='lat' dir='ltr'><strong>dolores</strong></span> <span class='ocrx_word' id='word_1_359' title='bbox 1469 4819 1654 4873; x_wconf 88' lang='lat' dir='ltr'><strong>carnis</strong></span> <span class='ocrx_word' id='word_1_360' title='bbox 1707 4834 1841 4873; x_wconf 76' lang='lat' dir='ltr'><strong>mea:</strong></span> <span class='ocrx_word' id='word_1_361' title='bbox 1880 4821 2031 4883; x_wconf 86' lang='lat' dir='ltr'><strong>seda,</strong></span> <span class='ocrx_word' id='word_1_362' title='bbox 2063 4834 2185 4888; x_wconf 66' lang='lat' dir='ltr'><strong>quae</strong></span> <span class='ocrx_word' id='word_1_363' title='bbox 2233 4823 2349 4874; x_wconf 87' lang='lat' dir='ltr'><strong>sola</strong></span> 
     </span>
    </p>
   </div>
   <div class='ocr_carea' id='block_1_63' title="bbox 777 4906 2190 4979">
    <p class='ocr_par' dir='ltr' id='par_1_63' title="bbox 777 4906 2190 4979">
     <span class='ocr_line' id='line_1_63' title="bbox 777 4906 2190 4979; baseline 0.004 -22"><span class='ocrx_word' id='word_1_364' title='bbox 777 4908 983 4977; x_wconf 86' lang='lat' dir='ltr'><strong>absque</strong></span> <span class='ocrx_word' id='word_1_365' title='bbox 1012 4907 1295 4963; x_wconf 86' lang='lat' dir='ltr'><strong>doloribus</strong></span> <span class='ocrx_word' id='word_1_366' title='bbox 1328 4906 1495 4960; x_wconf 86' lang='lat' dir='ltr'><strong>Deum</strong></span> <span class='ocrx_word' id='word_1_367' title='bbox 1529 4918 1878 4977; x_wconf 84' lang='lat' dir='ltr'><strong>corporattun</strong></span> <span class='ocrx_word' id='word_1_368' title='bbox 1912 4910 2190 4979; x_wconf 79' lang='lat' dir='ltr'><strong>peperisti.</strong></span> 
     </span>
    </p>
   </div>
   <div class='ocr_carea' id='block_1_64' title="bbox 2461 1969 4036 2044">
    <p class='ocr_par' dir='ltr' id='par_1_64' title="bbox 2461 1969 4036 2044">
     <span class='ocr_line' id='line_1_64' title="bbox 2461 1969 4036 2044; baseline -0.004 -19"><span class='ocrx_word' id='word_1_369' title='bbox 2461 1975 2669 2037; x_wconf 87' lang='grc' dir='ltr'>πάντας</span> <span class='ocrx_word' id='word_1_370' title='bbox 2727 1971 3081 2044; x_wconf 73' lang='grc' dir='ltr'>δροσίζουσσν</span> <span class='ocrx_word' id='word_1_371' title='bbox 3125 1973 3251 2034; x_wconf 80' lang='grc' dir='ltr'>τούς</span> <span class='ocrx_word' id='word_1_372' title='bbox 3306 1971 3749 2042; x_wconf 77' lang='grc' dir='ltr'><strong>κεκρατημένους</strong></span> <span class='ocrx_word' id='word_1_373' title='bbox 3787 1972 3855 2039; x_wconf 84' lang='grc' dir='ltr'><strong>τῇ</strong></span> <span class='ocrx_word' id='word_1_374' title='bbox 3896 1969 4036 2037; x_wconf 49' lang='grc' dir='ltr'><strong>δέξῃ</strong></span> 
     </span>
    </p>
   </div>
   <div class='ocr_carea' id='block_1_65' title="bbox 2458 2061 4035 2137">
    <p class='ocr_par' dir='ltr' id='par_1_65' title="bbox 2458 2061 4035 2137">
     <span class='ocr_line' id='line_1_65' title="bbox 2458 2061 4035 2137; baseline -0.006 -18"><span class='ocrx_word' id='word_1_375' title='bbox 2458 2068 2555 2136; x_wconf 74' lang='grc' dir='ltr'><strong>τῆς</strong></span> <span class='ocrx_word' id='word_1_376' title='bbox 2579 2066 2875 2137; x_wconf 83' lang='grc' dir='ltr'>ἁμαρτίας,</span> <span class='ocrx_word' id='word_1_377' title='bbox 2904 2066 3223 2134; x_wconf 85' lang='grc' dir='ltr'>πανύμνητε</span> <span class='ocrx_word' id='word_1_378' title='bbox 3253 2063 3615 2133; x_wconf 77' lang='grc' dir='ltr'><strong>εὐλογημένη,</strong></span> <span class='ocrx_word' id='word_1_379' title='bbox 3644 2063 3677 2132; x_wconf 80' lang='grc' dir='ltr'>ἡ</span> <span class='ocrx_word' id='word_1_380' title='bbox 3705 2061 3838 2114; x_wconf 81' lang='grc' dir='ltr'>Θεὸν</span> <span class='ocrx_word' id='word_1_381' title='bbox 3867 2066 4035 2129; x_wconf 77' lang='grc' dir='ltr'>σαρκὶ</span> 
     </span>
    </p>
   </div>
   <div class='ocr_carea' id='block_1_66' title="bbox 2442 2162 2730 2230">
    <p class='ocr_par' dir='ltr' id='par_1_66' title="bbox 2442 2162 2730 2230">
     <span class='ocr_line' id='line_1_66' title="bbox 2442 2162 2730 2230; baseline 0 -16"><span class='ocrx_word' id='word_1_382' title='bbox 2442 2162 2730 2230; x_wconf 59' lang='grc' dir='ltr'>⁷κυήσασα.</span> 
     </span>
    </p>
   </div>
   <div class='ocr_carea' id='block_1_67' title="bbox 2530 2246 4033 2323">
    <p class='ocr_par' dir='ltr' id='par_1_67' title="bbox 2530 2246 4033 2323">
     <span class='ocr_line' id='line_1_67' title="bbox 2530 2246 4033 2323; baseline -0.004 -18"><span class='ocrx_word' id='word_1_383' title='bbox 2530 2253 2735 2323; x_wconf 85' lang='grc' dir='ltr'>Στῆσον</span> <span class='ocrx_word' id='word_1_384' title='bbox 2762 2251 2950 2305; x_wconf 84' lang='grc' dir='ltr'>παοῶν</span> <span class='ocrx_word' id='word_1_385' title='bbox 2982 2268 3081 2321; x_wconf 88' lang='grc' dir='ltr'><strong>μου</strong></span> <span class='ocrx_word' id='word_1_386' title='bbox 3115 2249 3174 2302; x_wconf 78' lang='grc' dir='ltr'><strong>τὸ</strong></span> <span class='ocrx_word' id='word_1_387' title='bbox 3213 2249 3387 2303; x_wconf 84' lang='grc' dir='ltr'>δεινὸν</span> <span class='ocrx_word' id='word_1_388' title='bbox 3415 2247 3510 2302; x_wconf 81' lang='grc' dir='ltr'><strong>νῦν</strong></span> <span class='ocrx_word' id='word_1_389' title='bbox 3537 2246 3827 2302; x_wconf 80' lang='grc' dir='ltr'>κλυδώνιον</span> <span class='ocrx_word' id='word_1_390' title='bbox 3846 2285 3860 2309; x_wconf 91' lang='grc'><strong>,</strong></span> <span class='ocrx_word' id='word_1_391' title='bbox 3888 2246 4033 2313; x_wconf 78' lang='grc' dir='ltr'>ἁγνὴ</span> 
     </span>
    </p>
   </div>
   <div class='ocr_carea' id='block_1_68' title="bbox 2459 2339 4033 2416">
    <p class='ocr_par' dir='ltr' id='par_1_68' title="bbox 2459 2339 4033 2416">
     <span class='ocr_line' id='line_1_68' title="bbox 2459 2339 4033 2416; baseline -0.006 -17"><span class='ocrx_word' id='word_1_392' title='bbox 2459 2347 2831 2416; x_wconf 77' lang='grc' dir='ltr'>εὐλογημένη,</span> <span class='ocrx_word' id='word_1_393' title='bbox 2886 2346 2979 2397; x_wconf 69' lang='grc' dir='ltr'><strong>καὶ</strong></span> <span class='ocrx_word' id='word_1_394' title='bbox 3029 2344 3337 2413; x_wconf 85' lang='grc' dir='ltr'>πολέμησον</span> <span class='ocrx_word' id='word_1_395' title='bbox 3376 2342 3584 2405; x_wconf 84' lang='grc' dir='ltr'><strong>πάντας</strong></span> <span class='ocrx_word' id='word_1_396' title='bbox 3622 2342 3749 2402; x_wconf 80' lang='grc' dir='ltr'><strong>τούς</strong></span> <span class='ocrx_word' id='word_1_397' title='bbox 3796 2339 4033 2409; x_wconf 72' lang='grc' dir='ltr'>ἀφειδῶς</span> 
     </span>
    </p>
   </div>
   <div class='ocr_carea' id='block_1_69' title="bbox 2458 2431 4033 2509">
    <p class='ocr_par' dir='ltr' id='par_1_69' title="bbox 2458 2431 4033 2509">
     <span class='ocr_line' id='line_1_69' title="bbox 2458 2431 4033 2509; baseline -0.006 -19"><span class='ocrx_word' id='word_1_398' title='bbox 2458 2442 2522 2509; x_wconf 80' lang='grc' dir='ltr'>τῇ</span> <span class='ocrx_word' id='word_1_399' title='bbox 2576 2439 2683 2508; x_wconf 81' lang='grc' dir='ltr'><strong>ἐμῇ</strong></span> <span class='ocrx_word' id='word_1_400' title='bbox 2732 2437 3006 2507; x_wconf 81' lang='grc' dir='ltr'><strong>πτωχείᾳ,</strong></span> <span class='ocrx_word' id='word_1_401' title='bbox 3046 2437 3221 2506; x_wconf 84' lang='grc' dir='ltr'>κόρη,</span> <span class='ocrx_word' id='word_1_402' title='bbox 3253 2434 3690 2504; x_wconf 79' lang='grc' dir='ltr'>ἐπεμΰαίνοντας</span> <span class='ocrx_word' id='word_1_403' title='bbox 3739 2431 4033 2501; x_wconf 76' lang='grc' dir='ltr'>δυσμενεῖς</span> 
     </span>
    </p>
   </div>
   <div class='ocr_carea' id='block_1_70' title="bbox 2459 2527 3467 2599">
    <p class='ocr_par' dir='ltr' id='par_1_70' title="bbox 2459 2527 3467 2599">
     <span class='ocr_line' id='line_1_70' title="bbox 2459 2527 3467 2599; baseline -0.008 -14"><span class='ocrx_word' id='word_1_404' title='bbox 2459 2532 2751 2599; x_wconf 86' lang='grc' dir='ltr'>άσάρκους,</span> <span class='ocrx_word' id='word_1_405' title='bbox 2788 2531 2934 2591; x_wconf 77' lang='grc' dir='ltr'>ὅπως</span> <span class='ocrx_word' id='word_1_406' title='bbox 2968 2527 3172 2589; x_wconf 78' lang='grc' dir='ltr'><strong>πιστῶς</strong></span> <span class='ocrx_word' id='word_1_407' title='bbox 3202 2527 3355 2595; x_wconf 85' lang='grc' dir='ltr'>ὐμνῶ</span> <span class='ocrx_word' id='word_1_408' title='bbox 3386 2543 3467 2579; x_wconf 91' lang='grc' dir='ltr'>σε.</span> 
     </span>
    </p>
   </div>
   <div class='ocr_carea' id='block_1_71' title="bbox 2526 2617 4030 2690">
    <p class='ocr_par' dir='ltr' id='par_1_71' title="bbox 2526 2617 4030 2690">
     <span class='ocr_line' id='line_1_71' title="bbox 2526 2617 4030 2690; baseline -0.005 -14"><span class='ocrx_word' id='word_1_409' title='bbox 2526 2622 2908 2684; x_wconf 81' lang='grc' dir='ltr'>Φαεινοτάταις</span> <span class='ocrx_word' id='word_1_410' title='bbox 2950 2620 3203 2690; x_wconf 82' lang='grc' dir='ltr'><strong>λαμπάσι</strong></span> <span class='ocrx_word' id='word_1_411' title='bbox 3233 2618 3327 2672; x_wconf 78' lang='grc' dir='ltr'><strong>τοῦ</strong></span> <span class='ocrx_word' id='word_1_412' title='bbox 3371 2621 3435 2671; x_wconf 83' lang='grc' dir='ltr'>ὲκ</span> <span class='ocrx_word' id='word_1_413' title='bbox 3481 2617 3574 2670; x_wconf 83' lang='grc' dir='ltr'><strong>σοῦ</strong></span> <span class='ocrx_word' id='word_1_414' title='bbox 3616 2617 4030 2689; x_wconf 78' lang='grc' dir='ltr'>σαρκωθέντος,</span> 
     </span>
    </p>
   </div>
   <div class='ocr_carea' id='block_1_72' title="bbox 2460 2710 4031 2787">
    <p class='ocr_par' dir='ltr' id='par_1_72' title="bbox 2460 2710 4031 2787">
     <span class='ocr_line' id='line_1_72' title="bbox 2460 2710 4031 2787; baseline -0.005 -18"><span class='ocrx_word' id='word_1_415' title='bbox 2460 2716 2701 2787; x_wconf 70' lang='grc' dir='ltr'>Παρθένε</span> <span class='ocrx_word' id='word_1_416' title='bbox 2746 2713 3023 2781; x_wconf 79' lang='grc' dir='ltr'>παναγια,</span> <span class='ocrx_word' id='word_1_417' title='bbox 3065 2713 3206 2782; x_wconf 79' lang='grc' dir='ltr'>ὑπὲρ</span> <span class='ocrx_word' id='word_1_418' title='bbox 3248 2710 3392 2776; x_wconf 82' lang='grc' dir='ltr'>νοῦν,</span> <span class='ocrx_word' id='word_1_419' title='bbox 3434 2714 3483 2765; x_wconf 80' lang='grc' dir='ltr'>οἱ</span> <span class='ocrx_word' id='word_1_420' title='bbox 3522 2711 3785 2763; x_wconf 80' lang='grc' dir='ltr'>Θεοτόκον</span> <span class='ocrx_word' id='word_1_421' title='bbox 3825 2711 4031 2772; x_wconf 74' lang='grc' dir='ltr'>ειδότες</span> 
     </span>
    </p>
   </div>
   <div class='ocr_carea' id='block_1_73' title="bbox 2459 2803 4032 2879">
    <p class='ocr_par' dir='ltr' id='par_1_73' title="bbox 2459 2803 4032 2879">
     <span class='ocr_line' id='line_1_73' title="bbox 2459 2803 4032 2879; baseline -0.006 -14"><span class='ocrx_word' id='word_1_422' title='bbox 2459 2829 2519 2864; x_wconf 89' lang='grc' dir='ltr'>σε</span> <span class='ocrx_word' id='word_1_423' title='bbox 2548 2808 2896 2879; x_wconf 74' lang='grc' dir='ltr'>φωτιζόμεθα</span> <span class='ocrx_word' id='word_1_424' title='bbox 2946 2807 3163 2873; x_wconf 82' lang='grc' dir='ltr'>πίστει,</span> <span class='ocrx_word' id='word_1_425' title='bbox 3208 2809 3298 2859; x_wconf 76' lang='grc' dir='ltr'>καὶ</span> <span class='ocrx_word' id='word_1_426' title='bbox 3348 2806 3572 2869; x_wconf 86' lang='grc' dir='ltr'>σκότους</span> <span class='ocrx_word' id='word_1_427' title='bbox 3615 2803 4032 2875; x_wconf 66' lang='grc' dir='ltr'>ἑκλυτρούμεθα</span> 
     </span>
    </p>
   </div>
   <div class='ocr_carea' id='block_1_74' title="bbox 2457 2897 4031 2967">
    <p class='ocr_par' dir='ltr' id='par_1_74' title="bbox 2457 2897 4031 2967">
     <span class='ocr_line' id='line_1_74' title="bbox 2457 2897 4031 2967; baseline -0.001 -14"><span class='ocrx_word' id='word_1_428' title='bbox 2457 2901 2647 2953; x_wconf 76' lang='grc' dir='ltr'>παθῶν</span> <span class='ocrx_word' id='word_1_429' title='bbox 2668 2942 2682 2965; x_wconf 88' lang='grc'><strong>,</strong></span> <span class='ocrx_word' id='word_1_430' title='bbox 2716 2900 2811 2952; x_wconf 74' lang='grc' dir='ltr'><strong>καὶ</strong></span> <span class='ocrx_word' id='word_1_431' title='bbox 2840 2899 3102 2953; x_wconf 80' lang='grc' dir='ltr'>κινδύνων</span> <span class='ocrx_word' id='word_1_432' title='bbox 3128 2898 3222 2952; x_wconf 73' lang='grc' dir='ltr'><strong>καὶ</strong></span> <span class='ocrx_word' id='word_1_433' title='bbox 3250 2898 3468 2952; x_wconf 85' lang='grc' dir='ltr'>πάντων</span> <span class='ocrx_word' id='word_1_434' title='bbox 3498 2898 3592 2950; x_wconf 82' lang='grc' dir='ltr'>τοῦ</span> <span class='ocrx_word' id='word_1_435' title='bbox 3621 2897 3735 2967; x_wconf 84' lang='grc' dir='ltr'>βίου</span> <span class='ocrx_word' id='word_1_436' title='bbox 3763 2898 4031 2965; x_wconf 74' lang='grc' dir='ltr'>περιστά-</span> 
     </span>
    </p>
   </div>
   <div class='ocr_carea' id='block_1_75' title="bbox 2457 3012 2615 3050">
    <p class='ocr_par' dir='ltr' id='par_1_75' title="bbox 2457 3012 2615 3050">
     <span class='ocr_line' id='line_1_75' title="bbox 2457 3012 2615 3050; baseline 0.019 -3"><span class='ocrx_word' id='word_1_437' title='bbox 2457 3012 2615 3050; x_wconf 86' lang='grc' dir='ltr'>σεων.</span> 
     </span>
    </p>
   </div>
   <div class='ocr_carea' id='block_1_76' title="bbox 2473 3164 4029 3239">
    <p class='ocr_par' dir='ltr' id='par_1_76' title="bbox 2473 3164 4029 3239">
     <span class='ocr_line' id='line_1_76' title="bbox 2473 3164 4029 3239; baseline -0.011 -8"><span class='ocrx_word' id='word_1_438' title='bbox 2473 3179 2572 3231; x_wconf 83' lang='grc' dir='ltr'>Ἐκ</span> <span class='ocrx_word' id='word_1_439' title='bbox 2613 3175 2719 3229; x_wconf 77' lang='grc' dir='ltr'><strong>τοῦ</strong></span> <span class='ocrx_word' id='word_1_440' title='bbox 2762 3174 3033 3239; x_wconf 68' lang='grc' dir='ltr'>Κανόνος</span> <span class='ocrx_word' id='word_1_441' title='bbox 3065 3174 3152 3237; x_wconf 78' lang='grc' dir='ltr'><strong>εις</strong></span> <span class='ocrx_word' id='word_1_442' title='bbox 3189 3171 3303 3236; x_wconf 77' lang='grc' dir='ltr'><strong>τὴν</strong></span> <span class='ocrx_word' id='word_1_443' title='bbox 3341 3167 3718 3237; x_wconf 76' lang='grc' dir='ltr'>ἀνακομιδὴν</span> <span class='ocrx_word' id='word_1_444' title='bbox 3746 3164 3868 3239; x_wconf 77' lang='grc' dir='ltr'><strong>τῶν</strong></span> <span class='ocrx_word' id='word_1_445' title='bbox 3909 3168 4029 3239; x_wconf 62' lang='grc' dir='ltr'>,ἱει-</span> 
     </span>
    </p>
   </div>
   <div class='ocr_carea' id='block_1_77' title="bbox 2530 3237 4028 3314">
    <p class='ocr_par' dir='ltr' id='par_1_77' title="bbox 2530 3237 4028 3314">
     <span class='ocr_line' id='line_1_77' title="bbox 2530 3237 4028 3314; baseline -0.009 -15"><span class='ocrx_word' id='word_1_446' title='bbox 2530 3249 2743 3314; x_wconf 68' lang='grc' dir='ltr'>ψιὶνων</span> <span class='ocrx_word' id='word_1_447' title='bbox 2765 3244 2882 3297; x_wconf 83' lang='grc' dir='ltr'><strong>τῶν</strong></span> <span class='ocrx_word' id='word_1_448' title='bbox 2902 3237 3087 3314; x_wconf 59' lang='lat' dir='ltr'><strong>(tritor</strong></span> <span class='ocrx_word' id='word_1_449' title='bbox 3106 3243 3457 3310; x_wconf 76' lang='grc' dir='ltr'>ἀναργὺρων</span> <span class='ocrx_word' id='word_1_450' title='bbox 3478 3242 3673 3309; x_wconf 77' lang='grc' dir='ltr'>Κύρου</span> <span class='ocrx_word' id='word_1_451' title='bbox 3698 3238 3797 3291; x_wconf 75' lang='grc' dir='ltr'>καὶ</span> <span class='ocrx_word' id='word_1_452' title='bbox 3836 3237 4028 3292; x_wconf 72' lang='grc' dir='ltr'>Ἰωάν-</span> 
     </span>
    </p>
   </div>
   <div class='ocr_carea' id='block_1_78' title="bbox 2525 3312 3024 3384">
    <p class='ocr_par' dir='ltr' id='par_1_78' title="bbox 2525 3312 3024 3384">
     <span class='ocr_line' id='line_1_78' title="bbox 2525 3312 3024 3384; baseline -0.006 -14"><span class='ocrx_word' id='word_1_453' title='bbox 2525 3312 2656 3381; x_wconf 59' lang='grc' dir='ltr'>ἱὊυ,</span> <span class='ocrx_word' id='word_1_454' title='bbox 2693 3315 2880 3384; x_wconf 67' lang='grc' dir='ltr'>ἡμέρᾳ</span> <span class='ocrx_word' id='word_1_455' title='bbox 2918 3312 3024 3383; x_wconf 84' lang='grc' dir='ltr'>κη’.</span> 
     </span>
    </p>
   </div>
   <div class='ocr_carea' id='block_1_79' title="bbox 2537 3488 4028 3567">
    <p class='ocr_par' dir='ltr' id='par_1_79' title="bbox 2537 3488 4028 3567">
     <span class='ocr_line' id='line_1_79' title="bbox 2537 3488 4028 3567; baseline -0.003 -15"><span class='ocrx_word' id='word_1_456' title='bbox 2537 3499 2624 3563; x_wconf 82' lang='grc' dir='ltr'><strong>Ὠς</strong></span> <span class='ocrx_word' id='word_1_457' title='bbox 2656 3500 2726 3551; x_wconf 75' lang='grc' dir='ltr'><strong>τὰ</strong></span> <span class='ocrx_word' id='word_1_458' title='bbox 2763 3497 2919 3567; x_wconf 76' lang='grc' dir='ltr'>ἡμῶν</span> <span class='ocrx_word' id='word_1_459' title='bbox 2955 3494 3226 3566; x_wconf 81' lang='grc' dir='ltr'>ὐπεροολῇ</span> <span class='ocrx_word' id='word_1_460' title='bbox 3276 3492 3610 3562; x_wconf 79' lang='grc' dir='ltr'>ἁγαθότητος</span> <span class='ocrx_word' id='word_1_461' title='bbox 3647 3488 4028 3561; x_wconf 76' lang='grc' dir='ltr'>οἰκειουμένη.</span> 
     </span>
    </p>
   </div>
   <div class='ocr_carea' id='block_1_80' title="bbox 2455 3582 4028 3660">
    <p class='ocr_par' dir='ltr' id='par_1_80' title="bbox 2455 3582 4028 3660">
     <span class='ocr_line' id='line_1_80' title="bbox 2455 3582 4028 3660; baseline -0.006 -15"><span class='ocrx_word' id='word_1_462' title='bbox 2455 3593 2697 3659; x_wconf 82' lang='grc' dir='ltr'>πάναγνε</span> <span class='ocrx_word' id='word_1_463' title='bbox 2746 3589 3140 3660; x_wconf 79' lang='grc' dir='ltr'>Θεοχαρίτωτε,</span> <span class='ocrx_word' id='word_1_464' title='bbox 3204 3584 3580 3657; x_wconf 83' lang='grc' dir='ltr'>ἀμαυρώσεως</span> <span class='ocrx_word' id='word_1_465' title='bbox 3643 3583 3861 3651; x_wconf 81' lang='grc' dir='ltr'>πάσης,</span> <span class='ocrx_word' id='word_1_466' title='bbox 3933 3582 4028 3636; x_wconf 72' lang='grc' dir='ltr'>καὶ</span> 
     </span>
    </p>
   </div>
   <div class='ocr_carea' id='block_1_81' title="bbox 2454 3678 3617 3753">
    <p class='ocr_par' dir='ltr' id='par_1_81' title="bbox 2454 3678 3617 3753">
     <span class='ocr_line' id='line_1_81' title="bbox 2454 3678 3617 3753; baseline -0.01 -14"><span class='ocrx_word' id='word_1_467' title='bbox 2454 3684 2622 3753; x_wconf 73' lang='grc' dir='ltr'>ζάλης</span> <span class='ocrx_word' id='word_1_468' title='bbox 2640 3723 2653 3746; x_wconf 75' lang='grc' dir='ltr'><strong>ν</strong></span> <span class='ocrx_word' id='word_1_469' title='bbox 2684 3683 2779 3736; x_wconf 80' lang='grc' dir='ltr'>καὶ</span> <span class='ocrx_word' id='word_1_470' title='bbox 2810 3681 3067 3734; x_wconf 80' lang='grc' dir='ltr'>κινδύνων</span> <span class='ocrx_word' id='word_1_471' title='bbox 3093 3681 3301 3744; x_wconf 80' lang='grc' dir='ltr'>πάντας</span> <span class='ocrx_word' id='word_1_472' title='bbox 3329 3678 3617 3734; x_wconf 84' lang='grc' dir='ltr'>διάσωσον,</span> 
     </span>
    </p>
   </div>
   <div class='ocr_carea' id='block_1_82' title="bbox 2523 3879 4024 3953">
    <p class='ocr_par' dir='ltr' id='par_1_82' title="bbox 2523 3879 4024 3953">
     <span class='ocr_line' id='line_1_82' title="bbox 2523 3879 4024 3953; baseline -0.005 -15"><span class='ocrx_word' id='word_1_473' title='bbox 2523 3888 2565 3938; x_wconf 84' lang='grc' dir='ltr'><strong><em>Τ</em></strong></span> <span class='ocrx_word' id='word_1_474' title='bbox 2571 3887 2633 3949; x_wconf 67' lang='grc' dir='ltr'>ἃς</span> <span class='ocrx_word' id='word_1_475' title='bbox 2680 3885 2868 3947; x_wconf 79' lang='grc' dir='ltr'>νόσους</span> <span class='ocrx_word' id='word_1_476' title='bbox 2920 3882 3029 3936; x_wconf 84' lang='grc' dir='ltr'>τῶν</span> <span class='ocrx_word' id='word_1_477' title='bbox 3089 3882 3296 3953; x_wconf 79' lang='grc' dir='ltr'>βροτῶν</span> <span class='ocrx_word' id='word_1_478' title='bbox 3339 3881 3431 3934; x_wconf 81' lang='grc' dir='ltr'><strong>τὸν</strong></span> <span class='ocrx_word' id='word_1_479' title='bbox 3486 3879 3896 3951; x_wconf 84' lang='grc' dir='ltr'>ἀφαιρούμενον</span> <span class='ocrx_word' id='word_1_480' title='bbox 3942 3893 4024 3931; x_wconf 79' lang='grc' dir='ltr'><strong>τε·</strong></span> 
     </span>
    </p>
   </div>
   <div class='ocr_carea' id='block_1_83' title="bbox 2453 3969 4034 4044">
    <p class='ocr_par' dir='ltr' id='par_1_83' title="bbox 2453 3969 4034 4044">
     <span class='ocr_line' id='line_1_83' title="bbox 2453 3969 4034 4044; baseline -0.006 -14"><span class='ocrx_word' id='word_1_481' title='bbox 2453 3977 2658 4039; x_wconf 78' lang='grc' dir='ltr'>κούσα,</span> <span class='ocrx_word' id='word_1_482' title='bbox 2710 3975 3090 4044; x_wconf 84' lang='grc' dir='ltr'>παναμώμητε</span> <span class='ocrx_word' id='word_1_483' title='bbox 3136 3972 3402 4042; x_wconf 81' lang='grc' dir='ltr'>Παρθένε,</span> <span class='ocrx_word' id='word_1_484' title='bbox 3441 3970 3541 4040; x_wconf 85' lang='grc' dir='ltr'><strong>τῆς</strong></span> <span class='ocrx_word' id='word_1_485' title='bbox 3590 3969 3771 4040; x_wconf 79' lang='grc' dir='ltr'>ψυχῆς</span> <span class='ocrx_word' id='word_1_486' title='bbox 3812 3985 3918 4037; x_wconf 89' lang='grc' dir='ltr'><strong>μου</strong></span> <span class='ocrx_word' id='word_1_487' title='bbox 3962 3970 4034 4020; x_wconf 74' lang='grc' dir='ltr'><strong>τά</strong></span> 
     </span>
    </p>
   </div>
   <div class='ocr_carea' id='block_1_84' title="bbox 2454 4058 4029 4135">
    <p class='ocr_par' dir='ltr' id='par_1_84' title="bbox 2454 4058 4029 4135">
     <span class='ocr_line' id='line_1_84' title="bbox 2454 4058 4029 4135; baseline -0.008 -17"><span class='ocrx_word' id='word_1_488' title='bbox 2454 4066 2837 4135; x_wconf 82' lang='grc' dir='ltr'>συντρίμματα</span> <span class='ocrx_word' id='word_1_489' title='bbox 2880 4064 2975 4117; x_wconf 75' lang='grc' dir='ltr'><strong>καὶ</strong></span> <span class='ocrx_word' id='word_1_490' title='bbox 3007 4062 3209 4133; x_wconf 84' lang='grc' dir='ltr'>σαρκὸς</span> <span class='ocrx_word' id='word_1_491' title='bbox 3236 4066 3305 4115; x_wconf 76' lang='grc' dir='ltr'><strong>τὰ</strong></span> <span class='ocrx_word' id='word_1_492' title='bbox 3340 4062 3622 4131; x_wconf 80' lang='grc' dir='ltr'>νοσήματα</span> <span class='ocrx_word' id='word_1_493' title='bbox 3660 4058 4029 4130; x_wconf 77' lang='grc' dir='ltr'>θεράπευσον.</span> 
     </span>
    </p>
   </div>
   <div class='ocr_carea' id='block_1_85' title="bbox 2520 4240 4023 4316">
    <p class='ocr_par' dir='ltr' id='par_1_85' title="bbox 2520 4240 4023 4316">
     <span class='ocr_line' id='line_1_85' title="bbox 2520 4240 4023 4316; baseline -0.005 -16"><span class='ocrx_word' id='word_1_494' title='bbox 2520 4246 2775 4316; x_wconf 78' lang='grc' dir='ltr'>Συνήθως</span> <span class='ocrx_word' id='word_1_495' title='bbox 2803 4246 2887 4315; x_wconf 77' lang='grc' dir='ltr'><strong>ἐφ’</strong></span> <span class='ocrx_word' id='word_1_496' title='bbox 2913 4246 3059 4315; x_wconf 76' lang='grc' dir='ltr'><strong>ἡμᾶς</strong></span> <span class='ocrx_word' id='word_1_497' title='bbox 3092 4244 3161 4298; x_wconf 75' lang='grc' dir='ltr'><strong>τὰ</strong></span> <span class='ocrx_word' id='word_1_498' title='bbox 3198 4242 3425 4297; x_wconf 85' lang='grc' dir='ltr'>πλούσιά</span> <span class='ocrx_word' id='word_1_499' title='bbox 3452 4258 3547 4296; x_wconf 90' lang='grc' dir='ltr'><strong>σου</strong></span> <span class='ocrx_word' id='word_1_500' title='bbox 3576 4242 3723 4311; x_wconf 81' lang='grc' dir='ltr'>ὲλέη,</span> <span class='ocrx_word' id='word_1_501' title='bbox 3754 4240 4023 4311; x_wconf 77' lang='grc' dir='ltr'>Παρθένε,</span> 
     </span>
    </p>
   </div>
   <div class='ocr_carea' id='block_1_86' title="bbox 2453 4335 4031 4415">
    <p class='ocr_par' dir='ltr' id='par_1_86' title="bbox 2453 4335 4031 4415">
     <span class='ocr_line' id='line_1_86' title="bbox 2453 4335 4031 4415; baseline -0.008 -18"><span class='ocrx_word' id='word_1_502' title='bbox 2453 4346 2635 4415; x_wconf 73' lang='grc' dir='ltr'>ῥᾶνον,</span> <span class='ocrx_word' id='word_1_503' title='bbox 2680 4345 2961 4411; x_wconf 86' lang='grc' dir='ltr'>νοσήματα</span> <span class='ocrx_word' id='word_1_504' title='bbox 3015 4340 3265 4393; x_wconf 85' lang='grc' dir='ltr'>παύουσα</span> <span class='ocrx_word' id='word_1_505' title='bbox 3313 4338 3532 4392; x_wconf 83' lang='grc' dir='ltr'>ποικίλα</span> <span class='ocrx_word' id='word_1_506' title='bbox 3564 4336 3787 4406; x_wconf 82' lang='grc' dir='ltr'>ψυχῶν,</span> <span class='ocrx_word' id='word_1_507' title='bbox 3820 4335 3933 4388; x_wconf 80' lang='grc' dir='ltr'><strong>τῶν</strong></span> <span class='ocrx_word' id='word_1_508' title='bbox 3974 4337 4031 4388; x_wconf 78' lang='grc' dir='ltr'><strong>ἐν</strong></span> 
     </span>
    </p>
   </div>
   <div class='ocr_carea' id='block_1_87' title="bbox 2450 4427 4017 4504">
    <p class='ocr_par' dir='ltr' id='par_1_87' title="bbox 2450 4427 4017 4504">
     <span class='ocr_line' id='line_1_87' title="bbox 2450 4427 4017 4504; baseline -0.001 -21"><span class='ocrx_word' id='word_1_509' title='bbox 2450 4433 2631 4486; x_wconf 78' lang='grc' dir='ltr'>πίστει</span> <span class='ocrx_word' id='word_1_510' title='bbox 2672 4432 3008 4504; x_wconf 82' lang='grc' dir='ltr'>προσιόντων</span> <span class='ocrx_word' id='word_1_511' title='bbox 3040 4449 3121 4485; x_wconf 85' lang='grc' dir='ltr'><strong>σοι</strong></span> <span class='ocrx_word' id='word_1_512' title='bbox 3152 4435 3217 4502; x_wconf 78' lang='grc' dir='ltr'><strong>τῇ</strong></span> <span class='ocrx_word' id='word_1_513' title='bbox 3254 4432 3361 4484; x_wconf 85' lang='grc' dir='ltr'>τῶν</span> <span class='ocrx_word' id='word_1_514' title='bbox 3382 4429 3561 4484; x_wconf 83' lang='grc' dir='ltr'>καλῶν</span> <span class='ocrx_word' id='word_1_515' title='bbox 3582 4427 3751 4500; x_wconf 66' lang='grc' dir='ltr'><strong>αἰτίᾳ,</strong></span> <span class='ocrx_word' id='word_1_516' title='bbox 3773 4429 4017 4497; x_wconf 82' lang='grc' dir='ltr'>πολυύμ·</span> 
     </span>
    </p>
   </div>
   <div class='ocr_carea' id='block_1_88' title="bbox 2450 4545 2597 4597">
    <p class='ocr_par' dir='ltr' id='par_1_88' title="bbox 2450 4545 2597 4597">
     <span class='ocr_line' id='line_1_88' title="bbox 2450 4545 2597 4597; baseline 0.007 -18"><span class='ocrx_word' id='word_1_517' title='bbox 2450 4545 2573 4597; x_wconf 87' lang='grc' dir='ltr'>νητε</span> <span class='ocrx_word' id='word_1_518' title='bbox 2584 4562 2597 4580; x_wconf 87' lang='lat'><strong>.-</strong></span> 
     </span>
    </p>
   </div>
   <div class='ocr_carea' id='block_1_89' title="bbox 2524 4725 4017 4802">
    <p class='ocr_par' dir='ltr' id='par_1_89' title="bbox 2524 4725 4017 4802">
     <span class='ocr_line' id='line_1_89' title="bbox 2524 4725 4017 4802; baseline -0.005 -19"><span class='ocrx_word' id='word_1_519' title='bbox 2524 4731 2761 4802; x_wconf 80' lang='grc' dir='ltr'>Κύματα</span> <span class='ocrx_word' id='word_1_520' title='bbox 2786 4731 3029 4800; x_wconf 80' lang='grc' dir='ltr'>πράύνον</span> <span class='ocrx_word' id='word_1_521' title='bbox 3054 4730 3153 4796; x_wconf 75' lang='grc' dir='ltr'><strong>τῆς</strong></span> <span class='ocrx_word' id='word_1_522' title='bbox 3190 4727 3490 4789; x_wconf 77' lang='grc' dir='ltr'>παναῢλὶας</span> <span class='ocrx_word' id='word_1_523' title='bbox 3525 4744 3626 4795; x_wconf 89' lang='grc' dir='ltr'><strong>μου</strong></span> <span class='ocrx_word' id='word_1_524' title='bbox 3656 4725 3860 4795; x_wconf 65' lang='grc' dir='ltr'>ψυχῆς,</span> <span class='ocrx_word' id='word_1_525' title='bbox 3908 4726 4017 4776; x_wconf 66' lang='grc' dir='ltr'>δέοι</span> 
     </span>
    </p>
   </div>
   <div class='ocr_carea' id='block_1_90' title="bbox 2452 4822 4027 4894">
    <p class='ocr_par' dir='ltr' id='par_1_90' title="bbox 2452 4822 4027 4894">
     <span class='ocr_line' id='line_1_90' title="bbox 2452 4822 4027 4894; baseline -0.004 -17"><span class='ocrx_word' id='word_1_526' title='bbox 2452 4842 2586 4893; x_wconf 85' lang='grc' dir='ltr'>μαι,</span> <span class='ocrx_word' id='word_1_527' title='bbox 2642 4826 2735 4877; x_wconf 80' lang='grc' dir='ltr'>καὶ</span> <span class='ocrx_word' id='word_1_528' title='bbox 2779 4828 2878 4894; x_wconf 78' lang='grc' dir='ltr'><strong>τῆς</strong></span> <span class='ocrx_word' id='word_1_529' title='bbox 2937 4824 3139 4892; x_wconf 84' lang='grc' dir='ltr'>σαρκὸς</span> <span class='ocrx_word' id='word_1_530' title='bbox 3176 4823 3384 4877; x_wconf 81' lang='grc' dir='ltr'>παῦσον</span> <span class='ocrx_word' id='word_1_531' title='bbox 3416 4824 3512 4884; x_wconf 76' lang='grc' dir='ltr'><strong>τὰς</strong></span> <span class='ocrx_word' id='word_1_532' title='bbox 3547 4822 3774 4885; x_wconf 77' lang='grc' dir='ltr'>ὀδύνας,</span> <span class='ocrx_word' id='word_1_533' title='bbox 3807 4822 3841 4890; x_wconf 75' lang='grc' dir='ltr'>ὴ</span> <span class='ocrx_word' id='word_1_534' title='bbox 3893 4822 4027 4890; x_wconf 68' lang='grc' dir='ltr'>μόνη</span> 
     </span>
    </p>
   </div>
   <div class='ocr_carea' id='block_1_91' title="bbox 2449 4912 3792 4984">
    <p class='ocr_par' dir='ltr' id='par_1_91' title="bbox 2449 4912 3792 4984">
     <span class='ocr_line' id='line_1_91' title="bbox 2449 4912 3792 4984; baseline 0.001 -19"><span class='ocrx_word' id='word_1_535' title='bbox 2449 4913 2686 4967; x_wconf 86' lang='grc' dir='ltr'>τεκοῦσα</span> <span class='ocrx_word' id='word_1_536' title='bbox 2716 4914 2939 4968; x_wconf 80' lang='grc' dir='ltr'>ἄνευθεν</span> <span class='ocrx_word' id='word_1_537' title='bbox 2971 4915 3160 4967; x_wconf 81' lang='grc' dir='ltr'>ὀδίνων</span> <span class='ocrx_word' id='word_1_538' title='bbox 3183 4915 3316 4967; x_wconf 77' lang='grc' dir='ltr'>Θεὸν</span> <span class='ocrx_word' id='word_1_539' title='bbox 3351 4912 3792 4984; x_wconf 83' lang='grc' dir='ltr'>σωματούμενον.</span> 
     </span>
    </p>
   </div>
   <div class='ocr_carea' id='block_1_92' title="bbox 849 5001 4024 5077">
    <p class='ocr_par' dir='ltr' id='par_1_92' title="bbox 849 5001 4024 5077">
     <span class='ocr_line' id='line_1_92' title="bbox 849 5001 4024 5077; baseline 0.001 -23"><span class='ocrx_word' id='word_1_540' title='bbox 849 5001 1312 5057; x_wconf 86' lang='lat' dir='ltr'><strong>Intellectualibus</strong></span> <span class='ocrx_word' id='word_1_541' title='bbox 1348 5003 1610 5071; x_wconf 89' lang='lat' dir='ltr'><strong>superior</strong></span> <span class='ocrx_word' id='word_1_542' title='bbox 1656 5003 2023 5071; x_wconf 88' lang='lat' dir='ltr'><strong>potestatibus</strong></span> <span class='ocrx_word' id='word_1_543' title='bbox 2048 5043 2061 5066; x_wconf 94' lang='lat'><strong>,</strong></span> <span class='ocrx_word' id='word_1_544' title='bbox 2117 5004 2265 5058; x_wconf 91' lang='lat' dir='ltr'><strong>omni</strong></span> <span class='ocrx_word' id='word_1_545' title='bbox 2303 5007 2612 5064; x_wconf 87' lang='lat' dir='ltr'><strong>seductoris</strong></span> <span class='ocrx_word' id='word_1_546' title='bbox 2641 5008 2847 5063; x_wconf 88' lang='lat' dir='ltr'><strong>malitia</strong></span> <span class='ocrx_word' id='word_1_547' title='bbox 2895 5007 3234 5077; x_wconf 88' lang='lat' dir='ltr'><strong>superiorem</strong></span> <span class='ocrx_word' id='word_1_548' title='bbox 3274 5024 3359 5063; x_wconf 88' lang='lat' dir='ltr'><strong>me</strong></span> <span class='ocrx_word' id='word_1_549' title='bbox 3402 5008 3487 5063; x_wconf 80' lang='lat' dir='ltr'><strong>lac</strong></span> <span class='ocrx_word' id='word_1_550' title='bbox 3541 5007 4024 5063; x_wconf 81' lang='lat' dir='ltr'><strong>intercessionibus</strong></span> 
     </span>
    </p>
   </div>
   <div class='ocr_carea' id='block_1_93' title="bbox 775 5095 2497 5173">
    <p class='ocr_par' dir='ltr' id='par_1_93' title="bbox 775 5095 2497 5173">
     <span class='ocr_line' id='line_1_93' title="bbox 775 5095 2497 5173; baseline 0.005 -23"><span class='ocrx_word' id='word_1_551' title='bbox 775 5097 906 5159; x_wconf 86' lang='lat' dir='ltr'><strong>tuis,</strong></span> <span class='ocrx_word' id='word_1_552' title='bbox 961 5095 1088 5149; x_wconf 84' lang='lat' dir='ltr'><strong>dum</strong></span> <span class='ocrx_word' id='word_1_553' title='bbox 1131 5104 1184 5149; x_wconf 91' lang='lat' dir='ltr'><strong>te</strong></span> <span class='ocrx_word' id='word_1_554' title='bbox 1221 5109 1347 5149; x_wconf 90' lang='lat' dir='ltr'><strong>cum</strong></span> <span class='ocrx_word' id='word_1_555' title='bbox 1399 5096 1695 5162; x_wconf 81' lang='lat' dir='ltr'><strong>gratiarum</strong></span> <span class='ocrx_word' id='word_1_556' title='bbox 1732 5097 1946 5150; x_wconf 87' lang='lat' dir='ltr'><strong>actione</strong></span> <span class='ocrx_word' id='word_1_557' title='bbox 1991 5111 2203 5167; x_wconf 89' lang='lat' dir='ltr'><strong>semper</strong></span> <span class='ocrx_word' id='word_1_558' title='bbox 2235 5101 2497 5173; x_wconf 73' lang='lat' dir='ltr'><strong>glorilieo.</strong></span> 
     </span>
    </p>
   </div>
   <div class='ocr_carea' id='block_1_94' title="bbox 847 5186 2349 5262">
    <p class='ocr_par' dir='ltr' id='par_1_94' title="bbox 847 5186 2349 5262">
     <span class='ocr_line' id='line_1_94' title="bbox 847 5186 2349 5262; baseline 0.004 -21"><span class='ocrx_word' id='word_1_559' title='bbox 847 5190 929 5242; x_wconf 83' lang='lat' dir='ltr'><strong>Ab</strong></span> <span class='ocrx_word' id='word_1_560' title='bbox 967 5187 1285 5242; x_wconf 85' lang='lat' dir='ltr'><strong>hominibus</strong></span> <span class='ocrx_word' id='word_1_561' title='bbox 1335 5186 1573 5250; x_wconf 81' lang='lat' dir='ltr'><strong>infestis,</strong></span> <span class='ocrx_word' id='word_1_562' title='bbox 1608 5202 1638 5241; x_wconf 89' lang='lat' dir='ltr'><strong>a</strong></span> <span class='ocrx_word' id='word_1_563' title='bbox 1678 5187 2019 5245; x_wconf 71' lang='lat' dir='ltr'><strong>dannonibns</strong></span> <span class='ocrx_word' id='word_1_564' title='bbox 2060 5190 2349 5262; x_wconf 81' lang='lat' dir='ltr'><strong>malignis,</strong></span> 
     </span>
    </p>
   </div>
   <div class='ocr_carea' id='block_1_95' title="bbox 773 5280 2353 5351">
    <p class='ocr_par' dir='ltr' id='par_1_95' title="bbox 773 5280 2353 5351">
     <span class='ocr_line' id='line_1_95' title="bbox 773 5280 2353 5351; baseline 0.003 -16"><span class='ocrx_word' id='word_1_565' title='bbox 773 5291 829 5336; x_wconf 88' lang='lat' dir='ltr'><strong>et</strong></span> <span class='ocrx_word' id='word_1_566' title='bbox 859 5282 925 5335; x_wconf 91' lang='lat' dir='ltr'><strong>ab</strong></span> <span class='ocrx_word' id='word_1_567' title='bbox 954 5281 1101 5335; x_wconf 86' lang='lat' dir='ltr'><strong>omni</strong></span> <span class='ocrx_word' id='word_1_568' title='bbox 1134 5280 1235 5333; x_wconf 86' lang='lat' dir='ltr'><strong>alia</strong></span> <span class='ocrx_word' id='word_1_569' title='bbox 1270 5281 1618 5345; x_wconf 85' lang='lat' dir='ltr'><strong>adversitatc,</strong></span> <span class='ocrx_word' id='word_1_570' title='bbox 1658 5296 1810 5348; x_wconf 87' lang='lat' dir='ltr'><strong>casu,</strong></span> <span class='ocrx_word' id='word_1_571' title='bbox 1842 5282 2103 5351; x_wconf 84' lang='lat' dir='ltr'><strong>omnique</strong></span> <span class='ocrx_word' id='word_1_572' title='bbox 2134 5284 2353 5340; x_wconf 79' lang='lat' dir='ltr'><strong>laesione</strong></span> 
     </span>
    </p>
   </div>
   <div class='ocr_carea' id='block_1_96' title="bbox 778 5372 2351 5442">
    <p class='ocr_par' dir='ltr' id='par_1_96' title="bbox 778 5372 2351 5442">
     <span class='ocr_line' id='line_1_96' title="bbox 778 5372 2351 5442; baseline 0.002 -14"><span class='ocrx_word' id='word_1_573' title='bbox 778 5375 945 5428; x_wconf 88' lang='lat' dir='ltr'><strong>libera</strong></span> <span class='ocrx_word' id='word_1_574' title='bbox 994 5388 1105 5436; x_wconf 90' lang='lat' dir='ltr'><strong>me,</strong></span> <span class='ocrx_word' id='word_1_575' title='bbox 1143 5372 1302 5442; x_wconf 81' lang='lat' dir='ltr'><strong>Virgo</strong></span> <span class='ocrx_word' id='word_1_576' title='bbox 1331 5384 1543 5437; x_wconf 87' lang='lat' dir='ltr'><strong>sancta,</strong></span> <span class='ocrx_word' id='word_1_577' title='bbox 1585 5383 1641 5426; x_wconf 93' lang='lat' dir='ltr'><strong>et</strong></span> <span class='ocrx_word' id='word_1_578' title='bbox 1676 5374 1891 5428; x_wconf 90' lang='lat' dir='ltr'><strong>custodi</strong></span> <span class='ocrx_word' id='word_1_579' title='bbox 1935 5391 2022 5430; x_wconf 90' lang='lat' dir='ltr'><strong>me</strong></span> <span class='ocrx_word' id='word_1_580' title='bbox 2050 5376 2351 5432; x_wconf 86' lang='lat' dir='ltr'><strong>concinen-</strong></span> 
     </span>
    </p>
   </div>
   <div class='ocr_carea' id='block_1_97' title="bbox 774 5464 1855 5531">
    <p class='ocr_par' dir='ltr' id='par_1_97' title="bbox 774 5464 1855 5531">
     <span class='ocr_line' id='line_1_97' title="bbox 774 5464 1855 5531; baseline 0 -10"><span class='ocrx_word' id='word_1_581' title='bbox 774 5478 921 5525; x_wconf 80' lang='lat' dir='ltr'><strong>tem;</strong></span> <span class='ocrx_word' id='word_1_582' title='bbox 959 5466 1279 5520; x_wconf 80' lang='lat' dir='ltr'><strong>Benedictus</strong></span> <span class='ocrx_word' id='word_1_583' title='bbox 1310 5482 1389 5531; x_wconf 89' lang='lat' dir='ltr'><strong>es,</strong></span> <span class='ocrx_word' id='word_1_584' title='bbox 1429 5466 1574 5520; x_wconf 81' lang='lat' dir='ltr'><strong>Deus</strong></span> <span class='ocrx_word' id='word_1_585' title='bbox 1609 5464 1855 5522; x_wconf 81' lang='lat' dir='ltr'><strong>Patrum.</strong></span> 
     </span>
    </p>
   </div>
   <div class='ocr_carea' id='block_1_98' title="bbox 849 5579 2348 5654">
    <p class='ocr_par' dir='ltr' id='par_1_98' title="bbox 849 5579 2348 5654">
     <span class='ocr_line' id='line_1_98' title="bbox 849 5579 2348 5654; baseline 0.004 -20"><span class='ocrx_word' id='word_1_586' title='bbox 849 5579 903 5634; x_wconf 90' lang='lat' dir='ltr'><strong>In</strong></span> <span class='ocrx_word' id='word_1_587' title='bbox 936 5581 1292 5635; x_wconf 87' lang='lat' dir='ltr'><strong>similitudine</strong></span> <span class='ocrx_word' id='word_1_588' title='bbox 1328 5581 1508 5635; x_wconf 84' lang='lat' dir='ltr'><strong>carnis</strong></span> <span class='ocrx_word' id='word_1_589' title='bbox 1545 5581 1653 5644; x_wconf 88' lang='lat' dir='ltr'><strong>ille,</strong></span> <span class='ocrx_word' id='word_1_590' title='bbox 1690 5583 1781 5651; x_wconf 85' lang='lat' dir='ltr'><strong>qui</strong></span> <span class='ocrx_word' id='word_1_591' title='bbox 1810 5592 1894 5636; x_wconf 92' lang='lat' dir='ltr'><strong>cst</strong></span> <span class='ocrx_word' id='word_1_592' title='bbox 1926 5583 2348 5654; x_wconf 82' lang='lat' dir='ltr'><strong>Snpcnlivinns,</strong></span> 
     </span>
    </p>
   </div>
   <div class='ocr_carea' id='block_1_99' title="bbox 773 5671 2352 5744">
    <p class='ocr_par' dir='ltr' id='par_1_99' title="bbox 773 5671 2352 5744">
     <span class='ocr_line' id='line_1_99' title="bbox 773 5671 2352 5744; baseline 0.001 -15"><span class='ocrx_word' id='word_1_593' title='bbox 773 5692 841 5729; x_wconf 77' lang='lat' dir='ltr'><strong>ex</strong></span> <span class='ocrx_word' id='word_1_594' title='bbox 884 5685 935 5728; x_wconf 90' lang='lat' dir='ltr'><strong>tc</strong></span> <span class='ocrx_word' id='word_1_595' title='bbox 970 5675 1240 5744; x_wconf 83' lang='lat' dir='ltr'><strong>apparuit,</strong></span> <span class='ocrx_word' id='word_1_596' title='bbox 1292 5690 1324 5725; x_wconf 92' lang='grc' dir='ltr'><strong>ο</strong></span> <span class='ocrx_word' id='word_1_597' title='bbox 1364 5671 1530 5742; x_wconf 69' lang='lat' dir='ltr'><strong>Virgo</strong></span> <span class='ocrx_word' id='word_1_598' title='bbox 1582 5683 1752 5737; x_wconf 84' lang='lat' dir='ltr'><strong>casta,</strong></span> <span class='ocrx_word' id='word_1_599' title='bbox 1800 5692 1961 5744; x_wconf 90' lang='lat' dir='ltr'><strong>quem</strong></span> <span class='ocrx_word' id='word_1_600' title='bbox 2017 5678 2352 5732; x_wconf 88' lang='lat' dir='ltr'><strong>incessanter</strong></span> 
     </span>
    </p>
   </div>
   <div class='ocr_carea' id='block_1_100' title="bbox 773 5767 2346 5839">
    <p class='ocr_par' dir='ltr' id='par_1_100' title="bbox 773 5767 2346 5839">
     <span class='ocr_line' id='line_1_100' title="bbox 773 5767 2346 5839; baseline 0.004 -19"><span class='ocrx_word' id='word_1_601' title='bbox 773 5769 1100 5832; x_wconf 79' lang='lat' dir='ltr'><strong>deprecare,</strong></span> <span class='ocrx_word' id='word_1_602' title='bbox 1138 5776 1191 5819; x_wconf 93' lang='lat' dir='ltr'><strong>ut</strong></span> <span class='ocrx_word' id='word_1_603' title='bbox 1246 5767 1571 5820; x_wconf 79' lang='lat' dir='ltr'><strong>misereatur</strong></span> <span class='ocrx_word' id='word_1_604' title='bbox 1606 5769 1796 5837; x_wconf 78' lang='lat' dir='ltr'><strong>tm:,tri,</strong></span> <span class='ocrx_word' id='word_1_605' title='bbox 1834 5772 1925 5839; x_wconf 90' lang='lat' dir='ltr'><strong>qui</strong></span> <span class='ocrx_word' id='word_1_606' title='bbox 1981 5788 2105 5825; x_wconf 88' lang='lat' dir='ltr'><strong>cum</strong></span> <span class='ocrx_word' id='word_1_607' title='bbox 2143 5774 2346 5827; x_wconf 87' lang='lat' dir='ltr'><strong>malitia</strong></span> 
     </span>
    </p>
   </div>
   <div class='ocr_carea' id='block_1_101' title="bbox 2534 5194 4024 5266">
    <p class='ocr_par' dir='ltr' id='par_1_101' title="bbox 2534 5194 4024 5266">
     <span class='ocr_line' id='line_1_101' title="bbox 2534 5194 4024 5266; baseline -0.003 -17"><span class='ocrx_word' id='word_1_608' title='bbox 2534 5195 2861 5266; x_wconf 84' lang='grc' dir='ltr'>Ἀνθρώπων</span> <span class='ocrx_word' id='word_1_609' title='bbox 2919 5195 3109 5249; x_wconf 81' lang='grc' dir='ltr'>δεινῶν</span> <span class='ocrx_word' id='word_1_610' title='bbox 3159 5195 3252 5247; x_wconf 79' lang='grc' dir='ltr'><strong>καὶ</strong></span> <span class='ocrx_word' id='word_1_611' title='bbox 3300 5195 3573 5266; x_wconf 79' lang='grc' dir='ltr'>δαιμόνων</span> <span class='ocrx_word' id='word_1_612' title='bbox 3632 5197 3892 5266; x_wconf 77' lang='grc' dir='ltr'>πονηρῶν</span> <span class='ocrx_word' id='word_1_613' title='bbox 3936 5194 4024 5246; x_wconf 78' lang='grc' dir='ltr'>καὶ</span> 
     </span>
    </p>
   </div>
   <div class='ocr_carea' id='block_1_102' title="bbox 2451 5287 4024 5358">
    <p class='ocr_par' dir='ltr' id='par_1_102' title="bbox 2451 5287 4024 5358">
     <span class='ocr_line' id='line_1_102' title="bbox 2451 5287 4024 5358; baseline -0.003 -19"><span class='ocrx_word' id='word_1_614' title='bbox 2451 5288 2635 5358; x_wconf 83' lang='grc' dir='ltr'>πάσης</span> <span class='ocrx_word' id='word_1_615' title='bbox 2693 5287 2863 5358; x_wconf 83' lang='grc' dir='ltr'>ἄλλης</span> <span class='ocrx_word' id='word_1_616' title='bbox 2911 5287 3293 5355; x_wconf 78' lang='grc' dir='ltr'>κακοπραγίας</span> <span class='ocrx_word' id='word_1_617' title='bbox 3340 5290 3435 5340; x_wconf 75' lang='grc' dir='ltr'>καὶ</span> <span class='ocrx_word' id='word_1_618' title='bbox 3497 5287 3875 5356; x_wconf 84' lang='grc' dir='ltr'>συμπτώσεως</span> <span class='ocrx_word' id='word_1_619' title='bbox 3936 5287 4024 5337; x_wconf 74' lang='grc' dir='ltr'>καὶ</span> 
     </span>
    </p>
   </div>
   <div class='ocr_carea' id='block_1_103' title="bbox 2450 5379 4014 5452">
    <p class='ocr_par' dir='ltr' id='par_1_103' title="bbox 2450 5379 4014 5452">
     <span class='ocr_line' id='line_1_103' title="bbox 2450 5379 4014 5452; baseline -0.003 -18"><span class='ocrx_word' id='word_1_620' title='bbox 2450 5382 2628 5450; x_wconf 87' lang='grc' dir='ltr'>πάσης</span> <span class='ocrx_word' id='word_1_621' title='bbox 2655 5382 2952 5443; x_wconf 84' lang='grc' dir='ltr'>κακώσεως</span> <span class='ocrx_word' id='word_1_622' title='bbox 2988 5381 3149 5452; x_wconf 79' lang='grc' dir='ltr'>ῥῦσαί</span> <span class='ocrx_word' id='word_1_623' title='bbox 3185 5397 3275 5450; x_wconf 83' lang='grc' dir='ltr'><strong>με,</strong></span> <span class='ocrx_word' id='word_1_624' title='bbox 3304 5380 3439 5449; x_wconf 83' lang='grc' dir='ltr'>ἁγία</span> <span class='ocrx_word' id='word_1_625' title='bbox 3467 5379 3734 5449; x_wconf 77' lang='grc' dir='ltr'>Παρθένε,</span> <span class='ocrx_word' id='word_1_626' title='bbox 3766 5380 3865 5431; x_wconf 74' lang='grc' dir='ltr'><strong>καὶ</strong></span> <span class='ocrx_word' id='word_1_627' title='bbox 3903 5394 4014 5431; x_wconf 85' lang='grc' dir='ltr'>συν·</span> 
     </span>
    </p>
   </div>
   <div class='ocr_carea' id='block_1_104' title="bbox 2450 5469 4014 5544">
    <p class='ocr_par' dir='ltr' id='par_1_104' title="bbox 2450 5469 4014 5544">
     <span class='ocr_line' id='line_1_104' title="bbox 2450 5469 4014 5544; baseline -0.001 -18"><span class='ocrx_word' id='word_1_628' title='bbox 2450 5475 2689 5544; x_wconf 84' lang='grc' dir='ltr'>τήρησον</span> <span class='ocrx_word' id='word_1_629' title='bbox 2716 5474 3009 5542; x_wconf 75' lang='grc' dir='ltr'>ψάλλοντα·</span> <span class='ocrx_word' id='word_1_630' title='bbox 3043 5474 3347 5544; x_wconf 78' lang='grc' dir='ltr'>Εὐλογητὸς</span> <span class='ocrx_word' id='word_1_631' title='bbox 3374 5469 3446 5540; x_wconf 86' lang='grc' dir='ltr'>εἶ,</span> <span class='ocrx_word' id='word_1_632' title='bbox 3478 5478 3507 5527; x_wconf 88' lang='grc' dir='ltr'><strong>ό</strong></span> <span class='ocrx_word' id='word_1_633' title='bbox 3547 5473 3678 5537; x_wconf 79' lang='grc' dir='ltr'>Θεὸς</span> <span class='ocrx_word' id='word_1_634' title='bbox 3711 5475 3741 5526; x_wconf 88' lang='grc' dir='ltr'>ὁ</span> <span class='ocrx_word' id='word_1_635' title='bbox 3765 5473 3881 5525; x_wconf 81' lang='grc' dir='ltr'>τῶν</span> <span class='ocrx_word' id='word_1_636' title='bbox 3918 5474 4014 5519; x_wconf 64' lang='grc' dir='ltr'><strong>Επ-</strong></span> 
     </span>
    </p>
   </div>
   <div class='ocr_carea' id='block_1_105' title="bbox 2447 5566 2646 5635">
    <p class='ocr_par' dir='ltr' id='par_1_105' title="bbox 2447 5566 2646 5635">
     <span class='ocr_line' id='line_1_105' title="bbox 2447 5566 2646 5635; baseline 0.005 -18"><span class='ocrx_word' id='word_1_637' title='bbox 2447 5566 2646 5635; x_wconf 82' lang='grc' dir='ltr'>τέρων.</span> 
     </span>
    </p>
   </div>
   <div class='ocr_carea' id='block_1_106' title="bbox 2534 5674 4016 5754">
    <p class='ocr_par' dir='ltr' id='par_1_106' title="bbox 2534 5674 4016 5754">
     <span class='ocr_line' id='line_1_106' title="bbox 2534 5674 4016 5754; baseline -0.003 -22"><span class='ocrx_word' id='word_1_638' title='bbox 2534 5682 2623 5732; x_wconf 88' lang='grc' dir='ltr'><strong>Ἐν</strong></span> <span class='ocrx_word' id='word_1_639' title='bbox 2660 5680 2967 5751; x_wconf 83' lang='grc' dir='ltr'>ὁμοιώματι</span> <span class='ocrx_word' id='word_1_640' title='bbox 3018 5682 3219 5751; x_wconf 75' lang='grc' dir='ltr'>σαρκὸς</span> <span class='ocrx_word' id='word_1_641' title='bbox 3249 5685 3277 5735; x_wconf 90' lang='grc' dir='ltr'>ὁ</span> <span class='ocrx_word' id='word_1_642' title='bbox 3307 5682 3595 5754; x_wconf 82' lang='grc' dir='ltr'>ὐπέρθεος,</span> <span class='ocrx_word' id='word_1_643' title='bbox 3623 5684 3785 5751; x_wconf 72' lang='grc' dir='ltr'>ἁγνὴ,</span> <span class='ocrx_word' id='word_1_644' title='bbox 3821 5681 3881 5731; x_wconf 74' lang='grc' dir='ltr'>ἐκ</span> <span class='ocrx_word' id='word_1_645' title='bbox 3928 5674 4016 5727; x_wconf 63' lang='grc' dir='ltr'>σοῦ</span> 
     </span>
    </p>
   </div>
   <div class='ocr_carea' id='block_1_107' title="bbox 2447 5774 4021 5847">
    <p class='ocr_par' dir='ltr' id='par_1_107' title="bbox 2447 5774 4021 5847">
     <span class='ocr_line' id='line_1_107' title="bbox 2447 5774 4021 5847; baseline -0.003 -21"><span class='ocrx_word' id='word_1_646' title='bbox 2447 5774 2658 5846; x_wconf 53' lang='lat' dir='ltr'><strong>(api-0n,</strong></span> <span class='ocrx_word' id='word_1_647' title='bbox 2693 5776 2751 5828; x_wconf 88' lang='grc' dir='ltr'>ὃν</span> <span class='ocrx_word' id='word_1_648' title='bbox 2778 5778 3071 5839; x_wconf 73' lang='grc' dir='ltr'>ἀπαύστοις</span> <span class='ocrx_word' id='word_1_649' title='bbox 3096 5777 3338 5830; x_wconf 78' lang='grc' dir='ltr'>δυσώπει</span> <span class='ocrx_word' id='word_1_650' title='bbox 3366 5778 3653 5847; x_wconf 64' lang='grc' dir='ltr'>ἐλεηθῆναι</span> <span class='ocrx_word' id='word_1_651' title='bbox 3682 5778 3823 5847; x_wconf 66' lang='grc' dir='ltr'><strong>ἡμᾶς</strong></span> <span class='ocrx_word' id='word_1_652' title='bbox 3855 5774 4021 5837; x_wconf 65' lang='grc' dir='ltr'>κακίᾳ</span> 
     </span>
    </p>
   </div>
  </div>
