4166 6458
177 465 313 529 113Ἱ

1620 473 1981 541 MARIALE.

3275 482 3409 543 1138

171 582 467 647 συζῶντας,
497 582 591 635 καὶ
610 582 909 654 τρέμοντας
938 584 1035 653 τῆς
1060 584 1439 655 αἱωνιζοὺσης,
1467 587 1730 658 Παρθένε,
1765 606 1797 652 Α

1865 594 2177 647 :onvivimus
2234 602 2287 645 et
2355 600 2613 644 :t‘teruutu
2695 600 3027 645 tormentum
3118 596 3407 645 contremi-

176 673 457 741 τιμωρίας.

240 765 537 834 Φωτοειδὴς
570 765 645 829 ὡς
676 767 875 835 νεφέλη
896 805 912 829 ,
961 766 1052 819 τὸν
1090 768 1186 836 τῆς
1231 768 1577 839 δικαιοσύνης
1608 788 1739 824 κατ-

170 854 373 923 έχουσα
399 857 663 923 ἀγκάλαις
688 874 803 920 σου,
830 856 989 929 ἁγνὴ,
1012 859 1199 913 Ἥλιον
1228 860 1420 914 ἄδυτον
1450 863 1701 931 πέφυκας
1723 880 1735 892 ⁸

170 949 259 999 διὰ
284 949 445 1002 τοῦτο
475 949 580 1019 βοῶ
614 969 730 1004 σοι·
767 953 983 1015 Πολλοῖς
1021 955 1403 1025 ἐσκοτισμὲνον
1442 974 1507 1025 με
1552 959 1741 1027 κακοῖς

170 1040 598 1112 φωταγὼγησον,
628 1044 785 1116 κόρη,
812 1046 1107 1111 ἀπαύστως
1130 1065 1187 1100 σε
1215 1049 1562 1119 γεραίροντα.

1844 699 2070 740 εειιιιυε.

1916 776 2077 832 Facta
2109 792 2191 838 es.
2229 792 2262 829 ο
2298 786 2469 840 casta,
2507 776 2653 829 velut
2686 777 2851 831 nubes
2882 774 3061 831 lucida
3086 815 3102 839 ,
3166 790 3289 843 qum.
3326 776 3410 843 jn-

1846 869 2008 924 stitize
2065 868 2246 923 Solem
2288 867 2632 923 iuocciduum
2684 868 2828 924 ulnis
2874 866 3238 923 conticuisti:
3296 865 3415 919 ideo

1847 963 2021 1015 clamo
2060 960 2124 1013 ad
2157 970 2242 1015 te:
2289 959 2537 1013 lllumina
2589 975 2695 1023 me,
2730 973 2763 1009 ο
2796 958 2992 1027 puella,
3028 956 3214 1011 multis
3262 955 3414 1010 malis

1850 1053 2286 1112 obtenebratum,
2317 1050 2445 1104 dum
2478 1060 2529 1105 te
2554 1051 2893 1105 incessanter
2928 1050 3159 1105 honoro.

1005 1163 1159 1235 133
1202 1165 1283 1217 Ea:
1342 1165 1550 1221 Catiane
1600 1170 1652 1221 in
1711 1172 1764 1225 S.
1813 1170 2233 1257 Ili/putiutnpdie
2262 1169 2331 1223 28
2367 1166 2572 1241 (64⁸⁸⁸).

247 1271 517 1327 Salvatori
548 1288 613 1328 ac
643 1274 752 1329 Deo
785 1293 849 1330 ex
881 1279 1049 1332 castis
1083 1281 1446 1347 sanguinihus
1476 1286 1585 1336 tuis
1614 1300 1739 1335 ουν-

176 1381 281 1432 pus
310 1364 531 1428 dedisti,
557 1383 591 1421 ο
623 1366 785 1437 Virgo
832 1371 1114 1437 inviolata,
1142 1379 1233 1443 qtti
1261 1375 1408 1430 dedit
1444 1379 1602 1432 nobis
1649 1397 1741 1433 sa-

184 1464 419 1521 ptentem
457 1457 806 1512 Hierarcbam
839 1475 1024 1523 suum,
1054 1463 1396 1520 salutiferum
1427 1483 1492 1522 ac
1531 1469 1748 1525 ferven-

179 1557 294 1599 tem
353 1546 720 1612 defensorem,
756 1566 876 1603 vere
894 1554 1267 1609 admirabilem
1305 1556 1615 1629 Hypatium.

258 1638 387 1693 Esto
418 1641 875 1710 mibipropitiain
915 1647 1002 1700 die
1054 1648 1256 1703 Christi
1312 1652 1638 1709 formidabili
1682 1673 1746 1711 ac

183 1732 487 1794 tremenda,
523 1747 557 1785 ο
590 1734 677 1787 Dei
705 1733 895 1801 Mater,
957 1738 1117 1809 Virgo
1154 1743 1386 1811 geniti-ix
1406 1744 1594 1811 Maria,
1621 1765 1741 1819 qua:

180 1824 446 1879 omnibus
476 1823 598 1880 Filii
658 1827 735 1882 lui
797 1832 1059 1886 creaturis
1087 1849 1145 1888 es
1178 1835 1485 1903 sublimior,
1547 1841 1746 1912 quippe

178 1934 305 1986 qua:
332 1918 445 1970 sola
479 1918 655 1984 ipsum
692 1926 1182 1989 supernatut'aliter
1210 1928 1446 1983 laetasti.

260 2009 424 2077 Virgo
458 2009 650 2076 Mater,
691 2029 813 2082 quae
844 2014 1009 2070 Deum
1070 2019 1414 2075 incarnatum
1471 2025 1729 2091 peperisti

186 2116 387 2163 graves
411 2110 462 2152 ct
485 2102 909 2159 innumerabiles
929 2108 1125 2161 anima:
1148 2123 1279 2162 mete
1301 2108 1483 2179 lapsus
1503 2113 1750 2181 expiatis,

182 2194 335 2247 salva
360 2210 445 2249 me
480 2195 869 2250 intercessione
900 2210 1009 2251 tua.

259 2283 574 2339 Gratiarum
616 2296 830 2341 tuarum
864 2288 1030 2351 fluvii.
1074 2299 1127 2344 et
1159 2290 1335 2349 fontes
1383 2296 1751 2365 curationum,

190 2386 246 2427 et
272 2376 584 2429 divinarum
617 2378 928 2432 divitiarum
967 2381 1387 2438 distributiones
1416 2384 1754 2456 dividuntur,

185 2483 217 2514 ιι
251 2466 344 2519 Dei
374 2467 604 2536 Sponsa,
637 2486 700 2521 ex
742 2486 906 2524 manu
951 2471 1061 2533 illa.
1096 2474 1239 2527 unde
1288 2475 1397 2529 vita
1430 2476 1754 2548 principium

187 2560 401 2624 habuit,
432 2559 834 2631 Otnuipotemis
862 2565 953 2632 qui
987 2582 1049 2618 ex
1082 2575 1240 2621 utero
1277 2577 1371 2621 tuo
1397 2578 1557 2624 natus
1579 2582 1682 2625 est.

268 2651 604 2717 Sapientiam
638 2653 727 2708 Dei
756 2655 1145 2709 subsistentem
1184 2660 1462 2727 peperisti.
1501 2661 1756 2718 inviolata

193 2742 363 2814 Virgo
393 2746 642 2813 Deipara,
674 2763 795 2815 quae
835 2758 1056 2803 sanctos
1115 2750 1549 2816 sapientissimos
1606 2754 1753 2816 fecit.

189 2852 290 2903 per
318 2853 461 2904 quos
494 2838 712 2894 malitiae
741 2840 1024 2896 architecti
1078 2842 1269 2898 cecidit
1309 2844 1505 2913 fastus,
1546 2858 1599 2901 et
1628 2863 1755 2918 pes-

188 2930 330 2981 sima
366 2930 821 2987 machinamenta.

729 3107 885 3162 MHN
920 3110 1215 3165 1οΥΛ1οΣ.

204 3241 311 3295 Ἐκ
339 3241 446 3296 τοῦ
478 3246 860 3321 Καζόνοςμείς
896 3246 1051 3321 τοὺςΔ
1075 3248 1284 3321 ἁγίους
1306 3248 1613 3319 μάρτυρας
1650 3255 1758 3307 Κο-

476 3316 642 3382 (mar
670 3316 769 3369 καὶ
803 3317 1133 3386 Δαμιανόν,
1170 3316 1361 3389 ἡμέρᾳ
1388 3316 1461 3377 α’.

264 3447 332 3500 Σὲ
360 3447 452 3501 τοῦ
485 3448 618 3503 Θεοῦ
650 3450 710 3504 τὸ
740 3452 960 3523 χωρίον,
983 3455 1083 3526 τὴν
1108 3457 1304 3528 νοητὴν
1333 3459 1630 3529 τράπεζαν,
1663 3464 1763 3533 τὴν

191 3539 460 3609 καὶλονὴν
499 3541 592 3594 τοῦ
634 3544 851 3610 Ἰακὼσ,
888 3546 987 3615 τὴν
1031 3547 1323 3603 ἀδιάϐατον
1361 3554 1634 3623 γέφυραν,
1671 3559 1764 3610 καὶ

190 3632 535 3687 ἁδιάσειστον
557 3635 820 3706 κλίμακα,
850 3638 1107 3709 ἄχραντε,
1131 3644 1186 3695 αἱ
1209 3647 1395 3710 γενεαὶ
1429 3648 1536 3698 τῶν
1561 3650 1764 3715 γενεῶν

196 3725 594 3796 μακαρίζομεν.

276 3987 338 4038 '0
363 3988 589 4059 φοϐερὸς
610 3994 730 4054 ταῖς
757 3994 869 4046 ἄνω
896 3998 1249 4065 στρατηγίαις
1280 4000 1336 4051 ὲν
1365 4000 1445 4051 σοὶ
1475 4000 1765 4071 ἀτρέστως

192 4077 415 4150 ᾤκησε,
452 4083 844 4155 καθαρωτέραν
889 4088 1139 4158 εὑρηκὼς
1174 4092 1373 4159 ὁρατῆς
1419 4094 1510 4144 καὶ
1545 4094 1767 4162 vanum;

192 4186 292 4239 νης
314 4209 330 4233 ,
369 4171 506 4239 ἁγνὴ
539 4173 782 4244 Παρθένε
804 4216 818 4239 ,
865 4176 1079 4245 φύσεως
1100 4195 1113 4208 ·
1144 4179 1225 4231 διό
1262 4196 1319 4231 σε
1364 4182 1764 4251 μακαρίζομεν.

280 4350 350 4403 Ἦ
389 4352 614 4421 λαμπὰς
641 4353 735 4407 τοῦ
785 4354 931 4408 θείου
965 4358 1162 4425 φωτὸς,
1199 4359 1231 4427 ἡ
1268 4359 1514 4429 ἀνωτέρα
1551 4361 1770 4414 πάντων

196 4442 309 4494 τῶν
342 4444 686 4513 ποιημάτων,
717 4449 748 4511 ἡ
788 4447 878 4499 τὸν
903 4447 1190 4519 ἄνθρωπον
1221 4450 1493 4517 θεώσασα,
1533 4452 1608 4517 ὡς
1638 4453 1771 4506 Θεὸν

200 4533 456 4603 κυήσασα
478 4573 491 4593 .
522 4536 616 4586 καὶ
639 4534 900 4599 Θεοτὸκος
923 4538 1224 4605 δοξάζεται.

1908 1285 1951 1339 0
1979 1283 2302 1338 miraculum
2350 1281 2598 1335 omnium
2631 1281 3024 1334 miraculorum
3088 1277 3415 1337 maximum.

1841 1380 1983 1447 quod
2029 1377 2191 1444 Virgo
2246 1378 2562 1444 concipiens
2617 1374 2737 1428 sine
2768 1374 2906 1425 virili
2941 1387 3105 1441 opera
3143 1370 3196 1424 in
3261 1378 3417 1423 uti-ro

1842 1489 1941 1524 suo
1978 1472 2132 1524 illuni
2195 1469 2284 1537 qui
2323 1469 2570 1522 universa
2630 1464 3029 1535 complectitur,
3092 1464 3246 1517 illum
3304 1477 3411 1515 ltutt

1844 1561 2165 1618 coarctavit.
2550 1620 2553 1621 ν

1920 1653 1964 1708 Ο
2002 1652 2092 1707 Dei
2136 1665 2331 1718 sponsa
2374 1634 2560 1718 Virgo,
2596 1662 2717 1719 qua!
2753 1647 2965 1717 absque
3000 1645 3256 1713 nuptialis
3287 1645 3409 1697 tha-

1853 1744 1979 1799 lami
2009 1742 2402 1813 experimento,
2465 1750 2519 1795 et
2549 1741 2757 1810 absque
2812 1738 3039 1795 seminis
3074 1736 3425 1805 corruptione

1856 1836 2206 1905 Unigenitum
2247 1832 2426 1889 Patris
2457 1831 2778 1901 concepisti,
2833 1839 2887 1886 ct
2921 1830 2975 1885 in
3033 1844 3198 1885 carne
3261 1842 3420 1897 pepe-

1854 1929 1994 1990 risti,
2031 1944 2096 1983 ex
2133 1926 2495 1983 immaculatis
2525 1923 2885 1995 sanguinibus
2938 1920 3072 1987 tuis,
3131 1935 3200 1976 ne
3239 1933 3425 1975 cesses

1857 2036 2042 2091 preces
2069 2018 2349 2076 cn‘undere
2390 2033 2487 2088 pro
2516 2018 2694 2071 salute
2729 2014 2941 2069 mundi.

1926 2113 2005 2168 Me
2037 2112 2219 2167 multis
2246 2109 2503 2182 periculis
2538 2107 2962 2169 circumdatum,
2985 2114 3042 2160 et
3070 2112 3419 2174 peccatorum

1858 2210 2176 2274 tempestate
2212 2200 2682 2272 periculosissime
2709 2198 3000 2269 jactatum,
3038 2196 3210 2263 dirige
3278 2210 3425 2248 nunc

1857 2295 2095 2366 Spiritus
2122 2294 2296 2347 sancti
2329 2308 2464 2347 aura
2498 2291 2565 2346 ad
2604 2290 3013 2361 pacatissimam
3048 2289 3358 2348 stationem,
3392 2302 3426 2337 υ

1858 2388 1947 2443 Dei
1982 2386 2211 2457 genitrix
2265 2384 2516 2448 Domina,
2575 2394 2764 2451 portus
2802 2381 2947 2435 enim
2995 2395 3054 2435 es
3084 2377 3425 2433 Christiano-

1859 2495 2021 2543 rum;
2066 2479 2421 2548 quamobrem
2456 2486 2507 2529 te
2568 2472 2727 2546 134
2778 2473 3066 2527 laudamus
3132 2472 3185 2525 in
3243 2469 3427 2524 omnia

1860 2572 2079 2626 sxecula.

1929 2663 2097 2718 Mater
2126 2661 2399 2716 Creatoris
2422 2658 2763 2715 lucidissima
2797 2665 3120 2713 maestorum
3173 2652 3430 2707 conseia-

1862 2758 1953 2817 tio,
1989 2755 2409 2826 periclitantium
2444 2752 2739 2823 protectio,
2775 2759 2829 2805 et
2868 2748 3237 2804 laborantium
3270 2746 3429 2799 auxi-

1862 2852 2015 2909 lium.
2053 2858 2215 2915 atque
2242 2844 2627 2915 aegrotandum
2655 2844 2806 2898 velox
2865 2841 3134 2903 visitatio,
3195 2846 3253 2892 tu
3319 2851 3427 2896 me.

1862 2940 2102 3013 quattdiu
2137 2939 2343 3000 vixero,
2373 2936 2612 2992 custodi.

2354 3105 2603 3162 MENSIS
2636 3103 2903 3185 Junius.

1862 3245 1946 3302 Ea:
1974 3244 2186 3302 Conone
2209 3246 2263 3298 in
2296 3242 2429 3313 festa
2454 3240 2556 3297 SS.
2589 3238 2817 3363 Cognati.
2847 3248 2897 3293 et
2932 3237 3183 3292 Damimti
3231 3243 3434 3307 marty-

2461 3328 2606 3363 rum.
2704 3326 2751 3363 te
2815 3347 2828 3362 .

2461 3328 2606 3373 rum,
2665 3326 2751 3365 ate
2781 3326 2799 3362 ι
2815 3347 2828 3362 .

1937 3450 2014 3506 Te
2052 3450 2143 3505 Dei
2179 3449 2359 3504 sedem
2415 3460 2481 3501 ac
2535 3443 2962 3514 possessionem,
2999 3453 3241 3493 mensam
3278 3437 3437 3506 spiri-

1867 3544 2054 3607 talem,
2096 3541 2332 3612 speciem
2375 3554 2439 3594 ac
2474 3536 2935 3608 pulchritudinem
2970 3530 3159 3595 Jacoh,
3219 3539 3434 3599 pontem

1868 3635 2098 3705 trajectu
2147 3629 2524 3686 felicissimum
2559 3643 2625 3682 ac
2671 3624 3017 3685 facillimum,
3089 3620 3287 3675 scalam
3321 3628 3438 3671 sta-

1867 3727 2030 3781 bilem
2065 3732 2230 3793 atque
2271 3720 2638 3783 immobilem,
2693 3731 2892 3771 omnes
2925 3712 3209 3769 hominum
3278 3724 3439 3779 gene-

1867 3819 2108 3873 rationes
2149 3830 2273 3871 cum
2308 3813 2501 3868 affectu
2538 3812 2753 3866 beatam
2791 3817 3195 3875 nuncupamus.
3246 3816 3281 3856 ο
3332 3802 3437 3854 imo

1870 3908 2169 3962 maculata.

1938 3999 2031 4053 Ille
2062 3998 2152 4068 qui
2181 3994 2545 4050 formidabilis
2585 4000 2667 4047 est
2690 3989 2943 4060 supernis
2973 3984 3327 4044 exercitibus.
3386 3982 3438 4034 in

1876 4101 1929 4144 te
1961 4088 2316 4144 inenarrabili
2355 4087 2515 4141 modo
2536 4082 2822 4144 habitavit,
2849 4095 2882 4132 ο
2911 4089 3060 4133 casta
3090 4074 3275 4144 Virgo.
3315 4088 3439 4128 cum

1873 4194 1925 4235 te
1953 4181 2105 4235 omni
2136 4190 2333 4233 natura
2385 4176 2607 4238 visibili,
2670 4181 2836 4241 atque
2867 4165 3200 4236 intelligibiii
3261 4162 3443 4233 purio-

1877 4289 1991 4327 rem
2030 4271 2324 4326 invenisset
2362 4286 2374 4321 :
2412 4275 2697 4338 propterea
2734 4273 2786 4319 te
2830 4262 3046 4315 beatam
3088 4256 3440 4327 appellamus.

1946 4365 2179 4433 Lampas
2205 4362 2401 4415 divina:
2440 4359 2600 4419 lucis,
2640 4354 2893 4424 superior
2915 4349 3172 4405 omnibus
3217 4355 3438 4401 creatu-

1874 4457 1968 4522 ris,
2024 4471 2145 4526 quae
2204 4453 2480 4510 hominem
2527 4448 2823 4509 deiﬁcavit,
2863 4444 3061 4515 quippe
3099 4455 3221 4511 qua!
3275 4439 3444 4491 Dt‘um

1874 4547 2165 4619 pepererit,
2225 4545 2455 4614 Deipara
2494 4540 2851 4610 gloriﬁcatur.

283 4626 590 4681 Ἀνὰτειλὸν
622 4646 735 4697 μοι,
768 4629 1058 4692 Δέσποινα,
1098 4631 1291 4683 ἀκτῖνα
1324 4632 1476 4696 Θείας
1515 4633 1769 4700 γνώσεως

1942 4638 2086 4694 Oriri
2122 4637 2209 4693 fac
2239 4651 2402 4705 super
2427 4650 2536 4697 me,
2571 4632 2819 4694 Domina,
2854 4629 3067 4683 radium
3095 4624 3294 4678 divina:
3344 4636 3440 4675 co-

197 4718 277 4787 τῷ
308 4720 368 4771 ὲν
396 4717 474 4789 τῷ
509 4720 686 4789 σκότῳ
720 4723 817 4790 τῆς
854 4722 1131 4788 ἀγνωσίας
1167 4722 1357 4786 δεινῶς
1392 4725 1765 4795 συνεχομένῳ,

200 4810 299 4862 καὶ
336 4811 473 4878 προς
511 4811 626 4879 φῶς
666 4811 928 4883 ὀδήγησον
973 4815 1284 4884 μετανοίας,
1317 4815 1575 4887 ἄχραντε,
1625 4818 1769 4888 πύλη

199 4897 338 4954 οὖσα
362 4901 457 4953 τοῦ
483 4903 679 4970 φωτός.

272 4992 457 5045 Σῶσὸν
512 5012 601 5063 με,
653 4995 957 5066 ήτεκοῧσα
997 4998 1090 5050 τὸν
1140 4998 1408 5069 Σωτῆραο
1463 4998 1623 5069 βυθὸς
1666 5001 1774 5073 γὰρ

202 5087 570 5155 συνταράσσει
614 5102 678 5155 με
731 5089 1187 5158 ἁμαρτημάτων,
1252 5092 1346 5143 καὶ
1396 5090 1647 5160 χειμάζει
1705 5111 1773 5160 με

200 5175 496 5228 κλυδώνιον
545 5176 776 5246 ἡδονῶν,
828 5180 923 5231 καὶ
970 5179 1105 5247 ζάλη
1148 5180 1258 5233 τῶν
1297 5184 1629 5254 πνευμάτων
1674 5184 1776 5254 τῆς

205 5268 474 5335 πονηρίας
503 5268 740 5321 ὲκϐλίῦει
778 5286 866 5340 με.

280 5362 665 5431 Καταϐήσεται
692 5364 945 5434 Χριστὸς,
977 5365 1053 5429 ὡς
1090 5366 1241 5428 ὑετὸς
1270 5366 1362 5418 ἐπὶ
1388 5368 1573 5431 πόκον,
1609 5369 1666 5418 ὲν
1708 5369 1773 5436 τῇ

208 5458 408 5529 γαστρί
449 5475 564 5521 σου,
601 5457 992 5529 οεοχαρίτωτε,
1030 5460 1275 5521 καὶτοὺς
1305 5459 1640 5528 χειμάρρους
1676 5458 1775 5525 τῆς

208 5550 438 5618 ἀνομίας
485 5550 827 5605 καταπαύσει
866 5552 943 5615 ὡς
990 5552 1139 5616 Θεὸς,
1185 5552 1279 5605 καὶ
1326 5549 1636 5620 ἀφθαρσίαν
1683 5550 1777 5602 καὶ

210 5639 620 5713 ζωὴνπηγάσει
648 5646 763 5708 τοῖς
803 5644 1118 5715 μέλπουσιν,
1164 5643 1469 5715 Εὐλογητὸς
1513 5644 1540 5697 6
1569 5644 1701 5707 Θεὸς
1749 5644 1777 5695 6

211 5730 321 5784 τῶν
348 5733 629 5804 Πατέρων.

290 5910 472 5975 ter")
503 5914 852 5969 Desideratur
886 5914 939 5971 in
971 5914 1207 5971 Menteis.

1873 4732 2154 4802 guitionis,
2185 4744 2309 4784 cum
2336 4726 2573 4782 tenebris
2602 4721 2925 4794 ignorantia:
2943 4719 3177 4790 graviter
3209 4728 3447 4784 oppres-

1873 4841 1967 4877 sus
2000 4824 2227 4888 sinuet
2253 4820 2429 4875 deduc
2486 4833 2573 4872 me
2628 4814 2697 4869 ad
2761 4814 2949 4867 lumen
3003 4805 3364 4879 ptenitcntiae,
3412 4818 3449 4856 ο

1875 4915 2247 4977 immaculata,
2280 4928 2402 4968 cum
2435 4911 2513 4964 sis
2544 4916 2697 4978 porta
2730 4904 2889 4960 lucis.

1954 5007 2115 5063 Salva
2158 5020 2266 5070 me,
2303 5014 2361 5058 tu
2400 5016 2523 5070 quae
2590 4997 2931 5053 Satvatorcm
2967 4988 3269 5062 peperisti;
3312 5001 3449 5071 pro-

1883 5099 2112 5154 fundum
2141 5096 2345 5167 quippe
2368 5099 2716 5163 peccatorum
2752 5084 3052 5141 conturbat
3082 5096 3203 5144 me;
3234 5086 3290 5131 et
3316 5090 3447 5130 exa-

1884 5190 2019 5259 gitat
2058 5203 2142 5242 me
2171 5193 2467 5254 tempestas
2526 5176 3117 5248 concupiscentiarum,
3188 5168 3448 5238 maligno-

1884 5293 2113 5344 rumque
2146 5276 2431 5346 spirituum
2466 5270 2702 5341 procella
2736 5267 2921 5336 aﬂligit
2955 5278 3062 5318 me.

1961 5369 2116 5440 135
2141 5365 2436 5421 Descendct
2456 5363 2711 5417 Christus
2733 5360 2874 5413 sicut
2898 5356 3079 5425 pluvia
3101 5353 3154 5406 in
3179 5350 3371 5440 vellus,
3396 5346 3452 5440 in

1886 5439 2099 5515 uterum
2138 5467 2313 5519 tuum,
2346 5471 2379 5510 ο
2409 5456 2518 5509 Deo
2545 5452 2873 5507 charissima
2902 5466 2917 5515 ;
2959 5457 3013 5501 et
3047 5453 3317 5499 torrentes
3345 5439 3450 5493 itii-

1884 5550 2108 5620 quitatis
2131 5562 2349 5604 cessare
2378 5546 2557 5609 faciet,
2595 5552 2781 5613 utpote
2815 5540 2996 5604 Deus;
3031 5546 3197 5605 atque
3226 5534 3450 5587 immor-

1887 5646 2147 5700 talitatem
2180 5656 2246 5696 ac
2285 5640 2453 5695 vitam
2486 5639 2540 5692 in
2573 5636 2794 5691 modum
2841 5632 3009 5686 fontis
3056 5624 3332 5684 etnanabit
3386 5621 3456 5677 iis

1888 5735 1981 5805 qui
2020 5741 2223 5789 canunt
2260 5751 2274 5786 :
2318 5730 2638 5787 Benedictus
2687 5726 2831 5781 Deus
2857 5722 3099 5779 Patrum.
