4166 6458
809 407 943 473 1'39

806 625 891 669 tor
923 617 1190 680 omnium,
1232 627 1395 686 atque
1425 620 1591 672 exivit
1628 621 1697 673 ah
1747 631 1901 674 utero
1930 631 2043 686 tuo,
2106 626 2367 695 virginem

805 721 857 761 te
883 723 1232 764 conservans.
1265 708 1311 765 Ο
1332 711 1654 765 miraculum
1690 714 2110 769 miraculorum!
2143 733 2176 771 ο
2210 734 2371 771 novo-

807 814 925 852 rum
989 802 1371 869 mysteriorum
1438 803 1842 868 manifestatio,
1882 821 2002 874 qua:
2037 806 2090 859 in
2139 816 2190 861 te
2227 807 2368 862 facta

805 900 929 944 sunt
969 890 1022 945 in
1052 893 1231 946 omnia
1264 894 1485 948 smcula.

871 982 915 1037 Ο
954 986 1126 1055 virgo,
1155 1001 1273 1054 quae
1306 986 1441 1056 ipsis
1466 986 1762 1041 Cherubiin
1800 991 2051 1059 superior
2108 998 2366 1061 :Ipparui.

803 1074 894 1137 sti,
926 1076 1075 1130 eliice
1107 1088 1343 1132 tuentem
1385 1095 1557 1132 meam
1586 1083 1900 1135 carnalibus
1964 1087 2364 1155 concupiscen-

804 1170 893 1222 tiis
926 1171 1158 1239 viteque
1195 1172 1590 1226 teutationibus
1637 1174 2019 1242 superiorem;
2047 1186 2101 1230 et
2125 1182 2363 1234 concede

802 1261 935 1314 mihi
974 1271 1030 1314 lit
1091 1264 1342 1331 expedite
1397 1262 1660 1334 facileque
1701 1265 1944 1319 inci-dam
1983 1285 2080 1337 pro
2140 1272 2362 1326 semitas

802 1352 1091 1415 salutares,
1123 1370 1244 1423 quae
1281 1355 1489 1410 ducunt
1518 1358 1585 1410 ad
1616 1371 1907 1425 supernam
1976 1360 2275 1428 civitatem,
2328 1381 2361 1417 υ

802 1444 1163 1498 immaculata.

1925 422 1984 480 S.
2027 420 2337 481 JOSEPHI
2384 425 2944 488 HYMNOGRAPHI

868 524 953 577 Ex
987 524 1159 576 sacris
1187 524 1546 592 sanguinibus
1600 527 1707 583 luis
1743 529 2059 584 incarnatus
2089 532 2362 587 estCrea-
2392 542 2431 598 Λ

3903 440 4039 503 litt)

2552 538 2640 601 Ἐξ
2668 540 2916 609 αἱμάτων
2955 556 3050 591 σου
3093 540 3254 607 ιερῶν
3285 541 3627 610 σεσάρκωται
3656 546 3683 596 ὁ
3724 544 4041 613 Πλαστουρ-

2472 631 2570 696 γὸς
2620 632 2648 683 ὁ
2696 631 2947 695 πάντων,
2980 632 3072 683 καὶ
3120 631 3214 684 σοῦ
3250 633 3518 703 προῆλθεν
3548 638 3613 687 ὲκ
3660 637 3936 705 γαστρὸς,
3980 638 4040 689 σὲ

2478 723 2751 793 παρθένον
2804 724 3173 791 διαφυλάξας·
3233 724 3279 777 ὣ
3341 725 3526 793 θαῦμα
3592 727 3926 797 θαυμάτωνί
3996 728 4042 780 ὦ

2475 817 2678 869 καινῶν
2719 817 3029 888 μυστηρίων
3073 818 3378 889 φανέρωσις
3412 821 3470 873 εν
3499 820 3583 873 σοὶ
3633 821 4042 891 πεπραγμένων

2476 910 2555 970 είς
2584 908 2791 971 πάντας
2818 911 2943 971 τοὺς
2971 910 3204 972 αίῶναςε

2544 999 2800 1065 Φανεῖσα,
2836 1001 3101 1070 Παρθένε,
3134 1001 3242 1055 τῶν
3268 1001 3552 1072 Χερουϐὶμ
3579 1002 3850 1069 ἀνωτέρα,
3902 1002 4041 1056 ἀνώ-

2472 1112 2628 1165 τερον
2674 1096 2986 1167 ἀπέργασαι
3027 1098 3118 1151 τὸν
3147 1098 3270 1152 νοῦν
3306 1117 3407 1169 μου
3452 1100 3559 1153 τῶν
3601 1098 3883 1171 σαρκικῶν
3916 1099 4038 1168 ἠδο-

2468 1187 2595 1251 νῶν,
2658 1190 2753 1241 καὶ
2799 1189 2892 1243 τοῦ
2924 1190 3040 1260 βίου
3073 1193 3421 1262 πειρασμῶν,
3468 1193 3560 1245 καὶ
3605 1192 3749 1246 δίδου
3794 1191 4037 1263 βαδίζειν

2467 1276 2743 1344 εὐσταλῶς
2792 1283 2890 1344 τὰς
2945 1282 3245 1354 σωτηρίους
3293 1283 3533 1354 τρίϐους,
3594 1283 3695 1347 τὰς
3744 1282 4038 1353 φερούσιςν

2470 1368 2724 1441 ἆχραντε,
2759 1374 2893 1444 πρὸς
2925 1375 3023 1445 τὴν
3056 1375 3167 1429 ἄνω
3198 1374 3371 1429 πόλιν.

1383 1561 1463 1615 Ea:
1491 1562 1705 1618 Canone
1730 1567 1838 1619 alio
1861 1569 1913 1620 in
1950 1566 2049 1621 SS.
2078 1568 2380 1638 Anargyros
2424 1569 2691 1635 Cosmum,
2747 1582 2797 1627 et
2843 1574 3159 1628 Damianum
3219 1577 3440 1647 (64"").

872 1676 1207 1731 Salvatoreni
1244 1693 1306 1732 ac
1336 1679 1504 1732 Deum
1540 1695 1603 1733 ex
1652 1681 1817 1734 castis
1856 1683 2216 1752 sanguinibus
2251 1684 2361 1739 luis

799 1771 1127 1838 corporasti,
1162 1785 1196 1824 ο
1231 1786 1364 1838 pura
1405 1780 1461 1825 et
1514 1772 1791 1835 inviolata,
1854 1774 1944 1843 qui
2002 1774 2149 1828 dedit
2204 1775 2363 1831 nobis

2540 1687 2824 1758 Templum
2858 1692 3120 1748 mundum
3159 1692 3286 1748 fecit
3319 1702 3392 1757 te,
3440 1693 3689 1757 Domina,
3732 1691 4035 1745 mundissi-

2474 1796 2621 1833 mum
2663 1781 2822 1853 136
2866 1781 3126 1847 Verbum,
3163 1784 3309 1854 quod
3358 1783 3599 1838 divinam
3627 1783 4035 1855 Anargyrorum

799 1862 1065 1917 salutares
1106 1863 1345 1917 medicos
1370 1864 1682 1933 passionum
1709 1876 2039 1930 nostrarum,
2071 1875 2125 1920 et
2156 1867 2370 1921 ferven-
2403 1863 2444 1921 Β
2474 1872 2773 1928 Ecclesiam
2800 1874 2972 1944 signis
3003 1890 3068 1931 ac
3104 1876 3366 1947 prodigiis
3423 1890 3642 1945 semper
3704 1876 4035 1945 magnilicat.

802 1961 882 2007 tes
908 1952 1243 2020 defensores,
1279 1956 1553 2023 sapientes
1582 1956 1893 2026 Anargyros
1926 1958 1977 2009 in
2009 1958 2222 2025 spiritu.

869 2045 947 2101 Te
979 2047 1441 2116 speciosissimam
1485 2047 1626 2101 inter
1654 2049 1909 2102 mulieres
1935 2049 2095 2119 elegit
2123 2049 2282 2115 Deus,
2314 2061 2367 2105 et

799 2156 864 2194 ex
904 2150 955 2194 te
987 2141 1361 2209 corporaliter,
1396 2156 1429 2191 0
1461 2151 1632 2203 casta,
1666 2142 1813 2194 nasci
1866 2143 2197 2211 complacuit
2239 2144 2364 2207 sibi,

798 2233 889 2299 qui
918 2232 1207 2301 requiesi-it
1241 2233 1294 2285 in
1323 2233 1529 2287 sanctis
1559 2234 1700 2287 suis.

864 2320 1260 2391 Compassione
1290 2333 1379 2377 tua
1408 2324 1630 2394 dignum
1665 2341 1751 2379 me
1781 2326 1887 2388 fac,
1920 2342 1952 2379 ο
1989 2325 2155 2396 Virgo
2185 2328 2362 2381 invio-

797 2418 926 2477 lata,
960 2429 1082 2482 qua:
1115 2415 1369 2483 peperisti
1428 2415 1659 2469 Verbum
1714 2417 1872 2471 unice
1929 2419 2364 2486 compassivissi—

798 2522 970 2567 mum.
1010 2507 1154 2576 quod
1185 2509 1462 2561 concessit
1490 2508 1760 2562 universis
1797 2510 1996 2563 ﬁnibus
2032 2520 2187 2564 terra:
2216 2510 2360 2566 Sane

796 2606 913 2651 ctos
953 2597 1348 2666 compatientes
1379 2598 1637 2665 medicos,
1668 2609 1723 2654 et
1754 2601 2144 2655 miraculorum
2177 2612 2361 2673 patra-

797 2699 969 2744 ιοι·εε.

868 2778 1202 2850 Sapientiam
1243 2783 1333 2838 Dei
1368 2785 1779 2841 substantialem
1824 2788 2104 2857 peperisti,
2140 2804 2174 2839 o
2199 2788 2363 2857 Virgo

796 2871 1057 2927 inviolata
1086 2874 1337 2945 Deipara.
1367 2892 1488 2946 quae
1528 2889 1745 2933 sanctos
1777 2880 2216 2950 sapientissimos
2262 2895 2362 2934 no-

797 2964 881 3017 bis
928 2969 1225 3031 concessit,
1266 2983 1363 3037 per
1388 2984 1529 3038 quos
1553 2971 1773 3025 malitia:
1830 2972 2115 3027 architecti
2166 2972 2363 3025 cecidit

795 3054 993 3121 fastus,
1026 3067 1077 3112 et
1102 3060 1425 3128 gravissima
1456 3071 1865 3132 stratagemata.

2552 1986 2597 2042 Ο
2635 1987 2805 2045 Maria
2850 1990 3000 2059 virga
3051 2006 3173 2061 qua:
3200 1990 3517 2059 gerininasti
3546 2004 3611 2043 ex
3643 1989 3825 2042 radice
3848 1986 4027 2051 Jesse,

2472 2079 2771 2148 protulisti,
2827 2080 3108 2143 inviolata,
3160 2082 3344 2135 liorem
3400 2078 3705 2144 Christum,
3742 2078 3837 2147 qui
3888 2077 4040 2130 velut

2469 2170 2715 2236 ﬂoribus,
2741 2172 3015 2227 miraculis
3036 2180 3264 2227 exornat
3286 2171 3515 2227 famulos
3536 2185 3667 2226 suos
3693 2171 4032 2239 Anargyros.

2538 2286 2821 2355 Perempta
2852 2295 2936 2341 est
2965 2300 3111 2340 mors
3142 2286 3195 2339 in
3224 2295 3306 2351 te;
3341 2285 3505 2340 vitam
3526 2284 3671 2339 enim
3698 2279 4036 2337 substantia-

2472 2378 2574 2432 lem
2603 2378 2858 2447 peperisti
2890 2377 3167 2433 Christum
3195 2376 3506 2439 Dominum,
3537 2393 3571 2430 ο
3599 2374 3879 2438 inviolata,
3912 2386 4030 2443 pro~

2472 2477 2729 2523 tectorem
2761 2467 2880 2521 vita:
2910 2475 3129 2534 nostrae,
3158 2469 3250 2539 qui
3286 2470 3593 2539 Anargyros
3618 2466 3860 2521 medicos
3887 2463 4030 2518 dedit

2473 2560 2540 2616 iis
2561 2561 2652 2630 qui
2700 2559 2975 2615 clamant:
3001 2559 3314 2615 Benedicite
3342 2563 3547 2616 omnia.

2542 2675 2704 2730 Facta
2731 2690 2810 2736 es,
2836 2691 2870 2729 ο
2898 2674 3083 2747 Virgo,
3116 2676 3453 2730 domicilium
3510 2676 3651 2730 lucis
3710 2673 3876 2737 illius,
3912 2686 4028 2741 qua

2467 2764 2722 2820 universa
2774 2765 3119 2828 illuminavit,
3190 2776 3243 2819 et
3295 2764 3555 2821 luciferas
3605 2771 3826 2818 sanctos
3888 2776 4036 2814 nunc

2466 2856 2761 2920 concessit,
2796 2855 2890 2924 qui
2954 2856 3358 2910 mortiferarum
3409 2855 3724 2926 passionum
3775 2851 4036 2905 tenebras

2466 2948 2521 3001 in
2553 2948 2745 3019 spiritu
2773 2948 3079 3015 eliminant,
3105 2963 3137 3002 ο
3161 2949 3275 3003 sola
3310 2964 3523 3019 semper
3552 2947 3810 3003 inviolata
3844 2945 4037 3016 Virgo.

1530 3179 1615 3235 Ea:
1655 3182 1865 3237 Canone
1900 3184 2007 3237 alio
2030 3185 2085 3237 in
2118 3184 2220 3239 SS.
2252 3186 2557 3255 Anargyros
2581 3184 2843 3246 Cosmum,
2876 3190 2925 3234 et
2948 3180 3287 3235 Damianum.

865 3288 1092 3344 Eﬂunde
1120 3306 1283 3360 super
1318 3306 1433 3357 nos,
1470 3309 1634 3355 nunc.
1659 3309 1693 3348 ο
1718 3305 1888 3357 casta,
1919 3297 2095 3350 stillas
2123 3297 2320 3350 misera
2379 3305 2423 3365 ρ
2457 3306 2615 3365 partu
2638 3304 2731 3348 tuo
2758 3294 3107 3363 conjunxit,o
3136 3292 3462 3354 castissima,
3494 3288 3765 3345 custodiat
3793 3288 3848 3342 in
3881 3298 4033 3342 tran-

791 3382 1001 3435 tionum
1039 3391 1279 3446 tuarum,
1319 3392 1372 3436 tu
1407 3399 1529 3453 quae
1558 3386 1783 3452 bonum,
1816 3397 1870 3441 et
1905 3388 2081 3456 pium,
2107 3397 2167 3441 et
2198 3390 2360 3441 mise-

791 3485 1025 3527 ratorem
1052 3474 1395 3531 itu-ﬂ‘abiIiter
1427 3479 1704 3546 peperisti,
1763 3489 1927 3549 atque
1977 3481 2357 3535 universorum

791 3581 935 3619 nunc
965 3566 1276 3634 prmsidium
1312 3570 1551 3625 exsistis.

866 3658 955 3713 llle
994 3661 1085 3729 qui
1111 3659 1259 3715 solus
1283 3670 1366 3714 est
1398 3661 1592 3724 bonus,
1618 3663 1767 3716 solus
1803 3663 1991 3716 intime
2018 3663 2355 3728 misericors,

788 3752 1193 3805 immaculatam
1250 3754 1466 3806 vulvam
1493 3762 1641 3806 tuam
1688 3754 1972 3824 ingressus
2001 3765 2107 3816 est,
2164 3752 2197 3808 ὸ
2251 3764 2359 3809 tota

788 3845 1166 3910 immaculata,
1202 3850 1391 3900 volens
1436 3861 1535 3900 nos
1576 3847 1926 3914 passionibns
1979 3849 2215 3917 pollutos
2269 3865 2357 3902 re-

787 3935 1042 3991 formare.

859 4027 917 4080 In
952 4038 1023 4093 te,
1055 4045 1087 4081 ο
1126 4028 1286 4096 Virgo
1345 4028 1439 4083 Dei
1500 4028 1692 4095 Mater,
1738 4046 1862 4100 spes
1912 4047 2060 4086 meas
2119 4034 2357 4102 reposui,

790 4136 875 4173 me
906 4120 973 4172 ab
1005 4121 1152 4173 omni
1182 4121 1353 4175 hostis
1382 4123 1585 4175 malitia
1616 4138 1738 4176 esse
1778 4124 2143 4177 liberandum.

855 4211 900 4265 Ο
938 4210 1166 4266 Domina
1214 4223 1386 4277 casta,
1443 4230 1565 4283 qua:
1634 4214 1801 4269 Deum
1870 4216 2218 4271 incarnatum
2278 4217 2361 4270 in-

787 4304 1274 4372 comprehensibili
1306 4306 1467 4359 modo
1498 4306 1786 4373 peperisti,
1835 4308 2083 4360 eumdem
2143 4323 2359 4376 semper

788 4398 1102 4465 deprecare,
1134 4406 1193 4450 ut
1228 4412 1313 4451 me
1344 4412 1373 4450 a
1405 4398 1718 4451 carnalibus
1767 4398 2153 4466 passionibus,
2188 4408 2242 4452 ct
2290 4401 2358 4453 ab

783 4488 1003 4543 :eternis
1031 4489 1320 4543 tormentis
1354 4488 1569 4559 eripiat.

857 4583 949 4639 Ille
980 4582 1076 4652 qui
1106 4582 1362 4638 inferiora
1394 4585 1769 4653 superioribus
1800 4586 1852 4639 in
1910 4586 2349 4655 supernaaturali

795 4720 878 4776 Ea:
901 4720 1113 4777 Canone
1150 4724 1204 4776 in
1239 4722 1376 4789 festo
1417 4719 1475 4775 S.
1535 4721 1749 4777 Thamar
1782 4724 2073 4778 Palu-ensis
2101 4735 2147 4777 et
2177 4723 2359 4794 S.Cyo

1247 4794 1407 4845 riam:
1434 4794 1706 4863 martyris,
1735 4795 1820 4847 die
1842 4796 1894 4849 7.

860 4964 1047 5019 Mortis
1097 4968 1358 5036 impetum
1409 4965 1739 5035 repressisti,
1770 4983 1803 5020 ο
1849 4980 2018 5033 casta,
2072 4970 2350 5024 Christum

788 5060 1222 5114 immortalitatis
1252 5061 1495 5115 datorem
1525 5061 1709 5123 enixa,
1744 5077 1906 5130 quem
1949 5078 2071 5115 cum
2101 5063 2349 5119 infernus

784 5150 1096 5203 voluntario
1123 5149 1345 5203 decreto
1387 5158 1659 5203 mortuum
1712 5151 1956 5210 vidisset.
1998 5156 2346 5209 contremuit.

852 5242 897 5295 0
929 5240 1115 5312 Virgo,
1142 5258 1260 5311 qua:
1283 5244 1670 5298 subsistentem
1705 5242 1797 5298 Dei
1831 5244 2162 5315 Sapientiam
2187 5262 2349 5316 pepe-

784 5335 928 5400 risti,
964 5350 994 5389 a
1026 5335 1272 5404 sophista
1314 5336 1533 5390 malitia:
1565 5335 1735 5392 libera
1770 5353 1856 5393 me
1879 5339 2210 5395 mediatione
2236 5350 2347 5407 tua,

781 5444 815 5484 ο
847 5431 961 5485 sola
994 5446 1187 5486 carens
1240 5433 1387 5487 omni
1425 5432 1565 5488 labe.

853 5520 1073 5588 Libera,
1106 5540 1139 5579 ο
1176 5524 1343 5594 Virgo
1371 5527 1703 5591 castissima,
1736 5528 1804 5582 ab
1854 5531 2003 5583 omni
2041 5529 2212 5585 hostis
2242 5532 2348 5586 lie-

780 5612 954 5676 sione,
1007 5628 1103 5669 eos
1158 5615 1251 5685 qui
1306 5629 1571 5671 noverunt
1626 5628 1676 5673 te
1712 5635 1891 5674 veram
1954 5636 2074 5677 esse
2102 5619 2194 5676 Dei
2232 5637 2346 5676 ma-

781 5714 938 5759 trem.

2463 3388 2631 3457 quillo
2664 3397 2808 3441 statu
2835 3402 2956 3453 nos,
2984 3387 3075 3456 qui
3107 3396 3159 3440 te
3192 3386 3440 3440 laudibus
3466 3384 3791 3439 exaltamus.

2533 3478 2684 3535 Mons
2714 3478 2829 3542 Dei,
2858 3493 2922 3532 es
2956 3491 3063 3547 quo
3094 3475 3307 3530 Veritas
3341 3474 3741 3537 manifestatur,
3784 3482 3843 3527 tu
3884 3488 3968 3537 es,
4001 3486 4034 3525 ο

2464 3572 2628 3641 Virgo
2691 3569 2847 3640 137
2888 3578 3061 3633 casta,
3105 3568 3158 3622 in
3192 3582 3303 3638 quo
3336 3582 3461 3621 eum
3524 3565 3885 3620 inhabitasset
3920 3564 4030 3627 ille,

2462 3667 2557 3736 qui
2593 3675 2676 3719 est
2709 3661 3295 3733 incomprehensibilis,
3356 3659 3669 3714 hominibus
3731 3656 3906 3709 voluit
3953 3657 4032 3709 si-

2462 3756 2608 3809 milis
2640 3756 2754 3809 lieri
2790 3762 3008 3825 propter
3030 3767 3315 3807 excessum
3339 3749 3727 3805 misericordiae
3752 3762 3908 3801 sum:
3942 3747 4031 3799 cui

2460 3849 2746 3918 psallimus
2778 3864 2791 3901 :
2824 3846 3145 3900 Benedictus
3175 3860 3256 3909 es,
3290 3854 3398 3899 etc.

2532 3940 2693 4005 Ecce,
2724 3956 2757 3993 ο
2785 3940 2966 3993 anima
3004 3954 3147 4001 mea,
3182 3947 3335 4005 porta
3368 3936 3529 3995 lucis.
3554 3948 3675 4003 qua:
3704 3949 3855 3988 nunc
3903 3949 4032 4003 ape-

2461 4034 2532 4087 rit
2560 4033 2741 4087 aditns
2773 4033 3098 4098 poenitentiae
3133 4049 3147 4084 :
3176 4046 3303 4085 erce.
3331 4030 3543 4099 species
3602 4026 3800 4090 Jacoh;
3866 4028 4031 4081 unica

2462 4124 2743 4178 hominum
2782 4123 2947 4177 tutela
2987 4136 3053 4177 ae
3076 4120 3322 4175 defensio
3352 4138 3364 4173 :
3400 4119 3594 4173 festina
3637 4134 3735 4189 per
3762 4120 4033 4173 interces-

2461 4216 2647 4269 siones
2673 4215 2820 4268 illins
2851 4213 3115 4283 consequi
3146 4211 3603 4265 misericordiam.

2530 4307 2904 4376 Agnoscentes
2952 4318 3024 4368 te,
3055 4320 3089 4358 ο
3145 4302 3396 4367 Domina,
3450 4318 3574 4355 vere
3606 4300 3846 4355 lucidam
3910 4315 4030 4355 esse

2460 4400 2659 4453 nubem
2693 4396 2835 4451 Solis
2862 4397 3089 4465 justitize
3116 4411 3212 4466 per
3252 4404 3399 4449 tuam
3465 4394 3916 4449 intercessionem
3964 4394 4030 4446 ab

2459 4486 2870 4543 obscurissimis
2898 4486 3161 4549 tenebris,
3194 4494 3249 4538 et
3275 4484 3344 4536 ab
3371 4492 3574 4538 aeterno
3604 4482 3875 4553 supplicio
3898 4480 4031 4536 libe-

2461 4598 2669 4645 remur,
2706 4597 2739 4636 ο
2766 4582 2835 4635 ab
2867 4582 3015 4634 omni
3046 4594 3200 4633 mevo
3229 4578 3418 4632 libera.

2468 4722 2569 4776 Ἐκ
2608 4722 2714 4775 τοῦ
2744 4720 3007 4783 Κανόνος
3048 4721 3135 4781 εὶς
3185 4716 3293 4769 τὸν
3326 4716 3501 4784 ἅγιον
3561 4711 3776 4782 Θωμᾶν
3816 4714 3927 4768 τὸν
3963 4715 4029 4768 ἐι·

2526 4792 2606 4857 τῷ
2636 4788 2895 4856 Παλαιῷ,
2917 4789 3014 4843 καί
3038 4788 3155 4857 τὴν
3185 4788 3363 4857 ἁγίαν
3390 4785 3663 4855 μάρτυρα
3692 4787 4024 4853 Κυριακὴν.

2522 4864 2711 4932 ἡμέρᾳ
2743 4860 2806 4922 ('-

2530 4978 2758 5049 Ῥύμην,
2788 4976 2950 5044 ἁγνὴ,
2977 4974 3072 5028 τοῦ
3110 4972 3343 5026 θανάτου
3377 4969 3693 5032 ἀνέστειλας
3724 4968 4024 5032 ἀθανασίας

2453 5074 2713 5146 πρόξενον
2741 5070 2976 5143 Χριστὸν
3009 5070 3281 5137 κυήσασα,
3317 5064 3375 5118 ὃν
3411 5063 3440 5116 ὁ
3471 5062 3602 5133 ᾇδης
3636 5060 3875 5117 θανέντα
3908 5062 4027 5133 pou-

2455 5166 2611 5236 λήσει
2642 5164 2864 5235 ἑκουσίᾳ
2901 5160 3023 5215 ίδὼν
3047 5159 3367 5230 ὲτρόμαξεν.

2528 5259 2730 5327 Σοφίαν
2758 5256 2852 5310 τοῦ
2888 5254 3024 5308 Θεοῦ
3057 5254 3159 5325 τὴν
3189 5251 3555 5304 ὲνυπόστατον
3584 5248 3852 5313 τεκοῦσα,
3884 5251 4026 5317 "np.

2452 5351 2595 5416 θένε,
2622 5350 2717 5405 τοῦ
2745 5348 2999 5418 σοφιστοῦ
3034 5364 3102 5418 με
3127 5346 3230 5415 τῆς
3260 5343 3461 5406 κακίας
3487 5341 3837 5413 ἐκλύτρωσον
3865 5361 4014 5413 μεσι-

2446 5444 2568 5514 τείᾳ
2606 5462 2721 5506 σου⁹
2762 5443 2898 5514 μόνη
2932 5439 3331 5511 παναμώμητε,

2530 5534 2719 5588 Ῥὖσαι
2754 5533 2935 5601 πάσης
2954 5533 3251 5596 κακώσεως
3279 5532 3373 5586 τοῦ
3402 5530 3717 5603 δυσμενοῦς,
3752 5526 4022 5597 Παρθένε,

2456 5628 2587 5692 τοὺς
2615 5626 2822 5692 εἰδότας
2849 5626 3066 5698 ἀληθῶς
3095 5625 3231 5680 Θεοῦ
3268 5642 3326 5680 σε
3361 5625 3598 5698 μητέρα,
3630 5624 3904 5693 πάνατνε.

849 5862 1053 5931 (ﬁrm)
1092 5863 1190 5921 Hic
1215 5882 1391 5922 canon
1414 5882 1537 5922 cum
1572 5867 1819 5937 sequenti
1846 5868 1999 5924 deest
2024 5868 2081 5925 in
2120 5867 2344 5925 Menaeis
2379 5868 2686 5940 impressis.
