4166 6458
228 389 355 452 1111

295 498 556 561 Ἐλυσας,
618 498 872 567 ἄχραντε,
908 496 1015 549 τῶν
1069 500 1428 568 προπατόρων
1476 501 1573 568 τὴν
1628 500 1789 569 ἀρὰν,
1822 505 1866 558 Α

229 588 429 652 τὲξασα
454 588 584 641 ἄνευ
618 588 839 658 σαρκὸς,
875 589 1070 656 σεμνὴ,
1101 590 1418 659 θελημάτων
1464 593 1554 644 τὸν
1608 591 1786 643 πάντα

228 680 297 747 τῷ
330 679 496 733 αὐτοῦ
529 679 791 750 θελήματι
816 681 945 751 θείῳ
972 682 1162 750 σαφῶς
1188 683 1553 737 οὑσιὼσαντα.

298 865 535 919 Βασιλέα
565 866 818 935 κυήσασα
853 867 1087 936 Χριστὸν
1118 864 1312 938 οἷάπερ
1343 866 1651 937 βασίλισσα,
1675 871 1790 920 Oeo-

224 958 515 1028 χαρίτωτε,
546 961 671 1019 τοὺς
697 960 791 1012 ἐπὶ
822 959 905 1011 σοὶ
947 960 1378 1031 προστρέχοντας
1419 960 1660 1031 οὐρανῶν
1693 959 1790 1030 βα-

224 1049 432 1111 σιλείας
451 1049 700 1113 ἀξίωσον.

308 1141 371 1192 ὐ
413 1141 574 1209 μόνος
602 1140 735 1203 Θεὸς
763 1141 930 1210 μόνην
959 1136 1087 1211 εὗρε
1121 1142 1366 1212 καθαρὰν
1400 1143 1499 1209 τὴν
1534 1143 1633 1210 σὴν
1684 1158 1789 1209 γα-

224 1231 418 1301 στέρα.
450 1232 565 1290 καὶ.
591 1234 938 1301 σωματοῦται
987 1235 1083 1287 καὶ
1145 1234 1467 1303 γνωρίζεται
1511 1234 1795 1303 ἄνθρωπος

226 1324 421 1386 σώζων
444 1324 535 1375 τὸν
560 1324 845 1393 ἄνθρωπον
865 1337 881 1353 ⁶
909 1326 1031 1379 ὅθεν
1060 1326 1134 1387 ὡς
1173 1327 1352 1378 καλῶν
1389 1343 1445 1379 σε
1476 1327 1652 1378 αἰτίαν
1678 1327 1796 1378 επι-

225 1410 810 1482 σταμενοιψάλλομεψ
842 1414 1189 1486 Εὐλογημένη
1226 1416 1412 1487 ήθεὸν
1463 1417 1643 1485 capaci;
1666 1415 1769 1484 κυή

228 1518 395 1557 σασα.

308 1592 371 1647 Ὀ
406 1595 727 1665 ὑπερούσιος
784 1596 914 1661 Θεὸς
943 1598 1179 1667 οὑσιώθη
1218 1601 1338 1653 καθ’
1387 1602 1532 1670 ἡμᾶς
1558 1604 1621 1654 ἐκ
1678 1605 1794 1667 σοῦ,

231 1682 502 1753 Παρθὲνε,
524 1686 617 1738 καὶ
643 1685 833 1756 ὼράοη
853 1688 928 1750 ὡς
958 1688 1157 1758 βρέφος
1186 1692 1213 1742 ὁ
1239 1690 1345 1758 πρὸ
1362 1690 1570 1745 αἰώνων
1600 1694 1799 1763 Πατέρι

227 1776 326 1826 καὶ
355 1774 486 1845 θείῳ
513 1779 872 1849 συνυπάρχων
909 1780 1187 1850 ιινεύματι
1212 1798 1224 1811 ·
1254 1783 1376 1835 ὅθεν
1404 1785 1478 1848 ὼς
1523 1785 1687 1837 αὑτοῦ
1740 1803 1799 1837 σε

225 1865 526 1937 δοξάζομεν
553 1870 785 1940 μητέρα.

304 2049 731 2113 Φωτεινοτάταις
760 2050 1009 2120 λαμπάσι
1044 2052 1139 2106 τοῦ
1181 2056 1246 2106 ὲκ
1277 2052 1371 2107 σοῦ
1405 2056 1797 2124 σαρκωθέντος,

233 2139 482 2208 Ιιαρθένε
512 2144 777 2209 παναγίσ,
803 2145 943 2214 ὑπὲρ
966 2144 1090 2197 νοῦν
1111 2147 1160 2197 οἱ
1184 2146 1448 2201 Θεοτὸκον
1471 2148 1673 2212 εἰδότες
1732 2166 1791 2202 σε

231 2233 588 2302 φωτιζόμεθα
610 2235 815 2301 πίστει,
843 2238 940 2290 καὶ
990 2238 1213 2301 σκότους
1260 2240 1667 2310 ὲκλυτρούμεθα
1696 2259 1801 2293 πα-

230 2326 371 2388 θῶν,
397 2329 491 2381 καὶ
524 2329 741 2384 πάντων
790 2331 1050 2385 κινδύνων
1088 2333 1181 2386 καὶ
1203 2334 1384 2405 πάσης
1407 2335 1799 2404 περιστάσεως.

1669 393 1771 450 ΜΛ
1784 394 1825 449 ll
1838 392 1855 449 |
1870 390 2031 449 ALE.

3320 382 3457 437 11122

1968 495 2306 557 l‘lissolvisti,
2351 509 2383 544 o
2436 493 2777 553 intemerata,
2812 490 3111 557 primorum
3170 499 3457 556 parentum

1893 590 2351 648 maledictiouem,
2380 601 2502 638 eum
2526 585 2775 653 peperisti
2804 585 2923 636 sine
2949 582 3227 633 voluntate
3249 582 3453 640 earuis,

1892 698 1925 736 0
1965 682 2293 741 veneranda,
2338 679 2486 732 illum
2546 677 2638 745 qui
2680 677 2959 729 voluntate
2993 689 3089 727 sua
3126 673 3304 725 divina
3345 688 3459 725 ma-

1893 774 2088 829 nifeste
2118 772 2371 827 universa
2409 769 2685 837 produxit.

1964 866 2008 920 Ο
2046 868 2157 920 Deo
2190 865 2521 935 gratissima,
2558 876 2682 931 quze
2731 875 2909 925 regem
2960 858 3242 911 Christum
3295 869 3459 922 pepe-

1894 958 2035 1019 risti,
2070 968 2256 1026 utpote
2288 956 2474 1024 regina
2500 996 2514 1015 ,
2550 969 2664 1016 eos,
2700 952 2792 1020 qui
2851 950 2917 1004 ad
2948 961 2997 1004 te
3024 957 3338 1009 rerurrunt,
3378 948 3465 1000 di-

1897 1064 2031 1121 gnos
2066 1050 2149 1103 l'ac
2166 1048 2312 1118 regni
2341 1047 2628 1101 cmlorum.

1969 1141 2135 1203 Deus,
2175 1140 2264 1207 qui
2296 1148 2379 1192 est
2408 1137 2587 1197 solus,
2628 1137 2800 1191 solum
2836 1144 3048 1189 uterum
3090 1138 3238 1183 ιιιιιιιι
3269 1143 3462 1198 pulum

1899 1232 2128 1293 invenit,
2162 1240 2214 1284 et
2250 1239 2576 1298 corporatus
2630 1240 2736 1291 est,
2768 1238 2821 1281 et
2870 1226 3087 1293 agnitus
3141 1224 3305 1276 homo
3360 1222 3464 1274 sal-

1899 1341 2030 1379 vaus
2064 1323 2337 1377 hominem
2373 1340 2385 1374 :
2419 1321 2560 1373 unde
2588 1330 2640 1374 ιο
2688 1329 2946 1386 tanquam
3005 1332 3225 1369 causam
3293 1314 3465 1367 bono-

1901 1432 2018 1470 tum
2060 1423 2441 1484 agnoscentes,
2503 1413 2783 1481 psallimus
2833 1425 2847 1462 :
2892 1409 3181 1462 Benedirta
3237 1417 3319 1469 tu,
3348 1422 3467 1475 qua:

1903 1507 2069 1560 Deum
2097 1508 2149 1558 in
2176 1521 2341 1559 carne
2372 1505 2653 1573 peperisti.

1974 1597 2133 1668 138
2165 1597 2720 1667 Super-substantialis
2755 1595 2897 1649 Deus
2927 1593 3233 1647 substantia
3274 1600 3465 1644 nostra

1905 1690 2079 1745 factus
2109 1699 2193 1743 est
2244 1706 2306 1743 ex
2348 1699 2416 1748 te.
2471 1706 2502 1741 ι)
2566 1689 2745 1756 Virgo,
2796 1698 2852 1742 et
2904 1687 3155 1756 apparuit
3212 1694 3468 1752 tauquam

1906 1781 2106 1846 infans,
2137 1782 2224 1835 ille
2263 1784 2353 1851 qui
2386 1792 2509 1835 ante
2534 1781 2731 1835 saecula
2757 1788 2839 1833 est.
2891 1796 3014 1833 eum
3060 1778 3222 1832 Patre
3254 1786 3306 1829 ct
3352 1776 3473 1843 Spi-

1900 1878 2004 1931 ritu
2059 1877 2245 1929 divino
2300 1893 2312 1927 :
2365 1891 2534 1943 quare
2592 1885 2851 1944 tanquam
2923 1873 3069 1927 illius
3137 1881 3365 1925 matrem
3423 1878 3473 1922 te

1911 1968 2298 2038 glorilieamus.

1985 2063 2360 2119 Lucidissimis
2411 2063 2747 2130 lampadibus
2803 2062 2982 2122 illius,
3033 2060 3125 2129 qui
3188 2076 3253 2113 ex
3307 2068 3393 2121 te,
3443 2074 3475 2109 o

1911 2157 2074 2225 Virgo
2102 2156 2468 2216 sanctissima,
2502 2169 2666 2224 supra
2689 2154 2887 2207 mentis
2908 2162 3127 2221 raptum
3158 2152 3474 2204 itu-amatus

1905 2258 2023 2309 est,
2080 2263 2200 2310 nos,
2250 2248 2341 2315 qui
2375 2257 2425 2300 te
2465 2247 2748 2312 Deiparatu
2811 2244 3041 2298 ﬁdeliter
3085 2243 3477 2312 agnosciums,

1906 2340 2281 2393 illuminemur
2309 2380 2322 2401 ,
2351 2349 2404 2391 et
2436 2354 2466 2392 a
2512 2338 2750 2391 tenebris
2810 2337 3165 2406 passionum,
3222 2335 3480 2403 omnique

1906 2430 2149 2499 periculo
2183 2439 2344 2498 atque
2372 2431 2705 2483 adversitate
2740 2427 3056 2483 liberemur.

932 2553 1016 2608 Ea:
1038 2553 1249 2611 Canone
1275 2558 1332 2610 in
1372 2556 1472 2611 SS.
1522 2558 1925 2629 Palermulium,
1954 2578 2000 2619 et
2047 2567 2299 2635 Caprum,
2361 2566 2443 2619 die
2473 2564 2506 2619 9
2543 2563 2783 2634 (61⁸⁸⁸⁸⁸).

312 2666 575 2723 Mortiﬁca
618 2670 801 2726 cordis
842 2672 949 2726 mei
1000 2672 1339 2740 aﬂ‘ectiones,
1374 2684 1452 2740 tu,
1485 2693 1606 2747 quae
1637 2678 1802 2732 vitam

236 2768 489 2813 nostram
534 2760 813 2815 Christum
864 2761 1214 2820 ineﬂ'abiliter
1260 2768 1549 2835 peperisti,
1578 2784 1611 2823 ο
1640 2768 1807 2839 Virgo

237 2852 508 2919 nuptialis
534 2854 755 2909 thalami
784 2857 986 2924 nescia,
1016 2872 1140 2928 spes
1174 2872 1363 2914 eorum
1398 2860 1492 2929 qui
1519 2873 1807 2916 recurrunt

238 2947 309 2995 atl
336 2953 409 2996 te.

316 3036 360 3091 0
387 3048 543 3107 porta
574 3041 854 3106 salutaris,
894 3042 1226 3111 pmnitentize
1249 3053 1456 3114 portas,
1507 3056 1689 3114 utpote
1714 3048 1806 3102 be-

242 3130 410 3198 nigna
442 3134 763 3200 protectrix,
792 3135 940 3203 aperi
964 3135 1125 3200 mihi,
1187 3144 1241 3191 et
1291 3151 1321 3189 ι
1372 3140 1575 3206 peccati
1641 3142 1809 3210 portis

241 3223 417 3275 libera
448 3238 554 3287 me,
590 3224 905 3280 custodiens
946 3243 1031 3279 me
1057 3226 1237 3279 divina
1262 3228 1497 3295 potentia
1522 3239 1634 3283 tua.

316 3317 527 3385 Corpus
558 3319 768 3388 accepit
804 3333 869 3371 ex
903 3319 1208 3372 visceribus
1241 3319 1348 3374 tuis
1382 3321 1524 3374 Deus
1548 3320 1805 3392 Verbum,

240 3422 276 3456 ο
313 3407 406 3460 Dei
436 3407 669 3476 genitrix
701 3408 899 3477 puclla,
931 3419 985 3462 ct
1018 3416 1075 3461 ut
1108 3407 1289 3462 infans
1321 3410 1475 3466 visus
1500 3422 1603 3479 est,
1651 3416 1808 3469 exhi-

240 3500 381 3553 Lens
418 3500 685 3555 universis
709 3500 1086 3555 admirandam
1123 3516 1186 3556 ac
1220 3511 1441 3570 stupore
1468 3505 1680 3574 plenam
1708 3523 1794 3563 re-

238 3594 674 3663 generationem.

319 3685 412 3739 lllc
443 3686 536 3754 qui
561 3694 678 3738 erat
702 3683 1151 3753 perfectissimus,
1184 3686 1358 3742 factus
1406 3688 1572 3741 homo
1622 3705 1683 3742 ex
1739 3698 1808 3755 te,

238 3797 274 3832 o
303 3777 471 3848 Virgo
514 3780 765 3849 innupta,
825 3790 1139 3848 corruptam
1189 3781 1471 3835 hominum
1518 3784 1808 3836 essentiam

236 3872 538 3926 deilicavit.

318 3964 631 4020 lucessabili
668 3980 798 4020 voce
833 3965 896 4019 ad
927 3977 977 4020 te
1004 3966 1341 4020 clamamus:
1384 3963 1591 4030 Gaude,
1651 3983 1684 4021 ο
1729 3967 1810 4020 in-

253 4144 359 4196 Ἐκ
392 4141 499 4196 τοῦ
525 4142 788 4206 Κανόνος
814 4143 900 4204 εις
935 4142 1080 4205 τοὺς
1106 4141 1312 4209 ἁγίους
1336 4143 1637 4209 μάρτυρας
1665 4144 1811 4212 Πρό-

528 4217 681 4265 κλον
704 4212 805 4265 καὶ
843 4212 1176 4279 Ἰλαρίωνα,
1217 4212 1407 4279 ἡμέρᾳ
1438 4212 1529 4281 ιβ’.

324 4348 418 4401 Iov
452 4347 561 4399 τῶν
605 4346 784 4399 ἀκοῶν
812 4348 908 4416 τῆς
963 4347 1312 4417 προμήτορος
1364 4344 1505 4408 Εὔας
1570 4347 1810 4417 Γαϐριὴλ

241 4460 327 4494 σοι
361 4438 701 4511 προσφωνῶν
755 4437 817 4491 τὸ
862 4439 1034 4507 Χαῖρε
1083 4438 1298 4507 ἀληθῶς
1346 4437 1638 4502 ὲξετίναξε,
1716 4440 1810 4492 Δέ-

241 4532 607 4600 σεοινωμόνη
624 4530 732 4601 γὰρ
753 4531 842 4583 τὸν
859 4528 1151 4600 ἁναιρέτην
1172 4530 1269 4599 τῆς
1304 4529 1614 4594 κακίας·τοῦ
1636 4530 1807 4600 ὄφεως

1914 4556 2039 4593 Vere
2091 4539 2248 4605 ejecit
2274 4580 2287 4602 ,
2322 4553 2355 4590 o
2404 4538 2629 4589 Domina

240 4625 385 4693 ὑπὲρ
420 4621 544 4675 νοῦν
570 4638 629 4674 τε
661 4622 755 4675 καὶ
775 4620 931 4689 λόγον
956 4619 1218 4691 ὲκύησας.

315 4816 512 4879 Λῦσον,
572 4812 836 4885 Παρθένε,
890 4813 983 4867 τὸν
1033 4814 1231 4884 δεσμὸν
1286 4812 1395 4866 τῶν
1446 4812 1632 4867 κακῶν
1684 4831 1809 4883 μου,

245 4906 543 4959 συνδέουσα
591 4908 657 4975 τῇ
709 4906 910 4975 στοργῇ
960 4922 1026 4973 με
1100 4903 1195 4957 τοῦ
1245 4904 1309 4956 ἐκ
1359 4903 1454 4956 σοῦ
1531 4904 1814 4973 τεχθέντος

243 5001 442 5067 Λόγου,
478 4998 929 5068 πανςῐιμωμεριιι)⁹
978 4996 1153 5051 σῶσόν
1206 5014 1295 5069 με,
1352 4998 1642 5061 Δέσποινα,
1686 4999 1808 5060 ταῖς

248 5092 482 5153 ἱκεσίαις
510 5109 626 5145 σου.

318 5182 613 5252 Συντριϋὲν
636 5184 701 5252 τῇ
736 5180 1043 5250 παραϐάσει
1066 5180 1174 5233 τῶν
1204 5179 1400 5250 χειρῶν
1428 5198 1522 5233 σου
1554 5181 1615 5233 τὸ
1646 5180 1807 5251 ποίη-

248 5296 327 5347 μα
357 5274 766 5343 κατοικτείρων,
796 5274 955 5341 Δὸγε,
996 5276 1212 5345 μήτραν
1240 5273 1612 5345 ἀπειρόγαμον
1663 5275 1815 5344 ᾤκη-

246 5386 374 5432 σας,
404 5369 500 5421 καὶ
524 5369 581 5419 ὲν
608 5366 728 5418 δυσὶ
758 5369 876 5429 ταῖς
916 5366 1123 5428 οὐσίαις
1157 5368 1553 5438 προελήλυθας,
1599 5371 1810 5441 ἀφθαρ-

248 5462 375 5524 σίας
408 5459 665 5523 καινίιῖων
690 5459 843 5521 ὀδοὺς
878 5460 989 5521 τοῖς
1016 5459 1182 5512 εἰδόσι
1210 5476 1291 5512 σε.

324 5654 421 5717 Τίς
456 5651 679 5706 δύναται
709 5650 771 5704 τὸ
799 5649 889 5703 σὸν
939 5648 1272 5721 ἑρμηνεῦσαι
1307 5651 1629 5722 μυστήριον,
1661 5644 1705 5705 ὦ
1729 5651 1819 5704 Δέ-

324 5832 531 5900 (orm)
563 5830 761 5887 Menam
788 5847 893 5886 non
922 5830 1139 5887 habent.

1915 2685 2366 2743 temeratissima:
2411 2682 2666 2753 gaudium
2722 2696 2868 2735 enim
2904 2677 3150 2731 omnium
3203 2675 3480 2731 Christ-im

1914 2778 2187 2847 genuisti;
2239 2788 2401 2847 atque
2462 2778 2774 2830 universum
2845 2773 3033 2844 prima:
3079 2772 3269 2825 matris
3350 2769 3470 2822 Eva:

1915 2883 2206 2923 man-orem
2237 2867 2509 2938 en'ugasti.

1986 2959 2125 3013 Ecce
2149 2961 2286 3013 Area
2325 2960 2413 3011 illa
2442 2959 2631 3028 legalis
2663 2955 3045 3028 pratligurabat
3078 2964 3290 3006 uterum
3324 2961 3478 3005 tuum

1914 3054 2281 3106 continentem
2339 3050 2531 3105 Manna
2579 3050 2858 3104 Christum
2891 3064 3073 3102 eseatu
3112 3056 3381 3110 nostram,
3450 3061 3484 3096 ιι

1918 3143 2010 3198 Dei
2042 3145 2274 3212 geniti-ix
2300 3146 2415 3197 sola
2446 3152 2618 3207 easta,
2652 3142 2955 3196 benedicta.

1837 3214 1881 3274 C
1985 3235 2152 3290 Cualis
2183 3235 2468 3290 sublimior
2498 3233 2818 3303 apparuisti,
2852 3233 2980 3285 dum
3016 3229 3250 3283 Verbum
3292 3227 3481 3290 Deum,

1913 3322 2140 3397 qui‘nos
2161 3325 2226 3377 ad
2253 3324 2510 3377 sublimia
2545 3324 2746 3386 evexit,
2780 3321 3064 3390 peperisti,
3091 3336 3249 3387 quem
3289 3333 3482 3386 supcr-

1913 3414 2115 3467 exaltat
2150 3413 2327 3469 omnis
2374 3414 2621 3483 spiritus,
2682 3423 2941 3481 tanquam
2992 3410 3157 3465 Deum
3212 3423 3480 3472 uosuum,

1914 3508 1966 3561 in
1999 3508 2214 3561 saecula.

1984 3598 2142 3652 Lucis
2187 3606 2290 3651 tua:
2348 3597 2512 3651 radiis
2563 3596 2829 3659 illumiua,
2875 3610 2908 3648 0
2950 3593 3157 3662 Sponsa
3203 3592 3329 3653 Dei,
3360 3592 3479 3645 ani-

1914 3706 2055 3743 mam
2088 3705 2285 3751 turam,
2319 3689 2477 3759 139
2505 3690 2557 3742 in
2586 3689 2850 3742 socordia:
2881 3687 3151 3757 profundo
3175 3686 3475 3755 jaceutem;

1912 3798 2163 3850 exsurge,
2191 3796 2354 3851 atque
2382 3784 2566 3836 hostes
2597 3783 2855 3849 proturba
2886 3797 2951 3835 ac
2982 3781 3175 3848 dejice,
3211 3779 3303 3848 qui
3330 3796 3476 3831 SCIII-

1912 3889 2007 3943 per
2037 3874 2289 3927 divexant
2316 3891 2411 3927 cur
2452 3890 2654 3933 meum.
2686 3883 2739 3927 et
2775 3875 2842 3926 ad
2884 3874 3137 3926 libidines
3173 3886 3320 3925 meas
3378 3886 3466 3924 se-

1914 3967 2139 4020 ctandas
2172 3967 2452 4036 impellunt
2484 3983 2585 4019 me.

1914 4140 1997 4196 E1:
2029 4142 2236 4198 Conone
2270 4144 2323 4197 in
2353 4143 2483 4210 [οδω
2514 4142 2611 4196 SS.
2645 4154 2938 4213 martyrum
2982 4141 3175 4205 Procli,
3224 4151 3272 4193 ct
3323 4139 3482 4193 Hila-

2477 4214 2661 4278 rionis,
2698 4214 2781 4267 die
2842 4214 2903 4266 1‘).

1988 4351 2262 4404 Venenum
2290 4393 2303 4413 ,
2342 4351 2484 4419 quod
2542 4350 2716 4417 prima
2752 4360 2925 4403 mater
2974 4348 3078 4401 l‘lva
3122 4349 3347 4402 auribus
3382 4364 3482 4400 au-

1912 4444 2112 4498 diendo
2163 4443 2480 4504 imbiberat,
2524 4442 2742 4497 Gabriel
2799 4443 2893 4497 tibi
2924 4486 2937 4507 ,
2988 4446 3133 4503 Ave,
3175 4442 3485 4496 acclamans

2684 4555 2695 4591 :
2747 4545 2801 4590 tu
2833 4538 2980 4590 enim
3030 4536 3143 4590 Sola
3186 4536 3482 4589 ablatorem

1920 4633 2137 4687 malitia:
2167 4631 2434 4699 serpentis
2478 4646 2641 4698 supra
2682 4629 2861 4684 omnis
2892 4628 3239 4697 eugitationis
3271 4644 3335 4681 ac
3362 4643 3481 4681 ser-

1919 4726 2095 4779 monis
2122 4735 2339 4793 captum
2374 4722 2650 4792 peperisti.

1995 4818 2256 4881 DisSulve,
2308 4834 2339 4869 o
2388 4816 2573 4887 Virgo,
2610 4829 2858 4869 catenam
2907 4815 3175 4869 malorum
3218 4829 3486 4876 meorum,

1922 4913 2183 4979 colligatis
2218 4927 2303 4965 me
2335 4925 2521 4964 arnore
2555 4907 2736 4971 Verbi,
2764 4908 2906 4977 quo-.l
2939 4922 3005 4959 ex
3055 4914 3124 4967 le,
3170 4920 3204 4956 o
3247 4905 3489 4957 uumdis-

1917 5007 2077 5069 sima,
2110 5016 2296 5059 natum
2324 5019 2406 5059 est.
2431 5022 2445 5057 :
2471 5014 2523 5057 et
2544 5003 2752 5057 salvum
2781 5016 2867 5055 me
2897 5000 3001 5065 fac,
3026 5016 3058 5054 υ
3088 4998 3343 5067 Domina,
3370 5014 3487 5066 prc-

1919 5099 2075 5153 cibus
2114 5099 2243 5153 tuis.

1988 5189 2338 5243 (Junlraetmn
2370 5190 2438 5242 ob
2488 5186 3012 5258 tranSgressioncm,
3062 5198 3199 5253 opus
3231 5200 3487 5237 manuum

1923 5290 2137 5335 tuarum
2178 5282 2603 5339 commiseraus.
2661 5295 2694 5333 0
2732 5277 3006 5339 Verbum,
3054 5287 3267 5330 uterum
3322 5274 3492 5327 virilis

1925 5374 2133 5442 Copula:
2158 5374 2398 5427 nescium
2444 5372 2721 5437 babilasti,
2755 5380 2806 5423 et
2843 5372 2894 5424 in
2933 5370 3143 5423 duabus
3170 5367 3493 5421 substantiis

1926 5466 2273 5536 processisti,
2328 5480 2595 5519 rcuovans
2647 5464 2761 5518 vias
2811 5459 3236 5516 immortalitatis
3271 5456 3493 5512 scienti—

1929 5556 2031 5610 bus
2066 5567 2135 5609 te.

2003 5650 2136 5715 Quis
2169 5656 2318 5701 tuum
2347 5648 2519 5701 valeat
2543 5645 2811 5717 esplicarc
2839 5638 3179 5712 mysterium,
3206 5651 3240 5692 ο
3270 5634 3494 5691 Domina
