4166 6458
765 359 900 421 1113

1889 363 1947 420 S.
1989 361 2300 421 JOSEPIII
2343 359 2898 419 HYMNOGRAPIII

3867 353 4007 416 1114

764 475 1030 543 iteipam?
1093 477 1333 529 omnium
1402 478 1546 530 enim
1608 476 1921 533 Creatorem
1979 479 2326 532 ineﬂ'nbilitcr

2441 495 2626 530 σποινα
2648 478 2873 530 Θεοτόκε
2896 493 2911 509 ο
2939 477 3030 528 τὸν
3060 476 3163 547 γάρ
3198 475 3419 544 κτίστην
3468 475 3574 526 τῶν
3628 474 3764 526 ὅλων
3823 476 4007 543 ἀφρά-

759 568 1084 635 corporasﬁ.

826 657 969 714 Ecce
1022 659 1186 728 Virgo
1242 659 1510 728 concipiet
1563 662 1912 730 (exclamavit
1958 663 2087 716 olim
2143 662 2329 731 lsaia~)

764 753 939 821 magni
963 753 1177 806 consilii
1208 753 1456 822 angelum
1487 751 1828 816 Emmanuel,
1852 753 2041 820 Deum,
2064 764 2118 809 et
2147 755 2330 807 Domi-

764 859 911 906 num,
944 854 997 897 et
1030 841 1368 899 Salvatorem
1403 844 1710 898 animarum
1743 857 2074 901 nostrarum.

828 934 1115 1005 Tanquam
1149 937 1391 992 sanctior
1419 938 1675 992 omnibus
1713 940 2006 1002 creaturis,
2049 940 2326 1008 peperisti,

763 1039 792 1075 o
847 1037 1000 1080 casta
1051 1024 1258 1096 Virgo,
1298 1042 1332 1081 o
1391 1026 1555 1095 Virgo
1614 1028 1995 1092 immaculata,
2047 1029 2329 1083 benedicta

763 1115 948 1180 Mater,
989 1133 1206 1188 semper
1236 1117 1557 1187 gloriﬁrata,
1588 1118 1902 1174 Creatorem
1930 1129 1986 1174 et
2016 1121 2326 1174 Dominum.

832 1210 1154 1265 lucarnatus
1183 1227 1247 1264 ex
1293 1211 1596 1280 impollutis
1628 1213 1992 1280 sanguiuibus
2025 1212 2132 1266 tuis
2167 1213 2327 1276 Deus,

757 1305 850 1375 qui
885 1303 1031 1367 fecit,
1063 1313 1117 1358 et
1152 1304 1441 1374 plasmavit
1471 1320 1574 1368 me,
1608 1319 1641 1357 o
1672 1304 1763 1358 Dei
1797 1305 2027 1376 genitrix
2076 1303 2326 1373 Domina,

763 1398 1098 1466 recuperavit
1139 1398 1423 1462 mumlum,
1477 1398 1547 1450 ita
1601 1395 2327 1461 clamantem:Benedieite,

765 1499 810 1543 ει
845 1489 1060 1543 laudate
1092 1488 1405 1543 Dominum.

825 1580 991 1636 Lucis
1025 1582 1359 1637 domicilium
1393 1580 1535 1636 facta
1565 1597 1649 1646 es,
1692 1595 1725 1635 0
1769 1592 1940 1646 casta,
1985 1579 2328 1636 sanctissima

764 1674 925 1729 tlater
981 1673 1183 1745 Virgo,
1218 1677 1270 1729 in
1320 1676 1546 1730 materia
1597 1675 1799 1729 visibili
1846 1675 2125 1743 corporis,
2159 1691 2188 1728 a
2220 1690 2327 1743 qua

755 1780 947 1821 omnes
973 1767 1066 1837 qui
1100 1766 1153 1820 in
1199 1766 1358 1838 140
1400 1767 1636 1822 tenebris
1659 1767 1822 1820 vitam
1859 1767 2100 1831 trabunt,
2135 1766 2330 1819 illumi-

2436 587 2574 630 στως
2599 571 2992 638 ὲσωμάτωσας.

2517 661 2646 715 Ἰδοὺ
2697 664 2729 732 ἠ
2764 662 3056 733 Ιιαρθένος,
3089 663 3285 715 ἀνεϐόα
3317 663 3346 715 ὁ
3388 660 3620 722 Ἡσαΐας
3650 657 3840 718 πάλαι,
3876 655 4008 724 βου-

2432 753 2528 824 λῆς
2567 754 2797 823 ἄγγελον
2839 755 3085 824 μεγάλης
3153 753 3500 824 Ἑμμανουὴλ
3549 751 3642 803 τὸν
3687 749 3844 812 Θεὸν,
3912 750 4011 800 καὶ

2435 847 2664 916 Κύριον.
2704 847 2800 899 καὶ
2829 847 3059 918 Σωτῆρα
3118 846 3228 899 τῶν
3265 844 3454 916 ψυχῶν
3503 842 3662 914 ήμῶν
3719 840 4006 910 συλλήψει.

2514 936 2601 998 Ὠς
2633 935 2743 990 τῶν
2762 936 3080 1007 κτισμάτων
3105 937 3324 991 πάντων
3343 935 3646 1003 ἁγιωτὲρα,
3675 933 3814 1000 ἁγνὴ
3855 932 4007 1000 [lap-

2432 1026 2578 1089 θένε.
2611 1029 2932 1101 ἀπεκύησας
2965 1030 3057 1083 τὸν
3110 1031 3334 1101 κτίστην
3368 1029 3465 1083 καὶ
3497 1027 3720 1097 Κύριον,
3756 1025 4008 1096 Παρθένε

2431 1121 2681 1190 ἀμία-βτί,
2706 1123 3046 1192 εὐλογημένη
3075 1125 3266 1194 Μῆτερ
3296 1122 3385 1176 ἀεὶ
3403 1120 3800 1189 δεδοξασμὲνη.

2504 1213 2815 1282 Σαρκωθεὶς
2845 1214 2903 1281 ἐξ
2937 1215 3221 1284 ἀχράντων
3252 1216 3504 1284 αἱμάτων
3562 1229 3656 1265 σου
3717 1213 3746 1264 6
3795 1208 3929 1269 Θεὸς
3979 1208 4010 1258 6

2431 1311 2664 1374 ποιήσας
2697 1307 2794 1359 καὶ
2819 1307 3032 1371 πλάσας
3070 1326 3160 1379 με,
3219 1309 3538 1378 Θεοκυῆτορ
3597 1305 3889 1365 Δέσποινα,
3925 1302 4013 1354 ἀνα

2431 1399 2702 1468 εκτήσατο
2734 1398 2938 1470 κόσμον
2977 1399 3120 1454 οὕτω
3142 1400 3351 1472 βοῶντα
3375 1417 3388 1430 ·
3430 1400 3738 1464 Εὐλογεῖτε,
3782 1397 4010 1466 ὑμνεῖτε

2431 1492 2523 1543 τὸν
2549 1492 2776 1563 Κύριον.

2511 1584 2696 1648 Φωτδς
2753 1587 3093 1658 οἰκητήριον,
3155 1589 3317 1659 ἁγνὴ,
3380 1589 3701 1659 γεγένησαι,
3769 1583 4014 1652 navari:

2435 1677 2871 1748 μητροπάρθενε,
2925 1682 2982 1733 ἐν
3035 1680 3137 1753 ὕλῃ
3180 1682 3435 1751 ὁρωμένη
3463 1681 3559 1734 τοῦ
3592 1681 3865 1750 σώματος,
3918 1679 4015 1729 καὶ

2431 1768 2641 1829 πάντας
2668 1769 2794 1833 τοὺς
2825 1771 2884 1824 ὲν
2915 1772 3099 1826 σκότει
3131 1772 3502 1842 φωτίσαντος·
3553 1775 3675 1828 ὅθεν
3727 1790 3786 1826 σε
3829 1772 4011 1823 πίστει

758 1865 957 1912 nantur
1011 1876 1023 1912 :
1077 1860 1429 1931 quamobrem
1484 1868 1534 1913 te
1568 1874 1691 1914 cum
1744 1859 1847 1913 ﬁde
1881 1859 2092 1912 beatam
2143 1858 2324 1928 appel-

2441 1861 2833 1932 μακαρίζομεν.

759 1951 950 2004 lamus.

763 2064 841 2119 Ea:
875 2068 1087 2122 (lunone
1125 2068 1180 2121 in
1230 2066 1509 2139 Syuaxim.
1556 2086 1647 2122 seu
1700 2068 1970 2120 collectum
2022 2066 2325 2134 nrc/aaugclt

1285 2137 1568 2203 Cabrielis,
1605 2140 1686 2192 die
1725 2140 1803 2190 l5.

828 2253 927 2309 Ubi
955 2254 1193 2322 Gabriel,
1223 2265 1328 2310 etc.

2447 2065 2546 2117 Ἐκ
2572 2063 2678 2117 τοῦ
2707 2065 2976 2130 Ιίανόνος
3003 2066 3089 2128 εις
3117 2065 3234 2130 τὴν
3269 2066 3533 2130 σύναξιν
3580 2064 3687 2118 τοῦ
3720 2057 4017 2132 ἀρχαγγέ-

2819 2137 2935 2189 λου
2973 2137 3272 2205 Γαὸριὴλ,
3305 2136 3499 2206 ἡμέρᾳ
3531 2142 3614 2201 ιγ’.

2517 2248 2713 2317 Ἀγνήν
2748 2266 2831 2314 σε,
2863 2267 2916 2303 κ.
2947 2268 3001 2304 τ.
3032 2250 3079 2305 λ.

1787 2366 1960 2438 (Idem
1995 2377 2072 2422 est
2099 2383 2216 2420 cum
2243 2365 2455 2421 Conone
2494 2366 2602 2419 diei
2635 2364 2707 2419 26
2738 2365 2975 2436 Martii.)

765 2489 914 2562 ιιι
950 2487 1034 2542 Ex
1071 2487 1284 2544 Conone
1313 2490 1366 2543 in
1403 2489 1536 2611 [σὰςξο
1671 2487 2015 2543 Colinduchw
2057 2487 2330 2558 martyris,

1479 2577 1524 2614 te
1639 2599 1652 2614 .

1479 2577 1524 2614 ιε
1565 2577 1652 2614 In).

830 2693 873 2746 A
915 2693 1166 2747 sordibus
1198 2691 1417 2746 malitiae
1462 2693 1649 2748 volens
1678 2691 1901 2746 Creator
1929 2700 2178 2745 naturam
2235 2704 2335 2743 no-

2441 2487 2543 2539 Ἐκ
2584 2484 2693 2538 τοῦ
2727 2486 2994 2574 Κανόζος
3025 2487 3112 2574 al.4-
3144 2486 3259 2574 τὴν
3285 2487 3463 2574 iii-lar
3485 2481 3762 2574 μάρτυρα
3798 2485 4019 2538 Γολιν-

2899 2555 3155 2625 δουκὴν,
3189 2554 3381 2624 ἡμέρᾳ
3428 2554 3521 2624 ιγ’·

2517 2695 2717 2749 Ῥύπου
2772 2693 2974 2757 κακίας
3020 2692 3119 2761 τὴν
3164 2692 3329 2760 φύσιν
3389 2693 3418 2745 6
3485 2688 3870 2760 Πλαστουργδς
3917 2689 4021 2760 τὴν

759 2797 929 2841 stram
991 2786 1290 2851 mundare,
1330 2802 1392 2841 ex
1430 2796 1585 2842 utero
1633 2795 1728 2840 tuo
1780 2788 1985 2841 mundo
2023 2786 2332 2840 incarnatus

2441 2791 2598 2860 ἡμῶν
2634 2788 2957 2859 βουλόμενος
2983 2786 3312 2856 ἐκκαθᾶραι,
3343 2787 3407 2839 ἐκ
3458 2785 3559 2853 τῆς
3616 2785 3710 2852 σῆς
3765 2781 4021 2852 καθαρᾶς

763 2889 866 2944 est,
894 2892 927 2932 ο
959 2877 1222 2947 Deipara;
1248 2887 1531 2948 propterea
1561 2887 1613 2932 te
1641 2893 1834 2932 omnes
1865 2876 2259 2948 gloriﬁcamus.

833 3061 1112 3119 Blauuiféste
1153 3065 1506 3133 cognovimus
1549 3061 1718 3116 Deum
1766 3079 1832 3116 ex
1889 3063 2052 3116 castis
2110 3059 2337 3130 sangui-

2441 2883 2787 2953 σεσάρκωται
2820 2880 3081 2952 γαστρὸς,
3122 2879 3351 2934 Θεοτόκε
3377 2895 3390 2910 ⁸
3424 2879 3506 2933 διό
3533 2895 3593 2932 σε
3623 2877 3824 2941 πάντες
3859 2876 4022 2941 δοξά-

2442 2973 2628 3042 ζομεν,

2513 3067 2775 3130 Γνωστῶς
2807 3065 3098 3136 κατίδομεν
3149 3065 3283 3118 Θεὸν
3335 3061 3711 3136 σαρκωθέντα,
3742 3060 4020 3134 Παρθένε,

765 3156 926 3210 nibus
958 3157 1065 3210 tuis
1110 3158 1453 3210 incarnatum
1493 3170 1638 3218 esse,
1673 3169 1706 3207 ο
1752 3151 1938 3224 Virgo,
1976 3163 2332 3220 nostramque

2441 3157 2496 3224 ἐξ
2525 3159 2708 3228 ἁγνῶν
2754 3176 2848 3211 σου
2899 3159 3169 3228 αἱμάτων,
3227 3156 3296 3210 δι’
3353 3153 3534 3210 οἶκτον
3586 3155 3681 3209 νῦν
3725 3155 3828 3225 τὴν
3859 3155 4023 3223 ἡμῶν

766 3263 910 3301 nunc
957 3246 1188 3301 formam
1237 3245 1612 3301 misericordia
1658 3245 1952 3300 adductum
1986 3243 2328 3314 suscepisse;

763 3341 1115 3411 quamobrem
1152 3351 1201 3394 te
1230 3355 1353 3394 cum
1387 3340 1490 3393 ﬁde
1523 3340 1914 3409 gloriﬁcamus.

837 3432 1120 3488 Vinculum
1173 3434 1628 3501 transgressionis
1671 3432 2010 3496 dissolvisti,
2063 3432 2331 3485 bonorum

763 3527 1006 3579 datorem
1036 3540 1158 3578 cum
1189 3539 1413 3578 excessu
1453 3524 1804 3593 benignitatis
1832 3524 1993 3576 enixa
2025 3540 2037 3576 :
2082 3531 2332 3590 promer-

763 3634 823 3673 ea
854 3633 951 3671 nos
984 3617 1167 3671 ﬁdeles
1201 3626 1270 3682 te,
1307 3616 1472 3685 Virgo
1509 3617 1696 3679 Mater.
1729 3616 2150 3687 gloriﬁcamus,

833 3712 966 3766 Cum
1001 3712 1072 3764 sit
1116 3725 1270 3764 mens
1307 3726 1426 3765 mea
1464 3711 1653 3765 nmltis
1684 3709 2220 3781 transgressionibus
2247 3707 2332 3760 iu-

765 3805 990 3872 quinata
1040 3820 1103 3859 ac
1150 3804 1474 3872 deturpala,
1525 3818 1722 3874 precor
1764 3813 1854 3870 te,
1907 3819 1941 3856 ο
1994 3802 2088 3856 Dei
2140 3801 2332 3867 Mater,

765 3897 922 3950 unice
953 3894 1301 3949 immaculata
1340 3894 1478 3964 (65),
1511 3894 1769 3949 miserere
1821 3893 1951 3960 mei,
1984 3902 2037 3948 et
2067 3894 2216 3948 salva
2251 3908 2334 3947 me

765 3988 1086 4043 mediatioue
1119 3997 1230 4041 tua.

831 4081 965 4136 Cum
1019 4083 1388 4135 contexuisset
1432 4080 1750 4134 Altissimus
1782 4080 1885 4133 sibi
1929 4080 2028 4148 ipsi
2070 4079 2332 4133 amictum

765 4191 824 4227 ex
858 4175 1010 4244 puris
1053 4173 1408 4242 sanguinibus
1443 4174 1573 4237 tuis,
1617 4189 1650 4223 ο
1684 4173 2052 4234 immaculata,
2096 4187 2192 4226 eos
2238 4173 2332 4240 qui

765 4267 960 4321 divinis
994 4267 1236 4319 vestibus
1264 4265 1450 4319 nudati
1484 4266 1721 4330 fuerant,
1743 4265 2058 4330 exoruaiit;
2082 4276 2333 4335 propter-

765 4373 824 4414 ea
865 4375 985 4414 rum
1023 4358 1216 4412 all‘ectu
1255 4366 1304 4410 te
1341 4358 1550 4410 beatam
1587 4358 1945 4428 appellamus.

831 4449 1274 4521 Propitiatorium
1314 4450 1455 4521 apud
1503 4449 1668 4504 Deum
1705 4459 1756 4504 te
1797 4465 2010 4519 semper
2047 4449 2332 4513 habemus,

766 4560 799 4598 0
835 4559 1050 4599 summe
1099 4544 1448 4597 immaculata
1504 4562 1517 4596 :

766 4636 1102 4691 terribilibus
1139 4636 1446 4699 tormentis,
1481 4651 1545 4690 ac
1603 4636 1771 4688 libera
1820 4651 1920 4688 nos
1967 4635 2035 4688 ab
2081 4635 2339 4689 omnibus

768 4727 932 4782 minis
975 4736 1031 4782 et
1068 4727 1359 4782 conatibus
1410 4726 1648 4780 hostium
1682 4736 1790 4781 tam
1830 4726 2127 4779 visibilium
2169 4741 2334 4794 quam

768 4820 1146 4876 invisibilium.

835 4911 918 4967 Tu
962 4928 1080 4983 quae
1126 4921 1280 4981 partu
1337 4923 1430 4967 tuo
1464 4913 1773 4966 universam
1811 4911 2118 4966 scductoris
2174 4911 2333 4964 mali-

767 5005 895 5061 tiam
934 5006 1173 5060 sterilem
1224 5005 1539 5070 reddidisti,
1582 5021 1616 5059 o
1658 5015 1807 5059 casta
1831 5047 1846 5069 ,
1877 5020 1973 5058 cor
2003 5020 2182 5058 meum
2225 5020 2336 5058 om-

770 5099 918 5152 nium
953 5099 1226 5154 bonorum
1259 5113 1484 5167 operum
1519 5097 1726 5162 sterile,
1772 5098 2112 5152 fruetiierutn
2163 5097 2333 5162 clﬁce,

770 5191 936 5246 Deum
966 5191 1101 5246 mibi
1133 5192 1426 5262 propitium
1460 5193 1752 5246 reddendo.

843 5284 1000 5356 142
1043 5283 1314 5339 Mcdiaute
1343 5301 1474 5338 voce
1501 5285 1696 5355 angeli,
1727 5285 2049 5353 concepisti,
2089 5300 2124 5339 o
2163 5296 2334 5351 casta,

834 5464 953 5533 ’(65)
993 5463 1132 5518 Hinc
1159 5463 1318 5519 Joan.
1341 5464 1673 5520 Tritbemius
1698 5466 1868 5520 abbas
1884 5468 1946 5519 de
1969 5465 2117 5520 laud.
2152 5464 2208 5519 S.
2237 5467 2341 5519 Αη-

770 5551 852 5604 na:
880 5549 1001 5604 cap.
1037 5535 1088 5594 7,
1119 5536 1194 5589 ait
1224 5537 1288 5588 ad
1318 5552 1431 5588 rem
1462 5547 1705 5589 nostram
1738 5553 1750 5590 :
1796 5555 1814 5586 ε
1856 5535 2021 5601 Digna
2049 5535 2142 5589 Dei
2171 5537 2340 5591 Mater

769 5603 936 5658 fuisse
953 5603 1198 5675 Creditur
1236 5605 1356 5659 sine
1393 5605 1644 5674 originali
1693 5608 1904 5660 macula
1950 5607 2184 5675 concipi,
2219 5622 2341 5675 quas

769 5675 919 5728 illum
947 5685 1072 5745 erat
1093 5673 1258 5745 Virgo
1289 5673 1555 5744 paritura,
1582 5678 1674 5745 qui
1713 5677 1878 5730 totius
1914 5673 2341 5730 mundideléret

768 5745 1022 5798 erimina.
1060 5744 1212 5799 Nolo’
1248 5746 1466 5800 mireris
1510 5744 1613 5800 Dei
1645 5745 1974 5801 Genitricem
2011 5757 2206 5815 praeter
2245 5764 2340 5801 ua-

771 5824 907 5869 tura:
947 5817 1396 5871 consuetudinem
1437 5818 1505 5871 ab
1529 5817 1776 5873 originali
1810 5828 2190 5874 orzcscrvatam
2228 5819 2340 5873 cri-

2441 3251 2779 3305 ἀναλαϐόντα
2839 3251 3070 3322 μορφήν.
3135 3249 3236 3302 Διὰ
3277 3247 3439 3302 τοῦτο
3498 3247 3680 3302 πίστει
3738 3264 3799 3300 σε
3861 3245 4022 3312 δοξά-

2441 3344 2628 3414 ζομεν.

2511 3440 2722 3508 Δεσμὸν
2749 3435 3000 3498 διέλυσας
3029 3435 3130 3504 τῆς
3168 3433 3536 3505 παραϐάσεως
3586 3431 3694 3486 τῶν
3721 3430 3906 3485 καλῶν
3925 3430 4021 3484 τὴν

2443 3531 2640 3600 δοτῆρα
2669 3529 2941 3600 ὑπερϐολῇ
2972 3529 3176 3594 τέξασσ.
3197 3526 3589 3598 χρηστότητος,
3648 3527 4014 3599 [Ιαρθενομῆ-

2443 3639 2560 3690 τορ.
2610 3619 2710 3673 Διὰ
2742 3618 2901 3673 τοῦτο
2939 3621 2989 3673 οἱ
3024 3617 3206 3672 πιστοί
3239 3635 3298 3672 σε
3323 3618 3637 3688 δοξάζομεν.

2515 3711 2947 3783 Μεμολυσμένος
2977 3712 3068 3764 τὸν
3096 3710 3357 3780 λογισμὸν
3388 3711 3482 3763 καὶ
3502 3709 3871 3781 ἠχρειωμένος
3897 3709 4024 3771 ταῖς

2443 3806 2687 3869 πολλαῖς,
2727 3803 2920 3875 Μῆτερ
2953 3801 3107 3866 Θεοῦ,
3161 3801 3525 3872 παραϐάσεσι,
3560 3801 3618 3853 σὲ
3652 3799 4022 3861 καθικετεύω,

2447 3901 2580 3969 μόνη
2613 3896 2899 3966 ἁμόλυντε,
2929 3895 3198 3966 οἰκτεῖραί
3243 3911 3310 3966 με
3335 3895 3428 3948 καὶ
3457 3893 3633 3946 σῶσαι
3667 3894 3734 3962 τῇ
3766 3892 4025 3962 μεσιτείᾳ

2445 4008 2560 4043 σου.

2525 4083 2762 4150 Ὑφάνας
2787 4079 3048 4148 ’Υψιστος
3077 4075 3253 4146 ἑαυτῷ
3288 4094 3353 4130 πε
3368 4075 3584 4147 ριϐολὴν
3607 4077 3670 4127 ὲκ
3693 4073 3805 4128 τῶν
3834 4073 4024 4139 ἁγνῶν

2443 4175 2691 4244 αἱμάτων
2723 4190 2840 4237 σου,
2898 4171 3028 4234 τοὺς
3083 4169 3471 4238 γυμνωθέντας
3527 4167 3701 4230 θείαις
3752 4183 4023 4220 καταστο-

2443 4270 2557 4332 loti;
2579 4268 2917 4340 ὲφαίδρυνεν,
2937 4265 3194 4336 ἄχραντε.
3243 4264 3343 4316 Διὰ
3372 4263 3532 4336 τοϐτό
3557 4279 3618 4316 σε
3658 4261 3811 4332 πόοῳ
3839 4278 4022 4331 μακαο

2447 4361 2686 4432 ρίξομεν.

2523 4454 2857 4522 Ἱλαστήριον
2900 4448 3300 4519 κεκτημένους,
3331 4447 3668 4515 πανάμωμε,
3735 4445 3878 4514 πρὸς
3923 4444 4018 4497 τὸν

1573 4558 1706 4597 erue
1759 4559 1858 4596 nos
1897 4559 1927 4596 a
1973 4543 2169 4596 futurae
2215 4543 2332 4597 vita:

2443 4549 2577 4603 Θεόν
2618 4564 2677 4600 σε
2725 4548 2984 4604 πάντοτε,
3030 4541 3212 4608 ἐξελοῦ
3245 4543 3394 4610 ἡμᾶς
3442 4539 3552 4591 τῶν
3603 4538 3720 4590 ἐκεῖ
3769 4529 4024 4606 Bacchi-iv

2452 4639 2720 4710 φοϐερῶν,
2749 4638 2843 4690 καὶ
2873 4636 3148 4704 λύτρωσαι
3179 4635 3358 4703 πάσης
3391 4630 3618 4699 ἀπειλῆς
3659 4630 3755 4682 καὶ
3801 4629 4026 4683 ἐπιϐου-

2447 4733 2546 4805 λῆς
2569 4731 2781 4803 ὁρατῶν
2807 4729 2902 4780 καὶ
2933 4727 3180 4797 ἀοράτων
3208 4724 3439 4796 ἐχθρῶν.

2526 4913 2591 4966 Ἦ
2620 4911 2697 4982 τῷ
2727 4911 2871 4980 τόκῳ
2901 4926 2996 4962 σου
3019 4907 3206 4960 πᾶσαν
3233 4902 3690 4974 άποστειρὼσασα
3745 4903 3851 4970 τὴν
3921 4919 4022 4952 κα·

2444 5007 2568 5061 κίαν
2614 5005 2707 5059 τοῦ
2768 5003 2990 5066 πλάνου,
3050 5000 3233 5070 πάσης
3296 4997 3688 5068 στειρεύουσαν
3746 4995 4022 5065 πράξεως,

2447 5099 2607 5167 ἁγνὴ,
2638 5095 2849 5165 ἀγαθῆς
2876 5093 2976 5165 τὴν
3009 5092 3238 5163 καρδίαν
3269 5109 3370 5163 μου
3430 5091 3600 5153 δεῖξον
3646 5089 4020 5159 καρποφόρον,

2446 5193 2578 5246 Θεὸν
2611 5190 2752 5244 ίλεου
2760 5187 2892 5259 μένη
2904 5228 2916 5240 .

2515 5284 2670 5352 Φωνῇ
2729 5277 2987 5348 ἀγγέλου,
3041 5275 3204 5348 ἁγνὴ,
3257 5275 3549 5339 συνέλαϐες
3589 5274 3765 5342 Λόγον
3809 5271 4025 5342 Haase;

2450 5465 2628 5527 tuine,
2663 5479 2823 5528 quam
2860 5461 2962 5516 sibi
2998 5459 3336 5515 mansionem
3373 5465 3660 5528 parari-rat
3698 5455 3848 5511 Deus
3881 5457 4024 5510 infn—

2449 5550 2537 5587 sor
2562 5527 2768 5603 gratim.
2797 5532 3093 5586 Considera
3127 5541 3308 5584 natam
3343 5529 3432 5603 Dei
3456 5527 3809 5603 Genitrirem,
3841 5535 3898 5580 et
3918 5543 4023 5580 non

2449 5597 2735 5659 miraberis
2783 5604 2899 5658 sine
2933 5603 3149 5656 macula
3185 5601 3623 5668 conceptionem.
3669 5597 3866 5668 Magna
3899 5606 4026 5652 sunt

2447 5693 2568 5730 oua:
2591 5676 2870 5735 dicuntur,
2901 5673 2993 5727 sed
3027 5687 3176 5736 vera,
3205 5671 3297 5725 sed
3323 5666 3534 5732 sancta,
3562 5668 3655 5723 sed
3689 5666 4023 5722 Genitrirem

2447 5745 2541 5799 Dei
2574 5747 2843 5804 decentia,
2886 5743 3045 5812 cujus
3072 5741 3482 5812 conceptionem
3527 5739 3790 5811 praevenit
3820 5737 4018 5809 gratia,

2445 5829 2498 5872 et
2529 5816 2656 5871 hinc
2690 5817 2920 5869 miratur
2953 5811 3162 5867 natura.
3203 5831 3221 5863 ι
3256 5811 3345 5867 Sic
3376 5811 3484 5869 ille.
