4166 6458
767 418 893 482 lii?

768 631 963 699 puella,
988 649 1014 680 ιι
1042 628 1316 684 radicibus
1342 647 1534 698 pravas
1556 633 1914 699 cogitationes
1940 631 2135 683 animm
2168 646 2328 693 mea-;

771 738 957 786 .neqne
1006 721 1349 775 fructiferum
1394 724 1576 787 redde,
1619 740 1843 792 precor;
1893 722 2141 775 omnium
2184 723 2330 775 enim

772 815 1019 867 Satorcm
1052 813 1238 878 Deum,
1269 823 1321 867 et
1348 814 1685 869 Salvatorem
1728 816 2008 884 peperisti.

841 989 1037 1045 Verbis
1088 992 1195 1045 tuis
1246 992 1593 1057 inlirercntes,
1643 1010 1833 1049 omnes
1868 998 2244 1065 generationes
2286 1009 2338 1052 te

774 1083 981 1135 beatam
1013 1082 1269 1148 dicimus,
1295 1099 1327 1135 ο
1353 1085 1548 1151 puella.
1578 1086 1715 1138 beati
1746 1086 1834 1140 Dei
1860 1099 2082 1142 matrem
2114 1089 2337 1155 factam,

772 1174 866 1245 qui
899 1175 1185 1230 credentes
1216 1177 1267 1228 in
1296 1192 1374 1241 se,
1411 1174 1539 1229 facit
1562 1194 1683 1231 esse
1710 1180 1916 1233 beatos.

848 1354 1087 1410 Verbum
1141 1372 1205 1411 ex
1258 1356 1786 1412 immaculatissimis
1833 1360 2186 1429 sanguinibus
2238 1361 2344 1416 luis

781 1446 1154 1510 ini-:irnatum,
1188 1463 1220 1499 o
1260 1450 1432 1517 puella
1466 1450 1838 1513 immaculata,
1883 1466 1975 1503 eos
2010 1451 2102 1519 qui
2140 1453 2205 1504 ad
2268 1454 2344 1506 ir-

782 1538 1305 1594 rationabilissimas
1352 1540 1532 1592 carnis
1571 1542 1853 1610 passiones
1886 1550 2011 1595 ante
2042 1543 2345 1610 propende-

783 1638 928 1692 rant,
954 1628 1135 1684 divina
1166 1631 1388 1683 scientia
1417 1631 1719 1695 deiﬁcavit;
1755 1631 1875 1684 ideo
1895 1646 1994 1685 nos
2025 1631 2153 1684 illud
2187 1646 2347 1700 supc-

780 1722 1116 1775 rexaltamus
1151 1724 1201 1775 in
1236 1724 1419 1776 omnia
1461 1724 1680 1776 szecula.

858 1813 1017 1885 1M
1051 1814 1323 1877 lllumina,
1354 1832 1386 1869 o
1420 1826 1569 1885 porta
1599 1814 1758 1876 lueis,
1796 1815 2033 1867 animam
2064 1829 2240 1868 meam
2281 1815 2348 1868 ab

1882 426 1939 483 S.
1982 421 2291 483 JOSEPIU
2335 420 2891 481 IIYSIN'OGRAPHI

832 538 1164 593 Acutissima
1202 538 1607 593 intercessionis
1643 550 1746 595 tua:
1791 542 1949 602 falce,
2004 550 2248 607 amputa.
2292 557 2321 592 e
2356 557 2398 609 Α

3858 422 4000 480 1168

2502 540 2833 611 Προρρίζους
2866 539 2935 605 τῷ
2972 533 3219 607 τμητικῷ
3270 552 3362 586 σου
3402 533 3657 603 δρεπάνῳ
3721 534 3817 601 τῆς
3864 552 4001 603 πρε-

2438 634 2622 693 σϐείας
2658 631 3011 698 ἐναπόκοψον,
3054 630 3211 696 κόρη,
3256 630 3381 690 τοὺς
3412 626 3677 696 πονηροὺς
3707 626 4003 695 λογισμοὺς

2436 728 2531 791 τῆς
2553 724 2731 793 ψυχῆς
2764 740 2885 793 μου,
2920 721 3010 772 καὶ
3058 719 3405 790 καρποφόρον
3428 717 3734 782 ἀνάδειξον,
3761 718 3958 785 δέομαι
3988 734 3999 743 ⁸

2438 812 2690 865 ἁπάντων
2726 814 2832 882 γὰρ
2866 814 2955 864 τον
2991 812 3292 884 φυτουργὸν
3317 810 3427 878 ⁸τὸν
3461 809 3594 863 Θεὸν
3624 810 3717 862 καὶ
3759 809 3995 877 Σωτῆρα

2439 902 2699 971 ἐκύησας.

2522 996 2756 1065 Ῥἡμασι
2804 998 2915 1057 σοῖς
2946 992 3363 1055 ἀκολουθοῦντες
3409 991 3787 1063 μακαρίζομεν
3821 993 4009 1059 γενεαὶ

2442 1089 2635 1147 πᾶσαι,
2685 1086 2841 1155 κόρη,
2886 1085 3157 1155 μακαρίου
3210 1085 3344 1137 Θεοῦ
3376 1084 3605 1155 Μητέρα
3663 1101 3721 1137 σε
3776 1084 4009 1153 δειχθεῖ-

2446 1195 2565 1242 σαν,
2612 1180 2727 1243 τοὺς
2770 1181 2850 1243 εἰς
2897 1178 3059 1232 αὑτὸν
3104 1178 3459 1239 πιστεύοντας
3501 1178 3805 1247 μακαρίους
3849 1179 4010 1230 ἐκτε-

2444 1269 2661 1323 λοῦντα.

2518 1361 2828 1430 Σαρκωθεις
2881 1363 2909 1413 ό
2952 1362 3122 1427 Λόγος
3180 1362 3244 1413 ἐκ
3295 1360 3405 1413 τῶν
3460 1360 3858 1430 παναχρᾱιντων
3916 1376 4010 1409 σου

2448 1454 2713 1522 αἱμάτων,
2758 1452 2916 1522 κόρη,
2954 1454 3080 1515 τοὺς
3127 1451 3555 1521 προνενευκότας
3606 1452 3741 1519 πρὸς
3770 1450 3839 1501 τὰ
3888 1450 4013 1502 ἁλοο

2448 1545 2666 1613 γώτατα
2695 1544 2794 1613 τῆς
2824 1543 3025 1612 σαρκὸς
3054 1544 3225 1612 πάθη,
3276 1542 3574 1610 ἐπιγνώσει
3603 1542 3725 1612 θεία
3756 1541 4013 1603 ὲθέωσεν,

2449 1637 2707 1707 ἆχραντε,
2738 1636 2796 1687 ὂν
2828 1633 3218 1704 ὑπερυψοῦμεν
3244 1636 3325 1698 εἰς
3359 1635 3565 1695 πάντας
3594 1635 3720 1695 τοὺς
3750 1632 3976 1693 αἰῶνας.

2521 1812 2777 1876 Φώτισον,
2819 1815 2961 1885 πύλη
2989 1814 3083 1868 τοῦ
3106 1815 3303 1883 φωτὸς,
3334 1815 3434 1884 τὴν
3462 1813 3877 1883 τυφλώττουσαν
3912 1811 3990 1880 diu

782 1903 1068 1957 affectibus
1093 1917 1438 1968 exraleatam,
1459 1907 1743 1975 pravisque
1760 1906 2181 1975 cogitationibus
2203 1906 2353 1959 obte-

2454 1907 2553 1975 χήν
2588 1923 2692 1975 μου
2714 1908 2824 1968 τοῖς
2852 1906 3072 1970 πάθεσι,
3103 1908 3197 1960 καὶ
3236 1908 3491 1975 πονηροῖς
3519 1907 3799 1976 λογισμοῖς
3834 1908 4017 1975 ἀμαυ-

784 1999 1090 2063 ncbralam,
1111 2017 1173 2054 ac
1205 2002 1601 2070 periclitantem
1624 2018 1638 2066 ;
1662 2019 1855 2070 meque
1885 2020 1912 2054 τι
1940 2001 2347 2064 tentationibus,

780 2094 1059 2161 periculis.
1086 2110 1148 2147 ac
1181 2096 1623 2148 tribulationibus
1658 2096 1828 2164 eripe.
1854 2104 1912 2147 ut
1940 2094 2235 2163 gloriﬁcent
2275 2104 2344 2159 lc,

780 2185 1017 2239 lidelium
1049 2201 1196 2254 spem
1222 2201 1285 2240 ac
1312 2186 1713 2240 fortitudinem.

783 2338 867 2391 Ea:
927 2339 1140 2394 Canone
1212 2342 1268 2395 in
1334 2342 1465 2410 festo
1525 2339 1581 2393 S.
1630 2340 1997 2411 iAtIienogenis
2076 2340 2351 2409 martyris,

1463 2412 1547 2463 die
1581 2410 1670 2464 16.

862 2561 1091 2617 Verbum
1123 2572 1410 2627 aeternum,
1446 2580 1511 2618 ex
1558 2566 1915 2634 sanguinibus
1951 2566 2081 2627 tuis,
2124 2580 2157 2618 ο
2190 2567 2354 2618 innu-

786 2668 897 2723 pta,
930 2671 1147 2709 carnem
1189 2656 1416 2718 factum,
1478 2672 1642 2725 supra
1672 2662 1867 2711 mentis
1898 2658 2153 2726 verbique
2202 2674 2353 2712 com-

785 2747 1228 2815 prehensionem,
1272 2749 1554 2818 peperisti.

856 2837 1023 2891 leis
1069 2838 1358 2893 sublimior
1393 2840 1534 2894 facta
1569 2857 1651 2905 es,
1697 2857 1729 2891 ο
1775 2852 1945 2902 casta.
1978 2851 2031 2894 et
2068 2840 2352 2910 Seraphim

785 2930 1045 2992 sanctior,
1076 2932 1277 3000 quippe
1310 2948 1429 3000 qua:
1462 2934 1709 2986 omnium
1744 2932 1937 3004 [legem
1964 2950 2028 2987 ac
2062 2932 2352 2986 Dominum

788 3036 953 3087 supra
981 3031 1188 3075 natura:
1215 3024 1461 3076 ordinem
1498 3026 1774 3092 genitoris.

857 3112 1105 3178 Aiqnalis
1129 3131 1252 3167 cum
1299 3115 1557 3170 Genitore
1604 3118 1889 3185 potestatis
1928 3133 1990 3171 ac
2020 3116 2226 3176 throni,
2260 3132 2349 3170 su-

2454 1998 2719 2068 ρωοεῖσαν
2757 1999 2851 2051 καὶ
2896 2000 3333 2063 κινδυνεύουσαν,
3363 2002 3456 2053 καὶ
3484 1998 3667 2064 ἐξελοῦ
3722 2017 3787 2069 με
3834 2016 4017 2069 πειραο

2454 2091 2629 2159 σμῶν,
2702 2091 2964 2145 κινδύνων
2997 2093 3090 2146 καὶ
3118 2092 3369 2162 (θλίψεων,
3407 2091 3493 2144 ἵνα
3540 2090 3747 2155 δοξάζω
3779 2107 3861 2153 σε,
3920 2092 4019 2158 τὴν

2452 2184 2643 2237 ἐλπίδα
2664 2184 2773 2238 τῶν
2802 2186 3010 2239 πιστῶν
3043 2187 3136 2238 καὶ
3165 2184 3515 2256 κραταίωμα.

2465 2339 2560 2392 Ἐκ
2580 2337 2685 2392 τοῦ
2735 2339 3001 2403 Κανόνος
3030 2339 3116 2403 εἰς
3139 2338 3245 2390 τὸν
3271 2337 3444 2405 ἅγιον
3468 2338 3743 2406 μάρτυρα
3781 2338 4016 2403 Ἀθηνοε

2946 2408 3148 2477 γένην,
3180 2408 3368 2476 ἡμέρᾳ
3409 2414 3483 2472 ις’
3492 2448 3505 2461 .

2525 2562 2713 2632 Σάρκα
2747 2563 3111 2631 γεγενημένον
3138 2564 3202 2615 ἐκ
3230 2562 3339 2614 ¹τῶν
3362 2562 3471 2615 σῶν
3502 2562 3769 2629 αἱμάτων,
3798 2563 4019 2631 ἀπειρόν

2454 2672 2618 2724 γαμε,
2650 2655 2742 2707 τὸν
2792 2654 3009 2707 αἰώνιον
3058 2654 3231 2721 Λόγον
3289 2654 3431 2724 ὑπὲρ
3480 2652 3606 2707 νοῦν
3644 2671 3705 2706 τε
3734 2655 3829 2705 καὶ
3863 2654 4024 2721 λόγον

2455 2747 2713 2816 ἐκύησας.

2528 2841 2750 2910 Ὄφθηςξ
2798 2841 3065 2912 οὐρανῶν,
3128 2842 3292 2911 ἁγνὴ,
3348 2842 3677 2911 ὑψηλοτέρα,

2455 2934 2705 3004 Σεραφὶμ
2739 2934 2827 2987 ἀεὶ
2868 2936 3166 3005 ἁγιωτέρα,
3202 2934 3275 2998 ὡς
3309 2935 3401 2987 τὸν
3451 2936 3705 2988 ἁπάντων
3749 2936 4028 3001 Δεσπότηι.

2455 3023 2548 3076 καὶ
2578 3023 2808 3076 Βασιλέα
2854 3024 3149 3093 ὑπερφυῶς
3193 3027 3602 3097 κυοφορήσασα.

2538 3114 2898 3183 Ἰσοδύναμον,
2940 3114 3228 3185 σύνθρονον
3266 3116 3344 3184 τῷ
3376 3117 3728 3185 γεγεννηκότι
3776 3118 3871 3169 τόν
3904 3118 4026 3170 ὑπερ

3758 2840 3855 2893 καὶ
3920 2842 4027 2892 τῶν

786 3204 1307 3272 persubstantialcm
1365 3210 1689 3275 corporasti,
1748 3225 1781 3262 ο
1825 3209 2348 3271 inunaculatissima,

2458 3204 2673 3273 ρούσιον
2726 3206 3117 3276 ὲσωμάτωσας,
3175 3210 3506 3279 πανάμωμε,
3561 3213 3674 3273 τοῖς
3720 3210 3936 3280 βροτοῖς
3967 3211 4030 3263 δι’

2484 3293 2504 3312 ν

786 3297 880 3363 qui
932 3310 1058 3350 cum
1109 3300 1421 3353 hominibus
1461 3311 1679 3370 propter
1719 3318 1873 3355 suam
1924 3301 2352 3356 miscricordiam

786 3396 1143 3441 conversatus
1175 3401 1279 3443 cst.

859 3478 1087 3534 Matrem
1150 3496 1214 3534 ac
1264 3480 1541 3551 Virginem
1596 3492 1650 3538 te
1698 3491 1865 3537 totam
1908 3492 2152 3538 sanctam
2193 3498 2358 3551 agno-

788 3580 1041 3635 scentes,
1092 3576 1348 3629 concordi
1396 3591 1527 3631 voce
1576 3584 1627 3631 te
1680 3592 2026 3639 veneramur,
2075 3587 2133 3628 et
2164 3573 2359 3628 devote

790 3662 1005 3717 beatam
1037 3666 1396 3735 appellamus.

863 3753 1145 3824 Tanquam
1174 3756 1547 3825 ,intelligibilis
1586 3772 1733 3822 arca,
1780 3758 2144 3829 lrgislatorem
2176 3768 2359 3827 porta-

790 3844 859 3897 sli
891 3863 904 3898 :
942 3854 1201 3915 tanquam
1250 3848 1471 3901 lucerna
1503 3850 1785 3918 Splendida
1834 3851 2015 3902 lumen
2054 3850 2311 3919 peperisti
2343 3868 2357 3904 :

791 3946 1049 4002 tanquam
1087 3939 1237 3992 radix
1274 3956 1549 4010 nunquam
1582 3942 1803 4009 irrigata
1843 3942 1965 3995 vita:
1994 3958 2294 4007 racemum,
2328 3957 2362 3997 0

792 4026 1047 4095 Deipara,
1082 4030 1381 4098 protulisti.

844 4113 1129 4185 'Verbum,
1186 4122 1330 4189 quod
1393 4138 1556 4192 supra
1606 4124 1757 4177 verbi
1818 4125 2360 4194 comprehensionem

792 4208 1071 4275 peperisti,
1120 4224 1153 4263 ο
1201 4210 1290 4264 Dei
1328 4212 1560 4278 genitrix
1590 4212 1780 4279 Maria,
1823 4230 1921 4283 pro
1968 4216 2125 4269 nobis
2172 4232 2362 4282 exora,

791 4298 885 4366 qui
931 4310 983 4354 te
1022 4315 1145 4354 cum
1184 4301 1291 4356 ﬁde
1327 4304 1727 4370 collaudamus,
1774 4321 1838 4360 ae
1882 4308 2285 4374 beatiﬁcamus,
2322 4324 2356 4363 0

793 4390 1167 4448 immaculata.
1935 4388 1943 4399 ’

864 4485 1104 4541 Liberati
1141 4504 1238 4557 per
1284 4499 1357 4554 te,
1408 4504 1440 4543 0
1489 4492 1986 4557 intemeratissima,
2023 4494 2092 4547 ab
2137 4493 2363 4563 antiquo

2455 3297 2634 3351 οἶκτον
2660 3297 3012 3368 ὁμιλήσαντα.

2529 3478 2763 3548 Μητέρα
2785 3480 2883 3531 καὶ
2904 3479 3179 3549 Παρθένον
3204 3480 3404 3543 ειδότες
3428 3498 3487 3534 σε
3513 3483 3785 3548 παναγὶαν
3810 3486 4025 3555 auqu

2458 3586 2563 3631 νως
2592 3570 2945 3640 γεραίρομεν,
2980 3573 3072 3624 καὶ
3106 3572 3347 3636 εὐσεϐῶς
3381 3573 3780 3644 μακαρίζομεν.

2544 3743 2632 3805 Ὧς
2648 3745 2813 3815 νοητὴ
2836 3747 3067 3810 κιϐωτὸς
3083 3747 3175 3800 τὸν
3188 3749 3479 3819 νομοδότην
3492 3750 3821 3816 ἐϐάστασας,
3844 3755 4033 3823 λυχνία

2467 3837 2542 3900 ὡς
2570 3840 2862 3909 φωταυγὴς
2888 3841 2948 3892 τὸ
2973 3842 3087 3909 φῶς
3108 3842 3450 3912 ἀπεκύησας,
3487 3846 3563 3907 ὡς
3598 3846 3723 3915 ῥίζα
3743 3847 4033 3911 ἁπότιστος

2461 3932 2560 3999 τῆς
2584 3928 2728 4002 ζωῆς
2753 3933 2844 3987 τὸν
2869 3933 3083 4005 βότρυν,
3107 3935 3361 3999 Θεοτόκε,
3385 3937 3818 4007 ἁνεϐλάστησας.

2540 4112 2636 4163 Ὃν
2678 4112 3004 4181 ἀπεκύησας
3034 4115 3207 4182 Λόγον
3266 4117 3408 4187 ὑπὲρ
3442 4118 3621 4187 λόγον,
3665 4119 4035 4191 Θεογεννῆτορ

2463 4203 2693 4269 Μαρίαλ
2725 4205 2863 4271 ὑπὲρ
2918 4208 3075 4275 ἡμῶν
3131 4208 3460 4273 ὲκδυσώπει,
3532 4212 3640 4265 τῶν
3708 4214 3919 4276 πιστῶς
3981 4232 4035 4266 σε

2466 4293 2800 4365 ὑμνούντων,
2843 4298 2935 4349 καὶ
2979 4298 3396 4367 μακαριζόντων
3430 4317 3510 4366 σε,
3546 4303 3806 4372 ἄχραντε.

2535 4470 2931 4540 Δυτρωοέντες,
2956 4474 3285 4545 πανάμωμε,
3312 4477 3400 4529 διὰ
3419 4477 3535 4537 σοῦ,
3554 4478 3652 4547 τῆς
3666 4478 3907 4549 ἀρχαίας
3927 4482 4036 4533 τῶν

794 4578 1098 4646 primorum
1126 4590 1411 4649 parentum
1443 4582 1596 4651 lapsu
1619 4625 1633 4648 ,
1668 4584 1760 4636 tibi
1794 4584 2117 4648 clamamus,
2143 4585 2275 4647 Ave,
2310 4594 2355 4639 el

2469 4562 2748 4629 προγόνων
2796 4565 3145 4631 ἐκπτώσεως,
3202 4568 3283 4631 τὸ,
3319 4570 3511 4636 Χαῖρε,
3549 4572 3633 4622 σοὶ
3669 4572 3912 4640 βοῶμεν,
3948 4577 4037 4625 καὶ

793 4684 918 4722 cum
955 4669 1057 4724 ﬁde
1101 4674 1471 4741 gloriﬁcamus
1500 4692 1646 4741 cum,
1693 4677 1785 4745 qui
1817 4691 1912 4745 per
1951 4686 1999 4731 te
2042 4692 2144 4732 nos
2174 4692 2203 4731 a
2235 4692 2360 4731 cor-

795 4765 1043 4831 ruptione
1076 4767 1344 4822 liberavit.

866 4854 1000 4910 Fers
1034 4858 1083 4909 in
1117 4858 1261 4911 ulnis
1308 4860 1474 4912 Deum
1511 4860 1768 4913 ferentem
1804 4862 2017 4923 omnia;
2052 4862 2229 4914 nutris
2260 4877 2364 4914 nu-

793 4950 1063 5015 tritorem,
1112 4952 1267 5023 1&5
1304 4969 1335 5004 ο
1382 4964 1557 5017 casta,
1595 4955 1748 5007 nobis
1790 4956 2022 5009 similem
2073 4956 2358 5021 clTectum;

794 5057 957 5108 quem
986 5042 1304 5112 deprecare,
1335 5056 1391 5097 ut
1418 5063 1445 5099 a
1480 5047 1692 5100 cunctis
1730 5049 1941 5116 asperis
1971 5056 2137 5117 atque
2167 5048 2361 5101 adver-

794 5128 873 5184 sis
911 5130 1099 5185 liberet
1127 5133 1389 5201 populum
1422 5144 1599 5188 tuum.

800 5286 879 5339 EI
916 5287 1127 5343 Catiane
1168 5292 1223 5343 in
1268 5291 1400 5359 [esto
1453 5290 1512 5345 S.
1556 5290 1783 5347 Marina:
1826 5295 2096 5362 mantyris,
2146 5294 2229 5347 die
2274 5294 2360 5348 l7.

873 5486 1292 5558 Reeeptaculum
1349 5506 1515 5562 capax
1547 5494 1746 5549 divinae
1791 5496 1978 5566 gratia:
2024 5495 2164 5549 facta
2215 5512 2297 5559 es,
2332 5511 2365 5549 ο

810 5582 901 5636 Dei
938 5586 1171 5653 genitrix
1210 5588 1557 5642 immaculata
1589 5606 1602 5643 :
1630 5598 1914 5657 propterea
1930 5589 2134 5641 Marina
2166 5588 2362 5643 affectu

798 5674 1039 5743 \‘irgineo
1080 5688 1130 5733 te
1162 5696 1499 5749 prosequens
1527 5697 1591 5736 ac
1621 5682 1959 5748 desiderans,
1990 5682 2125 5737 Filio
2152 5692 2245 5737 tuo
2274 5682 2367 5735 ad-

801 5765 962 5820 ducta
985 5782 1068 5825 est
1094 5782 1215 5842 post
1248 5782 1317 5826 te.

877 5856 1013 5915 Vere
1047 5877 1109 5916 ac
1141 5866 1355 5934 proprie
1381 5873 1429 5921 te
1461 5864 1745 5936 Deiparam
1778 5882 1878 5920 ltus
1911 5865 2095 5921 ﬁdeles
2138 5882 2366 5921 \cncra-

2466 4653 2646 4705 πίστει
2681 4655 2977 4727 δοξάζομεν
3003 4660 3092 4711 τὸν
3121 4659 3209 4713 διὰ
3242 4659 3339 4712 σοῦ
3366 4663 3430 4713 ἐκ
3455 4660 3659 4731 φθορᾶς
3684 4664 3833 4731 ἡμᾶς
3866 4667 4037 4735 ῥυσα-

2468 4763 2648 4815 μενον.

2533 4840 2723 4909 ⁴ῐιέρεις
2776 4841 2835 4892 ἐν
2891 4842 3155 4909 ἀγκάλαις
3212 4844 3345 4896 Θεὸν
3391 4844 3483 4897 τὸν
3544 4846 3784 4914 φέροντα
3840 4849 4036 4909 πάντα,

2464 4929 2687 4996 τρέφεις
2721 4930 2810 4982 τὸν
2848 4934 3054 5000 τροφέα
3091 4936 3243 5002 ἡμῖν,
3272 4936 3431 5004 ἁγνὴ,
3452 4936 3808 5002 ὁμοιωθέντα·
3838 4939 3899 4990 ὅν
3925 4942 4037 4991 ἱκέ-

2464 5037 2585 5071 τευε
2624 5020 2699 5089 τῷ
2730 5020 2842 5091 λαῷ
2871 5039 2962 5074 σου
2994 5022 3178 5077 δοῦναι
3210 5028 3427 5077 πάντων
3465 5024 3740 5095 δυσχερῶν
3770 5026 3873 5095 τὴν
3901 5028 4037 5079 ἀπο·

2466 5113 2753 5184 λύτρωσιν.

2479 5274 2573 5325 Ἐκ
2604 5273 2708 5326 τοῦ
2742 5276 3007 5338 Κανόνος
3044 5279 3130 5339 εἷς
3172 5274 3288 5363 rip:
3337 5276 3515 5362 ἁγίαν
3548 5276 3826 5345 μάρτυρα
3860 5277 4039 5344 Μαρί-

3013 5366 3148 5413 νιιν,
3173 5363 3359 5414 autem
3393 5364 3438 5409 ις
3463 5384 3479 5400 .

2540 5480 2758 5548 Δοχεῖον
2814 5480 3120 5550 χωρητικὸν
3158 5480 3389 5547 γέγονας
3430 5482 3529 5549 τῆς
3587 5480 3741 5544 θείας
3790 5482 4037 5553 χάριτος,

2472 5570 2827 5640 θεογεννῆτορ
2853 5572 3107 5640 ἄχραντε·
3142 5571 3221 5623 διό
3253 5588 3311 5623 σε
3340 5571 3557 5640 Μαρίνα
3576 5571 3867 5641 ποθήσασα
3898 5591 4038 5644 παρ-

2470 5664 2699 5727 οενικῶς
2730 5665 2901 5716 ὀπίσω
2931 5683 3022 5718 σου
3046 5664 3123 5735 τῷ
3161 5665 3239 5735 σῷ
3263 5664 3378 5734 Υἱῷ
3410 5666 3948 5736 προσαπενήνεκται.

2546 5863 2765 5935 κυρίως
2800 5865 2893 5919 καὶ
2927 5865 3142 5938 ἀληθῶς
3188 5883 3246 5919 σε
3286 5863 3547 5919 Θεοτόκον
3586 5866 3633 5917 οἱ
3662 5866 3846 5918 πιστοὶ
3886 5863 4035 5918 σέϐο-
