4166 6458
200 424 345 483 Ιιιν

1649 447 2002 509 MAHlALE.

3305 465 3442 527 1150

199 551 325 601 μεν,
359 535 689 607 πανάμωμε⁶
713 539 778 590 σὺ
809 538 916 610 γὰρ
961 539 1097 595 Θεὸν
1131 541 1357 609 τέτοκας
1390 546 1569 618 σάρκα
1603 568 1737 620 γεγο

1843 609 1845 616 λ
1876 573 2017 625 mur,
2047 577 2081 615 o
2110 562 2309 617 munda
2343 564 2411 618 ab
2440 566 2587 620 omni
2631 569 2752 626 labe
2793 588 2807 626 :
2847 578 2901 626 tu
2935 572 3078 628 enim
3124 572 3290 631 Deum
3321 594 3435 634 car-

195 626 352 683 νότα.

1877 663 2000 701 nem
2031 649 2235 706 factum
2265 656 2543 723 peperisti.

272 718 482 775 Fluxus
535 722 903 793 corruptionis
947 728 1287 792 compescuit
1336 728 1523 803 Virgo,
1585 735 1898 811 incorrupte
1944 742 2089 795 cnim
2151 748 2339 814 genuit.
2420 746 2575 804 illum
2627 752 2722 821 qui
2770 762 3088 825 corruptam
3154 758 3435 814 [nominum

193 820 454 865 naturam
493 828 523 866 a
554 814 908 881 corruptione
944 817 1261 875 vindicavit.

278 909 344 965 Ἦ
382 912 724 981 πανάμωμος
763 914 856 966 καὶ
902 914 1038 984 μόνη
1079 918 1355 991 άγιωτέρα
1402 924 1514 977 τῶν
1564 925 1773 996 Χερου-

191 1000 296 1069 ϐὶμ
321 1004 578 1068 φανεῖσα,
617 1004 715 1066 τὰς
738 1004 915 1074 ψυχάς
967 1006 1126 1077 ήμῶν
1177 1010 1351 1064 σῶσον
1391 1015 1571 1085 πάσης
1611 1034 1771 1089 περι-

191 1093 468 1156 στάσεως,
502 1094 612 1147 τῶν
650 1095 832 1149 πίστει
864 1097 1181 1168 ὑμνούντων
1211 1119 1293 1170 σε,
1325 1103 1586 1176 άχραντε,
1618 1109 1771 1179 Παρ-

188 1184 316 1239 θὲνε
351 1185 649 1259 θεόνυμφε.

262 1302 552 1357 Θάλασσαν
573 1306 975 1377 σπαργανώσας
1004 1309 1202 1383 ὁμίχλῃ
1228 1312 1534 1383 βουλήματι
1560 1332 1768 1385 κυοφο-

191 1397 374 1465 ρεῖτιι
402 1397 432 1448 ὁ
464 1397 706 1470 Κτίστης
740 1401 807 1454 ὲκ
835 1401 1129 1473 παρθένου,
1158 1405 1317 1476 κόρη,
1366 1408 1766 1480 άπειρογάμου,

183 1488 381 1560 ὥσπερ
411 1490 632 1561 βρέφος,
664 1494 760 1547 καὶ¹
789 1495 1125 1565 σπαργάνοις
1156 1498 1413 1571 ἀρρήτως
1443 1502 1767 1558 εἱλίσσεται.

260 1685 510 1756 Παρθένε
543 1688 677 1759 μόνη
725 1687 802 1753 ὡς
834 1689 1083 1762 καθαράν
1114 1708 1173 1745 σε
1226 1693 1552 1767 ἀδιάφθορον
1595 1697 1769 1766 Λόγος

182 1781 436 1850 καθαρὸς
466 1781 746 1851 ἠγάπησε,
771 1784 867 1837 καὶ
890 1784 954 1836 ἑκ
986 1784 1080 1837 σοῦ
1130 1785 1480 1843 ἀνεπλάσατο
1530 1791 1766 1859 σαρκού-

1940 929 1985 986 Ο
2014 932 2544 1001 intmacnlatissitna,
2583 954 2704 1009 quae
2735 938 2846 994 sola
2879 942 3118 996 sanctior
3140 940 3436 997 Cherubim

1872 1026 2201 1093 apparuisti,
2234 1028 2384 1083 salva
2429 1031 2640 1086 animas
2673 1043 2891 1087 nostras
2920 1034 2989 1087 ab
3028 1035 3175 1087 onmi
3204 1034 3439 1088 circum-

1871 1116 2036 1168 stanti
2084 1118 2435 1185 adversitate,
2471 1119 2598 1174 dum
2649 1131 2699 1176 te
2743 1137 2867 1177 cum
2917 1121 3024 1177 ﬁde
3052 1124 3361 1188 laudamus,
3404 1138 3431 1177 ο

1867 1203 2217 1262 immaculata
2243 1207 2427 1280 Virgo,
2465 1226 2665 1281 sponsa
2690 1211 2802 1267 Dei.

1939 1313 2185 1383 Creator,
2223 1319 2317 1388 qui
2364 1322 2558 1377 nebula
2595 1333 2853 1393 tanquam
2914 1324 3089 1379 fascia
3132 1339 3283 1382 mare
3320 1327 3422 1382 cir-

1866 1408 2110 1471 cumdat,
2177 1425 2275 1464 sua
2323 1411 2601 1469 voluntate
2639 1431 2703 1469 ex
2749 1414 2924 1484 puella
2987 1416 3208 1487 Virgine
3277 1416 3426 1473 innu~

1866 1506 1955 1567 pta
2004 1500 2244 1569 gignitur
2275 1510 2537 1571 tanquam
2564 1504 2766 1571 infans,
2797 1516 2851 1561 et
2881 1506 3071 1562 fasciis
3106 1508 3269 1563 modo
3304 1508 3444 1565 inef-

1865 1588 2013 1644 fabili
2050 1593 2521 1649 circumvolvitur.

1934 1705 1978 1760 Ο
2008 1704 2170 1779 Virgo
2208 1710 2392 1777 unica,
2438 1719 2490 1766 te
2525 1722 2710 1782 utpote
2741 1730 2930 1783 puram
2971 1729 3026 1771 et
3056 1716 3427 1789 incorruptam

1862 1796 2101 1853 Verbum
2148 1802 2278 1857 illud
2314 1820 2509 1872 purum
2547 1805 2760 1871 dilexit,
2791 1818 2842 1863 et
2869 1824 2934 1862 ex
2969 1820 3020 1863 te
3066 1810 3433 1874 incarnatum,

184 1889 373 1967 μενος,
435 1874 597 1945 κόρη,
642 1875 736 1929 τὸν
800 1877 1108 1950 ἄνθρωπον,
1153 1881 1182 1934 ὁ
1240 1883 1494 1954 Μαρίνην
1535 1884 1743 1954 δοξάσαέ

1865 1887 2133 1945 hominem
2194 1893 2549 1964 reformavit;
2610 1899 2755 1967 quod
2825 1898 3091 1955 Marinam
3155 1902 3431 1956 miraculis

178 1965 299 2026 τοῖς
332 1962 595 2033 θαύμασι.

258 2074 472 2145 Ὠφθης
526 2076 807 2146 ὑπερτέρα
860 2079 1109 2149 οὐρανῶν
1154 2080 1292 2134 θεὸν
1339 2080 1593 2154 οὐράνιον
1624 2082 1762 2137 duo.

180 2168 437 2235 κυήσασα
485 2169 576 2222 τὸν
601 2171 1012 2241 οὐρανώσαντα,
1058 2173 1323 2241 πάναγνε,
1358 2174 1608 2243 γηγενῶν
1639 2176 1760 2229 ὅλον

177 2257 244 2311 τὸ
292 2258 544 2328 φύραμα,
595 2261 690 2315 καὶ
730 2261 830 2331 τῆς
862 2263 1115 2335 Μαρίνης
1142 2265 1241 2336 τήν
1290 2265 1495 2337 σεπτὴν
1534 2266 1757 2338 μνήμην

180 2349 576 2421 φαιδρύναντα,
684 2353 918 2427 βοῶμενο
951 2356 1139 2411 Πάντα
1168 2359 1238 2414 τά
1259 2358 1396 2430 ἔργα
1423 2358 1643 2429 ὑμνεῖτε
1662 2359 1754 2412 τὸν

178 2442 411 2511 Κύριον.
1220 2438 1228 2447 ’

248 2554 370 2618 Φῶς
417 2558 549 2628 ήμῖν
584 2557 860 2623 άνέτειλας
894 2560 1108 2632 μήτρας
1147 2561 1209 2626 ἰξ
1233 2562 1603 2635 άπειράνδρον
1632 2580 1749 2629 σου,

176 2648 450 2717 Παρθένε,
490 2653 525 2724 ή
574 2655 696 2717 ταῖς
729 2655 1067 2725 φυκτωρίαις
1114 2655 1322 2720 ἐνθέοις
1352 2656 1753 2727 καταυγασθεῖ-

175 2755 247 2790 σα
275 2740 392 2807 φῶς
442 2744 834 2815 ἐχρημάτισεν,
864 2749 897 2817 ή
931 2746 1032 2817 τῆς
1064 2749 1240 2818 χαρᾶς
1283 2750 1591 2819 ιπὼνυμος,
1623 2748 1753 2803 Θεο-

173 2832 386 2905 κυῆτορ
412 2826 868 2908 Μητροπάρθενε.

185 2940 292 2995 Ἐκ
320 2944 431 2998 τοῦ
490 2948 759 3025 Κανόνος
811 2950 900 3025 εις
945 2950 1056 3025 τὸνζ
1079 2949 1251 3020 ἅγιον
1276 2952 1547 3022 μάρτυρα
1593 2956 1753 3025 Αἰμι-

669 3018 912 3084 λιανὸν,
942 3018 1135 3089 ἡμέρᾳ
1166 3028 1255 3092 ιη’.

262 3128 435 3198 ’ἰσχύς
484 3149 608 3201 μου,
640 3134 735 3187 καὶ
767 3132 1020 3204 ὕμνησις,
1053 3137 1147 3189 καὶ
1171 3137 1448 3207 φωτισμδς
1478 3140 1579 3209 τῆς
1610 3156 1746 3209 καρ-

1861 1980 2205 2052 glorilicavit.

1930 2090 2104 2145 Altior
2127 2094 2282 2150 ctelis
2317 2095 2621 2166 apparuisti
2654 2096 2823 2152 Deum
2859 2099 3140 2155 caelestem
3180 2102 3363 2169 enixa,
3397 2118 3425 2158 ο

1859 2190 2193 2255 castissima,
2222 2194 2316 2263 qui
2348 2196 2658 2250 cmlilicavit
2701 2196 3015 2252 universam
3054 2214 3293 2255 massam
3324 2212 3420 2255 ter-

1861 2282 2196 2350 rigenarum,
2239 2302 2303 2341 ac
2332 2288 2701 2344 venerandam
2746 2289 2971 2345 Marina:
3004 2292 3323 2348 memoriam
3366 2294 3421 2348 ilv

1862 2374 2146 2443 lustravit;
2171 2378 2237 2431 ad
2266 2394 2428 2447 quem
2470 2380 2815 2437 clamamus:
2850 2380 3046 2437 Omnia
3087 2398 3278 2455 Opera,
3309 2384 3423 2439 lau-

1855 2464 1981 2523 date
2012 2468 2329 2525 Dominum.

1927 2583 2127 2640 Lucem
2158 2586 2318 2643 nobis
2350 2586 2482 2642 oriri
2520 2587 2696 2644 fecisti
2732 2603 2797 2643 ex
2838 2588 3098 2644 inviolato
3126 2598 3282 2645 utero
3313 2599 3429 2654 tuo,

1853 2691 1887 2732 ο
1928 2675 2114 2750 Virgo,
2156 2681 2249 2750 qui
2299 2680 2686 2749 splendoribns
2732 2680 2936 2736 divinis
2980 2682 3306 2749 illustratus,
3336 2682 3419 2739 ιω

1851 2771 2056 2835 evasit,
2102 2787 2136 2826 o
2178 2771 2269 2826 Dei
2314 2774 2567 2841 genitrix,
2601 2771 2772 2828 Mater
2807 2775 2981 2845 virgo,
3014 2776 3174 2846 cujus
3224 2792 3425 2832 nomen

1852 2871 2071 2915 resonat
2103 2862 2368 2917 laetitiam.

1855 2970 2013 3043 ιω
2058 2972 2140 3029 Ea:
2188 2973 2401 3029 Conone
2445 2974 2496 3027 in
2532 2973 2763 3101 {5:101
2804 2974 3093 3031 Ᾰίηιὶίίαηὶ
3143 2938 3429 3050 martyris,

1921 3154 2206 3210 Fortitudo
2239 3172 2379 3223 mea,
2422 3167 2475 3212 et
2526 3157 2648 3212 laus
2694 3173 2833 3220 mea,
2878 3158 3210 3215 illuminatio
3240 3161 3414 3218 cordis

168 3219 289 3282 δίας
339 3239 441 3291 μου
482 3224 740 3295 ὑπάρχει,
772 3226 1109 3297 πανάμωμε,
1160 3229 1393 3297 Χριστὸς
1430 3231 1458 3282 ὁ
1509 3229 1736 3301 Κύριος.

1849 3252 1951 3305 mei
2004 3261 2089 3305 est
2147 3219 2398 3306 Christus
2469 3252 2750 3318 Dominus,
2814 3269 2975 3323 quem
3045 3254 3330 3324 peperisti,
3387 3277 3421 3315 ο

165 3312 229 3365 ὃν
264 3314 505 3384 ὲκύησας
533 3319 592 3372 ὲν
625 3317 720 3372 δύο
758 3322 881 3383 ταῖς
929 3320 1157 3387 οὑσίαις,
1212 3322 1311 3392 μιᾷ
1355 3322 1654 3375 ὑποστάσει
1684 3322 1741 3374 δὲ

168 3406 439 3459 κατανοοὺ
448 3425 629 3478 μενον.

239 3498 457 3565 Νόμους
487 3503 623 3565 τοὺς
675 3501 777 3571 τῆς
830 3502 1044 3572 φύσεως
1080 3502 1321 3558 λαθοῦσα
1358 3506 1417 3558 ὲν
1462 3505 1541 3575 τῷ
1601 3507 1741 3577 ὑπὲρ

165 3589 334 3654 φύσιν
365 3590 591 3663 τοητῷ,
657 3593 930 3665 παρθένος
975 3595 1115 3666 μετὰ
1158 3598 1433 3667 γέννησιν,
1469 3598 1742 3667 Παρθενο-

166 3683 383 3753 μῆτορλ
432 3684 671 3754 ἔμεινας
725 3686 819 3739 τὸν
865 3688 1245 3758 Πλαστουργὸν
1285 3688 1416 3759 γάρ,
1468 3690 1731 3761 ἄχραντε,

163 3776 397 3846 ἁπάσης
423 3778 658 3842 κτίσεως
677 3779 927 3843 τέτοκας.

248 3869 617 3939 Ἀγιάσματός
649 3888 710 3924 σε
734 3872 898 3925 τόπον
922 3870 1019 3925 τοῦ
1056 3873 1204 3943 ἡμᾶς
1226 3873 1576 3941 άγιάσαντος,
1601 3891 1738 3929 παν-

160 3958 296 4025 αγία
330 3960 489 4030 κόρη,
528 3961 698 4031 μόνην
759 3962 1078 4033 εὑρεθεῖσαν
1123 3963 1441 4034 δοξάζομεν,
1471 3965 1536 4019 δι’
1589 3963 1651 4021 οὗ
1684 3967 1734 4019 οῖ

160 4053 269 4120 γῆν
301 4055 682 4119 κατοικοῦντες
707 4056 1115 4128 οὑρανώθησαν,
1142 4056 1238 4109 καὶ
1289 4057 1435 4128 ζωῆς
1474 4057 1735 4131 ἀληθινῆς

160 4144 496 4215 ἠξιώθησαν.

246 4235 521 4308 Ῥομφαίᾳ
565 4240 844 4311 τρωθέντα
877 4259 946 4313 με
975 4242 1074 4312 τῆς
1127 4240 1401 4312 ἁμαρτίας
1451 4242 1603 4296 ἴασαι
1655 4244 1735 4315 τῷ

158 4325 586 4399 δραστικωτάτῳ
619 4346 712 4383 σου
736 4333 1036 4404 φαρμάκῳ,
1061 4334 1096 4403 ή
1118 4334 1210 4385 τὸν
1241 4333 1469 4402 Σωτῆρα
1489 4334 1726 4405 Χριστὸν

159 4420 435 4490 κυήσασα,
466 4421 633 4493 λόγχῃ
659 4424 749 4477 τὸν
782 4425 1060 4495 τρωθέντα
1100 4425 1167 4478 δι’
1202 4425 1324 4494 ἐμὲ,
1352 4426 1611 4497 ἅχραντε,
1638 4431 1733 4482 καὶ

156 4510 443 4580 τρώσαντα
476 4515 575 4585 τὴν
603 4516 830 4586 καρδίαν
852 4517 945 4570 τοῦ
974 4518 1171 4587 ὄφεως.

1853 3359 2068 3399 summe
2093 3344 2321 3407 illibata,
2355 3345 2447 3412 qui
2478 3345 2800 3415 intelligitur
2835 3346 2890 3400 in
2922 3346 3135 3403 duabus
3169 3348 3424 3404 substan-

1851 3437 1964 3501 tiis,
1997 3452 2102 3491 una
2137 3447 2319 3491 autem
2349 3438 2649 3506 liypostasi.

1921 3528 2142 3583 Natum
2178 3529 2328 3598 leges
2359 3529 2617 3596 ignorans
2647 3531 2699 3582 in
2738 3537 2894 3598 partu
2927 3538 3037 3593 tuo,
3065 3530 3158 3599 qni
3200 3529 3300 3584 fuit
3330 3546 3411 3585 su-

1849 3636 1944 3690 pra
1993 3631 2267 3683 naturam,
2317 3636 2350 3674 ο
2398 3621 2560 3685 Virgo
2601 3619 2804 3684 Mater,
2844 3632 2963 3690 post
2998 3631 3209 3691 partum
3254 3620 3422 3693 Virgo

1848 3712 2195 3781 permansisti
2231 3730 2244 3766 :
2280 3712 2524 3766 omnium
2560 3712 2705 3766 enim
2746 3724 3121 3768 creaturarum
3153 3713 3409 3769 Condito-

1849 3819 1987 3869 rem,
2015 3818 2048 3859 ο
2075 3804 2357 3865 inviolata,
2388 3802 2669 3872 peperisti.

1915 3895 2009 3961 Te,
2046 3910 2165 3965 quae
2211 3895 2325 3950 sola
2378 3896 2833 3950 sanctiﬁcationis
2881 3895 3277 3951 sanctiﬁcantis
3316 3913 3409 3952 nos

1844 3984 1999 4041 locus
2024 4001 2144 4041 esse
2170 3986 2389 4040 inventa
2426 3986 2597 4051 fuisti,
2633 4001 2665 4040 ο
2695 3986 2871 4055 puella
2908 3996 3019 4040 tota
3056 3998 3266 4051 sancta,
3303 3987 3408 4054 glo-

1844 4079 2161 4143 riﬁcamus;
2218 4094 2312 4148 per
2352 4094 2534 4147 quem,
2584 4089 2781 4134 terram
2828 4080 3215 4143 inhabitantes,
3256 4081 3407 4135 cmico

1844 4182 1956 4225 stes
1985 4171 2110 4225 lacti
2150 4180 2302 4235 sunt,
2332 4186 2568 4241 veraque
2599 4172 2707 4225 vita
2749 4173 2897 4241 digni
2937 4173 3132 4229 redditi
3162 4183 3308 4227 sunt.

1913 4260 1996 4315 Me
2039 4262 2248 4332 peccati
2291 4260 2473 4332 gladio
2515 4262 2861 4315 vulneratum
2910 4262 3115 4316 sanasti
3155 4261 3406 4317 ellicacis-

1841 4354 1978 4408 sima
2008 4354 2273 4408 medicina
2302 4364 2415 4415 tua,
2449 4368 2482 4406 ο
2514 4353 2886 4417 immaculata,
2922 4369 3043 4423 qua:
3069 4352 3406 4407 Salvatorem

1840 4446 2121 4501 Clu-istum
2156 4445 2434 4515 peperisti,
2469 4446 2562 4514 qui
2610 4453 2830 4515 propter
2866 4460 2951 4499 me
2994 4446 3185 4501 lancea
3217 4447 3402 4502 vulne-

1843 4548 2011 4601 ratus,
2037 4553 2131 4592 cor
2148 4538 2418 4607 serpentis
2444 4538 2561 4607 ipse
2588 4537 2914 4592 vulneravit.

228 4601 345 4654 Εὕα
382 4603 482 4671 μὲν
524 4606 793 4676 ἐτρύγησε
825 4608 916 4660 τοῦ
960 4608 1118 4675 ξύλου
1173 4614 1387 4685 καρπὸν
1427 4613 1730 4685 θανατηφό-

1911 4629 2019 4683 Eva
2054 4601 2275 4697 quidem
2309 4601 2583 4696 decerpsit
2634 4627 2872 4680 fructum
2919 4627 3131 4684 arboris
3166 4630 3402 4684 mortife-

158 4711 253 4764 ρον
274 4712 289 4726 ο
324 4695 389 4748 σὺ
414 4694 491 4762 δὲ,
517 4698 784 4767 πάναγνε,
816 4698 965 4771 ζωῆς
994 4702 1055 4754 τὸ
1087 4703 1241 4768 ξύλον
1269 4708 1650 4776 καρπογονεῖς,
1674 4698 1736 4760 οὗ

156 4787 191 4857 ή
224 4785 411 4855 γεῦσις
442 4786 691 4853 ἅπαντας
715 4792 837 4857 τοὺς
880 4792 1141 4858 θανόντας
1170 4796 1510 4862 ἀνεζὼωσεν.

229 4981 870 5053 Κυριώνυμεξθεόνυμφε,
902 4984 985 5047 τὸ,
1017 4985 1211 5057 Χαῖρε,
1242 4984 1325 5039 σοὶ⁵
1355 4987 1538 5041 πίστει
1561 5004 1734 5058 κραυ-

155 5074 419 5145 γάζομενο
456 5076 549 5129 καὶ
571 5076 679 5147 γὰρ
707 5076 946 5147 ὲκὺησας
983 5079 1157 5149 χαρὰν
1194 5080 1562 5151 άνεκλάλητον
1592 5082 1731 5151 Χρι-

159 5165 283 5219 στδν
305 5166 395 5218 τὸν
442 5167 669 5236 Κύριον,
704 5160 748 5234 ᾧ
781 5170 1190 5240 κραυγάζομεν·
1256 5170 1315 5225 ’0
1338 5171 1445 5227 τῶν
1472 5172 1730 5245 Πατέρων

156 5260 363 5330 Κύριος
397 5262 491 5313 καὶ
527 5260 657 5324 Θεὸς
685 5261 977 5333 εὐλογητὸς
1017 5259 1088 5318 εἶ.

226 5354 469 5420 Σταγόνα
495 5371 583 5422 μοι
602 5353 876 5427 ὖμσρησον
907 5357 1110 5421 ἐλέους,
1144 5358 1327 5427 πηγὴν
1359 5358 1454 5412 τοῦ
1480 5358 1662 5423 ἐλέους
1691 5359 1724 5431 ή

156 5446 430 5515 κυήσασα,
462 5445 554 5497 καὶ
576 5446 673 5516 τῆς
696 5447 973 5517 ἁμαρτίας
993 5467 1091 5519 μου
1121 5449 1353 5519 ξήρανον
1370 5450 1547 5521 ὀμϐρή
1557 5467 1721 5520 ματα,

155 5539 251 5591 καὶ
274 5539 372 5607 τῆς
399 5538 576 5609 ψυχῆς
600 5557 701 5609 μου
723 5542 964 5609 πράῡνον
993 5543 1159 5614 ἄγρια
1189 5542 1433 5614 κύματα,
1477 5544 1721 5615 Παρθὲνε

155 5630 385 5684 θεοτόκε
414 5632 622 5703 Μαρία,
643 5632 729 5687 ἵνα
763 5650 820 5687 σε
849 5634 1058 5702 δοξάζω
1091 5639 1170 5699 εἰς
1198 5636 1403 5700 πάντας
1430 5638 1556 5698 τοὺς
1588 5637 1722 5690 αἰῶ-

154 5741 270 5785 νας.

224 5816 367 5869 Φωτί
397 5835 465 5887 με
511 5817 857 5885 καταὺγασον
898 5820 976 5892 τῷ
1006 5820 1104 5892 σῷ,
1140 5820 1483 5893 πανύμνητε,
1540 5821 1631 5875 τὸν
1658 5824 1718 5876 ἐν

156 5906 336 5958 σκῦτει
369 5909 753 5978 πορευόμενον*
802 5908 944 5962 δίδου
986 5927 1076 5979 μοι
1135 5913 1289 5983 χεῖρα
1349 5912 1618 5983 βοηθείας·
1652 5916 1719 5969 τά

1844 4738 2001 4776 rum:
2032 4730 2085 4775 tu
2118 4730 2323 4785 autem,
2354 4734 2387 4774 ο
2410 4718 2740 4779 castissima,
2779 4710 2903 4773 vitae
2934 4722 3184 4775 arborem
3218 4721 3411 4776 fructi-

1842 4812 2040 4875 licasti,
2102 4810 2260 4879 cujus
2316 4820 2509 4878 gustus
2562 4824 2776 4878 omnes,
2832 4811 2923 4880 qui
2982 4814 3183 4868 mortui
3230 4823 3406 4879 erant,

1837 4903 2152 4957 viviiiravit.

1908 5000 1950 5049 Ο
1999 4995 2091 5049 Dei
2140 5011 2364 5065 sponsa,
2411 4997 2716 5053 dominanti
2764 4999 2989 5053 nomine
3033 5008 3250 5065 ornata,
3283 4998 3405 5063 tibi,

1835 5107 1957 5144 cum
1987 5091 2088 5144 lide
2113 5092 2438 5152 clamamus,
2466 5091 2654 5146 Gaude
2675 5110 2689 5150 :
2714 5093 2916 5148 etenim
2942 5094 3201 5163 gaudium
3226 5093 3410 5150 ineﬂ'a-

1833 5182 1940 5237 bile
1968 5181 2248 5238 Christum
2278 5183 2566 5238 Dominum
2596 5186 2879 5255 peperisti,
2912 5187 2976 5241 ad
3008 5200 3169 5254 quem
3203 5185 3397 5240 voci-le-

1833 5290 2059 5329 ramur:
2110 5277 2330 5331 Patrum
2363 5276 2527 5341 Deus,
2565 5287 2620 5330 et
2654 5279 2915 5333 Dominus
2953 5278 3274 5334 benedictus
3313 5294 3395 5334 es.

1899 5366 2102 5437 Deplue
2134 5384 2297 5437 super
2325 5384 2409 5422 me
2453 5369 2656 5424 stillam
2698 5370 3113 5435 misericordiae,
3158 5380 3235 5437 tu,
3276 5387 3392 5441 qua

1826 5456 2222 5511 misericordia:
2254 5456 2460 5511 fontem
2492 5459 2779 5528 peperiSIi;
2814 5462 3132 5528 peccatique
3163 5461 3267 5514 mei
3293 5463 3393 5515 im-

1825 5547 1949 5601 bres
1980 5549 2217 5611 exsicca,
2266 5564 2331 5604 ac
2366 5549 2575 5605 feroces
2606 5550 2803 5605 anima:
2845 5567 2979 5626 mea:
3012 5551 3211 5607 ﬂuctus
3239 5560 3391 5606 tran-

1823 5638 2011 5707 quilla,
2039 5654 2071 5692 ο
2105 5637 2268 5709 Virgo
2301 5638 2533 5712 Deipara
2571 5638 2763 5708 Maria,
2799 5651 2857 5697 ut
2891 5651 2943 5698 te
2985 5643 3039 5697 in
3071 5643 3253 5697 omnia
3284 5659 3389 5699 sa:-

1830 5731 1950 5785 cula
1982 5731 2305 5801 gloriﬁcem.

1899 5828 2111 5882 lllustra
2162 5844 2245 5883 mc
2274 5830 2392 5884 luce
2423 5839 2513 5885 tua
2543 5830 2595 5886 in
2640 5832 2877 5887 tcncbris
2920 5832 3312 5896 ambulat-tem,
3357 5846 3389 5885 ο

1824 5922 1973 5976 ontni
2028 5920 2184 5978 latr-le
2237 5923 2551 5987 dignissima
2608 5944 2621 5980 :
2676 5924 2889 5987 porrige
2954 5923 3085 5979 mihi
3164 5939 3387 5981 manum
