4166 6458
728 414 854 484 1151

721 535 1119 589 auxiliatricem
1163 550 1178 587 ε

720 643 965 680 mcarmn
1017 637 1392 696 tempestatem
1452 629 1604 691 seda,
1669 642 1701 680 0
1756 626 2025 694 refugium
2091 624 2288 694 despc-

722 730 988 773 ratorum.

732 831 878 901 147
923 828 1004 883 Ea:
1050 831 1261 885 (lunone
1289 831 1341 883 in
1372 831 1504 898 festo
1534 829 1590 884 S.
1620 828 1684 883 P.
1722 827 1793 882 Ν.
1830 828 1920 881 Dii
1953 827 2288 897 confessoris,

1412 903 1494 953 u’ie
1525 902 1609 954 i9.

792 1014 938 1069 Solis
985 1015 1287 1083 spiritualis
1341 1014 1754 1069 tabernaculum
1808 1012 1953 1068 facta
2013 1028 2094 1073 es,
2146 1028 2179 1065 ο
2225 1013 2293 1066 ab

730 1108 869 1159 )uini
901 1108 1019 1159 lahc
1052 1122 1187 1175 puta
1210 1152 1225 1173 ,
1267 1107 1361 1174 qui
1411 1122 1510 1159 nos
1542 1107 1741 1160 divinis
1772 1106 2155 1172 Splendoribus
2190 1106 2295 1173 pie-

726 1201 849 1251 tatis
875 1199 1227 1257 illmninavit.
1264 1208 1429 1267 atque
1457 1198 1774 1269 ignorantia:
1800 1198 2029 1251 nebulas
2061 1198 2293 1266 dissipa-

730 1290 818 1352 ril,
871 1308 903 1341 υ
933 1290 1093 1358 Virgo
1130 1301 1410 1357 perpetua.

795 1380 1067 1433 Habitavit
1100 1382 1151 1433 iu
1192 1394 1263 1445 te,
1310 1397 1343 1432 ο
1392 1382 1761 1447 immaculata,
1797 1384 1904 1445 illo,
1946 1387 2037 1452 qui
2088 1384 2297 1436 habitit

728 1473 777 1525 in
806 1475 992 1536 melis;
1032 1489 1193 1540 quem
1237 1475 1394 1527 cnixe
1444 1489 1595 1542 roga,
1629 1486 1685 1528 ut
1735 1476 1907 1528 salvet
1938 1478 2147 1531 animas
2178 1478 2296 1530 lau-

730 1566 965 1618 Janlittm
1005 1575 1075 1617 te.

791 1657 1186 1709 Cainlclabrum
1232 1656 1544 1719 luciferum,
1580 1669 1630 1711 te
1660 1658 1908 1711 divinum
1946 1661 2292 1729 splendorem

728 1750 778 1803 in
823 1762 976 1803 utero
1012 1762 1313 1819 gestantem
1363 1753 1711 1821 agnovimus,
1755 1770 1788 1806 ο
1827 1753 2026 1823 Virgo:
2066 1755 2209 1808 unde
2241 1766 2295 1808 te

729 1842 996 1913 supplices
1023 1844 1402 1911 deprecamur,
1434 1854 1492 1898 ut
1531 1846 1648 1899 luce
1678 1854 1771 1900 tua
1812 1848 2039 1901 irradies
2081 1849 2295 1903 animas

728 1938 970 1988 Omnium
1000 1937 1091 2006 qui
1124 1949 1175 1991 te
1197 1938 1528 1991 collaudant.

798 2027 1044 2083 lnterlice
1070 2032 1267 2084 anima:
1290 2047 1421 2085 meze
1451 2031 1700 2094 affectus,
1729 2049 1760 2086 ο
1791 2033 2298 2104 inculpabilissima,

729 2136 848 2188 qua!
883 2122 1045 2174 vitam
1095 2122 1340 2177 omnium
1384 2123 1642 2177 inetl'abili
1678 2123 1854 2177 Verbo
1894 2128 2150 2195 peperisti
2194 2147 2207 2181 :
2246 2136 2299 2181 ct

730 2224 962 2267 mentem
1006 2230 1184 2269 meum
1221 2219 1599 2270 conturbatam
1635 2218 1882 2285 paciﬁca,
1918 2236 1950 2272 υ
1995 2222 2191 2286 puella.

797 2304 1091 2358 Cherubim
1142 2307 1472 2361 sanctiorem
1514 2307 1695 2362 eﬂ‘ecit
1732 2319 1805 2369 te,
1840 2325 1871 2361 ο
1914 2311 2112 2377 puclla,
2161 2310 2301 2368 Deus

730 2409 951 2451 sanctus
997 2399 1307 2467 manifeste,
1357 2403 1449 2471 qni
1483 2403 1791 2456 sanctiﬁcat
1832 2406 2161 2468 clamantes.
2199 2407 2301 2461 Bc-

731 2490 942 2544 nedicta
990 2502 1045 2545 tu
1107 2492 1162 2546 in
1221 2494 1571 2559 mulieribus,
1626 2510 1659 2548 ο
1703 2495 1928 2549 Domina
1982 2499 2304 2553 immacula-

733 2593 963 2636 tissnna.

798 2670 963 2725 Ctelis
1012 2672 1169 2729 latior
1212 2680 1533 2747 apparuisti,
1584 2684 1754 2739 Deum
1803 2685 1855 2737 iu
1892 2693 1942 2737 te
1988 2685 2236 2751 capiens,
2271 2698 2304 2736 ο

733 2763 900 2817 Maria
930 2767 1277 2835 castissima;
1313 2788 1475 2841 quem
1512 2775 1806 2845 deprecare
1840 2786 1898 2830 ut
1936 2776 2126 2829 liberet
2158 2791 2243 2830 me
2273 2790 2304 2829 a

739 2856 1086 2919 hassionibus
1118 2860 1488 2918 detinentibus
1528 2882 1634 2931 nte,
1680 2879 1843 2937 atque
1892 2883 1920 2920 a
1960 2868 2139 2919 hitura
2193 2874 2305 2918 ιιϊ-

735 2948 930 3001 menda
965 2954 1235 3006 sententia
1289 2955 1484 3024 eripiat
1514 2973 1602 3013 me
1642 2960 1965 3014 clamantem
1998 2977 2011 3013 :
2043 2956 2303 3023 Laudato,

730 3041 911 3093 omnia
952 3056 1137 3110 Opera,
1171 3044 1481 3103 Dominum.

808 3134 976 3189 Parce
1004 3128 1159 3203 mihi,
1191 3138 1426 3206 Christe,
1485 3143 1705 3210 quando
1748 3143 1964 3195 veneris
1987 3158 2109 3196 cum
2135 3142 2303 3211 gloria

1837 418 1893 475 S.
1936 413 2245 475 JOSEPIII
2282 412 2843 473 IIYMNOGRAI‘III

1225 534 1399 588 nubes
1432 533 1628 588 anima:
1666 534 1929 603 dispelle;
1983 535 2292 602 passionum

2410 535 2532 602 νέφη
2570 534 2666 600 τῆς
2689 533 2863 601 ψυχῆς
2914 549 3014 599 μου
3061 529 3350 582 ἀπέλασον·
3389 527 3576 580 παθῶν
3610 543 3709 596 μου
3741 529 3801 578 τὸ
3839 527 3975 579 κλυ-

2391 629 2581 681 δώνιον
2617 628 2877 686 κόπασον.
2910 623 3349 692 ἀπεγνωσμένων
3367 622 3723 691 καταφύγιον.

2327 1891 2374 1950 Β

3816 407 3959 467 1152

2407 829 2507 881 Ἐκ
2545 828 2649 881 τοῦ
2688 825 2953 890 ιιάνόνος
2999 825 3087 888 είς
3124 822 3233 875 τὸν
3285 822 3460 874 ὅσιον
3503 818 3737 886 Πατέρα
3794 820 3969 889 ἡμῶν

2926 896 3086 959 Δίον,
3131 892 3319 963 ἡμέρᾳ
3355 892 3438 945 t0'.

2479 1014 2657 1066 Ἡλίου
2685 1011 2779 1064 τοῦ
2819 1006 3035 1079 νοητοῦ,
3065 1007 3392 1076 πανάμωμε,
3425 1006 3692 1075 σκήνωμα
3737 1005 3976 1073 γέγονας

2395 1111 2514 1171 ταῖς
2546 1108 2753 1168 ελεῖκαῖς
2812 1103 3192 1173 λαμπρότησιν
3232 1104 3379 1171 ἡμᾶς
3434 1102 3718 1161 εὐσεϐείας
3770 1116 3979 1150 καταε-

2396 1202 2683 1269 γάσαντι-ε,
2728 1200 2822 1251 καὶ
2864 1199 2962 1268 τὴν
2990 1197 3158 1266 άχλυν
3203 1194 3495 1260 διώξαντος
3532 1197 3632 1264 τῆς
3671 1192 3975 1261 ἀγνωσίας,

2409 1293 2783 1362 Ἀειπάρθενε.

2482 1384 2784 1455 Ἰἐνῲκησεν
2827 1383 2920 1435 ἐπὶ
2973 1382 3055 1434 σοὶ
3104 1382 3131 1433 ὁ
3181 1379 3453 1432 κατοικῶν
3507 1379 3634 1441 τοὺς
3680 1377 3974 1445 οὐρανοὺς,

2398 1480 2655 1549 ἀχραντε,
2688 1477 2745 1529 ὃν
2778 1474 3014 1537 ἐκτενῶς
3052 1478 3276 1543 αἰτησαι
3305 1470 3478 1524 σῶσαι
3514 1470 3615 1534 τάς
3646 1468 3824 1539 ψυχὰς
3863 1466 3979 1519 τῶν

2400 1569 2713 1639 ὑμνούντων
2738 1584 2817 1621 σε.

2468 1660 2786 1730 Φωτοφόρον
2852 1676 2911 1711 σε
2972 1656 3193 1728 λυχνίαν
3240 1657 3300 1710 τὸ
3349 1656 3491 1708 θεῖον
3546 1653 3747 1722 φέγγος
3800 1653 3858 1705 ὲν
3909 1655 3978 1720 τῇ

2398 1756 2598 1823 γαστρὶ
2652 1752 3000 1821 βαστάσασαν
3037 1750 3304 1817 ἔγνωμεν,
3360 1747 3625 1817 Παρθένε·
3685 1746 3810 1797 ὃθεν
3846 1744 3982 1794 δυσ-

2400 1845 2548 1899 ωποῦ
2561 1845 2658 1915 μέν
2690 1862 2770 1909 σε,
2803 1843 2941 1911 φωτί
2961 1860 3054 1896 σου
3077 1842 3421 1909 καταύγασον
3444 1839 3660 1893 πάντων
3686 1840 3782 1899 τὰς
3799 1836 3980 1906 ψυχὰς

2404 1941 2513 1992 τῶν
2544 1938 2853 2007 ὑμνούντων
2885 1954 2965 1991 σε.

2477 2034 2770 2103 Νέκρωσον
2803 2031 2901 2100 τῆς
2928 2029 3104 2100 ψυχῆς
3156 2045 3257 2098 μου
3295 2027 3364 2079 τὰ
3422 2024 3593 2093 πάθη,
3645 2025 3980 2092 πανάμωμε,

2406 2128 2439 2198 ἡ
2472 2125 2570 2195 τὴν
2598 2124 2743 2193 ζωὴν
2775 2124 2883 2178 τῶν
2913 2124 3166 2176 ἁπάντων
3204 2121 3503 2191 ἀπορρήτῳ
3530 2119 3675 2187 λόγῳ
3699 2117 3982 2186 κυήσασα,

2407 2220 2502 2272 καὶ
2529 2220 2621 2271 τὸν
2641 2217 2763 2271 νοῦν
2797 2234 2898 2287 μου
2926 2213 3357 2284 ταρασσόμενον,
3388 2212 3547 2281 κόρη,
3571 2212 3909 2279 εἰρήνευσον.

2491 2312 2822 2380 ’Λγιωτέραν
2855 2309 2961 2361 τῶν
2995 2307 3276 2378 Χερουϐίμ
3300 2323 3359 2359 σε
3394 2304 3790 2374 ἀπειργάσατο,
3816 2303 3984 2371 κόρη,

2409 2407 2437 2458 ὁ
2466 2403 2599 2464 Θεὸς
2644 2404 2673 2456 ό
2705 2403 2857 2470 ἆγιος
2884 2399 3164 2471 ἐμφανῶς,
3204 2395 3448 2467 ἁγιάζων
3475 2398 3601 2458 τοὺς
3642 2393 3989 2465 κραυγάζον-

2409 2512 2528 2560 τας·
2570 2493 2925 2565 Εὐλογημένη
2987 2494 3050 2545 σὺ
3108 2493 3166 2544 ὲν
3226 2489 3464 2559 γυναιξὶ,
3521 2489 3829 2558 πανάμωμε
3882 2488 3987 2539 Δέ-

2412 2604 2625 2641 σποινα.

2488 2678 2698 2748 Ὠφθης
2731 2676 3045 2746 πλατυτέρα
3074 2675 3318 2748 οὐρανῶν
3353 2676 3487 2729 Θεὸν
3512 2675 3830 2747 χωρήσασα,
3863 2676 3986 2728 Μα-

2413 2776 2504 2848 ρία
2530 2775 2793 2841 πάναγνεο
2816 2772 2873 2826 ὃν
2901 2772 3219 2825 καθικέτευε
3253 2771 3412 2842 ῥῦσαί
3442 2789 3511 2841 με
3537 2770 3647 2823 τῶν
3662 2770 3849 2822 παθῶν
3874 2771 3989 2821 τῶν

2415 2868 2751 2937 συνεχόντων
2797 2884 2884 2936 με,
2916 2866 3011 2917 καὶ
3060 2866 3159 2932 τῆς
3206 2863 3508 2933 μελλούσης
3551 2863 3789 2932 φοϐερᾶς
3824 2862 3984 2930 δίκης

2416 2977 2479 3028 με
2509 2958 2772 3027 ῥύσασθαι
2801 2958 2892 3011 τὸν
2924 2957 3150 3027 βοῶντα·
3186 2958 3367 3011 Πάντα
3401 2955 3467 3009 τά
3512 2955 3672 3026 ἔργα,
3706 2954 3986 3021 εὐλογεῖτε

2411 3051 2503 3104 τὸν
2534 3052 2576 3102 Κ
2589 3050 2616 3104 ύ
2627 3068 2757 3120 ριον.

2482 3141 2672 3194 Φείσαί
2705 3158 2829 3209 μου,
2857 3139 3080 3211 Χριστὲ,
3099 3139 3224 3192 ὅταν
3254 3138 3417 3210 ἔλθῃς
3442 3140 3626 3208 κρῖναι
3656 3138 3748 3190 τὸν
3779 3137 3989 3205 κόσμον

730 3226 796 3278 ad
828 3227 1182 3294 judicaiulnm
1214 3234 1501 3298 annulum,
1534 3249 1656 3287 cum
1686 3235 1886 3288 habeas
1918 3237 2301 3303 deprecantem

2415 3235 2551 3304 μετά
2581 3233 2759 3301 δόξης,
2792 3234 2930 3302 ἔχων
2970 3231 3320 3285 ὃυσωποῦσάν
3356 3249 3438 3295 σε,
3480 3230 3642 3297 Λόγε,
3662 3231 3761 3301 τὴν
3781 3230 3985 3283 Θεοτό-

731 3328 804 3383 ιιι,
852 3336 883 3371 o
949 3318 1218 3380 Verbum.
1284 3323 1569 3394 Dciparam
1627 3342 1843 3394 semper
1900 3325 2200 3395 Virginem,
2250 3336 2306 3381 et

732 3407 1047 3476 angelorum
1076 3411 1319 3475 ordines,
1361 3420 1789 3483 sanctorumque
1818 3414 2137 3468 concilium.

809 3633 888 3688 Ea:
927 3634 1138 3689 Conone
1184 3638 1235 3690 in
1268 3636 1404 3705 festo
1431 3635 1487 3691 S.
1519 3635 1657 3693 Ειὶίε
1693 3637 1993 3708 Prop/actm,
2032 3641 2117 3695 die
2145 3641 2234 3696 20.

812 3834 1369 3905 Supersubstantialis
1415 3837 1581 3903 Deus,
1631 3854 1695 3892 ex
1747 3848 1817 3899 te,
1862 3856 1895 3893 o
1925 3842 2308 3907 mundissima,

740 3930 1061 3983 incarnatus
1095 3940 1201 3996 est,
1232 3940 1283 3984 et
1312 3942 1532 4001 propter
1561 3949 1663 3987 nos
1712 3934 1874 3985 homo
1908 3934 2085 3991 factus
2122 3948 2199 3990 est
2234 3936 2310 3989 si-

737 4020 884 4076 milis
933 4023 1095 4077 nobis
1129 4039 1143 4077 :
1172 4039 1334 4092 quem
1364 4026 1608 4093 impense
1642 4042 1791 4089 roga,
1829 4042 1861 4079 ο
1894 4027 2221 4089 castissima,
2256 4038 2313 4081 ut

738 4130 843 4177 me,
863 4115 955 4183 qui
979 4131 1142 4184 supra
1170 4130 1361 4171 omnes
1387 4116 1548 4188 148
1574 4119 1824 4173 homines
1851 4118 2091 4187 peccari,
2141 4120 2314 4173 salvct

735 4215 789 4259 ιιι
816 4206 1009 4261 liberet
1039 4222 1069 4261 a
1099 4207 1387 4276 supplicio.

809 4294 854 4349 0
879 4305 1033 4364 porta
1065 4297 1351 4365 impervia,
1392 4313 1488 4367 per
1514 4314 1680 4363 quam
1714 4299 1983 4354 transitur
2022 4301 2086 4354 ad
2121 4300 2309 4363 Deum,

738 4385 1072 4453 ptenitentim
1098 4398 1283 4456 portas
1306 4389 1456 4455 aperi
1484 4390 1615 4442 mihi
1645 4405 1857 4457 precor,
1880 4390 2105 4444 abluens
2125 4390 2314 4444 sordes

739 4487 1089 4546 peccatorum
1124 4494 1367 4532 meorum
1405 4479 1673 4535 imbrilms
1705 4480 2092 4535 misericordia:
2120 4490 2248 4546 tuae,
2281 4495 2314 4535 ο

739 4570 914 4639 puclla
942 4572 1051 4625 Deo
1082 4572 1430 4627 charissima.

809 4662 945 4716 Cum
976 4663 1231 4719 omnibus
1265 4665 1578 4720 caelestibus
1615 4666 1929 4730 virtutibus,
1966 4681 2089 4719 cum
2132 4666 2313 4719 omni-

738 4755 840 4808 lius
875 4756 1153 4825 pr0phetis
1182 4765 1235 4810 et
1261 4758 1614 4829 martyribus,
1646 4773 1772 4811 cum
1802 4758 2068 4826 apostolis
2098 4766 2152 4811 et
2174 4774 2311 4813 con-

742 4848 1063 4912 fessoribus,
1095 4864 1286 4918 preces
1316 4850 1552 4911 effunde.
1592 4866 1625 4905 ο
1657 4850 1882 4903 Domina
1926 4850 2310 4917 mundissima,

741 4952 797 4994 ut
826 4958 949 5012 ego,
978 4944 1071 5011 qui
1106 4945 1273 4997 multa
1301 4946 1547 5013 peccavi,
1581 4946 1814 4999 salutem
1845 4957 2170 5012 consequar,
2203 4956 2257 5000 et
2280 4962 2308 5001 a

738 5034 939 5089 [ituris
980 5036 1155 5105 pinnis
1186 5037 1408 5105 cripiar.

810 5126 985 5197 Super
1028 5143 1079 5182 te
1114 5139 1371 5196 tanquam
1419 5129 1592 5185 imber
1626 5131 1907 5187 descendit
1937 5132 2173 5187 Verbum
2221 5149 2314 5187 sn-

741 5220 1216 5288 pcrsubstautiale,
1251 5220 1396 5289 quod
1426 5222 1744 5290 deprecare.
1774 5239 1806 5276 ο
1838 5225 2015 5293 puella
2050 5225 2307 5278 innocen-

744 5310 978 5371 tissima.
1009 5320 1067 5365 ut
1103 5327 1266 5380 super
1308 5328 1392 5366 me
1434 5329 1578 5367 nunc
1617 5315 1849 5370 mundas
1877 5315 2313 5385 compunctionis

742 5399 913 5454 stillas
954 5400 1195 5470 deplnat,
1230 5404 1427 5471 quibus
1472 5419 1663 5459 omnes
1700 5406 2093 5460 immensarum
2139 5405 2314 5459 malo-

746 5509 864 5547 rum
893 5508 1136 5549 meorum
1172 5495 1361 5549 sordes
1396 5496 1710 5550 abluantur.

814 5587 855 5637 0
901 5597 1053 5655 porta
1088 5586 1202 5649 Dei,
1249 5589 1463 5642 divinos
1503 5590 1783 5658 ingressus
1827 5590 2054 5643 ostende
2102 5590 2314 5643 misera:

745 5677 941 5731 anima:
974 5694 1127 5742 mere,
1164 5696 1301 5749 quos
1334 5681 1607 5748 ingrediar
1641 5699 1763 5736 cum
1793 5682 2162 5747 confessione,
2200 5698 2315 5735 ma-

747 5769 1035 5837 lorumqnc
1064 5770 1462 5826 absolutionem
1497 5773 1792 5842 recipiam,
1827 5790 1859 5827 ο
1897 5775 2151 5842 Dcipara.

822 5859 1012 5916 Laudo
1054 5870 1123 5919 ιο.
1169 5881 1200 5917 υ
1235 5874 1340 5919 tota
1375 5866 1680 5922 laudabilis.
1715 5876 1764 5922 ct
1802 5867 2110 5928 magniﬁco.
2139 5885 2171 5921 υ
2205 5866 2312 5919 1)ιό

2409 3343 2504 3378 κον
2559 3325 2657 3394 τὴν
2694 3321 3074 3393 ἁειπάρθενον,
3135 3325 3203 3376 τὰ
3247 3324 3357 3376 τῶν
3396 3322 3647 3391 ἀγγέλων
3702 3322 3989 3392 τάγματα,

2408 3419 2500 3473 καὶ
2533 3418 2640 3471 τῶν
2662 3419 2822 3471 ὁσίων
2845 3418 2942 3488 τὴν
2970 3417 3264 3488 ὁμήγυριν.

2424 3638 2523 3691 Ἐκ
2547 3635 2651 3692 τοῦ
2680 3637 2947 3702 Κανόνος
2962 3634 3173 3772 sig-iro:
3200 3634 3372 3704 ἅγιον
3399 3631 3713 3703 προφήτην
3756 3631 3991 3695 Ἠλιοῦ,

3038 3724 3118 3772 ut
3148 3723 3228 3772 ρει
3276 3712 3347 3758 κ’-

3038 3712 3228 3776 ἡμέρᾳ
3276 3712 3347 3758 κ’-

2499 3846 2556 3899 Ὀ
2589 3844 2908 3915 ὑπερούσιος
2938 3843 3091 3906 Θεὺς,
3117 3842 3448 3911 πανάμωμε,
3484 3840 3546 3892 ὲκ
3588 3839 3682 3891 σοῦ
3706 3839 3989 3908 σεσάρκω-

2415 3954 2525 3998 ται,
2559 3937 2652 3989 καὶ
2674 3935 2742 3988 δι’
2791 3936 2940 4006 ἡμᾶς
2967 3934 3122 4004 ῶφθη
3162 3932 3284 3986 καθ’
3329 3934 3476 4001 ἡμᾶς
3528 3932 3557 3982 ὁ
3587 3931 3898 4000 ἄνθρωπος,
3931 3930 3989 3981 ὃν

2415 4028 2646 4090 ἐκτενῶς
2683 4028 2890 4081 ἱκέτευε
2917 4027 3056 4096 ὑπὲρ
3086 4026 3293 4087 πάντας
3336 4022 3657 4093 ἀνθρώπους
3679 4062 3693 4084 ,
3730 4024 3958 4091 ἡμαρτη
3977 4052 3991 4062 -

2416 4121 2549 4174 κάτα
2587 4137 2676 4190 με,
2702 4120 2969 4187 πάναγνε,
3000 4117 3174 4171 σῶσαι
3199 4117 3294 4169 καὶ
3320 4116 3593 4179 κολάσεως
3621 4114 3919 4186 ῥύσασθαι.

2502 4302 2799 4355 ’Δδιόδευτε
2847 4298 3022 4369 πύλη,
3069 4301 3103 4365 ἡ
3152 4297 3290 4366 πρδς
3313 4296 3445 4348 Θεὸν
3501 4293 3763 4364 φέρουσα,
3816 4292 3991 4353 πύλας

2422 4393 2709 4465 μετανοίας
2726 4410 2837 4463 μοι,
2860 4391 3018 4459 κόρη,
3044 4388 3277 4453 ἄνοιξον,
3298 4379 3515 4455 δέομαι,
3540 4384 3990 4453 ἀποκαθαίρουσα

2420 4487 2707 4557 ἁμαρτιῶν
2739 4503 2840 4555 μου
2871 4485 2961 4536 τὸν
3006 4483 3176 4554 ῥύπον
3224 4479 3452 4550 ὄμϐροις
3492 4477 3587 4530 τοῦ
3640 4477 3826 4539 ἐλέους
3872 4495 3991 4537 σου,

2346 4596 2389 4652 ι)
2418 4579 2798 4648 θεοχαρίτωτε.

2487 4670 2643 4725 Μετὰ
2677 4667 2866 4721 πασῶν
2890 4667 2999 4720 τῶν
3022 4663 3292 4734 οὐρανίων
3340 4661 3647 4732 δυνάμεων,
3689 4660 3831 4730 μετά
3859 4661 3994 4713 πάν-

2414 4784 2543 4827 των,
2580 4768 2845 4818 Δέσποινα
2885 4763 3225 4833 πανάμωμε,
3274 4760 3384 4813 τῶν
3410 4758 3727 4830 προφητῶν,
3754 4760 3851 4811 καὶ⁵
3884 4759 3993 4809 τῶν

2415 4857 2685 4927 ἀθλητῶν,
2711 4857 2805 4910 καὶ
2842 4856 2951 4908 τῶν
2985 4854 3323 4913 ἀποστόλων,
3379 4853 3472 4905 καὶ
3503 4851 3613 4903 τῶν
3648 4852 3835 4911 ὁσίων,
3875 4851 3992 4903 ixi—

2412 4968 2537 5003 τευε
2569 4952 2752 5020 τυχεῖν
2783 4966 2849 5017 με
2880 4947 3153 5018 σωτηρίας
3177 4947 3270 4998 τὸν
3295 4944 3467 4998 πολλὰ
3493 4945 3883 5014 ἁμαρτάνοντα
3903 4947 3991 4997 καῖ

2415 5037 2681 5107 ῥυσθῆναι
2712 5034 3010 5105 μελλούσης
3038 5035 3332 5097 κολάσεως.

2497 5130 2619 5182 Ἐπὶ
2647 5129 2706 5180 σὲ
2733 5128 2919 5198 ὥσπερ
2943 5128 3147 5197 ὖμὸρος
3174 5127 3345 5195 Λόγος
3362 5127 3741 5197 καταὸἑὸηκεν
3767 5128 3795 5179 ό
3821 5128 3991 5195 ὑπερ-

2413 5220 2616 5284 ούσιος,
2670 5220 2729 5272 ὃν
2789 5219 3047 5281 δυσώπει,
3099 5218 3259 5287 κόρη,
3320 5218 3670 5287 ὲπομῦρῆσαί
3739 5236 3833 5286 μοι
3897 5219 3990 5271 νῦν

2415 5310 2761 5377 κατανύξεως
2792 5308 3038 5379 καθαρὰς
3074 5309 3338 5376 σταγόνας
3361 5307 3783 5371 άποπλυνούσας
3816 5311 3989 5365 πάντα

2418 5403 2587 5475 ῥύπον
2616 5400 2723 5453 τῶν
2757 5400 3009 5471 ἀμέτρων
3032 5398 3219 5451 κακῶν
3264 5416 3390 5468 μου,
3416 5398 3755 5467 πανάμωμε.

2497 5581 2561 5634 Ἢ
2602 5580 2743 5650 πύλη
2790 5581 2824 5650 ἡ
2862 5578 2955 5633 τοῦ
2978 5578 3136 5643 Θεοῦ,
3166 5577 3403 5639 εἰσόδους
3430 5575 3579 5639 θείας
3616 5576 3900 5641 ὑπόδειξον
3928 5581 3990 5648 τῇ

2417 5676 2649 5743 ταπεινῇ
2682 5689 2781 5742 μου
2807 5671 2977 5741 ψυχῇ,
3014 5672 3071 5722 ἐν
3100 5666 3185 5733 αἷς
3234 5668 3613 5740 εἰσελεύσομαι
3643 5669 3972 5739 ἑξομολογού

2419 5786 2600 5840 μενος,
2629 5770 2721 5819 καὶ
2751 5765 2938 5820 κακῶν
2967 5764 3066 5832 τὴν
3096 5762 3270 5825 λύσιν,
3310 5763 3563 5827 Θεοτόκε,
3590 5760 3971 5832 ἀπολήψομαι.

2500 5862 2682 5930 ἰ’μνῶ
2702 5877 2779 5923 σε,
2798 5858 3136 5928 πανύμνητε,
3158 5858 3248 5911 καὶ
3273 5855 3583 5929 μεγαλύνω,
3602 5852 3986 5925 θεοχαρίτωτε,
