4166 6458
755 418 891 485 1155

1876 425 1937 485 S.
1980 424 2293 483 JOSEPIII
2334 423 2889 485 HYMNOGRAPHI

3844 424 3985 490 1156

754 551 988 605 rumque
1018 552 1103 591 me
1136 535 1362 592 reddere
1396 537 1610 609 satagit:
1640 544 1694 591 tu
1723 536 1867 591 enim
1900 537 2008 591 dux
2041 551 2102 590 es
2134 534 2328 589 infam-

2435 537 2682 608 ἀπλανὴς
2710 538 2819 590 τῶν
2866 536 2961 592 ἐπὶ
3002 536 3084 591 σοὶ
3131 536 3473 592 πεποιθότων
3494 538 3761 611 ὑπάρχεις
3803 542 3993 612 ὁδηγία

760 627 888 681 bilis
916 639 1077 697 atque
1098 629 1245 681 omni
1274 644 1458 684 errore
1476 645 1688 692 carens,
1708 643 1895 684 eorum
1921 629 2012 697 qui
2038 628 2321 682 conﬁdunt

754 719 809 772 in
846 729 918 783 te,
964 728 1125 787 atque
1182 720 1524 776 incessanter
1572 722 1809 775 clamant
1840 738 1855 775 :
1882 719 2097 789 Populi,
2133 735 2322 788 super—

754 810 985 863 exallate
1026 809 1338 864 Dominum.

823 899 865 952 Ο
901 900 1061 970 Virgo
1088 903 1258 956 amica
1291 902 1583 968 bonorum,
1606 905 1846 959 animam
1882 919 2058 958 meam
2087 900 2323 971 peccatis

755 992 1126 1060 malignatam,
1153 993 1352 1048 bonam
1384 995 1553 1062 efﬁce,
1588 1006 1643 1050 et
1677 998 1747 1051 ab
1776 1006 1977 1052 aeterna
2008 996 2225 1049 ﬂamma
2260 993 2325 1046 li-

755 1084 881 1137 bera
908 1098 993 1136 me
1016 1085 1502 1141 intercessionibus
1530 1088 1661 1143 tuis.

2425 630 2533 682 τῶν
2595 629 2843 700 βοώντων
2897 629 3210 694 ἀπαύστως·
3252 630 3423 696 Δαὺς,
3483 631 3823 702 ὑπερνψοῦτε
3867 634 3987 687 Κύ-

2429 738 2562 792 ριον.

2494 896 2767 966 Φιλάγαθε
2797 898 3065 969 Παρθένε,
3097 899 3197 970 τὴν
3225 900 3622 971 κεκακωμένην
3657 904 3776 965 ταῖς
3805 901 3988 973 ἀμαρ-

2424 989 2568 1053 τὶαις
2592 989 2770 1059 ψυχήν
2819 1007 2920 1060 μου
2968 991 3260 1057 ἀγάουνον,
3308 991 3404 1044 καὶ
3436 993 3655 1046 αἰωνίου
3694 993 3897 1063 φλογός
3922 1012 3991 1064 με

2431 1080 2600 1151 ῥῦσαι
2640 1080 2956 1152 πρεσϐείαις
2988 1100 3101 1136 σου.

1458 1198 1611 1269 15].
1675 1198 1760 1253 Ea:
1815 1199 2026 1254 Canone
2082 1195 2249 1256 in,S.
2310 1194 2600 1250 Fantinum
2652 1204 2813 1249 mart.
2847 1196 2932 1250 die
2958 1195 3027 1250 94
3060 1194 3237 1265 (65“).

823 1312 863 1362 0
890 1310 1228 1372 Castissima,
1273 1326 1396 1381 quin
1429 1312 1604 1365 lucem
1648 1312 1886 1365 divinam
1922 1318 2086 1378 atque
2124 1309 2323 1363 imma-

753 1405 992 1455 culatani
1032 1402 1084 1454 in
1131 1407 1307 1456 lucem
1358 1403 1603 1464 edidisti,
1656 1404 1929 1467 tenebras,
1982 1418 2104 1470 quae
2147 1402 2199 1455 in
2236 1416 2323 1455 me

755 1502 905 1559 sunt,
940 1494 1190 1563 dispelle,
1216 1496 1421 1550 ‘cordis
1462 1496 1565 1549 mei
1610 1496 1783 1550 nubes
1810 1496 2038 1565 dissipa,
2074 1495 2320 1549 illumina

757 1600 867 1650 me,
923 1597 1077 1652 porta
1141 1585 1381 1651 luminis,
1415 1586 1508 1654 qui
1568 1595 1621 1641 te
1674 1604 1797 1642 cum
1847 1589 1948 1641 lide
2010 1585 2321 1655 magnifico,

754 1673 1032 1745 Deumque
1076 1676 1319 1747 gloritico
1359 1695 1372 1731 :
1401 1677 1636 1747 gloriose
1668 1680 1813 1733 enim
1845 1678 2184 1748 glorilicatus
2217 1687 2320 1731 est.

828 1765 940 1829 Ille,
1000 1767 1092 1833 qui
1151 1768 1356 1836 duplici
1408 1770 1670 1838 praeditus
1732 1779 1925 1823 natura
1976 1770 2321 1839 intelligitur,

2427 1307 2791 1376 pessimorum
2834 1307 3169 1369 daemonum,
3198 1306 3288 1375 qui
3330 1322 3418 1362 me
3452 1307 3801 1372 conturbant,
3830 1317 3996 1362 vexa'

2431 1399 2603 1463 tione,
2632 1406 2686 1451 et
2720 1398 2789 1451 ab
2820 1398 2943 1468 igne
2973 1399 3237 1468 gehennae
3277 1398 3448 1454 libera
3489 1415 3597 1465 me,
3645 1399 3740 1470 qui
3774 1409 3827 1454 te
3869 1415 3994 1453 cum

2428 1488 2533 1542 lide
2560 1487 2834 1540 collaudo.

2497 1578 2968 1646 Quemadmodum
2998 1594 3105 1633 non
3136 1578 3438 1635 combussit
3470 1578 3601 1634 olim
3638 1577 3781 1648 ignis
3808 1576 3996 1632 forna-

2429 1673 2510 1727 cis
2547 1670 3011 1741 prudentissimos
3052 1670 3467 1736 adolescentes;
3517 1670 3589 1725 ita
3640 1683 3741 1725 nec
3781 1670 3996 1745 vulvam

2430 1775 2604 1829 tuam,
2634 1762 2965 1832 Deigenitrix
2995 1759 3180 1830 Virgo,
3212 1762 3516 1817 combussit
3556 1778 3702 1816 nunc
3732 1761 3876 1831 ignis
3911 1761 4001 1815 Di.

757 1856 898 1909 Deus
933 1864 987 1909 et
1033 1857 1230 1923 homo,
1284 1856 1580 1912 Paternum
1634 1859 1817 1913 sinum
1864 1861 2010 1914 nulla
2058 1876 2123 1914 ex
2175 1870 2326 1929 parte
2357 1839 2398 1895 Β
2429 1851 2698 1915 vinitatis,
2730 1865 2852 1921 quae
2877 1852 2933 1903 in
2966 1864 3020 1905 te
3049 1859 3261 1905 naturae
3285 1852 3552 1906 terminos
3581 1852 3890 1905 innovavit.

754 1947 1166 2017 derelinquens,
1211 1950 1267 2002 in
1308 1951 1586 2015 sinu.tuo,
1619 1964 1652 2003 ο
1698 1948 1864 2021 Virgo
1914 1952 2194 2015 inviolata,
2234 1966 2327 2005 re-

754 2038 895 2092 sedit
933 2039 1483 2109 circumscriptibilis,
1533 2055 1658 2095 cum
1703 2040 1772 2095 sit
1814 2042 2327 2112 incircumscriptus

755 2139 944 2198 suapte
970 2138 1183 2182 natura.

829 2220 972 2274 Deus
1027 2222 1268 2275 caelestis
1332 2221 1474 2274 intra
1528 2222 1741 2276 viscera
1800 2230 1892 2276 tua
1966 2222 2255 2286 habitavit,
2291 2241 2323 2277 υ

756 2306 967 2371 Puella,
1001 2318 1164 2376 atque
1212 2310 1485 2362 hominem
1525 2310 1816 2375 deiiicarit,
1851 2321 2011 2381 teque
2038 2314 2329 2370 universo-

755 2412 876 2451 rum
905 2400 1270 2466 patrocinium
1302 2401 1725 2471 praesidiumque
1747 2404 2051 2456 constituit.

829 2488 1058 2559 Legalcs
1121 2492 1231 2560 typi
1286 2492 1710 2561 praeﬁgurabant
1759 2495 2081 2564 mysterium
2130 2509 2329 2551 conce-

757 2578 1026 2644 ccptionis
1058 2589 1183 2644 tute,
1219 2594 1451 2647 quorum
1489 2597 1591 2636 nos
1638 2582 1915 2638 intuentes
1966 2582 2173 2637 exitum
2206 2585 2327 2653 glo-

758 2668 1037 2722 riticamus
1070 2680 1139 2734 te,
1182 2684 1216 2722 o
1250 2668 1434 2739 Virgo,
1465 2687 1587 2739 quae
1615 2672 1758 2727 facta
1782 2690 1842 2728 es
1866 2674 2113 2727 omnium
2159 2674 2330 2728 bono-

756 2771 877 2810 rum
903 2772 1091 2820 causa,
1126 2768 1180 2811 ct
1207 2774 1383 2827 genus
1408 2771 1657 2815 nostrum
1694 2763 1865 2830 gratia
1892 2762 2186 2832 replevisti.

829 2846 1061 2918 Respice
1105 2849 1158 2903 in
1213 2865 1322 2915 me,
1358 2865 1392 2904 ο
1436 2850 1548 2906 Deo
1596 2852 1911 2921 gratissima
1946 2851 2178 2922 Regina,
2215 2863 2269 2908 et
2300 2867 2330 2907 a

758 3002 847 3059 Ea:
869 3002 1082 3060 Canone
1114 3007 1168 3060 in
1196 3005 1331 3075 festo
1355 3005 1454 3061 SS.
1493 3006 1787 3069 llermolm',
1817 3016 1865 3060 et
1889 3008 2151 3063 sociorum
2183 3023 2331 3060 mar-

1368 3089 1560 3147 tyrum,
1603 3080 1687 3130 die
1712 3077 1800 3129 27.

828 3187 1015 3242 Redde
1067 3190 1199 3243 mibi
1238 3188 1516 3244 Clu-istum
1562 3190 1886 3259 propitium,
1918 3205 1950 3244 ο
2001 3188 2162 3259 Virgo
2212 3200 2324 3244 tota
2355 3173 2398 3231 (ἶ

760 3282 881 3336 sine
913 3283 1129 3335 macula
1161 3281 1297 3351 (66),
1332 3282 1570 3336 liberans
1604 3297 1691 3336 me
1730 3282 1784 3336 in
1818 3282 1907 3337 die
1935 3280 2135 3337 Judicii
2166 3298 2196 3337 a
2220 3292 2329 3338 trc-

759 3376 959 3430 menda
993 3375 1367 3429 damnationis
1402 3374 1692 3429 sententia.

828 3466 1025 3521 Libera
1080 3482 1187 3528 me,
1237 3482 1271 3520 ο
1332 3464 1860 3527 innnaculatissima,
1912 3479 1944 3519 a
2005 3465 2327 3536 gravissima

755 3562 1082 3627 tempestate
1108 3566 1484 3628 peccatorum,
1520 3566 1574 3609 et
1600 3557 2020 3626 cogitationum,
2051 3570 2173 3625 quae
2202 3572 2328 3611 cru-

756 3657 952 3712 deliter
986 3654 1248 3708 invadunt
1285 3666 1383 3705 cor
1414 3666 1615 3703 meum.

827 3748 1113 3816 Tanquam
1151 3745 1381 3797 thronus
1418 3741 1746 3809 igniformis,
1783 3740 2075 3796 Dominum
2121 3742 2251 3807 fers,
2295 3756 2329 3796 o

756 3841 940 3894 divina
981 3840 1156 3908 gratia
1203 3836 1675 3899 cumulatissima;
1714 3851 1876 3903 quem
1931 3836 2223 3904 deprecare
2270 3842 2330 3889 ut

758 3934 940 3989 salvos
974 3932 1137 3984 faciat
1166 3945 1267 3984 nos
1294 3930 1346 3981 in
1373 3928 1581 3997 peccati
1616 3928 1733 3981 salo
1762 3927 2156 3996 periclitantes.

830 4024 1106 4077 llabcntes
1155 4031 1225 4083 te,
1278 4036 1310 4075 ο
1364 4019 1549 4090 Virgo,
1598 4020 1984 4088 patrocinium,
2038 4018 2326 4087 refugium,

758 4117 1084 4183 ﬁrmamque
1113 4111 1510 4176 defensionem,
1542 4126 1639 4181 per
1679 4121 1731 4165 te
1761 4111 2057 4164 liberemur
2085 4110 2154 4163 ab
2178 4110 2329 4164 omni

758 4206 1136 4260 tribulatione.

836 4300 1159 4370 Tempestas
1210 4300 1602 4354 immensorum
1671 4309 2014 4366 peccatorum
2083 4312 2326 4352 meorum

758 4394 1054 4447 conturbat
1088 4406 1195 4455 me,
1228 4398 1283 4445 et
1309 4392 1362 4443 in
1399 4390 1729 4458 profundum
1763 4388 2163 4458 desperationis
2185 4405 2331 4445 sem-

2497 1941 2689 1997 Morbo
2728 1941 2974 2005 ail‘ectos,
3025 1949 3191 2010 atque
3234 1943 3302 1996 ad
3348 1950 3550 1996 terram
3596 1943 3910 2005 inclinatos,
3942 1952 3995 1997 et

2426 2046 2657 2106 peccato
2717 2036 2895 2105 palam
2945 2035 3271 2103 servientes,
3321 2035 3586 2091 Dominus
3627 2037 3999 2105 omnipotens.

2427 2144 2553 2185 eum
2610 2127 2970 2183 inhabitasset
3025 2136 3241 2181 uterum
3295 2137 3470 2191 tuum,
3523 2128 3797 2191 salvavit;
3856 2130 4003 2183 unde

2428 2231 2578 2271 nunc
2613 2216 2768 2269 ﬁrma
2803 2217 2906 2269 lide
2945 2216 3186 2270 clamant
3213 2216 3280 2270 ad
3311 2231 3437 2271 eum
3468 2233 3481 2269 :
3520 2217 3711 2283 Pueri,
3750 2228 3858 2271 etc.

2499 2308 2828 2377 Corruptam
2868 2311 3262 2378 terrigenarum
3298 2311 3658 2367 substantiam
3715 2322 3875 2381 partu
3911 2324 4003 2367 tuo

2428 2400 2835 2470 incorruptibili
2865 2402 3273 2471 redintegrasti.
3300 2402 3664 2469 Quamobrem
3688 2404 4001 2459 vocifcror:

2429 2490 2759 2562 Redintegra
2816 2508 2904 2549 me
2955 2494 3050 2563 qui
3100 2502 3249 2549 totus
3291 2496 3754 2564 concupiscentiis
3813 2498 4002 2566 pravis

2429 2594 2725 2655 corruptus
2759 2602 2904 2652 sum,
2951 2586 3110 2658 152
3153 2596 3342 2659 utpote
3384 2588 3801 2659 benignissima,
3827 2598 3884 2643 et
3914 2606 4004 2643 se-

2428 2676 2594 2731 initas
2643 2677 2942 2747 dirigentes
2987 2681 3055 2734 ad
3110 2678 3276 2735 vitam
3338 2680 3656 2736 demonstra
3709 2681 3883 2747 mihi;
3944 2691 4003 2733 tu

2428 2769 2574 2822 enim
2605 2784 2666 2824 es
2690 2769 2797 2823 dux
2830 2762 3104 2839 omnium,
3138 2772 3233 2842 qui
3266 2782 3563 2828 recurrunt
3610 2773 3680 2828 ad
3717 2781 3793 2838 te,
3828 2789 3863 2827 ο
3903 2789 4003 2844 po-

2430 2877 2672 2917 l'lSSlllla.

2442 3017 2545 3073 Ἐκ
2584 3019 2689 3096 τοῦ
2721 3021 2990 3096 Κανόιςος
3016 3023 3103 3096 εὶς
3138 3020 3250 3096 ter
3283 3022 3457 3096 (irth
3479 3024 3766 3096 μάρτυρα»
3800 3025 4006 3096 Ἑρμό-

2640 3092 2795 3143 λαον
2816 3090 2914 3143 καὶ
2944 3091 3086 3157 τοὺς
3115 3092 3238 3145 σὺν
3263 3090 3441 3158 αὐτῷ,
3470 3090 3657 3163 me”
3679 3090 3788 3159 κζ’.

2500 3201 2690 3255 Ἷλεὼν
2714 3219 2825 3271 μοι,
2853 3202 3120 3273 Παρθένε,
3147 3205 3241 3258 τὸν
3277 3206 3513 3277 Χριστὸν
3545 3209 3879 3281 ἀπέργασαι,
3898 3229 4006 3264 πα-

2431 3294 2685 3365 νάμωμε,
2744 3297 2802 3349 ἐν
2834 3297 3019 3370 ἡμέρα
3057 3297 3157 3369 τῆς
3203 3298 3360 3372 δίκης
3410 3300 3649 3373 φοὸερᾶς
3698 3304 4004 3375 καταδίκης

2432 3387 2745 3459 ὲξαίρουσα.

2517 3479 2708 3533 Ῥῦσαί
2758 3497 2848 3551 με,
2882 3481 3217 3552 πανάμωμε,
3248 3483 3536 3555 ἁμαρτιῶν
3579 3485 3758 3539 δεινοῦ
3791 3487 4003 3540 κλύδω-

2429 3588 2540 3637 νος,
2582 3572 2679 3625 καὶ
2724 3571 3012 3643 λογισμῶν
3051 3572 3162 3627 τῶν
3188 3574 3631 3645 ἑπεμὸαινόντων
3658 3577 3896 3646 ἀφειδῶς
3934 3581 4003 3646 τῇ

2430 3662 2631 3735 καρδίᾳ
2663 3680 2787 3734 μου.

2505 3755 2719 3827 Ὠσπερ
2768 3754 2955 3827 θρόνος
2980 3756 3326 3828 πυρίμορερος
3356 3757 3545 3830 φέρεις
3572 3759 3664 3812 τὸν
3694 3761 4001 3832 Δεσπότην,

2431 3846 2817 3919 θεοχαρίτωτε,
2868 3849 2928 3902 ὃν
2984 3850 3194 3904 ἱκέτευε
3240 3851 3480 3923 σωθῆναι
3532 3854 3681 3924 ἡμᾶς
3725 3856 4002 3925 ἁμαρτίας

2432 3940 2579 4009 σάλῳ
2609 3940 3044 4007 κινδυνεύοντας.

2501 4030 2569 4083 Σὲ
2597 4032 2954 4101 προστασίαν,
2985 4035 3333 4106 καταφυγὴν,
3374 4038 3470 4091 καὶ
3499 4036 3725 4108 βεϐαίαν
3767 4039 3998 4110 ἀντίλη-

2429 4119 2524 4190 ψιν
2545 4124 2895 4193 κεκτημένοι,
2916 4125 3177 4197 Παρθένε,
3198 4128 3420 4200 ρυσθείη
3429 4148 3551 4200 μεν,
3568 4131 3656 4184 διὰ
3674 4130 3794 4197 σοῦ,
3820 4132 4000 4203 πάσης

2434 4213 2689 4283 Θλίψεως.

2506 4306 2728 4359 κλύδων
2752 4324 2819 4373 με
2837 4309 2947 4362 τῶν
2970 4310 3228 4381 ἀμέτρων
3246 4315 3610 4384 πταισμάτων
3634 4317 3997 4385 συνταρηὰττει

2433 4397 2529 4449 καὶ
2572 4396 2720 4468 βυθῷ
2745 4401 3111 4469 παραπέμπει
3135 4402 3403 4473 διηνεκῶς
3425 4388 3814 4472 ἀπογνώσεως,
3841 4411 3998 4479 κόρη·

758 4502 854 4556 per
884 4486 1073 4553 dcjictt
1116 4498 1221 4549 me,
1267 4498 1300 4537 ο
1344 4481 1529 4536 Puella
1562 4500 1576 4535 :
1611 4491 1666 4534 at
1698 4491 1752 4534 tu
1800 4482 2161 4552 praeveniens,
2198 4497 2323 4552 por-

2431 4488 2565 4543 ἀλλά
2601 4491 2962 4560 προφθάσασα
2994 4496 3156 4564 χεῖρά
3206 4514 3294 4565 μοι
3342 4498 3551 4568 ὄρεξον,
3593 4502 3688 4553 καὶ
3717 4500 3863 4554 δίδου
3902 4520 3996 4571 μοι

758 4582 873 4648 rige
921 4578 1052 4631 milii
1090 4592 1312 4630 manum
1369 4586 1541 4640 tuam,
1593 4582 1648 4629 et
1684 4576 1753 4628 da
1790 4574 1947 4640 inibi,
1983 4585 2040 4629 ut
2080 4574 2136 4628 in
2171 4582 2323 4628 tran-

758 4670 931 4739 quillo
963 4669 1295 4738 paenitentiae
1320 4676 1481 4736 portu
1513 4681 1738 4721 securus
1761 4666 2054 4736 ingrediar.

835 4761 999 4833 Virgo
1025 4761 1173 4814 omni
1199 4762 1489 4815 sanctitate
1521 4760 1770 4829 praedita,
1796 4774 1917 4826 quae
1944 4757 2114 4811 Deum
2138 4758 2317 4812 incar-

758 4864 942 4907 natum
990 4852 1277 4921 peperisti,
1312 4851 1381 4904 ab
1410 4851 1561 4903 omni
1607 4863 1852 4919 peccato,
1889 4859 1943 4903 et
1975 4849 2324 4904 tribulatione

757 4946 968 4998 salvum
1002 4943 1091 4996 fac
1120 4947 1377 5012 populum
1412 4953 1563 4995 tuum
1602 4941 1927 4995 clamantem
1955 4957 1969 4995 :
2001 4940 2323 4996 Benedictus

755 5053 837 5099 es,
878 5036 1022 5091 Deus
1052 5034 1299 5089 Patrum.

1002 5214 1233 5288 Memmi:
1269 5230 1387 5288 non
1406 5213 1626 5288 habent.

829 5280 940 5355 ((36)
966 5280 1343 5355 "Consonatis.
1364 5284 1635 5355 Amadeus
1659 5280 2064 5355 Lausannensis
2093 5282 2320 5355 antistes

757 5352 947 5411 liontil.
979 5359 1007 5409 7
1055 5358 1121 5410 de
1152 5356 1210 5407 ll.
1247 5354 1311 5408 Υ.
1346 5358 1474 5407 dum
1514 5353 1776 5406 inducens
1820 5353 2094 5406 Christum
2164 5352 2320 5407 Matri

758 5444 869 5482 sua:
910 5430 961 5481 in
993 5428 1187 5481 caelum
1221 5426 1475 5481 subeunti
1514 5424 1897 5492 gratulantem.
1929 5424 1982 5476 in
2019 5423 2161 5477 hunc
2203 5439 2322 5478 m0-

757 5504 885 5552 doin
919 5500 1109 5552 scribit
1138 5515 1151 5549 :
1187 5514 1205 5546 ι
1248 5496 1510 5549 Dominus
1540 5495 1803 5547 assistens
1834 5508 2065 5558 egressa:
2108 5496 2174 5547 de
2200 5510 2322 5549 cor-

795 5584 907 5632 ore,
949 5573 1017 5623 ita
1051 5568 1307 5636 praedicat
1351 5567 1536 5618 laudes
1578 5564 1749 5632 ejus;
1799 5562 1931 5636 Tota
1982 5564 2207 5636 pulchra
2237 5580 2317 5629 es,

813 5649 925 5691 ater
984 5632 1128 5702 inea,
1164 5645 1217 5690 ct
1272 5637 1484 5690 macula
1533 5649 1639 5687 non
1669 5646 1753 5688 est
1785 5637 1836 5686 in
1880 5634 1976 5687 'l‘e.
2012 5632 2171 5699 Tela,
2219 5636 2315 5699 ait,

758 5710 982 5777 pulchra
1012 5724 1072 5762 es
1101 5726 1113 5762 :
1138 5710 1361 5778 pulchra
1395 5707 1447 5759 in
1479 5708 1739 5774 cogitatu,
1774 5704 1994 5771 pulcbra
2023 5705 2267 5778 in‘verbo
2301 5724 2313 5759 :

760 5775 984 5848 pulchra
1018 5780 1070 5848 in
1100 5775 1246 5839 actu,
1288 5778 1509 5845 pulchra
1541 5779 1609 5828 ab
1632 5786 1752 5827 ortu
1786 5790 1955 5843 usque
1984 5776 2051 5828 ad
2076 5775 2259 5829 linem.
2294 5794 2310 5825 ι

761 5847 851 5902 δὶς
878 5851 983 5905 ille.
1011 5847 1111 5903 Uni
1146 5862 1297 5903 crtus
1328 5863 1433 5901 non
1475 5848 1834 5910 nativitatem,
1867 5848 1959 5899 sed
1993 5856 2312 5915 conceptum

2433 4580 2570 4650 πρὸς
2612 4582 2882 4652 γαληνοὺς
2912 4587 3201 4654 μετανοίας
3222 4586 3447 4658 λιμένας
3478 4590 3825 4659 ὁρμίζεσθαι.

2500 4759 2748 4827 Παναγία
2765 4761 3029 4831 Παρθένε,
3046 4765 3079 4833 ἡ
3098 4762 3234 4817 Θεὸν
3253 4765 3593 4836 σαρκοφόρον
3609 4768 4000 4839 ἀποκυήσασα,

2430 4853 2496 4904 ἐκ
2534 4853 2715 4923 πάσης
2756 4855 3028 4924 ἁμαρτίας
3078 4857 3171 4910 καὶ
3200 4856 3433 4927 θλίψεως
3477 4860 3685 4929 βοιῖιντα
3740 4862 3835 4915 τὸν
3866 4864 4000 4917 λαόν

2434 4956 2530 4993 σου
2556 4944 2848 5012 περίσωζν
2890 4945 2948 4997 '0
2974 4945 3082 4999 τῶν
3118 4947 3376 5019 Πατέρων
3397 4951 3554 5019 ἡμῶν
3578 4951 3735 5013 Θεὸς,
3765 4953 4000 5022 εὐλογη-

2430 5037 2520 5099 τὸς
2550 5032 2621 5091 εἴ.

2426 5216 2708 5300 passivum
2748 5229 2953 5300 sonat,_
2978 5236 3008 5275 a
3056 5238 3166 5291 quo
3200 5233 3348 5300 ortu,
3386 5226 3514 5300 sive
3550 5230 3821 5300 principio
3875 5234 3996 5286 viti:

2429 5289 2695 5371 usquead
2747 5293 2909 5344 tinem
2944 5294 2994 5345 in
3035 5289 3233 5371 morte,
3277 5289 3429 5371 beata
3472 5289 3639 5367 Virgo
3671 5289 3805 5367 toia,
3839 5304 3993 5371 juxta

2427 5356 3048 5441 Aniad_cum,"perpetuo
3097 5356 3272 5441 nituit
3306 5368 3513 5437 absque
3570 5356 3718 5425 omni
3769 5356 3996 5441 prorsus

2427 5429 2665 5481 macula.
2699 5432 2971 5500 Alioquin,
3005 5433 3050 5486 si
3103 5437 3377 5507 Amadeus
3424 5429 3743 5507 signiﬁcare
3770 5429 3995 5497 'voluis-

2427 5506 2509 5573 set
2533 5508 2810 5574 ortumex
2855 5513 3029 5566 utero,
3062 5505 3323 5560 nimirum
3356 5505 3713 5574 natiuitatem,
3758 5513 3995 5567 diminu-

2428 5570 2675 5651 tissiinus
2701 5570 2923 5651 luisset,
2956 5576 3064 5626 imo
3092 5574 3291 5651 falsum
3321 5577 3567 5645 dixisset,
3604 5570 3727 5635 cum
3763 5582 3993 5651 Deipaia

2425 5637 2589 5693 fuerit
2621 5642 2847 5711 pulchra
2873 5660 2968 5718 per
3001 5647 3231 5718 grat_i_am
3278 5658 3403 5718 ante
3435 5637 3774 5706 nativitatem
3813 5637 3991 5718 suam,

2426 5721 2699 5793 internitens
2733 5716 3060 5793 concedunt.
3110 5715 3243 5773 Vide
3291 5716 3664 5793 Nicremberg,
3701 5724 3756 5778 in
3800 5715 3988 5778 Sacro;

2422 5780 2624 5851 syllaba
2653 5782 2707 5847 5,
2730 5799 2852 5854 pag.
2886 5784 3014 5842 ΞΠ).
