4166 6458
181 402 318 467 “5'1

1630 398 1991 460 MARlALE.

3279 412 3417 472 1158

252 512 322 563 Σὲ
367 508 430 563 τὸ
466 509 698 581 τερπνὸν
723 508 985 563 παλάτιον
1032 509 1130 564 καὶ
1173 508 1398 579 φαιδρὸν
1432 509 1753 579 ἐνδιαίτημα

1928 510 2004 563 Te
2031 510 2335 578 jucundum
2371 511 2660 581 palatium,
2694 522 2749 569 et
2795 514 3139 585 splendidum
3182 520 3409 579 domici-

178 601 278 655 τοῦ
335 601 749 672 παμϐασιλέως,
807 603 1050 669 παναγία
1096 601 1383 666 Δέσποινα,
1445 601 1744 671 ὑμνοῦμεν,

180 691 453 761 δεόμενοι,
487 691 648 753 ναοὺς
697 692 845 760 ἡμᾶς
880 690 1157 753 ἀνάδειξον
1179 690 1273 743 τού
1303 692 1366 743 ἐκ
1404 692 1496 745 σοῦ
1526 692 1748 762 τεχθέν-

181 796 298 842 τος,
358 778 806 849 καθαρεύσαντας
853 778 1034 849 πάσης
1076 778 1275 840 κακίας
1324 779 1595 841 ἐναντίας,
1657 781 1748 831 καὶ

183 862 427 941 βοῶντας
456 871 771 935 ἀπαύστως·
814 870 979 935 Λαὸς,
1011 870 1351 942 ὑπεροψοῦτε
1394 872 1627 942 Χριστὸν
1669 876 1747 935 εἰς

178 966 307 1024 τοὺς
342 962 565 1026 αἰῶνας.

253 1056 446 1107 Φεῖσαί
501 1072 626 1125 μου,
675 1055 880 1127 Σῶτερ,
911 1057 940 1108 ό
977 1054 1194 1125 τεχθεὶς
1236 1058 1332 1110 καὶ
1369 1054 1615 1124 φυλάξας
1647 1056 1745 1122 τὴν

178 1147 449 1201 τεκοῦσάν
480 1164 539 1199 σε
573 1146 811 1217 ἄφθορον
846 1148 982 1217 μετά
1013 1150 1111 1218 τὴν
1143 1147 1339 1218 κύησιν
1377 1150 1504 1200 ὅταν
1521 1147 1746 1217 καθίσῃς

182 1244 371 1310 κρῖναι
399 1241 469 1293 τά
494 1240 806 1310 σύμπαντα,
832 1241 928 1304 τάς
967 1241 1198 1311 ἀνομίας
1227 1240 1485 1311 παρορῶν
1532 1242 1625 1292 καὶ
1649 1257 1745 1302 τας

180 1334 461 1403 ἁμαρτίας
492 1350 618 1403 μου,
656 1332 733 1397 ὡς
760 1334 1144 1404 ἀναμάρτητος
1188 1333 1462 1403 ἐλεήμων,
1511 1331 1585 1395 ὡς
1614 1331 1746 1393 Θεὸς

181 1426 280 1477 καὶ
311 1424 710 1496 φιλάνθρωπος.

192 1627 299 1681 Ἐκ
346 1628 453 1682 τοῦ
494 1628 763 1694 Κανόνος
793 1631 879 1694 είς
912 1629 1054 1692 τοὺς
1101 1628 1308 1695 ἁγίους
1361 1627 1745 1691 ἀποστόλους

252 1701 591 1767 Πρόχωρον,
623 1700 941 1767 Νικάνορα,
982 1702 1229 1763 Τίμωνα,
1257 1696 1357 1751 καί
1386 1698 1734 1767 Παρμήναν,

250 1769 443 1839 ἡμέρᾳ
472 1767 578 1839 κη’.

1856 604 1986 656 lium
2011 605 2254 682 omnium
2285 604 2465 675 Itegis.
2499 622 2532 658 ο
2563 607 2906 664 sanctissima
2938 610 3191 677 Domina,
3224 614 3409 671 lauda-

1851 708 1992 755 mus,
2035 696 2404 758 obsecrantes,
2442 705 2499 749 ιιι
2531 696 2732 752 eﬁicias
2768 714 2865 754 nos
2907 704 3108 773 templa
3142 703 3267 761 Fi'ii
3309 708 3409 772 tui,

1853 790 2111 850 purgatos
2142 782 2210 835 ab
2237 784 2384 836 omni
2414 789 2734 840 adversante
2766 792 2992 856 malitia,
3020 802 3073 847 et
3102 793 3410 851 incessabili

1849 887 1980 925 voce
2010 873 2303 929 clamantes
2340 893 2352 927 :
2391 874 2600 945 Populi,
2626 882 3026 950 superexaltate
3043 883 3319 941 Christum
3354 888 3408 941 in

1848 965 2065 1020 saecula.
2124 1028 2129 1031 τ

1919 1056 2087 1110 Parce
2135 1059 2289 1123 milii,
2325 1059 2577 1115 Salvator
2608 1066 2721 1133 (qui
2755 1077 2936 1131 natus,
2980 1071 3208 1123 servasti
3246 1069 3412 1126 Geni-

1847 1150 2034 1202 tricem
2065 1160 2208 1204 tuam
2245 1149 2612 1223 inc'orruptam
2648 1168 2767 1225 post
2793 1160 3052 1229 partum),
3086 1164 3301 1229 quando
3319 1180 3408 1217 se-

1846 1242 1998 1297 dcbis
2035 1246 2381 1313 jiulicaturus
2426 1248 2581 1317 153
2628 1250 2914 1317 universa;
2949 1268 3055 1305 non
3112 1254 3410 1322 respiciens

1848 1336 2159 1405 iniquitates
2194 1354 2363 1401 meas,
2395 1350 2448 1392 et
2479 1351 2699 1407 peccata
2744 1356 2886 1405 mea,
2919 1353 3176 1413 tanquam
3211 1344 3412 1413 impec-

1847 1431 2058 1492 cabilis,
2105 1440 2160 1485 et
2210 1432 2558 1496 misericors;
2600 1443 2859 1503 tanquam
2909 1432 3072 1501 Deus,
3112 1450 3167 1489 et
3198 1445 3412 1490 amator

1847 1521 2127 1577 hominum

1849 1632 1931 1685 Ea:
1964 1633 2256 1707 Canoneiu
2290 1636 2420 1707 [esto
2462 1634 2561 1690 SS.
2597 1638 2956 1703 apostolorum
2991 1640 3271 1707 Prochori,
3312 1640 3408 1695 Ni-

2017 1706 2247 1769 canoris,
2292 1706 2546 1772 Timom‘s,
2589 1717 2638 1759 et
2679 1707 2975 1774 Parmeuae,
3016 1711 3102 1763 die
3140 1710 3231 1765 9.8.

256 1884 484 1953 Πορεῖαι
516 1885 572 1938 αί
596 1883 688 1938 τοῦ
716 1884 874 1948 Θεοῦ,
901 1885 1230 1955 πανάμωμε,
1271 1886 1327 1937 ἐν
1365 1885 1448 1937 col.
1473 1883 1745 1953 ἐγνώσθη-

1917 1878 2115 1932 Itinera
2148 1879 2242 1935 Dei
2276 1878 2417 1934 facta
2454 1881 2505 1934 in
2534 1890 2585 1935 te
2611 1881 2826 1951 cognita
2854 1893 3001 1949 sunt,
3027 1898 3060 1937 ο
3088 1885 3408 1939 immacula-

179 1991 282 2027 σαν
315 1977 681 2045 γεγενημέναι
714 1975 848 2047 ξένῳ
879 1976 1084 2046 τοκετῷ
1103 1976 1417 2046 ἀσυγκρίτῳ
1436 1992 1494 2028 τε
1527 1975 1739 2028 ἐνώσεισ

176 2064 301 2117 ὅθεν
333 2066 409 2129 ὡς
436 2072 652 2121 πάντων
683 2068 972 2123 δέσποιναν
1014 2068 1121 2122 τῶν
1154 2068 1477 2138 ποιημάτων
1503 2083 1562 2120 σε
1586 2068 1741 2131 δοξά-

178 2157 369 2226 ζομεν.

252 2250 594 2314 Σταλάζοντα
636 2252 949 2322 γλυκασμὺν
1003 2253 1097 2305 καὶ
1144 2251 1523 2321 ἀπολύτρωσιν
1557 2250 1743 2303 κακῶν

177 2342 407 2404 τέτοκας
438 2344 528 2395 τὸν
550 2342 755 2410 ἀγαθὸν
784 2344 1007 2413 Κύριον,
1048 2345 1284 2412 ἀχραντε
1339 2341 1572 2411 παρθένε
1608 2357 1743 2392 παν-

179 2434 408 2505 ἁμωμε.

264 2530 678 2601 ’Δπειρογάμως
711 2532 949 2602 ἑκύησας
976 2529 1107 2582 Θεὸν
1127 2530 1297 2598 Λόγον
1322 2528 1741 2598 σωματωθέντα,

179 2622 450 2689 πάναγνε,
498 2625 639 2695 ὑπὲρ
667 2625 791 2678 νοῦν
822 2626 916 2677 καὶ
954 2624 1128 2692 λόγον⁹
1178 2624 1300 2676 ὅθεν
1331 2624 1651 2692 κατάχρεως
1681 2640 1739 2675 σε

180 2713 462 2783 Παρθένον
486 2716 778 2786 δοξάζομεν
804 2717 897 2769 καὶ
934 2714 1283 2785 χρεωστικῶς
1320 2715 1717 2785 μακαρίζομεν.

266 2978 575 3050 ’Υμνοῦμέν
621 2998 678 3034 σε
723 2980 790 3034 δι’
832 2975 909 3053 ,ἦς
954 2980 1054 3048 τῆς
1089 2979 1292 3047 φθορᾶς
1344 2976 1743 3048 ἐλυτρώθημεν,

181 3075 493 3143 πανάμωμε
514 3114 530 3135 ,
559 3073 652 3125 τοῦ
690 3072 906 3136 ἀδύτου,
959 3072 1053 3125 καὶ
1092 3070 1192 3140 τῆς
1226 3072 1352 3139 πρὶν
1382 3070 1749 3139 τυραννούσης

182 3164 383 3227 κακίας
415 3163 508 3217 τοῦ
540 3164 862 3232 ἀλάστορος.

254 3253 453 3317 Τάξεις
508 3270 567 3305 σε
624 3256 931 3322 ἀσωμάτων
978 3252 1223 3319 ἀγγέλων
1276 3252 1612 3322 γεραίρουσι,
1655 3222 1818 3303 static

182 3345 500 3397 ἀποστόλων
525 3347 753 3414 χορεῖαι,
777 3348 870 3397 καὶ
893 3343 1184 3413 μαρτύρων
1203 3343 1388 3411 δῆμοι,
1414 3342 1743 3412 Θεοκυῆτορ·

180 3433 273 3485 τὸν
306 3435 414 3504 γάρ
445 3437 663 3487 πάντων
694 3434 929 3487 Βασιλέα
961 3435 1253 3504 ἀφράστως
1280 3432 1540 3502 ἑκύησας.

254 3620 415 3688 Λόγῳ
444 3621 533 3674 τὸν
556 3620 728 3689 Λόγον
761 3621 851 3673 τὸν
883 3619 976 3674 τοῦ
1014 3619 1248 3691 Πατρὸς,
1283 3620 1420 3691 κόρη
1439 3661 1453 3685 ,
1486 3621 1711 3685 τέτοκας
1731 3664 1746 3688 ,

184 3712 329 3782 λόγῳ
354 3712 582 3781 οὐρανὸν
614 3714 919 3783 ποιήσαντα
954 3713 1049 3763 καὶ
1075 3712 1175 3780 τὴν
1213 3711 1340 3779 γῆν,
1380 3711 1473 3763 καὶ
1510 3710 1753 3776 δοξάζεις

183 3804 395 3866 τοῦτον,
428 3806 733 3873 πανάμωμε
760 3844 774 3867 ,
810 3803 971 3873 λόγον
1001 3802 1312 3875 παρέχοντα
1338 3804 1450 3865 τοῖς
1494 3803 1751 3873 καθαρῶς

185 3895 337 3965 αὐτῷ
363 3896 457 3948 νῦν
488 3897 855 3950 πιστεύουσιν.

270 3989 402 4041 Ἰδοὺ
429 3989 706 4059 θεηγόρων
734 3990 790 4042 αἱ
826 3989 1005 4057 φωναὶ
1041 3988 1216 4060 πέρας
1245 3988 1513 4055 ἐδέξαντο,
1555 3990 1753 4043 ἀποτε-

186 4081 390 4151 κούσης
424 4080 516 4132 σοῦ
543 4081 633 4133 τὸν
666 4082 989 4151 ὑπερούσιον
1020 4082 1245 4152 Κύριον,
1283 4082 1374 4134 ὑπ’
1410 4082 1635 4136 ἐκείνων
1662 4083 1754 4134 τὸν

188 4174 537 4241 δηλούμενον,
568 4176 646 4235 είς
682 4176 956 4243 σωτηρίαν
982 4174 1092 4226 τῶν
1122 4174 1349 4241 πιστῶν,
1370 4174 1750 4243 θεοχαρίτωτε,

186 4281 297 4316 των
338 4263 608 4333 βοώντωνο
642 4265 824 4318 Πάντα
855 4266 922 4318 τὰ
944 4266 1082 4336 ἔργα
1097 4266 1326 4338 Κυρίου,
1360 4266 1632 4332 εὐλογεῖτε
1664 4264 1755 4319 τὸν

188 4360 418 4431 Κύριον.

260 4453 449 4521 Φωνὴν
480 4469 561 4505 σοι
593 4452 826 4522 βοῶμεν.
863 4452 1125 4521 Παρθένε,
1156 4453 1465 4523 περιχαρῶς
1492 4452 1585 4506 τοῦ
1617 4454 1754 4523 ἁρχ-

1847 1972 2082 2037 tissima,
2151 1986 2247 2041 per
2308 1982 2523 2041 partum
2588 1984 2740 2027 tuum
2812 1976 3181 2044 peregrinum,
3249 1987 3409 2046 atque

1848 2066 2103 2117 unionem
2138 2066 2659 2135 incomparabilem:
2699 2070 2839 2121 unde
2872 2076 3127 2138 tanquam
3164 2073 3408 2125 omnium

1845 2166 2219 2210 creaturarum
2246 2156 2529 2211 Dominam
2564 2169 2612 2211 te
2648 2159 3033 2228 glorificamus.

1917 2246 2123 2301 Bonum
2178 2249 2469 2303 Dominum
2516 2249 2808 2304 stillantem
2842 2251 3207 2313 dulcedinem,
3237 2264 3290 2305 et
3324 2268 3409 2305 re-

1845 2340 2215 2409 demptionem
2243 2356 2271 2394 a
2312 2342 2491 2406 malis,
2550 2343 2829 2411 peperisti,
2857 2358 2889 2396 ο
2923 2342 3183 2397 inviolata
3222 2341 3406 2414 Virgo,

1844 2448 2038 2489 carens
2063 2434 2209 2487 omni
2243 2435 2474 2489 macula.

1919 2523 2049 2578 Sine
2077 2524 2179 2578 viri
2208 2526 2399 2593 copula
2442 2525 2698 2595 peperisti
2744 2523 2913 2579 Deum
2953 2523 3184 2579 Verbum
3215 2541 3411 2596 corpo-

1846 2627 2048 2683 ratum,
2095 2618 2484 2681 ocastissima,
2539 2634 2701 2688 supra
2747 2634 2963 2672 onmem
3013 2620 3159 2671 verbi
3205 2623 3408 2689 cogita-

1851 2712 2122 2780 tionisque
2200 2712 2777 2779 comprehensionem;
2863 2712 3004 2766 unde
3068 2726 3167 2779 pro
3229 2712 3411 2767 debito

1850 2813 1900 2857 te
1934 2802 2208 2873 Virginem
2262 2805 2655 2874 gloriﬁcamus,
2698 2821 2760 2859 ac
2804 2803 2925 2875 jure
2969 2804 3182 2858 beatam
3228 2807 3407 2873 appel-

1849 2894 2043 2947 lamus.

1920 2986 2232 3041 Laudamus
2263 2997 2332 3049 te.
2358 3001 2391 3040 ο
2420 2988 2587 3041 libera
2613 2991 2680 3040 ab
2710 2988 2855 3041 omni
2892 2989 3031 3054 labe,
3070 3007 3163 3059 per
3189 3008 3350 3062 quam
3377 3008 3410 3046 a

1850 3080 2201 3147 corruptione
2226 3079 2490 3139 barathri.
2523 3090 2575 3132 et
2603 3097 2628 3130 a
2664 3080 2864 3131 malitia
2896 3082 3088 3147 bustis,
3118 3099 3225 3153 qua
3258 3084 3411 3153 prius

1854 3172 2132 3241 tyrannice
2167 3173 2566 3240 premebamur.
2607 3168 2814 3224 liberati
2852 3189 3059 3228 sumus.

1921 3260 2371 3332 lncorporeorum
2420 3262 2739 3332 angelorum
2790 3264 2931 3315 acies
2974 3272 3025 3317 te
3057 3275 3411 3329 venerantur,

1850 3370 1884 3408 ο
1942 3356 2300 3425 Deigenitrix,
2354 3371 2461 3409 una
2511 3371 2638 3410 cuin
2681 3356 3052 3424 apostolorum
3104 3360 3295 3418 choro,
3350 3374 3415 3411 ac

1851 3459 2148 3519 martyrum
2184 3449 2341 3502 turba
2388 3468 2401 3503 :
2440 3448 2685 3503 omnium
2720 3448 2921 3517 quippe
2960 3463 3137 3518 regem
3171 3448 3416 3503 ineffabi-

1853 3542 1977 3597 liter
2006 3542 2287 3612 peperisti.

1926 3634 2027 3688 Per
2061 3634 2282 3688 verbum
2320 3632 2574 3701 peperisti
2625 3629 2859 3685 Verbum
2904 3630 3101 3696 Patris,
3133 3645 3165 3684 ο
3216 3630 3416 3700 puella,

1853 3725 1998 3795 quod
2028 3724 2191 3777 verbo
2222 3724 2419 3778 cmluni
2454 3733 2764 3791 terramque
2790 3723 2995 3775 creavit
3026 3738 3038 3772 :
3064 3729 3117 3774 et
3150 3719 3419 3787 gloriﬁcas

1854 3819 2009 3877 illud.
2054 3833 2086 3872 0
2119 3818 2454 3882 castissima,
2487 3819 2612 3869 dum
2647 3816 2848 3885 praebet
2879 3815 3101 3868 verbum
3145 3814 3270 3877 illis,
3325 3813 3417 3881 qui

1855 3927 1999 3965 nunc
2030 3908 2180 3981 ’pure
2216 3909 2445 3963 credunt
2482 3908 2607 3962 sibi.

1928 4000 2065 4055 Ecce
2120 4001 2582 4069 diviniloquoruni
2643 4011 2805 4051 voces
2854 3994 3015 4049 ﬁnem
3071 4000 3420 4062 acceperunt,

1859 4094 2103 4165 pariente
2143 4105 2194 4146 te
2244 4088 2823 4159 supersubstantialem
2869 4085 3186 4146 Dominum,
3219 4083 3286 4137 ab
3314 4084 3420 4136 illis

1856 4186 2187 4241 declaratum
2217 4198 2280 4236 ac
2302 4183 2761 4242 demonstratum,
2794 4192 2828 4231 ο
2864 4176 2973 4230 Deo
3007 4174 3339 4246 gratissima,
3368 4173 3420 4225 in

1858 4280 2084 4334 salutem
2125 4275 2365 4329 ﬁdelium
2410 4271 2764 4326 clamantium
2822 4285 2835 4321 :
2873 4266 3204 4330 Benedicite,
3237 4266 3421 4319 omnia

1857 4386 2020 4441 opera
2050 4368 2283 4432 Domini,
2321 4364 2573 4416 Domino.

1934 4459 2093 4529 155.
2129 4455 2451 4524 Arcliangeli
2485 4467 2616 4506 voce
2663 4450 2729 4504 ad
2766 4459 2820 4503 te
2852 4463 2974 4502 cum
3014 4445 3212 4517 gaudio
3240 4445 3422 4499 excla-

190 4546 425 4614 αγγέλου
450 4563 464 4578 ·
508 4548 698 4618 Χαῖρε,
728 4551 759 4612 ἡ
795 4547 938 4617 χαρὰ
964 4546 1071 4599 τῶν
1090 4548 1357 4615 ἀγγέλων,
1382 4549 1489 4599 τῶν
1521 4548 1753 4598 ἀποστό-

1863 4566 2078 4606 mamus
2107 4564 2178 4601 :0
2215 4545 2395 4615 Virgo.
2431 4544 2640 4607 Gaude,
2692 4540 2941 4610 gaudium
2979 4537 3318 4606 angelorum,
3349 4534 3422 4587 ti-

190 4645 300 4698 λων
332 4646 394 4698 τὸ
433 4647 836 4715 σεμνολόγημα,
889 4646 983 4698 καὶ
1030 4643 1327 4715 προφητῶν
1361 4644 1420 4697 τὸ
1454 4643 1718 4714 κήρυγμα
1740 4683 1755 4707 ,

191 4739 287 4791 καὶ
323 4737 431 4791 τῶν
466 4738 759 4811 μαρτύρων
789 4738 849 4790 τὸ
882 4738 1234 4806 στεφάνωμα.

204 4871 301 4921 Ἐκ
352 4869 457 4923 τοῦ
498 4871 761 4927 Κηνόνορ
799 4873 884 4935 εἰς
904 4872 1046 4937 τοὺς
1075 4871 1280 4941 ἁγίους
1312 4869 1616 4939 μάρτυρας
1638 4870 1758 4941 ,Σύ-

265 4944 423 5029 λανδ
458 4944 790 4995 Σιλουανόν
832 4943 949 4995 καδδ
984 4940 1131 5006 τοὺς
1165 4941 1287 4995 σὺν
1338 4942 1563 5008 αὐτοῖς,
1616 4940 1759 5009 ὴμέ-

261 5028 337 5081 ρςι
381 5028 415 5061 ι.
428 5048 443 5062 .

275 5125 692 5195 ’Υπερύμνητον
740 5124 873 5177 Θεὸν
923 5126 1176 5195 ἀρρήτως
1218 5126 1444 5189 τέτοκας
1482 5125 1659 5195 σάρκα
1697 5128 1761 5178 ὲκ

198 5217 292 5272 σοῦ
340 5217 644 5287 φορέσαντα
690 5215 759 5267 δι’
811 5215 1145 5285 ἀγαθότητα,
1196 5217 1547 5288 ὑπερύμνητε
1598 5218 1757 5285 ἁγνή.

196 5312 318 5363 ὅθεν
351 5313 409 5362 ἐν
431 5310 635 5378 φωναῖς
666 5308 1101 5379 εὖχαριστηρίοις
1147 5309 1550 5379 ὑμνολογοῦμέν
1581 5326 1639 5363 σε
1670 5309 1763 5362 καὶ

201 5402 595 5475 μακαρίζομεν,
632 5401 709 5466 ὡς
740 5402 905 5455 πάλαι
943 5403 1376 5473 προεφήτευσας.

268 5586 465 5654 Εύρὼν
513 5605 572 5641 σε
611 5588 721 5639 τῶν
753 5585 999 5655 ἀγγέλων
1028 5585 1418 5654 καθαρωτέραν
1462 5584 1628 5636 ὑπέδυ
1668 5581 1765 5649 τὴν

200 5682 444 5750 γαστέρα
497 5698 590 5733 σου
634 5679 732 5751 τὴν
778 5680 938 5747 ἁγίαν
992 5680 1019 5731 ὁ
1075 5677 1189 5746 φῶς
1243 5676 1406 5728 οἰκῶν
1451 5675 1763 5745 ἀπρόσιτον,

202 5774 456 5833 Θεοτόκε,
487 5777 580 5825 καὶ
620 5772 776 5840 ὤφθη
822 5770 1104 5839 ἄνθρωπος
1143 5772 1206 5822 ὲκ
1243 5767 1336 5821 σοῦ
1372 5766 1763 5839 σαρκούμενος,

206 5867 262 5917 ἐν
290 5864 407 5917 δυσὶ
434 5867 551 5928 ταῖς
580 5864 773 5931 φύσεσι
801 5864 1216 5933 γνωριζόμενος.

1863 4643 2009 4697 tulus
2068 4636 2401 4692 honoriﬁcus
2454 4633 2850 4703 apostolorum,
2912 4628 3245 4698 praeconium
3300 4638 3428 4678 oro-

1862 4736 2170 4806 plietarum,
2208 4739 2619 4799 martyrumque
2653 4737 2877 4778 corona.

1865 4871 1948 4925 Ex
1979 4870 2191 4926 Conone
2217 4868 2271 4921 in
2307 4866 2439 4935 festo
2468 4861 2569 4917 SS.
2616 4860 2782 4935 Sylw,
2816 4854 3144 4935 et‘Sylvam',
3174 4860 3223 4906 et
3256 4850 3426 4904 socio-

2353 4953 2468 4987 rum
2510 4928 2691 4996 martI,
2727 4930 2813 4983 die
2842 4928 2931 4983 50.

1935 5116 2289 5188 Superiorem
2317 5110 2466 5166 omni
2505 5108 2663 5163 laude
2697 5106 2866 5159 Deum
2908 5104 3247 5157 incarnatum
3279 5115 3345 5154 ex
3376 5108 3428 5154 te

1866 5221 2088 5285 propter
2138 5224 2293 5264 suam
2340 5204 2658 5263 bonitatem,
2704 5197 3050 5253 inelfabilitcr
3088 5192 3364 5263 peperisti,
3394 5206 3429 5247 ο

1867 5315 2016 5360 casta
2064 5302 2212 5356 omni
2262 5298 2419 5353 laude
2464 5293 2763 5364 superior:
2817 5303 2987 5359 quare
3031 5303 3154 5341 cum
3202 5286 3430 5340 vocibus

1868 5397 2164 5469 gratiarum
2208 5389 2439 5447 actionis
2486 5397 2536 5442 te
2571 5385 2877 5446 laudamus,
2924 5381 3271 5447 dicimusque
3298 5378 3429 5432 bea-

1870 5503 2001 5556 tam,
2035 5484 2493 5561 quemadmodum
2526 5482 2656 5537 olim
2710 5488 2766 5534 tu
2816 5471 3323 5568 ipsapropbetasti.
3352 5556 3363 5568 ο

1941 5582 2034 5635 llle
2075 5578 2168 5648 qui
2210 5577 2384 5629 lucem
2429 5571 2640 5625 Ιιιιιιίιοι
2678 5563 3133 5628 inaccessibilem,
3184 5574 3309 5614 cum
3351 5563 3432 5610 in-

1872 5673 2107 5728 venisset
2137 5678 2206 5733 te,
2240 5683 2274 5720 o
2302 5664 2551 5733 Deipara.
2584 5659 2793 5730 angelis
2826 5656 3180 5717 sanctiorem,
3220 5651 3432 5721 ingres-

1874 5782 1968 5821 sus
2000 5773 2083 5819 est
2114 5763 2166 5816 in
2193 5770 2411 5815 uterum
2447 5767 2624 5819 tuum,
2653 5762 2707 5808 et
2737 5753 2900 5805 homo
2936 5749 3111 5802 factus
3135 5754 3217 5801 est
3248 5744 3432 5800 incar-

1876 5872 2035 5915 natus
2064 5874 2128 5915 ex
2160 5865 2231 5922 te,
2256 5854 2308 5910 in
2332 5852 2545 5908 duabus
2574 5848 2786 5904 naturis
2816 5843 3150 5900 notiﬁcatus.
