4166 6458
773 393 907 457 1159

1897 399 1956 456 S.
1998 396 2315 457 JOSEPHI
2356 395 2919 457 IIYMNOGRAPIII

3886 393 4027 456 1160

841 502 1225 556 Miraculorum
1279 499 1523 554 omnium
1572 500 2067 556 eminentissimum
2099 511 2182 555 est
2232 504 2337 555 mi—

2510 503 2821 573 Θαυμάτων
2860 499 3129 572 ὑπερέχον
3162 499 3376 568 πέφυκε
3406 498 3469 553 τὸ
3507 501 3567 553 ἐν
3610 500 3691 553 σοὶ
3732 504 4033 572 γενόμενον

772 595 1014 650 raculum
1068 594 1268 648 factum
1324 593 1376 647 in
1412 602 1462 647 te
1502 612 1515 648 :
1561 594 1762 648 etenim
1822 602 2015 664 praater
2052 604 2345 649 consuetas

776 700 986 744 naturae
1022 687 1186 755 leges,
1219 686 1589 755 legislatorem
1637 685 1923 741 Christum
1950 688 2229 757 peperisti,
2254 686 2348 756 qui

778 784 1079 852 primorum
1126 788 1417 850 parentum
1465 780 1962 851 transgressionem
2012 780 2273 843 abolevit,
2317 794 2351 831 ο

777 867 1303 921 immaculatissima.

850 958 925 1011 Te
960 968 1117 1012 antea
1148 958 1441 1028 descripsit
1486 957 1652 1012 David
1688 967 1928 1011 montem
1964 958 2307 1027 coagulatam
2333 1001 2348 1024 ,

778 1065 1016 1107 montem
1058 1053 1147 1106 Dei
1184 1054 1353 1108 nostri
1380 1094 1394 1115 ,
1428 1062 1669 1105 montem
1703 1052 1980 1121 pinguem.
2017 1051 2070 1103 In
2111 1059 2160 1103 te
2183 1051 2349 1118 enim,

776 1160 810 1197 o
848 1144 1051 1213 puclla,
1094 1154 1239 1197 notae
1280 1142 1433 1196 l'actze
1463 1156 1591 1197 sunt
1620 1136 1767 1197 illius
1808 1144 1926 1204 vim,
1971 1142 2098 1195 dum
2131 1154 2350 1193 carnem

780 1254 844 1289 ex
884 1248 935 1289 te
962 1236 1355 1301 emendicavit,
1385 1251 1594 1303 nosque
1624 1235 1689 1289 ad
1717 1235 2001 1305 pristinam
2032 1232 2352 1301 dignitatem

777 1330 1018 1383 reduxit.

848 1422 986 1474 Cum
1010 1420 1204 1473 Factor
1228 1430 1279 1474 te
1311 1420 1564 1474 decoram
1597 1418 2000 1488 pulchritudine
2032 1414 2353 1481 invenisset,

784 1515 837 1565 in
887 1521 935 1564 le
965 1512 1149 1580 posuit
1196 1512 1612 1563 tabernaculum
1654 1526 1836 1571 suum,
1870 1519 1923 1562 et
1952 1507 2236 1579 Speciosus
2264 1522 2356 1560 sn-

780 1620 876 1673 pcr
906 1618 1097 1656 omnes
1172 1604 1311 1655 lilios
1357 1603 1753 1670 terrigenarum
1803 1602 2056 1668 apparuit
2094 1612 2356 1666 corpora-

781 1706 891 1756 tus,
936 1711 985 1748 οι
1004 1694 1355 1749 sanctissima
1401 1691 1587 1762 Virgo,
1637 1692 1783 1745 omni
1818 1694 1977 1746 laude
2008 1690 2353 1759 dignissima.

854 1789 1100 1842 Dissolve
1128 1786 1287 1841 funes
1320 1798 1667 1856 peccaturum
1694 1800 1938 1839 meorum
1965 1782 2357 1838 intercessione

2448 596 2655 665 θαῦμα·
2697 596 2943 664 νομίμων
2971 594 3083 663 γὰρ
3113 592 3341 647 ἄνευθεν
3361 593 3465 662 τῆς
3491 592 3707 662 φύσεως
3743 593 3837 647 τὸν
3865 612 4024 662 νομο-

2448 688 2608 757 δότην
2639 686 2873 758 Χριστὸν
2898 685 3234 747 ἁποτίκτεις,
3266 684 3365 754 τὴν
3386 685 3496 737 τῶν
3526 685 3892 757 προπατόρων
3926 701 4033 736 πα-

2454 778 2683 850 ράϐασιν
2713 779 2931 844 λύοντα,
2964 778 3376 848 παναμὼμητε.

2523 962 2590 1012 Σὲ
2616 961 2643 1012 ὀ
2673 959 2839 1014 Δαϐὶδ
2867 957 3267 1028 προδιέγραψεν
3308 958 3434 1027 ὅρος
3474 956 3871 1027 τετυρωμένον,
3905 956 4026 1023 ὅρος

2450 1052 2545 1105 τού
2578 1052 2713 1104 Θεοῦ
2750 1051 2927 1121 ἡμῶν,
2961 1049 3087 1120 ὅρος
3116 1051 3259 1105 πῖον’
3290 1050 3348 1103 ἐν
3376 1050 3461 1102 σοὶ
3488 1048 3619 1119 γὰρ,
3653 1046 3811 1115 κόρη,
3854 1047 4027 1111 ἐγνω-

2457 1143 2719 1213 ρίσοησαν
2762 1143 2954 1197 τούτου
2998 1142 3053 1193 αἱ
3098 1144 3312 1211 πορεῖαι
3353 1140 3533 1209 σάρκα
3572 1135 4029 1207 πτωχεύσαντος,

2455 1236 2549 1289 καὶ
2582 1240 2717 1305 πρὸς
2743 1236 2805 1289 τὸ
2830 1237 3055 1307 ἀρχαῖον
3086 1236 3232 1305 ἡμᾶς
3264 1235 3651 1301 ὲπανὰξαντος.

2538 1425 2760 1495 Ὡραίαν
2809 1441 2868 1477 σε
2910 1424 3095 1477 κάλλει
3134 1426 3162 1477 ὁ
3208 1422 3442 1493 Ποιητής
3482 1421 3805 1493 εὑράμενος,
3833 1422 3896 1472 ὲν
3947 1419 4031 1471 σοὶ

2456 1518 2757 1587 ἐσκήνωσε,
2795 1515 2888 1569 καὶ
2915 1514 3133 1583 ὡραίως
3164 1516 3305 1584 ὑπὲρ
3340 1514 3586 1575 ἅπαντας
3615 1514 3761 1574 υἱοὺς
3788 1512 3899 1563 τῶν
3930 1528 4032 1576 γη-

2457 1610 2629 1677 γενῶν
2661 1608 2815 1679 ὥφθη
2849 1606 3300 1678 σωματούμενος,
3338 1604 3578 1672 παναγία
3612 1604 3855 1672 Παρθένε
3893 1620 4033 1655 πανο

2459 1702 2487 1754 ύ
2498 1718 2664 1771 μνητε
2674 1740 2688 1754 .

2529 1794 2704 1848 Λῦσόν
2738 1810 2837 1862 μου
2871 1793 2970 1855 τὰς
3004 1791 3190 1861 σειρὰς
3234 1788 3342 1842 τῶν
3373 1788 3731 1857 πταισμάτων
3760 1790 3826 1856 τῇ
3864 1801 4027 1856 μεσι-

781 1890 894 1943 tua,
933 1896 966 1934 ο
994 1892 1144 1934 casta
1172 1922 1187 1945 ,
1224 1887 1280 1933 et
1312 1879 1506 1947 colliga
1541 1894 1625 1931 me
1657 1876 1897 1947 pet-feete
1927 1876 2197 1930 cltaritate
2226 1872 2355 1928 boni

2460 1888 2583 1956 τείᾳ
2612 1904 2728 1950 σου,
2760 1886 2923 1953 ἁγνὴ,
2955 1884 3051 1937 καὶ
3082 1886 3147 1953 τῇ
3180 1884 3369 1954 ἀγάπῃ
3413 1880 3637 1943 τελείως
3676 1878 3772 1931 τοῦ
3819 1877 4032 1947 ἀγαϐοὖ

781 1971 904 2024 Filii
938 1973 1013 2024 tui
1056 1988 1070 2024 :
1105 1986 1228 2023 nam
1249 1972 1302 2023 in
1322 1970 1437 2023 dies
1458 1970 1675 2039 longius
1707 1968 1929 2022 discedo
1954 1966 2021 2021 ab
2049 1981 2113 2020 eo
2137 1981 2232 2035 per
2259 1965 2357 2018 de-

783 2066 988 2118 l'ormcs
1014 2063 1323 2131 cupidines.

854 2177 1020 2230 Parce
1062 2176 1219 2237 mihi,
1247 2174 1341 2244 qui
1388 2174 1583 2226 iterum
1633 2179 1896 2224 venturus
1927 2184 1985 2224 es
2018 2184 2142 2223 cum
2187 2169 2358 2237 gloria

782 2270 1084 2323 divinitatis
1124 2268 1376 2337 judicare
1426 2267 1612 2318 urbem
1684 2278 1979 2327 terrarum,
2035 2279 2068 2314 ο
2105 2262 2355 2330 omnipo-

784 2371 904 2414 tens
938 2358 1190 2423 Domine,
1233 2357 1389 2427 155
1422 2373 1517 2425 per
1554 2356 1981 2409 intercessiones
2028 2354 2196 2417 illius,
2238 2368 2360 2423 quae

785 2450 1034 2504 nesciens
1056 2451 1232 2502 virum
1262 2448 1468 2516 peperit
1515 2457 1565 2500 te
1594 2463 1607 2498 :
1634 2457 1687 2499 ct
1718 2462 1786 2499 ne
1819 2447 1875 2498 in
1914 2448 2091 2516 ignem
2134 2446 2359 2515 dejicias

785 2557 893 2604 me,
931 2542 1000 2593 ob
1036 2550 1256 2609 peccata
1291 2540 1662 2607 desperatmn.

857 2697 941 2751 Ex
973 2696 1187 2753 Cottone
1218 2697 1273 2749 in
1308 2695 1441 2764 festo
1484 2694 1545 2749 S.
1578 2694 1860 2747 Eudocimi
1882 2695 2044 2762 justi,
2077 2695 2164 2749 die
2193 2695 2284 2751 '51.

855 2926 1139 2995 Tanquam
1170 2926 1472 2979 animatum
1509 2924 1603 2979 Dei
1649 2924 1976 2989 thalamum,
2019 2934 2073 2978 et
2108 2923 2357 2978 thuribu-

786 3019 900 3070 lum
936 3016 1198 3084 spiritalis
1228 3015 1519 3082 vitalisque
1568 3015 1847 3077 carbonis,
1882 3014 2172 3083 Deiparam
2214 3030 2359 3067 sem-

790 3117 884 3169 per
909 3104 1284 3158 beatissimam
1320 3104 1537 3174 hymnis
1562 3105 1925 3167 celebremus,
1954 3102 2319 3158 vociferantes
2343 3120 2355 3156 :

787 3197 920 3261 Ave,
950 3210 1115 3250 causa
1143 3196 1399 3251 salutaris
1426 3197 1863 3250 restaurationis.

853 3287 991 3339 Cum
1053 3303 1207 3341 esses
1281 3288 1486 3354 angelis
1551 3287 1957 3351 honorabilior,
2038 3258 2431 3355 angelorumc

790 3378 1104 3432 Creatorem
1148 3388 1243 3431 tuo
1286 3382 1495 3448 gremio
1536 3379 1728 3442 tulisti,
1775 3394 1837 3432 ac
1879 3380 2155 3449 peperisti,
2192 3393 2226 3433 ο
2260 3378 2355 3431 Dei

787 3480 961 3522 mater
1018 3470 1074 3523 in
1137 3470 1567 3540 redemptionem
1615 3471 1899 3524 hominum
1952 3471 2357 3526 concinentium

786 3562 881 3615 tibi
931 3576 945 3614 :
987 3560 1104 3615 Non
1150 3572 1233 3617 est
1284 3571 1530 3629 sanctus,
1568 3578 1602 3617 ο
1637 3564 2009 3631 immaculata,
2051 3572 2246 3633 praeter
2285 3576 2357 3628 te,

784 3649 1033 3705 Domina.

859 3746 903 3796 0
932 3744 1082 3797 omni
1108 3743 1267 3797 lamle
1292 3743 1616 3811 dignissima
1653 3740 1819 3812 Virgo
1849 3754 2109 3813 perpetua
2131 3786 2146 3810 ,
2176 3756 2233 3799 tu
2268 3759 2363 3813 pe-

786 3836 973 3905 peristi
1004 3835 1199 3903 Deum,
1232 3852 1356 3890 vere
1376 3838 1652 3889 hominem
1686 3835 1912 3900 factum,
1946 3852 2107 3905 quem
2138 3838 2358 3906 superni

789 3930 1017 3981 laudant
1063 3932 1363 3981 exercitus.
1409 3926 1675 3981 Eumdem
1725 3944 1824 3996 pro
1861 3929 2034 3988 servis
2078 3931 2185 3982 tuis
2229 3944 2360 3998 sup-

786 4021 1000 4091 pliciter
1027 4036 1257 4075 exorare
1285 4038 1352 4077 ne
1378 4036 1586 4076 cesses.

859 4134 1043 4196 lllum,
1080 4136 1172 4204 qui
1208 4151 1273 4189 ex
1311 4147 1361 4190 te
1396 4136 1715 4190 incarnatus
1754 4146 1855 4200 est,
1897 4152 1929 4191 ο
1959 4135 2126 4207 Virgo
2171 4137 2356 4203 Mater,

787 4242 1004 4295 semper
1050 4231 1343 4298 deprecare
1387 4245 1486 4298 pro
1530 4230 1686 4284 nobis
1735 4232 2081 4286 laudantibus
2129 4244 2201 4293 te,
2242 4245 2359 4286 uta

787 4320 1141 4386 passiunibus
1200 4332 1256 4375 ct
1312 4323 1569 4389 periculis
1649 4326 1966 4387 tnorttlet'is,
2014 4341 2043 4377 a
2088 4326 2246 4380 malis
2295 4342 2359 4380 ac

787 4412 1233 4468 tribulationibus
1254 4456 1269 4483 ,
1297 4416 1365 4469 ab
1395 4428 1598 4471 acterna
1640 4418 1881 4483 ﬂamma,
1925 4434 1988 4473 ac
2018 4434 2177 4489 ptena
2229 4421 2362 4474 libe-

784 4523 987 4562 I'Cllllﬂ'.

855 4600 1037 4654 Electa
1088 4616 1118 4655 a
1178 4603 1283 4656 Deo
1336 4601 1508 4667 fuisti,
1565 4614 1750 4673 utpote
1805 4605 2235 4673 speciosissima,

784 4691 991 4762 Virgo,
1047 4696 1297 4765 factaque
1346 4712 1405 4750 es
1458 4698 1703 4766 ejusdem
1759 4704 1917 4753 sedes
1969 4715 2032 4754 ac
2075 4703 2356 4770 possessio

786 4789 1210 4858 spatiosiSsima,
1250 4800 1300 4843 et
1351 4791 1647 4854 thalamus,
1681 4802 1733 4845 ct
1780 4794 2027 4857 lucerna,
2059 4805 2111 4846 et
2146 4808 2355 4847 mensa.

857 4882 1034 4947 Illum,
1086 4899 1247 4951 quem
1308 4885 1586 4954 peperisti,
1653 4889 1949 4955 deprecare
2017 4902 2255 4956 semper,
2323 4903 2357 4939 υ

785 4970 971 5042 Virgo,
1009 4985 1066 5027 ut
1093 4975 1287 5027 liberet
1318 4990 1404 5027 me
1436 4991 1463 5028 a
1489 4975 1756 5030 servitute
1784 4979 2103 5046 passionum
2131 4980 2357 5031 damna-

785 5070 949 5122 tionis
973 5111 987 5135 ,
1028 5084 1058 5123 a
1096 5070 1245 5137 gravi
1282 5069 1482 5123 duritie
1526 5086 1647 5139 qua:
1680 5071 1887 5124 detinet
1919 5087 2025 5134 me,
2055 5081 2110 5125 et
2155 5072 2223 5125 ab
2253 5076 2357 5125 im-

784 5162 938 5231 perio
963 5177 1174 5227 eorum,
1204 5164 1296 5231 qui
1338 5178 1552 5232 semper
1584 5164 1847 5217 tribulant
1878 5178 1986 5228 me,
2029 5181 2061 5217 ο
2084 5163 2195 5219 Deo
2226 5164 2375 5231 cha-_

785 5255 1025 5309 rissiina.

852 5371 1311 5438 AdaeFormator,
1365 5390 1433 5428 ex
1488 5374 1852 5444 sanguinibus
1900 5372 2030 5437 tuis,
2094 5386 2129 5426 ο
2176 5384 2356 5438 casta,

783 5465 1050 5522 formatus
1102 5478 1207 5531 cst,
1260 5470 1508 5536 lacthue
1558 5477 1651 5522 tuo
1705 5468 1972 5529 nutritus,
2025 5466 2117 5536 qui
2174 5469 2350 5520 nutrit

783 5576 947 5615 omne
980 5563 1121 5631 quod
1168 5562 1357 5630 spirat,
1390 5577 1423 5615 ο
1469 5562 1695 5631 Deipara
1730 5560 1928 5631 Virgo;
1974 5562 2117 5615 unde
2146 5567 2201 5615 te
2238 5571 2357 5615 tan-

784 5672 948 5728 quam
990 5656 1338 5727 llei,hlatt‘em
1369 5657 1761 5727 gloriﬁcamus.

853 5771 1017 5826 Lucis
1056 5771 1420 5825 illuminanlis
1452 5786 1650 5825 omnes
1695 5770 2065 5824 habitaculum
2094 5779 2147 5823 et
2179 5771 2357 5823 taber-

785 5868 1037 5922 naculum
1066 5867 1218 5937 ejus,
1260 5878 1313 5920 ct
1358 5884 1494 5935 poris
1524 5878 1574 5920 ct
1601 5866 1744 5921 scala
1779 5866 1831 5918 in
1875 5865 2156 5920 excelsum
2194 5874 2353 5919 terri-

2324 4600 2434 4661 oD

2462 1978 2592 2031 Υίοῦ
2630 1995 2724 2031 σου
2754 1977 3079 2047 πρόσδησον,
3115 1976 3525 2045 μακρυνόμενον
3552 1973 3676 2025 καθ’
3706 1970 3947 2039 ἑκάστην
3976 1968 4036 2034 ἐξ

2459 2068 2623 2123 αὑτοῦ
2650 2069 2718 2123 δι’
2751 2068 2952 2141 ἡδονῶν
2981 2068 3218 2120 ἀτόπων.

2528 2184 2715 2238 Φεῖσαί
2747 2202 2872 2253 μου,
2900 2183 2927 2233 ὁ
2956 2182 3165 2252 μέλλων
3186 2185 3243 2234 ὲν
3270 2179 3397 2253 δόξῃ
3427 2179 3585 2232 πάλιν
3612 2177 3869 2248 ἔρχεσθαι
3895 2176 4031 2228 8:6-

2458 2294 2620 2347 τητος
2654 2280 2835 2345 κρῖναι
2864 2274 2963 2343 τὴν
2985 2272 3333 2343 οἰκουμένην,
3361 2270 3759 2338 παντοδύναμε,
3789 2268 4033 2328 ἱκεσίαις

2458 2372 2558 2439 τῆς
2584 2368 2981 2438 ὰπειράνδρως,
3008 2366 3275 2427 Δέσποτα,
3307 2364 3573 2433 τεκούσης
3598 2379 3681 2426 σε,
3712 2361 3809 2414 καὶ
3843 2362 3923 2430 μὴ
3956 2364 4037 2418 εὶς

2461 2464 2571 2536 πῦρ
2605 2463 2893 2534 ἐκπέμψῃς
2927 2479 2995 2532 με
3028 2458 3477 2530 κατεγνωσμένον
3507 2456 3927 2527 ἁμαρτήμασιν.

2475 2708 2578 2761 Ἐκ
2615 2704 2722 2759 τοῦ
2752 2704 3023 2765 Κανόνος
3059 2702 3146 2764 εις
3180 2698 3286 2751 τὸν
3314 2697 3493 2751 ὅσιον
3530 2692 3630 2747 και
3660 2691 3902 2745 δίκαιον
3925 2689 4043 2739 Εὑ-

2934 2774 3205 2841 δόκιμον,
3236 2769 3427 2838 ἡμέρᾳ
3454 2767 3557 2821 λα’.

2541 2935 2630 2999 Ὦς
2670 2933 2921 2987 παστάδα
2964 2931 3206 3001 ἔμψυχον
3235 2926 3371 2981 Θεοῦ
3413 2926 3506 2979 καὶ
3549 2921 3911 2992 θυμιατήριον
3942 2917 4040 2970 τοῦ

2460 3029 2649 3100 νοητοῦ
2680 3029 2775 3082 καὶ
2805 3026 3117 3096 φωτοφόρου
3150 3023 3440 3093 ἄνθρακος,
3475 3017 3575 3087 τὴν
3603 3012 4039 3083 ἁειμακάρισιον

2460 3124 2861 3194 ἀνυμνήσωμεν
2895 3119 3155 3171 Θεοτόκον
3188 3113 3616 3186 κραυγάζοντες’
3647 3108 3839 3177 Χαῖρε,
3876 3106 3913 3173 ἡ
3951 3104 4040 3154 αἰ-

2462 3217 2550 3268 τία
2582 3215 2681 3282 τῆς
2714 3211 3093 3282 σωτηριώδους
3121 3207 3498 3268 ἀνακλάσεως.

2547 3305 2899 3374 Ὑπάρχουσα
2928 3300 3177 3367 ἀγγέλων
3206 3296 3507 3367 τιμιωτέρα
3530 3293 3622 3346 τὸν
3652 3291 3899 3358 κτίστην
3927 3289 4041 3340 et?“

2462 3397 2709 3465 ἀγγέλων
2745 3396 2813 3465 τῇ
2859 3396 2924 3463 σῇ
2951 3392 3103 3461 νηδύϊ
3137 3390 3442 3451 ἐϐάστασας
3474 3386 3570 3440 καὶ
3602 3385 3861 3445 τέτοκας,
3909 3381 4041 3432 Θεο-

2466 3493 2660 3560 μῆτορ,
2698 3486 2905 3557 βροτῶν
2951 3488 3030 3547 είς
3061 3484 3330 3553 λύτρωσιν
3368 3482 3476 3533 τῶν
3509 3476 3897 3549 μελῳδούντων
3933 3488 4040 3526 σοι·

2462 3585 2577 3638 Οὐκ
2605 3581 2772 3647 ἐστιν,
2797 3582 3053 3650 ᾶχραντε,
3087 3576 3241 3645 ἅγιος
3267 3575 3408 3645 πλὴν
3438 3589 3554 3637 σου,
3587 3570 3875 3625 Δέσποινα.

2534 3764 2859 3832 Πανύμνητε
2884 3759 2976 3813 τὸν
3003 3760 3117 3813 ἄνω
3142 3752 3498 3826 στρατηγίαις
3534 3749 3876 3821 ὑμνούμενον
3901 3748 4041 3801 Θεὸν

2462 3856 2783 3924 ἀπεκύησας
2810 3850 3097 3921 ἄνθρωπον
3126 3849 3295 3909 ὅντως
3325 3845 3638 3914 γενόμενον,
3672 3842 3731 3895 ὃν
3760 3841 3906 3910 ὑπὲρ
3934 3840 4045 3891 τῶν

2462 3950 2661 4003 δούλων
2690 3964 2783 4000 σου
2809 3943 3194 3999 ὲκδυσωποῦσα
3229 3941 3305 4013 μὴ
3334 3939 3539 4009 παύσῃ.
3571 3934 3927 4006 ἀειπάρθενε.

2544 4146 2717 4217 ’Υπὲρ
2748 4147 2904 4217 ἡμῶν
2933 4145 3024 4197 τὸν
3056 4147 3118 4198 ὲκ
3147 4142 3240 4196 σοῦ
3276 4141 3649 4212 σαρκωοὲντα,
3682 4136 4045 4206 Παρθενομῆ-

2462 4258 2581 4311 τορ,
2613 4241 2842 4293 πάντοτε
2866 4237 3231 4291 δυσὼπειτὼν
3259 4253 3316 4289 σε
3339 4234 3671 4305 ὑμνούντων,
3702 4230 3795 4283 τοῦ
3827 4230 4043 4300 λυτρω-

2464 4334 2623 4402 οῆναι
2666 4333 2728 4383 ἐκ
2777 4330 2968 4383 παθῶν
2999 4330 3094 4382 καὶ
3136 4328 3416 4392 κινδύνων,
3451 4323 3811 4394 ψυχοφθόρων
3852 4320 4042 4374 κακῶν

2463 4428 2557 4480 καὶ
2584 4425 2835 4495 ϐλέψεων,
2866 4424 2960 4477 καὶ
2999 4422 3359 4491 αἰωνιξούσης
3388 4418 3585 4489 φλογὸς
3611 4417 3705 4469 καὶ
3738 4414 4039 4474 κολάσεως.

2543 4611 2805 4682 Ἐκλεκτὴ
2841 4609 2919 4678 τῷ
2963 4605 3082 4676 Θεῷ
3125 4605 3526 4676 ἐχρημάτισας,
3564 4601 3638 4664 ὡς
3683 4600 3999 4670 ὡραιοτάτη
4024 4643 4039 4663 ,

2460 4705 2660 4777 χωρίον
2695 4704 3009 4772 εὐρύχωρον
3055 4700 3272 4763 τούτου,
3324 4695 3602 4767 Παρθένε,
3640 4694 3909 4763 γέγονας,
3949 4696 4043 4746 καὶ

2462 4797 2675 4859 παστὰς
2710 4797 2803 4849 καὶ
2836 4794 3028 4863 λυχνία
3052 4794 3147 4846 καὶ
3170 4790 3438 4862 τράπεζα.

2538 4891 2635 4942 Ὃν
2669 4888 2875 4951 ἔτεκες,
2924 4887 3221 4949 Δέσποινα,
3252 4884 3339 4937 ἀεὶ
3358 4882 3618 4945 δυσὼπει,
3664 4879 3916 4944 δουλείας
3944 4882 4042 4951 ῥυο

2463 4982 2656 5051 σΟῆναί
2692 4999 2759 5049 με
2790 4979 2977 5033 παθῶν
3006 4996 3063 5031 τε
3097 4952 3495 5048 καταέρίσεως,
3537 4976 3628 5029 καὶ
3655 4974 3755 5044 τῆς
3778 4976 4044 5046 συνεχού-

2464 5092 2561 5139 σης
2600 5091 2667 5143 με
2716 5073 2893 5137 δεινῆς
2944 5073 3278 5141 πωρώσεως,
3312 5070 3534 5140 καὶτῆς
3585 5065 3695 5120 τῶν
3744 5067 4043 5119 ολιὸόντων

2464 5182 2531 5234 με
2557 5163 2643 5216 ἀεὶ
2669 5164 3045 5234 ἐπικρατείας,
3079 5161 3473 5233 Θεοχαρίτωτε.

2544 5368 2601 5421 Ὀ
2635 5366 2728 5421 τοῦ
2775 5366 2946 5437 Ἀδὰμ
2977 5365 3318 5437 Δημιουργδς
3350 5363 3409 5428 ἐξ
3441 5362 3689 5431 αἱμάτων
3716 5378 3837 5427 σου,
3867 5359 4039 5428 ἁγνὴ.

2461 5462 2898 5534 δημιουργεῖται,
2946 5460 3041 5513 καὶ
3088 5460 3612 5530 γαλακτοτροφεῐται
3653 5457 3682 5507 ὁ
3728 5456 4041 5525 διατρὲςνων

2463 5558 2643 5609 πᾶσαν
2693 5553 2878 5623 πνοὴν,
2910 5553 3152 5622 ΠαρΟένε
3203 5552 3431 5603 Θεντόκε
3457 5588 3472 5614 ,
3522 5550 3642 5603 δοεν
3689 5548 3765 5611 ὡς
3809 5547 3950 5600 Θεοῦ
3984 5566 4040 5601 σε

2460 5647 2757 5716 δοξάζομεν
2790 5647 3042 5717 Μητέρα.

2528 5764 2707 5825 emes);
2738 5764 3058 5832 ἐνδιαίτημα
3087 5762 3180 5815 τ.ὖ
3212 5764 3417 5823 πάντας
3442 5760 3919 5827 καταυγάσαντος,
3950 5761 4042 5811 καὶ

2462 5857 2635 5927 σκηνὴ
2666 5856 3016 5928 καθωράοης,
3048 5856 3443 5927 θεοχαρίτιιιτε,
3475 5856 3689 5925 γέφυρα
3717 5857 3809 5907 καὶ
3844 5852 4045 5922 κλίμαξ
