4166 6458
180 407 316 470 1161

1629 400 1995 460 MARIAIE.

3279 387 3412 453 1162

174 523 312 587 πρὸς
343 520 476 587 ὕφος
503 522 624 582 τοὺς
654 521 906 589 γηγενεῖς
940 518 1238 584 ἁνάγουσα,
1268 519 1425 585 κόρη,
1457 518 1536 570 διὸ
1563 535 1619 569 σε
1657 534 1748 584 γε·

1860 530 2028 584 genas
2087 511 2360 566 deducens
2413 505 2733 576 apparuisti,
2793 502 2951 574 156
3007 504 3266 573 opuella
3305 505 3417 564 Deo

177 611 442 679 ραίρομεν
472 612 564 663 καὶ
592 611 799 674 πιστῶς
831 627 888 662 σε
921 609 1315 678 μακαρίζομεν.

647 809 802 860 MHN
841 807 1259 862 ΑΥΓΟΥΣΤΟΣ.

183 919 287 973 Ἐκ
317 920 422 972 τοῦ
451 922 715 986 Κανόνος
740 925 826 986 εἰς
855 923 967 988 τὴν
990 920 1395 989 κατακομιδὴν
1420 921 1524 975 τοῦ
1553 923 1742 991 τιμίου

223 992 494 1058 σταυροῦ
527 993 643 1045 ἀπὸ
675 993 780 1046 τοῦ
818 993 1364 1060 σκευοφυλακείου,
1406 993 1589 1062 ἡμέρᾳ
1622 992 1693 1045 α’.

245 1107 476 1174 Ἔλεγεν
519 1108 552 1175 ἡ
604 1107 874 1174 πάναγνος
925 1106 1205 1159 κλαίουσαι
1241 1106 1368 1159 Ὅτε
1418 1123 1475 1159 σε
1500 1146 1514 1172 ,
1556 1107 1745 1160 τέκνον

169 1201 500 1270 ἀπορρήτως
527 1199 732 1260 ἔτεκον,
763 1198 956 1262 ὠδῖνας
980 1199 1198 1267 ἔφυγον,
1231 1201 1323 1251 καὶ
1351 1199 1467 1262 πῶς
1505 1199 1619 1250 νυνὶ
1649 1200 1742 1269 ὅλη

167 1292 374 1346 ὀδυνῶν
405 1293 806 1362 πεπλήρωμαις
859 1291 972 1362 ὁρῶ
1017 1291 1125 1360 γάρ
1183 1309 1242 1344 σε
1287 1293 1636 1362 κρεμάμενον
1669 1293 1743 1354 ὡς

169 1383 479 1455 κακοῦργον
510 1386 567 1436 ὲν
595 1384 753 1454 ξύλῳ,
787 1385 884 1454 τὴν
914 1387 1016 1455 γῆν
1051 1385 1290 1453 ἀσχέτως
1331 1385 1707 1454 κρεμάσαντα.

241 1567 678 1638 Νενεκρωμένην
724 1566 822 1636 τὴν
855 1568 1008 1637 Ζωὴν
1040 1569 1130 1620 ἐπὶ
1164 1567 1400 1637 σταυροῦ
1443 1567 1739 1638 θεωροῦσα,

169 1661 267 1712 καὶ⁵
314 1661 390 1730 μὴ
417 1661 658 1731 φέρουσα
685 1660 791 1713 τῶν
819 1660 1144 1730 σπλάγχνων
1174 1661 1268 1714 τὸν
1299 1661 1481 1731 πρνον,
1512 1661 1744 1714 ἐδονεῖτο

170 1755 204 1821 ἠ
236 1753 412 1822 σεμνὴ
445 1752 718 1824 Παρθένος
753 1755 1159 1820 άνακράζουσαο
1186 1755 1252 1807 Ol’
1276 1771 1385 1824 μοι,
1415 1755 1512 1808 Υἰέ
1538 1772 1664 1823 μου,
1693 1757 1742 1808 τί

172 1861 258 1897 σοι
285 1844 461 1914 δῆμος
492 1845 707 1916 ἀνόμων
740 1846 1040 1916 πεποίηκεν
1065 1863 1080 1914 ;

251 1936 613 2006 Παρθενικῆς,
652 1936 873 2002 Τέκνον,
925 1939 990 1989 ὲκ
1043 1938 1256 2007 μήτρας
1304 1954 1363 1990 σε
1409 1937 1614 1998 ἔτεκον.
1657 1941 1749 1990 καὶ

169 2029 359 2098 ὁρῶσα
383 2027 530 2098 ξύλῳ
543 2028 635 2080 νῦν
661 2030 1030 2098 κρεμάμενον,
1053 2028 1312 2099 ἐπαπορῶ
1336 2031 1428 2082 καὶ
1453 2031 1514 2082 οὐ
1543 2031 1751 2100 συνορῶ

173 2122 309 2190 ὕψος
345 2120 669 2191 μυστηρίου,
704 2121 800 2173 καὶ
839 2120 997 2191 βάθος
1037 2120 1248 2172 πολλῶν
1299 2123 1584 2191 κριμάτων
1632 2139 1747 2184 σου,

172 2217 204 2281 ἡ
240 2215 516 2281 πάναγνος
548 2213 677 2266 ἐϐόα
700 2253 715 2276 ,
747 2213 813 2283 ἣν
858 2214 1063 2280 φωναῖς
1108 2212 1389 2281 ἁσιγήτοις
1417 2215 1490 2277 ῶς
1523 2215 1751 2283 Μητέρα

171 2307 308 2359 Θεοῦ
356 2305 754 2377 μακαρίζομεν.

259 2479 352 2532 Ἐν
382 2475 603 2546 σταυρῷ
633 2476 920 2548 καθορῶσα
969 2479 1059 2531 τὸν
1093 2479 1158 2532 δι’
1187 2479 1500 2551 ἁγαθότητα
1529 2481 1593 2534 ὲκ
1633 2480 1750 2544 σοῦ,

175 2571 510 2640 πανάμωμε,
537 2569 676 2639 ὑπὲρ
710 2570 833 2621 νοῦν
872 2571 1156 2640 τεχθέντα,
1188 2571 1448 2644 ὲδονήθης
1475 2573 1543 2626 τὰ
1579 2574 1752 2628 σπλά-

175 2680 320 2731 γχνα
372 2663 466 2714 καὶ
505 2662 708 2729 ἔλεγες·
759 2662 824 2714 Οτ
865 2680 976 2732 μοι,
1013 2664 1156 2716 θεῖον
1203 2663 1426 2719 τέκνονῑ
1465 2665 1581 2728 πῶς
1611 2666 1752 2736 ὑπὲρ

177 2754 398 2806 πάντων
431 2751 719 2816 ὀδυνᾶσαι,
755 2752 1048 2822 προσκυνῶ
1091 2769 1185 2806 σου
1234 2752 1294 2805 τὸ
1356 2751 1748 2823 εὔσπλαγχνον,

180 2846 380 2915 Κύριε.

248 2936 552 3008 Νηστεύειν
595 2939 764 3008 ἡμᾶς,
808 2937 971 3006 ἁγνὴ,
1007 2937 1204 3000 κακίας
1234 2938 1414 3006 πάσης
1452 2937 1750 3007 ἐνίσχυσον,

179 3031 278 3083 καὶ
321 3030 544 3098 φαύλων
591 3031 686 3083 καὶ
722 3029 979 3099 πονηρῶν
1028 3028 1326 3098 ἀπέχεσθαι
1364 3028 1618 3098 πράξεων
1667 3030 1754 3082 ἀεὶ

179 3122 584 3190 ἑνδυνάμωσον,
643 3121 950 3192 προστασία
1004 3123 1222 3175 πάντων
1287 3122 1396 3174 τῶν
1451 3119 1754 3192 ἀνθρώπων

180 3213 617 3283 χρηματίζουσα.

258 3395 395 3460 Νοός
431 3413 532 3464 μου
561 3393 660 3465 τὴν
688 3394 949 3448 στένωσιν
975 3398 1041 3465 τῇ
1070 3397 1136 3465 σῇ
1167 3393 1434 3465 πρεσόεεᾳ
1461 3393 1751 3454 πλάτυνον.

182 3487 472 3548 Δέσποινα,
511 3487 544 3554 ἠ
592 3485 907 3540 στενώσασα
954 3486 1140 3549 πάσας
1195 3485 1291 3548 τὰς
1334 3484 1613 3554 μεθώεέας
1662 3484 1755 3537 τοῦ

185 3577 596 3647 πολεμήτορος,
639 3578 734 3631 καὶ
770 3578 837 3631 δι’
879 3575 1000 3631 ὁδοῦ
1053 3595 1118 3647 με
1167 3576 1353 3629 στενοῦ
1389 3575 1754 3629 κατευόδωσον

187 3668 323 3738 πρὸς
349 3669 662 3739 πλατυσμὸν
692 3668 788 3739 τῆς
811 3669 1246 3748 ζωῆς-βαδίζειν,
1279 3670 1468 3739 Μῆτερ
1494 3667 1649 3722 Θεοῦ.

259 3851 372 3905 Νῦν
406 3852 479 3916 ὡς
516 3852 701 3923 ἀρνίον
731 3853 936 3907 ἄκακον
976 3855 1265 3924 καθορῶσα
1291 3855 1632 3924 κρεμάμενον
1666 3858 1758 3910 καὶ

187 3944 293 3996 ὑπὸ
325 3945 541 4012 ἀνόμων
569 3945 646 4014 τῷ
679 3945 895 4016 σταυρῷ
943 3949 1308 4015 πηγνύμενον,
1340 3946 1435 3999 Υἱέ
1479 3965 1580 4016 μου
1624 3966 1758 4017 προ-

188 4037 415 4106 άναρχε,
447 4037 540 4090 καὶ
571 4037 825 4107 ὀδυρμοῖς
865 4040 1265 4107 συγκόπτομαι,
1296 4042 1387 4092 καὶ
1415 4043 1532 4102 ταῖς
1564 4057 1756 4111 μητρι-

188 4131 316 4191 καῖς
351 4129 789 4199 περιστατοῦμαι
823 4129 1057 4194 ὀδύναις,
1104 4131 1137 4200 ἠ
1182 4131 1455 4198 πάναγνος
1495 4132 1652 4194 ἐϐόα,
1693 4135 1758 4202 ἢν

187 4221 395 4286 φωναῖς
441 4220 724 4290 άσιγήτοις
765 4220 1040 4291 ὑμνοῦμεν
1087 4220 1394 4293 θεοφρόνως
1443 4225 1522 4285 εἰς
1551 4224 1759 4286 πάντας

185 4317 315 4372 τοὺς
346 4311 569 4374 αἰῶνας.

259 4513 474 4582 Φθορᾶς
505 4528 563 4565 σε
605 4510 727 4583 δίχα
761 4513 960 4568 τέτοκα
1012 4516 1076 4567 ὲκ
1110 4517 1368 4585 γαστρὸς,
1404 4518 1511 4588 πρὸ
1548 4517 1758 4571 αἰώνων

1856 607 2219 669 charissima;
2253 604 2372 658 ideo
2403 613 2451 656 te
2488 615 2830 663 veneramur,
2869 610 2920 652 et
2948 613 3072 652 cum
3107 599 3207 652 tide
3242 601 3406 653 beati.

1855 697 2101 752 ﬁcamus.

2289 806 2540 860 MENSIS
2580 805 2860 861 AUGUST
2874 807 2979 863 US.

1852 923 1937 978 Ex
1975 921 2186 978 Conone
2216 925 2269 975 in
2307 922 2729 976 Translationem
2774 933 2970 975 sancta:
3000 925 3171 978 crucis
3209 940 3241 975 a
3278 923 3415 986 (dco,

2074 995 2124 1047 in
2152 1011 2252 1063 quo
2287 1010 2442 1048 sacra
2473 1011 2598 1047 vasa
2643 1007 3003 1056 asservautur,
3038 996 3119 1048 die
3154 995 3203 1050 1.

1924 1109 2144 1164 Dicebat
2193 1108 2502 1163 castissima
2557 1124 2680 1162 cum
2735 1107 2860 1163 ﬂetu
2893 1126 2905 1162 :
2941 1107 3078 1163 Cum
3130 1119 3200 1176 te,
3229 1126 3261 1165 ο
3290 1108 3418 1175 Fili,

1854 1200 2196 1257 ineﬂabiliter
2249 1202 2454 1272 peperi,
2510 1200 2729 1255 dolores
2785 1219 2889 1256 non
2939 1202 3136 1256 sensi:
3177 1213 3230 1257 et
3279 1219 3418 1273 quo-

1856 1293 2013 1347 modo
2045 1309 2184 1348 nunc
2209 1304 2318 1348 tota
2348 1294 2628 1349 doloribus
2661 1293 2819 1361 plena
2860 1294 3022 1348 sum?
3058 1291 3230 1349 Video
3270 1297 3418 1350 enim

1854 1398 1903 1438 te
1947 1400 2296 1453 suspensum,
2334 1396 2590 1455 tanquam
2627 1385 2997 1440 facinorosum
3040 1388 3090 1440 in
3142 1388 3310 1456 ligno,
3346 1397 3416 1450 te,

1855 1478 2096 1545 inquam,
2130 1477 2223 1546 qui
2259 1487 2453 1530 terram
2487 1479 2540 1530 vi
2575 1478 2931 1546 insuperabili
2956 1479 3310 1546 suspendisti.

1922 1568 2058 1622 Cum
2094 1570 2259 1624 vitam
2308 1569 2362 1624 in
2398 1585 2558 1625 cruce
2602 1580 2872 1623 mortuam
2920 1573 3222 1624 veneranda
3259 1569 3420 1640 Virgo

1855 1665 2180 1729 intueretur,
2225 1680 2334 1719 non
2367 1665 2650 1720 sustinens
2679 1665 2946 1718 viscerum
2972 1663 3233 1725 dolorem,
3271 1680 3410 1717 (τηυ-

1853 1756 2197 1817 movebatur,
2243 1767 2407 1825 atque
2449 1757 2834 1810 exclamabat:
2873 1754 2969 1808 Hei
3015 1757 3172 1821 mihi,
3227 1754 3421 1809 Filiam

1853 1850 2173 1919 (inquiens),
2208 1850 2334 1918 Quid
2375 1851 2469 1906 tibi
2503 1848 2634 1904 fecit
2667 1849 2901 1918 populus
2936 1848 3292 1918 iniquorum?

1920 1943 1996 1996 Ex
2029 1954 2182 1997 utero
2215 1943 2472 2012 Virginali
2527 1944 2710 2012 peperi
2744 1954 2814 1999 te.
2852 1959 2884 1995 0
2917 1943 3037 2004 Fili.
3067 1952 3122 1998 et
3165 1959 3309 1996 nunc
3345 1945 3421 1994 vi-

1853 2037 1988 2089 dens
2035 2046 2084 2088 te
2136 2037 2186 2088 iu
2223 2036 2370 2104 ligno
2421 2050 2774 2103 suspensum,
2814 2047 3016 2100 anceps
3074 2033 3276 2097 haereo,
3327 2049 3422 2087 nec

1856 2129 2096 2198 intelligo
2173 2128 2516 2182 altitudinem
2582 2126 2845 2196 mysterii,
2900 2135 2955 2179 et
3004 2126 3425 2194 profunditatem

1850 2220 2181 2288 iudiciorum
2237 2230 2503 2273 tuorum:
2561 2219 2641 2272 sic
2699 2218 3042 2271 exclamabat
3091 2218 3425 2295 castissima,

1854 2328 2016 2381 quam
2055 2312 2473 2366 incessabilibus
2499 2313 2724 2366 vocibus
2758 2320 3015 2379 tanquam
3048 2307 3142 2362 Dei
3201 2307 3424 2364 Matrem

1855 2403 2251 2457 beatilicamus.

1935 2494 2072 2550 Cum
2111 2496 2389 2564 aspiceres
2417 2495 2470 2548 in
2504 2509 2670 2549 cruce
2713 2493 2888 2556 illum,
2941 2493 3034 2561 qui
3074 2503 3294 2561 propter
3330 2493 3424 2546 bo-

1856 2586 2079 2640 nitatem
2135 2603 2290 2640 suatn
2341 2603 2404 2642 ex
2463 2596 2532 2646 te.
2593 2602 2626 2639 0
2675 2585 3206 2645 imtmiculatissima,
3266 2601 3427 2654 supra

1857 2677 2054 2730 mentis
2093 2687 2416 2745 conceptum
2465 2685 2627 2732 natus
2668 2685 2772 2740 est,
2818 2673 3306 2729 commotebantnr
3344 2675 3426 2726 vi-

1854 2785 2007 2823 scera
2061 2780 2176 2834 tua,
2233 2785 2296 2823 ac
2329 2770 2547 2824 dicebas
2585 2788 2596 2822 :
2640 2769 2731 2821 Hei
2776 2767 2929 2828 mihi,
2981 2766 3165 2820 divina
3216 2767 3422 2834 proles;

1855 2865 2128 2931 quomodo
2156 2880 2250 2931 pro
2271 2865 2524 2917 omnibus
2547 2864 2731 2915 dolore
2751 2860 2998 2915 afﬁceris.
3022 2859 3223 2922 Adorc,
3243 2857 3427 2914 Domi-

1858 2971 1943 3015 ne,
1973 2955 2218 3007 intimam
2245 2955 2675 3008 miscricordiam
2712 2966 2881 3007 tuam.

1930 3042 2001 3098 Da
2054 3045 2211 3099 nobis
2241 3047 2404 3107 vires,
2438 3064 2470 3099 υ
2510 3057 2685 3109 casta,
2718 3056 2778 3100 ut
2811 3048 2880 3100 ab
2914 3050 3064 3102 omni
3099 3048 3310 3104 malitia
3341 3045 3422 3115 je-

1852 3138 2148 3208 juneinus;
2177 3149 2228 3194 et
2252 3140 2546 3192 corrobora
2578 3156 2676 3196 nos
2707 3149 2765 3192 ut
2797 3155 2824 3191 a
2857 3142 3037 3210 pravis
3067 3159 3129 3196 ac
3161 3139 3429 3210 perversis

1785 3272 1826 3326 ε
1858 3229 2067 3284 actibus
2093 3227 2247 3299 157
2265 3246 2475 3297 semper
2500 3227 3049 3296 abstineamusfcum
3082 3234 3157 3287 sis
3184 3232 3427 3286 omnium

1865 3322 2146 3375 hominum
2187 3325 2563 3390 patrocinium.

1935 3410 2104 3464 Dilata
2153 3412 2346 3465 mentis
2376 3428 2512 3466 mea:
2551 3413 2857 3482 angustiam
2894 3414 3284 3467 intercessione
3316 3421 3427 3474 tua,

1864 3516 1897 3554 ο
1927 3500 2179 3563 Domina,
2216 3518 2337 3570 quat
2377 3502 2428 3556 in
2467 3505 2747 3572 angustias
2779 3503 3031 3572 redegisti
3061 3513 3114 3556 et
3142 3499 3427 3556 coarctasti

1865 3593 2155 3646 insidiosas
2193 3594 2307 3646 vias
2347 3593 2551 3658 hostis;
2605 3604 2655 3645 et
2692 3609 2785 3662 per
2829 3598 2968 3647 viam
3014 3604 3298 3663 angustam
3348 3591 3431 3645 fac

1866 3701 1954 3740 me
2003 3685 2229 3740 feliciter
2261 3686 2529 3751 incedere,
2571 3697 2631 3741 ut
2672 3687 2735 3741 ad
2773 3686 3112 3741 latitudinem
3162 3688 3280 3738 vita:
3311 3701 3429 3752 pcr-

1865 3777 2103 3839 vcniam,
2135 3791 2168 3829 0
2205 3776 2294 3829 Dei
2331 3777 2514 3830 Mater.

1936 3867 2089 3922 Nunc
2146 3877 2400 3934 tanquam
2464 3868 2673 3936 Agnum
2731 3867 3070 3919 innocentem
3133 3865 3323 3918 videns
3380 3874 3432 3915 te

1867 3975 2216 4027 suspensum,
2249 3968 2302 4011 et
2340 3959 2409 4011 ab
2450 3958 2652 4025 iniquis
2679 3958 2828 4012 cruci
2861 3956 3149 4018 afiixum,o
3182 3953 3278 4007 Fili
3319 3955 3429 4017 mi,

1866 4052 2015 4104 omni
2046 4049 2312 4119 principio
2339 4065 2555 4112 carens,
2580 4058 2744 4118 atque
2779 4048 2963 4102 omnia
2994 4047 3342 4107 antecedens,
3380 4054 3434 4096 et

1869 4142 2078 4196 ﬂetibus
2107 4142 2450 4211 querelisque
2484 4142 2765 4205 conﬁcior,
2793 4149 2846 4194 et
2871 4140 3153 4194 doloribus
3173 4137 3435 4192 maternis

1867 4236 2197 4290 circumdor.
2225 4233 2300 4288 Ita
2346 4234 2654 4288 castissima
2703 4233 3065 4296 exclamabat,
3098 4247 3258 4300 quam
3297 4231 3431 4282 irre-

1869 4328 2067 4395 quietis
2088 4328 2331 4390 vocibus,
2359 4326 2541 4380 divina
2574 4342 2698 4380 cum
2738 4324 3024 4378 orudentia
3067 4323 3351 4376 laudamus
3381 4320 3433 4372 in

1869 4421 2050 4473 omnia
2077 4419 2294 4472 saecula.

1940 4508 2069 4562 Sine
2103 4509 2455 4577 corruptione
2490 4507 2670 4576 peperi
2704 4514 2755 4561 te
2784 4522 2847 4559 ex
2881 4517 3058 4570 utero,
3085 4519 3245 4573 quem
3277 4499 3435 4555 Pater

190 4605 379 4677 Πατὴρ
413 4605 472 4659 ὃν
499 4606 810 4676 ἐγέννησεν,
841 4608 935 4659 καὶ
959 4607 1076 4667 πῶς
1098 4606 1302 4676 φθορᾶς
1329 4608 1603 4679 ἄνθρωποι
1625 4627 1753 4662 σπα-

1870 4611 1995 4655 ante
2042 4601 2236 4656 sarcula
2292 4601 2570 4670 generavit
2608 4618 2619 4654 :
2669 4611 2724 4654 et
2770 4599 3046 4668 quomodo
3085 4604 3432 4665 corruptores

193 4695 447 4765 ράττουσί
475 4711 556 4760 σε,
584 4696 700 4762 Υἱὲ,
727 4695 822 4749 καὶ
851 4695 949 4767 τὴν
981 4697 1222 4768 πλευρὰν
1247 4696 1535 4767 ὀρύττουσι
1569 4699 1757 4770 λόγχης

192 4789 286 4839 καὶ
317 4787 416 4849 τὰς
445 4789 634 4858 χεῖρας
656 4786 753 4838 σὺν
778 4789 887 4849 τοῖς
915 4787 1074 4842 ποσὶν
1101 4788 1320 4858 ὴλοῦσιν
1345 4790 1758 4862 άπανθρὼπως;

193 4879 227 4946 ή
269 4879 542 4946 πάναγνος
574 4877 724 4945 ἐϐόα,
753 4878 818 4949 ἠν
850 4879 1088 4946 ἐπαξίως
1119 4881 1510 4949 μεγαλύνοαεν.

1869 4695 2116 4749 homines
2148 4709 2291 4747 nunc
2332 4700 2385 4746 te
2421 4693 2742 4756 dilacerant,
2773 4708 2806 4747 ο
2831 4691 2956 4758 Fili,
3003 4706 3068 4744 ac
3109 4691 3250 4743 latus
3279 4697 3430 4741 tuum

1869 4786 2051 4840 lancea
2091 4783 2420 4853 perfodiunt,
2458 4798 2761 4853 manusque
2807 4797 2930 4838 cum
2979 4781 3204 4851 pedibus
3236 4779 3430 4832 crude-

1870 4879 1988 4930 liter
2014 4875 2276 4944 aﬂigunt?
2308 4874 2401 4929 Sic
2431 4875 2739 4929 castissima
2762 4873 3120 4936 exclamabat,
3148 4886 3309 4941 quam
3334 4883 3433 4923 nos

1871 4983 1968 5036 pro
1998 4961 2258 5035 dignitate
2300 4966 2732 5033 magnificainus.

1145 5083 1229 5138 Ea:
1257 5083 1468 5139 Cauone
1491 5085 1544 5138 in
1564 5083 1664 5140 SS.
1692 5083 1897 5147 Septem
1915 5100 2122 5152 pueros,
2150 5083 2232 5137 die
2257 5083 2293 5136 2
2317 5083 2482 5152 (66").

266 5193 364 5246 Ille
390 5199 483 5262 qul
515 5202 706 5263 suapte
733 5204 925 5250 natura
961 5211 1134 5266 purus
1160 5205 1264 5260 est,
1308 5212 1431 5252 cum
1474 5197 1769 5252 invenisset

195 5293 271 5351 te,
329 5301 363 5338 ο
427 5286 758 5352 castissima,
821 5287 1078 5344 omnibus
1143 5290 1410 5344 creaturis
1467 5289 1766 5358 puriorem.

196 5377 592 5431 inhabitavitin
612 5387 684 5439 te,
707 5379 914 5444 volens,
940 5387 1194 5447 tanquam
1225 5378 1506 5433 hominum
1535 5388 1767 5443 amator,

196 5471 480 5524 eliminare
497 5471 731 5540 culpam,
761 5487 882 5541 qua:
905 5471 1226 5526 habitaverit
1249 5472 1302 5525 in
1328 5471 1552 5526 Adamo.

265 5561 409 5614 Cum
447 5577 534 5617 me
582 5578 647 5617 ex
693 5565 898 5618 divinis
950 5565 1308 5633 sanguinibns
1356 5564 1464 5619 tuis
1519 5563 1770 5617 Christus

199 5663 460 5722 tanquam
517 5657 900 5710 vestimentum
966 5658 1319 5726 suscepisset,
1380 5673 1414 5712 ο
1473 5656 1767 5721 inviolata,

199 5746 332 5800 olim
363 5747 622 5802 nudatum
663 5749 848 5818 gratia:
880 5749 1122 5804 vestibus
1153 5748 1349 5802 induit.

280 5860 418 5933 (65‘)
449 5860 610 5916 Deest
640 5862 693 5915 in
727 5861 966 5917 Menaeis.

487 5956 759 6014 Parnm.
793 5957 912 6014 Uti.
961 5952 1083 6015 CV.

1945 5196 2153 5250 Novum
2205 5197 2467 5250 infantem
2518 5195 2793 5265 peperisti,
2845 5208 2877 5247 ο
2918 5191 3104 5260 Virgo,
3150 5191 3243 5261 qui
3281 5206 3434 5244 mun-

1875 5291 2004 5343 dum
2037 5290 2149 5356 jam
2184 5289 2276 5343 diu
2311 5290 2462 5343 senio
2502 5286 2831 5348 confectum,
2870 5287 3050 5339 divina
3095 5284 3318 5339 scientia
3353 5299 3436 5336 re-

1877 5381 2127 5446 novavit;
2160 5391 2440 5450 propterea
2473 5390 2525 5434 te
2554 5379 2941 5448 glorificamus.

1948 5470 2210 5538 Dissolve,
2266 5487 2299 5524 ο
2348 5469 2531 5540 Virgo,
2589 5473 2784 5524 anima:
2848 5483 2980 5522 mea;
3032 5466 3290 5521 duritiem
3331 5482 3345 5518 :
3384 5471 3440 5518 et

1873 5562 2109 5617 concede
2154 5561 2286 5616 mihi
2333 5572 2577 5632 prompte
2615 5577 2679 5615 ac
2713 5562 2938 5615 faciliter
2972 5561 3171 5615 divinis
3206 5558 3327 5613 Filii
3358 5557 3438 5612 tui

1874 5658 2253 5712 sanctionibus
2288 5657 2690 5724 obtemperare,
2727 5665 2888 5721 atque
2916 5650 3204 5707 inhaerere;

1945 5749 2205 5806 Mortiﬁca
2252 5750 2434 5805 carnis
2470 5763 2601 5803 mete
2633 5747 2832 5803 fastum
2868 5762 2929 5802 ac
2964 5746 3244 5810 ferociam,
3279 5758 3311 5798 ο
3339 5757 3442 5814 ρης

3032 5949 3107 6009 37
