4166 6458
769 397 903 461 1163

1909 388 1968 446 S.
2008 384 2317 444 JOSEPHI
2360 382 2915 444 HYMNOGRAPHI

3890 377 4025 440 1164

767 515 999 572 Γῇδδίηιιὶ,
1064 508 1225 578 158
1277 523 1397 577 qua:
1456 505 1629 559 Vitam
1684 504 1828 556 illam
1878 500 2150 569 peperisti,
2217 514 2338 566 quae
2371 508 2409 560 Λ
2445 501 2624 564 ablue,
2655 510 2708 554 et
2733 509 2910 554 statue
2939 515 3024 555 me
3054 509 3178 554 ante
3211 499 3606 570 omnipotentis
3637 499 3732 554 Dei
3779 503 4022 555 tribunal

769 615 941 659 morte
976 616 1207 656 mortem
1233 598 1476 664 sustulit,
1507 607 1560 651 et
1597 609 1798 666 pueros
1824 590 2140 646 admiranda
2165 592 2340 644 susci»

772 695 974 749 talione
1007 691 1319 745 vivilicavit.

838 787 1058 857 Angelis
1111 784 1465 839 excellentior
1511 779 1831 852 apparuisti,
1886 795 1919 831 ο
1960 774 2331 845 Deigenitrix:

769 879 1077 954 apparuisti
1106 892 1294 932 revera
1325 877 1666 931 Atliletarum
1697 872 1884 935 robur,
1917 866 2217 946 apparuisti
2249 882 2334 920 sa-

769 953 853 1024 lus
901 969 1148 1024 omnium
1202 967 1442 1033 illorum,
1495 963 1587 1035 qui
1638 973 1690 1017 te
1736 959 2080 1016 verissimam
2127 953 2342 1010 Domini

769 1061 1097 1116 Gcnitricem
1140 1067 1463 1131 agnoscunt.

840 1155 1051 1208 Animae
1086 1169 1220 1207 meae
1245 1150 1530 1221 aagrotanti
1563 1150 2084 1206 medicam'manum
2115 1142 2335 1202 adhibe.

768 1263 801 1301 o
859 1246 1043 1318 Virgo,
1100 1256 1155 1301 et
1207 1245 1525 1316 passionum
1581 1244 1770 1299 sordes
1823 1243 1955 1298 mihi
2012 1241 2340 1296 inhaerentes

770 1410 852 1462 Ea:
883 1405 1094 1460 Conone
1118 1405 1172 1458 in
1207 1404 1338 1473 festo
1369 1400 1467 1473 SS.
1504 1400 1622 1455 PP.
1655 1397 1788 1454 NN.
1825 1397 2049 1465 Isaacii,
2080 1395 2335 1456 Dalmata“,

1296 1483 1343 1526 et
1391 1472 1601 1537 Fausti,
1635 1473 1720 1525 die
1760 1474 1813 1526 5.

838 1592 882 1646 0
929 1590 1186 1661 gloriosa,
1237 1604 1356 1658 quae
1405 1587 1570 1641 Deum
1617 1586 1894 1654 peperisti,
1946 1599 1971 1632 τι
2022 1581 2337 1649 passionum

771 1684 1039 1736 cli-decore
1069 1682 1238 1734 libera
1275 1696 1381 1743 me,
1413 1689 1465 1731 et
1492 1681 1727 1732 concede
1760 1677 1911 1738 mihi,
1938 1692 1969 1728 ο
2004 1674 2162 1743 Virgo
2183 1686 2338 1740 pura,

768 1775 1126 1846 rogitationes
1156 1771 1616 1840 compunctionis,
1658 1780 1711 1823 et
1754 1768 2084 1837 poenitentiae
2130 1763 2340 1834 fulgore

2444 608 2567 644 cum
2611 591 2924 646 omnimoda
2967 591 3161 658 salute,
3193 601 3253 646 ut
3287 590 3492 661 possim
3523 601 3788 646 cantare:
3823 591 4022 646 Omnia

2445 705 2627 758 opera,
2662 701 2765 744 etc.

2520 782 2650 838 Fers
2703 785 2851 840 ulnis
2902 783 3033 847 tuis,
3083 783 3176 851 qui
3214 782 3394 837 divina
3438 799 3601 838 manu
3641 797 3737 836 sua
3780 781 4024 834 continet

2449 876 2721 940 universa,
2748 891 2906 946 quem
2935 875 3250 946 suppliciter
3279 889 3397 940 ora,
3426 890 3458 928 ο
3490 873 3677 943 Virgo,
3710 882 3768 926 ut
3795 887 3903 937 me,
3929 874 4022 940 qui

2448 969 2691 1022 omnium
2729 969 2967 1024 maxime
2997 969 3289 1022 damnatus
3330 983 3450 1023 sum
3482 1006 3497 1031 ,
3558 975 3775 1035 propter
3809 980 4022 1018 viscera

2451 1064 2734 1116 immensae
2781 1062 3000 1132 pietatis
3069 1075 3183 1116 suae
3255 1062 3632 1131 amplectatur,
3698 1066 3751 1112 et
3809 1057 4022 1110 salvum

2453 1153 2609 1206 faciat

2459 1394 2559 1447 Ἐκ
2594 1397 2700 1449 τοῦ
2732 1399 3002 1462 Κανόνος
3033 1398 3117 1463 είς
3148 1397 3291 1462 τοὺς
3333 1396 3541 1462 ὁσίους
3566 1395 3830 1463 Πατέρας
3852 1395 4026 1462 ἡμῶν

2529 1466 2840 1534 Ἰσαάκιον,
2870 1467 3183 1536 Δάλματον
3215 1469 3313 1520 καὶ
3341 1468 3637 1530 Φαῦστον,
3671 1467 3858 1534 ’ἡμέρᾳ
3899 1473 3970 1531 γ’.

2518 1579 2890 1652 Δεδοξασμένη
2919 1579 3105 1650 Θεὺνὴ
3143 1582 3414 1652 κυήσασα,
3446 1579 3544 1650 τῆς
3573 1578 3789 1642 ἀδοξίας
3815 1595 3885 1640 με
3913 1577 4022 1630 τῶν

2450 1667 2638 1721 παθῶν
2673 1669 3000 1736 ἀπάλλαξον,
3035 1670 3128 1722 καὶ
3161 1669 3249 1734 δός
3282 1688 3370 1741 μοι
3416 1669 3692 1739 λογισμὸν,
3744 1668 4019 1738 Παρθενί.

2446 1761 2811 1827 κατανύξεως,
2842 1764 2934 1817 καὶ
2964 1762 3174 1833 λάμψον
3208 1764 3495 1831 μετανοίας
3518 1763 3820 1834 φωτισμὸν,
3853 1762 4018 1828 ἁγνὴ.

769 1871 980 1924 illustra
1012 1873 1248 1920 mentem
1287 1879 1485 1925 meam,
1519 1872 1577 1916 ut
1609 1859 1950 1932 magniﬁcem
1981 1867 2054 1924 te,
2080 1871 2202 1926 quae
2223 1869 2340 1909 om-

2450 1853 2500 1906 ὲν
2537 1855 2742 1926 διανοίᾳ
2771 1872 2890 1924 μου,
2923 1856 3066 1918 ὅπως
3099 1855 3385 1924 μεγαλύνω
3398 1873 3456 1909 σε
3478 1855 3574 1927 τὴν
3602 1854 3808 1917 πάντας
3832 1869 4006 1922 μεγαο

770 1977 865 2014 ues
901 1955 1284 2026 magniﬁcasti.

840 2051 918 2107 Te
973 2048 1273 2119 spiritalem
1343 2048 1645 2108 lucernam,
1712 2059 1772 2100 ac
1837 2039 2339 2114 splendidissimam

767 2149 1104 2214 agnovimus,
1153 2159 1273 2213 qua:
1317 2143 1492 2211 ignem
1542 2139 1942 2193 intolerabilem
1989 2136 2042 2188 in
2095 2143 2147 2188 te
2194 2145 2344 2186 rece-

771 2240 916 2305 pisti,
952 2254 983 2292 ο
1019 2239 1220 2304 Virgo:
1266 2245 1315 2289 te
1345 2233 1588 2287 divinum
1639 2231 1924 2301 palatium,
1974 2243 2036 2282 ac
2084 2227 2342 2280 thronum

771 2331 1124 2390 altissimum,
1158 2328 1209 2382 in
1249 2342 1358 2399 quo
1390 2325 1632 2380 caelestis
1663 2324 1752 2379 ille
1801 2319 2346 2394 supersubstantialis

773 2423 1056 2494 requievit.

845 2517 1250 2570 Dormitatioue
1295 2510 1562 2566 socordia:
1615 2507 1818 2576 peccati
1863 2521 2092 2561 somnus
2137 2503 2201 2558 ad
2233 2513 2344 2558 ter-

769 2625 885 2662 ram
925 2608 1118 2677 dejecit
1165 2619 1277 2670 me;
1313 2613 1367 2656 tu
1406 2618 1555 2665 vero,
1599 2616 1632 2654 ο
1680 2611 1850 2664 casta,
1886 2599 2028 2669 vigili
2080 2598 2344 2651 interces-

774 2704 928 2757 sione
964 2709 1070 2764 tua,
1097 2701 1162 2752 ad
1193 2697 1568 2769 paenitentiam
1603 2693 1875 2747 exsuscita
1908 2707 2014 2744 me.

843 2798 1040 2848 Omnes
1088 2791 1463 2862 generationes
1505 2797 1554 2842 te
1619 2801 1802 2839 veram
1849 2785 2129 2854 Deiparam
2180 2781 2345 2853 glori-

775 2889 958 2951 ﬁcant,
1003 2902 1033 2938 0
1080 2882 1449 2943 immaculata,
1487 2895 1608 2950 qua:
1647 2879 1854 2948 angelis
1893 2877 2137 2930 sanetior
2171 2875 2345 2928 maui-

775 2983 907 3035 l'este
959 2978 1145 3041 fuisti;
1206 2983 1490 3044 propterea
1542 2971 1808 3026 vocil'eror
1848 2971 1913 3022 ad
1966 2977 2037 3032 te,
2087 2983 2120 3020 ο
2169 2965 2341 3036 puella

775 3073 1153 3134 sanctissima;
1199 3064 1480 3123 sanctiﬁca
1510 3064 1746 3119 animam
1793 3077 1964 3116 meam
2000 3057 2346 3132 passiouibus

776 3161 1136 3230 imiuiualam.

2445 1961 2700 2001 Λυνασαν.

2513 2040 2730 2110 Νοητήν
2781 2057 2840 2093 σε
2871 2040 3094 2110 λυχνίαν
3140 2041 3232 2094 καὶ
3264 2041 3524 2111 φωταυγῆ
3561 2040 3826 2110 ἔγνωμεν,
3866 2039 4020 2092 ἔνδον

2441 2127 2762 2198 δεξαμένην,
2799 2131 3062 2198 Παρθένε,
3098 2133 3160 2184 τὸ
3192 2135 3302 2203 πῦρ
3327 2132 3388 2184 τὸ
3414 2133 3697 2197 άστεκτον,
3727 2132 3871 2184 θεῖον
3908 2147 4019 2182 πα-

2445 2219 2646 2288 λάτιον,
2682 2223 2777 2277 καὶ
2825 2223 3158 2294 ὑψηλότατον
3201 2226 3412 2296 θρόνον,
3457 2227 3514 2278 ἔν
3623 2223 3873 2295 οὐράνιος
3923 2229 4023 2279 ἀν-

2447 2309 2731 2364 επαύσατο
2758 2312 2787 2364 ὀ
2811 2311 3156 2380 ύπερούσιος.

2516 2491 2829 2561 Νυσταγμῷ
2863 2491 3122 2560 ἀμελείας
3175 2509 3241 2561 με
3293 2490 3451 2554 ὕπνος
3501 2489 3798 2561 ἁμαρτίας,
3853 2492 4022 2559 ἁγνὴ.

2448 2583 2732 2647 κατέὸαλε,
2783 2586 2850 2654 τῇ
2898 2583 3166 2652 ἀγρύπνῳ
3221 2584 3399 2654 ἱκεσία
3444 2599 3534 2635 σου
3567 2582 3926 2652 διανάστησόν
3954 2599 4023 2652 με

2449 2676 2582 2746 πρὸς
2611 2675 2917 2746 μετάνοιαν.

2529 2765 2727 2836 Ἀληθῆ
2778 2767 3038 2828 Θεοτόκον
3093 2768 3261 2819 πᾶσαι
3321 2768 3507 2832 γενεαί
3572 2782 3630 2816 σε
3680 2763 4022 2830 δοξάζουσιν,

2447 2859 2702 2928 ἀχραντε,
2729 2858 2826 2930 τὴν
2859 2859 3164 2927 ἀγιωτέραν
3215 2858 3323 2911 τῶν
3369 2859 3613 2926 ἀγγελῶν
3667 2857 3853 2923 σαφῶς
3883 2874 4022 2926 χρη-

2452 2949 3028 3020 ματίσασαν,παναγία
3051 2952 3206 3019 κόρη.
3239 2949 3329 3001 Διὸ
3359 2947 3468 3018 βοῶ
3494 2965 3597 3012 σοι,
3637 2947 3889 3016 ’Δγίασύν
3923 2964 4028 3018 μου

2446 3045 2544 3112 τὴν
2573 3043 2752 3113 ψυχὴν
2776 3042 3128 3113 μολυνθεῑσαν
3161 3045 3272 3105 τοῖς
3316 3043 3533 3096 πάθεσι.

845 3254 1095 3308 Animam
1126 3265 1299 3305 meam
1333 3247 1594 3319 peccatis,
1627 3254 1788 3315 atque
1817 3241 2074 3297 omnibus
2106 3241 2344 3294 hostium

2521 3220 2800 3274 Νοσοῦσάν
2832 3238 2932 3291 μου
2960 3222 3058 3292 τὴν
3087 3221 3264 3291 ψυχὴν
3293 3220 3588 3290 ἁμαρτίαις
3621 3221 3714 3273 καὶ
3736 3219 4026 3280 παντοίαις

773 3346 1156 3403 vexationibus
1205 3343 1366 3413 159
1395 3350 1766 3411 aegrotantem,
1806 3337 1989 3397 visita,
2033 3349 2066 3388 ο
2109 3336 2345 3388 sanctis-

777 3441 914 3494 sima
954 3436 1138 3506 \‘irgo,
1185 3434 1433 3487 celeriter
1476 3427 1755 3485 salutifera
1809 3426 2114 3480 visitatione
2147 3433 2258 3486 tua,
2294 3436 2347 3477 et

777 3548 905 3586 cura
927 3546 1032 3594 me,
1061 3536 1245 3597 utpote
1271 3525 1522 3595 benigna,
1552 3538 1584 3577 o
1619 3520 1868 3590 Deipara,
1889 3534 2013 3588 spes
2032 3533 2171 3578 mea,
2200 3516 2348 3569 omni

781 3625 937 3679 laude
965 3619 1311 3690 dignissima.

854 3715 1041 3769 Mortis
1076 3714 1334 3780 impctmu
1378 3706 1624 3762 rctudisti
1665 3720 1728 3759 ac
1758 3702 2084 3773 reprcssisti,
2128 3703 2350 3754 immor-

781 3809 938 3861 talem
987 3803 1152 3857 Deum
1210 3802 1389 3861 enixa,
1444 3812 1477 3852 ο
1528 3797 1644 3850 sola
1690 3804 1839 3848 casta
1894 3793 2142 3860 Dcipara,
2188 3805 2346 3857 quem

781 3916 902 3955 eum
933 3898 1033 3950 lide
1067 3894 1442 3949 collaudantcs
1465 3890 1733 3944 dicimus:
1771 3883 2099 3940 Benedictus
2130 3899 2207 3943 es,
2242 3883 2347 3934 bo-

784 3994 929 4048 niine
958 3990 1121 4044 Deus.

855 4082 1143 4142 Dominus,
1177 4078 1269 4147 qui
1321 4074 1579 4130 habitavit
1619 4073 1671 4126 in
1714 4079 1865 4125 utero
1914 4077 2010 4121 tuo
2045 4065 2348 4134 impolluto,

783 4190 952 4236 totam
983 4188 1032 4231 te
1058 4189 1249 4245 puram
1285 4188 1347 4225 ac
1388 4170 1622 4224 lucidam
1670 4167 1848 4221 eﬂecit
1894 4183 1906 4217 :
1951 4172 2236 4234 propterea
2267 4175 2350 4213 me

784 4270 1068 4327 venenosis
1105 4265 1401 4323 morsibus.
1438 4263 1722 4329 noxiisque
1758 4257 2132 4312 iuvasionibus
2159 4255 2351 4306 adver-

783 4364 1052 4418 sariorum
1087 4357 1433 4428 inquinatum
1465 4354 1722 4415 emunda,
1752 4365 1785 4405 o
1824 4348 2017 4419 Virgo;
2052 4357 2106 4400 et
2147 4345 2230 4399 fac
2267 4359 2352 4397 me

781 4456 1002 4523 dignum
1023 4460 1082 4505 ut
1113 4450 1344 4520 psallere
1369 4447 1606 4518 possim:
1639 4443 1681 4498 Ο
1715 4443 1920 4513 populi,
1955 4439 2351 4509 superexaltase

781 4545 1069 4599 Dominum
1099 4543 1152 4596 in
1186 4542 1366 4596 omnia
1397 4539 1620 4593 saecula.

2449 3313 2557 3367 τῶν
2593 3313 2802 3383 ἐχθρῶν
2832 3315 3117 3382 ὲπηρείαις
3153 3317 3451 3385 ἐπισκοπῇ,
3479 3313 3716 3379 παναγία
3753 3312 4024 3382 Παρθένε,

2453 3405 2782 3474 σωτηριὼδει
2835 3422 2928 3458 σου
2984 3406 3149 3474 τάχος
3207 3406 3521 3474 ἐπίσκεψαι,
3569 3407 3664 3458 καὶ
3719 3406 3911 3467 ἴασαι,
3949 3404 4023 3465 ὡς

2449 3497 2651 3568 ἀγαθὴ,
2687 3497 2934 3562 Θεοτὸκε,
2964 3497 3116 3558 ἐλπίς
3149 3514 3272 3567 μου,
3311 3496 3648 3566 πανύμνητε.

2526 3700 2801 3768 Ἐστησας
2847 3698 3025 3768 ῥύμην
3073 3698 3167 3752 τοῦ
3205 3699 3434 3752 Θανάτου
3487 3699 3578 3752 τὸν
3611 3699 3880 3752 ἀθάνατον
3931 3716 4021 3750 τε-

2451 3791 2620 3846 κοῦσα
2654 3792 2807 3855 Θεὸν,
2862 3792 2998 3862 μόνη
3044 3792 3272 3844 Θεοτόκε
3321 3792 3481 3862 ἁγνὴ,
3544 3785 3587 3858 ᾧ
3640 3794 3825 3844 πίστει
3885 3791 4020 3861 μελο

2451 3886 2714 3957 ῳδοῦμενο
2744 3885 3047 3955 Εὐλογητὸς
3072 3883 3143 3952 εί,
3174 3885 3346 3955 Κύριε
3379 3885 3408 3938 ὁ
3435 3883 3588 3947 Θεὸς.

2533 4068 2591 4121 'O
2615 4067 2945 4136 κατοικήσας
2970 4064 3171 4136 Κύριος
3194 4064 3293 4134 τὴν
3317 4064 3616 4134 ἁμόλυντον
3653 4064 3864 4134 μήτραν
3897 4081 4024 4129 σου,

2451 4159 2578 4230 ὅλην
2595 4157 2842 4229 καθαρὰν
2857 4158 2950 4211 καὶ
2964 4156 3227 4227 φωταυγῆ
3250 4173 3308 4208 σε
3323 4156 3544 4219 ἔδειξεν.
3571 4155 3660 4207 Διδ
3692 4155 4025 4223 μολυνθέντα

2456 4271 2523 4324 με
2564 4255 2674 4315 τοῖς
2721 4251 2944 4313 ίοσόλοις
2991 4251 3233 4320 δήγμασι
3272 4251 3366 4302 καὶ
3412 4253 3532 4311 ut;
3573 4249 3866 4317 βλαϐεραῖς
3917 4249 4026 4300 τῶν

2453 4345 2711 4398 ἐναντίων
2740 4344 2949 4412 ἐφόδοις
2986 4342 3304 4413 καθάρισον,
3361 4341 3628 4411 Παρθένε,
3662 4341 3756 4392 καὶ
3791 4341 4026 4405 ἀξίωσον

2450 4440 2691 4509 ψάλλειψ
2717 4439 2880 4502 Λαὸς,
2908 4436 3248 4507 ὑπερυψοῦτε
3293 4436 3496 4506 Κύριον
3542 4438 3620 4498 εἰς
3650 4436 3856 4497 πάντας
3902 4438 4029 4490 τοὺς

2451 4531 2676 4594 αἰῶνας.

851 4640 892 4690 0
915 4647 1070 4707 porta
1092 4633 1515 4698 lucis,illumina
1541 4645 1634 4684 cor
1657 4642 1836 4682 meum
1868 4641 1900 4680 a
1936 4624 2141 4678 malitia
2173 4638 2345 4677 excae-

2521 4589 2779 4684 @tb't'td’ov.
2810 4621 2952 4690 πύλη
2983 4619 3077 4673 τοῦ
3107 4619 3305 4688 φωτὸς,
3342 4619 3440 4688 τὴν
3467 4618 3698 4686 καρδίαν
3724 4633 3826 4686 μου
3859 4618 4028 4688 κακίᾳ

783 4737 964 4785 catum
989 4745 1003 4794 ;
1036 4735 1089 4782 et
1116 4742 1184 4780 ne
1206 4725 1356 4781 sinas
1387 4739 1473 4776 me
1503 4737 1648 4776 nunc
1678 4720 1989 4773 obdormire
2019 4718 2072 4770 in
2095 4725 2348 4778 mortem,

783 4822 875 4890 qui
919 4835 1133 4889 semper
1175 4819 1513 4887 impururum
1544 4813 1934 4881 cogitationum
1978 4808 2216 4863 tenebris
2253 4807 2352 4861 ob-

785 4915 1011 4977 volvor;
1051 4918 1108 4963 ut
1139 4919 1191 4963 te
1220 4923 1344 4963 cum
1382 4907 1679 4976 gratiarum
1723 4903 1933 4956 actione
1967 4899 2285 4969 gloriﬁcent,
2317 4911 2350 4952 0

785 5008 1012 5075 Deipara
1040 5015 1149 5059 tota
1177 5002 1539 5055 immaculata.

788 5116 873 5172 Et
918 5115 1130 5172 Canam
1179 5115 1234 5166 iu
1271 5113 1400 5165 festo
1443 5109 1498 5163 S.
1554 5108 1797 5177 Eusignii
1849 5105 2120 5174 martyris,
2168 5103 2252 5155 die
2297 5101 2350 5154 5.

859 5300 1075 5355 Abolita
1132 5310 1213 5351 est
1280 5294 1610 5357 maledictio,
1661 5291 1894 5346 cessavit
1959 5288 2200 5354 tristitia,
2258 5303 2353 5357 per

787 5403 996 5466 partum
1039 5399 1230 5453 tuum;
1280 5405 1313 5442 o
1357 5388 1532 5456 puella
1567 5386 1712 5448 omni
1753 5384 2127 5438 benedictione
2157 5398 2351 5435 cumu-

784 5486 915 5547 lata,
947 5481 1184 5534 ﬁdelium
1218 5478 1422 5541 latitia,
1458 5476 1527 5529 ab
1559 5474 1707 5528 omni
1737 5473 1855 5527 labe
1892 5471 2172 5524 immunis.

854 5575 1048 5628 Omnia
1104 5571 1373 5626 desideria
1431 5583 1548 5621 mea
1604 5579 1731 5637 erga
1789 5575 1841 5620 te
1885 5578 2095 5627 moveo,
2128 5577 2160 5617 ο
2202 5573 2350 5618 easta

786 5667 1042 5738 Regina:
1089 5681 1117 5718 a
1152 5663 1464 5720 carnalibus
1511 5659 1976 5729 concupiscentiis
2023 5657 2352 5726 quantocius

783 5762 951 5816 libera
985 5773 1092 5813 me.

854 5848 896 5904 Ο
921 5847 1262 5902 sanctissima
1281 5846 1476 5914 puella,
1507 5845 1665 5916 Virgo
1697 5858 1974 5916 perpetua,
2009 5857 2062 5901 tu
2095 5847 2350 5916 peperisti

2452 4714 2889 4784 τυφλώττουσαν,
2933 4714 3027 4765 καὶ
3077 4713 3151 4783 μὴ
3200 4713 3281 4774 είς
3330 4711 3559 4763 θάνατον
3613 4711 4027 4780 παραχωρήσεις

2454 4807 2548 4862 νῦν
2593 4803 2918 4874 ἀφυπνῶσαί
2968 4821 3056 4872 με,
3108 4802 3201 4856 τὸν
3238 4803 3568 4872 ἀκαθάρτοις
3618 4801 3903 4870 λογισμοῖς
3945 4805 4030 4852 ἀεὶ

2456 4898 2861 4966 σκοττζόμενον,
2910 4897 2996 4949 ἴνα
3039 4895 3247 4963 δοξάζω
3291 4911 3349 4948 σε
3389 4895 3757 4965 εὐχαρίστως,
3795 4893 4028 4946 Θεοτόιι

2454 4992 2784 5061 πανάμωμε.

2467 5107 2562 5158 Ἐκ
2608 5105 2714 5158 τοῦ
2753 5105 3020 5168 Κανόνας
3066 5104 3153 5168 εἰς
3199 5104 3306 5156 τὸν
3336 5103 3504 5171 ἄτιον
3537 5102 3810 5173 μάρτυρα
3843 5102 4028 5155 Εὐαί-

2973 5190 3162 5244 τνιον,
3189 5173 3378 5242 ἡμέρᾳ
3404 5180 3466 5229 ε’.

2525 5290 2755 5343 Λέλυται
2796 5291 2829 5359 ἡ
2873 5288 3109 5357 κατάρα,
3147 5287 3423 5340 πέπαυται
3471 5289 3502 5356 ἡ
3556 5285 3699 5355 λύπη
3730 5288 3797 5355 τῇ
3835 5286 4026 5352 κυήσει

2460 5401 2576 5446 σου,
2629 5380 3038 5449 παντευλόγητε
3089 5379 3226 5449 κόρη
3247 5416 3263 5444 ,
3310 5377 3420 5430 τῶν
3447 5376 3654 5429 πιστῶν
3680 5375 3988 5444 εὐφροσύνη
4007 5413 4022 5434 ,

2456 5477 2784 5545 πανάμωμε.

2531 5567 2699 5638 Ὅλην
2749 5583 2848 5635 μου
2887 5565 2986 5636 τὴν
3021 5565 3208 5634 ἔφεσιν
3250 5564 3388 5635 πρὸς
3430 5564 3488 5616 σὲ
3531 5562 3685 5627 κινῶ,
3734 5563 3876 5630 ἀγνὴ
3930 5563 4025 5612 Δέ-

2457 5677 2671 5726 σποινα,
2697 5660 2804 5712 τῶν
2818 5658 3097 5726 σαρκικῶν
3110 5657 3418 5727 ἐπιθυμιῶν
3442 5674 3509 5727 με
3533 5656 3622 5708 διὰ
3645 5655 3846 5723 τάχους
3861 5654 4024 5706 imii-

2454 5753 2633 5817 λαξον.

2538 5849 2879 5921 Ἰσοδύναμον
2926 5847 3216 5918 σύνθρονον
3245 5849 3471 5905 τὲτοκας
3519 5843 3610 5896 τὸν
3647 5842 3821 5910 Λόγον
3855 5839 4027 5908 ﬂarth
