4166 6458
181 423 312 484 1365

1617 412 1958 476 MARIALE

3274 412 3410 480 ller

178 543 266 589 καὶ
295 534 593 604 Πνεύματι,
622 534 681 588 ὃν
712 535 919 589 ἱκέτευε
952 535 1188 603 σωθῆναί
1220 552 1306 604 με,
1336 532 1572 596 παναγὶα
1606 532 1738 600 κόρη
1773 585 1775 592 η

1876 527 2078 582 'erbum
2113 529 2300 583 eadem
2334 535 2599 597 potestate
2630 527 2932 594 eodemque
2969 527 3166 582 throno
3207 535 3406 600 praedio

183 627 531 697 ἁειπάρθενε.

263 809 322 861 ’0
372 810 544 877 Λόγος
589 809 646 861 ἒν
699 807 854 879 νηδύϊ
905 826 1020 873 σου,
1069 809 1327 879 ἂχραντε,
1379 806 1748 878 σωματοῦται,

181 900 390 970 ἀλόγων
421 900 514 954 τοῦ
544 901 794 970 σώματος
830 901 1019 954 παθῶν
1041 900 1133 954 τὸν
1164 901 1369 968 κόσμον
1404 901 1685 970 ῥυόμενος.

249 1079 548 1150 Ξηράνασα
573 1082 639 1134 τὰ
670 1082 812 1150 φυτὰ
840 1083 938 1150 τῆς
967 1081 1163 1146 κακίας
1194 1085 1259 1151 τῇ
1295 1084 1351 1132 ὲν
1399 1083 1479 1134 σοὶ
1519 1083 1755 1136 ἀναϐλα-

186 1175 372 1242 στήσει
404 1174 495 1226 τοῦ
529 1175 725 1241 Λόγου,
757 1176 946 1245 Μῆτερ
978 1176 1140 1246 ἁγνὴ,
1174 1179 1235 1228 ὲκ
1268 1176 1432 1246 ῥιζῶν
1453 1178 1549 1246 τῆς
1581 1177 1758 1245 ψυχῆς

187 1283 288 1332 μου
315 1266 416 1328 τὰς
447 1271 690 1337 πονηρὰς
721 1270 1047 1338 ἐνθυμήσεις
1087 1269 1382 1338 ἀπόκοψον,
1427 1270 1519 1322 καὶ
1558 1269 1760 1337 φύτευ-

188 1372 278 1407 σον
306 1358 415 1408 τῶν
446 1359 654 1426 ἀρετῶν
683 1361 749 1412 τὰ
775 1359 970 1427 ὡραῖα,
1019 1359 1284 1429 Παρθένε,
1321 1360 1695 1429 βλαστήματα.

255 1448 397 1502 Νέον
450 1452 685 1519 ἐκύησας
743 1452 953 1503 παιδίον
1005 1452 1064 1504 ὂν
1122 1453 1375 1520 ἐγέννησε
1427 1451 1612 1521 Πατὴρ
1656 1451 1764 1521 πρὸ

184 1541 294 1595 τῶν
324 1542 563 1607 αἰώνων,
602 1543 830 1598 Θεοτόκε
863 1546 1024 1617 ἁγνὴ,
1068 1539 1113 1615 ᾧ
1145 1554 1344 1608 πάντες
1394 1545 1760 1615 μελῳδοῦμεν·

187 1633 498 1705 Εὐλογητὸς
533 1632 605 1700 εί,
637 1637 830 1706 Κύριε.

258 1728 557 1798 Συμπαθὴς
595 1730 860 1801 Παρθένε,
892 1731 1026 1784 Θεὸν
1065 1730 1517 1801 συμπαθέστατον
1561 1731 1757 1784 ἀποτεο

185 1819 382 1880 κοῦσα,
421 1822 764 1892 συμπαθείας
810 1822 961 1885 θείας
1012 1823 1221 1886 πάντας
1265 1824 1603 1889 καταξίωσον
1639 1823 1766 1885 τοὺς

187 1909 589 1978 μελῳδοῦνταςο
624 1911 912 1981 Εὑλογείτε
944 1913 1121 1966 πάντα
1146 1914 1213 1967 τὰ
1239 1913 1396 1984 ἔργα,
1427 1913 1652 1982 Κύριον.

257 2093 523 2158 Φώτισον,
575 2095 718 2166 πύλη
766 2095 862 2149 τοῦ
901 2097 1098 2166 φωτὸς,
1144 2098 1244 2167 τῆς
1296 2097 1521 2166 καρδίας
1564 2116 1664 2169 μου
1696 2099 1764 2150 τὰ

185 2187 439 2256 ὄμματα,
497 2188 727 2258 δέομαι,
781 2192 898 2252 ταῖς
938 2191 1283 2260 ἀμαυρότησι
1335 2188 1436 2260 τῆς
1491 2191 1764 2260 ἁμαρτίας

187 2279 669 2348 ἁποτυφλούμενα,
707 2283 802 2333 καὶ
827 2280 1049 2333 δεκτικὰ
1075 2281 1181 2335 τῶν
1212 2281 1408 2333 θεῐκῶν
1440 2282 1610 2347 δεῖξον
1643 2283 1766 2333 ὲπι-

187 2369 469 2437 λάμψεων,
516 2371 602 2423 ῖνα
655 2373 899 2442 γεραίρω
950 2389 1008 2424 σε
1059 2375 1116 2424 ἐν
1165 2377 1370 2441 φωναῖς
1423 2373 1762 2440 ἀγγελικαῖςς

189 2463 593 2534 παναμῶμητε.

201 2577 306 2629 Ἐκ
334 2576 442 2631 τοῦ
473 2577 741 2646 κανόνος
770 2580 989 2720 εὶξυῖἕν
1014 2579 1183 2669 ἅγιον
1206 2579 1478 2649 μάρτυρα
1498 2581 1763 2645 Εὕπλον,

935 2669 1014 2718 ρᾳ
1046 2670 1096 2703 ια
1117 2692 1131 2704 .

935 2669 1014 2718 pg:
1046 2670 1131 2704 ια.

264 2763 608 2833 Διμπρύνας
632 2780 724 2818 σου
749 2765 983 2834 Χριστὸς
1014 2766 1112 2834 τὴν
1138 2766 1299 2836 νηδὺν
1329 2765 1426 2834 τὴν
1457 2768 1762 2835 φωσφόρον,

189 2856 260 2925 τῇ
303 2854 514 2925 καθόδῳ
541 2859 603 2924 τῇ
633 2859 833 2927 φρικτῇ
863 2856 937 2920 ὡς
966 2859 1137 2927 ἥλιος,
1163 2859 1325 2928 ἁγνὴ,
1358 2861 1468 2921 τοῖς
1493 2861 1550 2910 ὲν
1579 2859 1767 2926 κόσμῳ

193 2946 460 3011 ἀνέτειλε,
496 2946 638 2999 λύων
667 2948 766 3014 τῆς
817 2947 1106 3011 πολυθεῖας
1147 2950 1247 3019 τὴν
1291 2949 1457 3018 ἀχλὺν
1483 2948 1582 3018 τὴν
1631 2967 1766 3018 καχ·

194 3038 454 3106 έσπερον,
488 3039 581 3091 καὶ
617 3040 869 3107 φωτίζων
897 3041 992 3094 τοῦ
1023 3043 1231 3109 κόσμου
1264 3043 1330 3094 τὰ
1369 3043 1604 3113 πέρατα.

1852 632 1961 673 tum
2001 636 2122 673 cum
2151 619 2307 674 Patre
2342 633 2406 674 ac
2438 617 2642 688 Spiritu
2676 625 2910 673 sancto:
2943 616 3072 673 illud
3106 621 3283 690 ipsum
3321 625 3416 676 dev-

1858 726 2077 778 precare
2118 726 2214 780 pro
2252 712 2427 765 salute
2451 725 2592 763 mea.

1929 800 2166 855 Verbum
2201 800 2254 853 in
2280 810 2434 854 utero
2457 809 2552 854 tuo
2588 814 2788 869 corpus
2822 801 3143 872 assumpsit,
3174 817 3207 856 0
3240 806 3423 857 invio-

1859 893 1988 959 lata,
2023 893 2167 964 quod
2207 893 2468 947 mundum
2500 896 2568 948 ab
2595 894 2997 950 irrationalibus
3024 896 3272 965 corporis
3304 912 3425 966 pas-

1859 987 2107 1041 si0nibus
2130 989 2342 1042 liberat.

1929 1079 1974 1134 Ο
1999 1090 2146 1134 casta
2185 1079 2376 1146 Mater,
2409 1095 2530 1149 quae
2565 1094 2657 1148 per
2686 1080 3140 1150 germinationem
3173 1080 3333 1137 Verbi
3372 1085 3425 1136 in

1862 1179 1933 1234 te,
1972 1170 2131 1242 160
2158 1172 2372 1224 malitiae
2398 1172 2609 1241 plantas
2637 1171 2942 1238 arefecisti;
2982 1172 3241 1227 abscinde
3266 1164 3304 1229 ὀ
3337 1190 3429 1228 ra-

1863 1261 2077 1315 dicibus
2109 1276 2302 1329 pravas
2339 1263 2700 1330 cogitationes
2745 1263 2942 1318 anima!
2973 1279 3128 1327 meaa,
3157 1272 3211 1318 et
3245 1265 3427 1333 planta

1865 1353 2085 1418 ibidem,
2121 1372 2153 1407 ο
2183 1352 2370 1423 Virgo,
2396 1357 2637 1423 speciosa
2665 1359 2910 1425 germina
2934 1359 3217 1412 virtutum.

1935 1442 2138 1500 Novum
2177 1462 2406 1515 puerum
2443 1450 2715 1516 peperisti,
2747 1465 2779 1501 o
2813 1459 2959 1502 casta
2991 1447 3244 1517 Deipara,
3273 1466 3432 1520 quem

1867 1534 2023 1590 Pater
2057 1549 2182 1593 ante
2226 1539 2425 1594 saecula
2471 1540 2679 1608 genuit,
2718 1542 2802 1596 cui
2856 1557 3047 1596 OIIIIICS
3078 1543 3435 1598 concinentes

1866 1628 2141 1685 dicimus:
2181 1631 2505 1688 Benedictus
2542 1648 2622 1700 es,
2655 1633 2899 1689 Demine.

1938 1726 1979 1775 0
2031 1721 2193 1794 Virgo
2222 1727 2586 1797 compatieus,
2628 1743 2748 1795 qua:
2773 1725 2943 1780 Deum
2970 1743 3184 1781 summe
3211 1744 3438 1798 compa-

1869 1811 2092 1867 tientem
2132 1816 2428 1884 peperisti;
2481 1817 2664 1871 divina
2698 1817 3081 1886 compassione
3123 1819 3319 1888 dignos
3354 1819 3440 1874 fac

1796 1899 1836 1952 Β
1867 1919 2082 1971 omnes,
2135 1908 2228 1977 qui
2254 1909 2555 1966 concinam
2585 1928 2599 1965 :
2632 1909 2964 1985 Benedicite,
3013 1913 3200 1966 ettinia
3245 1928 3438 1983 opera,

1868 1996 2179 2054 Dominum.

1940 2073 2206 2156 lliuniina,
2240 2110 2273 2148 ο
2313 2104 2467 2162 porta
2517 2097 2674 2162 lucis,
2722 2099 2973 2163 obsecro,
3022 2102 3212 2154 marios
3257 2101 3440 2157 cordis

1873 2184 2001 2248 mei,
2062 2189 2263 2253 peccati
2317 2190 2556 2245 tenebris
2605 2191 2940 2256 obcaecatos;
2979 2203 3036 2246 et
3085 2208 3314 2263 capaces
3360 2197 3443 2251 lac

1869 2289 1962 2329 eos
2007 2275 2314 2332 divinarum
2367 2281 2820 2345 illustrationum,
2866 2292 2922 2337 ut
2965 2292 3016 2340 te
3067 2286 3292 2344 vocibus
3338 2303 3443 2342 an-

1869 2367 2056 2435 gelicis
2123 2369 2408 2436 honorem,
2460 2387 2493 2425 o
2559 2389 2773 2427 summe
2836 2391 2968 2445 pura
3022 2385 3185 2445 atque
3248 2378 3446 2437 imma-

1869 2458 2070 2512 culata.
2298 2450 2313 2461 ”

1975 2573 2057 2628 Ex
2079 2573 2290 2630 (Sanane
2326 2581 2378 2631 iet
2413 2580 2544 2648 festo
2568 2580 2625 2635 S.
2667 2581 2825 2652 Eupti
2847 2590 3097 2645 "tartari:
3121 2590 3231 2657 die,
3251 2592 3274 2644 1
3293 2593 3338 2643 l.

1942 2753 2078 2807 Cum
2123 2767 2365 2812 ventrem
2405 2768 2556 2813 tuum
2610 2763 2897 2817 luciferum
2932 2766 3186 2821 Christus
3229 2767 3448 2825 illumi-

1875 2857 2075 2912 nasset,
2123 2865 2158 2901 ο
2214 2862 2396 2914 casta,
2456 2854 2604 2906 exitu
2661 2856 2904 2910 horroris
2959 2872 3024 2912 ac
3083 2864 3449 2919 venerationis

1871 2940 2057 3008 pleno,
2101 2951 2365 3010 tanquam
2397 2946 2477 2998 sol
2510 2947 2884 3003 habitantibus
2914 2949 2965 3001 in
2994 2953 3196 3005 mundo
3221 2967 3450 3011 exortus

1873 3042 1977 3094 cst,
2027 3034 2349 3090 idololatria:
2400 3039 2650 3092 nebulam
2684 3041 2988 3098 dissolvens
3023 3060 3145 3114 quae
3176 3048 3447 3104 malorum

1877 3139 2153 3192 vesperam
2202 3128 2512 3193 inducebat,
2561 3146 2627 3184 ac
2669 3132 2854 3186 mundi
2921 3133 3059 3188 lines
3110 3136 3446 3195 illuminans.

283 3211 341 3262 Ὀ
372 3211 503 3273 Θεὸς
541 3214 598 3264 ἐν
626 3213 776 3284 μέσῳ
801 3231 895 3267 σου
928 3215 1353 3287 κατασκηνώσας
1375 3219 1482 3271 οὐδ’
1521 3219 1656 3284 ὅλως
1673 3222 1768 3291 τῆς

1946 3188 2082 3272 (ium
2115 3217 2255 3274 Deus
2293 3221 2345 3274 iu
2383 3223 2561 3276 medio
2601 3223 2681 3277 tui
2735 3223 3055 3292 habitasset,
3092 3230 3241 3283 nullo
3285 3237 3450 3288 uredo

196 3301 498 3372 παρθενίας
542 3303 765 3374 κλεῖθρα
810 3307 908 3376 τῆς
955 3309 1054 3376 σῆς
1097 3311 1387 3364 ἐσάλευσεν
1417 3351 1433 3377 ,
1487 3313 1651 3384 ἁγνὴ,
1712 3314 1771 3367 ὃν

1876 3309 2204 3381 virginitatis
2252 3322 2358 3367 tute
2403 3315 2639 3368 claustra
2682 3320 2981 3372 commovit
3023 3336 3036 3372 :
3085 3335 3248 3390 quem
3291 3327 3450 3378 enixe

195 3395 437 3458 ἐκτενῶς
501 3397 710 3450 ίκέτευε

200 3486 433 3550 νοῦντάς
460 3505 539 3542 σε.

784 3401 1141 3471 στηριχθῆναι
1201 3405 1410 3468 πάντας
1462 3407 1589 3469 τοὺς
1664 3407 1768 3476 ὑμ-

273 3581 664 3635 Λιτανεύουσιν
715 3585 765 3636 οί
821 3584 1067 3639 πλούσιοι
1116 3589 1211 3641 τοῦ
1266 3589 1398 3642 λαοῦ
1432 3608 1526 3644 σου
1560 3593 1618 3646 σὲ
1679 3593 1773 3662 τὴν

198 3672 491 3737 τεκοῦσαν,
554 3677 690 3746 κόρη
718 3715 732 3739 ,
781 3678 875 3730 τὸν
926 3680 1294 3735 πλουτίσαντα
1357 3684 1563 3747 πάντας
1605 3685 1776 3750 θείαις

201 3767 535 3834 ἐπιγνώσεσι
561 3771 793 3840 Χριστὸν
820 3773 910 3824 τὸν
945 3774 1077 3826 Θεὸν
1103 3776 1279 3846 ήμῶν.

290 3861 600 3932 ’Υπερτέρα
643 3864 889 3933 πέφηνας
929 3868 1176 3934 ἀγγέλων
1206 3871 1442 3939 ἀληθῶς,
1474 3891 1581 3925 των
1613 3889 1780 3944 αγγε-

203 3953 316 4005 λων
338 3953 431 4006 τὸν
469 3955 701 4026 Ποιητὴν
740 3957 880 4027 ὑπὲρ
911 3959 1036 4012 νοῦν
1062 3965 1308 4031 κυήσασα
1340 3964 1430 4016 τὸν
1476 3967 1778 4030 δοξάσαντα

203 4045 335 4108 τοὺς
384 4046 572 4112 ἁγίους
604 4048 909 4126 μᾴρτνρας,
943 4053 1184 4120 παναγία
1220 4057 1653 4126 μητροπάρθενε.

280 4137 347 4187 ’Ὠ
369 4136 556 4206 θαῦμα
586 4119 890 4210 παράδοξον
912 4143 926 4196 ι
964 4142 1079 4204 πῶς
1104 4119 1343 4208 γτίκτειςν
1365 4119 1562 4217 πεῖραν
1588 4152 1782 4220 ἀνδρὸς

209 4226 291 4297 μὴ
342 4228 578 4294 γνοῦσα;
628 4232 744 4294 πῶς
776 4232 1032 4302 θηλάζεις
1079 4235 1158 4299 δὲ,
1210 4238 1657 4311 Παρθενομῆτορ,
1694 4244 1784 4294 τὸν

208 4320 448 4389 χορηγὸν
475 4319 691 4391 ἀληθῶς
719 4324 814 4376 τοῦ
863 4326 1159 4394 γάλακτος,
1195 4331 1290 4382 καὶ
1345 4332 1557 4399 τροφέα
1607 4335 1786 4404 πάσης

209 4408 447 4472 κτίσεως
462 4451 480 4477 ,

1871 3417 2123 3470 precare,
2160 3420 2192 3482 o
2222 3415 2392 3471 casta,
2428 3417 2482 3461 ut
2518 3417 2570 3462 te
2607 3408 2894 3464 laudantes
2937 3411 3224 3468 conﬁrmet
3253 3425 3312 3469 et
3339 3427 3452 3471 stao

1879 3494 2016 3550 biles
2053 3496 2266 3552 ciliciat.

1947 3587 2148 3645 Divites
2182 3591 2354 3661 plebis
2395 3603 2498 3648 tuae
2543 3604 2594 3648 te
2626 3594 3009 3664 deprecantur,
3039 3614 3071 3654 ο
3100 3602 3301 3668 puella.
3331 3618 3453 3672 qua:

1880 3679 2139 3746 peperisti
2189 3681 2470 3735 Christum
2542 3683 2710 3737 Deum
2776 3697 3047 3753 nostrum,
3113 3691 3204 3760 qui
3268 3691 3453 3748 divina

1881 3767 2110 3822 scientia
2146 3770 2434 3825 universos
2464 3772 2679 3826 ditavit.

1954 3855 2262 3914 Sublimier
2308 3863 2520 3927 angelis
2561 3879 2686 3917 vere
2718 3867 3040 3937 apparuisti,
3075 3885 3198 3922 cum
3234 3873 3457 3943 angelo-

1884 3964 2005 4001 rum
2056 3947 2340 4005 Factorem
2373 3968 2536 4022 supra
2573 3957 2771 4008 mentis
2800 3967 3016 4026 captum
3051 3959 3329 4029 peperisti,
3362 3963 3458 4033 qui

1886 4049 2107 4095 sanctos
2151 4053 2424 4099 martvres
2463 4045 2809 4115 glorificavit,
2854 4064 2886 4102 0
2918 4051 3264 4107 sanctissima
3291 4052 3458 4109 Mater

1885 4131 2071 4204 Virgo.

1956 4223 2003 4279 0
2037 4236 2261 4296 stupore
2306 4229 2522 4297 plenum
2573 4233 2930 4287 miraculum!
2978 4233 3265 4299 Quomodo
3311 4242 3460 4307 parts

1890 4317 2012 4371 sine
2039 4320 2140 4371 viri
2164 4322 2541 4390 experientia?
2566 4326 2842 4392 quomodo
2873 4326 3010 4380 lacte
3054 4327 3255 4392 nutris,
3298 4327 3459 4398 Virgo

1894 4409 2082 4472 Mater,
2110 4411 2263 4465 illum
2305 4414 2398 4482 qui
2431 4429 2554 4468 vere
2582 4415 2738 4470 lactis
2765 4430 2843 4470 est
2884 4426 3096 4481 auctor,
3128 4427 3183 4474 et
3214 4421 3459 4475 omnium

1893 4511 2268 4556 creaturarum
2293 4506 2599 4560 etiutritor?

287 4587 405 4640 Ἵνα
437 4605 532 4640 σου
581 4593 680 4659 τὴν
717 4591 869 4646 θείαν
925 4594 1137 4666 μήτραν
1187 4596 1415 4665 κάμινος
1462 4600 1495 4669 η
1541 4599 1775 4669 Περσικί

1968 4595 2118 4664 16].
2157 4595 2226 4650 Ut
2246 4597 2484 4652 divinum
2517 4600 2782 4669 gremium
2817 4611 2966 4653 tuum
2993 4600 3182 4655 lornax
3215 4601 3303 4659 illa
3333 4603 3462 4658 Per-

209 4679 468 4749 τυπώση,
501 4681 834 4752 πανάμωμε,
871 4683 1036 4748 σώζει
1075 4688 1290 4749 νεανίας
1313 4689 1615 4756 ἁφλέκτους
1653 4692 1786 4744 ἁνα-

207 4770 459 4834 6οῶντας
484 4788 496 4800 ·
544 4773 717 4843 Κύριε
744 4776 772 4827 ὁ
816 4775 970 4840 Θεὸς,
1025 4778 1316 4848 εὐλογητὸς
1339 4777 1409 4833 εί.

297 4862 602 4934 Ὠραιώθης
632 4905 647 4928 ,
695 4867 836 4937 ἁγνὴ
895 4869 1275 4941 παναμὼμητε
1306 4911 1321 4933 ,
1378 4873 1520 4944 ὑπὲρ
1609 4876 1788 4929 πᾶσαν

213 4955 468 5022 ἀγγέλων
528 4959 906 5028 εὐπρέπειαν,
956 4962 1045 5014 τὸν
1099 4964 1330 5034 ποιητὴν
1386 4969 1636 5036 κυήσασα
1680 4968 1789 5021 τῶν

214 5047 428 5117 βροτῶν
456 5051 551 5101 καὶ
595 5051 863 5119 ἀγγέλων,
887 5046 932 5121 ᾧ
958 5055 1306 5126 μελῳδοῦμεν
1333 5073 1348 5086 ⁸
1389 5058 1695 5127 Εὑλογείτε,
1720 5062 1789 5113 τὰ

210 5141 486 5212 ἐργα,ξτδν
508 5144 730 5214 Κύριον.

285 5236 473 5298 Φωτός
503 5253 598 5289 σου
659 5240 716 5290 ιν
776 5238 860 5291 σοὶ
909 5241 1654 5312 μαρμαρυγαῖς,Θεὸνυμφε,
1695 5244 1792 5314 τὴν

211 5329 401 5398 ψυχήν
432 5347 533 5399 μου
566 5333 996 5402 φωταγώγησον.
1022 5335 1287 5404 Κείμενον
1319 5335 1496 5408 βόθρῳ
1519 5338 1792 5400 ἀπωλείας

215 5423 552 5492 ἀναστησον,
582 5424 807 5495 ἐχθροὺς
867 5427 1308 5497 καταισχύνουσα
1341 5431 1465 5491 τοὺς
1511 5429 1791 5491 θλίῦοντας

215 5513 308 5566 ἀεὶ
337 5514 437 5584 τὴν
465 5516 690 5584 καρδίαν
737 5534 866 5586 μου,
894 5518 994 5570 καὶ
1036 5519 1173 5587 πρὸς
1215 5520 1286 5572 τὰ
1311 5521 1460 5591 πάθη
1492 5519 1792 5574 συνωθοῦν-

216 5607 320 5667 τάς
349 5623 440 5676 με.

231 5722 340 5776 Ἐκ
369 5723 476 5777 τοῦ
493 5726 761 5799 Κανόνος
780 5733 868 5794 εις
893 5729 1035 5795 τοὺς
1053 5730 1262 5799 ἁγίους
1280 5728 1586 5799 μάρτυρας
1600 5729 1797 5782 Φθῖον

599 5798 696 5850 καὶ
741 5801 1074 5867 Ἀνίκητον,
1104 5798 1311 5869 ἡμέρᾳ
1349 5798 1434 5870 ιβ’.

295 5888 574 5954 Παρθένος
619 5894 711 5946 καὶ
749 5894 853 5965 πρὸ
898 5895 992 5950 τοῦ
1018 5897 1198 5954 τόκου,
1229 5898 1485 5965 ἄκραντα,
1514 5898 1607 5949 καὶ
1658 5895 1798 5964 μετὰ

1894 4689 2003 4743 sica
2033 4689 2310 4760 ﬁguraret,
2343 4691 2717 4746 adolescentes
2757 4693 2873 4745 sine
2913 4694 3293 4748 combustione
3350 4710 3463 4750 ser-

1895 4781 2058 4845 vavit,
2078 4781 2377 4835 clamantes
2401 4800 2416 4835 :
2437 4781 2659 4837 Domine
2689 4781 2854 4845 Deus,
2887 4783 3205 4838 benedictus
3239 4799 3319 4841 es.

1967 4872 2222 4942 Speciosa
2246 4872 2388 4927 iacta
2417 4889 2498 4936 es,
2533 4889 2566 4926 o
2597 4883 2706 4929 tota
2736 4886 2904 4938 casta,
2936 4885 3097 4944 atque
3119 4877 3464 4932 immaculata

1896 4981 2059 5036 super
2086 4981 2300 5020 omnem
2339 4967 2652 5036 angelorum
2678 4968 2952 5033 decorem,
3002 4970 3319 5036 angelorum
3363 4969 3468 5025 lio-

1898 5061 2216 5130 minumque
2237 5060 2517 5114 Factorem
2532 5060 2712 5121 enixa,
2740 5059 2827 5112 cui
2861 5064 3092 5130 hymnos
3121 5061 3467 5117 modulantes

1896 5150 2152 5204 dicimus.
2192 5149 2519 5215 Benedicite,
2551 5149 2732 5203 omnia
2762 5164 2947 5217 opera,
2982 5148 3291 5206 Dominum.

1968 5243 2156 5306 Lucis,
2187 5246 2379 5319 quaein
2407 5252 2458 5296 te
2483 5250 2588 5305 est,
2617 5241 3025 5310 aplendoribus,
3056 5258 3088 5293 o
3117 5242 3210 5295 Dei
3241 5257 3466 5311 sponsa,

1901 5336 2144 5389 illumina
2173 5336 2405 5387 animam
2441 5347 2653 5387 meam:
2679 5333 2728 5386 iu
2754 5332 2908 5386 fovea
2937 5331 3259 5401 perditionis
3284 5334 3472 5402 jacen-

1898 5441 2008 5485 tom
2047 5429 2360 5488 exsuscita,‘
2387 5428 2595 5495 pudore
2624 5426 2940 5481 sulqudcns
2972 5427 3175 5489 hostes,
3208 5425 3300 5494 qui
3326 5440 3474 5480 sem-

1902 5535 1996 5589 per
2029 5519 2286 5573 divexant
2308 5531 2624 5580 cornicum,
2655 5527 2711 5570 et
2739 5530 2825 5569 me
2851 5517 2919 5568 ad
2951 5515 3230 5584 passiones
3255 5525 3475 5569 sectan-

1904 5615 2001 5668 das
2032 5610 2334 5679 impellunt.

1908 5728 1992 5782 Ea:
2022 5725 2234 5779 Canem
2274 5724 2327 5778 in
2358 5722 2491 5794 {esto
2516 5719 2621 5844 83.
2659 5717 2822 5844 Ρῖιὲὶὶ,
2852 5729 2900 5773 et
2929 5719 3128 5775 Aniceti
3151 5727 3470 5791 martyrum,

2602 5807 2651 5844 te
2775 5832 2786 5843 .

2602 5807 2651 5844 ιε
2700 5807 2786 5844 ‘I‘Z.

1984 5890 2046 5943 Et
2079 5899 2202 5943 ante
2236 5896 2450 5958 partum
2478 5893 2531 5940 et
2579 5893 2700 5954 post
2735 5891 2947 5952 partum
2982 5881 3145 5949 Virgo
3189 5877 3474 5936 verissime
