4166 6458
778 389 793 447 l
812 392 908 454 1'67

2007 394 2317 456 JOSEPHI
2361 396 2917 459 IIYMNOGRAPIII

3867 398 4010 464 1163

776 502 1122 573 cmnprobata
1171 516 1251 563 es,
1293 517 1324 554 o
1366 502 1735 568 innnaculata,
1770 502 1935 556 Deum
1989 505 2133 558 enim
2186 520 2343 574 supra

2455 508 2545 559 τὸν
2575 510 2732 561 τόκον
2770 509 2844 570 ὡς
2865 508 3078 578 ἀληθῶς
3110 507 3352 577 έδείχθης
3384 523 3396 538 ι
3427 507 3516 558 τὸν
3546 505 3678 559 Θεὸν
3706 505 3816 575 γὰρ
3867 507 4014 572 ὑπὲρ

772 596 995 650 rationis
1018 606 1234 663 captum
1260 593 1534 662 peperisti,
1556 595 1647 664 qui
1672 605 1893 650 sanctos
1918 606 2182 667 martyres
2220 609 2341 667 post

771 687 1073 742 conlectum
1106 696 1376 741 certamen
1408 690 1717 743 coronavit.

844 778 1115 833 llabitavit
1144 778 1194 830 in
1223 788 1291 841 te,
1327 796 1359 831 υ
1401 776 1652 845 Deipara,
1689 779 1949 833 Dominus
1985 780 2203 849 ille,qni
2241 780 2341 834 ha~

774 875 906 927 bitat
929 874 979 925 in
1012 872 1185 933 cmlis,
1219 880 1382 941 atque
1423 886 1450 925 a
1486 872 1642 926 nobis
1672 888 1887 927 onmem
1919 870 2162 925 fraudem
2194 888 2341 926 erro-

772 978 992 1031 remque
1013 962 1336 1016 eliminavit.

842 1051 1124 1121 Tanquam
1170 1053 1432 1122 speciosa,
1464 1053 1768 1120 speciosum
1802 1052 2081 1120 peperisti,
2111 1066 2143 1104 ο
2180 1050 2341 1121 Virgo

772 1145 940 1198 Mater
971 1145 1253 1207 inviolata,
1286 1144 1377 1212 qui
1422 1145 1859 1212 SpCCiOSiSailIIOS
1893 1143 2021 1198 fecit
2051 1155 2338 1214 martyres.

772 1238 863 1306 qui
919 1247 1232 1290 constanter
1279 1236 1715 1300 decertavcrunt,
1792 1246 1953 1306 atque
2005 1236 2337 1305 impietatem

772 1330 1177 1382 deminuerunt.

841 1422 975 1486 Quis
1004 1434 1152 1475 tuum
1177 1425 1349 1476 valeat
1380 1422 1654 1492 explicare
1684 1420 2021 1493 mysterium,
2052 1436 2084 1472 0
2115 1419 2339 1476 Domina

772 1515 1034 1586 Deipara?
1070 1516 1275 1571 Etenim
1318 1532 1479 1584 supra
1519 1517 1741 1570 rationis
1797 1515 2172 1585 orationisque
2212 1531 2341 1569 con-

771 1622 1007 1679 ceptum,
1044 1609 1207 1663 Deum
1246 1609 1587 1663 inelfabiliter
1619 1608 1896 1677 peperisti.

840 1701 1042 1755 Praeter
1079 1709 1286 1755 natura:
1323 1702 1486 1766 leges,
1521 1716 1706 1753 verum
1754 1700 2141 1769 legislatorem,
2174 1713 2206 1749 ο
2238 1697 2338 1750 im-

770 1793 1217 1855 maculattssima,
1246 1791 1501 1860 peperisti
1540 1808 1553 1843 :
1603 1805 1762 1859 quem
1794 1787 2016 1857 supplex
2050 1802 2235 1848 exora.
2282 1796 2340 1839 ut

2446 599 2601 667 λόγον
2635 598 2839 665 ἔτεκες,
2871 600 2962 653 τὸν
2995 602 3119 663 τοὺς
3153 602 3340 669 ἁγίους
3372 600 3653 671 μάρτυρας
3707 597 4011 667 ἐνηθληκὸ-

2442 708 2541 753 τας
2572 691 3008 759 στεφανώσαντα.

2527 780 2841 848 Ἐνοίκησεν
2872 783 2961 834 ἐπὶ
2987 783 3069 835 σοὶ
3097 784 3125 835 ὁ
3144 782 3309 834 οἰκῶν
3331 782 3458 843 τούς
3482 781 3746 851 οὐρανοὺς
3798 777 4013 847 Κύριος

2441 870 2535 924 καὶ
2564 872 2621 938 ἐξ
2662 872 2819 943 ήμῶν
2872 872 3090 928 ἅπασαν
3143 874 3374 944 πλάνην,
3420 872 3674 935 Θεοτόκε,
3720 869 4009 940 ὲξῲκισεν.

2521 1050 2610 1112 Ὠς
2639 1050 2817 1120 ὡραία
2863 1050 3179 1122 ἀπεκύησας
3207 1053 3299 1107 τὸν
3326 1054 3547 1126 ὡραῖον,
3579 1049 4011 1122 Παρθενομῆτορ

2441 1144 2694 1212 ἄχραντε,
2725 1142 2816 1196 τὸν
2846 1143 3213 1214 ὡραιοτάτους
3247 1144 3505 1208 δείξαντα
3548 1144 3672 1206 τοὺς
3720 1141 4012 1211 μάρτυρας

2444 1234 2683 1305 στερῥῶς
2700 1234 3127 1306 ὲναθλήσαντας,
3153 1238 3246 1291 καὶ
3275 1236 3371 1308 τὴν
3404 1236 3593 1290 ἁθεῖαν
3622 1234 3965 1306 μειώσαντας
3995 1233 4009 1284 ί

2511 1414 2606 1475 Τίς
2631 1413 2853 1467 δύναται
2901 1415 2963 1467 τὸ
2996 1415 3086 1469 σὸν
3114 1414 3446 1485 ἑρμηνεῦσαι
3480 1413 3798 1484 μυστήριον,
3846 1405 3894 1465 ὧ
3924 1412 4017 1464 Δέο

2443 1522 2637 1560 σποινα
2657 1507 2904 1561 Θεοτόκε’
2922 1508 3062 1579 ὑπὲρ
3081 1508 3203 1560 νοῦν
3232 1508 3339 1577 γὰρ
3364 1508 3458 1560 καὶ
3478 1506 3633 1575 λόγον
3671 1506 3806 1558 Θεὸν
3829 1505 4012 1575 ἀφρα-

2443 1615 2582 1661 στως
2613 1599 2858 1664 τέτοκας.

2422 1732 2429 1739 .
2508 1688 2775 1759 Νομίμων
2799 1690 3119 1761 ἀπεκύησας
3156 1690 3298 1760 δίχα,
3335 1690 3666 1759 πανάμωμε,
3697 1688 3789 1741 τὸν
3831 1688 4012 1757 ἀληθῆ

2441 1779 2758 1850 νομοθέτην,
2797 1781 2857 1833 ὃν
2903 1781 3150 1834 δυσὼπει
3204 1782 3353 1850 νόμῳ
3401 1781 3496 1849 τῆς
3556 1778 3828 1851 ἁμαρτίας
3913 1779 4014 1849 τὴν

768 1885 965 1938 anima:
1021 1898 1170 1949 meae,
1206 1884 1409 1952 peccati
1440 1883 1645 1952 legibus
1686 1880 1956 1946 obnoxiae,
1996 1880 2336 1945 misereatur,

2446 1869 2622 1941 ψυχήν
2662 1888 2764 1941 μου
2795 1871 3169 1942 τροπουμένην
3215 1872 3482 1941 οἰκτεῖραι
3535 1875 3629 1922 καὶ
3672 1870 3846 1923 σῶσαί
3909 1886 4001 1939 με.

769 1987 822 2030 et
846 1976 1017 2029 salvet
1049 1990 1152 2028 me.

841 2070 1123 2138 Tanquam
1160 2068 1315 2122 cmlis
1361 2066 1540 2132 latior,
1575 2082 1608 2119 o
1646 2076 1817 2129 casta,
1851 2065 2120 2129 Verbum:
2140 2064 2284 2134 quod
2308 2079 2338 2117 a

770 2161 912 2213 nulla
936 2176 993 2213 re
1020 2159 1519 2227 comprehenditur,
1544 2175 1710 2227 supra
1739 2173 1900 2225 quam
1924 2166 2101 2210 tuente
2130 2154 2338 2224 concipi

770 2252 962 2321 possit,
985 2249 1294 2320 suscepisti,
1326 2266 1357 2301 ο
1387 2258 1496 2302 tota
1538 2248 1884 2301 immaculata
1914 2265 1929 2313 ;
1960 2248 2105 2315 quod
2144 2246 2338 2299 ambu-

772 2346 945 2397 lantes
975 2359 1069 2412 per
1103 2343 1245 2395 viam
1284 2342 1440 2411 162
1482 2340 1950 2411 augustissimam,
1985 2338 2052 2394 ad
2094 2338 2340 2395 latitudi-

770 2451 892 2491 nem
928 2434 1124 2490 divinm
1154 2434 1278 2489 vitm
1308 2433 1574 2504 perducit.

839 2529 885 2584 Ο
907 2530 1069 2597 Virgo
1094 2539 1278 2581 sancta
1297 2542 1417 2596 qua:
1433 2522 1604 2579 Deum
1629 2533 2041 2592 supcrsanctum
2065 2525 2338 2594 peperisti,

769 2621 860 2691 qui
886 2621 1055 2690 gratia
1086 2626 1303 2671 sanctos
1333 2628 1596 2686 martyres
1627 2631 1756 2671 suos
1787 2617 2089 2678 coronavit,
2116 2618 2261 2671 salva
2289 2625 2343 2669 et

770 2714 1047 2769 sanctiﬁca
1071 2728 1189 2772 nos,
1221 2712 1312 2781 qui
1339 2711 1522 2764 animo
1557 2721 1805 2779 prompto
1830 2722 1990 2778 atque
2018 2711 2183 2763 alacri
2211 2725 2343 2765 con-

771 2808 1034 2863 cinimus:
1070 2804 1402 2869 Benetlicite,
1427 2804 1609 2857 omnia
1638 2819 1823 2873 opera,
1845 2802 2155 2856 Dominum.

838 2895 1087 2949 lllumina
1124 2909 1243 2957 nos,
1279 2910 1311 2947 ο
1348 2893 1529 2961 Virgo,
1555 2903 1747 2961 tuqua:
1780 2893 1951 2943 lucem
1989 2892 2340 2945 inaccessibi-

768 2989 873 3043 lem
901 2987 1191 3056 peperisti;
1221 2987 1364 3054 reple
1394 3002 1493 3037 nos
1517 2985 1718 3045 laetitia,
1748 2984 2022 3051 animique
2039 2984 2336 3046 alacritate,

769 3096 832 3136 ac
868 3081 1069 3134 divina-
1092 3079 1336 3141 scientia,
1373 3078 1499 3130 dum
1533 3088 1582 3130 te
1621 3093 1756 3145 puro
1784 3075 1946 3129 corde
1992 3075 2240 3145 religiose
2277 3091 2341 3130 ac

772 3174 1064 3242 prudenter
1086 3174 1296 3224 beatam
1332 3171 1684 3239 appellamus.

770 3236 852 3319 ita:
886 3267 1096 3319 (Iunone
1128 3267 1181 3317 in
1238 3236 1463 3331 festo—.3.
1510 3260 1747 3330 Myronis
1806 3262 2075 3328 martyris,
2108 3260 2191 3313 die
2249 3260 2335 3315 17.
2365 3236 2409 3295 C

839 3423 961 3476 Sola
1010 3421 1171 3472 Deum
1212 3419 1470 3488 nuptialis
1503 3418 1603 3472 tori
1646 3418 1827 3471 nescia
1872 3416 2148 3484 peperisti,
2182 3432 2341 3484 quth

769 3515 1139 3568 decet-latores
1193 3522 1460 3583 martyres
1502 3512 1760 3575 confessi,
1797 3512 2029 3565 similem
2068 3513 2223 3566 nobis
2261 3512 2338 3565 fa-

769 3618 941 3670 ctum,
962 3606 1262 3661 seductoris
1282 3615 1434 3659 astus
1454 3606 1637 3660 irritos
1664 3604 2032 3665 reddiderunt,
2066 3620 2097 3656 o
2116 3604 2341 3659 “Olllilla

770 3697 989 3750 intacta.

840 3788 1140 3857 lmpietatis
1186 3796 1348 3856 atque
1394 3789 1729 3844 inﬁdelitatis
1770 3796 1961 3847 morbo
2003 3793 2340 3847 laborantem

770 3890 989 3929 omnem
1045 3884 1370 3939 creaturam,
1410 3886 1485 3939 tu,
1526 3892 1559 3930 ο
1623 3877 1806 3949 Virgo,
1858 3880 2026 3935 Deum
2072 3882 2338 3936 medicum

768 3968 925 4020 enixa
952 3966 1343 4021 admirabiliter
1359 3968 1637 4023 euravlsti.
1654 3968 1941 4040 Propterea
1962 3973 2162 4039 gratias
2177 3987 2337 4041 agen-

772 4067 852 4110 tes
882 4058 946 4110 ad
971 4065 1022 4111 te
1051 4060 1352 4111 clamamus
1392 4072 1406 4108 :
1443 4054 1612 4111 Nemo
1650 4069 1732 4113 est
1758 4061 1875 4113 sine
1906 4060 2115 4115 macula
2145 4071 2341 4131 praeter

772 4157 845 4212 te,
871 4164 903 4199 ο
940 4148 1163 4201 Domina
1187 4146 1319 4215 (67).

843 4239 1094 4307 Magnum
1126 4252 1188 4292 ac
1217 4238 1553 4293 tremendum
1597 4248 1783 4308 partus
1826 4242 1899 4293 tui
1931 4243 2272 4312 mysterium,
2304 4260 2338 4298 ο

770 4340 918 4383 casta
939 4371 952 4394 ,
982 4342 1206 4397 stupore
1235 4330 1478 4396 percellit
1515 4346 1731 4385 onmem
1762 4343 2018 4395 mentem.
2040 4334 2164 4401 quia
2198 4334 2337 4391 Deus

770 4436 835 4475 ex
870 4429 921 4473 te
953 4421 1114 4475 homo
1140 4420 1253 4475 ﬁeri
1286 4421 1388 4476 sibi
1438 4422 1765 4490 complacuit
1794 4434 2012 4492 prepter
2042 4424 2336 4480 bonitatem

774 4528 954 4577 suam,
982 4514 1033 4564 in
1061 4512 1289 4566 salutem
1318 4528 1382 4568 ac
1408 4514 1855 4572 restaurationem
1880 4516 2089 4569 mundi.

843 4603 1020 4663 Illum,
1051 4608 1140 4673 qui
1172 4620 1237 4657 ex
1279 4615 1329 4657 to
1372 4605 1686 4661 incarnatus
1732 4615 1816 4660 est
1839 4608 2002 4661 verbo
2049 4606 2331 4674 ineffabili,
2360 4582 2413 4641 Β

771 4709 871 4762 pro
914 4693 1067 4747 nobis
1117 4696 1429 4764 deprecare,
1478 4711 1511 4749 0
1544 4695 1847 4761 benedicta,
1890 4706 1949 4750 ut
1979 4698 2047 4841 az
2080 4697 2333 4753 onmibus

776 4786 1022 4840 hostibus
1051 4796 1158 4839 tam
1194 4786 1518 4841 visibilibus.
1556 4802 1718 4841 uuam
1753 4787 2012 4841 invisibili
2052 4803 2115 4841 us
2137 4788 2332 4841 libere-

776 4786 1022 4840 hostibus
1051 4796 1158 4839 tam
1194 4786 1518 4849 visibilibus,
1556 4802 1718 4856 quam
1753 4786 2115 4842 invisibilibus
2137 4788 2332 4842 libere-

773 4892 895 4929 mur
924 4891 1024 4930 nos
1065 4879 1155 4946 qui
1183 4890 1233 4932 te
1263 4888 1468 4932 castam
1506 4877 1787 4948 Deiparam
1825 4881 2264 4948 pronuntiamus,
2296 4896 2327 4933 ο

769 4965 1027 5021 immunis
1055 4968 1126 5022 ab
1144 4969 1289 5021 omni
1322 4967 1442 5021 labe
1466 4967 1603 5037 (68).

842 5122 956 5193 (67)
1000 5121 1069 5177 Ut
1091 5123 1226 5178 nihil
1259 5139 1356 5193 pro
1387 5125 1746 5193 conceptione
1777 5124 2124 5182 immaculata
2156 5127 2333 5180 mani-

769 5191 984 5265 festius,
1027 5196 1097 5248 ita
1148 5191 1283 5248 nihil
1306 5191 1445 5248 'dici
1498 5191 1673 5264 potest
1719 5195 1999 5251 illustrius.
2030 5195 2162 5249 Nam
2200 5197 2328 5265 quid

769 5264 1036 5333 illustrius
1083 5274 1244 5333 atque
1292 5266 1607 5333 expressius
1654 5266 1774 5320 istis
1823 5267 2047 5320 verbis:
2087 5284 2105 5316 ι
2163 5264 2331 5321 Nemo

768 5343 850 5387 est
880 5332 998 5387 sine
1024 5336 1233 5387 macula
1258 5332 1452 5403 prazter
1475 5345 1546 5397 te,
1574 5350 1608 5388 ο
1633 5334 1892 5390 Domina?
1916 5355 1935 5388 ι
1971 5337 2180 5402 Quibus
2212 5351 2328 5390 ver-

769 5403 852 5456 bis
893 5406 1117 5457 omnino
1155 5404 1451 5458 allirmatur
1494 5404 1777 5474 Deiparam
1822 5407 1991 5460 solam
2025 5408 2167 5461 inter
2206 5421 2324 5460 om-

770 5486 867 5524 nes
899 5483 1181 5527 creaturas
1235 5473 1405 5529 fuisse
1450 5478 1567 5529 sine
1594 5473 1836 5529 macula.
1886 5478 1992 5530 Aut
2032 5479 2174 5530 enim
2220 5477 2322 5529 ista

864 5537 1085 5611 Josephi
1116 5546 1413 5615 auctoritas
1443 5556 1527 5600 est
1566 5545 1808 5615 neganda
1841 5549 1921 5600 vel
1958 5547 2321 5600 concedenda.

767 5607 883 5661 Non
931 5607 1194 5688 neganda,
1226 5630 1355 5682 ergo
1388 5607 1753 5688 concedenda.
1792 5615 2111 5683 llujusmodi
2145 5628 2321 5669 autem

766 5684 1085 5755 auctoritate
1124 5699 1407 5745 concessa,
1440 5686 1584 5755 nulla
1627 5684 1730 5738 alia
1779 5688 2140 5755 explicatione
2185 5701 2321 5755 Opus

761 5757 846 5800 est
878 5748 941 5799 ad
976 5756 1411 5829 cognoscendum
1436 5772 1510 5829 ex
1552 5753 1770 5822 Joseplii
1806 5748 2003 5821 m'ente,
2039 5756 2100 5811 Β.
2150 5748 2323 5829 Virgi-

770 5831 893 5870 nem
926 5821 1096 5874 solam
1122 5824 1244 5879 sine
1269 5827 1480 5879 macula
1512 5821 1826 5894 conceptam
1857 5842 1999 5884 esse.

2524 2054 2611 2117 Ὠς
2657 2054 2970 2126 πλατυτέρα
3016 2053 3127 2108 τῶν
3185 2054 3448 2124 οὐρανῶν,
3492 2052 3655 2122 ἁγνὴ,
3694 2050 4015 2114 ὐποδέδεξαι

2441 2146 2612 2215 Λόγον
2649 2146 2898 2217 μηδαμοῦ
2947 2147 3290 2217 χωρούμενον
3317 2145 3455 2216 ὑπὲρ
3489 2146 3633 2207 νοῦν,
3668 2143 4015 2209 στενωτάτην

2441 2240 2564 2301 τοὺς
2620 2239 2902 2302 ὁδεύοντας
2954 2240 3094 2304 ὁδὸν,
3136 2240 3467 2309 πανάμωμε,
3501 2239 3632 2308 πρὸς
3690 2236 4015 2305 πλατοσμὸν

2442 2334 2729 2403 εἰσάγοντα
2750 2334 2896 2397 θείας
2931 2333 3102 2403 ζωῆςέ

2532 2535 2692 2602 Ἀγία
2719 2535 2981 2607 Παρθένε,
2998 2536 3029 2603 ἡ
3047 2533 3177 2586 Θεὸν
3192 2533 3280 2585 τὸν
3298 2533 3591 2601 ὑπεράγων
3622 2530 4012 2597 ἀποκυήσασα,

2445 2625 2532 2676 τὸν
2563 2625 2984 2693 στεφανώσαντα
3007 2625 3186 2695 χάριτι
3207 2624 3332 2685 τοὺς
3355 2622 3543 2689 ἁγίους
3573 2622 3761 2674 τούτου
3796 2623 4015 2691 μαίνει)⁴

2448 2730 2569 2781 ρας,
2619 2715 2808 2776 σῶσον,
2839 2714 3066 2782 ἁγίασον
3114 2715 3259 2783 ἡμᾶς
3312 2711 3606 2781 προθύμως
3655 2711 3965 2781 μὲλποντας
3999 2726 4015 2739 θ

2446 2798 2755 2866 Εὑλογείτε,
2789 2803 2965 2855 πάντα
2999 2802 3066 2855 τὰ
3091 2803 3249 2871 ἔργα,
3285 2800 3505 2868 Κύριον.

2521 2894 2758 2947 Φώτισον
2791 2896 2936 2965 ἡμᾶς
2967 2897 3000 2965 ἡ
3029 2894 3257 2947 τεκοῦσα
3293 2893 3408 2963 φῶς
3441 2893 3500 2945 τὸ
3519 2893 3834 2963 ἀπρόσιτον,
3863 2892 4016 2960 Παρ-

2446 2989 2588 3050 θένε,
2646 2986 2924 3056 ἔμπλησον
2957 2986 3103 3055 ἡμᾶς
3155 2984 3516 3054 εὐφροσύνης,
3582 2985 3676 3036 καὶ
3721 2983 4014 3053 θυμηδίας,

2447 3080 2542 3133 καὶ
2578 3078 2727 3140 θείας
2766 3077 3018 3145 γνώσεως
3044 3078 3170 3141 τοὺς
3216 3075 3435 3147 καθαρᾷ
3471 3074 3667 3145 καρδίᾳ
3708 3090 3767 3127 σε
3795 3073 4017 3126 εὐσεὸοο

2447 3172 2655 3242 φρόνως
2692 3170 3112 3240 μακαρίζοντας.

2458 3265 2553 3317 Ἐκ
2581 3262 2685 3317 τοῦ
2719 3264 2985 3328 Κανόνος
3013 3265 3108 3398 είὲ
3124 3262 3231 3384 τὲν
3255 3262 3425 3350 ἄητον
3440 3261 3708 3332 μάρτυρα
3733 3262 4015 3329 Μύρωνα,

3110 3353 3150 3398 μ
3180 3350 3261 3398 Ρᾳ
3290 3352 3336 3396 ιι.
3361 3373 3374 3385 -

3110 3350 3261 3400 μερςι
3290 3352 3374 3396 ιι.-

2517 3427 2668 3497 Μόνη
2704 3425 2834 3479 Θεὸν
2875 3426 3267 3497 ἀπειρογάμως
3316 3425 3578 3494 ὲκύησας,
3605 3425 3664 3477 ὃν
3715 3424 4015 3495 ἀθλοφόροι

2451 3524 2725 3594 μάρτυρες
2765 3523 3198 3592 ὁμολογήσαντες
3235 3524 3366 3591 ἡμῖν
3410 3521 3767 3590 ὁμοιωθέντα,
3800 3524 4016 3589 κατήρ-

2444 3630 2621 3682 γησαν
2641 3614 2738 3683 τὴν
2760 3613 2988 3682 πλάνην,
3008 3613 3243 3682 ἄχραντε
3268 3614 3556 3665 Δέσποινα.

2514 3789 2793 3843 Νοσοῦσαν
2823 3788 2981 3857 ὰθεῖᾳ
3000 3788 3098 3856 τὴν
3128 3789 3309 3841 πᾶσαν
3346 3787 3524 3840 κτίσιν
3562 3786 3694 3840 Θεὸν
3724 3785 4011 3854 κυοφορή-

2445 3900 2585 3937 σασα
2637 3881 2854 3951 ίατῆρα,
2899 3881 3163 3950 Παρθένε,
3216 3880 3587 3951 ὲθεράπευσας
3633 3878 3964 3950 παραδόξως
3996 3895 4009 3908 ·

2442 3974 2893 4046 εὐχαριστοῦντες
2926 3990 3007 4025 σοι
3056 3973 3135 4025 διὸ
3165 3972 3568 4043 κραυγάζομεν,
3604 3971 3680 4032 ὡς
3705 3972 3822 4026 Οὐκ
3850 3970 4011 4023 ἐστιν

2441 4068 2670 4137 ἄμωμος
2701 4065 2841 4132 πλὴν
2867 4064 2983 4125 σοῦ,
3020 4065 3303 4118 Δέσποινα.

2511 4247 2585 4299 Τὸ
2609 4237 2753 4315 μέγα
2783 4244 2873 4297 καὶ
2920 4243 3147 4314 φρικτὸν
3194 4241 3491 4314 μυστήριον
3523 4242 3621 4312 τῆς
3649 4241 3862 4311 λοχείας
3912 4259 4008 4295 σου

2440 4339 2811 4409 καταπλήττει
2849 4338 3049 4402 πᾶσαν,
3082 4336 3243 4404 ἁγνὴ,
3285 4334 3513 4397 ἔννοιαν,
3547 4335 3628 4387 ὅτι
3680 4334 3812 4396 Θεὸς
3846 4335 4009 4386 ἐναν-

2441 4429 2726 4501 θρωπῆσαι
2762 4430 2827 4481 ὲκ
2863 4427 2957 4480 σοῦ
3008 4426 3303 4497 ἀγαθότητι
3337 4427 3652 4495 εὐδόκησεν,
3686 4427 3766 4489 είς
3812 4442 4002 4497 σωτη-

2443 4523 2561 4594 ρίαν
2590 4521 2794 4590 κόσμου
2821 4519 2915 4571 καὶ
2945 4518 3268 4572 ἀνάπλασιν.

2525 4612 2697 4681 ’Υπὲρ
2742 4611 2897 4681 ἡμῶν
2944 4612 3039 4662 τὸν
3096 4612 3161 4662 ἐκ
3214 4609 3306 4662 σοῦ
3363 4607 3716 4679 σαρκωθέντα
3774 4610 4007 4680 ἀρρήτῳ

2438 4703 2583 4774 λόγῳ
2623 4704 2880 4760 δυσώπει,
2930 4702 3465 4771 εὐλογημένη,ὅπιι›ς
3517 4700 3808 4771 ῥυσθῶμεν
3861 4702 4004 4771 ὁρω-

2440 4798 2618 4866 μένων
2649 4795 2742 4848 καὶ
2792 4794 3009 4846 πάντων
3040 4794 3287 4862 ἀοράτων
3314 4792 3545 4863 ἐχθρῶν,
3579 4792 3917 4862 πανάμωμε,
3952 4795 4003 4845 οξ

2437 4889 2495 4940 σὲ
2529 4887 2787 4940 Θεοτόκον
2813 4885 2983 4955 ἁγνὴν
3000 4885 3476 4953 καταγγέλλοντες.

2514 5127 2636 5200 (68)»
2669 5125 2808 5195 Ergo
2867 5124 3129 5200 immunis
3188 5123 3362 5200 etiam
3405 5124 3474 5178 ab
3508 5121 3787 5200 _originali
3825 5120 4005 5200 labe,

2439 5189 2679 5267 alioquin
2707 5189 2774 5250 ab
2817 5198 2981 5267 omni
3002 5195 3121 5267 labe
3151 5209 3258 5247 non
3291 5194 3479 5248 fuisset
3507 5189 3787 5267 immunis.
3825 5189 4007 5267 Probe

2436 5262 2674 5324 Joannes
2698 5267 2764 5321 de
2804 5266 3016 5335 Agaciis
3050 5264 3242 5335 doctus
3266 5274 3455 5335 auctor
3481 5272 3535 5316 et
3561 5262 3921 5335 perantiquus
3951 5265 4004 5316 in

2441 5338 2694 5392 Tractam
2741 5338 2802 5390 de
2831 5331 3430 5403 cbnceptiouerl’irginis
3479 5331 3619 5401 apud
3660 5331 4001 5403 Novarinum

2435 5410 2488 5462 in
2532 5408 2727 5463 Umbra
2789 5406 3032 5474 Virginea
3072 5420 3129 5459 n.
3161 5402 3309 5458 209:
3347 5422 3365 5454 ι
3402 5402 4002 5474 δίευινίιισῃίιηῃεινα

2434 5479 2536 5532 fuit
2578 5476 2772 5531 similis
2831 5469 2959 5529 Adae
3014 5476 3079 5526 ad
3125 5474 3554 5542 corruptionem,
3604 5469 3793 5525 ita—B.
3834 5469 4001 5541 Virgo

2431 5549 2600 5602 Maria
2634 5547 2824 5602 similis
2872 5544 2972 5599 fuit
3015 5544 3230 5598 Christo
3267 5544 3330 5595 ad
3378 5544 3801 5613 reparationem,
3833 5550 3887 5594 et
3918 5542 3999 5593 sic

2430 5632 2653 5677 necesse
2699 5618 2802 5669 luit
2835 5626 2893 5669 ut
2925 5623 3066 5667 esset
3107 5629 3136 5667 a
3171 5620 3394 5677 peccato
3445 5613 3725 5677 immunis,
3760 5615 3903 5666 sicut
3942 5620 3998 5664 et

2430 5691 2543 5757 ipse
2566 5676 2836 5740 Christus.
2872 5704 2891 5737 ι
2920 5683 3008 5757 Sic
3034 5684 3137 5757 ille.
3168 5676 3503 5757 Νορλίίιὶεεει
3528 5676 3998 5757 autemimmmns

2426 5751 2495 5811 a'b
2530 5757 2678 5811 outni
2722 5757 2860 5818 labe,
2893 5756 3036 5808 sicut
3070 5754 3198 5823 ipse
3239 5752 3513 5823 Christus,
3546 5754 3591 5809 si
3636 5752 3852 5823 peccati
3882 5751 3993 5805 ori-

2425 5828 2619 5898 giualis
2650 5827 2766 5882 labe
2788 5825 2977 5880 fuisset
3000 5821 3221 5879 inlecta.
