4166 6458
194 466 332 529 ΗΒΘ

1648 464 2007 524 ΜΛΒΙΛΙᾸΞ.

3290 452 3426 517 1170

260 575 435 643 Νόμοι
488 575 547 626 ἐν
576 575 658 626 σοὶ
688 574 1040 638 καινίζονται,
1070 573 1335 644 Παρθένε,
1372 577 1465 642 τῆς
1500 573 1709 640 φύσεως
1737 590 1749 602 ·

1926 569 2141 622 Natura:
2181 570 2323 639 leges
2349 569 2399 622 iu
2435 576 2484 621 te
2512 568 2861 625 inmorantur,
2904 578 2935 615 ο
2972 561 3135 631 Virgo
3169 579 3182 614 :
3226 562 3423 613 etenim

192 664 335 735 ὑπὲρ
360 666 469 735 γὰρ
501 666 662 733 φύσιν
688 683 779 718 σου
812 666 904 718 τὸν
924 667 991 737 τῇ
1026 665 1187 732 φύσει
1212 665 1595 734 ἀκατάληπτον
1628 664 1759 715 Θεὸν

198 758 548 826 Ἐμμανουὴλ
618 758 934 828 παραδόξως
991 758 1262 823 τέτοκας,
1306 760 1387 819 εἰς
1441 756 1600 828 ήμῶν
1651 757 1759 809 τῶν

187 850 399 902 πιστῶν
426 852 810 922 ἀναγέννησιν.

214 1006 217 1007 ν
262 942 475 1011 Χωρίον
506 941 639 995 Θεοῦ
664 945 759 997 καὶ
788 944 1053 998 παλάτιον
1075 945 1313 1015 τερπνὸν
1340 945 1435 997 καὶ
1465 942 1607 1008 θεῖος
1632 943 1757 1013 θρό-

192 1051 298 1099 νος,
334 1035 393 1087 ὲν
422 1029 466 1102 ᾧ
490 1035 723 1101 καθίσας
746 1037 1085 1109 ἡτοιμάσατο
1117 1039 1251 1092 πᾶσι
1285 1038 1554 1106 καθέδραν
1588 1038 1753 1108 οὐρά-

184 1140 320 1188 νιον,
357 1123 565 1192 ὤφθης,
598 1126 843 1193 παναγία
877 1128 1121 1200 Παρθένε
1147 1144 1162 1160 °
1196 1128 1283 1181 διά
1308 1126 1467 1180 τοῦτό
1499 1144 1582 1181 σοι
1615 1126 1756 1198 κρά-

182 1214 353 1283 ζομεν
375 1228 393 1244 ⁶
424 1216 777 1289 Εὐλογημένη
810 1220 844 1290 ή
878 1218 1013 1273 Θεὸν
1052 1221 1216 1291 σαρκὶ
1246 1221 1516 1290 κυήσασα.

251 1394 459 1461 Νυγεὶς
495 1395 575 1467 τῷ
597 1396 741 1468 βέλει
776 1398 870 1451 τοῦ
901 1398 1096 1470 ἐχθροῦ
1129 1399 1228 1471 τὴν
1260 1399 1461 1471 ψυχὴν,
1494 1401 1755 1465 ὁλοτελῶς

180 1485 651 1555 ὲτραυματίσθην,
695 1490 791 1542 καὶ
838 1489 1036 1544 ἀνίατα
1078 1489 1308 1562 πάσχω’
1333 1494 1366 1562 ή
1394 1493 1484 1545 τὸν
1526 1491 1755 1564 Σωτῆρα

182 1576 425 1645 Χριστὸν
456 1579 711 1650 ἀρρήτως
768 1580 1030 1647 τεκοῦσα,
1066 1584 1412 1654 πανάμωμε,
1455 1584 1605 1637 τασαί
1663 1601 1752 1653 με,

183 1666 382 1732 σῶσον,
408 1669 562 1734 ἐλπὶς
578 1672 1039 1744 ἀπηλπισμένων.

250 1760 442 1831 Φωνὴν
476 1761 688 1833 βοῶμέν
721 1782 806 1818 σοι
840 1766 1043 1831 πάντες
1070 1767 1165 1821 τοῦ
1195 1768 1451 1837 ἀγγέλου,
1484 1771 1753 1841 Παρθένε,

181 1850 449 1903 παλάτιον
479 1854 575 1906 καὶ
609 1854 766 1925 θρόνε
796 1856 889 1909 τοῦ
921 1857 1055 1911 Θεοῦ
1076 1875 1090 1889 ⁸
1123 1860 1294 1931 Χαῖρε
1320 1861 1387 1913 δι’
1425 1858 1492 1932 ἦς
1515 1861 1752 1932 ἠξιώθη-

1864 676 1918 714 ιιι
1954 677 2117 732 supra
2148 671 2391 716 naturam
2418 660 2671 730 peperisti
2702 655 3096 712 admirabiliter
3114 654 3430 707 Emmanuel

1867 754 2051 815 Deum.
2093 755 2243 823 quia
2295 764 2490 807 natura
2528 749 2915 820 comprehendi
2949 761 3057 801 non
3117 756 3311 815 potest,
3372 755 3432 799 ut

1864 863 1962 901 nos
1985 847 2169 902 ﬁdeles
2195 861 2447 915 regenera
2458 853 2559 900 ret.

1934 939 2098 1009 liegio
2123 955 2185 993 ac
2217 938 2488 1009 possessio
2524 936 2637 1001 Dei,
2660 935 2915 1003 illiusque
2948 929 3424 1009 palatiumjucun-

1858 1032 2011 1095 dum,
2062 1032 2215 1102 163
2269 1046 2333 1084 ac
2373 1030 2601 1083 thronus
2644 1026 2883 1091 divinus,
2920 1027 2970 1077 in
3011 1039 3119 1093 quo
3163 1022 3426 1079 residens,

1859 1122 2112 1177 ontnibus
2143 1124 2415 1177 caelestem
2451 1121 2631 1175 sedem
2658 1120 3007 1190 praeparavit,
3040 1116 3359 1186 apparuisti,
3391 1128 3424 1167 ο

1862 1213 2024 1283 Virgo
2052 1213 2429 1278 sanctissima;
2460 1212 2583 1267 ideo
2600 1212 2666 1266 ad
2702 1221 2753 1266 te
2780 1213 3117 1266 clamamus:
3144 1209 3425 1279 Benedicta

1860 1320 1939 1370 tu,
1976 1324 2097 1380 quae
2129 1308 2296 1372 Deum
2325 1311 2378 1362 in
2410 1322 2575 1364 carne
2606 1308 2864 1378 genuisti.

1926 1401 2224 1454 Percussus
2251 1400 2304 1452 in
2329 1400 2507 1453 anima
2540 1397 2719 1453 hostili
2746 1398 2949 1464 jaculo,
2983 1404 3130 1450 totus
3173 1392 3415 1459 undique

1857 1491 2168 1545 vulneratus
2209 1506 2357 1553 sum,
2402 1502 2455 1544 et
2487 1490 2815 1546 iucurabiles
2857 1489 3035 1558 patior
3066 1486 3287 1541 dolores
3327 1494 3424 1538 :tu

1855 1598 1889 1639 ο
1919 1585 2230 1653 purissima,
2256 1598 2375 1653 qua:
2405 1581 2739 1637 Salvatorem
2767 1580 3050 1636 Christum
3076 1577 3424 1633 inell’abiliter

1860 1677 2136 1747 peperisti,
2163 1694 2317 1740 sana,
2342 1685 2395 1730 et
2443 1678 2587 1730 salva
2630 1692 2735 1739 me,
2763 1690 2796 1728 ο
2831 1689 2956 1743 spes
2979 1674 3414 1741 desperatorum.

1925 1769 2200 1836 Angelicis
2258 1770 2486 1824 vocibus
2541 1770 2606 1823 ad
2672 1779 2723 1823 te
2791 1769 3093 1823 clamamus
3145 1779 3356 1826 omnes,
3393 1777 3428 1815 o

1858 1856 2039 1928 Virgo,
2062 1860 2338 1927 palatium,
2372 1873 2434 1912 ac
2469 1859 2699 1912 thronus
2747 1855 2839 1910 Dei
2877 1874 2891 1910 :
2928 1854 3112 1919 Salve,
3138 1869 3171 1909 ο
3208 1862 3263 1907 ιιι
3330 1866 3427 1921 per

184 1958 286 2008 μεν
340 1943 583 2014 οὐρανῶν
631 1946 926 2015 βασιλείας,
976 1950 1027 2001 οἱ
1082 1952 1250 2005 πάλαι
1310 1952 1657 2018 ἀπωσθέντες
1684 1957 1749 2026 τῇ

1856 1966 2016 2021 quam
2067 1951 2216 2021 digni
2260 1951 2384 2006 lacti
2410 1966 2600 2005 sumus
2634 1950 2895 2005 ctelorum
2941 1963 3131 2018 regno,
3158 1946 3250 2017 qui
3293 1945 3424 1999 olim

181 2035 381 2105 φθορᾷ,
396 2036 492 2088 καὶ
510 2036 571 2089 τὸ
590 2038 782 2113 κάλλος
797 2040 857 2092 τὸ
876 2041 1090 2111 πρῶτον
1107 2044 1355 2113 ἀφρόνως
1371 2044 1754 2111 ἀπολέσαντες.

194 2254 299 2309 Ἕκ
337 2258 447 2313 τοῦ
464 2260 728 2325 Κανόνος
758 2262 845 2334 εις
862 2262 1006 2334 τοὺς
1026 2263 1237 2332 ἁγίους
1260 2264 1566 2334 μάρτυρας
1592 2266 1757 2322 45.15-

545 2347 661 2397 ρον
691 2331 789 2384 καὶ
817 2331 1079 2401 Λαῦρον,
1101 2331 1291 2404 ἠμέρᾲ
1314 2331 1405 2405 ιη’.

257 2466 596 2535 Ιιαρθενικῆς
624 2466 732 2520 ἀπὸ
760 2469 995 2537 γαστρὸς
1026 2468 1392 2539 ἐϐλάστησας,
1439 2470 1565 2542 ῥίζα
1618 2474 1745 2526 ἀπό-

178 2572 360 2620 τιστε,
405 2557 494 2609 τὸν
530 2559 834 2629 φυτουργὸν
857 2561 1077 2614 πάντων
1124 2562 1409 2633 ἄνθρωπον
1444 2566 1752 2636 γενόμενον,

180 2649 278 2700 καὶ
309 2649 459 2718 πάθη
496 2652 887 2721 ὑπομείναντα,
913 2653 973 2707 ὃν
996 2653 1288 2719 ποθοῦντες
1304 2658 1353 2709 οἱ
1382 2657 1515 2711 θεῖοι
1548 2658 1755 2722 πιστῶς

180 2740 487 2809 ἑνήθλησαν
537 2744 829 2815 μάρτυρες,
859 2745 1095 2817 ἀχραντε
1135 2746 1381 2819 Παρθένε
1415 2749 1752 2821 πανύμνητε.

268 2920 640 2991 ’Λπειρόγαμε
694 2921 858 2993 κόρη,
883 2922 952 2975 δι’
996 2918 1064 2994 ἦς
1104 2925 1234 2995 ἡμῖν
1278 2924 1486 2996 ἔλαμψε
1514 2925 1686 2995 Λόγος
1723 2926 1751 2980 ό

179 3011 442 3066 ἐπέκεινα
489 3015 668 3084 πάσης
714 3015 890 3085 ἀρχῆς
928 3017 1236 3086 νοούμενος,
1272 3018 1412 3081 σῶζε
1453 3018 1551 3089 τὴν
1594 3020 1752 3071 πόλιν

185 3119 302 3163 σου,
318 3104 411 3156 καὶ
431 3106 612 3159 πᾶσαν
634 3107 727 3161 πό)
743 3126 789 3161 ιν
812 3110 907 3162 καὶ
937 3111 1121 3181 χώραν
1146 3113 1329 3182 πάσης
1355 3114 1747 3184 περιστάσεως,

182 3193 572 3266 θεοχαρίτωτε.

273 3388 362 3451 Ὠς
396 3390 640 3460 καθαράν
677 3393 787 3447 τῶν
811 3396 1014 3464 γενεῶν
1060 3398 1359 3464 ἐξελέξατο,
1392 3399 1647 3466 Θεοτόκε,
1691 3402 1752 3453 ei.

191 3478 292 3546 τὴν
332 3480 714 3553 ’Δειπάρθενον
746 3486 775 3539 ὁ
813 3487 1188 3559 πλαστουργὸς
1223 3490 1444 3543 πάντων
1473 3491 1566 3543 καὶ
1595 3490 1747 3552 Θεὸς,

182 3568 278 3621 καὶ
301 3571 402 3640 τὴν
430 3571 531 3638 σὴν
554 3577 797 3646 γαστέρα
826 3580 1090 3634 παλάτιον
1112 3582 1494 3653 ἀπειργάσατο
1522 3583 1754 3650 ἀμόλυν-

179 3674 274 3710 τον
306 3659 337 3711 ὁ
366 3661 527 3728 μόνος
560 3664 823 3731 Βασιλεὺς
854 3669 964 3723 τῶν
996 3670 1235 3741 αἰώνων,
1265 3674 1359 3727 καὶ
1384 3674 1449 3726 ὲκ
1494 3673 1588 3726 σοῦ
1638 3678 1751 3739 τοῖς

182 3748 494 3822 ἀνθρώποις
529 3758 797 3828 ἐπεφάνη.

255 3863 331 3917 Τὸ
385 3867 491 3936 πρὸ
570 3871 789 3926 πάντων
832 3874 1045 3929 αἰώνων
1076 3918 1092 3941 ,
1142 3876 1278 3949 κόρη
1307 3919 1322 3943 ,
1384 3879 1751 3951 ἀποκείμενον

192 3954 336 4022 μέγα
388 3962 707 4032 μυστήριον,
731 3964 867 4034 ὅπερ
893 3966 995 4019 οὐκ
1021 3967 1266 4039 ὲγνώσθη
1300 3972 1516 4038 γενεαῖς
1544 3972 1751 4041 προλα-

183 4045 429 4113 6οὐσαις,
463 4054 792 4125 πανάμωμε,
818 4057 906 4110 διὰ
938 4075 1033 4111 σου
1061 4059 1258 4132 ἐφάνη,
1290 4063 1465 4129 Λόγος
1513 4064 1750 4134 Πατρὸς,

182 4139 210 4189 ό
244 4140 349 4209 πρὸ
375 4140 586 4199 αἰώνων
617 4148 925 4218 σαρκωθεὶς
971 4152 1066 4205 καὶ
1108 4154 1399 4223 γενόμενος
1429 4155 1740 4228 ἅνθρωπος.

249 4326 533 4383 Νοσοῦσάν
554 4349 656 4401 μου
694 4334 792 4405 τὴν
817 4336 997 4408 ψυχὴν
1027 4344 1093 4411 τῇ
1120 4343 1365 4414 ἁμαρτίᾳ
1387 4345 1749 4414 θεράπευσον,

179 4416 273 4470 τὸν
295 4419 599 4491 ίατρὸντῶν
626 4426 816 4498 ψυχῶν
846 4433 1118 4501 κυήσασα,
1152 4435 1416 4503 πάναγνε,
1448 4438 1508 4491 ὃν
1530 4441 1578 4491 οἱ
1620 4439 1753 4494 θεῖοι

182 4512 464 4584 μάρτυρες
478 4517 989 4591 ηθομολογοῦντες,
1011 4525 1187 4596 ἰατροὶ
1205 4528 1394 4582 παθῶν
1409 4531 1748 4603 ἐδείχθησαν.

263 4691 351 4755 Ὠς
370 4694 523 4764 ῥόδον
561 4696 822 4754 κοιλάδων
857 4718 916 4755 σε
943 4704 1037 4756 τοῦ
1065 4704 1205 4775 βίου,
1237 4705 1412 4777 Κόρη,
1440 4707 1571 4771 Θεὸς
1592 4708 1747 4764 ἐκλέ-

178 4800 361 4850 γεται,
396 4789 491 4839 καὶ
536 4788 595 4841 ὲν
622 4792 705 4843 σοὶ
745 4796 1082 4865 κατοικήσας
1135 4798 1301 4868 σαρκὶ
1340 4800 1611 4870 προῆλθεν
1660 4803 1752 4855 εὐ-

178 4876 412 4940 ωδιάζον
427 4880 572 4948 ἡμᾶς
593 4880 927 4952 θεογνωσίας
950 4892 1160 4954 πνοαῖς,
1189 4894 1598 4965 παναμώμητε,
1621 4896 1748 4960 τοὺς

177 4968 439 5023 Θεοτόκον
468 4973 556 5025 ἀεί
590 4989 650 5027 σε
675 4977 1095 5047 ὁμολογοῦντας.

264 5152 566 5228 ’Δγιωτέρα
633 5159 888 5230 πέφυκας
956 5162 1067 5216 τῶν
1117 5165 1390 5234 ἀγγέλων,
1450 5167 1701 5239 κυήσασα
1732 5210 1748 5237 ,

180 5247 332 5317 Κόρη
364 5251 626 5319 παναγία,
654 5252 763 5307 τῶν
800 5254 974 5323 ἁγίων
997 5256 1188 5324 Ἀγιον
1218 5258 1288 5311 δι’
1313 5255 1496 5313 οἶκτον
1526 5262 1753 5333 γενόμε-

178 5357 267 5391 νον
298 5341 603 5413 ἄνθρωπον,
644 5344 832 5417 ὥσπερ
874 5349 1372 5423 ὲσμὲν,ἀφύρτως,
1409 5354 1580 5408 σῶσαι
1627 5358 1752 5420 τοὺς

180 5435 329 5505 αὐτῷ
357 5437 705 5506 ἀναϐοῶντας
736 5444 1048 5510 ἀπαύστως’
1076 5447 1139 5501 Οἱ
1188 5448 1378 5513 παῖδες
1398 5489 1414 5515 ,
1456 5450 1749 5519 εὐλογεῖτε,

182 5528 224 5580 ίε
236 5531 371 5599 ρεῖς,
406 5532 747 5604 ὐπερυψοῦτε
771 5537 996 5609 Κύριον.

250 5714 459 5786 Φρικτή
514 5734 607 5769 σου
660 5720 693 5789 ή
757 5720 961 5790 λοχεία,
999 5722 1191 5795 Μήτερ
1258 5726 1399 5795 ἁγνή
1434 5743 1447 5757 ο
1502 5727 1752 5796 οὐρανῶν

183 5804 292 5874 γὰρ
326 5806 387 5859 ὃν
430 5808 619 5878 τρέμει
665 5810 733 5863 τά
774 5813 1054 5882 τάγματα,
1096 5816 1266 5884 Λόγον
1296 5816 1432 5869 Θεοῦ
1468 5817 1753 5889 ἄνθρωπον

183 5898 477 5966 γενόμενον
520 5903 610 5954 ἐπὶ
673 5906 776 5975 γῆς
843 5906 1137 5976 ὑπερφυῶς
1186 5909 1424 5980 ὲκύησας
1462 5951 1474 5972 ,
1519 5911 1751 5977 μείνασα

1857 2052 2075 2112 propter
2097 2044 2499 2113 corruptionem
2530 2041 2719 2112 procul
2745 2040 2947 2111 repulsi
2973 2054 3213 2101 eramus,
3237 2046 3291 2092 ct
3313 2039 3427 2107 pri-

1860 2149 2008 2187 mum
2040 2134 2287 2189 decorem
2320 2134 2641 2203 insipienter
2674 2133 3054 2188 amiseramus.

1859 2269 1942 2324 Ex
1971 2269 2180 2326 Canone
2221 2272 2275 2325 in
2316 2271 2448 2340 festo
2616 2268 2793 2392 1Fslori,
2835 2277 2883 2323 et
2908 2266 3075 2321 Lauri
3112 2274 3428 2336 martyrum,

2538 2358 2583 2393 te
2688 2381 2701 2393 .

2538 2358 2583 2394 ιε
2616 2358 2701 2393 Ίδ.

1927 2476 1972 2529 Λ
2011 2473 2271 2543 Virginali
2306 2474 2514 2544 gremio
2550 2472 2849 2543 protulisti,
2894 2485 2927 2525 o
2956 2471 3109 2525 radix
3149 2485 3428 2538 nunquam

1856 2566 2099 2636 irrigata,
2157 2568 2517 2636 plautatorcm
2571 2566 2843 2627 omnium,
2874 2563 3147 2617 hominem
3201 2561 3425 2623 factum,

1856 2660 2199 2728 passionihus
2233 2659 2528 2713 tuleraudis
2569 2657 2893 2717 obnoxium.
2943 2655 3104 2725 cujus
3134 2668 3320 2709 amore
3347 2653 3430 2707 al-

1856 2750 1977 2803 lecti
2003 2750 2169 2803 divini
2196 2762 2480 2822 martyres,
2508 2752 2737 2807 lideliter
2755 2752 3201 2814 deccrtaveruut,
3218 2765 3252 2804 o
3272 2749 3432 2818 Virgo

1856 2842 2194 2909 intemerata,
2225 2846 2375 2899 omni
2404 2846 2560 2900 laude
2600 2844 2944 2900 celebranda.

1924 2934 2181 3003 Opuclla,
2215 2937 2474 3005 nuptialis
2504 2936 2729 2990 thalami
2754 2937 2961 2997 nescia,
2987 2951 3081 3004 per
3099 2949 3262 3005 quam
3292 2933 3430 2990 Ver-

1853 3026 2005 3087 hum,
2042 3028 2188 3095 quod
2215 3029 2467 3095 superius
2494 3029 2642 3083 omni
2673 3028 2942 3098 principio
2970 3026 3307 3097 intelligitur.
3330 3041 3428 3080 uo-

1855 3117 1936 3172 bis
1972 3118 2170 3184 illusit,
2200 3121 2405 3174 salvam
2429 3122 2699 3175 civitatem
2727 3134 2893 3183 tuam,
2913 3134 3241 3189 omnemque
3262 3119 3425 3172 aliam

1855 3211 2127 3265 civitatem
2166 3226 2229 3265 ac
2257 3212 2527 3281 regionem
2554 3213 2621 3265 ab
2638 3213 2785 3265 omni
2813 3212 3203 3267 circumstante
3222 3210 3420 3266 advor-

1778 3308 1820 3362 C
1854 3304 2034 3366 sitate,
2064 3318 2097 3357 ο
2137 3301 2246 3357 Deo
2275 3304 2615 3359 charissima.

1922 3395 2149 3450 Creator
2166 3396 2409 3449 omnium
2442 3412 2503 3450 ac
2526 3397 2684 3461 Deus,
2712 3407 2762 3450 te
2787 3404 3045 3466 tanquam
3076 3394 3332 3449 mundam
3358 3408 3424 3449 ex

1852 3488 2103 3542 onmibus
2135 3489 2573 3555 generationibus
2596 3490 2756 3558 elegit
2780 3531 2795 3553 ,
2825 3503 3041 3557 semper
3078 3488 3363 3555 virginem,
3389 3503 3423 3542 ο

1853 3575 2109 3647 Dcipara:
2142 3588 2402 3648 tuumque
2437 3590 2678 3633 ventrem
2714 3580 2971 3649 palatium
3003 3579 3131 3635 fecit
3154 3580 3421 3635 immacu-

1854 3668 2022 3722 latum
2069 3670 2219 3724 solus
2246 3668 2358 3724 llcx
2408 3670 2756 3733 saeculorum.
2802 3680 2855 3725 et
2890 3687 2955 3725 ex
3004 3682 3056 3726 te
3109 3671 3423 3729 hominibus

1853 3762 2122 3831 apparuit.

1925 3874 2174 3944 Magnum
2207 3875 2543 3946 mysterium,
2578 3885 2703 3929 aute
2732 3877 2914 3929 omnia
2963 3877 3159 3932 saecula
3187 3877 3418 3932 abscon-

1854 3965 2055 4030 ditum,
2089 3966 2233 4034 quod
2261 3982 2599 4035 nequaquam
2633 3968 2909 4037 cognitum
2942 3968 3042 4021 fuit
3066 3984 3094 4021 a
3120 3969 3420 4037 generatioé

1855 4057 2013 4110 uilius
2062 4057 2529 4125 praecedentibus,
2588 4073 2685 4126 per
2740 4067 2828 4120 te,
2869 4072 2902 4109 ο
2949 4058 3419 4126 ineulpatissima,

1856 4148 2259 4203 manifestatum
2308 4158 2424 4203 est:
2458 4149 2693 4203 Verbum
2751 4148 2910 4219 164
2954 4149 3161 4203 scilicet
3202 4148 3415 4212 Patris,

1856 4244 1994 4310 quod
2014 4252 2129 4295 erat
2154 4248 2279 4295 ante
2302 4242 2496 4296 saecula
2514 4284 2528 4307 ,
2554 4242 2920 4303 incarnatum,
2946 4252 2997 4295 et
3016 4243 3178 4296 homo
3196 4241 3419 4297 factum.

1928 4332 2300 4400 Aigrotantem
2374 4333 2610 4400 peccatis
2663 4335 2899 4386 animam
2950 4349 3147 4399 meam,
3214 4337 3422 4390 medica

1856 4440 2019 4477 manu
2047 4440 2194 4487 cura,
2236 4440 2269 4478 ο
2297 4426 2625 4491 castissima,
2662 4432 2716 4477 tu
2742 4441 2862 4492 qua:
2896 4424 3202 4478 auimarmn
3237 4428 3415 4480 medi-

1855 4532 1978 4570 cum
2027 4502 2280 4587 genuisti,
2335 4532 2497 4586 quem
2545 4515 2717 4570 divini
2744 4526 3011 4586 martyres
3065 4518 3416 4583 conﬁtentes,

1775 4640 1831 4701 Ι)
1858 4610 2050 4663 medici
2087 4609 2401 4678 passionum
2426 4608 2551 4663 lacti
2577 4618 2722 4664 sunt.

1926 4700 2205 4770 Tanquam
2258 4717 2440 4756 rosam
2485 4702 2837 4767 convallium,
2879 4712 2930 4758 te
2969 4702 3111 4760 Deus
3141 4706 3304 4776 elegit
3332 4721 3399 4762 ex

1853 4791 1983 4852 vita,
2018 4808 2050 4845 ο
2079 4792 2286 4861 puella;
2308 4807 2538 4861 cumque
2566 4793 2619 4845 in
2648 4806 2697 4845 te
2728 4793 3107 4858 inhabitasset,
3125 4798 3420 4852 secundum

1852 4900 2068 4938 carnem
2105 4887 2389 4954 processit,
2426 4884 2616 4939 alllaus
2647 4887 2977 4940 suavissimo
3015 4887 3213 4941 divina:
3243 4890 3423 4944 scien-

1854 4980 1939 5032 tiae
1965 4979 2127 5031 halitu
2164 4995 2283 5045 nos,
2313 4981 2404 5047 qui
2437 4988 2487 5033 te
2518 4978 2802 5049 Deiparam
2825 4995 3041 5049 semper
3072 4984 3419 5045 conlltemur,

1852 5084 1885 5123 ι)
1915 5070 2224 5139 purissima.

1924 5162 2177 5216 Sanctior
2205 5163 2413 5232 angelis
2431 5161 2654 5229 fuisti,o
2678 5163 2855 5232 puella
2885 5164 3255 5231 sanctissima,
3286 5164 3426 5219 San-

1854 5262 2001 5309 ctum
2025 5265 2342 5309 sanctorum
2374 5256 2554 5318 enixa,
2579 5265 2797 5326 pmptcr
2817 5257 3420 5328 suainmisericerdiam

1855 5347 2128 5403 hominem
2152 5347 2376 5411 lat-tum,
2412 5349 2602 5418 quales
2627 5365 2725 5403 nos
2752 5364 2964 5415 sumus,
2996 5348 3115 5404 sine
3148 5348 3255 5403 ulla
3297 5364 3420 5417 per-

1855 5443 2131 5507 mistione,
2175 5450 2228 5495 ut
2267 5442 2496 5494 salvaret
2523 5457 2640 5506 eos,
2666 5441 2755 5510 qui
2816 5442 3150 5495 incessanter
3187 5441 3424 5495 clamant

1857 5537 1932 5590 illi
1968 5554 1978 5588 :
2022 5534 2202 5597 Pueri,
2251 5533 2552 5588 bcnedicite
2586 5550 2600 5598 ;
2642 5534 2973 5595 sacerdotes,
3016 5530 3420 5601 superexaltate

1856 5629 2144 5682 Dominum

1924 5720 2259 5775 Tremctulus
2307 5727 2389 5772 est
2422 5727 2612 5787 partus
2637 5728 2782 5782 tuus,
2815 5732 2847 5771 ο
2874 5724 3018 5771 casta
3052 5725 3255 5780 mater;
3289 5712 3422 5765 Vero

1854 5816 1983 5869 bum
2016 5815 2159 5867 cnim
2198 5812 2312 5877 Dei,
2345 5811 2486 5881 quod
2508 5813 2767 5866 ctelorum
2798 5810 2941 5865 acies
2968 5805 3420 5865 contremiscunt,

1860 5907 2133 5960 lm'i'lllt‘m
2180 5905 2403 5967 factum,
2442 5904 2493 5957 in
2534 5914 2697 5968 terra,
2729 5917 2890 5971 supra
2936 5910 3145 5955 natura:
3176 5896 3425 5951 ordinem
