4166 6458
192 425 324 485 1173

1626 422 1728 479 ΜΛ
1742 422 1989 482 ιιιΑιΕ.

3272 409 3408 472 1174

194 535 417 600 νοςηιαί⁸
467 536 699 590 ὲθέωσεν
748 536 896 605 ἡμᾶς
954 534 1157 605 σαρκὸς
1214 536 1561 607 προσλήψει·
1607 536 1750 603 ὅθεν,

1864 539 2133 595 deilicavit
2183 551 2285 591 nos
2336 550 2500 590 carne
2546 544 2730 591 nostra
2781 541 2997 603 accepta
3027 574 3043 599 ,
3075 548 3108 587 ο
3154 532 3415 588 innascu-

192 628 517 697 πανάμωμε,
547 628 620 690 ὡς
644 625 871 696 Μητέρα
897 642 958 678 σε
977 624 1168 678 τούτου
1190 628 1539 699 γεραίρομεν.

270 803 332 855 ὐ
351 801 480 865 τοὺς
502 802 736 864 κόλπους
770 801 845 872 μὴ
878 799 1122 864 κενώσας
1155 800 1250 854 τοῦ
1278 801 1493 872 Πατρὸς
1534 804 1591 854 ὲν
1639 805 1753 866 τοῖς

190 895 408 958 κόλποις
467 884 561 948 σου
590 935 605 960 ,
658 895 779 948 νέον
831 892 1021 964 ὥσπερ
1056 892 1282 964 δβρέφος
1317 935 1333 959 ,
1390 892 1755 962 ἐπανακλιθῆ-

189 1006 273 1041 ναι
300 987 615 1057 εὐδόκησεν,
638 988 725 1039 ἐπ’
770 986 1091 1055 ἀνακλήσει,
1126 986 1395 1058 Παρθένε,
1423 987 1534 1040 τῶν
1570 987 1755 1057 ψυχῶν

191 1082 365 1151 ἡμῶν,
386 1075 431 1150 ᾧ
457 1081 862 1153 κραυγάζομεν’
882 1081 1043 1147 Δόξα,
1068 1081 1371 1151 Χριστὲ,τῇ
1397 1082 1621 1152 δυνάμει
1639 1098 1755 1136 σου.

256 1262 392 1317 Μεθ’
415 1264 570 1333 ἡμῶν
601 1268 895 1336 γενόμενος
924 1265 993 1320 δι’
1014 1264 1196 1321 οἶκτον
1224 1270 1254 1321 ὁ
1284 1269 1475 1340 Σωτὴρ
1509 1269 1568 1334 ἐξ
1598 1269 1759 1340 αἱμά-

191 1372 295 1407 των
319 1372 416 1408 σου
439 1356 600 1423 ἱερῶν
631 1356 771 1427 ὑπὲρ
800 1358 948 1423 νοῦν,
979 1359 1307 1429 πανάμωμε,
1343 1360 1757 1429 σεσωμάτωται,

193 1449 283 1498 καὶ
318 1447 454 1510 Θεὸς
485 1448 578 1502 καὶ
622 1446 907 1519 ἄνθρωπος
931 1451 959 1503 ό
991 1449 1373 1523 φιλάνθρωπος
1408 1449 1754 1521 γνωρίζεται.

256 1626 604 1698 Λελὺτρωται
632 1627 743 1683 τῶν
772 1629 1030 1701 ὠδίνωνή
1082 1631 1215 1696 Εὕα,
1246 1632 1579 1704 πανάμωμε,
1614 1635 1758 1689 άνω-

189 1716 343 1777 δίνως
370 1718 465 1772 σοῦ
498 1719 765 1789 τεκούσης
807 1722 1043 1792 Χριστὸν
1074 1724 1166 1776 τὸν
1192 1725 1326 1777 Θεὸν
1359 1726 1537 1796 ἡμῶν,
1573 1727 1665 1782 τὸν
1686 1728 1757 1781 τὰ

190 1808 332 1875 πάθη
363 1810 579 1864 πάντων
603 1811 699 1864 καὶ
725 1811 917 1876 ὀδύνας
951 1813 1139 1883 σαφῶς
1167 1816 1615 1888 θεραπεύσαντα.

261 2012 472 2085 Ὠφθης
521 2014 791 2081 ἄφλεκτος
838 2017 1096 2085 τεκοῦσα,
1127 2020 1391 2090 πάναγνε,
1420 2022 1497 2086 ὡς
1545 2021 1760 2094 άληθῶς

191 2105 250 2158 τὸ
276 2105 390 2177 πῦρ
418 2107 515 2176 τῆς
542 2108 806 2179 Θεότητος
835 2125 850 2141 ο
870 2110 968 2181 ριὸ
995 2112 1063 2165 τὰ
1092 2112 1266 2184 ὑλώδη
1300 2131 1401 2184 μου
1434 2115 1604 2185 πάθη,
1633 2114 1760 2168 Θεο-

189 2198 414 2270 κυῆτορ,
457 2198 670 2269 φλέξον,
694 2202 772 2267 ὡς
798 2204 1091 2276 συμπαθὴς
1124 2205 1220 2259 καὶ
1249 2206 1581 2277 φιλάγαθος.

264 2379 625 2447 Συμπαθείας
653 2380 754 2449 τῆς
788 2380 890 2451 σῆς
933 2400 999 2453 με
1053 2384 1304 2451 ἀξίωσον,
1331 2386 1620 2459 συμπαθὴς
1669 2389 1764 2441 καὶ

190 2469 459 2537 φιλάγαθε
497 2471 899 2534 Δέσποινα,κα“ι
939 2473 1039 2542 τῆς
1076 2475 1297 2543 γεέννης
1351 2476 1510 2547 ῥῦσαί
1539 2495 1626 2547 με,
1656 2480 1754 2531 καὶ

188 2561 284 2612 τοῦ
334 2561 562 2625 σκότους
588 2564 798 2617 ἐκείνου
843 2563 939 2617 τοῦ
983 2565 1271 2637 ὲξωτέρον,
1319 2567 1405 2622 ἶνα
1442 2568 1620 2623 πίστει
1672 2571 1764 2623 καὶ

190 2653 337 2720 πόθῳ
360 2656 607 2727 γεραίρω
637 2673 716 2710 σε.

253 2745 469 2814 Φθορὰν
502 2746 576 2816 μὴ
593 2747 903 2819 γνωρίσασα
932 2750 1147 2820 ἀνδρὸς,
1166 2751 1255 2805 τὸν
1272 2734 1547 2822 ἄφθαρτον
1574 2754 1630 2805 ὲν
1664 2772 1759 2824 νη-

195 2836 281 2890 δύϊ
306 2838 623 2904 ὑποδέδεεαι
646 2841 819 2908 Λόγον
847 2844 995 2912 ἡμᾶς
1027 2845 1477 2915 καταφθαρέντας
1506 2849 1765 2917 ῥυόμενον

188 2929 402 2992 πολλοῖς
437 2931 868 3001 παραπτώμασι,
895 2932 970 3004 τῷ
990 2935 1153 2988 πάθει
1194 2936 1295 3006 τῆς
1318 2936 1596 3007 ἀφθάρτου
1629 2954 1764 3009 σαρ-

190 3021 282 3085 κὸς
312 3020 509 3086 αὑτοῦ,
531 3021 736 3093 ἄφθορὲ
766 3024 901 3095 μόνη
937 3026 1341 3098 παναμώμητε.

1854 630 2119 687 latissima
2155 647 2168 685 :
2202 640 2393 698 quare-
2425 635 2684 696 tanquam
2722 625 2868 679 illius
2900 622 3124 680 Matrem
3163 631 3216 677 te
3250 638 3414 679 vene-

1856 740 2064 778 I'DIIHII‘.

1928 814 2190 872 Paternos
2243 818 2399 872 sinus
2439 829 2547 870 non
2587 812 3005 880 derelinquens,
3055 811 3109 863 in
3144 807 3267 863 sinu
3319 815 3414 861 tuo

1856 909 2105 963 reclinari
2141 918 2393 976 tanquam
2441 920 2614 960 novus
2654 904 2832 959 infans
2867 903 2969 958 sibi
3001 900 3350 972 complacuit,
3386 915 3417 952 ο

1864 1000 2047 1071 Virgo,
2076 1010 2133 1054 ut
2164 1001 2375 1055 animas
2409 1008 2625 1053 nostras
2657 996 2720 1049 ad
2753 1010 2812 1048 se
2872 1002 3152 1048 revocaret
3181 1010 3195 1046 :
3227 1006 3421 1061 quam-

1857 1094 2043 1147 obrem
2066 1108 2164 1147 uos
2179 1092 2351 1146 eidem
2387 1091 2682 1146 clamantes
2726 1086 2884 1157 166
2909 1085 3178 1141 dicimus:
3208 1082 3415 1146 Gloria,

1857 1186 2092 1250 Clu-iste,
2121 1185 2305 1239 virtuti
2336 1198 2459 1239 tum.

1930 1276 2219 1331 Nobiscum
2247 1276 2422 1331 factus
2450 1275 2718 1331 Salvator.
2754 1284 2975 1342 propter
3005 1284 3163 1327 suam
3205 1267 3419 1326 miseri-

1859 1368 2125 1432 cordiam,
2155 1383 2217 1422 ex
2251 1367 2425 1423 sacris
2474 1365 2831 1435 sanguinibus
2882 1363 3015 1425 tuis,
3064 1375 3224 1427 supra
3273 1372 3420 1411 ιιιοιι-

1864 1459 1933 1512 tis
1964 1468 2203 1527 captum,
2238 1463 2560 1522 corporatus
2593 1463 2696 1515 est.
2733 1470 2764 1509 o
2799 1451 3303 1510 imrnaculatissima
3329 1464 3343 1515 ;
3372 1456 3421 1502 et

1862 1563 2070 1604 amator
2104 1549 2409 1610 bomiumn,
2443 1547 2582 1601 Deus
2611 1557 2665 1602 et
2697 1548 2858 1601 homo
2891 1544 3257 1615 cognoscitur.

1935 1642 2179 1696 Liberata
2215 1650 2299 1695 est
2352 1638 2457 1693 Eva
2488 1655 2515 1694 a
2547 1639 2847 1703 doloribus,
2882 1637 3122 1706 pariente
3150 1644 3224 1697 te,
3265 1649 3296 1688 ο
3325 1649 3424 1703 pu-

1864 1736 2118 1798 rissima,
2162 1736 2281 1788 sine
2341 1734 2449 1787 ullo
2502 1732 2690 1787 dolore
2753 1730 3035 1787 Christum
3110 1729 3278 1785 Deum
3336 1742 3433 1782 no-

1863 1838 2059 1888 strum,
2092 1824 2184 1893 qui
2219 1823 2501 1893 passiones
2530 1830 2587 1876 et
2615 1821 2830 1878 dolores
2862 1821 3111 1878 omnium
3143 1817 3433 1875 manifeste

1800 1913 1843 1968 Β
1868 1920 2101 1973 curavit.

1934 2014 2279 2070 lucombusta
2320 2012 2690 2085 permansisti,
2721 2028 2753 2066 o
2782 2010 3115 2073 castissima,
3140 2006 3428 2062 verissime

1864 2104 2093 2161 Deitatis
2147 2106 2327 2176 ignem
2363 2105 2564 2170 enixa;
2616 2113 2898 2174 propterea
2932 2103 3246 2170 passionum
3282 2115 3433 2153 mea-

1862 2212 1982 2252 rum
2014 2197 2218 2269 sylvam
2246 2197 2526 2259 combure,
2553 2210 2586 2251 ο
2614 2194 2965 2267 υρίεριιὶιιίι,
3004 2202 3260 2257 tanquam
3286 2205 3435 2245 com-

1866 2291 2095 2361 patiens,
2123 2306 2188 2346 ac
2214 2292 2481 2345 bonorum
2507 2289 2762 2343 amatrix.

1931 2381 2322 2452 Compassione
2350 2392 2440 2435 tua
2469 2382 2687 2451 dignum
2715 2395 2799 2434 me
2824 2378 2932 2440 fac.
2963 2392 2995 2431 o
3024 2377 3253 2431 Domina
3285 2389 3422 2431 como

1866 2475 2098 2543 patiens,
2130 2487 2193 2527 ac
2225 2473 2490 2527 bonorum
2542 2472 2796 2535 amatrix,
2822 2479 2878 2525 et
2904 2485 2934 2524 a
2976 2470 3222 2539 gcltenna
3273 2475 3433 2536 atque

1864 2580 1894 2618 a
1925 2564 2162 2619 tenebris
2199 2564 2305 2619 illis
2337 2565 2705 2619 exterioribus
2735 2564 2904 2619 libera
2936 2578 3043 2626 me,
3074 2570 3131 2615 ut
3160 2575 3285 2616 cum
3323 2560 3430 2613 llde

1863 2668 1918 2712 et
1946 2656 2139 2711 aﬂ'ectu
2174 2670 2404 2711 venerer
2430 2666 2501 2712 te.

1940 2747 2051 2803 Viri
2109 2750 2514 2819 corruptionem
2576 2750 2880 2820 ignorans,
2951 2744 3186 2800 Verbum
3250 2743 3432 2797 incor-

1867 2841 2121 2912 ruptibile
2176 2841 2229 2896 in
2282 2852 2440 2897 utero
2500 2840 2825 2911 susnepisti,
2884 2839 3028 2908 quod
3089 2853 3188 2892 nos
3248 2834 3435 2891 multis

1869 2934 2113 3002 peccatis
2143 2941 2455 3002 corruptos,
2491 2934 2743 3002 passione
2788 2929 3221 3000 im-orruptibilis
3250 2925 3435 2981 carnis

1867 3040 1980 3080 sua:
2007 3024 2235 3089 liberat,
2290 3039 2324 3079 ο
2353 3024 2669 3093 incorrupta
2712 3023 2828 3078 sola
2860 3022 3008 3076 omni
3042 3019 3199 3076 laude
3227 3018 3439 3088 dignis-

1869 3131 2026 3170 Sllllﬂ.

795 3266 953 3337 167
984 3265 1067 3322 Ex
1116 3267 1328 3322 Catiane
1374 3270 1428 3323 in
1462 3268 1521 3324 S.
1574 3272 1836 3325 Andream
1891 3274 2161 3327 ductorem
2233 3273 2536 3336 exercitus,
2580 3272 2660 3324 die
2695 3270 2782 3324 ΞΟ.

1240 3382 1388 3438 Idem
1423 3391 1507 3439 est
1532 3399 1656 3441 cum
1696 3388 1992 3455 superiori,
2029 3388 2093 3442 ad
2122 3388 2263 3442 diem
2295 3387 2380 3441 1‘}.

201 3522 293 3597 Ἐκ
343 3520 491 3597 τοῦ-
527 3522 795 3597 Κυνὼ-ος
840 3524 933 3597 εις
972 3522 1090 3597 Δτόν
1159 3524 1333 3597 ἅγιον
1408 3529 1759 3584 ἀπόστολον

1868 3526 1951 3581 Ea:
1985 3528 2197 3584 Catiane
2227 3529 2426 3597 duplici
2476 3529 2529 3580 in
2562 3529 2692 3595 festo
2732 3525 2788 3580 S.
2823 3524 3077 3597 Tlmddnu
3110 3520 3356 3592 apostoli,
3383 3531 3432 3574 et

254 3590 601 3730 ἓῖἕὲἆιῖριν,
644 3593 741 3646 καὶ
795 3592 910 3660 τὴν
950 3593 1129 3648 ἀνίαν
1171 3590 1446 3666 μάρτυρα
1480 3599 1758 3669 Βάσσην,

526 3668 596 3715 α’.

368 3668 455 3729 ‘pg
489 3668 596 3715 κα⁶.

256 3777 533 3831 Δέσποινα
581 3776 689 3829 τῶν
730 3779 985 3833 ἁπάντων
1031 3779 1220 3853 ὤφθης
1250 3784 1359 3837 τῶν
1419 3788 1757 3858 κτισμάτων,

188 3869 277 3921 τδν
310 3869 647 3934 δεσπόζοντα
693 3871 1023 3943 ἀπορῤήτως
1052 3875 1306 3943 τεκοῦσα,
1342 3877 1569 3932 Θεοτόκε
1611 3881 1759 3952 Παρ-

188 3962 305 4016 θένε
339 3962 684 4032 πανύμνητε.

255 4055 563 4119 Συνέλασες
593 4057 766 4124 Λόγον
797 4058 889 4110 τὸν
919 4058 1016 4112 τοῦ
1049 4060 1261 4131 Πατρὸς
1292 4062 1516 4118 ἄνευθεν
1538 4064 1759 4131 ὠδίνων,

188 4147 455 4216 παναγία,
481 4145 593 4200 τῶν
626 4148 1047 4217 μητρικῶν,καὶ
1091 4152 1280 4204 τοῦτον
1321 4152 1576 4224 ἀρρήτως
1624 4154 1763 4225 ὑπὲρ

188 4240 343 4307 λόγον
362 4242 447 4302 είς
475 4240 756 4309 σωτηρίαν
781 4239 941 4310 ἡμῶν
982 4241 1320 4313 ἀπεκύησας.

254 4414 449 4484 Νόμου
508 4413 951 4483 προχαρῶίματα
994 4416 1090 4469 καὶ
1121 4415 1413 4487 προφητῶν
1444 4418 1637 4486 φωναὶ,
1668 4418 1763 4470 Δέ-

188 4522 406 4569 σποινα,
439 4505 538 4558 σοῦ
570 4505 661 4558 τὸν
700 4506 927 4577 φρικτὸν
954 4508 1109 4561 τόκον
1130 4508 1418 4581 ἀριδήλως,
1456 4510 1760 4581 Θεομῆτορ,

187 4598 491 4667 ἐδήλωσαν.

251 4689 622 4759 Νεκρωθέντα
662 4708 727 4759 με
774 4690 973 4760 βρώσει
1033 4694 1319 4763 παρακοῆς
1356 4693 1587 4759 ἔσωσας,
1624 4696 1760 4765 μόνη

183 4782 280 4853 τὴν
302 4782 456 4852 ζωὴν
476 4784 726 4835 τετοκυῖα
741 4782 837 4853 τὴν
853 4784 1229 4849 ἐνυπόστατον,
1247 4787 1395 4856 Κόρη
1422 4789 1725 4858 πανάμωμε
1744 4804 1759 4819 ·

2213 3596 2409 3653 sancta:
2456 3599 2635 3652 Bassa:
2666 3608 2846 3658 mart.,
2878 3597 2962 3650 die
2993 3596 3083 3648 2|.

1937 3778 1981 3834 Ο
2012 3778 2238 3850 Deipara
2265 3777 2448 3847 Virgo,
2466 3775 2616 3831 omni
2635 3774 2793 3829 laude
2814 3772 3138 3828 celebranda
3154 3813 3167 3837 ,
3187 3767 3432 3823 omnium

1868 3882 2239 3926 creaturarqu
2266 3869 2495 3923 Domina
2527 3867 2669 3923 facta
2708 3881 2792 3930 es,
2822 3879 2947 3920 cum
2974 3862 3264 3918 Dominum
3291 3859 3432 3915 inef-

1870 3963 2105 4017 fabiliter
2136 3961 2415 4032 peperisti.

1939 4054 2176 4109 Verbum
2235 4052 2411 4108 Patris
2473 4053 2592 4107 sine
2643 4049 2901 4105 maternis
2962 4044 3243 4101 doloribus
3304 4056 3435 4096 con-

1869 4148 2102 4216 cepisti,
2147 4161 2179 4199 o
2227 4145 2615 4207 sanctissima;
2681 4151 2843 4210 atque
2898 4138 3030 4193 illud
3088 4134 3436 4190 inell‘abiliter

1870 4253 2031 4306 supra
2074 4235 2221 4291 verbi
2282 4242 2601 4303 conceptum
2640 4232 2691 4285 in
2742 4231 2971 4285 salutem
3033 4236 3279 4282 nostram
3330 4239 3428 4295 pe-

1869 4327 2078 4397 peristi.

1938 4419 2310 4474 Praecedentes
2342 4418 2476 4488 legis
2512 4417 2716 4486 ﬁgurae,
2749 4425 2804 4470 et
2821 4415 3207 4484 prophetarum
3242 4423 3431 4472 voces,

1871 4513 2208 4569 tremendum
2243 4520 2456 4583 partum
2489 4518 2644 4565 tuum
2682 4507 2971 4564 manifeste
3000 4504 3374 4568 declarabant,
3402 4517 3436 4557 ο

1870 4605 2117 4668 Domina,
2152 4604 2244 4659 Dei
2286 4604 2476 4657 Mater.

1942 4698 2022 4751 Me
2050 4698 2120 4752 ob
2148 4706 2421 4765 gustatum
2476 4692 2855 4747 iuobedientiae
2904 4691 3087 4745 cibum
3130 4688 3241 4757 jam
3290 4701 3436 4740 mor-

1872 4803 2021 4845 tuum
2058 4790 2300 4852 salvasti,
2339 4787 2498 4857 168
2523 4802 2555 4839 ο
2589 4786 2765 4855 puella
2818 4781 3266 4838 innocentissima
3298 4777 3434 4851 (70),

255 4961 371 5030 (70)
414 4960 641 5034 Gabriel
668 4960 778 5015 Biel
806 4961 1138 5034 scholastica
1164 4962 1411 5017 doctrina
1444 4973 1498 5017 et
1528 4965 1764 5033 antiqui-
1795 4971 1838 5025 ι)
1870 4973 2012 5025 runt,
2041 4972 2088 5017 et
2117 4975 2263 5034 egent
2310 4962 2500 5034 glorier
2526 4960 2642 5034 Dei,
2670 4960 2829 5034 Rom.
2864 4974 2922 5034 ιι,
2957 4978 2975 5010 ι
3013 4958 3108 5034 sed
3135 4955 3435 5034 _justi_f_ica-

189 5041 294 5086 tate
320 5032 586 5095 ct-Iebris,
632 5032 685 5085 in
727 5047 891 5087 serat.
923 5032 978 5097 2,
1013 5034 1079 5086 de
1108 5034 1477 5100 conceptione.
1521 5032 1765 5088 scribens

186 5108 251 5156 de
277 5103 333 5155 Β.
371 5101 603 5171 Virgine
637 5111 892 5170 tauquam
923 5106 988 5156 de
1021 5104 1249 5158 muliere
1280 5103 1428 5167 forti,
1459 5105 1543 5159 bis
1585 5106 1763 5159 verbis

186 5173 303 5241 ejus
327 5173 704 5227 innocentiam
742 5173 1037 5227 lectoribus
1076 5184 1425 5243 repraesentat
1460 5193 1472 5226 :
1517 5194 1534 5225 ι
1567 5174 1762 5229 Procul

187 5244 249 5299 de
272 5243 492 5298 ultimis
518 5244 716 5312 liuilvus
751 5244 983 5311 pretium
1021 5244 1161 5312 ejus.
1207 5263 1227 5295 ι
1258 5244 1513 5299 Proverb.
1549 5247 1758 5305 uitium.

192 5314 578 5371 «innocentia
606 5310 729 5365 linis
754 5310 846 5366 est
885 5310 1103 5367 humani
1134 5315 1370 5383 generis,
1407 5332 1530 5369 nam
1576 5316 1645 5369 ab
1680 5316 1765 5368 in-

189 5385 447 5440 nocentia
504 5383 831 5451 principium
879 5384 1131 5452 sumpsit.
1168 5387 1226 5437 ln
1264 5385 1573 5440 innocentia
1614 5387 1760 5439 enim

186 5464 404 5508 erratos
435 5463 525 5508 est
573 5453 765 5518 Adam,
804 5452 871 5507 ad
917 5455 1281 5508 innocentiam
1323 5456 1487 5510 etiam
1537 5454 1765 5509 reduce.

192 5534 456 5603 tur,_cunt
502 5535 695 5603 omnes
722 5525 1087 5603 pratd‘estiuati
1111 5524 1246 5603 illuc
1261 5535 1629 5603 assumantur,
1655 5540 1764 5603 quo

190 5594 320 5666 nihil
368 5592 683 5666 ingreditur
727 5592 1089 5663 inquinatum.
1124 5595 1204 5648 Ab
1236 5596 1318 5650 bis
1353 5596 1536 5666 itaque
1577 5592 1767 5650 termi-

190 5663 292 5727 nis,
343 5665 465 5719 sive
520 5662 742 5727 linibus,
785 5662 816 5716 a
849 5678 957 5732 quo
982 5677 1036 5718 et
1084 5666 1148 5719 ad
1194 5682 1378 5733 quem,
1410 5662 1462 5720 id
1491 5677 1574 5721 est
1610 5668 1767 5720 inno-

192 5736 389 5805 centia.
436 5734 759 5805 qui‘prorul
804 5746 929 5788 sunt
960 5750 989 5788 a
1016 5738 1229 5790 caeteris
1272 5738 1604 5801 hominibus,
1640 5755 1765 5805 pre—

192 5804 323 5859 tium
348 5801 521 5876 hujus
540 5801 851 5876 fortissima:
871 5805 1113 5861 mulieris
1138 5818 1453 5861 cmterorunt
1485 5801 1762 5860 hominum

192 5887 477 5944 peccatum
512 5889 625 5929 nou
650 5875 717 5931 de
738 5876 1069 5941 innocentia,
1100 5880 1224 5947 quia
1266 5897 1282 5930 ι
1322 5895 1496 5932 omnes
1524 5894 1764 5948 peccare-

1873 5037 2019 5088 tione
2053 5026 2175 5103 post
2200 5026 2428 5103 lapsum.
2461 5031 2632 5102 Ilujus
2675 5032 2842 5103 solius
2872 5029 2939 5084 de
2975 5028 3180 5103 ultimis
3211 5026 3433 5090 linibus,

1872 5106 1922 5158 id
1957 5100 2390 5159 cst—innocentia
2414 5142 2431 5167 ,
2482 5100 2624 5156 recte
2656 5102 2890 5169 pretium
2943 5100 3239 5169 attollitur,
3269 5112 3429 5169 quam

1870 5176 2014 5228 nulla
2071 5189 2332 5243 unquam,
2367 5166 2466 5227 nec
2512 5166 2814 5240 originalis,
2853 5185 2951 5223 nec
2997 5168 3245 5243 actualis
3273 5166 3431 5243 culpa

1871 5234 2179 5300 maculavit:
2233 5234 2456 5312 Propter
2495 5234 2638 5311 quod
2680 5244 2841 5295 etiam
2884 5241 3106 5309 angelus
3139 5254 3168 5312 a
3213 5236 3322 5312 Deo
3358 5234 3434 5312 ad

1824 5325 1830 5332 '
1869 5316 2008 5369 hanc
2039 5308 2593 5369 tltcotocon'missus.
2628 5312 2695 5367 ab
2732 5312 2851 5379 ejus
2897 5308 3201 5363 inuereutia
3245 5308 3433 5379 laudes

1865 5399 2089 5441 exorsus
2134 5395 2218 5440 cst
2250 5403 2263 5439 :
2298 5387 2400 5437 Are
2432 5396 2442 5407 '
2498 5383 2643 5452 quod
2696 5375 3140 5452 interpretatum_
3174 5388 3281 5452 est,
3317 5375 3436 5429 sine

1867 5470 1966 5520 vae,
2007 5457 2193 5525 utique
2222 5454 2445 5525 maculae.
2472 5445 2715 5525 culpae.)
2751 5445 3007 5525 Sic'ADiel.
3041 5447 3143 5514 Qui
3173 5458 3225 5500 et
3250 5445 3430 5525 Serm:

1867 5525 1920 5586 5.
1954 5514 2156 5580 subdit
2196 5544 2209 5579 :
2261 5542 2277 5575 ι
2326 5514 2631 5592 Οριιοιιίιιιν
2666 5524 2791 5577 Erae
2847 5521 3017 5594 Maria
3064 5531 3327 5594 quantum
3360 5514 3435 5594 ad

1870 5598 2195 5664 personalia.
2227 5606 2276 5649 et
2299 5588 2564 5663 quantum
2606 5594 2671 5664 ad
2712 5592 3115 5664 propagationis
3144 5588 3431 5656 principia.

1867 5662 2141 5731 Quantum
2166 5666 2230 5719 ad
2256 5664 2584 5734 personalia,
2612 5663 2664 5716 id
2696 5671 2780 5734 est
2809 5662 3023 5731 propria
3054 5670 3433 5733 personarum,

1868 5740 1984 5792 sive
2005 5748 2160 5792 actus
2188 5732 2519 5805 personales,
2546 5732 2668 5787 Eva:
2698 5732 2865 5786 Maria
2892 5738 3204 5805 opponitur,
3238 5741 3345 5781 tam
3379 5732 3431 5776 tn

1868 5824 2053 5862 earum
2098 5802 2467 5875 productione,
2516 5820 2679 5874 quam
2727 5807 2780 5857 in
2826 5802 3269 5875 conversatione,
3298 5811 3433 5875 quo-

1872 5881 2013 5933 niam
2046 5869 2149 5932 Eva
2206 5880 2271 5933 de
2325 5869 2503 5932 masSa
2536 5869 2902 5936 innocentiae,
2982 5884 3133 5928 costa
3189 5869 3430 5924 videlicet
