4166 6458
729 435 861 500 1179

726 645 956 698 formam
991 651 1231 697 nostram
1259 654 1324 692 ex
1352 647 1423 701 te,
1460 636 1711 698 Domina,
1737 638 2032 707 accipiens.
2060 637 2293 691 circurn-

728 736 1078 802 seriptionem
1135 732 1313 802 quoad
1368 744 1568 798 corpus
1607 729 1890 793 suscepit,
1944 727 2192 798 cognitus
2239 728 2293 782 in

726 830 937 883 duabus
976 826 1298 880 substantiis
1325 864 1339 887 ,
1376 838 1440 876 ac
1475 822 1871 875 voluntatibus.

798 920 931 974 Cum
980 917 1122 973 Deus
1154 918 1205 970 in
1235 916 1415 969 medio
1448 915 1523 970 tui
1568 924 1824 983 tanquam
1857 916 1907 966 in
1945 911 2295 967 tabernaculo

730 1014 1041 1073 habitasset,
1081 1026 1146 1063 eo
1199 1009 1361 1063 modo
1404 1023 1510 1076 quo
1581 1008 1693 1076 ipse
1740 1006 1922 1071 novit,
1959 1004 2296 1075 virginitatis

727 1105 962 1156 claustra
1002 1117 1106 1156 non
1170 1100 1505 1161 eonnnovit,
1540 1114 1573 1152 ο
1623 1108 1821 1153 casta:
1866 1108 2031 1166 atque
2081 1097 2134 1149 in
2189 1095 2296 1148 im-

728 1199 914 1254 mobili
971 1197 1093 1252 tidei
1151 1207 1300 1268 petra
1346 1196 1633 1248 universos
1702 1192 1861 1261 170
1916 1189 2179 1246 stabilivit
2234 1203 2297 1242 ac

734 1290 1002 1347 l'undavit.

802 1383 903 1447 Qui
939 1379 1185 1437 ascendit
1222 1393 1385 1448 supra
1424 1378 1683 1433 humeros
1703 1377 2021 1437 Cherubim,
2045 1376 2300 1428 incarna-

731 1485 819 1528 tus
852 1486 1110 1542 tanquam
1146 1472 1311 1525 homo
1342 1487 1406 1524 ex
1445 1480 1514 1534 te,
1548 1486 1614 1524 eo
1644 1471 1829 1532 modo,
1860 1486 1972 1539 quo
2007 1468 2169 1519 Deum
2203 1466 2301 1520 de-

729 1570 914 1630 Cebat,
940 1566 1048 1620 tuis
1080 1565 1283 1619 insedit
1313 1564 1455 1617 ulnis
1482 1565 1629 1617 velut
1662 1563 1865 1627 infans,
1898 1571 1953 1616 et
1982 1560 2205 1614 infantis
2247 1561 2298 1611 in

732 1676 935 1712 morem
972 1673 1030 1711 se
1083 1658 1272 1727 gessit,
1306 1663 1364 1707 ut
1397 1655 1633 1723 primum
1667 1663 1969 1724 parentem.
2018 1654 2110 1723 qui
2167 1652 2298 1705 olim

732 1750 1059 1804 infantiliter
1089 1748 1294 1817 sapuit,
1333 1747 1590 1801 salvarel.

808 1841 860 1893 In
881 1854 931 1893 te
958 1839 1237 1892 descendit
1260 1845 1517 1905 tanquam
1553 1836 1748 1901 imber,
1768 1837 1997 1907 ahyssus
2023 1835 2304 1901 sapientitp.

1854 434 1915 493 S.
1954 434 2264 492 JOSEPIII
2309 435 2864 496 HYMNOGRAPHI

793 552 897 619 Qui
948 548 1247 604 secundum
1307 554 1554 598 natm-am
1604 552 1686 597 est
1736 543 2286 612 incircumscriptus,
2320 558 2360 607 Α

2479 548 2538 602 '0
2585 550 2722 602 κατὰ
2771 548 2934 619 φύσιν
2964 548 3375 620 ἀπερίγραπτος
3424 547 3732 614 μορφωθεὶς
3771 549 3835 601 ἐκ
3869 548 3967 601 σοῦ

2393 645 2455 689 τὸ
2503 638 2771 707 ἡμέτερον
2836 637 3185 707 περιγραφὴν
3239 636 3567 705 σωματικῶς
3629 636 3965 703 ὑπεδέξατο,

2394 730 2682 795 Δέσποινα,
2713 731 2771 782 ὲν
2801 729 3014 792 οὐσίαις
3047 729 3143 782 καὶ
3183 727 3437 799 θελήσεσι
3469 728 3671 792 διτταῖς
3701 729 3971 801 γνωριζό-

2398 836 2580 889 μενος.

2478 915 2537 967 '0
2567 914 2699 976 Θεὸς
2726 915 2784 967 ὲν
2818 913 2969 983 μέσῳ
3005 931 3099 967 σου
3135 911 3567 980 κατασκηνώσας
3600 910 3675 974 ὡς
3702 908 3835 976 οἶδε,
3866 913 3966 982 τῆς

2400 1006 2696 1077 παρθενίας
2744 1005 2967 1076 κλεῖθρα
2995 1008 3057 1060 οὐ
3089 1007 3517 1075 παρεσάλευσεν,
3558 1003 3717 1074 ἁγνὴ,
3754 1006 3813 1056 ὲν
3835 1002 3971 1055 ἀσαο

2397 1100 2572 1171 λεύτῳ
2605 1102 2782 1172 πέτρᾳ
2808 1099 2865 1153 δὲ
2891 1100 2989 1170 τῆς
3020 1100 3257 1162 πίστεως
3289 1098 3499 1161 πάντας
3533 1098 3859 1168 ἑστερέωσε.

2480 1368 2540 1417 '0
2582 1364 2769 1429 νώτοις
2815 1364 3134 1423 ἐπιϐαίνων,
3171 1362 3333 1432 ἀγνη,
3382 1358 3723 1432 χερουϐικοτς
3756 1375 3977 1428 σαρκωο

2404 1459 2514 1521 θεὶς
2574 1457 2650 1520 ὡς
2718 1459 3004 1525 ἄνθρωπος
3058 1457 3122 1508 ἐκ
3182 1453 3278 1507 σοῦ
3333 1452 3686 1521 θεοπρεπῶς,
3762 1450 3859 1503 σοῦ
3917 1451 3976 1503 ἐν

2402 1551 2670 1620 ἀγκάλαις
2732 1548 3023 1614 καθέζεται
3088 1547 3277 1617 ὥσπερ
3345 1544 3577 1616 βρέφος,
3626 1543 3724 1596 καὶ
3772 1543 3975 1612 νηπιά-

2403 1647 2484 1709 ζει
2523 1644 2859 1714 νηπιόφρονα
2887 1644 2979 1695 τὸν
3006 1640 3176 1695 πάλαι
3212 1640 3399 1703 σώζων
3445 1637 3709 1707 γεγονότα
3754 1635 3975 1706 πρωτὸ-

2406 1738 2662 1791 πλαστον.

2487 1830 2614 1885 Ἐπὶ
2664 1829 2721 1882 σὲ
2768 1828 3019 1896 καθάπερ
3059 1824 3263 1896 ὄμϐρος
3314 1826 3413 1894 τῆς
3458 1821 3648 1890 σοφίας
3676 1823 3710 1892 ή
3739 1819 3977 1882 ἄϐυσσος

730 1930 912 1990 Jesus.
947 1946 1069 1981 eum
1110 1938 1160 1983 te
1188 1928 1359 1983 solam
1399 1944 1588 1997 puram
1625 1927 1945 1988 invenisset,
1972 1942 2005 1981 ο
2033 1927 2122 1980 Dei
2156 1926 2304 1994 getti-

2419 1923 2626 1994 Ἰησοῦς
2655 1920 2892 1992 κατῆλθε
2923 1920 3092 1989 μόνην
3117 1917 3364 1987 καθαρὰν
3400 1916 3460 1967 σὲ
3490 1915 3811 1985 εὑράμενος,
3848 1912 3979 1964 Θεο-

736 2025 841 2076 trix
896 2019 1097 2090 Virgo;
1149 2031 1201 2075 et
1258 2022 1615 2089 gravissimos
1680 2021 1975 2089 impietatis
2033 2028 2305 2073 torrentes

733 2116 913 2167 divina
947 2114 1116 2181 gratia
1152 2114 1428 2182 repressit,
1457 2124 1618 2181 atque
1652 2112 1924 2166 cohibuit.

802 2207 1109 2260 l’rtevidens
1142 2207 1195 2259 in
1233 2207 1424 2274 spiritu
1456 2206 1642 2258 divino
1683 2204 1852 2259 Isaias
1886 2202 2158 2257 mirabilia
2192 2211 2302 2263 tua,

742 2299 1087 2352 ixclamabat
1128 2319 1140 2354 :
1180 2298 1343 2361 Ecce,
1378 2311 1411 2351 o
1455 2296 1810 2350 Immaculata
1843 2295 1991 2363 (72),
2050 2296 2103 2348 in
2155 2304 2307 2347 utero

736 2392 959 2446 habt-bis
1020 2392 1367 2444 incarnatum
1426 2390 1621 2455 illum,
1659 2389 1814 2459 quia
1862 2390 2011 2442 nullo
2063 2387 2181 2456 capi
2213 2398 2308 2439 aut

735 2482 1121 2550 comprehendi
1156 2490 1352 2550 potest.

804 2574 1019 2629 Castam
1057 2583 1203 2627 casta
1238 2581 1419 2627 mente
1459 2588 1804 2639 veneremur,
1847 2572 2099 2627 decorem
2139 2569 2308 2625 Jacoh

736 2666 937 2718 divinis
972 2667 1186 2721 actibus
1221 2665 1572 2734 deeoremus,
1603 2682 1665 2721 ac
1698 2667 1952 2736 religiose
1998 2666 2311 2727 laudemus,

739 2765 925 2823 utpote
952 2754 1043 2809 Dei
1073 2758 1244 2812 nostri
1277 2756 1525 2811 Matrem.

808 2935 972 3000 Virgo
1023 2951 1311 3005 permanes
1345 2945 1634 3005 postquam
1692 2932 1971 2989 Christum
2026 2933 2305 3003 peperisti.

738 3027 878 3079 sicut
905 3041 1025 3079 eras
1066 3034 1258 3092 antea;
1292 3027 1431 3079 lacte
1462 3026 1641 3079 nutris
1676 3040 1825 3089 eum,
1858 3039 1889 3075 ο
1920 3032 2090 3088 easta,
2121 3037 2185 3075 ac
2215 3037 2306 3075 ve-

740 3120 1001 3178 tteranda,
1039 3117 1150 3185 .qui
1204 3132 1382 3171 escam
1437 3117 1633 3185 prabet
1688 3115 1979 3169 universis.
2009 3114 2052 3167 0
2089 3125 2309 3181 stupore

739 3209 960 3276 pltnutn
994 3218 1155 3276 atque
1203 3209 1750 3275 incomprehensiliile
1788 3208 2130 3261 miraculum.

807 3294 1051 3349 Genuisti
1084 3297 1257 3359 illum,
1283 3315 1314 3350 υ
1336 3308 1505 3360 casta,
1522 3314 1682 3366 quem
1708 3298 1863 3350 Pater
1883 3308 2008 3351 ante
2027 3296 2222 3351 saecula
2245 3296 2312 3347 ab

737 3398 941 3441 :eterno
976 3392 1253 3458 generavit
1286 3408 1298 3441 :
1337 3400 1390 3443 et
1427 3392 1683 3443 uberibus
1743 3390 1951 3443 lactasti
1995 3390 2173 3457 ipsum
2209 3405 2312 3441 nu-

739 3481 1002 3536 tritoreni.
1039 3480 1082 3536 Ο
1113 3484 1436 3537 miraculum
1468 3484 1739 3538 excedens
1772 3498 1987 3536 omnem
2039 3484 2308 3536 mentem!

737 3588 768 3627 0
800 3568 1112 3643 mysterium
1137 3590 1402 3643 superans
1432 3592 1648 3630 onmem
1683 3591 1989 3629 Sermonem
2015 3576 2027 3627 !

811 3662 952 3717 Deus
985 3678 1051 3718 ex
1084 3672 1135 3718 te
1168 3664 1343 3719 factus
1385 3675 1466 3719 est
1503 3666 1665 3718 homo
1699 3683 1713 3719 :
1747 3665 2025 3719 hominum
2075 3680 2310 3719 massam

737 3753 1022 3820 deiticasti,
1048 3771 1079 3808 ο
1110 3755 1367 3809 imiolata
1395 3773 1410 3821 ;
1449 3766 1765 3824 naturaeque
1804 3757 2000 3810 divina:
2028 3753 2313 3811 consortes

735 3846 962 3901 olfeciin
988 3860 1108 3911 eos,
1144 3847 1238 3915 qui
1278 3857 1329 3901 te
1365 3848 1576 3901 beatam
1608 3848 1903 3915 appellant,
1934 3862 1967 3900 o
1993 3862 2117 3900 vere
2150 3846 2313 3899 benc-

739 3939 885 3992 dicta
922 3939 1067 3993 inter
1098 3940 1382 4003 mulieres,
1419 3952 1471 3994 et
1511 3952 1679 3993 easta.

809 4029 884 4085 Te
916 4033 1152 4099 speciem
1186 4030 1353 4085 Jacob
1390 4033 1560 4086 solam
1604 4032 1763 4099 eli-git
1800 4030 1951 4085 solus
1983 4031 2073 4100 qui
2108 4030 2313 4083 habitat

738 4124 937 4187 malos;
976 4137 1209 4191 cumque
1251 4123 1302 4176 in
1348 4125 1523 4175 medio
1570 4124 1647 4175 tui
1687 4124 2015 4182 habitasset,
2048 4136 2081 4173 ο
2114 4124 2310 4173 intacta

739 4229 803 4269 ac
837 4214 1133 4277 benedicta,
1170 4230 1510 4285 nequaquam
1555 4216 1895 4270 labefactavit
1925 4217 2162 4269 claustra
2200 4216 2309 4266 vir-

740 4308 980 4375 ginitatis
1017 4318 1142 4361 tuae.

811 4400 1265 4465 'l‘abernaculmn,
1310 4411 1365 4455 et
1414 4414 1691 4465 mensam,
1730 4411 1783 4454 et
1812 4416 1993 4454 arcam
2044 4399 2308 4461 divinam.

737 4499 791 4543 et
845 4505 1037 4543 urnam
1095 4506 1294 4543 manna
1349 4493 1472 4544 vita:
1524 4492 1927 4555 continentem,
1979 4500 2031 4543 et
2068 4499 2307 4544 montem

2407 2016 2668 2086 γεννῆτορ
2700 2011 2964 2084 ιῐαρθένε,
2992 2009 3087 2062 καὶ
3111 2008 3444 2061 κατέκλυσεν
3474 2003 3727 2066 ἀσεϐείας
3748 2000 3981 2072 χειμαξιο

2409 2113 2534 2180 ρους
2567 2106 2773 2169 δεινοὺς
2802 2103 2924 2175 θείᾳ
2947 2101 3152 2173 χάριτι.

2477 2199 2579 2254 Σοῦ
2608 2198 2676 2251 τὰ
2705 2196 2985 2265 θαυμάσια
3023 2190 3405 2262 προορώμενος
3439 2188 3568 2257 θείῳ
3604 2188 3661 2238 ὲν
3691 2183 3974 2253 Πνεῦματι

2422 2292 2648 2354 Ἡσαΐας
2709 2285 3148 2359 ἁνεκραύγαζενο
3210 2282 3342 2335 Ἰδοὺ
3387 2282 3443 2334 ἐν
3485 2282 3673 2350 μήτρα
3700 2276 3842 2340 ἔξεις
3886 2275 3982 2326 τὸν

2409 2385 2693 2458 ἀχώρητον
2734 2378 3131 2452 σαρκούμενον,
3166 2376 3423 2447 ἇχραντε.

2478 2565 2590 2637 Τὴν
2635 2563 2808 2633 ἁγνὴν
2854 2560 3138 2630 ἁγνεύοντι
3185 2558 3514 2628 τιμήσωμεν
3562 2552 3663 2616 νοῒ,
3714 2551 3981 2620 καὶλονὴν

2408 2658 2507 2730 τὴν
2547 2655 2642 2711 τοῦ
2707 2654 2903 2709 Ἰακὼϐ
2944 2655 3064 2716 ταῖς
3113 2651 3315 2713 ἐνθέοις
3363 2647 3595 2718 πράξεσι
3647 2645 3980 2712 καλλυνόμε⁴

2409 2767 2525 2812 νοι,
2596 2744 2839 2809 εὐσεϐῶς
2892 2744 3225 2816 ὑμνήσωμεν
3269 2741 3344 2804 ὡς
3396 2737 3625 2809 Μητέρα
3693 2736 3787 2788 τοῦ
3843 2734 3982 2788 Θεοῦ

2408 2843 2440 2909 ἡ
2452 2839 2585 2919 μῷν.

2481 2917 2841 2997 Ιῐαρθενεύεις
2867 2926 2942 2989 ὡς
2964 2925 3026 2978 τὸ
3047 2924 3199 2993 πρὶν,
3228 2925 3323 2978 καὶ
3346 2922 3582 2977 τεκοῦσα
3605 2921 3697 2973 τὸν
3722 2917 3985 2987 Χριστὸν,

2410 3021 2693 3090 γαλουχεῖς
2713 3021 2851 3072 πᾶσι
2878 3018 3082 3090 τροφὴν
3109 3016 3202 3069 τὸν
3230 3016 3561 3086 παρέχοντα,
3598 3014 3757 3084 ἁγνή.
3789 3011 3980 3081 [Ιαρά-

2410 3114 2580 3180 δοξον,
2618 3112 2813 3185 σεμνὴ,
2846 3112 2907 3165 τὸ
2933 3111 3120 3183 θαῦμα
3150 3112 3244 3164 καὶ
3266 3110 3692 3180 ἀκατάληπτον.

2488 3291 2829 3362 Γεγέννηκας
2880 3290 2939 3341 ὃν
2999 3287 3187 3356 Πατὴρ
3255 3286 3362 3358 πρὸ
3417 3286 3629 3339 αἰώνων
3687 3283 3987 3352 γεγέννηκε

2416 3382 2793 3453 προανάρχως,
2850 3381 2943 3432 καὶ
2995 3380 3220 3447 μαστοῖς
3274 3377 3366 3430 τὸν
3412 3376 3615 3446 τροφέα
3651 3374 3971 3445 ἐθήλασας·

2417 3477 2556 3544 ὑπὲρ
2591 3472 2715 3527 νοῦν
2748 3472 2808 3525 τὸ
2840 3470 3047 3540 θαῦμα,
3099 3469 3239 3539 ὑπὲρ
3269 3469 3451 3537 λόγον,
3493 3467 3655 3537 ἁγνὴ,
3681 3467 3744 3520 τὸ
3775 3468 3991 3537 μυστή-

2459 3586 2555 3620 ιον.

2459 3586 2555 3620 ιον.

2419 3586 2450 3640 ρ
2484 3660 2614 3720 Θεὸς
2638 3659 2704 3711 ὲκ
2743 3656 2836 3710 σοῦ
2868 3656 3086 3724 ἐγένετο
3116 3654 3327 3725 βροτὸς,
3352 3653 3415 3706 τὸ
3441 3653 3693 3724 φύραμα,
3726 3650 3990 3723 ἄχραντε,

2416 3752 2626 3815 θεώσας
2676 3752 2786 3804 τῶν
2821 3749 3048 3820 βροτῶν.
3103 3748 3198 3801 καὶ
3248 3747 3538 3810 κοινωνοὺς
3590 3744 3805 3814 φύσεως
3838 3744 3993 3808 θείας

2415 3845 2705 3907 ἐκτελέσας
2735 3842 2859 3906 τούς
2887 3860 2946 3896 σε
2976 3839 3402 3912 μακαρίζοντας,
3429 3842 3487 3892 ὲν
3502 3839 3747 3909 γυναιξὶν
3762 3838 3985 3910 ἀληθῶς

2401 3938 2756 4006 εὐλογημένη
2784 3938 2945 4007 ἁγνή.

2488 4031 2553 4083 Σὲ
2580 4028 2841 4099 καλλονὴν
2876 4027 2970 4080 τοῦ
3016 4026 3211 4079 Ἰακὼϐ
3256 4026 3425 4095 μόνην
3458 4024 3741 4089 ἐξελέξατο
3770 4023 3933 4091 μόνος
3964 4023 3987 4074 ἐ

2416 4119 2685 4173 κατοικῶν
2733 4118 2860 4179 τοὺς
2890 4117 3149 4187 οὐρανοὺς
3196 4118 3288 4168 καὶ
3330 4116 3560 4184 οἰκήσας
3588 4116 3644 4166 ἐν
3677 4116 3829 4183 μέσῳ
3869 4131 3991 4175 σου,

2414 4209 2972 4282 ἄχραντεηοὺδαμῶς
3024 4208 3399 4279 παρεσάλευσε
3453 4207 3753 4278 παρθενίας
3788 4224 3883 4259 σου
3924 4211 3993 4259 τὰ

2415 4303 2662 4374 κλεῖθρα,
2704 4303 2899 4372 εὑλογη
2908 4303 3063 4372 μένη.

2485 4398 2700 4467 Σκηνήν
2736 4413 2817 4461 σε,
2846 4396 2939 4448 καὶ
2971 4395 3272 4465 τράπεζαν,
3306 4394 3398 4447 καὶ
3423 4392 3575 4447 θείαν
3608 4392 3863 4457 κιϐωτὸν,
3893 4395 4015 4445 aut"

2416 4490 2653 4561 στάμνον
2713 4490 3039 4558 χωρήσασαν
3098 4490 3158 4540 τὸ
3218 4488 3393 4556 μάννα
3467 4486 3567 4555 τῆς
3637 4485 3821 4552 ζωῆς,
3894 4487 3993 4537 καὶ

740 4591 988 4635 sanctum
1026 4589 1077 4635 te
1110 4582 1262 4651 171
1300 4582 1680 4648 nominamus;
1712 4597 1743 4636 ο
1775 4580 1939 4650 Virgo
1964 4582 2127 4636 Maria
2159 4598 2303 4637 sem-

2412 4582 2566 4649 ἆγιον
2613 4580 2736 4651 ὅρος
2774 4580 3143 4651 ὀνομάζομεν,
3197 4580 3439 4651 Παρθένε
3476 4581 3666 4649 Μαρία
3706 4580 3796 4632 ἀεὶ
3840 4579 3995 4633 εὐλο-

740 4690 835 4742 per
874 4676 1154 4729 benedicta
1191 4675 1325 4744 (73).

810 4809 923 4875 (79.)
964 4811 1062 4863 Per
1110 4810 1327 4884 titulam
1366 4812 1715 4866 t'nunaculata
1776 4814 1948 4884 magis
1992 4814 2302 4868 excluditur

741 4892 1019 4953 peccatum
1060 4882 1341 4953 originale,
1376 4900 1536 4947 quam
1574 4885 1797 4939 veniale.
1838 4882 1901 4937 ei
1943 4886 1990 4937 vi
2037 4896 2089 4936 et
2130 4886 2303 4953 signi-

743 4952 992 5023 tieatione
1031 4952 1263 5023 epitheti
1297 4955 1642 5006 immaculata
1678 4972 1688 5006 :
1726 4955 1925 5023 quippe
1958 4956 2168 5007 macula
2192 4952 2301 5008 ive-

741 5020 902 5074 nialis
935 5036 1042 5073 non
1084 5030 1167 5074 est
1204 5022 1338 5076 adeo
1372 5026 1605 5084 notoria.
1654 5036 1713 5078 ut
1740 5020 1935 5078 animat
1966 5025 2303 5091 Spiritualem

741 5091 1194 5157 pulchritudinem
1253 5091 1496 5146 demoliri
1550 5096 1860 5159 contendat,
1905 5096 2149 5164 adeoque
2207 5112 2307 5150 nec

744 5170 946 5235 tantam
980 5165 1391 5235 repugnantiam
1441 5164 1602 5218 habet
1639 5181 1761 5219 cum
1798 5181 1930 5218 voce
1981 5166 2140 5235 elogii
2201 5167 2308 5218 im-

742 5230 1034 5306 maculata.
1071 5230 1339 5286 Caeterum
1383 5244 1660 5302 peccatum
1725 5236 2006 5303 originale,
2057 5230 2179 5306 c'um
2218 5252 2310 5306 pe-

742 5300 888 5373 nitus
912 5315 1126 5373 omnem
1159 5306 1345 5371 gratiae
1373 5300 1625 5358 ornatum
1657 5300 1929 5373 explodat,
1955 5322 2077 5360 cum
2112 5300 2311 5360 decore

746 5372 1092 5445 immaculata
1140 5374 1362 5426 minime
1402 5388 1578 5443 potest
1627 5372 1951 5430 consistere.
1989 5376 2159 5444 Magis
2206 5377 2309 5445 igi-

742 5451 831 5495 tur
860 5441 1167 5514 veriticatur
1194 5441 1515 5513 signiﬁcatio
1548 5445 1711 5514 hujus
1742 5446 1890 5500 verbi
1940 5441 2310 5508 ίηιηιᾶειιιαῐη,

742 5526 839 5587 per
866 5513 1241 5587 expulsionem
1280 5518 1482 5587 peccati
1532 5513 1838 5584 originalis,
1880 5533 2044 5587 quam
2094 5532 2185 5587 per
2219 5534 2315 5570 ex—

740 5582 1043 5653 pulsionem
1066 5584 1316 5646 venialis.
1332 5585 1487 5652 juxta
1510 5582 1833 5640 sententiam
1857 5582 2101 5653 angelici
2120 5586 2316 5642 Docto-

744 5654 823 5707 ris
854 5652 982 5726 L2.
1016 5669 1069 5721 q.
1104 5654 1231 5707 8.9.
1282 5670 1332 5707 a.
1366 5657 1413 5709 1.
1467 5658 1517 5708 in
1543 5671 1591 5710 e.
1618 5658 1889 5713 dicentis:
1921 5652 1939 5709 ι
1969 5657 2201 5726 Proprie
2237 5659 2317 5711 lo-

743 5723 962 5804 quendo
1006 5736 1287 5792 peccatum
1333 5728 1541 5781 veniale
1583 5742 1693 5781 non
1727 5738 1916 5783 causat
1947 5723 2218 5783 maculam
2256 5730 2310 5782 in

741 5809 944 5847 anima.
979 5813 996 5845 ι

817 5865 928 5934 (75)
969 5865 1104 5919 Cum
1164 5866 1321 5920 fuerit
1372 5866 1410 5918 li
1467 5866 1630 5937 Virgo
1677 5868 1842 5922 Maria
1895 5885 2110 5940 semper
2144 5870 2312 5924 benc-

2421 4673 2655 4745 γημένη-

2404 4815 2571 4874 dicta,
2604 4801 2893 4865 t‘uit'etiani
2945 4813 3067 4866 talis
3125 4814 3176 4865 in
3226 4827 3323 4865 sua
3358 4811 3659 4875 creatione,
3686 4821 3738 4865 et
3787 4827 3993 4867 conse-

2406 4894 2637 4953 quenter
2679 4896 2808 4937 tunc
2842 4884 3280 4953 mali-dictionem
3316 4882 3525 4951 peccati
3556 4883 3843 4946 originalis
3874 4886 3992 4935 evi-

2409 4951 2554 5008 tavit.
2584 4952 2749 5006 Favet
2776 4954 3011 5007 Ecclesia
3041 4954 3093 5005 in
3128 4951 3495 5020 Responsorio
3522 4971 3550 5006 ν
3592 4953 3713 5006 festi
3734 4952 3991 5007 Circum~

2407 5025 2655 5085 cisionis,
2711 5025 2839 5077 dum
2899 5026 2973 5077 ait
3024 5041 3036 5077 :
3082 5043 3098 5073 ι
3136 5022 3198 5075 Ει
3254 5022 3535 5077 benedicta
3591 5025 3643 5075 in
3705 5034 3992 5087 teternuiu,

2412 5096 2577 5147 Deum
2613 5095 2772 5147 nobis
2804 5095 3027 5162 protulit
3051 5103 3105 5147 et
3132 5096 3429 5148 hominem.
3464 5114 3482 5145 ι
3517 5093 3681 5159 Quasi
3714 5096 3863 5147 dicat
3897 5092 3997 5147 Ec—

2414 5166 2580 5218 clesia
2622 5182 2635 5217 :
2673 5165 2806 5230 Quia
2857 5164 2919 5218 Β.
2955 5164 3115 5233 Virgo
3135 5166 3291 5218 nobis
3338 5165 3503 5217 Deum
3548 5166 3774 5233 protulit
3802 5175 3858 5218 et
3891 5164 3993 5216 ho-

2417 5237 2640 5299 minem,
2663 5235 2765 5289 t'uit
2794 5235 3076 5289 benedicta
3121 5235 3173 5286 in
3210 5246 3494 5288 aeternum.
3529 5236 3667 5299 Quid
3703 5244 3887 5288 autem
3914 5244 3996 5287 est

2420 5306 2696 5360 benedicta
2728 5306 2779 5358 in
2808 5320 3093 5365 aeternum,
3116 5305 3218 5359 nisi
3242 5321 3456 5374 semper
3483 5305 3789 5364 benedicta,
3814 5306 3863 5357 id
3886 5314 3989 5367 est,

2420 5378 2489 5429 ab
2546 5376 2704 5429 initio
2761 5390 2873 5429 suae
2934 5376 3229 5431 creationis
3288 5386 3342 5430 et
3371 5376 3668 5441 deinceps?
3713 5378 3993 5428 aeternitas

2421 5446 2566 5498 enim
2630 5447 2852 5513 respicit
2907 5460 3123 5499 omnem
3186 5446 3445 5515 temporis
3499 5445 3893 5509 diﬂerrmiarn,
3942 5454 3994 5496 et

2425 5516 2633 5568 nullum
2695 5526 3026 5569 momentum
3070 5518 3331 5585 temporis
3373 5516 3633 5585 excludit,
3677 5518 3771 5585 sed
3834 5531 3995 5567 omne

2425 5586 2649 5655 omnino
2676 5596 2733 5655 et
2774 5587 3014 5640 totaliter
3044 5584 3475 5655 comprehendit.
3507 5584 3647 5655 Ergo
3696 5584 3863 5638 Maria
3906 5587 3995 5636 lie-

2423 5654 2635 5709 nedicta
2669 5653 2769 5709 fuit
2820 5671 3055 5726 semper,
3088 5668 3138 5710 et
3172 5653 3223 5709 in
3261 5657 3409 5711 omni
3444 5653 3750 5710 dilleremia
3778 5667 3990 5726 tempo-

2423 5728 2521 5789 ris,
2578 5740 2685 5797 non
2729 5728 2903 5793 potuit
2944 5724 3072 5797 ergo
3132 5726 3413 5781 incurrere
3478 5738 3760 5796 peccatum
3823 5724 3993 5791 origi-

2424 5796 2567 5874 nale.
2600 5796 2849 5851 obstante
2884 5796 3053 5867 gratia
3091 5798 3498 5859 benedictionis,
3532 5812 3649 5867 quzc
3674 5798 3822 5850 illam
3857 5811 3993 5864 pra--

2423 5878 2588 5921 VCHIL
