4166 6458
244 430 377 495 1181

1678 436 2037 495 MARIALE.

3332 433 3472 498 1182

308 548 536 615 Εὐλογεῑ
596 514 775 601 πᾶσα.
804 544 977 608 κτίσις
1004 546 1095 599 τὸν
1146 545 1306 600 τόκον
1360 565 1475 615 σου,
1500 548 1804 617 εὐλογίαις,

1981 546 2310 601 Bcnedicunt
2357 561 2548 601 omnes
2596 557 2860 601 creaturae
2895 552 3109 615 partum
3165 554 3341 609 tuum,
3377 549 3471 615 qui

236 638 385 708 ἡμᾶς
417 637 862 705 στεφανώσαντα,
886 637 978 689 καὶ
1006 635 1104 707 τὴν
1130 636 1269 707 ἀρὰν
1307 637 1602 710 ὲξάραντα,
1634 655 1803 691 παντ-

238 730 496 798 ίυλόγητε
550 728 684 798 μόνη
714 725 1096 796 δεδοξασμένη,
1130 728 1163 796 ή
1190 724 1253 779 τὸ
1280 728 1432 795 γένος
1463 726 1619 799 ἡμῶν
1645 746 1806 800 χαρι-

235 835 485 872 τωσασα.

304 914 1043 985 Φιλαμαρτήμονα,γνώμην,
1078 914 1172 968 καὶ
1195 913 1519 985 ἀδιόρθωτον
1552 912 1685 982 βίον,
1713 914 1807 967 καὶ

235 1009 717 1079 πλημμελήσασαν
785 1005 1003 1077 ψυχὴν,
1076 1007 1170 1059 καὶ
1233 1007 1463 1076 καρδίαν
1548 1006 1807 1076 ρυπῶσαν

234 1104 374 1172 ἔχων
399 1103 606 1163 ἄσωτος
638 1098 770 1168 ἐγὼ,
797 1099 1127 1167 προσπίπτω
1155 1112 1259 1161 σοι,
1289 1099 1576 1163 Δέσποινα,
1620 1096 1805 1168 βοήθει

235 1212 327 1262 μοι
359 1194 454 1248 καὶ⁵
479 1194 766 1265 διόρθωσιν
786 1191 952 1257 δίδου,
981 1192 1107 1262 πρίν
1140 1209 1209 1262 με
1239 1189 1420 1261 φθάσῃ
1446 1191 1541 1243 τοῦ
1574 1191 1806 1244 Θανάτου

232 1288 266 1356 ἡ
300 1286 466 1355 τομή.

300 1468 483 1529 Φωτδς
507 1466 601 1519 τοῦ
638 1468 697 1520 ὲν
738 1468 822 1520 σο)⁵
871 1468 1285 1538 μαρμαρυγαῖς,
1340 1468 1663 1537 Θεόνυμψε,
1708 1467 1806 1536 τὴν

227 1560 411 1630 ψυχήν
445 1577 545 1627 μου
575 1559 1003 1629 ψωταγὼγησον,
1035 1560 1286 1629 κείμενον
1318 1559 1495 1630 βόθρῳ
1530 1559 1807 1619 ἀπωλείας

231 1654 561 1721 αναστησον,
589 1652 817 1724 ἐχθροὺς
857 1652 1347 1722 καταταράσσουσα
1376 1654 1501 1714 τοὺς
1525 1650 1806 1712 θλίόοντας

234 1749 321 1800 ἀεὶ
361 1750 463 1818 τὴν
497 1747 726 1819 καρδίαν
766 1765 891 1819 μου,
923 1749 1017 1800 καὶ
1054 1746 1188 1820 πρὸς
1217 1747 1287 1801 τά
1327 1747 1474 1817 πάθη
1508 1745 1805 1799 συνωθοῦν-

232 1847 334 1910 τάς
367 1864 460 1915 με.

247 1938 349 1991 Ἐκ
394 1936 504 1992 τοῦ
564 1934 834 2002 Kardroc
876 1938 963 2002 είς
1019 1935 1126 1989 τὸν
1184 1935 1354 2005 ἄγνον
1414 1935 1803 2005 ἱερομάρτυρα

689 2006 981 2075 Εὐτυχέα,
1025 2006 1216 2076 ἡμέρᾳ
1245 2005 1342 2060 κδ’.

312 2119 400 2172 Ἐν
437 2120 542 2185 σοὶ,
580 2118 844 2190 Παρθένε,
874 2118 974 2189 τὴν
1007 2118 1196 2171 ἐλπίδα
1244 2118 1435 2189 τίθημι
1478 2118 1579 2189 τῆς
1623 2135 1801 2189 σωτη-

232 2211 355 2279 ρίας
399 2228 539 2280 μου,
591 2210 879 2281 ἁμαρτιῶν
921 2211 1096 2283 ῥύπου
1148 2210 1266 2263 ὅλον
1326 2228 1391 2280 με
1459 2208 1801 2275 ἀπόπλυνον,

229 2302 327 2359 καὶ
358 2302 600 2375 καθαρὸν
633 2302 943 2372 ἀπέργασαι
974 2301 1050 2371 τῷ
1080 2302 1190 2372 Υἱῷ
1222 2319 1314 2356 σου
1342 2303 1578 2373 ἀρίστως
1609 2294 1803 2373 εὐαρε-

232 2394 490 2459 στοῦντα,
510 2394 602 2448 καὶ
628 2394 935 2464 πράττοντα
960 2394 1151 2447 τούτου
1179 2395 1239 2447 τὸ
1271 2395 1537 2461 πανάγιον
1567 2392 1799 2465 θέλημα.

302 2486 497 2553 Χαῖρε,
520 2487 551 2551 ἡ
586 2485 719 2553 μόνη
757 2485 855 2555 τὴν
884 2486 1059 2555 χαρὰν
1083 2484 1501 2555 ἀνερμηνεύτως
1530 2483 1762 2537 τεκοῦσα
1785 2502 1799 2516 ο
1842 2490 1845 2493 ’

232 2578 413 2645 χαῖρε,
446 2574 597 2645 ἅρμα
626 2576 716 2628 καὶ
740 2574 936 2646 νεφέλη
957 2574 1050 2628 τοῦ
1086 2575 1258 2642 Λόγου
1279 2590 1293 2605 °
1318 2577 1495 2645 χαῖρε,
1526 2574 1680 2645 θρόνε
1708 2573 1803 2627 τοῦ

230 2666 388 2727 θεοῦ,
413 2665 652 2736 Παρθὲνε
672 2665 1038 2735 ἀπειρόγαμε·
1060 2668 1238 2736 χαῖρε,
1260 2665 1423 2718 ὁσίων
1442 2664 1587 2730 δόξαο
1619 2668 1801 2736 χαῖρε,

236 2757 532 2828 μαρτύρων
555 2756 908 2828 στεφάνωμα.
1782 2772 1805 2819 ἦ

311 2847 404 2901 Ἐν
447 2846 663 2915 γυναιξὶ
704 2849 840 2917 μόνη
875 2846 1146 2916 παρθένος
1194 2846 1504 2915 διέμεινας,
1550 2847 1646 2899 καὶ
1697 2846 1803 2915 πρὸ

230 2939 413 3001 τόκου,
445 2938 542 2991 καὶ
577 2938 716 3008 μετὰ
746 2938 846 3008 τὴν
881 2939 1133 3006 γέννησιν
1157 2955 1168 2967 ο
1211 2938 1343 3006 Θεὸς
1376 2938 1485 3009 γάρ
1516 2934 1585 3009 ἦν
1618 2940 1645 2990 ὁ
1679 2954 1802 2990 και⁸
1860 2994 1865 2995 ν

230 3030 478 3099 νοτομῶν
504 3030 693 3099 φύσεις
720 3029 861 3101 ὑπὲρ
888 3028 1043 3097 λόγον
1071 3032 1135 3082 ὲκ
1163 3028 1257 3101 σοῦ
1286 3029 1542 3100 ἀρρήτως
1570 3027 1816 3100 σαρκού-·
1871 3092 1875 3096 .

233 3138 415 3188 μενος,
448 3123 477 3174 ό
507 3121 618 3175 ἄνω
663 3122 772 3194 πρὸ
820 3120 1033 3174 αίώνων
1055 3162 1071 3185 ,
1102 3123 1197 3174 καὶ
1238 3124 1295 3173 ὲν
1344 3124 1413 3193 γῇ
1448 3121 1528 3184 είς
1572 3120 1643 3175 τὰ
1672 3121 1798 3191 τέλη

228 3212 513 3283 γεννηθεὶς
540 3212 647 3264 τῶν
673 3212 910 3277 αἰώνων,
942 3213 1274 3282 πανάμωμε.
1308 3242 1312 3249 -
1386 3241 1391 3246 -
1431 3228 1434 3230 ‘

300 3393 729 3463 Μητροπάρθεντ
783 3392 953 3463 κόρη,
989 3392 1023 3462 ἡ
1071 3392 1161 3444 τὸν
1213 3391 1590 3461 ἀπερίληπτον
1630 3391 1801 3457 Λόγον

230 3484 507 3553 κυήσασα,
524 3483 631 3537 τῶν
649 3482 898 3551 ἀγγέλων
922 3480 1072 3546 δόξα,
1094 3484 1188 3534 καὶ
1204 3482 1477 3552 δαιμόνων
1494 3482 1556 3533 τὸ
1578 3480 1803 3551 τραῦμα

228 3575 522 3643 θεόνυμφε,
546 3578 646 3644 την
676 3575 819 3647 ἐμὴν
837 3575 1066 3647 καρδίαν
1098 3574 1599 3647 τραυματισθεῖσαν
1620 3577 1802 3647 ἁμαρ-

226 3669 373 3733 τίαις
402 3667 701 3739 θεραπείας
727 3669 912 3723 ἐνθέου
944 3668 1198 3735 ἀξίωσον.
1513 3685 1516 3688 ’

299 3758 438 3820 Νοός
471 3775 573 3827 μου
602 3759 700 3820 τὰς
734 3758 1034 3829 ἐκτροπὰς,
1082 3761 1177 3812 καὶ
1215 3759 1314 3828 τῆς
1351 3760 1529 3830 ψυχῆς
1554 3762 1623 3812 τὰ
1649 3760 1803 3830 κινή-

230 3866 375 3917 ματα
402 3848 472 3902 τά
503 3850 726 3919 ὶμπαθῆ
762 3852 854 3905 καὶ
884 3851 1054 3914 δεινὰ,
1083 3852 1346 3922 Παρθένε,
1368 3853 1680 3925 διόρθωσον,
1707 3855 1800 3906 καὶ

227 3938 403 3992 σῶσόν
457 3956 547 4009 με,
606 3940 839 4007 φύλαξον
886 3942 951 3993 ὲκ
1002 3939 1111 3995 τῶν
1164 3940 1510 4012 καθεκάστην
1568 3941 1801 4011 ἀφειδῶς

225 4031 675 4100 ἐπεμϐαινόντων
695 4048 805 4101 μοι.

293 4122 611 4194 Νοήσαντες
634 4125 919 4195 πόρρωθεν
949 4124 1137 4177 σεπτοὶ
1167 4126 1445 4195 προφῆται
1465 4124 1560 4176 τοῦ
1590 4140 1800 4193 μυστη-

224 4216 347 4285 ρίου
380 4233 476 4268 σου
493 4214 587 4269 τοῦ
618 4217 933 4288 ἀπορρήτου
955 4216 1138 4285 βάθος,
1172 4215 1604 4285 ποικιλοτρόπως
1633 4217 1800 4268 πᾶσιν

222 4308 519 4375 ὲφάνωσαν
542 4308 640 4377 τὴν
670 4310 769 4377 σὴν
788 4307 1019 4376 λοχείαν,
1056 4308 1323 4378 Παρθένε,
1351 4305 1758 4378 κραυγάζοντες
1778 4320 1795 4336 ⁸

223 4398 541 4469 Εὐλογητὸς
570 4402 599 4453 ὁ
626 4399 759 4463 Θεὸς
786 4399 816 4452 6
841 4399 951 4453 τῶν
989 4399 1269 4469 Πατέρων.

1910 652 2010 693 nos
2056 638 2528 694 benedictionibus
2568 639 2869 702 coronavit,
2901 648 3064 709 atque
3104 638 3324 694 abstulit
3358 653 3476 693 ma-

1910 730 2257 785 ledictiunem
2298 751 2311 785 :
2345 729 2390 786 0
2419 732 2568 785 omni
2605 729 2981 786 benedictione
3017 730 3313 793 cumulata,
3353 730 3471 786 sola

1908 823 2166 893 gloriosa,
2198 839 2317 892 «piae
2348 838 2516 891 genus
2553 832 2795 876 nostrum
2822 822 2992 891 gratia
3029 820 3327 890 replevisti!

1979 912 2091 982 Ego
2122 913 2210 966 ille
2248 913 2525 983 prodigus,
2560 928 2623 965 ac
2659 910 2972 966 luxuriosus
3004 912 3208 966 habens
3234 919 3471 965 mentem

1909 1013 2259 1075 peccatorum
2295 1006 2547 1071 amicam,
2576 1010 2629 1057 et
2652 1004 2815 1058 vitam
2842 1017 3085 1074 pravam,
3122 1003 3474 1073 animamque

1907 1098 2122 1151 delictis
2170 1106 2482 1160 oneratam,
2525 1104 2577 1151 et
2626 1111 2721 1150 cor
2758 1096 3205 1165 coinquinatum,
3249 1103 3376 1148 ante
3424 1101 3475 1148 te

1909 1190 2153 1259 procido,
2202 1204 2235 1242 ο
2265 1187 2531 1253 Domina;
2587 1189 2784 1257 adjuva
2822 1204 2927 1251 me,
2975 1197 3031 1241 et
3076 1187 3469 1241 correctionem

1906 1281 2145 1336 concede
2195 1280 2367 1345 mihi,
2416 1289 2706 1349 antequam
2748 1294 2778 1333 a
2842 1281 3030 1334 mortis
3074 1278 3210 1333 falce
3257 1289 3474 1333 secante

1910 1376 2230 1443 praeveniar.

1982 1464 2140 1519 Lucis
2191 1465 2243 1518 in
2291 1473 2343 1519 te
2395 1464 2687 1519 habitantis
2742 1463 2928 1525 radiis,
2994 1464 3261 1529 illumina,
3310 1477 3349 1517 ο
3382 1463 3474 1517 Dei

1907 1569 2125 1621 Sponsa,
2161 1556 2398 1607 animam
2430 1569 2603 1607 meam
2640 1572 2651 1607 :
2682 1553 2947 1621 jacentem
2983 1555 3035 1607 in
3072 1554 3325 1609 barathro
3353 1568 3477 1623 per—

1907 1647 2129 1701 ditionis
2161 1646 2361 1711 excita,
2398 1644 2848 1715 perterrefaciens
2897 1647 3101 1709 hostes,
3138 1645 3230 1715 qui
3260 1659 3475 1714 semper

1909 1737 2167 1792 tribulam
2193 1754 2287 1793 cor
2315 1754 2514 1803 nicum,
2534 1748 2587 1793 et
2613 1738 2678 1792 ad
2702 1738 2983 1808 passiones
3006 1739 3293 1793 sectandas
3322 1752 3475 1792 com-

1910 1830 2114 1897 pellunt
2139 1846 2240 1883 me.

1839 1899 1877 1952 Β
1945 1920 2028 1974 Ea:
2061 1920 2272 1975 Canone
2305 1921 2358 1974 in
2386 1921 2521 1990 festo
2546 1917 2606 1974 S.
2638 1918 2893 1990 Eutychia
2936 1920 3209 1989 martyris,
3234 1919 3320 1973 die
3345 1918 3439 1973 24.

1978 2095 2034 2148 ln
2062 2104 2137 2158 te,
2167 2108 2200 2149 ο
2226 2093 2407 2164 Virgo,
2433 2111 2638 2165 repono
2656 2111 2805 2166 spem
2834 2096 3029 2152 salutis
3046 2112 3207 2162 mea;
3231 2097 3478 2169 absterge

1910 2202 1994 2241 me
2033 2196 2207 2241 totum
2240 2203 2268 2241 a
2303 2189 2555 2244 sordibus
2583 2201 2947 2257 peccatorum,
2981 2206 3044 2245 ac
3075 2206 3269 2260 purum
3303 2191 3475 2255 eflicc,

1903 2278 2043 2333 Filio
2065 2288 2160 2334 tuo
2199 2282 2400 2350 optime
2447 2283 2910 2351 coniplacentem,
2965 2285 3480 2354 sanctissimamque

1906 2369 2054 2426 illius
2091 2373 2421 2426 voluntatem
2463 2372 2773 2429 facientem.

1976 2461 2185 2525 Gaude,
2219 2479 2251 2515 ο
2284 2472 2362 2527 ιιι,
2395 2479 2518 2533 qua:
2553 2465 2668 2518 sola
2722 2464 2978 2534 gaudium
3011 2464 3353 2521 ineﬂ‘abiliter
3384 2481 3479 2536 pe-

1906 2552 2094 2619 peristi
2128 2570 2141 2605 ε
2172 2556 2344 2623 gaude
2369 2594 2385 2619 ,
2441 2569 2671 2620 currus,
2721 2566 2777 2610 et
2822 2556 2994 2611 nubes
3030 2554 3187 2611 Verbi
3216 2573 3232 2622 ;
3283 2558 3478 2627 gaude,

1906 2642 2138 2697 thronus
2170 2643 2286 2707 Dei,
2310 2645 2470 2714 Virgo
2494 2646 2593 2699 viri
2618 2646 2802 2701 nescia
2832 2665 2846 2700 :
2873 2647 3069 2715 gaude,
3098 2646 3476 2703 confessorutn

1908 2734 2077 2803 gloria
2113 2752 2125 2786 :
2160 2735 2353 2803 gaude,
2398 2745 2701 2807 martyrum
2727 2753 2953 2793 corona.

1976 2823 2102 2879 Sola
2132 2826 2271 2879 inter
2322 2828 2582 2883 mulieres
2633 2830 2786 2899 virgo
2836 2840 2963 2885 ante
3013 2840 3251 2900 partum,
3278 2840 3331 2886 ct
3361 2842 3482 2903 post

1906 2927 2148 2985 partum,
2184 2919 2536 2985 permansisti
2567 2938 2579 2973 :
2610 2920 2751 2977 Deus
2802 2923 2947 2977 enim
2976 2935 3093 2978 erat
3133 2926 3226 2995 qui
3257 2938 3480 2981 naturas

1904 3008 2201 3063 innovabat
2230 3025 2395 3080 supra
2428 3013 2699 3067 sermonis
2735 3024 3082 3083 conceptum,
3113 3030 3177 3070 ex
3206 3024 3257 3070 te
3287 3016 3479 3072 ineﬂ'a-

1905 3100 2088 3153 biliter
2137 3100 2454 3157 incarnatus
2488 3121 2503 3157 :
2537 3106 2629 3171 qui
2684 3104 2737 3157 in
2773 3107 3030 3173 supernis
3079 3116 3205 3161 ante
3243 3110 3477 3169 saecula.

1738 3242 1743 3245 _
1788 3189 1795 3191 ‘
1827 3230 1872 3292 C
1907 3189 1958 3241 in
1995 3198 2133 3242 terra
2167 3200 2349 3245 autem
2380 3193 2434 3245 in
2478 3194 2587 3248 line
2622 3194 2946 3248 saeculorum
2989 3206 3150 3251 natus
3180 3207 3283 3263 cst,
3312 3212 3345 3252 ο
3370 3208 3480 3253 tota

1906 3282 2277 3338 immaculata.

1973 3373 2016 3426 Ο
2049 3372 2215 3428 Mater
2266 3373 2432 3442 Virgo
2468 3377 2669 3445 puella,
2719 3392 2843 3447 quae
2873 3376 3113 3433 Verbum
3162 3378 3477 3450 incompre-

1904 3465 2164 3520 hensibile
2190 3468 2421 3536 genuisti
2450 3484 2462 3520 :
2498 3483 2531 3519 ο
2564 3468 2657 3521 Dei
2687 3485 2910 3537 sponsa,
2932 3473 3250 3539 angelorum
3276 3471 3474 3542 gloria,

1901 3566 1956 3611 et
1982 3557 2295 3612 daemonum
2330 3561 2530 3616 vulnus
2559 3579 2572 3617 :
2605 3576 2703 3615 cor
2733 3577 2913 3616 meum
2955 3565 3193 3633 pet-catis
3226 3566 3481 3619 vulnera-

1901 3657 2039 3712 tum,
2072 3651 2257 3705 divina
2298 3653 2454 3722 172
2483 3653 2768 3707 curatione
2803 3652 2889 3708 fac
2919 3654 3165 3722 dignum.

1972 3740 2171 3798 Mentis
2222 3760 2356 3799 mea:
2404 3747 2773 3815 evagationes,
2811 3747 3114 3817 animmque
3149 3756 3478 3822 motusmo-

1902 3832 2108 3897 lestos,
2160 3844 2323 3905 atque
2371 3836 2655 3891 aﬂ'ectibus
2714 3836 3075 3906 perturbatos
3131 3837 3376 3907 corrige,
3425 3846 3479 3889 et

1904 3928 2052 3980 salva
2092 3936 2145 3981 et
2176 3930 2385 3983 custodi
2423 3945 2508 3984 me
2559 3932 2627 3985 ab
2652 3930 2741 3997 iis,
2785 3930 2879 4000 qui
2932 3945 3031 3999 per
3062 3930 3308 3998 singulos
3358 3930 3482 3984 dies

1901 4020 2200 4074 crudeliter
2236 4020 2501 4075 invadunt
2531 4038 2636 4079 me.

1976 4110 2401 4166 lnenarrahilem
2430 4114 2673 4183 mysterii
2710 4114 2785 4167 tui
2817 4113 3242 4183 profunditatem
3270 4113 3481 4182 alonge

1905 4203 2183 4257 intuentes
2213 4205 2411 4257 mentis
2443 4206 2605 4258 oculo
2652 4207 2927 4275 propheta
2963 4205 3276 4268 venerandi,
3314 4204 3486 4257 variis

1904 4294 2098 4364 ﬁguris
2137 4310 2201 4348 ac
2224 4296 2399 4347 modis
2431 4296 2700 4349 universis
2726 4307 2938 4365 partum
2975 4306 3127 4349 tuum
3157 4294 3478 4349 manifesta-

1900 4399 2113 4451 verunt,
2144 4403 2176 4441 0
2202 4385 2368 4457 Virgo
2405 4426 2420 4450 ,
2455 4390 2758 4442 clamantes
2785 4406 2799 4442 :
2827 4387 3159 4470 Benedictus
3198 4387 3342 4442 Deus
3370 4386 3476 4440 Pa-

1902 4488 2069 4533 trum.
2600 4488 2612 4527 i

297 4569 728 4643 Νενεκρωμὲνην
750 4571 991 4642 δήγματι
1012 4572 1109 4642 τὴν
1135 4571 1313 4643 ψυχήν
1346 4590 1448 4643 μου
1471 4572 1565 4626 τοῦ
1591 4573 1790 4641 δφεωῖο

1971 4572 2232 4627 Mortuam
2274 4572 2343 4624 oh
2389 4574 2659 4642 serpentis
2711 4588 2955 4629 morsum
2995 4573 3235 4627 animam
3273 4587 3482 4636 meam,

226 4662 366 4733 μόνη
409 4663 706 4734 προφανῶς
738 4664 773 4734 ἠ
800 4664 902 4734 τὴν
930 4665 1087 4733 Ζωὴν
1142 4665 1421 4734 κυήσασα,
1464 4666 1792 4735 πανάμωμε,

227 4754 473 4817 ζώωσον,
505 4755 598 4808 καὶ
636 4755 880 4825 ἐνεργεῖν
912 4755 1177 4809 εὺόδωσον
1218 4756 1288 4810 τὰ
1331 4756 1427 4810 τοῦ
1455 4756 1522 4810 δι’
1555 4758 1699 4827 ἡμᾶς
1731 4758 1795 4809 ἐκ

228 4843 324 4894 σοῦ
358 4842 659 4913 τεχθέντος,
695 4846 954 4915 Παρθένε,
997 4846 1298 4918 θελήματα,
1346 4848 1557 4918 βοῶσα·
1609 4849 1794 4918 Ἱερεῑς

224 4953 249 4987 ε
259 4934 496 4999 ὑλογεῖτε
536 4935 617 4988 Κύ
626 4953 760 5005 ριον.

298 5108 487 5179 Φωνήν
529 5124 623 5162 σου
672 5112 1102 5185 προσφωνοῦμεν
1132 5117 1226 5171 τοῦ
1276 5114 1551 5186 Γαϐριὴλ·
1594 5116 1788 5186 Χαῖρε,

223 5200 296 5269 γῆ
332 5199 584 5271 ὲκλεκτὴ,
609 5204 789 5271 χαῖρε,
810 5202 1059 5273 τράπεζα
1096 5207 1435 5277 χρυσοειδὴς,
1467 5210 1647 5278 χαῖρε,
1681 5207 1790 5259 τῶν

224 5291 527 5361 ἀνθρώπων
583 5296 895 5367 καταφυγὴ,
930 5301 1107 5367 χαῖρε,
1164 5299 1460 5369 μαρτύρων
1507 5299 1788 5370 καύχημα,

223 5385 404 5453 χαῖρε,
437 5382 545 5436 τῶν
578 5385 825 5453 ἀγγέλων
854 5389 885 5457 ἡ
915 5391 1184 5459 χαρμονὴ,
1210 5390 1340 5458 ἀγία
1367 5390 1618 5456 Θεοτόκε,
1652 5409 1787 5461 κρα-

224 5476 443 5544 ταίωμα
472 5475 579 5529 τῶν
609 5478 787 5530 πίστει
821 5480 1237 5550 μακαριζόντων
1265 5498 1346 5537 σε.

659 5597 816 5649 ΜΒΝ
851 5599 1351 5657 ΣΕΠΤΕΜΒΡῘΟΣ.

236 5684 329 5737 Ἐκ
355 5686 457 5739 τοῦ
483 5690 752 5756 Κανόνας
781 5692 995 5831 sig-ﬁl?
1017 5693 1188 5779 ᾶγιρν
1202 5699 1473 5764 μάρτυρα
1492 5696 1785 5764 Ἀνθιμον,

968 5780 1049 5831 PQ
1081 5782 1115 5833 γ
1136 5805 1151 5820 ο

303 5869 360 5920 't}
399 5871 597 5943 Κύριος
630 5876 691 5929 ὲκ
724 5876 817 5930 σοῦ
845 5877 1131 5941 ἀνατείλας
1166 5882 1240 5943 ὡς
1270 5877 1397 5949 οἶδε,
1429 5883 1554 5945 τοὺς
1590 5884 1783 5953 χοροὺς

1913 4674 1993 4729 tn,
2021 4680 2142 4732 qua:
2172 4664 2289 4719 sola
2320 4662 2498 4719 Vitam
2533 4665 2823 4720 manifeste
2856 4665 3184 4735 peperisti,o
3209 4666 3478 4717 immacu-

1904 4756 2201 4820 latissima,
2254 4755 2465 4810 vivitica
2526 4776 2540 4810 :
2586 4765 2642 4809 ct
2710 4756 2886 4812 deduc
2955 4772 3041 4810 me
3093 4756 3323 4811 feliciter
3380 4770 3487 4823 per

1902 4851 2065 4913 viam,
2098 4864 2206 4918 qua
2241 4852 2543 4901 voluntates
2586 4849 2758 4914 illius,
2808 4850 2901 4918 qui
2939 4858 3159 4919 prepter
3186 4864 3288 4903 nos
3320 4864 3386 4903 ex
3424 4858 3481 4901 te

1904 4952 2062 4996 natus
2101 4951 2203 5003 est,
2260 4941 2468 4995 cﬂicere
2495 4943 2723 5011 possim,
2759 4960 2791 4996 ο
2819 4940 3004 5012 Virgo,
3055 4942 3337 4996 clamans:
3372 4940 3480 4994 Sa-

1902 5034 2169 5094 cerdotes,
2194 5032 2496 5087 benedicite
2554 5031 2868 5088 Dominum.

1976 5124 2114 5178 Voce
2129 5123 2397 5177 Gabrielis
2416 5122 2483 5178 ad
2506 5132 2559 5178 te
2582 5124 2885 5178 clamamus
2908 5142 2920 5176 :
2951 5125 3080 5186 Ave,
3108 5132 3251 5178 terra
3277 5122 3476 5188 electa;

1900 5231 2017 5277 ave,
2051 5229 2235 5269 menSa
2286 5230 2486 5280 aurea;
2529 5230 2649 5279 ave,
2681 5214 2964 5269 hominum
3000 5214 3309 5284 refugium;
3347 5230 3467 5278 ave,

1903 5318 2198 5379 martyrum
2231 5308 2511 5379 gloriatio;
2541 5323 2657 5372 ave,
2684 5308 3000 5377 angelorum
3024 5307 3310 5377 gaudium,
3340 5304 3468 5357 Dei-

1902 5417 2028 5468 para
2064 5408 2273 5465 sancta,
2327 5400 2497 5454 robur
2525 5413 2712 5454 eorum
2742 5399 2836 5469 qui
2869 5409 2919 5454 te
2957 5414 3082 5453 cum
3113 5398 3215 5451 [ide
3249 5397 3467 5451 sincera

1902 5491 2235 5547 ln-atilicant.

2310 5606 2564 5662 MENSIS
2627 5604 2891 5661 SEPTEM
2902 5604 3055 5659 BER.

1973 5702 2052 5755 Er
2080 5702 2291 5759 Canone
2316 5701 2368 5755 in
2398 5700 2532 5771 festo
2566 5701 2626 5756 S.
2661 5698 2897 5754 Ant/rimi
2930 5695 3200 5766 martyris,
3225 5693 3310 5746 die
3333 5692 3387 5747 5.

1967 5878 2249 5945 Dominus,
2296 5877 2387 5948 qui
2438 5893 2504 5933 ex
2538 5886 2588 5933 tc
2613 5888 2765 5933 ortus
2806 5886 2910 5942 est,
2946 5888 3012 5929 eo
3053 5871 3249 5934 modo,
3296 5880 3467 5939 quem
