4166 6458
747 417 887 495 1183

1871 420 1930 481 S.
1976 416 2289 479 JOSEPIII
2331 414 2888 474 IlYllINOGR.\Pll[

3849 413 3982 477 1184

742 538 859 606 ipse
888 536 1055 601 novit,
1087 551 1121 590 ο
1145 547 1290 591 casta
1317 577 1331 598 ,
1386 535 1713 590 atl.letarum
1751 535 1948 590 cboros
1981 534 2273 590 illustravit
2300 548 2313 597 ;

2421 532 2527 584 τῶν
2555 531 2804 599 ἀθλητῶν
2835 530 3199 599 ἐλάμπρυνεν,
3235 527 3395 601 ἁγνὴ,
3418 527 3487 581 τὰ
3507 525 3671 582 αὐτοῦ
3697 528 3986 593 εἰκονῐζσν-

740 630 1105 697 exprimentes
1142 630 1194 681 in
1226 628 1419 695 seipsis
1470 644 1660 682 omnes
1713 627 1861 682 illius
1914 628 2202 696 passiones
2233 626 2313 678 vi-

745 720 901 782 tales,
956 734 1296 787 mortemque
1336 719 1617 788 injustam,
1669 734 1791 789 quae
1844 734 1944 773 nos
1998 728 2314 787 peccatores

742 810 1085 878 jusuncavu.

818 904 1074 970 Speciosa
1114 902 1249 957 facta
1277 920 1356 969 es,
1387 921 1420 959 ο
1449 904 1779 969 castissima,
1815 903 2119 972 speciosum
2152 916 2314 969 super

743 1009 935 1047 omnes
979 993 1275 1061 terrigenas
1330 996 1487 1049 enixa
1523 995 1716 1050 Filium
1768 1012 1831 1050 ac
1856 994 2088 1051 Verbum
2112 995 2312 1058 Patris,

743 1097 905 1149 quem
960 1084 1208 1150 generosi
1246 1094 1512 1155 martyres
1551 1097 1819 1150 amantes,
1858 1087 2029 1156 gloria
2059 1086 2313 1140 illustrati

745 1182 894 1227 sunt.

818 1264 973 1334 173
1018 1262 1276 1327 Verbum,
1309 1281 1415 1319 non
1481 1268 1795 1336 relinquens
1846 1283 2077 1322 racnnm
2133 1267 2313 1321 sinum

747 1353 1143 1421 l'atm-num,in
1179 1358 1302 1411 sinu
1355 1368 1447 1413 tuo
1496 1360 1816 1416 reclinatum
1887 1369 1992 1425 est,
2045 1378 2077 1412 ο
2118 1361 2314 1429 puella,

745 1456 1009 1513 tanquam
1049 1447 1257 1513 inlans,
1289 1450 1476 1504 volens
1509 1460 1821 1506 restaurare
1855 1467 1939 1506 me
1979 1453 2315 1523 corruptioni

744 1540 1075 1604 subjectum.

818 1629 976 1699 Lrgis
1026 1634 1235 1688 umbrae
1274 1635 1687 1690 declaraverunt
1744 1637 2089 1707 splendorem
2136 1639 2314 1700 illum,

744 1724 837 1790 qui
868 1740 931 1777 ex
969 1735 1020 1779 te
1045 1737 1197 1781 ortus
1224 1736 1329 1792 est,
1356 1743 1389 1782 ο
1430 1730 1605 1798 puella
1637 1730 2022 1793 illibatissitna,
2055 1742 2105 1784 et
2148 1731 2318 1785 atble-

746 1826 922 1869 tarum
959 1819 1157 1873 CilOl‘OS
1190 1830 1238 1873 te
1262 1821 1597 1875 celebrantes
1627 1822 1937 1877 illustravit.

820 1910 863 1963 Ο
894 1911 1145 1979 innupta,
1168 1928 1290 1980 quae
1318 1914 1537 1967 malitiae
1572 1915 1784 1982 plantas
1809 1915 2049 1984 germine
2085 1924 2178 1969 tuo
2204 1931 2316 1969 are-
2351 1893 2391 1948 Β

747 2001 919 2057 feriSti
946 2045 959 2069 ,
998 2006 1311 2073 passionum
1347 2023 1586 2059 mearum
1617 2008 1814 2078 stirpes
1860 2010 2045 2073 cvi-lle,
2078 2009 2318 2062 divinas-

744 2111 851 2164 que
872 2099 1231 2169 cogitationes
1262 2102 1569 2170 germinare
1604 2102 1688 2155 fac
1716 2118 1781 2157 ex
1814 2103 1992 2155 anima
2036 2118 2175 2156 mea.

817 2277 1049 2347 Propter
1105 2294 1390 2333 excessum
1451 2281 1805 2335 immanitatis
1850 2297 1915 2335 ac
1971 2282 2320 2352 benignitatis

743 2386 869 2435 erga
903 2372 1150 2425 homines
1168 2372 1419 2440 apparuit
1461 2371 1694 2427 Verbum
1724 2390 1789 2427 ex
1818 2382 1870 2427 te
1895 2385 2263 2443 eorporatnm,
2285 2394 2319 2428 ι)

748 2460 930 2531 Virgo,
966 2465 1182 2516 salvans
1208 2480 1301 2519 eos
1327 2468 1420 2533 qui
1470 2466 1815 2519 modulantes
1847 2476 2049 2520 canunt
2082 2484 2095 2521 :
2143 2467 2317 2522 Bene-

744 2556 925 2606 tlietns
945 2570 1024 2618 es,
1064 2553 1207 2609 Deus
1234 2556 1454 2610 Patrum
1486 2570 1819 2612 nostrorum.

818 2645 1001 2699 Sacris
1041 2650 1265 2703 vocibus
1302 2652 1670 2707 beatilicemus
1704 2655 2048 2724 impollutum
2097 2655 2188 2709 Dei
2232 2665 2318 2709 ta-

748 2735 1125 2801 bernaculum,
1157 2755 1339 2794 aream
1378 2742 1696 2806 animatam,
1726 2754 2025 2815 martyrum
2062 2746 2316 2814 gloriam,

745 2830 1117 2884 sublimiorem
1133 2833 1446 2896 Cherubin).
1467 2845 1627 2904 atque
1645 2836 1900 2891 omnibus
1919 2838 2079 2891 rebus
2095 2838 2313 2892 creatis.

816 3007 1041 3062 Gladius
1080 3010 1368 3065 llatnmeus
1392 3052 1406 3073 ,
1446 3015 1536 3081 qui
1573 3015 1700 3066 olim
1735 3014 1979 3069 Paradisi
2013 3019 2315 3085 ingressum

746 3101 1086 3165 prohibebat,
1140 3120 1282 3157 nunc
1338 3106 1565 3166 recedit.
1599 3122 1661 3159 ac
1714 3117 1861 3176 terga
1898 3110 2059 3161 vertit
2097 3111 2183 3164 iis.
2216 3110 2310 3177 qui

748 3196 1081 3247 tem-randas
1121 3198 1402 3262 passiones
1447 3197 1654 3252 Christi
1684 3201 1870 3253 lancea
1922 3202 2193 3253 vulnerati
2222 3216 2314 3251 vo-

2416 642 2513 685 τας
2545 624 2691 693 πάθη
2735 623 2937 685 πάντες
2970 622 3255 692 ζωηφόρα,
3287 624 3381 675 καὶ
3412 622 3505 675 τὸν
3533 621 3718 675 ἄδικον
3753 620 3985 674 θάνατον

2414 718 2729 771 δικαιοῦντα
2755 717 2902 785 ἡμᾶς
2930 715 3382 786 ἁμαρτήσαντας.

2501 894 2827 969 Ὧραιώθης,
2857 896 3148 967 ιπάναγνε,
3199 895 3291 948 τὸν
3343 894 3485 964 ὑπὲρ
3536 892 3746 955 πάντας
3787 890 3987 960 ὡραῖον

2415 991 2541 1054 τοὺς
2573 994 2823 1061 γηγενεῖς
2859 989 3093 1043 τεκοῦσα
3132 989 3259 1040 Υἰὸν
3291 988 3385 1040 καὶ
3427 986 3599 1055 Λόγον
3628 985 3724 1038 τοῦ
3755 984 3985 1054 Πατρὸς,

2416 1086 2476 1137 δν
2503 1086 2551 1137 οἱ
2580 1086 2815 1152 γενναῖοι
2850 1083 3128 1154 μάρτυρες
3160 1082 3497 1151 ποθήσαντες
3526 1079 3656 1151 δόξῃ
3675 1076 3991 1147 ἐλαμπρύν-

2418 1176 2589 1245 θησαν

2484 1270 2574 1337 Mi;
2605 1268 2849 1330 κενώσας
2878 1270 3001 1330 τοὺς
3025 1265 3319 1336 Πατρῴους
3353 1268 3381 1318 ό
3408 1265 3577 1333 Λόγος
3610 1264 3866 1325 κόλπους,
3894 1259 3989 1313 σοῦ

2419 1363 2476 1413 ὲν
2504 1364 2617 1421 τοίς
2647 1360 2888 1423 κόλποις,
2944 1360 3102 1428 κόρη,
3152 1357 3405 1426 ἀνεκλίθη
3439 1357 3513 1418 ὡς
3542 1355 3759 1425 βρέφος,
3818 1354 3989 1405 θέλων

2420 1454 2733 1506 ἀναπλάσαι
2767 1468 2835 1524 με
2863 1451 3040 1523 φθορᾴ
3078 1452 3460 1520 ὑποκείμενον.

2486 1633 2669 1703 Νόμου
2725 1632 2875 1685 σκιαὶ
2926 1631 3199 1701 ἐδήλωσαν
3231 1631 3291 1685 τὸ
3317 1629 3521 1700 φέγγος
3546 1627 3607 1681 τὸ
3644 1628 3708 1678 ἐκ
3760 1623 3858 1677 σοῦ
3908 1623 3995 1687 ἐξ·

2418 1724 2726 1788 ανατεῖλαν,
2753 1725 3060 1795 πανάμωμε
3094 1724 3254 1793 κόρη,
3273 1723 3367 1776 καὶ
3392 1720 3501 1774 τῶν
3534 1718 3782 1788 ἀθλητῶν
3819 1734 3993 1770 κατα-

2418 1815 2742 1885 λαμπρῦναν
2773 1819 2897 1879 τοὺς
2926 1817 3119 1887 χοροὺς
3156 1812 3539 1885 εὐφημοῦντας
3565 1830 3644 1866 σε.

2494 1908 2800 1977 Μαράνασα
2826 1908 2895 1960 τὰ
2935 1910 3075 1975 φυτά
3116 1909 3213 1976 τῆς
3258 1907 3456 1969 κακίας
3476 1945 3491 1969 ,
3517 1904 3833 1974 ὰνύμφευτε
3856 1943 3872 1967 ,
3917 1904 3994 1973 τῷ

2426 2000 2643 2071 βλαστῷ
2682 2018 2775 2053 σου
2797 2043 2810 2065 ,
2852 2001 2962 2054 τῶν
2999 1999 3185 2054 παθῶν
3222 2019 3322 2070 μου
3358 2000 3488 2064 τοὺς
3532 2000 3800 2062 σκόλοπας
3847 2000 3995 2053 ἔκτι-

2422 2095 2533 2157 λον,
2566 2095 2658 2147 καὶ
2690 2082 3011 2164 βλαστάνειν
3064 2094 3183 2148 θεῖα
3220 2094 3320 2163 τὴν
3367 2092 3545 2163 ψυχήν
3590 2109 3690 2162 μου
3742 2092 3992 2160 νοήματα

2424 2188 2550 2257 ποίη
2560 2204 2671 2241 σον.

2504 2279 2831 2350 ’λ’περδολῇ,
2873 2279 3141 2350 Παρθένε,
3175 2277 3586 2347 φιλανθρωπίας
3616 2275 3772 2343 ὧφθη
3804 2276 3867 2327 ἐκ
3898 2274 3991 2325 σοῦ

2422 2372 2594 2440 Λόγος
2628 2371 3071 2441 σωματούμενος,
3102 2372 3195 2424 καὶ
3225 2369 3387 2433 σώζει
3408 2368 3531 2430 τοὺς
3563 2388 3591 2436 μ
3604 2368 3884 2429 ἐλπονταςο
3932 2364 3992 2417 ’0

2419 2464 2527 2516 τῶν
2563 2464 2821 2536 Πατέρων
2852 2462 3008 2534 ήμῶν
3036 2462 3189 2529 Θεὸς,
3218 2463 3508 2532 εὐλογητὸς
3540 2457 3611 2514 εἴ.

2501 2639 2695 2709 Ἰεραῖς
2738 2640 2796 2691 ὲν
2846 2641 3050 2707 φωναῖς
3110 2640 3505 2709 μακαρίσωμεν
3554 2637 3649 2689 τοῦ
3702 2635 3837 2689 Θεοῦ
3889 2636 3989 2703 τὴν

2422 2733 2629 2802 σκηνὴν
2670 2732 2771 2803 τὴν
2816 2732 3138 2801 άμόλυντον,
3184 2732 3283 2803 τὴν
3318 2731 3547 2785 κιϐωτὸν
3578 2729 3677 2799 τὴν
3719 2729 3986 2797 ἔμψυχον,

2419 2824 2528 2877 τῶν
2564 2825 2858 2894 μαρτύρων
2891 2823 2991 2893 τὴν
3034 2823 3215 2890 δόξαν,
3250 2824 3349 2893 τὴν
3401 2823 3678 2894 άνωτέραν
3709 2819 3991 2890 Χερουῦὶμ

2422 2920 2514 2967 καὶ
2549 2916 2768 2983 ἁπάσης
2805 2916 2907 2985 τῆς
2935 2915 3182 2977 κτίσεως.

2488 3007 2719 3076 ⁴’λογίνη
2769 3008 3031 3078 ῥομφαία,
3062 3010 3094 3077 ή
3134 3007 3194 3059 τὸ
3238 3007 3366 3076 πρὶν
3401 3006 3500 3077 τήν
3528 3004 3732 3058 εἴσοδον
3764 3000 3860 3056 τοῦ
3884 3018 3983 3053 παι

2423 3100 2670 3170 ραδείσου
2718 3100 3140 3170 ἐναπείργουσα,
3176 3099 3321 3152 νῶτα
3361 3097 3455 3151 νῦν
3484 3098 3688 3161 δίδωσι,
3726 3096 3987 3165 Παρθένε,

2421 3192 2534 3252 τοῖς
2600 3191 2746 3260 πάθη
2813 3192 2882 3243 τά
2962 3192 3137 3244 σεπτᾶ
3195 3190 3495 3243 εἰκονίσασι
3582 3190 3820 3260 Χριστοῦ
3897 3186 3988 3240 τοῦ

885 3240 1080 3247 μην---
1121 3240 1402 3262 ,...-.,.,μ.....
1452 3240 1654 3252 ν.....,..
1684 3240 1870 3253 .....-....
2231 3240 2288 3251 ,υ

744 3285 977 3337 luntarie
1008 3288 1058 3338 in
1089 3303 1147 3340 se
1186 3291 1533 3356 exprimunt:
1568 3302 1622 3342 et
1651 3299 1722 3354 te,
1745 3306 1778 3343 ο
1816 3289 1993 3358 Virgo,
2026 3291 2315 3356 honorant,

2423 3280 2806 3356 λογχευθὲντρς
2851 3281 3139 3352 θελήματι,
3182 3283 3277 3335 καὶ
3324 3282 3385 3334 σὲ
3415 3281 3617 3351 τιμῶσι
3664 3282 3763 3351 τὴν
3818 3280 3989 3350 ὑπέρ-

744 3380 893 3430 omni
916 3379 1117 3432 bonnre
1144 3382 1502 3449 superiorem.

746 3528 837 3604 Ep
886 3532 1096 3586 Canone
1124 3534 1324 3599 duplici
1370 3536 1424 3586 in
1461 3538 1713 3588 nmuoria
1760 3538 2008 3590 miraculi
2043 3538 2176 3604 facti
2221 3536 2319 3590 Co-

817 3602 994 3678 lossis,
1036 3605 1109 3657 vel
1135 3606 1327 3659 Cilonis
1344 3624 1434 3673 per
1468 3609 1528 3659 8.
1568 3609 1875 3660 llic/melisa;
1918 3602 2315 3678 archangelum,

816 3675 900 3725 (lic
918 3677 973 3726 6.

814 3822 861 3879 Ο
897 3823 1058 3895 Virgo
1097 3835 1207 3881 tota
1256 3843 1416 3898 pura,
1454 3830 1773 3898 angelorum
1824 3830 2009 3895 decor,
2042 3841 2095 3885 et
2141 3832 2319 3884 homi-

746 3930 876 3967 num
904 3918 1167 3970 auxilium
1196 3936 1209 3983 ;
1242 3926 1298 3972 tu
1343 3921 1538 3988 adjuva
1584 3937 1670 3975 me
1722 3923 1775 3974 in
1818 3923 1963 3982 mari,
1990 3931 2318 3987 versantem,

747 4017 909 4073 atque
960 4009 1010 4061 in
1049 4017 1368 4079 tempestate
1419 4014 1622 4081 peccati
1677 4028 1894 4083 semper
1941 4013 2315 4069 concidentem

747 4114 811 4151 ac
839 4100 1257 4167 periclitantem.

819 4189 863 4242 0
917 4190 1240 4244 miraculum
1276 4192 1673 4261 inintelligibile
1710 4233 1725 4257 ,
1764 4195 2041 4261 quomodo
2085 4196 2319 4250 homini-

749 4281 851 4335 bus
886 4284 1072 4337 nnitus
1110 4293 1193 4337 est
1224 4283 1733 4353 incompreliensilis
1784 4284 1947 4349 Deus,
1973 4299 2133 4342 natus
2159 4304 2225 4341 ex
2268 4300 2318 4343 te

745 4368 800 4424 in
846 4384 1013 4425 carne
1042 4372 1341 4424 secundum
1375 4373 1716 4442 bypostasin,
1744 4386 1778 4425 ο
1816 4373 2039 4442 innupta
2072 4412 2087 4437 ,
2109 4383 2167 4428 ut
2207 4378 2313 4430 sal-

749 4468 901 4515 varet
940 4476 1027 4515 me
1083 4460 1155 4514 ob
1206 4461 1475 4530 serpentis
1537 4461 1783 4517 fraudem
1823 4466 2163 4535 corruptioni
2215 4469 2316 4521 ob-

746 4553 992 4610 noxium.
1286 4550 1289 4553 ’

815 4644 919 4708 Qui
956 4646 1337 4704 immateriales
1374 4658 1587 4703 mentes
1622 4648 1918 4704 voluntatis
1961 4659 2093 4703 nutu
2127 4650 2314 4704 condi-

747 4738 845 4799 dit,
872 4737 923 4790 in
953 4738 1112 4809 174
1149 4751 1301 4792 utero
1326 4754 1418 4793 tuo
1453 4740 1743 4803 materiali,
1776 4756 1810 4793 ο
1854 4742 2170 4810 purissima,
2213 4758 2312 4794 vo-

749 4828 981 4882 luntarie
1017 4832 1299 4895 habitavit,
1347 4833 1649 4886 secundum
1687 4846 1903 4886 carnem
1933 4843 2126 4903 patens
2155 4849 2317 4904 aspe-

746 4922 924 4976 ctibus
967 4923 1058 4991 qui
1089 4935 1204 4977 erat
1240 4925 1550 4979 lllVlalitiiiS.

822 5012 1004 5066 Daniel
1043 5022 1094 5067 te
1140 5024 1375 5071 muntem
1418 5036 1670 5089 ntagnnm
1718 5020 2029 5089 descripsit,
2062 5037 2093 5073 ο
2146 5018 2318 5073 invio-

745 5103 852 5158 lata
886 5146 901 5166 ,
928 5107 1184 5163 Abbacue
1216 5125 1342 5163 vero
1374 5124 1609 5166 montem
1637 5114 1954 5168 umbrosum
1988 5115 2276 5168 virtutibus
2301 5154 2313 5169 .

748 5200 912 5252 David
963 5210 1151 5254 autem
1204 5215 1443 5258 tuentem
1506 5208 1850 5276 coagulatum
1893 5224 2004 5262 :ex
2059 5217 2109 5263 te
2170 5209 2314 5262 enim

748 5291 887 5346 Dens
917 5294 1231 5349 incarnatus
1267 5306 1370 5359 est,
1412 5306 1469 5351 ut
1495 5299 1754 5353 mundum
1786 5298 2099 5353 redimeret.

820 5382 1013 5436 Docuit
1036 5386 1164 5437 olim
1194 5400 1380 5454 partus
1410 5389 1484 5441 tui
1520 5390 1846 5445 miraculum
1875 5390 2312 5445 intellectualiter

748 5475 798 5526 ί·³
829 5477 1019 5542 δί)ί¹·ίιυ
1059 5478 1147 5531 ille
1179 5494 1459 5534 sacrorum
1494 5499 1715 5551 praeses,
1747 5484 1965 5537 intuens
1989 5494 2039 5539 te
2074 5494 2310 5536 montem

749 5570 1067 5622 uiitbrosum
1108 5573 1579 5640 manifestissime,
1609 5592 1676 5631 ex
1724 5593 1834 5647 quo
1871 5590 2094 5632 sanctus
2146 5578 2314 5643 venit,

752 5659 892 5714 Deus
935 5662 1270 5720 incarnatus.

823 5754 1039 5809 Gabriel
1071 5757 1139 5811 ab
1182 5759 1467 5816 altissimis
1502 5762 1671 5827 venit,
1707 5761 1960 5817 deferens
1998 5762 2093 5816 tibi
2120 5763 2251 5829 Ave,
2287 5780 2317 5813 (ι

752 5850 1059 5905 castissima
1114 5870 1126 5905 :
1177 5868 1300 5909 cum
1344 5855 1463 5924 ipso
1503 5870 1633 5928 ergo
1690 5856 1990 5912 clamamus
2034 5875 2047 5910 :
2103 5857 2235 5923 Ave,
2286 5876 2317 5910 υ

2344 4593 2396 4652 D

2422 3389 2606 3442 τιμον.

2434 3530 2532 3584 Ἐκ
2565 3532 2671 3584 τοῦ
2698 3535 2964 3598 Κανόνος
2993 3532 3214 3585 διπλου
3255 3534 3342 3597 εις
3369 3532 3486 3599 τὴν
3522 3529 3868 3598 ἀνάμνησιν
3891 3523 3996 3578 τοῦ

2490 3606 2805 3670 γεγονότος
2835 3606 3132 3672 θαύματος
3178 3605 3246 3656 ἐν
3277 3602 3642 3666 Κολοσσαῖς,
3674 3599 3724 3672 ἣ,
3868 3599 3986 3672 Xer-

2492 3664 2625 3738 ἆτὶἷς
2656 3664 2814 3740 παρᾶ
2838 3664 2959 3727 toi;
2984 3664 3361 3743 ἀρχαγγέλου
3396 3664 3662 3742 Μιχαὴλ.
3912 3664 3987 3730 ς’-

2492 3829 2736 3899 Παρθένε
2781 3831 3112 3900 πανάμωμε,
3139 3832 3172 3900 ἡ
3209 3829 3319 3882 τῶν
3366 3828 3615 3897 ἀγγέλων
3666 3824 3991 3893 εὐπρέπεια,

2421 3920 2726 3987 ἀνθρώπων
2774 3920 3022 3990 βοήθεια,
3055 3920 3118 3975 σύ
3149 3938 3237 3991 μοι
3285 3920 3551 3990 βοήθησον
3582 3915 3987 3975 θαλαττεύοντι,

2421 4017 2515 4066 καὶ
2572 4014 2709 4087 ζάλῃ
2754 4015 3023 4085 ἁμαρτίας
3082 4016 3169 4069 ἀεὶ
3223 4016 3606 4085 περιπίπτοντι
3668 4012 3762 4065 καὶ
3808 4008 3993 4063 κινδυ-

2420 4105 2651 4161 νεύοντι.

2506 4200 2902 4270 ’Λκατανόητον
2954 4200 3136 4271 θαῦμα
3160 4242 3176 4266 ,
3217 4200 3335 4263 πῶς
3370 4202 3482 4263 τοῖς
3534 4198 3747 4269 βροτοῖς
3786 4198 3990 4265 ἥνωται

2425 4293 2453 4344 ὁ
2483 4292 2872 4361 ἀκατάληπτος
2920 4293 3075 4361 Θεὸς,
3105 4295 3170 4346 ὲκ
3201 4292 3297 4346 σοῦ
3330 4294 3493 4362 σαρκὶ
3537 4290 3659 4343 καθ’
3694 4288 3993 4341 ὑπόστασιν

2422 4382 2767 4451 άποτεχθεὶς,
2795 4384 3160 4453 ἀπειρόγαμε,
3186 4382 3361 4435 σῶσόν
3386 4398 3453 4452 με
3478 4376 3569 4433 τὸν
3591 4378 3908 4449 ὑπαχθέντα
3932 4375 4000 4442 τῇ

2424 4475 2599 4545 φθορᾷ
2624 4475 2797 4546 κλοπῇ
2824 4476 2917 4529 τοῦ
2946 4477 3142 4545 ὸφεως.

2504 4658 2563 4711 Ὀ
2595 4658 2721 4721 τοὺς
2750 4657 2947 4720 ἀῢλους
2982 4657 3394 4725 συστησάμενος
3421 4654 3547 4718 νόας
3573 4653 3911 4724 βουλήματι,
3934 4657 4007 4724 τῇ

2420 4749 2593 4818 ὲνύλῳ
2627 4765 2721 4801 σου
2755 4749 2957 4816 γαστρὶ
2981 4751 3122 4800 οἰκεῖ
3159 4746 3436 4816 βουλήσει,
3466 4746 3804 4816 πανάμωμε,
3837 4749 4009 4818 σαρκὶ

2419 4840 2803 4911 καθορώμενος
2834 4843 2862 4893 ὁ
2892 4840 3226 4910 ἀθεώρητος.

2499 5021 2558 5075 Ὀ
2588 5022 2790 5093 Δανιήλ
2822 5039 2881 5075 σε
2904 5023 3028 5093 ὅρος
3050 5022 3255 5091 γράφει
3291 5021 3458 5091 μέγα,
3485 5022 3510 5073 ὁ
3561 5018 3891 5087 Ἀὁόακοὺμ
3922 5020 4006 5081 δὲ.

2418 5116 2673 5185 ἄχραντε,
2717 5117 2842 5184 ὅρος
2890 5116 3183 5168 κατάσκιον
3231 5114 3475 5185 ἀρεταῖς,
3510 5115 3605 5165 καὶ
3640 5112 3810 5167 Δαὸὶδ
3846 5131 4013 5166 τετυ-

2421 5206 2685 5277 γιωμένον,
2719 5206 2780 5270 ἐξ
2805 5198 2865 5260 οὗ
2894 5209 2922 5259 ό
2950 5207 3080 5269 Θεὸς
3132 5204 3479 5275 σεσάρκωται
3514 5204 3606 5257 τὸν
3656 5204 3874 5272 κόσμον
3908 5204 4008 5256 λυ-

2420 5298 2735 5370 τρούμενος.

2495 5393 2714 5461 Νοερῶς
2742 5392 2835 5447 τοῦ
2885 5394 3003 5458 σοῦ,
3044 5394 3307 5465 Παρθένε,
3353 5393 3577 5448 τοκετοῦ
3602 5394 3660 5447 τὸ
3689 5399 4009 5466 παράδοξον

2421 5490 2620 5539 ἐνοεῖτο
2661 5487 2825 5539 πάλαι
2858 5488 2885 5538 ό
2920 5488 3256 5558 ἱεροφάντωρ
3291 5489 3349 5541 ὲν
3388 5487 3681 5556 πνεύματι.
3720 5489 3854 5557 ὅρος
3907 5510 4011 5545 και-

2420 5578 2641 5630 τάσκιον
2662 5577 2872 5645 βλέπων
2898 5592 2957 5629 σε
2986 5576 3328 5646 τρανώτατα,
3353 5576 3413 5641 ἐξ
3439 5570 3500 5630 οὗ
3523 5577 3676 5645 ἆγιος
3706 5574 3844 5646 ἦλθε
3868 5582 4007 5646 Θεὸς

2424 5668 2674 5738 σωματού
2683 5685 2860 5737 μενος.

2505 5764 2563 5813 ’0
2588 5760 2823 5831 Γαϐριὴλ
2848 5778 2927 5814 σοι
2948 5761 3007 5813 τὸ
3036 5762 3207 5829 Χαῖρε
3226 5760 3412 5814 ἐκτῶν
3436 5760 3695 5830 ὑψίστων,
3728 5764 4005 5829 πάνπγνε,

2428 5854 2668 5925 κομίζων
2718 5852 2877 5925 ἧὶθε·
2932 5856 3028 5907 σὺν
3078 5855 3228 5924 αυτῷ
3278 5849 3371 5908 οὖν
3420 5854 3742 5924 ὲκὸοῶμεν·
3802 5857 4001 5929 Χχῑρε,
