4166 6458
235 403 372 465 1183

1658 401 2016 463 MARIALE.

3322 402 3455 467 11.86

238 516 402 581 πύλη,
456 512 614 582 μόνος
644 514 708 581 ῆν
739 509 991 565 διώδευσε
1024 512 1257 582 Χριστὸς
1285 511 1312 563 ό
1346 511 1475 573 Θεὸς
1513 513 1699 575 σώζων
1734 512 1776 564 τί

1900 523 2072 579 porta,
2103 527 2195 580 per
2240 526 2400 579 quam
2446 512 2594 566 solus
2626 514 2873 568 Christus
2908 511 3048 569 Deus
3089 521 3453 585 perlnmsivit,

232 607 327 659 ἀνο
336 605 592 675 ρὼπινον.

304 696 532 766 Νοερῶν
569 695 816 765 ἀγγέλων
838 712 898 747 σε
924 696 1157 761 ἀνέδειξε
1182 695 1314 759 Θεθς
1344 696 1637 766 ἀνωτέραν,
1662 696 1795 749 καο-

231 790 434 852 υποδὺς
477 791 576 860 τὴν
609 790 707 860 σὴν
761 793 975 860 μήτραν
1015 829 1029 851 ,
1080 790 1331 859 ἄχραντε,
1378 791 1477 859 την
1526 788 1795 859 Παναμώ-

233 900 423 951 μητον,
446 882 506 935 ὃν
536 883 775 935 δυσώπει
805 883 1035 935 πάντοτε
1069 882 1403 951 οἰκτειρῆσαι
1425 884 1545 945 τοὺς
1571 881 1793 951 ὐμνούν-

229 990 327 1034 τας
357 991 439 1026 σε.

311 1064 646 1132 Ἀγγελικῶν
678 1066 982 1136 δυνάμεων,
1018 1068 1282 1135 Παρθένε,
1326 1068 1666 1137 ὑπερέχουσα
1698 1067 1790 1121 καὶ

227 1157 479 1207 τετοκυῖα
510 1156 601 1207 τὸν
625 1156 879 1209 ἁπάντων
919 1157 1049 1209 Θεὸν
1097 1160 1190 1211 καὶ
1237 1158 1460 1227 βασιλέα
1484 1200 1498 1222 ,
1550 1158 1649 1209 σὺν
1690 1160 1789 1211 αὐ-

229 1252 341 1309 τοῖς
413 1247 666 1314 ἱκέτευε,
740 1251 981 1319 παναγία
1053 1251 1359 1318 Δέσποινα,
1432 1250 1789 1315 διασώζεσθαι

227 1339 398 1408 ἡμᾶς·

296 1431 585 1501 Μακάριος
617 1433 646 1485 ό
695 1432 826 1497 λαὸς
865 1436 952 1487 ἀεὶ
985 1434 1305 1506 μακαρίζων
1335 1452 1414 1502 σε,
1454 1436 1721 1506 μακαρία,
1753 1438 1786 1508 ἡ

226 1520 361 1575 Θεὸν
389 1523 481 1575 τὸν
528 1525 799 1596 μακάριον
836 1526 1059 1592 τέξασα,
1089 1529 1216 1592 τοὺς
1258 1529 1482 1599 βροτοὺς
1512 1528 1579 1582 δι’
1611 1525 1790 1582 οἶκτον

228 1616 530 1687 ἀπορρήτῳ
562 1618 754 1672 ἐνώσει
781 1618 1079 1674 θεώσαντα.

296 1704 477 1775 Τόμον
531 1724 591 1760 σε
639 1711 894 1779 προεώρα
923 1712 951 1762 ό
981 1715 1267 1783 προφήτης
1289 1755 1302 1777 ,
1336 1714 1395 1767 ἐν
1421 1707 1465 1782 ᾦ
1495 1715 1662 1781 Λόγος
1689 1714 1784 1782 γέ-

222 1810 475 1864 γραπται
498 1796 747 1869 δακτύλῳ
808 1800 1041 1869 Πατρός,
1070 1802 1333 1872 Παρθένε,
1363 1804 1422 1857 ὃν
1453 1806 1660 1857 ίκέτευε
1708 1804 1788 1874 βίο

224 1884 339 1955 ὅλῳ
361 1890 456 1959 τῆς
483 1889 626 1960 ζωῆς
667 1892 817 1961 ἡμᾶς
866 1896 1286 1966 καταγραφῆναι
1312 1896 1434 1961 τοὺς
1463 1896 1699 1960 εὐσεβῶς
1727 1914 1785 1950 σε

222 1977 562 2044 δοξάζοντας.

292 2072 405 2125 Νοῦ
437 2073 532 2127 τοῦ
569 2075 804 2144 μεγάλου
832 2078 1002 2145 Λόγον
1037 2078 1127 2131 τὸν
1153 2079 1339 2145 ἀΐδιον,
1381 2080 1538 2151 κόρη,
1568 2082 1783 2154 ἀληθῶς

224 2171 281 2219 ἐν
319 2169 405 2221 σοὶ
437 2169 688 2242 ἀρρήτως
720 2173 816 2226 καὶ
846 2174 1089 2243 φρικτῶς
1142 2179 1542 2247 κατοικήσαντα
1574 2178 1784 2249 βλέπων

223 2260 419 2326 ἐϐόησε
474 2262 714 2334 Γαϐριὴλ
757 2266 784 2317 ό
828 2266 1205 2336 ἀρχάγγελος⁸
1257 2269 1449 2339 Χαῖρε,
1490 2270 1644 2340 θρόνε
1689 2273 1782 2326 τοῦ

238 2350 518 2420 Ὑψίστου,
547 2355 906 2426 εὐλογημένη.

291 2445 397 2497 Τὸν
425 2446 654 2518 Σωτῆρα
703 2452 793 2501 καὶ
836 2450 987 2515 Θεὸν,
1042 2452 1133 2504 καὶ
1176 2455 1471 2523 Λυτρωτὴν
1532 2456 1625 2508 καὶ
1684 2459 1781 2509 Δε-

224 2537 437 2607 σπότην
488 2541 652 2608 σαρκὶ
704 2542 982 2605 τεκοῦσα,
1017 2544 1256 2612 πάναγνε
1294 2546 1590 2610 Δέσποινα,
1655 2548 1782 2601 τοῦ-

224 2645 315 2680 τον
344 2630 454 2693 ἀεὶ,
484 2630 740 2700 ἄχραντε,
780 2633 1041 2698 δυσώπει,
1074 2635 1222 2700 ὅπως
1256 2638 1404 2690 λύσιν
1434 2639 1541 2691 τῶν
1567 2639 1776 2703 δεινῶν,

221 2723 317 2775 καὶ
352 2723 565 2776 πολλῶν
602 2725 881 2794 ἁμαρτιῶν
909 2728 1008 2796 τὴν
1036 2729 1227 2794 ἄφεσιν
1254 2729 1528 2800 λάϐωμεν,
1559 2731 1782 2802 ὐμνολο-

218 2815 447 2886 γοῦντες
479 2816 646 2870 αὐτοῦ
677 2818 803 2882 τοὺς
840 2819 979 2890 ὑπὲρ
1006 2820 1128 2874 νούν
1158 2823 1496 2894 οἰκτιρμούς.

286 3080 672 3149 Νυμφοστόλος
716 3084 743 3135 ό
792 3082 931 3146 Gaio;
974 3085 1313 3154 ἀρχάγγελος
1346 3088 1573 3152 ἐπιστάς
1608 3106 1779 3160 προσ-

1895 604 2110 658 salvans
2143 619 2310 672 genus
2343 603 2662 657 humanum.

1964 694 2423 751 lntellectualibus
2449 697 2653 766 angelis
2679 698 3047 752 sublimiorem
3076 708 3126 751 te
3157 697 3283 753 fecit
3313 699 3451 755 Deus

1893 785 2225 841 descendens
2256 791 2639 858 etingrediens
2685 791 2736 841 in
2774 801 2983 844 uterum
3019 800 3170 844 tuum
3228 794 3455 859 purissi-

1895 895 2061 940 mum,
2092 894 2125 932 0
2158 879 2431 935 inviolata.
2464 880 2616 936 llluut
2661 876 2822 951 igitur
2865 899 3077 951 semper
3135 885 3449 951 deprecare,

1893 979 1951 1023 ut
1980 986 2166 1024 eorum
2198 970 2289 1038 qui
2322 981 2371 1025 te
2404 972 2644 1035 laudaut,
2680 974 3019 1026 misereatur.

1960 1059 2002 1113 Ο
2031 1058 2213 1129 Virgo,
2244 1077 2364 1131 quae
2396 1062 2667 1135 angelicas
2700 1062 3003 1122 Potestates
3049 1066 3444 1133 superemines,

1891 1160 1942 1205 et
1990 1155 2240 1221 peperisti
2290 1155 2533 1207 omnium
2584 1155 2769 1219 Deum,
2803 1167 2854 1210 et
2910 1154 3143 1225 Regem,
3173 1174 3277 1212 una
3318 1173 3451 1236 ‘eum

1892 1246 1996 1298 illis
2045 1261 2230 1314 preces
2281 1246 2515 1313 eﬂ'undc,
2574 1264 2608 1302 0
2666 1232 2889 1304 Domina
2946 1232 3331 1317 ε›ιιιιοιίς›εἰιιιιι,⁷
3353 1268 3452 1322 pro

1891 1336 2062 1389 Salute
2099 1346 2306 1392 nostra.

1963 1426 2155 1484 Beatus
2203 1432 2458 1500 populus,
2483 1433 2571 1500 qui
2633 1433 2900 1488 beatiﬁcat
2935 1444 3005 1498 te,
3035 1451 3066 1487 o
3109 1438 3285 1501 beata,
3322 1453 3443 1506 qua:

1893 1518 2059 1573 Deum
2088 1523 2302 1576 beatum
2332 1524 2603 1591 peperisti,
2639 1526 2728 1594 qui
2752 1537 2995 1595 .propter
3039 1543 3190 1581 suam
3223 1530 3442 1583 miseri—

1889 1614 2126 1668 cordiam
2157 1616 2407 1670 homines
2433 1617 2686 1671 inell'ahili
2712 1620 2912 1673 unione
2942 1621 3236 1674 deitieavit.

1960 1703 2221 1759 Volumen
2268 1708 2514 1776 praevidit
2571 1718 2619 1762 te
2666 1712 2946 1779 propheta,
2972 1727 3005 1765 ο
3045 1710 3224 1781 Virgo,
3254 1713 3306 1766 in
3345 1728 3453 1780 quo

1891 1794 2125 1851 Verbum
2161 1799 2422 1868 scriptum
2447 1809 2529 1855 est
2563 1800 2728 1871 digito
2760 1804 2933 1859 Patris
2976 1821 2989 1857 :
3020 1807 3164 1875 quod
3216 1805 3445 1873 supplex

1892 1905 2078 1956 exora,
2119 1893 2507 1948 utascribatin
2529 1895 2666 1949 libro
2684 1896 2803 1950 vita:
2841 1913 2960 1963 nos,
2995 1899 3085 1968 qui
3121 1907 3170 1952 te
3199 1899 3453 1968 religiose

1891 1983 2277 2054 gloriﬁcamus.

1962 2073 2167 2144 Magnae
2196 2079 2391 2134 mentis
2421 2078 2658 2134 Verbum
2695 2092 2958 2134 aeternum
2993 2080 3047 2135 in
3093 2091 3164 2143 te,
3191 2096 3224 2134 ο
3251 2082 3448 2150 puella,

1891 2168 2234 2225 inetl‘abiliter
2252 2187 2312 2227 ae
2339 2172 2756 2228 formidabiliter
2785 2189 2907 2228 vere
2937 2174 3209 2229 habitasse
3238 2174 3452 2228 intuens

1891 2260 2103 2316 Gabriel
2159 2264 2538 2333 arebangelus,
2574 2265 2872 2321 clamabat:
2910 2267 3040 2331 Ave,
3081 2266 3306 2321 thronus
3359 2266 3456 2319 Al-

1894 2354 2109 2418 tissimi,
2137 2369 2172 2409 0
2202 2355 2505 2410 benedicta.

1958 2445 2093 2501 Cum
2183 2448 2515 2503 Salvatorem
2569 2457 2623 2501 et
2664 2446 2855 2511 Deum,
2923 2447 3333 2518 Redemptorem
3401 2460 3455 2502 ct

1894 2536 2177 2589 Dominum
2210 2537 2533 2605 perpereris,
2571 2553 2604 2591 0
2656 2536 2962 2591 castissima
2999 2536 3224 2591 Domina
3249 2580 3266 2603 ,
3294 2554 3451 2593 eum-

1887 2627 2007 2680 dem
2051 2644 2261 2697 semper
2318 2630 2632 2698 deprecare,
2664 2645 2697 2682 0
2744 2629 3115 2689 immaculata,
3154 2640 3213 2682 ut
3264 2628 3354 2695 ab,
3387 2648 3453 2680 eu
3524 2688 3535 2696 Δ

1888 2722 2132 2789 recipere
2167 2722 2440 2789 possimus
2457 2722 2901 2790 gravissimorum
2939 2722 3204 2774 malorum
3258 2722 3454 2790 depul-

1887 2814 2121 2878 sionem,
2151 2814 2620 2884 plurimorumque
2667 2813 2823 2883 175
2857 2823 3205 2882 peccatorum
3262 2815 3452 2868 remis-

1886 2908 2118 2974 sionem,
2148 2907 2430 2960 laudantes
2484 2907 2886 2960 misericordias
2942 2899 3082 2976 ejus,
3119 2922 3241 2976 quae
3288 2921 3451 2961 exce-

1887 2999 2023 3053 dunt
2056 3014 2269 3051 omnem
2306 2999 2722 3067 cogitationem.

1958 3089 2227 3160 Nuptialis
2273 3106 2477 3159 auspex
2515 3091 2731 3145 divinus
2765 3089 3122 3159 arehangelus
3149 3104 3322 3159 prope
3355 3104 3448 3143 as-

216 3174 485 3243 qtbvqos,
509 3174 567 3225 τὸ
596 3176 763 3244 Χαῖρε
792 3178 892 3239 σοὶ,
910 3175 1111 3248 Νύμφη
1147 3178 1280 3231 Θεοῦ
1312 3179 1643 3250 ἀνύμφευτε,
1672 3184 1776 3237 τῶν

1890 3190 2035 3247 laus,
2072 3182 2398 3236 exclamavit
2431 3182 2548 3247 tibi,
2578 3182 2711 3247 Ave,
2743 3197 2775 3235 0
2823 3195 3020 3251 sponsa
3064 3180 3154 3234 Dei
3200 3180 3449 3250 innupta,

220 3266 469 3332 ἀγγέλων
503 3266 705 3335 ήδόξα,
760 3269 853 3319 καὶ
898 3268 1007 3321 τῶν
1051 3270 1352 3340 ἀνθρώπων
1387 3274 1446 3325 τὸ
1492 3274 1780 3345 διάσωσμα

219 3359 312 3410 καὶ
350 3359 753 3429 περιτείχισμα.

285 3450 403 3521 Πύρ
457 3451 691 3522 ἐκύησας
737 3452 987 3524 οὐδαμῶς
1042 3456 1302 3524 φλογίσαν
1357 3476 1472 3522 σου,
1510 3462 1776 3533 Παρθένε,

216 3545 399 3610 νηδὺν,
435 3544 608 3613 Λόγον
652 3545 947 3617 ἐγέννησας
983 3548 1214 3618 Πατρός,
1248 3551 1631 3622 ἐξαιρούμενον
1659 3559 1781 3609 ἀλο-

214 3637 337 3704 γίας
386 3640 512 3701 τοὺς
557 3637 745 3707 λόγους
795 3637 890 3692 τοῦ
936 3640 1137 3694 πλάνου
1199 3644 1629 3710 ὑπακούσαντας,
1684 3650 1778 3702 καὶ

213 3728 669 3797 παρακούσαντας
719 3729 814 3783 τοῦ
865 3734 1222 3802 πεποιηκότος
1270 3735 1404 3787 Θεού
1449 3737 1543 3790 τοῦ
1588 3740 1776 3808 φιλαν-

213 3817 457 3888 θρώπου.

281 3910 437 3979 Φωνῇ
472 3908 567 3962 τοῦ
609 3909 843 3979 ἀγγέλου
873 3910 1113 3984 Γαϐριὴλ
1171 3913 1463 3979 συνέλαϐες
1509 3916 1642 3971 Θεὸν
1669 3919 1776 3971 Λό-

212 3999 329 4069 γὸν,
381 4001 781 4071 Μναμὼμητε,
823 4001 966 4073 λόγῳ
995 4004 1089 4067 τὰς
1118 4004 1230 4058 ἄνω
1263 4008 1593 4078 στρατηγίας
1624 4014 1775 4080 ποιή-

213 4110 405 4156 σαντα,
441 4092 537 4146 καὶ
570 4092 725 4160 λόγον
760 4095 1069 4165 παρέχοντα
1102 4097 1291 4165 ὑμνεῖν
1325 4098 1422 4169 τὴν
1451 4099 1591 4172 ὑπὲρ
1615 4100 1772 4170 λόγον

208 4186 304 4238 καὶ
327 4185 537 4239 ἔννοιαν
564 4186 753 4241 τούτου
792 4188 957 4257 ἁγίαν
984 4191 1422 4257 συγκαταϐασιν.

277 4369 533 4430 Φανεῖσα,
578 4368 842 4437 Παρθένε,
873 4369 1186 4439 πλατυτέρα
1219 4374 1460 4444 οὐρανῶν
1487 4374 1768 4447 ἐχώρησας

206 4461 341 4514 θεὸν
370 4462 809 4531 ἀνερμηνεύτως,
839 4460 900 4515 όν
930 4462 1239 4533 ἀσωμάτων
1274 4467 1426 4535 χοροὶ
1474 4468 1769 4537 άνυμνούσι

210 4551 535 4623 μυστικῶς·
596 4554 759 4606 αὐτὸν
814 4550 908 4606 οὖν
974 4555 1226 4620 ἱκέτευε,
1307 4558 1486 4627 ἁγνὴ,

204 4647 355 4714 ἡμᾶς
406 4644 648 4716 σωθῆναι
695 4644 822 4709 τούς
853 4662 910 4699 σε
954 4646 1358 4718 μακαρίζοντας
1408 4652 1612 4719 φωναῖς
1648 4654 1769 4704 ἀσι-

203 4737 411 4808 γήτοις.

212 4850 315 4903 Ἐκ
344 4848 453 4924 τοῦ
496 4850 765 4916 Κανόνας
811 4852 905 4924 είςλ
927 4850 1032 4924 τὰς
1086 4852 1259 4923 ἁγίας
1324 4853 1619 4923 μάρτυρας
1648 4860 1771 4924 Μη-

266 4919 544 5058 magar
574 4961 591 4987 ,
676 4921 1075 4989 Μητροδώραν
1100 4919 1144 4990 ,’
1183 4919 1280 4977 καί
1325 4919 1763 4995 Νὺμςεοὸὧρωλ,

486 5007 502 5039 ι
522 5029 535 5043 ο

279 5107 374 5170 Ὠς
403 5106 645 5176 ἔμψυχον
690 5108 950 5180 θάλαμον,
983 5110 1059 5170 ὡς
1104 5109 1430 5182 ἀδιάφθορον
1477 5114 1764 5185 σκήνωμα,

96 5192 101 5267 ᾗ
194 5198 272 5262 ὡς
301 5198 485 5267 πύλην
529 5200 799 5271 οὐράνιον,
847 5201 924 5264 ὡς
958 5202 1109 5255 θείαν
1141 5202 1443 5274 τράπεζαν,
1481 5204 1556 5268 ὡς
1588 5205 1764 5259 παλά-

194 5309 332 5354 τιον,
366 5292 464 5344 καὶ
500 5291 689 5362 θρόνον
736 5292 830 5346 τοῦ
861 5294 1132 5348 Δεσπότου
1186 5295 1409 5366 Μαρίαν
1436 5297 1531 5367 τὴν
1565 5297 1764 5367 ἄχραν-

96 5383 101 5463 l
195 5401 287 5436 τον
318 5383 516 5453 ὕμνοις
546 5385 889 5455 τιμήσωμεν.

268 5638 398 5704 (74)
425 5637 569 5692 Idem
593 5638 733 5707 apud
757 5652 842 5691 me
864 5648 945 5692 est
967 5636 1259 5691 immunem
1284 5651 1403 5691 esse
1428 5632 1698 5706 Virginem
1730 5651 1758 5689 a

293 5719 421 5764 cato
447 5708 700 5777 originali
732 5717 788 5763 et
830 5708 1051 5772 actuali,
1079 5723 1144 5763 ac
1178 5722 1299 5760 esse
1338 5707 1759 5761 immaculatam.

240 5782 345 5835 ieet
370 5780 516 5834 enim
562 5779 808 5834 homines
842 5778 1086 5847 concepti
1137 5779 1188 5831 in
1238 5788 1458 5845 peccato
1498 5777 1762 5831 immacu-

194 5852 284 5906 ιιιιὶ
335 5860 753 5920 nuncupentur,
809 5861 867 5904 ut
928 5865 1050 5904 cum
1121 5849 1317 5903 dicitur
1373 5848 1424 5900 in
1489 5848 1697 5917 psalmo
1746 5887 1761 5912 ,

1886 3273 2199 3344 angelorum
2255 3276 2449 3345 gloria,
2495 3283 2550 3329 et
2611 3274 2888 3328 hominum
2927 3274 3095 3337 salus,
3136 3280 3191 3325 et
3257 3274 3439 3324 inuni-

1886 3374 2147 3418 mentum.
2589 3411 2593 3414 .

1956 3456 2137 3525 Ignem
2172 3453 2489 3524 concepisti,
2522 3454 2615 3523 qui
2647 3468 2985 3522 nequaquam
3020 3462 3229 3507 uterum
3267 3459 3442 3513 tuum,

1884 3562 1918 3602 ο
1957 3545 2139 3617 Virgo,
2176 3547 2408 3600 ﬂammis
2452 3545 2783 3611 combussit;
2842 3542 3073 3599 Verbum
3129 3545 3304 3599 Patris
3355 3561 3447 3615 ge-

1883 3640 2070 3705 nuisti,
2104 3639 2246 3707 quod
2290 3638 2481 3691 liberat
2530 3637 2600 3690 ab
2650 3636 3061 3690 irrationalitate
3101 3652 3193 3689 eos
3220 3638 3309 3706 qui
3357 3652 3444 3689 se-

1881 3733 2128 3786 ductoris
2156 3731 2333 3785 verbis
2364 3730 2707 3794 obedierunt,
2738 3740 2791 3783 et
2832 3730 2941 3782 Deo
2976 3727 3167 3782 facturi
3194 3743 3292 3782 suo
3338 3727 3445 3782 huc

1883 3823 2201 3878 manissimo
2236 3822 2612 3876 inohedientes
2637 3821 2877 3875 fuerunt.

1947 3918 2051 3970 Per
2080 3930 2265 3969 vocem
2296 3914 2471 3983 angeli
2507 3912 2799 3971 Gabrielis.
2831 3925 2864 3964 o
2893 3908 3274 3970 mundissima,
3314 3923 3444 3962 con-

1879 4007 2067 4078 Cepisti
2108 4008 2273 4060 Deum
2308 4003 2570 4069 Verbum,
2595 4005 2687 4074 qui
2719 4005 2883 4057 verbo
2915 4018 3181 4071 supernos
3229 4001 3442 4055 exerci-

1878 4108 1967 4152 tus
1994 4099 2217 4158 ereavit.
2249 4106 2303 4152 et
2332 4098 2554 4151 Verbum
2590 4098 2810 4166 praebet,
2844 4111 2954 4165 quo
2993 4103 3237 4149 sanitam
3296 4094 3445 4147 illius

1876 4189 2279 4242 descensionem
2317 4202 2381 4242 ac
2416 4186 2827 4249 demissionem,
2862 4202 2983 4255 qua:
3033 4195 3250 4253 supcrat
3283 4199 3445 4239 omne

1875 4279 2096 4333 verbum
2133 4290 2185 4332 et
2236 4276 2883 4347 cogitationem,laudare
2930 4276 3225 4345 possimus.

1942 4368 1987 4424 Ο
2034 4367 2214 4440 Virgo,
2241 4370 2400 4422 latior
2429 4370 2581 4424 cmlis
2624 4368 2945 4437 apparuisti,
2981 4368 3266 4421 continens
3294 4367 3343 4419 in
3392 4375 3444 4420 te

1874 4461 2216 4515 ineﬂ‘abiliter
2254 4460 2446 4523 Deum,
2470 4475 2632 4529 quem
2662 4461 3107 4528 incorporeorum
3138 4458 3293 4510 chori
3328 4474 3445 4528 my-

1564 4561 1769 4625 πάντας
1796 4565 1848 4625 Ι)
1875 4557 2009 4610 stice
2073 4554 2402 4608 eollaudaut.
2435 4554 2615 4623 Ipsum
2656 4570 2787 4623 ergo
2844 4554 3159 4623 deprecare,
3196 4570 3227 4607 0
3268 4564 3439 4616 casta,

1878 4662 1977 4715 pro
2001 4647 2177 4700 salute
2206 4647 2450 4700 omnium
2487 4657 2756 4711 nostrmn,
2788 4646 2883 4717 qui
2914 4657 2965 4701 te
2996 4646 3308 4715 irrequietis
3344 4662 3441 4699 vo-

1875 4741 2028 4794 cibus
2049 4740 2442 4794 beatilieamus.

1880 4854 1962 4909 Ex
1985 4855 2192 4909 Conone
2231 4856 2283 4906 in
2325 4856 2456 4923 festo
2488 4854 2588 4909 SS.
2630 4865 2921 4925 martyrum
2966 4853 3288 4918 Menodo‘ra’,
3331 4851 3441 4905 Με-

2157 4927 2406 4986 trodora’,
2430 4934 2477 4977 et
2514 4925 2923 4994 Nympltndorw,
2952 4927 3035 4976 die
3071 4926 3154 4976 tu.

1946 5103 2226 5172 Tanquam
2279 5104 2574 5157 thalamum
2610 5111 2930 5165 animatum,
2960 5110 3214 5169 tanquam
3263 5101 3441 5153 taber-

1874 5200 2130 5254 naculum
2165 5202 2565 5269 incorruptum,
2598 5208 2853 5267 tanquam
2896 5206 3108 5266 portam
3141 5197 3435 5260 cmlestem,

1872 5300 2126 5358 tanquam
2187 5305 2428 5343 mensam
2483 5288 2746 5352 divinam,
2788 5296 3045 5355 tanquam
3090 5286 3347 5355 palatium
3384 5298 3437 5338 et

1872 5382 2124 5435 thronum
2182 5379 2419 5446 Domini,
2471 5378 2698 5434 Mariam
2742 5378 3170 5443 immaculatam,
3216 5377 3434 5448 hymnis

1870 5474 2202 5529 honoremus
2233 5473 2368 5543 (7t).

1871 5633 2020 5689 Beati
2052 5633 2378 5687 immaculati
2414 5634 2469 5686 in
2496 5634 2600 5696 via,
2626 5648 2813 5700 parum
2833 5629 3015 5694 refert,
3046 5631 3300 5699 quoniam
3327 5646 3432 5683 non

1871 5705 2063 5773 loquor
2089 5707 2154 5759 de
2179 5704 2421 5773 qualibet
2454 5709 2859 5773 nuncupatione
2904 5703 3137 5756 nominis
3169 5703 3437 5773 immacu-

1873 5771 1986 5838 lati,
2013 5777 2106 5829 sed
2146 5771 2212 5827 de
2252 5774 2498 5828 absoluta
2534 5783 2587 5828 et
2621 5771 3072 5832 antonomastiea,
3106 5783 3158 5825 ct
3189 5771 3429 5841 speciali,

1872 5858 2223 5915 personarque
2271 5844 2634 5914 particular-is,
2667 5852 2720 5898 et.
2772 5844 2823 5897 in
2871 5841 3021 5897 Novo
3061 5842 3432 5915 Testamento,
