4166 6458
730 370 862 435 118Π

735 571 1003 639 dispelle;
1043 566 1244 637 peccati
1287 564 1502 616 vincula
1559 562 1874 628 disrumpe;
1908 559 2056 612 salva
2093 573 2176 609 me
2218 569 2294 615 tu,

731 678 854 731 quae
890 661 1034 714 outni
1082 654 1457 709 misericordia
1486 653 1788 723 praeditum,
1812 654 2166 719 omniumque
2196 652 2299 702 mi-

730 764 998 808 serentem
1032 748 1309 819 peperisti.

806 844 887 897 Me
916 843 1090 895 dolosi
1122 841 1327 895 malitia
1358 841 1741 908 interemptum
1772 835 2008 900 viviﬁca,
2039 849 2073 889 o
2124 834 2301 888 illiba-

732 938 965 1000 tissima,
1001 952 1121 1005 quze
1157 935 1325 987 vitam
1383 935 1554 1002 ipsam
1606 931 1905 1002 peperisti;
1944 931 2008 983 ad
2058 941 2109 984 te
2157 930 2300 983 enim

731 1026 984 1097 confugi;
1032 1027 1174 1079 etin
1234 1024 1505 1095 profunda
1566 1034 1915 1093 peccatorum
1977 1020 2300 1090 prolapsmu

731 1122 898 1188 erige,
922 1128 1084 1187 atque
1103 1119 1347 1177 extrahe.
1376 1128 1636 1185 tanquam
1674 1114 1832 1185 176
1876 1113 2237 1183 compatiens,
2271 1126 2305 1164 0

735 1221 843 1265 tota
869 1211 1213 1265 immaculata
1247 1208 1384 1279 (75).
1714 1202 1717 1207 ’

800 1301 937 1357 Cum
987 1313 1037 1357 te
1083 1302 1253 1356 solam
1301 1302 1547 1360 electam,
1584 1306 1638 1352 et
1691 1299 2077 1367 pulcliratn,et
2111 1312 2307 1351 caren-

733 1405 840 1449 tem
878 1396 1115 1456 macula,
1151 1394 1548 1447 divinissinmm
1602 1390 1837 1445 Verbum
1892 1390 2207 1455 invenisset,
2241 1405 2305 1442 ex

733 1498 785 1542 te
817 1490 1157 1542 incarnatum
1191 1500 1292 1549 est,
1325 1502 1357 1538 0
1380 1485 1562 1550 dixina
1596 1487 1770 1554 gratia
1802 1485 2136 1554 plenissima.

803 1580 1036 1635 Sanctus
1076 1590 1160 1634 est
1220 1579 1386 1642 Deus,
1418 1581 1508 1647 qui
1568 1577 1831 1630 habitavit
1878 1578 1929 1629 in
1970 1586 2129 1631 utero
2189 1583 2306 1640 tuo,

732 1688 855 1725 cum
915 1683 965 1725 te
996 1673 1251 1745 omnibus
1282 1671 1550 1724 creaturis
1581 1668 1909 1723 sanctiorem
1937 1684 2001 1720 ac
2026 1669 2304 1738 puriorem

736 1767 1035 1821 invenisset
1078 1765 1211 1835 (7(5),
1245 1780 1276 1816 ο
1316 1764 1405 1819 Dei
1463 1763 1632 1817 Mater
1682 1763 2029 1816 immaculata
2079 1764 2305 1833 Regina,

731 1857 889 1923 cujus
912 1872 1105 1910 nomen
1138 1856 1563 1909 dominationem
1600 1865 1779 1909 sonat.

805 1952 975 2018 Supra
1013 1962 1216 2003 natura:
1248 1950 1512 2011 ordinem,
1541 1949 1853 2002 (Zreatorem
1901 1950 1953 2001 in
1991 1959 2146 2001 utero
2196 1955 2298 2000 tuo

733 2052 1054 2111 conceptum
1086 2053 1300 2111 gestare
1328 2044 1488 2112 digna
1521 2044 1660 2095 facta
1700 2042 1871 2108 fuisti,
1897 2059 1929 2096 ο
1960 2044 2137 2113 puella
2160 2083 2175 2105 ,
2208 2044 2300 2112 qui

736 2131 1049 2185 reformavit
1085 2150 1205 2200 nos,
1240 2149 1365 2188 cum
1411 2134 1512 2187 hde
1531 2141 1789 2188 canentes
1825 2151 1838 2186 ;
1872 2133 2199 2188 Benedictus
2219 2148 2299 2197 es,

732 2226 970 2280 Christe.
1626 2218 1632 2226 ’

805 2316 1085 2386 Tanquam
1118 2319 1374 2387 templum
1418 2318 1508 2370 Dei
1560 2318 1992 2382 immaculatum,
2024 2334 2057 2371 ο
2106 2319 2302 2388 puella,

735 2416 983 2465 eumdem
1015 2413 1300 2479 suscepisti
1329 2413 1566 2465 humano
1594 2430 1821 2482 corpore
1850 2415 2115 2473 indutum,
2149 2424 2202 2465 et
2231 2415 2307 2478 in,

737 2504 949 2557 duabus
984 2505 1195 2557 naturis
1225 2506 1502 2569 cognitum
1527 2520 1545 2557 :
1575 2505 1661 2557 cui
1695 2507 2044 2558 concinimus
2092 2522 2105 2558 :
2138 2505 2311 2558 Bene-

736 2598 923 2658 dicite,
959 2611 1145 2665 opera,
1203 2596 1512 2651 Dominutn.

812 2687 981 2741 Parce
1012 2689 1163 2749 mihi,
1200 2689 1435 2752 Christe,
1471 2690 1600 2742 dum
1646 2690 2127 2758 venerisjudicare
2152 2706 2309 2745 mun-

740 2781 869 2833 dum
942 2796 1066 2833 cum
1126 2779 1355 2847 gloria:
1415 2781 1657 2834 dissolve
1709 2782 1938 2836 nebulas
1998 2783 2311 2851 passionum

742 2885 988 2923 mearum
1044 2873 1297 2939 precibus
1353 2872 1645 2926 Geuitticis
1700 2883 1824 2935 tuae,
1860 2890 1923 2926 ac
1977 2877 2315 2928 venerando-

746 2978 866 3015 rum
926 2973 1222 3031 martyrum
1287 2977 1548 3028 tuorum,
1612 2974 1868 3034 tanquam
1920 2967 2114 3029 bonus,
2146 2968 2316 3036 pluri-

748 3067 949 3120 maque
976 3055 1351 3107 misericordia
1389 3055 1605 3122 plenus.

1859 361 1913 417 S.
1959 355 2266 417 JOSEPHI
2308 352 2862 415 llYMNOGRAPIII

804 485 1034 549 Appare,
1064 492 1095 528 o
1132 473 1289 543 Virgo
1333 479 1504 535 casta,
1536 478 1589 522 et
1631 468 1826 522 animm
1861 482 1993 520 mea:
2045 465 2295 519 tenebras
2329 474 2369 527 Α

3826 349 3962 412 11Βῖ

2487 468 2843 535 Ἐπιφανεῖσα
2870 466 2969 535 τῆς
2997 464 3173 534 ψυχῆς
3205 483 3305 535 μου
3332 466 3391 519 τὸ
3423 467 3609 530 σκότος
3656 467 3951 529 ἀπέλειπον,

2400 560 2671 628 ἁμαρτίας
2698 560 2795 620 τὰς
2823 560 3031 627 σειρὰς,
3064 558 3203 628 ἁγνὴ
3235 559 3820 630 Παρθένε,διάρῤηξον,
3854 559 3962 612 σῶ-

2405 646 2495 697 σόν
2532 661 2623 714 με,
2657 645 2912 714 κυήσασα
2940 645 3031 697 τὸν
3062 643 3511 715 πανοικτιρμονα.

2476 822 2835 891 Νεκρωθέντα
2887 839 2952 891 με
2996 821 3165 892 κακίᾳ
3195 820 3290 873 τοῦ
3336 821 3531 887 δολίου,
3564 822 3895 891 πανάμωμε,
3932 824 3965 889 ἡ

2405 914 2557 982 Ζωὴν
2583 914 2837 980 τεκοῦσα,
2875 914 3112 979 ζὼωσον,
3134 914 3268 984 πρὸς
3299 914 3357 966 σὲ
3395 914 3503 983 γάρ
3542 914 3848 984 κατεφυγα,
3881 918 3976 968 καὶ

2407 1007 2717 1078 ἐμπεσόντα
2763 1007 2842 1070 εἰς
2884 1005 3019 1075 βάθη
3066 1007 3479 1076 παραπτώσεων
3523 1008 3863 1074 ὲπανάγαγε,
3900 1007 3975 1067 ὠς

2409 1116 2473 1153 συ
2480 1098 2719 1170 μπαθης,
2759 1099 3161 1171 παναμώμητε.

2482 1282 2549 1334 Σὲ
2611 1282 2779 1349 μόνην
2828 1279 3109 1349 ὲκλεκτὴν,
3163 1278 3255 1331 καὶ
3303 1279 3495 1350 καλὴν,
3541 1281 3633 1334 καὶ
3675 1279 3976 1350 ἀμώμητον

2411 1376 2715 1445 εὑράμενος
2758 1373 3104 1442 σωματοῦται
3154 1376 3183 1427 ὁ
3236 1372 3498 1444 ὑπέρθεος
3523 1375 3693 1444 Λόγος
3738 1378 3804 1431 ὲκ
3858 1377 3977 1443 σοῦ,

2409 1469 2802 1540 Θεοχαρίτωτε.

2485 1563 2677 1628 ’Ἄγιος
2710 1565 2737 1615 ὁ
2778 1562 3061 1632 σκηνώσας
3085 1578 3142 1614 εν
3178 1563 3363 1634 μήτρᾳ
3393 1580 3487 1617 σου
3515 1562 3717 1631 Κύριος
3744 1565 3976 1631 άτιωτὲο

2413 1671 2511 1723 ραν
2562 1653 2738 1722 εὑρών
2784 1670 2841 1706 σε
2898 1654 2993 1707 καὶ⁵
3045 1653 3437 1725 καθαρωτέραν
3478 1658 3707 1718 κτίσεως
3778 1656 3977 1726 πάσης,

2414 1745 2721 1817 Θεομῆτορ,
2757 1745 3074 1816 κυριώνυμε
3103 1746 3339 1817 ἄχραντε
3364 1746 3650 1801 Δέσποινα.

2500 1931 2822 2003 Ὑπερφυῶς
2871 1932 2962 1984 τὸν
3017 1931 3253 2003 κτίστην
3314 1936 3381 2005 τῇ
3424 1935 3619 2006 γαστρί
3669 1951 3786 1998 σου.
3821 1935 3981 2006 κόρη.

2415 2027 2750 2096 κυοφορῆσαι
2806 2024 3140 2095 κατηξίωσαι
3198 2028 3345 2097 ἡμᾶς
3398 2029 3809 2084 ἀναπλάττοντα
3857 2033 3982 2092 τοὺς

2421 2119 2790 2190 ιιελῳδοῦντας
2821 2121 3000 2173 πίστει
3024 2136 3039 2149 '
3074 2121 3298 2191 Χριστὲ,
3330 2121 3622 2192 εὐλογητὸς
3649 2119 3723 2175 εἷ.

2502 2313 2588 2369 Ὠς
2641 2310 2777 2364 Θεοῦ
2838 2310 3167 2379 ἀκηλιοωτον
3226 2311 3453 2381 τέμενος
3508 2311 3754 2379 ὑπεδέξω
3822 2313 3986 2365 αὐτὴν

2420 2409 2874 2476 σωματούμενον,
2924 2406 3019 2459 καὶ
3061 2407 3119 2457 ὲν
3161 2405 3281 2459 δυσὶ
3325 2408 3447 2469 ταῖς
3484 2405 3678 2474 φύσεσι
3723 2404 3986 2473 γνωριζό-

2424 2516 2601 2567 μενον,
2629 2500 2787 2571 κόρη,
2810 2492 2855 2567 ᾧ
2885 2497 3247 2569 μελῳδοῦμεν·
3284 2499 3591 2567 Εὑλογείτε,
3621 2499 3691 2551 τὰ
3718 2498 3881 2568 ἔργα,
3899 2498 3989 2549 τὸν

2423 2594 2645 2664 Κύριον.

2492 2687 2678 2741 Φεῖσαί
2708 2704 2835 2756 μου,
2870 2686 3090 2756 Χριστὲ,
3118 2684 3248 2737 ὅταν
3274 2684 3430 2754 ἔλθῃς
3457 2687 3638 2753 κρῖναι
3666 2684 3757 2736 τὸν
3785 2686 3989 2753 κόσμον

2428 2781 2565 2850 μετὰ
2608 2780 2787 2847 δόξης,
2826 2779 2984 2833 λῦσον
3030 2778 3129 2848 τὴν
3159 2777 3324 2849 ἀχλὺν
3366 2777 3472 2831 τῶν
3507 2776 3695 2830 παθῶν
3734 2794 3839 2847 μου
3872 2779 3991 2837 ταῖς

2426 2870 2652 2931 ἱκεσίαις
2671 2870 2769 2938 τῆς
2791 2869 3072 2937 κυησάσης
3098 2884 3179 2929 σε,
3195 2868 3289 2921 καὶ
3313 2867 3422 2921 τῶν
3448 2868 3663 2920 σεπτῶν
3687 2867 3992 2938 μαρτύρων

2425 2976 2540 3026 σου,
2564 2960 2639 3022 ὡς
2667 2960 2866 3026 ἀγαθὸς
2894 2958 2990 3011 καὶ
3015 2956 3319 3019 πολυέλεος.

743 3160 827 3215 Ea:
852 3161 1064 3216 Conone
1086 3165 1141 3217 in
1171 3163 1304 3233 festo
1331 3164 1389 3218 S.
1419 3164 1650 3254 Siorng’ii
1679 3162 2016 3219 Centurionis
2041 3162 2315 3229 martyris,

2438 3162 2541 3217 Ἐκ
2570 3162 2682 3254 toﬁ.
2700 3164 2970 3254 Kardlroc;
3006 3164 3117 3254 sic!
3137 3162 3244 3215 τὸν
3268 3160 3737 3254 artari-Anapum?
3766 3160 3994 3229 Keprvi.

1410 3236 1495 3287 die
1535 3235 1621 3289 15.

811 3345 1001 3402 Allicis
1024 3345 1261 3401 ﬁdelium
1286 3348 1450 3403 corda
1474 3348 1539 3401 ad
1563 3356 1616 3403 te
1639 3361 1855 3417 semper
1881 3361 2003 3399 cum
2028 3344 2320 3398 insatiabili

746 3439 1020 3511 desiderio
1086 3441 1519 3509 gloriﬁcandam,
1561 3456 1595 3494 o
1641 3439 1871 3493 Domina
1938 3437 2028 3493 Dei
2090 3439 2321 3505 genitrix

748 3533 1152 3586 immaculata:
1196 3543 1248 3587 tu
1308 3534 1451 3586 enim
1518 3549 1577 3589 es
1618 3535 1900 3587 hominum
1955 3530 2147 3602 gloria,
2199 3546 2321 3601 quae

746 3623 1033 3678 Dominum
1074 3624 1256 3693 glorire
1287 3626 1564 3695 peperisti.

748 3795 873 3834 nam
915 3780 967 3833 in
998 3778 1174 3834 Veteri
1205 3795 1310 3835 non
1345 3775 1627 3835 exstiterat
1653 3780 1981 3840 Christusct
2010 3780 2317 3834 beatissima

752 3851 932 3918 Virgo,
970 3866 1090 3918 qua:
1122 3866 1363 3914 personae
1393 3866 1539 3913 vere,
1572 3862 1625 3905 et
1658 3852 1893 3921 proprie,
1922 3863 1976 3904 et
1995 3852 2239 3913 omnino,
2271 3861 2322 3902 et

751 3924 1181 3975 antonmnastice
1232 3921 1591 3975 immaculata!
1649 3930 1810 3985 sunt;
1852 3930 1905 3974 at
1948 3926 2074 3973 Vero
2105 3936 2227 3974 cum
2269 3923 2320 3972 in

753 3989 929 4043 Veteri
962 3988 1310 4045 Testamento
1350 3992 1485 4045 tales
1532 4006 1778 4061 persona!
1826 4007 1931 4043 non
1972 4001 2170 4053 essent,
2215 4006 2320 4041 non

752 4062 976 4121 mirum,
1008 4063 1052 4114 si
1088 4062 1471 4115 attribueretur
1498 4060 1871 4115 sanctiorihus
1907 4076 2101 4113 nomen
2130 4064 2324 4113 imma-

754 4130 941 4192 culati,
1000 4133 1233 4184 maxime
1278 4147 1401 4185 cum
1450 4146 1549 4185 nec
1597 4132 1843 4185 absolute
1884 4131 1989 4185 illis
2032 4130 2321 4201 tribuatur.

758 4201 848 4253 Sic
881 4215 1003 4253 cmn
1048 4202 1247 4255 dicitur
1283 4219 1295 4255 :
1337 4200 1489 4254 Beati
1532 4201 1868 4254 immaculati
1901 4240 1916 4260 ,
1973 4200 2210 4262 additur,
2269 4201 2325 4253 in

756 4271 865 4331 riu,
899 4270 949 4322 id
977 4281 1085 4338 est,
1128 4273 1179 4324 in
1213 4271 1374 4324 modo
1403 4273 1685 4338 operandi,
1717 4286 1821 4324 non
1850 4271 2091 4325 absolute
2124 4281 2176 4323 et
2210 4285 2327 4323 om-

759 4340 909 4391 nium.
961 4337 1130 4392 David
1185 4342 1346 4393 etiam
1393 4337 1551 4402 dixit.
1615 4341 2018 4395 Immaculata:
2064 4356 2173 4402 cro,
2226 4341 2329 4392 hoc

762 4412 937 4478 ipsum
972 4411 1173 4464 iudicat
1196 4412 1488 4479 aliquando
1519 4428 1626 4465 non
1656 4413 1826 4465 fuisse
1859 4413 2039 4466 talem.
2064 4410 2165 4465 Job
2194 4424 2329 4479 quo-

761 4495 885 4545 que,
914 4480 1005 4547 qui
1054 4493 1366 4548 agnoverat,
1408 4491 1463 4535 et
1506 4492 1866 4551 Sttppusueral
1910 4496 1968 4535 se
2022 4480 2074 4533 in
2107 4489 2328 4550 peccato

756 4560 1103 4619 conceptum,
1145 4562 1328 4619 postea
1364 4568 1419 4604 se
1450 4552 1586 4605 dixit
1640 4552 2046 4605 immaculatum
2100 4554 2167 4604 de
2197 4565 2325 4619 prae-

760 4620 923 4677 senti.
955 4636 1060 4673 non
1099 4621 1164 4673 de
1197 4623 1489 4689 praeterito,
1521 4624 1662 4675 sicut
1695 4623 1784 4674 alii
1830 4621 2205 4690 signiﬁcantur
2233 4624 2331 4672 im-

766 4691 1016 4760 maculati
1048 4691 1115 4743 de
1152 4690 1335 4744 futuro
1360 4693 1410 4744 in
1442 4694 1745 4760 Scriptura.
1776 4692 1967 4745 Modus
1999 4702 2178 4745 autem
2222 4705 2331 4760 quo

759 4757 1029 4828 Iosephus
1055 4772 1108 4813 ct
1140 4763 1228 4815 alii
1276 4763 1459 4816 Patres
1483 4757 1681 4816 vocant
1708 4760 1982 4831 Virginem
2016 4757 2332 4814 immacula-

764 4842 893 4901 tatn,
928 4831 1190 4891 absolute,
1225 4834 1690 4891 antonomaSIice;
1717 4844 1772 4885 et
1804 4832 2005 4901 passim
2039 4846 2142 4884 non
2179 4832 2331 4883 inve-

763 4900 1151 4972 nitursimilis
1184 4902 1235 4954 in
1276 4903 1395 4955 aliis
1438 4903 1660 4965 sanctis,
1702 4913 1756 4955 et
1786 4900 2238 4972 specialissimum
2278 4908 2333 4953 et

764 4971 1025 5036 grandius
1058 4973 1257 5039 aliquid
1292 4987 1453 5040 supra
1486 4988 1675 5025 omnes
1708 4971 1845 5027 ﬁlius
1867 4972 1991 5024 Adae
2026 4974 2246 5036 indicat,
2274 4979 2332 5023 ut

765 5044 817 5092 in
849 5041 964 5113 suis
1011 5041 1494 5098 Dis~ertationibus
1523 5044 1824 5113 epistolicis
1857 5043 2017 5111 epist.
2052 5044 2106 5107 8,
2137 5044 2331 5095 obser-

766 5121 853 5163 vat
877 5110 1333 5179 Nieremln-rgius.

836 5179 948 5252 (75)
991 5181 1246 5236 Concinit
1274 5182 1511 5252 Josepho
1544 5191 1731 5238 nostro
1763 5182 1821 5238 S.
1856 5180 2213 5251 lldephonsus
2241 5196 2332 5235 ar-

765 5250 1145 5319 chiepiscopus
1198 5250 1514 5317 Toletanus,
1566 5254 1615 5307 in
1654 5270 1821 5308 aureo
1859 5250 2089 5307 tractatu
2138 5252 2213 5305 De
2246 5268 2333 5305 co-

765 5336 896 5373 rona
927 5321 990 5375 Β.
1016 5322 1472 5393 iVirginishquod
1505 5341 1663 5393 opus,
1696 5334 1754 5378 ut
1784 5334 2011 5378 testatur
2043 5326 2238 5377 Petrus
2265 5324 2332 5377 de

765 5393 987 5465 Al_\'ain
1008 5392 1650 5465 Bibliotlteca’Virgiuuli,
1676 5394 1843 5448 frlttm
1865 5410 1987 5449 esse
2018 5394 2177 5465 hujus
2204 5408 2333 5465 sau-

764 5460 993 5535 ctissimi
1017 5465 1260 5535 przeSnlis
1280 5460 1567 5519 verisimile
1593 5477 1830 5535 putatur,
1855 5466 1980 5519 dum
2003 5463 2071 5517 ibi
2100 5479 2220 5533 cap.
2242 5464 2330 5529 15,

767 5531 872 5584 hoc
908 5531 1103 5585 habet:
1140 5552 1159 5585 ι
1215 5534 1318 5600 Tn,
1360 5531 1606 5601 Domina,
1656 5552 1871 5605 semper
1917 5531 2233 5605 fuistiiclata
2277 5546 2334 5589 et

770 5618 985 5663 serena.
1020 5606 1253 5669 sincera,
1297 5608 1651 5661 mundissima
1689 5616 1742 5661 et
1778 5604 2016 5661 alumna.
2063 5604 2141 5658 Tu
2185 5605 2330 5659 enim

768 5686 1080 5744 essemper
1112 5682 1219 5727 tota
1251 5678 1493 5744 pulchra,
1542 5688 1649 5731 tota
1702 5677 1962 5740 formosa,
1996 5685 2103 5731 tota
2136 5676 2331 5729 imma-

770 5741 1069 5807 culata,'et
1131 5741 1263 5799 tota'
1303 5750 1570 5813 speciOsa.
1619 5748 1826 5802 Macula
1884 5749 2028 5801 nulla
2081 5748 2331 5807 l‘uscaris,

770 5813 917 5867 nulla
943 5815 1432 5881 sordebuacularis,
1458 5819 1603 5873 omni
1635 5821 1808 5886 gratia
1836 5819 2147 5874 illustraris.
2188 5837 2206 5870 ι
2241 5818 2334 5871 Sic

2645 3237 2781 3286 λιον
2809 3234 2916 3286 τὸν
2939 3232 3398 3300 ἑκατόνταρχον,
3429 3232 3619 3301 ἡμέρᾳ
3651 3238 3741 3298 ιγ’.

2495 3347 2718 3417 eam;
2745 3347 2950 3400 πιστῶν
2977 3346 3202 3417 καρδίας
3230 3346 3320 3401 ἀεὶ
3351 3345 3591 3411 δοξάζειν
3618 3362 3677 3398 σε
3711 3344 3996 3415 ἀκορέστῳ

2425 3440 2633 3509 ἐφέσει,
2675 3438 3039 3509 Θεογεννῆτορ
3072 3440 3337 3491 Δέσποινα
3358 3453 3373 3466 ·
3420 3437 3545 3502 δόξαι
3576 3438 3686 3507 γὰρ
3718 3440 3998 3508 χρηματί-

2425 3534 2539 3597 ζεις
2566 3532 2673 3585 τῶν
2717 3530 3039 3602 ἀνθρώπων,
3070 3531 3271 3596 τέξασα
3315 3530 3405 3583 τὸν
3434 3531 3531 3599 τῆς
3559 3529 3718 3599 δόξης
3765 3529 3993 3599 Κύριον,

2424 3625 2660 3695 ἄχραντε

2424 3781 2531 3833 ille.

2497 3849 2609 3922 (76)
2646 3848 2761 3925 Vox
2802 3850 3007 3917 purior,
3060 3853 3319 3922 applicata
3361 3850 3564 3924 Virgini
3608 3854 3661 3907 in
3708 3870 3995 3925 compara-

2428 3923 2576 3975 tione
2604 3923 2856 3995 omnium;
2899 3934 3297 3995 creaturarum,
3333 3923 3560 3995 omnino
3594 3923 3845 3979 excludit
3868 3944 3997 3995 pec—

2428 4000 2615 4062 catum,
2663 3992 2911 4062 originis.
2947 3993 3084 4062 Nam
3118 3996 3198 4052 (ut
3247 3995 3300 4046 in
3344 3998 3458 4048 suis
3508 3992 3997 4054 Dissertatiunibus

2427 4061 2734 4137 epistolicis
2755 4061 2911 4137 epist.
2944 4061 3177 4137 6,_notat
3208 4064 3291 4137 vir
3316 4066 3529 4137 egregie
3557 4066 3752 4120 doetus
3788 4076 3842 4120 et
3873 4070 3998 4137 pius

2431 4130 2491 4184 P.
2526 4130 2961 4203 Joan_l_3usehius
3004 4130 3463 4203 Nierembergius)
3498 4130 3997 4194 communiter'su.

2432 4211 2658 4275 utuntur
2686 4201 3047 4275 diversimode
3074 4204 3175 4257 ista
3202 4204 3418 4275 nomina
3441 4201 3674 4259 sanctior
3699 4215 3750 4259 et
3782 4210 3994 4275 purior.

2435 4271 2704 4326 Sanctitas
2728 4273 2870 4345 solet,
2902 4274 3040 4326 sumi
3069 4289 3166 4341 pro
3191 4274 3419 4345 positiva
3450 4276 3707 4345 dignitate
3735 4271 3924 4345 gratiae
3945 4294 4001 4336 et

2437 4345 2779 4413 meritorum,
2809 4344 2875 4395 ad
2920 4358 3082 4411 quam
3124 4344 3368 4413 pervenit
3399 4344 3665 4413 creatura,
3694 4344 3840 4401 unde
3885 4366 3997 4405 non

2437 4410 2669 4484 refertur
2704 4414 2767 4467 ad
2807 4410 3101 4484 preter-ita,
3124 4410 3229 4469 sed
3260 4415 3328 4469 ad
3361 4410 3678 4484 presented:
3707 4426 3916 4473 statum
3945 4431 4001 4475 et

2437 4483 2674 4546 culmen,
2717 4484 2781 4536 ad
2820 4483 2964 4553 qttod
3017 4485 3262 4552 pervenit
3310 4483 3502 4553 gratia.
3542 4484 3760 4544 Puritas
3812 4499 3997 4544 autem

2436 4555 2671 4624 sumitur
2707 4568 2805 4621 pro
2836 4554 3078 4622 negativa
3125 4556 3529 4623 propinquitate
3557 4559 3763 4624 peccati
3798 4568 3851 4611 et
3879 4575 4002 4614 sor-

2432 4622 2539 4698 dis,
2576 4624 2721 4698 unde
2766 4625 2988 4690 respicit
3027 4622 3201 4698 etiam
3230 4622 3321 4678 ’ad
3346 4622 3351 4623 ⁷
3375 4622 3733 4695 praeteritum,
3784 4643 3847 4681 ex
3889 4645 4001 4698 quo

2436 4691 2620 4763 haberi
2658 4705 2883 4763 possent
2914 4695 3123 4759 sordes,
3152 4702 3207 4747 et
3237 4691 3415 4749 tamen
3457 4712 3562 4749 non
3593 4698 3811 4752 fuerunt
3840 4691 4003 4753 habi-

2434 4769 2521 4817 tat.
2552 4761 2795 4839 Hineest
2823 4775 2882 4817 ut
2910 4763 3241 4839 Magdalena,
3277 4765 3360 4839 vel
3392 4764 3452 4820 S.
3475 4766 3639 4819 Maria
3672 4767 4002 4839 Egyptian

2433 4843 2618 4900 posset
2644 4834 2747 4887 dici
2779 4834 3020 4887 sanctior
3062 4845 3248 4888 sancta
3296 4836 3504 4904 Agnete
3544 4838 3622 4890 vel
3669 4834 3909 4903 Caecilia,
3948 4851 4003 4894 et

2434 4911 2611 4956 tamen
2652 4920 2759 4981 non
2803 4913 2983 4974 posset
3003 4906 3107 4958 dici
3130 4907 3313 4981 purior
3336 4908 3793 4981 :_quia_quamvis
3824 4912 4004 4981 maju-

2434 4989 2546 5026 rem
2581 4976 2917 5049 sanctitatem
2952 4976 3190 5049 potuerit
3218 4976 3499 5049 acquirere
3523 4977 3857 5049 Magdalena,
3888 4976 4001 5035 non

2433 5052 2615 5128 tamen
2652 5047 2800 5128 adeo
2853 5046 3032 5126 (aruit
3084 5045 3446 5128 immunditiis
3481 5045 3855 5128 peccaturum.
3906 5051 4002 5106 Sic

2432 5115 2596 5191 etiam
2629 5116 2727 5191 Δὃ.Δ
2764 5116 3102 5191 Augustinus
3144 5126 3326 5191 posset
3382 5115 3523 5191 dici_
3551 5123 3792 5191 sanctior
3835 5137 4001 5191 quam

2435 5181 2494 5236 S.
2527 5183 2832 5241 Ludovicus
2855 5181 3190 5257 'episcopus,
3238 5189 3321 5242 vel
3377 5186 3435 5241 S.
3484 5187 3809 5254 Casimirus,
3853 5181 4000 5246 atta-

2433 5269 2557 5327 tuen
2590 5271 2697 5309 non
2722 5257 2918 5325 poterit
2940 5258 3046 5313 dici
3078 5258 3287 5326 purior,
3311 5259 3437 5327 quia
3470 5274 3577 5314 non
3605 5262 3783 5315 caruit
3816 5265 4001 5317 sordi—

2432 5323 2533 5397 bus
2579 5323 3301 5397 vitae'praateritze,'quibus
3330 5323 3519 5384 'caruit
3566 5330 3625 5384 ὃ.
3666 5331 4004 5388 Casimirus.

2436 5392 2527 5449 Sic
2586 5392 2770 5473 etiani'
2808 5414 2901 5473 rex
2964 5392 3133 5473 David
3175 5407 3353 5467 potest
3400 5399 3506 5454 diei
3555 5402 3796 5456 sanctior
3832 5418 3999 5473 quam

2435 5475 2661 5521 sanctus
2702 5466 2966 5522 Henricus
3002 5466 3317 5534 imperator,
3346 5480 3401 5525 et
3433 5481 3612 5524 tamen
3656 5486 3764 5526 non
3792 5466 4008 5529 dicetur

2434 5538 2643 5613 purior.
2670 5538 2806 5595 Hinc
2832 5548 3046 5613 constat
3083 5538 3145 5593 B.
3192 5538 3490 5613 Virginem,
3530 5544 3657 5595 dum
3701 5544 4008 5613 appellatur

2436 5610 2690 5664 omnibus
2748 5610 3015 5665 creaturis
3106 5610 3315 5679 purior,
3378 5612 3625 5667 deuotari
3695 5610 4009 5669 necessario

2434 5682 2678 5736 caruisse
2712 5683 2764 5736 in
2793 5683 3064 5754 praeterito
3089 5681 3209 5738 labe
3257 5682 3505 5753 originis,
3566 5699 3674 5754 qua
3708 5699 4010 5742 caruerunt

2436 5753 2612 5823 angeli
2633 5763 2688 5808 et
2714 5753 3055 5824 protoplasti.
