4166 6458
206 434 341 501 1189

1643 435 2005 494 MARIALE.

3307 427 3447 492 1190

283 551 534 621 Ἀγνείας
567 547 851 619 φωτοειδὲς
887 548 1150 616 σκήνωμα
1202 544 1516 612 γεγένησαι,
1560 546 1650 595 καὶ
1681 544 1770 594 τὸν

1947 538 2370 595 Lucidissimnm
2399 535 2666 591 castitatis
2703 532 3110 589 tabernaculum
3159 532 3300 590 facta
3329 549 3443 600 est;

201 647 512 716 φωτοδότην
553 644 742 713 φέρεις
794 640 1164 710 σαρκούμενον
1212 636 1495 707 ἄνθρωπον
1542 636 1776 704 ὀφθέντα

198 739 318 792 καθ’
352 739 498 806 ἡμᾶς
550 735 636 788 διὰ
683 730 1112 802 φιλανθρωπίαν,
1160 729 1253 782 καὶ
1299 729 1396 799 τὴν
1448 729 1653 797 φθορὰν
1685 728 1774 792 ἐξ·

196 831 560 897 αφανίσαντα,
598 825 800 896 ἄφθορε
836 820 1045 895 βροτῶν
1073 824 1106 894 ἡ
1136 821 1455 893 ἀνάκλησις.

280 1003 482 1072 Σοφίας
513 1000 753 1070 καθαρὸν
781 998 1101 1068 ἐνδιαίτημα
1124 997 1222 1066 τῆς
1249 996 1342 1049 τοῦ
1373 994 1582 1064 Πατρὸς
1613 995 1779 1061 ὑπερ·-

199 1091 375 1158 φυῶς,
420 1089 560 1160 ἁγνὴ
597 1088 872 1159 Παρθένε,
911 1088 1228 1160 γεγένησαι,
1277 1087 1342 1138 δι’
1368 1080 1434 1156 ἧς
1485 1087 1646 1154 ἡμεκ
1682 1085 1779 1153 τῆς

200 1185 401 1248 κακίας
430 1186 547 1237 νυνὶ
578 1183 671 1237 τοῦ
699 1182 954 1250 σοφιστοῦ
987 1182 1397 1252 ὲλυτρώῡημεν.

280 1274 584 1345 Ὀμδρισόν
649 1291 761 1343 μοι,
822 1274 1086 1341 πάναγνε,
1138 1272 1497 1341 πταισμάτων
1559 1271 1776 1339 ἄφεσιν,

200 1367 502 1434 ἐπίσκεψαὶ
557 1384 623 1437 με
659 1368 750 1419 τὸν
792 1364 1141 1428 ἀσθενοῦντα,
1189 1367 1283 1418 καὶ
1321 1364 1779 1434 κλυδωνιζόμενοι

202 1463 517 1532 συμφοραῖς
551 1459 645 1514 τοῦ
677 1461 814 1530 βίου,
846 1459 938 1512 καὶ
967 1457 1163 1512 πάθεσι
1192 1458 1286 1510 τοῦ
1318 1458 1590 1526 σώματος.

291 1641 350 1692 '0
388 1641 486 1710 τῆς
513 1637 671 1709 δόξης
699 1639 903 1709 Κύριος
935 1639 992 1705 ἐξ
1023 1640 1269 1708 αἱμάτων
1310 1654 1402 1689 σου
1433 1636 1779 1708 παρθενικῶν

203 1730 500 1802 ὲσαρκώθη
551 1732 709 1800 μόνος
751 1729 824 1793 ὼς
857 1730 1174 1794 ἐπίσταται,
1209 1728 1554 1800 πανύμνητε,
1594 1727 1780 1792 σώζων

203 1826 357 1894 ἡμᾶς
383 1823 698 1891 ἁγαθότητι.

1880 633 2126 701 lucisque
2167 633 2413 685 datorem
2440 628 2618 683 defers
2663 629 3028 691 incarnatum,
3053 626 3145 695 qui
3184 627 3348 681 homo
3374 629 3447 682 si-

1878 726 2023 780 milis
2051 725 2207 779 nobis
2233 725 2483 794 apparuit
2522 731 2740 793 propter
2773 720 3055 776 hominum
3093 704 3363 784 antorem,
3396 729 3451 773 et

1879 816 2281 886 corruptionem
2306 815 2570 877 abolevit,
2592 828 2625 868 0
2649 812 2961 881 incorrupta
2983 812 3264 866 hominum
3290 825 3448 880 repa-

1881 911 2042 963 ratio.

1952 1002 2244 1071 Sapientiae
2275 1000 2449 1054 Patris
2478 1017 2670 1070 purum
2725 999 3088 1053 habitaculum
3128 1013 3295 1068 supra
3350 1013 3444 1050 na-

1883 1105 2016 1149 tunc
2037 1098 2282 1149 ordinent
2323 1095 2460 1150 facta
2491 1112 2571 1157 es,
2605 1111 2636 1146 ο
2670 1104 2820 1150 casta
2852 1093 3057 1163 Virgo;
3093 1108 3187 1161 per
3218 1109 3382 1162 quant
3421 1108 3448 1145 a

1883 1189 2096 1260 maligni
2135 1190 2398 1259 praxitate
2430 1189 2586 1257 177
2639 1203 2781 1240 nunc
2827 1202 2926 1240 nos
2972 1186 3186 1238 liberati
3236 1199 3449 1238 sumus.

1956 1283 2322 1352 [)epluemihi,
2370 1281 2748 1342 ocastissinta,
2790 1288 3134 1347 peccatorum
3203 1279 3451 1330 remissio

1883 1372 2203 1426 nem.Visita
2242 1386 2325 1423 me
2359 1370 2632 1423 infirmum
2657 1409 2671 1432 ,
2703 1367 2930 1435 vitaeque
2958 1364 3376 1424 calamitatibus.
3400 1372 3453 1417 et

1882 1465 2128 1533 corporis
2163 1462 2533 1533 passionihus,
2567 1470 2826 1530 tanquam
2853 1457 3270 1526 tempestatibus
3311 1468 3440 1509 ειη·

1882 1560 2140 1628 gitatum.

1953 1649 2216 1701 Dominus
2234 1645 2416 1716 gloriae
2454 1660 2516 1698 ex
2570 1641 2922 1713 virginalibus
2954 1638 3313 1710 sanguinibus
3351 1638 3456 1692 tuis

1883 1742 2197 1795 incarnatus
2229 1751 2310 1792 est
2346 1754 2409 1791 eo
2445 1739 2625 1802 modo,
2688 1750 2846 1806 quem
2911 1735 3025 1803 ipse
3082 1733 3234 1787 solus
3277 1731 3450 1794 novit,

1882 1849 1914 1886 ο
1940 1832 2372 1885 laudabilissima
2395 1872 2409 1897 ,
2451 1831 2666 1884 salvans
2693 1844 2792 1886 nos
2818 1844 2883 1882 ex
2913 1842 3010 1882 sua
3051 1826 3310 1879 bonitate.

281 1916 491 1986 Ὠφθης
520 1916 582 1969 τὸ
611 1915 949 1985 ἀνθρώπινον
994 1914 1223 1986 φύραμα
1264 1914 1516 1967 θεώσασα
1562 1916 1626 1982 τῇ
1663 1913 1782 1981 θείᾳ.

1959 1924 2193 1978 Humani
2221 1925 2438 1993 generis
2458 1937 2694 1976 massam
2743 1922 2996 1976 deificare
3020 1920 3133 1973 visa
3152 1923 3223 1972 ‘es
3264 1917 3454 1970 divino

204 2011 457 2080 γεννήσει
490 2026 605 2075 σου,
637 2008 878 2080 Παρθένε
907 2009 1215 2079 πανάμωμε
1238 2025 1254 2039 ·
1283 2005 1362 2062 διό
1392 2024 1449 2059 σε
1481 2006 1782 2077 καταχρέος

205 2104 256 2153 οἱ
292 2102 474 2153 πιστοὶ
499 2099 905 2170 δοξολογοῦμεν.

291 2192 590 2266 'Pdvov'étp'
637 2193 784 2261 ἡμᾶς
820 2191 889 2244 τὰ
936 2191 1004 2244 σὰ
1047 2190 1193 2259 ὲλέη,
1222 2189 1380 2258 κόρη,
1415 2187 1657 2259 συνήθως
1689 2187 1782 2240 καὶ

206 2285 454 2354 αἰτησαι,
495 2286 654 2356 ἁγνὴ,
692 2283 1037 2356 συγχώρησιν
1081 2284 1298 2336 πάντων
1344 2283 1700 2351 πταισμάτων
1726 2282 1783 2333 ὲν

213 2377 410 2447 γνώσει
435 2376 528 2430 καὶ
553 2375 744 2449 ἀγνοίᾳ
765 2375 824 2442 ἐξ
844 2374 1175 2447 ἀπροσεξίας
1200 2378 1232 2446 ἡ
1243 2378 1332 2446 μίν
1361 2374 1706 2442 συμϐάντων.

280 2560 565 2630 Φωτισμόν
595 2576 684 2629 μοι
733 2557 974 2629 αῐτησαι,
1002 2558 1035 2626 ἡ
1067 2556 1300 2609 τεκοῦσα
1325 2553 1444 2616 Φῶς
1484 2553 1544 2607 τὸ
1571 2554 1638 2605 ὲκ
1667 2569 1783 2622 φω-

211 2658 305 2718 τῦς
336 2656 646 2725 ἐκλάμψαν,
680 2655 772 2706 τὸν
809 2651 1112 2720 σκοτασμδν
1150 2653 1340 2723 πόρρω
1385 2653 1464 2703 ἀπ
1509 2650 1644 2719 ἐμοῦ
1692 2651 1781 2702 ἐν-

208 2747 613 2809 αποδιώκουσα,
639 2746 733 2798 καὶ
751 2746 1072 2815 πειρασμῶν
1095 2747 1186 2797 καὶ
1206 2744 1317 2798 τῶν
1340 2742 1560 2815 ἡδονῶν,
1575 2743 1781 2814 ἄχραν-

208 2856 268 2891 τε
292 2839 585 2903 Δέσποινα,
605 2835 909 2908 προστασία
931 2835 1275 2905 ἀναίσχυντε.

225 3039 323 3091 Ἐκ
354 3037 462 3091 τοῦ
496 3037 759 3102 Κανόνος
785 3038 868 3101 είς
894 3035 1001 3088 τὸν
1024 3035 1196 3087 ὅσιον
1224 3033 1453 3099 Πατέρα
1480 3031 1650 3100 ἡμῶν
1668 3031 1782 3083 Εὑ-

343 3108 549 3175 μένιον
576 3109 912 3161 ἐπίσκοπον
942 3106 1267 3173 Γορτύνης,
1303 3103 1492 3172 ἡμέρᾳ
1527 3109 1620 3172 ιη’.

281 3225 345 3278 Al
385 3225 515 3290 περὶ
566 3221 661 3275 σοῦ
710 3221 803 3273 νῦν
835 3222 1163 3291 προφητεῖαι
1209 3219 1621 3289 πεπλήρωνται,
1654 3218 1784 3269 θεο-

213 3325 422 3390 κυῆτορ
464 3320 755 3371 Δέσποινα·
816 3317 875 3369 ὃν
904 3318 1014 3386 γὰρ
1059 3314 1424 3385 προήγγειλαν
1470 3313 1782 3384 ὑψηγόρως,
1812 3290 1854 3348 C

213 3418 271 3466 ἐν
306 3415 491 3484 μήτρᾳ
517 3411 798 3482 ὲχώρησας
825 3411 883 3463 ὲν
906 3410 999 3463 δύο
1028 3409 1262 3470 τελείαις
1290 3407 1504 3477 φύσεσι.

286 3592 475 3656 Μαρέα
501 3593 561 3645 τὸ
587 3593 820 3663 χρυσοῦν
845 3593 1199 3665 θυμιατήριον
1234 3594 1426 3648 παθῶν
1457 3612 1557 3665 μου
1585 3593 1786 3647 ἀπέλα-

218 3704 311 3738 σον
346 3687 407 3738 τὸ
447 3685 701 3749 δυσῶδες,
737 3686 833 3739 καὶ
867 3687 1168 3758 στερέωσον
1220 3687 1577 3757 κλονούμενον
1612 3705 1783 3757 προσ-

213 3781 398 3844 ϐολαῖς
429 3780 522 3836 τοῦ
551 3779 723 3833 δολίου
751 3779 875 3832 πολε
887 3781 1141 3850 μήτορος.

289 4045 406 4118 (77)
445 4045 651 4101 Dicitur
691 4045 749 4099 Β.
797 4043 969 4118 Virgo
1005 4045 1206 4113 Regina
1247 4045 1615 4118 immaculata,
1655 4048 1781 4117 quia

217 4135 328 4174 non
365 4115 551 4171 decuit
595 4119 762 4180 illam,
796 4131 915 4183 quae
949 4115 1128 4169 futura
1174 4130 1291 4169 erat
1321 4115 1526 4186 Regina
1565 4115 1784 4187 angelo-

219 4202 366 4250 rum,
414 4203 538 4241 cum
589 4187 838 4256 originali
891 4187 1102 4241 macula
1143 4188 1377 4254 concipi.
1416 4189 1551 4241 Hinc
1589 4188 1642 4241 S.
1677 4191 1786 4240 An-

219 4261 428 4316 selinus
470 4260 522 4311 in
549 4275 715 4312 serui.
771 4256 844 4311 De
887 4271 1109 4324 eunt-ep.
1136 4259 1212 4309 ait
1255 4276 1267 4311 :
1308 4275 1326 4307 ι
1369 4258 1624 4325 Angelos,
1665 4259 1786 4313 aliis

221 4331 603 4400 peccantibus.
639 4344 668 4380 a
717 4336 938 4400 peccato
986 4327 1238 4400 servavit,
1287 4336 1340 4380 et
1381 4327 1636 4381 feminam
1672 4329 1783 4381 lla-

222 4397 361 4456 ireut
391 4415 544 4452 suam
582 4397 818 4451 futuram
854 4398 920 4450 ab
975 4397 1202 4450 aliorum
1247 4400 1481 4462 peccatis
1535 4409 1780 4452 exortam

221 4483 446 4527 servare
473 4483 576 4522 non
622 4467 831 4536 potuit?
864 4465 919 4520 In
956 4468 1256 4520 aeternitate
1291 4467 1508 4536 consilii
1541 4469 1624 4522 sui
1670 4480 1785 4523 sta-

223 4543 330 4598 tuit
354 4541 488 4594 Eam
512 4534 924 4592 dominatricem
956 4547 1004 4591 et
1037 4541 1273 4606 reginam
1310 4534 1424 4591 fore
1453 4540 1790 4608 angelorum,

222 4625 280 4668 et
312 4623 442 4668 tunc
482 4607 796 4664 inferiorem
830 4609 1059 4677 gratiam
1104 4608 1314 4677 angelis
1341 4607 1548 4673 datam,
1578 4613 1628 4662 in
1662 4626 1790 4663 con-

223 4686 458 4740 sortium
485 4689 802 4748 conceptam
838 4693 960 4733 esse
981 4678 1256 4733 credimus
1287 4679 1566 4732 hominum
1598 4695 1791 4747 pecca-

224 4751 452 4809 torum?
482 4749 766 4804 Existintet
817 4749 917 4803 hoc
959 4748 1052 4816 qui
1098 4749 1211 4801 vult
1254 4752 1632 4816 :argumentis
1679 4751 1795 4804 suis

225 4825 419 4896 probet
458 4823 550 4890 qui
580 4821 693 4896 vult
727 4837 739 4873 :
778 4819 866 4881 iis,
909 4833 1030 4896 quae
1063 4818 1316 4896 dicimus,
1353 4823 1670 4896 adversetur
1703 4823 1794 4896 qui

224 4888 341 4949 vult
383 4911 398 4946 :
429 4888 530 4961 ego
562 4931 578 4956 ,
605 4891 781 4945 donec
811 4890 1061 4943 ostendat
1100 4889 1230 4942 mihi
1276 4888 1420 4943 Deus
1470 4890 1671 4958 aliquid
1706 4888 1794 4944 di-

226 4963 764 5038 gniusexcellentiaz
823 4961 1064 5038 Domina:
1119 4974 1252 5013 mea:
1313 4961 1644 5038 possghdici,
1677 4977 1796 5029 quae

226 5029 366 5098 dixi,
403 5033 568 5099 dico;
600 5047 718 5098 qua:
749 5031 982 5099 scripsi,‘
1010 5045 1115 5082 non
1163 5039 1332 5084 muto.
1375 5048 1392 5079 ι
1445 5029 1581 5084 llinc
1631 5036 1792 5086 etiam

227 5097 562 5161 Guilielmus
601 5097 924 5156 Parisiettsis
957 5097 1171 5164 Iunior,
1221 5101 1338 5154 sive
1382 5099 1711 5160 Bilontinus.
1740 5104 1792 5154 in

226 5175 468 5230 Postillis
531 5173 837 5242 majoribus
880 5170 950 5224 de
1001 5170 1138 5242 festo
1189 5168 1428 5242 Concep.
1471 5188 1526 5239 q.
1570 5173 1622 5234 5,
1669 5173 1792 5226 ait:

234 5269 253 5302 ι
297 5245 460 5315 Virgo
492 5240 659 5298 Maria
703 5243 758 5296 itt
791 5240 1018 5294 Matrem
1047 5241 1140 5294 Dei
1174 5241 1368 5315 docta,
1410 5251 1529 5295 erat
1563 5243 1794 5296 exaltata

229 5313 417 5387 super'
437 5316 657 5387 angelos
693 5328 708 5365 :
738 5315 830 5367 sed
863 5326 1053 5387 omnes
1103 5313 1276 5382 angeli
1316 5313 1537 5387 fuerunt
1565 5329 1796 5387 praeser-

231 5380 340 5444 vati
382 5388 452 5441 ab
487 5380 636 5440 omni
693 5394 935 5451 peccato.
992 5380 1134 5450 Ergo
1175 5380 1205 5437 ἃ
1243 5384 1455 5436 ratione
1507 5380 1714 5446 fortiori
1745 5392 1799 5436 et

232 5465 359 5522 ista,
407 5472 527 5526 quae
575 5463 693 5508 erat
737 5453 1006 5526 superior.
1057 5474 1077 5503 υ
1131 5451 1798 5526 lttsuper_Alberttts_bla-

234 5545 373 5602 gnos
408 5522 464 5582 in
515 5525 729 5602 Bib‘liw_
757 5523 946 5576 Marica
989 5538 1152 5602 super
1200 5524 1321 5602 libr.
1356 5522 1479 5602 ἶΙοὶι,
1522 5526 1588 5602 de
1630 5523 1799 5602 Maria

237 5594 468 5671 foquens
499 5599 634 5652 dixit
669 5615 680 5650 :
709 5596 829 5671 Ipsa
857 5602 944 5671 est
973 5594 1606 5671 aquilansingularistde
1636 5596 1796 5671 cuius

237 5663 394 5725 laude
443 5679 498 5723 et
549 5668 820 5738 praeconio
877 5666 1115 5734 loquitur
1160 5665 1422 5720 Dominus
1466 5667 1530 5719 ad
1575 5663 1675 5719 Job
1708 5663 1796 5738 39,

239 5739 499 5818 Nunquid.
627 5748 941 5818 prmceptttm
969 5749 1136 5817 tuum,
1170 5738 1409 5818 sicutad
1443 5737 1797 5818 tneuttt,rqui,

238 5806 503 5886 quidquid
551 5806 1093 5886 'prmcipio,_inspiro,
1128 5806 1442 5886 elevabitur,
1485 5809 1536 5860 in
1585 5817 1798 5886 natura,

238 5878 412 5956 gratia
457 5893 511 5938 et
563 5878 734 5950 gloria
785 5881 993 5942 etiam,
1047 5880 1178 5931 etin
1241 5878 1389 5932 omni
1445 5879 1800 5948 praerogativa

1889 2026 2042 2086 partu
2073 2026 2188 2079 tuo,
2223 2031 2256 2070 ο
2285 2017 2444 2085 Virgo
2477 2023 2589 2068 tota
2629 2014 2998 2076 immaculata,
3032 2020 3320 2082 propterea
3348 2025 3452 2064 nos

1889 2109 2072 2163 fideles
2106 2119 2158 2164 te
2197 2124 2295 2178 pro
2320 2108 2504 2162 debito
2547 2107 2938 2176 gloriﬁcamus.

1960 2199 2118 2252 Stilla
2171 2213 2336 2268 super
2393 2213 2494 2252 nos
2556 2197 2964 2252 misericordias
3020 2205 3162 2260 tuas,
3201 2193 3456 2264 Opuella,

1882 2289 2036 2359 juxta
2063 2303 2267 2342 morem
2303 2297 2453 2340 tuum
2487 2330 2503 2353 ,
2541 2297 2596 2340 et
2642 2287 2882 2340 omnium
2943 2295 3316 2356 peccatorum,
3345 2292 3458 2336 tam

1888 2381 2119 2436 scienter
2148 2396 2309 2450 quam
2335 2381 2647 2450 ignoranter
2666 2394 2731 2433 ex
2765 2378 2972 2433 incuria
2999 2383 3455 2447 perpetratorum,

1889 2475 2276 2544 indulgentiam
2322 2474 2480 2528 nobis
2505 2473 2753 2541 impctra,
2786 2486 2818 2525 ο
2846 2480 3015 2525 casta.

1959 2565 2416 2628 Illuminationem
2475 2563 2608 2616 mihi
2694 2563 2952 2631 impetra,
3004 2558 3271 2630 precibus
3321 2556 3455 2617 tuis,

1886 2672 1918 2711 o
1951 2656 2153 2726 Regina
2183 2653 2525 2710 itntnacutata
2553 2656 2700 2722 (Π),
2735 2669 2856 2724 qua:
2886 2653 3089 2706 Lurﬂen
3124 2651 3346 2721 quodde
3379 2649 3458 2702 lu-

1888 2752 2036 2805 mine
2070 2748 2402 2812 coruscavit,
2437 2748 2725 2817 peperisti,
2773 2749 2958 2817 procul
3011 2761 3040 2799 a
3075 2761 3158 2800 me
3213 2743 3462 2797 tenebras

1899 2844 2284 2904 teutationum,
2348 2850 2402 2896 et
2467 2840 3041 2910 cohcupisrentiarutu
3125 2837 3457 2907 depclletts,

1887 2953 1920 2991 ο
1950 2935 2310 3005 patrocinium
2344 2934 2487 3004 quod
2511 2931 3001 2987 n0uconfunditur.

1895 3067 1978 3120 Ex
2002 3065 2213 3121 Conone
2237 3067 2290 3119 in
2324 3068 2455 3135 festo
2488 3066 2546 3120 S.
2575 3069 2640 3119 P.
2685 3063 2756 3117 N.
2788 3064 3031 3118 Eumenit’
3070 3064 3299 3134 episcopi
3326 3062 3460 3118 Gor-

2409 3138 2665 3206 tynensis,
2702 3137 2787 3190 die
2815 3139 2897 3190 l8.

1958 3225 2282 3296 Prophetixe.
2314 3242 2436 3296 quae
2465 3238 2620 3282 erant
2648 3228 2714 3283 de
2750 3238 2820 3288 te.
2865 3242 3008 3280 nunc
3036 3225 3271 3295 impleta:
3306 3235 3456 3288 sunt,

1892 3334 1924 3373 ο
1959 3318 2183 3373 Domina
2218 3319 2311 3373 Dei
2355 3319 2597 3374 Genitrix
2640 3335 2842 3389 :quem
2891 3318 3034 3372 enim
3092 3317 3310 3371 sublimi
3346 3317 3461 3370 elo—

1891 3412 2022 3482 quio
2049 3415 2566 3481 praenuntiaverunt,
2599 3411 2652 3465 in
2692 3421 2844 3465 utero
2871 3421 2963 3464 tuo
2996 3409 3461 3482 comprehendisti

1891 3480 1944 3554 in
1966 3480 2179 3554 duabus
2214 3501 2467 3571 perfectis
2502 3501 2729 3554 naturis.
3311 3480 3314 3484 ³

1959 3592 2003 3646 Ο
2021 3592 2209 3657 Maria,
2237 3609 2462 3648 aureum
2478 3593 2936 3664 'l‘hytuiaterium,
2961 3593 3278 3662 passionum
3305 3605 3459 3645 mea-

1888 3701 2012 3740 rum
2041 3685 2401 3741 foedissimum
2443 3688 2665 3740 odorem
2708 3685 2915 3755 depelle
2938 3725 2951 3747 ,
2983 3699 3178 3754 meque
3231 3682 3460 3737 fraudu-

1888 3780 2015 3834 lenti
2052 3781 2222 3836 hostis
2262 3782 2562 3836 assultibus
2617 3781 2973 3850 exagitatum,
3014 3777 3267 3834 stabilem
3295 3778 3462 3832 redde

1888 3888 1949 3927 ac
1980 3875 2218 3927 ﬁrmum.

1892 4049 2095 4118 aquila,
2129 4050 2180 4104 id
2221 4060 2304 4103 est
2336 4049 2527 4114 Maria,
2565 4064 2730 4117 super
2774 4063 2963 4102 omnes
3011 4049 3210 4102 choros
3237 4047 3461 4118 angelo-

1889 4117 2031 4173 rum.
2070 4139 2088 4170 ι
2126 4121 2217 4173 Sic
2262 4121 2369 4174 ille.
2403 4119 2570 4188 Cujus
2608 4122 2766 4174 verba
2809 4120 3038 4188 offerens
3081 4120 3134 4173 in
3184 4120 3298 4172 suis
3345 4117 3464 4170 Dis-

1889 4191 2278 4260 sertationibus
2306 4187 2623 4260 epistolicis,
2644 4191 2801 4259 epist.
2833 4189 2885 4255 6,
2919 4189 2976 4242 Ρ.
3006 4187 3166 4243 Joan.
3195 4188 3463 4260 Eusebius

1888 4259 2261 4330 Nieremberg.
2299 4257 2353 4314 in
2395 4263 2540 4314 hunc
2584 4257 2800 4314 modum
2843 4261 3032 4314 scribit
3072 4277 3086 4314 :
3135 4278 3154 4310 ι
3191 4257 3464 4330 Superarc

1888 4333 2106 4399 angelos
2154 4327 2460 4394 iit—natura,
2495 4342 2577 4385 est
2620 4335 2670 4383 in
2705 4331 3039 4394 conditione,
3067 4345 3161 4384 seu
3200 4346 3226 4380 ιι
3267 4327 3459 4383 οοηιιίο

1890 4405 2035 4455 tione
2065 4413 2290 4464 naturar,
2319 4405 2369 4454 itt
2418 4417 2523 4470 qua
2554 4418 2662 4455 non
2693 4410 2836 4455 esset
2878 4415 3042 4469 super
3073 4415 3266 4454 omnes
3290 4412 3461 4466 ange-

1895 4472 1994 4533 los,
2021 4473 2064 4526 si
2092 4473 2550 4527 coudereturillis
2575 4472 2861 4540 impurior.

1969 4542 2023 4595 In
2059 4542 2295 4613 Liturgia
2335 4559 2552 4612 quoque
2591 4541 2907 4609 Ethiopuut
2967 4539 3463 4613 apostolicatquo-

1899 4614 2044 4665 niam
2090 4615 2156 4666 ab
2195 4609 2836 4682 a'postolis'prontanasse
2883 4614 3107 4676 dicitur,
3136 4609 3465 4682 sicAdicitur

1898 4686 1951 4736 in
1987 4678 2241 4736 oralionc
2266 4685 2332 4736 ad
2382 4678 2656 4752 Virginem
2693 4681 2792 4752 Dei
2838 4682 3058 4737 Matrem
3092 4700 3110 4735 :
3160 4698 3178 4731 ι
3229 4678 3462 4744 Laetare,

1896 4753 2265 4814 Immaculata,
2286 4769 2411 4808 vere
2437 4751 2664 4823 Regina.
2686 4751 2914 4816 Laetare,
2944 4754 3112 4822 gloria
3147 4760 3460 4823 nostrorum

1897 4831 2204 4893 parentum.
2238 4842 2256 4874 ι
2291 4825 2456 4889 Quasi
2505 4821 2651 4878 dicat
2687 4823 2774 4893 (ut
2811 4828 2862 4877 itt
2887 4821 3004 4877 suis
3039 4821 3465 4890 Exceptiouibus

1897 4892 2011 4960 cap.
2050 4895 2136 4958 15,
2191 4897 2364 4964 inquit
2412 4892 2848 4962 Nierembergius
2879 4896 2929 4962 :)
2956 4894 3060 4955 Tu,
3101 4907 3241 4961 quae,
3280 4899 3468 4958 utpote

1895 4979 2020 5017 vera
2045 4967 2226 5033 regina
2261 4975 2313 5019 et
2345 4974 2597 5033 augusta.
2620 4964 2770 5017 durae
2796 4979 3079 5018 servorum
3105 4977 3278 5033 paenze
3307 4975 3458 5033 seveo

1896 5050 2076 5103 raque
2100 5029 2201 5103 legi
2237 5036 2299 5089 de
2330 5029 2542 5089 macula
2567 5038 2939 5089 contrahenda
2971 5051 3076 5088 non
3107 5029 3462 5100 subjacuisti,

1897 5113 2062 5173 atque
2089 5107 2167 5175 i_ta
2221 5106 2442 5160 humani
2488 5105 2699 5175 generis
2748 5108 3012 5162 amissum
3049 5107 3466 5175 decusgrestau-

1898 5177 2056 5240 rasti,
2088 5173 2170 5228 Tu
2193 5175 2438 5242 domina,
2466 5173 2659 5246 gaude.
2688 5175 2826 5230 Vere
2856 5178 3067 5246 regina,
3093 5173 3241 5246 quod
3266 5173 3464 5246 imma-

1895 5247 2073 5299 culata
2111 5261 2174 5300 ea
2230 5243 2488 5308 rationef
2517 5258 2573 5298 ut
2605 5262 2886 5314 nunquam
2921 5243 3126 5301 servire
3175 5244 3339 5296 alicui
3369 5243 3464 5294 de-

1895 5316 2078 5369 bueris
2113 5317 2215 5371 nisi
2249 5317 2352 5372 Uni
2391 5317 2520 5379 Deo,
2561 5318 2652 5370 cui
2695 5320 2902 5371 servire
2943 5333 3068 5371 vere
3101 5327 3327 5383 regnare
3353 5321 3465 5365 eat.

1896 5384 2012 5438 Non
2047 5386 2212 5456 igitur
2251 5389 2421 5440 ullum
2468 5401 2750 5455 peccatum
2797 5387 3006 5452 habuit,
3037 5382 3330 5456 quandoid
3355 5397 3464 5456 ρυ-

1891 5451 2108 5525 jusdafn
2158 5467 2240 5510 est
2281 5451 2670 5511 infelicissima:
2701 5460 3006 5512 servitutis.
3042 5451 3250 5511 Laetare
3299 5451 3470 5521 igitur

1899 5537 2049 5580 tanto
2082 5527 2246 5590 bono,
2279 5535 2429 5582 tanta
2460 5529 2654 5596 gloria,
2686 5545 2844 5597 quam
2890 5545 3045 5581 suam
3089 5533 3343 5597 parentes
3367 5536 3467 5574 no—

1899 5599 1995 5650 stri
2032 5613 2227 5651 vocare
2263 5609 2510 5666 possunt.
2542 5615 2665 5652 cunt
2707 5596 2804 5652 hac
2857 5600 3070 5653 illorum
3106 5596 3268 5650 fuerit
3311 5596 3468 5662 igno-

1900 5669 2068 5721 minia
2116 5681 2486 5736 compensata.
2545 5670 2634 5721 Sic
2672 5671 2893 5722 humani
2935 5671 3151 5738 generis
3202 5669 3470 5718 amissum

1897 5738 2120 5806 iustitia:
2187 5751 2412 5805 statum,
2454 5749 2507 5793 et
2551 5742 2738 5803 (locus,
2789 5742 3199 5808 primorumun
3269 5751 3466 5808 paren-

1903 5809 2359 5891 ttutteollapsant
2413 5810 2638 5879 gloriam
2677 5806 2874 5880 magno
2907 5826 3030 5865 cunt
3081 5806 3271 5864 tenore
3305 5806 3466 5860 resti-

1902 5889 2070 5934 luisti.
