4166 6458
767 343 897 412 1191

760 554 1145 609 nuntiaverunt
1180 570 1192 619 ;
1222 568 1452 620 quarum
1492 566 1636 606 nunc
1688 567 1940 605 eventum
1963 553 2261 616 intuemur,
2291 568 2324 607 0

771 643 1115 698 immaculata
1143 643 1276 712 (78).

828 733 1111 803 Tanquam
1142 750 1337 788 novum
1358 735 1615 790 infantem
1645 737 1899 806 peperisti
1928 738 2087 793 nobis
2106 737 2324 803 Filium,

758 828 847 898 qui
892 828 1051 897 178
1073 839 1155 882 est
1188 837 1312 881 ante
1366 829 1544 882 omnia
1586 831 1802 893 szrcula,
1832 847 1863 882 o
1896 846 2107 885 summe
2134 831 2325 885 imula.

758 922 933 975 culata
962 920 1097 987 (79);
1134 921 1224 989 qui
1258 922 1309 974 in
1346 920 1558 975 duabus
1584 922 1904 976 voluntariis
1920 924 2324 991 operationibus

765 1011 962 1078 duplex
990 1019 1092 1072 est,
1127 1015 1289 1065 homo
1323 1012 1534 1066 scilicet
1560 1012 1724 1066 simul
1756 1022 1808 1065 et
1860 1012 2028 1067 Deus.

824 1100 960 1155 Cum
1000 1102 1239 1156 caelestis
1272 1103 1451 1156 imber
1502 1102 1554 1156 in
1580 1113 1632 1158 te
1682 1105 2070 1167 descendisset,
2095 1120 2126 1157 ο
2159 1102 2324 1175 Virgo

755 1197 1013 1259 perpetua
1042 1210 1054 1244 :
1081 1201 1274 1245 terrau‘t
1298 1193 1832 1256 desolatam,diviu:e
1856 1197 2095 1249 scientia:
2110 1195 2325 1251 ﬂuentis

757 1282 1018 1351 irrigans,
1057 1282 1498 1339 fecundissimam
1527 1286 1783 1339 reddidit.

826 1375 987 1428 Lucis
1026 1376 1411 1431 immaterialis
1469 1377 1808 1431 domicilium
1869 1384 2057 1431 venter
2084 1388 2209 1435 tuus
2240 1380 2322 1435 fa-

755 1476 872 1519 ctus
899 1475 1001 1531 est,
1031 1481 1063 1519 ο
1095 1463 1190 1520 Dei
1225 1465 1433 1536 Sponsa
1489 1469 1665 1537 puella
1693 1470 1941 1522 inviolata
1971 1485 1985 1521 :
2021 1470 2189 1537 illius,
2231 1472 2320 1524 iu-

755 1572 942 1625 quam,
977 1558 1131 1621 lucis,
1165 1574 1283 1626 qua:
1306 1558 1503 1613 divinae
1528 1560 1765 1614 scientia:
1794 1560 2007 1614 facibus
2034 1561 2320 1615 infidelita-

757 1658 860 1699 tem
892 1647 1163 1701 imminuit
1191 1665 1205 1715 ;
1238 1665 1402 1719 quam
1438 1651 1720 1705 laudantes
1768 1653 2070 1707 clamamus
2104 1670 2117 1707 :
2145 1655 2318 1708 Bene-

754 1734 935 1788 dictus
968 1750 1048 1796 es,
1104 1734 1247 1790 Deus
1278 1745 1486 1803 patrum
1520 1748 1848 1809 nostrorum.

825 1824 1246 1882 Sacratissitnus
1278 1827 1662 1897 prophetarum
1697 1832 1915 1895 chorus,
1949 1840 1998 1886 te
2023 1848 2145 1887 vere
2193 1844 2317 1887 ante
2351 1856 2394 1915 Β

758 1916 1067 1988 descripsit,
1099 1934 1132 1972 ο
1168 1921 1471 1974 veneranda
1524 1919 1706 1990 Virgo,
1751 1924 2030 1992 appellans
2082 1936 2319 1980 montem

755 2024 783 2061 a
814 2009 1059 2079 lapicidze
1086 2026 1248 2065 manu
1278 2012 1542 2067 intactum
1572 2031 1586 2080 ;
1626 2014 1856 2085 virgam,
1887 2028 1941 2071 et
1969 2027 2202 2087 portam,
2225 2036 2323 2089 per

755 2116 911 2167 quam
951 2102 1263 2158 Altissimus
1295 2107 1661 2174 pertransivit.
1713 2123 1778 2162 eo
1812 2110 1972 2164 modo
1994 2126 2152 2180 quem
2208 2112 2323 2180 ipse

755 2194 927 2252 novit,
979 2193 1329 2264 clausamque
1358 2197 1553 2251 iterum
1582 2198 1822 2266 reliquit.

826 2282 956 2338 Fers
974 2284 1233 2352 ferentem
1258 2287 1439 2341 omnia
1460 2288 1637 2341 divina
1660 2288 1925 2358 potentia,
1950 2291 2320 2357 ocastissima,

756 2392 817 2429 ac
847 2377 1019 2431 nutris
1050 2378 1304 2432 uberibus
1331 2380 1441 2433 tuis
1478 2381 1804 2435 nutrientem
1839 2397 2001 2437 omne
2034 2384 2177 2452 quod
2211 2387 2321 2453 spi-

757 2477 858 2521 rat.
891 2468 1355 2534 Superatomnem
1398 2474 1598 2527 mentis
1655 2474 2039 2543 cogitationem
2083 2477 2319 2529 miracu-

756 2560 863 2612 lum
900 2569 1075 2625 tuum,
1126 2577 1189 2616 ac
1222 2573 1447 2633 stupore
1502 2566 1745 2633 percellit
1808 2567 2026 2637 angelos
2076 2568 2234 2622 simul
2268 2583 2321 2622 et

758 2649 1022 2715 homines,
1055 2652 1145 2719 qui
1194 2662 1240 2704 te
1274 2653 1493 2706 assidue
1521 2654 1850 2719 collaudant,
1888 2665 1942 2710 et
1974 2672 2095 2711 cum
2125 2658 2318 2713 affectu

756 2741 963 2795 beatatn
1002 2745 1291 2812 appellant.

760 2898 840 2950 lz‘x
860 2898 1066 2953 Conone
1096 2901 1153 2975 in
1180 2902 1309 2975 [esto
1335 2899 1415 2975 S_S
1426 2942 1451 2967 ._
1464 2911 1771 2975 martyrum
1812 2902 2129 2975 rTropIiymi,
2179 2902 2317 2960 Sab-

1088 2972 1243 3036 batii,
1275 2982 1323 3024 et
1346 2972 1756 3037 Durimedoutis,
1784 2974 1867 3027 die
1889 2973 1972 3027 l9.

826 3110 1079 3164 Generosi
1114 3118 1380 3179 martyres
1414 3109 1708 3175 gratiarum
1747 3117 1965 3161 tuarum
2002 3109 2318 3163 illuminati-

1888 351 1947 408 S.
1990 348 2303 410 JOSEI’HI
2343 352 2891 413 llYMNOGRAPilI

829 460 969 515 Olim
1000 474 1168 514 sacra:
1198 474 1378 518 voces.
1409 469 1595 528 partus
1621 458 1697 512 tui
1725 458 2147 528 profunditatem
2190 478 2323 529 pt'uf-
2353 475 2398 525 Α

3849 358 3874 420 1
3885 354 3988 422 192

2512 462 2675 533 Ἰεραὶ
2722 450 3198 533 προκατήγγειλαν
3252 463 3415 515 πάλαι
3457 467 3629 532 φωναὶ
3681 468 3773 518 τοῦ
3827 473 3991 521 τόκου

2436 569 2529 606 σου
2559 553 2620 606 τὸ
2655 552 2839 623 βάθος,
2867 546 2942 606 ὧν
2971 552 3065 606 νῦν
3088 553 3342 615 ἐκϐάσεις
3369 555 3601 624 εἰδομεν,
3625 558 3883 628 άχραντε.

2498 727 2637 781 Νέον
2658 728 2733 792 ὡς
2757 728 2953 798 βρέφος
2983 731 3116 800 ἡμῖν
3133 731 3223 783 τὸν
3257 732 3580 802 προαιὼνιον
3609 734 3737 788 Υἱὸν
3764 736 3993 801 τέτοκας

2430 818 2738 888 θελητικαῖς
2804 820 2956 874 δυσὶν
3018 822 3318 893 ἐνεργείαις
3375 825 3687 895 ὑπάρχοντα
3742 827 3987 890 διπλοῦν,

2427 911 2709 983 ἄνθρωπον
2741 914 2856 983 ἅμα
2882 913 3013 966 Θεόν
3046 932 3127 979 τε,
3168 917 3494 985 πανάμωμε.

2509 1005 2633 1059 Ἐπὶ
2672 1006 2729 1058 σὲ
2759 1006 3001 1069 καταϐάς
3040 1009 3067 1059 ό
3098 1008 3342 1078 οὐράνιος
3383 1008 3586 1079 δμὸρος
3619 1012 3989 1081 χερσωθεῖσσν

2425 1094 2523 1164 τὴν
2565 1097 2688 1165 γῆν,
2734 1096 3076 1166 ἁειπάρθενε,
3130 1097 3455 1166 θεογνωσίας
3503 1100 3709 1170 νάμασι
3782 1118 3988 1172 καταρ·

2426 1185 2619 1249 δεύσας
2648 1187 2950 1259 πολυφόρον
2974 1187 3191 1253 ἔδειξεν.

2508 1364 2697 1419 Ἀὔλου
2731 1366 2906 1434 φωτὶς
2941 1369 3256 1438 οἰκητήριον
3289 1369 3321 1439 ἠ
3360 1369 3425 1439 σῆ
3465 1370 3645 1441 μήτρα
3669 1372 3986 1440 γεγένηται,

2422 1458 2515 1511 τοῦ
2552 1458 2913 1530 φρικτωρίαις
2940 1459 3086 1522 θείας
3110 1461 3362 1528 γνώσεως
3380 1462 3480 1533 τὴν
3504 1462 3689 1516 άθεῖαν
3714 1464 3983 1533 μειώσανο

2420 1566 2532 1613 τος.
2561 1552 2797 1620 ἄχραντε
2835 1550 3116 1622 Θεόνυμφε
3147 1554 3305 1624 κόρη,
3336 1555 3395 1608 ὃν
3426 1554 3718 1624 ὑμνοῦντες
3744 1559 3990 1626 κραυγά-

2421 1642 2587 1713 ζομεν
2608 1659 2621 1673 ⁸
2649 1644 2952 1716 Εὐλογητὸς
2975 1642 3089 1710 εῐ,ὁ
3109 1646 3239 1711 Θεὸς
3266 1650 3295 1701 ό
3324 1648 3433 1702 τῶν
3456 1650 3709 1721 Ila-reponi
3734 1650 3916 1721 ἡμῶν.

2504 1826 2792 1899 ’Ῑερωτάτη
2811 1828 3105 1899 προφητῶν
3129 1847 3187 1882 σε
3209 1832 3519 1902 προγράφει
3538 1830 3770 1901 ἀληθῶς,
3792 1849 3850 1885 σε
3859 1835 3987 1902 μνῆ.

2423 1918 2610 1987 χορεία
2647 1919 2986 1991 άλατόμητον
3036 1921 3183 1992 ὅρος,
3236 1922 3430 1991 ῥάϐδον
3481 1926 3571 1977 καὶ
3602 1922 3777 1993 πύλην
3821 1924 3890 1977 δι’
3924 1920 3988 1994 ἦς

2419 2010 2631 2081 διῆλθεν
2676 2012 2753 2073 ὼς
2794 2011 2932 2067 οἶδεν
2977 2015 3006 2067 ό
3052 2014 3335 2085 Ὑψίστας,
3380 2017 3541 2070 πάλιν
3592 2018 3988 2088 κεκλεισμένην

2421 2103 2588 2167 ἐάσας
2614 2120 2697 2169 σε,
2734 2105 3000 2176 Παρθένε.

2490 2282 2681 2353 Φὲρεις
2727 2284 2818 2337 τὸν
2868 2284 3100 2357 φέροντα
3131 2286 3306 2341 πάντα
3350 2288 3501 2359 θεῖκῇ
3554 2286 3861 2359 δυναστείᾳ,
3896 2294 3987 2342 καὶ

2422 2377 2640 2446 τρέφεις
2677 2380 2740 2430 ὲκ
2790 2377 2976 2447 μαζῶν
3014 2381 3193 2433 πᾶσαν
3237 2381 3403 2451 πνοὴν
3448 2384 3538 2433 τὸν
3592 2382 3985 2450 διατρέφουτι,

2423 2468 2693 2535 πάναγνεο
2730 2469 2868 2539 ὑπὲρ
2914 2471 3034 2522 νοῦν
3066 2488 3159 2523 σου
3188 2471 3250 2524 τὸ
3279 2472 3462 2541 θαῦμα
3505 2472 3769 2539 ἀγγέλους
3810 2490 3985 2525 κατα-

2424 2559 2655 2627 πλῆττον
2711 2561 2804 2612 καὶ
2860 2561 3083 2629 βροτοὺς
3119 2564 3246 2625 τοὺς
3293 2564 3376 2616 ἀεί
3431 2580 3489 2616 σε
3533 2561 3857 2633 ὑμνοῦντας,
3896 2565 3989 2615 καὶ

2422 2649 2572 2720 πόθῳ
2604 2650 3026 2722 μακαρίζοντας.

2434 2873 2527 2927 Ἐκ
2564 2875 2670 2928 τοῦ
2699 2876 2967 2941 Κανόνος
2998 2879 3084 2941 είς
3125 2878 3266 2941 τοὺς
3287 2878 3494 2945 ἁγίους
3511 2879 3818 2946 μάρτυρας
3855 2883 3979 2947 Τρό-

2455 2962 2658 3014 φιμον,
2691 2948 3012 2999 Σαόὅιίτιον
3047 2948 3142 3000 καὶ
3169 2948 3599 3016 Δορυμέδοντα,
3636 2949 3826 3017 ἡμέρᾳ
3862 2952 3947 3005 ιυ’.

2491 3081 2848 3145 Φωτιστικαῖς
2910 3099 3002 3135 σου
3054 3082 3425 3152 πηγαζούσαις
3472 3085 3678 3155 χάρισι,
3720 3085 3988 3157 Θεοχαρί-

756 3219 822 3255 vo
885 3202 1032 3255 fonte.
1096 3200 1377 3269 splendide
1427 3198 1702 3261 illustrali,
1736 3214 1768 3253 ο
1809 3200 1915 3254 Deo
1970 3200 2313 3266 charissima,

2422 3191 2580 3239 τωτε,
2627 3175 2768 3244 πύλη
2802 3176 2978 3243 φωτὸς
3011 3177 3170 3247 μόνη,
3206 3178 3254 3229 οἱ
3282 3180 3515 3245 γενναῖοι
3546 3179 3823 3248 μάρτυρες
3857 3196 3981 3247 φαι-

2426 3264 2566 3289 ,,,-,,
2634 3266 3099 3289 --μωμηνιημμ
3160 3267 3213 3289 ,ι
3271 3268 3569 3289 bonum-”
3642 3270 3789 3289 _J“
3814 3287 3826 3289 -
3882 3271 3943 3289 μ-

755 3294 868 3347 sola
902 3304 1051 3362 porta
1094 3291 1231 3346 lueis
1259 3329 1275 3354 ,
1306 3288 1765 3360 profundissimas
1790 3291 2039 3345 tenebras
2069 3292 2319 3346 intolerao

756 3382 943 3437 bilium
982 3382 1396 3452 suppliciorum,
1432 3389 1483 3437 te
1514 3381 1821 3447 laudantes,
1862 3383 2315 3450 pertransierunt.

826 3563 1040 3618 Domini
1097 3580 1162 3619 ex
1197 3573 1247 3619 te
1309 3564 1576 3618 incarnati
1627 3564 1834 3633 legibus
1862 3562 2316 3632 obtemperantes,

753 3660 1000 3727 generosi
1055 3659 1285 3711 Athlctm
1352 3656 1568 3725 iniquos
1598 3656 1945 3722 devicerunt;
1979 3665 2031 3710 te
2053 3656 2196 3709 enim
2229 3671 2320 3709 co-

752 3748 1070 3817 adjutricem
1106 3746 1401 3810 habebant,
1431 3762 1553 3816 qua:
1609 3745 1787 3799 salvas
1836 3748 2045 3800 animas
2080 3756 2315 3811 nostras,

757 3858 789 3893 o
818 3842 992 3911 puella
1022 3858 1214 3897 carens
1240 3842 1389 3895 omni
1427 3842 1637 3896 macula
1662 3841 1792 3909 (80).

831 3932 991 4003 179
1018 3932 1092 3987 Te
1124 3942 1377 4001 tauquam
1432 3931 1693 3984 mundum
1747 3931 1911 4000 [tegis
1962 3931 2242 3998 palatium,
2286 3949 2318 3985 ο

753 4027 904 4095 virgo
940 4026 1221 4089 inviolata,
1276 4034 1574 4093 martyrum
1611 4032 1788 4077 cretus
1845 4023 2103 4077 invocans
2147 4024 2317 4092 tripli-

754 4131 868 4169 cent
900 4114 1241 4185 adjutricem,
1268 4115 1575 4168 damionum
1630 4112 1889 4181 templum
1946 4113 2162 4181 dejecit,
2192 4128 2316 4166 cum

756 4209 820 4261 iis
850 4209 940 4276 qui
978 4207 1041 4261 ad
1079 4207 1338 4276 templum
1369 4206 1551 4275 gloriae
1571 4220 1864 4274 supernum
1891 4206 2136 4260 translati
2167 4214 2315 4268 sunt,

754 4297 1007 4351 laudibus
1039 4306 1092 4351 te
1115 4310 1330 4365 semper
1366 4295 1661 4351 honorans.

825 4387 1127 4443 For-tissimi
1174 4388 1374 4441 milites
1406 4387 1722 4440 invocantes
1753 4385 1806 4439 in
1862 4386 2124 4441 auxilium
2157 4388 2318 4457 virgi-

754 4495 876 4534 nem
905 4488 1169 4544 sanctam,
1224 4478 1331 4532 Deo
1363 4477 1749 4544 gratissimam,
1785 4492 1848 4532 ac
1892 4493 2101 4533 sumine
2128 4478 2313 4533 imma-

2423 3264 2566 3334 δρῶς
2634 3266 3103 3336 καταυγαζόμενοι
3158 3267 3219 3320 τὸ
3268 3268 3572 3338 βαθύτατον
3635 3270 3827 3332 σκότος
3877 3271 3987 3322 τῶν

2420 3362 2759 3415 άνυποίστων
2794 3362 3069 3418 κολάσεών
3117 3380 3177 3417 σε
3235 3365 3658 3435 ὑμνολογοῦντες
3709 3366 3984 3437 παρέδρα-

2424 3472 2544 3526 μον.

2491 3545 2849 3615 Νομοθεσίαις
2863 3548 2925 3601 ὲκ
2959 3547 3051 3602 σοῦ
3080 3548 3497 3621 σεσαρκωμένου
3522 3548 3793 3602 Δεσπότου
3827 3549 3982 3602 πειθ-

2418 3639 2731 3709 αρχοῦντες,
2772 3640 3152 3711 παναμώμητε
3201 3642 3358 3712 κόρη,
3407 3642 3459 3693 οι
3487 3644 3724 3709 γενναῖοι
3754 3641 3985 3712 ἀθληταὶ

2418 3732 2651 3801 ἀνόμους
2684 3732 3084 3802 ὲτροπώσαντο,
3127 3734 3186 3785 σε
3219 3735 3478 3804 συνεργὸν
3510 3733 3585 3795 ὼς
3617 3734 3855 3803 ἔχοντες,
3887 3735 3987 3802 τὴν

2420 3822 2697 3884 σώζουσαν
2726 3825 2820 3888 τὰς
2847 3823 3022 3894 ψυχάς
3056 3825 3230 3896 ήμῶν.

2503 3914 2586 3977 Ὠς
2614 3914 2852 3985 καθαρὸν
2879 3917 2974 3971 τοῦ
3007 3917 3270 3987 βασιλέως
3298 3917 3560 3970 παλάτιόν
3595 3933 3653 3969 σε
3686 3916 3985 3985 μαρτύρων

2420 4004 2670 4078 σύστημα
2689 4010 3046 4081 τρισάριθμον
3068 4010 3483 4080 ἐπικαλούμενοι
3508 4010 3718 4079 βοηθὸν,
3744 4010 3984 4078 άχραντε

2420 4098 2686 4171 Παρθένε,
2718 4102 2873 4164 ναοὺς
2907 4102 3178 4170 δαιμόνων
3218 4102 3522 4171 ἠδάφησαν,
3556 4102 3649 4154 καὶ
3683 4101 3821 4170 πρὸς
3857 4101 3985 4152 ναὺν

2417 4193 2507 4245 τὸν
2553 4192 2668 4246 άνώ
2706 4194 3074 4264 μετετέθησαν
3126 4197 3305 4265 δόξης,
3341 4196 3425 4249 ἀεί
3456 4212 3513 4249 σε
3555 4196 3615 4248 ἐν
3654 4194 3861 4248 αἰνέσει
3891 4210 3985 4261 γεο

2419 4286 2717 4356 ραίροντες.
3499 4327 3502 4331 -

2490 4378 2601 4447 Τὴν
2628 4379 2790 4446 ἁγίαν
2822 4379 3115 4449 Παρθένον,
3142 4380 3240 4450 τὴν
3284 4380 3693 4451 Θεοχαρίτωτον
3718 4383 3814 4435 καὶ
3846 4401 3959 4437 παν

2418 4474 2718 4546 αμώμητον
2742 4477 2791 4528 oi.
2823 4477 3037 4547 στερροὶ
3065 4478 3276 4530 ὁπλῖται
3307 4479 3385 4540 εἰς
3409 4477 3659 4548 βοήθειαν
3693 4480 3989 4534 ἐπικαλού-

754 4573 1013 4638 culatam,
1048 4580 1444 4626 tormentorum
1474 4576 1765 4633 tumorem,
1808 4578 1861 4622 et
1883 4584 2063 4623 rerum
2124 4570 2313 4626 difﬁci-

2420 4590 2570 4645 μενοι
2609 4571 2718 4625 τῶν
2759 4571 3007 4643 βασάνων
3048 4570 3213 4637 ὄγκον
3246 4571 3339 4623 καὶ
3373 4570 3483 4623 τῶν
3510 4570 3700 4624 δεινῶν
3738 4574 3838 4643 τὴν
3868 4590 3987 4645 τρι-

753 4664 881 4718 lium
945 4674 1317 4733 tempestatem
1388 4663 1716 4717 inconcussa
1774 4663 1969 4717 mentis
2030 4663 2313 4732 prudentia

755 4757 1209 4826 pertransierunt.
2118 4745 2123 4751 ’

838 4850 1139 4905 Virtutibus
1189 4864 1253 4904 ex
1312 4858 1362 4903 te
1419 4847 1602 4902 missis
1653 4845 1890 4900 roborati
1941 4846 2169 4900 Athletae
2209 4846 2309 4913 tui,

827 5033 938 5104 ('78)
980 5030 1116 5086 llinc
1155 5039 1304 5101 patet
1351 5028 1413 5104 Β.
1468 5025 1745 5095 Virginem
1814 5024 2071 5104 originali
2110 5025 2316 5104 macula

754 5093 861 5161 non
894 5093 1014 5158 esse
1067 5093 1481 5171 aspergendam,
1512 5093 1635 5152 cuiu
1680 5093 2016 5171 eam_to't_ies_
2047 5093 2317 5164 Josephus

753 5185 937 5231 noster
982 5175 1036 5226 in
1080 5164 1181 5226 hoc
1225 5164 1408 5240 opere,
1442 5170 1549 5240 imo
1595 5168 1773 5221 omnis
1814 5164 2051 5240 Ecclesia
2094 5175 2317 5240 sancto-

753 5262 894 5309 rum,
932 5243 1127 5312 Sponsi
1187 5236 1372 5295 vocem
1414 5238 1663 5312 aud_iens_.
1704 5237 1947 5312 concinit
1995 5236 2313 5312 immaculaj

754 5305 890 5379 tam,
936 5305 1112 5379 inquit
1150 5312 1479 5366 Catheriuus
1519 5309 1571 5361 in
1622 5307 1803 5361 Tract.
1858 5305 1935 5359 De
1984 5314 2214 5375 concept.
2245 5307 2311 5360 ad

755 5386 960 5440 Svnod.
991 5380 1237 5438 Trident.
1269 5381 1370 5436 sub
1402 5380 1586 5433 finem.

800 5446 937 5526 ’(79)
976 5451 1262 5528 Quomodo
1315 5448 1679 5528 immaculata
1708 5446 1979 5528 .Virgo
2033 5460 2157 5500 vere
2205 5444 2310 5528 dici

754 5518 939 5594 posset
986 5518 1200 5579 summe
1242 5520 1604 5595 immaculata,
1638 5521 1681 5573 si
1708 5518 1923 5595 _luis_s_et
1968 5531 2092 5570 cum
2142 5518 2310 5595 origi-

757 5586 864 5648 nali
900 5598 1110 5650 macula
1145 5592 1448 5667 concepta?
1472 5586 1586 5643 Net?
1635 5591 1775 5667 valet
1821 5588 2021 5651 dicere,
2053 5586 2197 5667 quod
2224 5587 2309 5639 di-

756 5677 907 5718 catur
937 5680 1147 5720 sumute
1175 5662 1541 5723 immaculata,
1578 5660 1719 5729 quod
1748 5668 1865 5729 post
1902 5660 2306 5729 conceptionem

757 5736 921 5788 fuerit
974 5748 1186 5789 summe
1238 5731 1520 5802 purificata
1565 5727 1621 5785 et
1678 5727 1767 5784 ab‘
1804 5727 2054 5797 originali
2096 5727 2306 5802 macula

755 5805 1012 5861 mundata
1059 5797 1253 5875 :quia,
1287 5817 1410 5859 cum
1463 5802 1793 5872 praeteritum
1845 5814 1952 5853 non
1989 5797 2160 5866 possit
2186 5811 2307 5851 esse

2420 4664 2623 4737 κυμίαν
2652 4663 2933 4734 ἀκλονήτῳ
2962 4662 3175 4734 διῆλθον
3204 4664 3532 4733 φρονήματι.

2488 4841 2857 4914 Νευρούμενοι
2887 4843 3008 4904 ταῖς
3040 4842 3103 4894 ὲκ
3132 4840 3227 4894 σοῦ
3262 4840 3710 4915 ὲκπεμπομέναις
3742 4840 3985 4912 δυνάμε-

2418 5041 2527 5080 ηοη
2585 5023 2945 5094 praateritum,
2990 5038 3053 5094 tu
3107 5020 3396 5094 Per/cierat.
3452 5037 3549 5091 per
3603 5021 3979 5085 Aristotelem.

2414 5091 2660 5165 sequitur
2715 5094 2926 5148 beatam
2989 5092 3259 5161 Virginem
3319 5091 3486 5146 fuisse
3543 5108 3683 5165 _cum
3754 5104 3983 5161 peccato

2414 5163 2687 5236 originali,
2735 5173 3000 5236 perpetuo
3053 5172 3198 5219 esset
3248 5178 3457 5225 verum,
3511 5163 3652 5236 sicut
3706 5170 3872 5217 etiam
3927 5166 3983 5236 in

2412 5234 3030 5306 MagdalenaAremansit
3085 5248 3282 5306 nomen
3329 5234 3666 5306 peccatricis,
3725 5234 3983 5302 quamvis

2412 5303 2695 5376 purificata
2730 5303 2890 5359 fuerit
2937 5321 2965 5357 a
3002 5304 3258 5376 peccatis,
3288 5320 3353 5357 ne
3386 5303 3441 5357 in
3483 5314 3803 5374 perpetuum
3848 5319 3983 5358 con-

2412 5374 2673 5447 sequatur
2698 5376 2973 5447 aureolam
3004 5374 3345 5447 virginitatis.

2490 5442 2835 5518 (80)Cum_S.
2862 5442 3569 5518 Josephuspeiparzeneget
3608 5457 3825 5518 omnem
3859 5460 3980 5498 ma-

2417 5514 2616 5583 culam,
2641 5515 2859 5571 subitae
2885 5516 3172 5585 negatione
3198 5514 3431 5584 generin
3459 5514 3535 5585 illi
3560 5514 3721 5567 etiam
3748 5529 3979 5580 negasse

2420 5588 2688 5642 maculam
2730 5586 2932 5657 peccati
2962 5584 3187 5657 originis
3215 5586 3340 5657 quis
3374 5584 3664 5657 inficietur,
3699 5600 3823 5637 cum
3848 5599 3978 5652 pru-

2416 5659 2611 5726 positio
2661 5654 3005 5729 particularis
3056 5654 3374 5713 necessario
3432 5655 3740 5710 includatur
3795 5658 3847 5709 in
3890 5669 3982 5724 ge-

2417 5729 2618 5784 Iterali‘l
