4166 6458
241 397 381 460 1193

1638 394 1739 453 ΜΑ
1751 392 1997 452 RIAIE.

3315 385 3452 454 1194

241 525 330 561 σιν
373 507 425 560 οἱ
455 505 764 580 ἀθλοφόροι,
799 505 1021 579 Χριστὲ,
1067 504 1310 576 νομίμως
1342 505 1660 577 ἔνήθλησαν,
1699 505 1796 575 τὴν

1904 502 2129 566 Christe,
2155 499 2389 569 legitime
2427 506 2789 565 certaverunt,
2844 498 3096 553 laudibus
3126 498 3455 564 celebrantes

243 600 418 672 ἁγνὴν
454 600 681 672 Μητέρα
725 612 820 653 σου
848 594 1334 670 ἀννμνολογοῦντες
1376 598 1699 668 ἀποῤῥήτως
1740 613 1798 648 σε

238 694 540 764 κυήσασαν.

321 785 671 856 ’Υπάρχουσα
723 785 990 838 Δέσποινα
1057 785 1414 856 καθαρωτέρα
1467 783 1645 852 πάσης
1701 784 1798 851 τῆς

235 878 471 941 κτίσεως
505 876 744 944 ὑπεδέξω
788 876 880 929 τὸν
916 877 1087 945 Λόγον
1129 878 1195 931 ἐκ
1245 876 1341 931 σοῦ
1385 877 1638 947 ἀρῤἠτως
1669 877 1801 928 drm-

234 971 574 1040 τικτόμενον,
604 970 664 1023 ὃν
698 972 746 1023 οἱ
786 973 1022 1036 γενναῖοι
1047 971 1380 1041 ποθήσαντες
1409 970 1680 1041 μάρτυρες
1700 969 1797 1038 τὴν

234 1064 346 1117 τῶν
379 1063 628 1134 βασάνων
657 1063 833 1135 πυρὰν
859 1063 1318 1135 ἑνεκαρτέρησαν.

306 1240 448 1294 Νέον
477 1240 548 1302 ὡς
579 1239 780 1312 βρέφος
804 1241 1034 1304 τέτοκας
1071 1239 1164 1294 τδν
1195 1239 1372 1312 Πατρὶ
1410 1241 1503 1292 καὶ
1529 1238 1607 1309 τῷ
1637 1238 1800 1293 [Ινεὺ-

238 1345 403 1398 ματι,
449 1329 683 1399 ἄκραντα
733 1330 996 1401 Παρθενί,
1035 1330 1296 1400 συμφνῶς
1335 1330 1621 1399 νοοόμενον
1667 1331 1799 1400 Χρι-

239 1421 386 1486 στὸν,
425 1420 516 1473 τὸν
546 1421 680 1473 Θεὸν
712 1421 890 1490 ἡμῶν,
923 1421 982 1474 δν
1011 1422 1060 1474 οἱ
1090 1412 1327 1492 γενναῖοι
1368 1423 1641 1492 μάρτυρες
1669 1420 1802 1476 καθ-

235 1512 624 1581 ομολογοὼτις
654 1512 816 1584 ἱερῶς
843 1513 1147 1579 ὲναθλοῧσι,
1177 1514 1296 1584 μεθ’
1321 1509 1396 1569 ὧν
1425 1531 1505 1577 σε,
1537 1515 1797 1582 παναγία,

237 1604 604 1672 μακαρίζουσι
652 1604 835 1659 πίστει
875 1606 1016 1673 λαοὶ,
1071 1605 1258 1672 φυλαὶ,
1307 1606 1401 1659 καὶ
1446 1605 1689 1675 γλῶσσαι
1722 1608 1803 1668 εἰς

235 1698 445 1759 πάντας
474 1697 603 1758 τοὺς
626 1696 844 1761 αἰῶνας.

306 1787 553 1854 Φυλάξας
580 1806 641 1842 σε
676 1789 948 1860 παρθένον
976 1789 1005 1843 ὁ
1033 1791 1096 1844 ἑκ
1124 1789 1232 1845 τῶν
1263 1789 1372 1844 σῶν
1402 1789 1685 1853 ἀνατείλας
1709 1790 1801 1841 λα-

1902 593 2247 662 purissimam
2283 591 2506 645 Matrem
2567 601 2733 655 tuam,
2766 607 2888 661 qua:
2918 599 2968 644 te
2993 589 3331 646 inelTabiliter
3364 610 3455 662 ge-

1900 689 2038 742 nuit.

1967 782 2100 836 Cum
2133 796 2306 846 esses,
2336 798 2368 836 o
2393 779 2644 842 Domina,
2672 777 2861 848 purior
2889 777 3145 832 omnibus
3169 775 3454 840 creaturis,

1899 874 2189 945 suscepisti
2238 873 2497 940 Verbum,
2526 889 2591 927 ex
2627 881 2678 926 te
2703 871 3042 925 iueﬂabiliter
3073 879 3281 934 uatum,
3313 866 3456 937 quod

1899 968 2146 1042 generosi
2173 975 2439 1038 martyres
2464 982 2588 1022 cum
2621 964 2818 1020 allcetu
2852 963 3326 1032 concupiscentes,
3347 971 3458 1015 tor-

1901 1070 2211 1118 mentorum
2273 1061 2648 1130 probationem
2722 1057 2989 1128 patienter
3038 1065 3460 1124 constanterque

1900 1154 2296 1209 sustinuerunt.

1969 1246 2250 1316 Tanquam
2283 1259 2482 1299 novum
2513 1241 2772 1296 infantem
2797 1239 3072 1312 peperisli,
3101 1253 3134 1292 ο
3167 1236 3328 1308 Virgo
3362 1239 3461 1292 in-

1900 1337 2120 1402 violata,
2148 1338 2425 1393 Christum
2457 1335 2625 1391 Deum
2684 1344 2955 1397 nostrum,
3013 1334 3108 1405 qui
3144 1334 3461 1402 intelligitur

1902 1427 2044 1484 Patri
2087 1445 2151 1485 ae
2179 1430 2402 1501 Spiritui
2437 1443 2693 1485 coaevus:
2723 1443 2884 1498 quem
2917 1428 3166 1496 generosi
3200 1436 3463 1496 martyres

1902 1519 2241 1577 conﬁtentes.
2269 1532 2485 1572 sacrum
2533 1524 2805 1572 certamen
2851 1516 3033 1570 obiere
3060 1532 3075 1581 ;
3103 1531 3224 1569 cum
3264 1515 3463 1582 quibus

1902 1609 2104 1680 populi,
2135 1607 2307 1663 tribus
2330 1619 2384 1662 et
2425 1607 2637 1676 lingua},
2663 1621 2785 1661 cum
2816 1606 2918 1661 [ide
2935 1614 3007 1671 te,
3031 1619 3065 1660 o
3095 1604 3461 1671 sanctissima,

1902 1716 1997 1771 per
2028 1701 2280 1756 universa
2307 1699 2505 1754 sarcula
2544 1700 2871 1754 beatilicant.

1973 1792 2066 1849 llle
2095 1794 2186 1864 qui
2239 1803 2291 1849 te
2346 1793 2612 1860 virginem
2652 1792 3016 1856 conservavit,
3045 1806 3110 1845 ex
3159 1790 3267 1844 tuis
3295 1790 3467 1844 visee-

235 1884 432 1948 γόνων,
464 1882 764 1954 ἀνέσπερος
813 1882 889 1947 ὡς
918 1883 1137 1954 ἀληθῶς
1172 1883 1343 1954 ἥλιος,
1378 1882 1642 1953 Παρθένε,
1673 1885 1797 1946 τοὺς

1904 1887 2054 1941 ribus
2073 1894 2314 1951 exortus,
2343 1895 2594 1953 tanquam
2615 1899 2740 1938 vere
2760 1883 2842 1938 sol
2868 1882 3212 1950 inocciduus,
3229 1897 3262 1936 o
3283 1881 3464 1952 Virgo,

235 1975 474 2046 ἀθλητὰς
495 1977 809 2047 περιφανῶς
831 1977 1168 2049 ὲλάμπρυνε,
1190 1977 1653 2046 διηγωνισμένους
1675 1993 1800 2048 καρ-

236 2068 493 2138 τερικῶς,
529 2069 649 2139 μεθ’
678 2062 752 2125 ὧν
791 2069 955 2123 αὑτὸν
985 2069 1224 2123 δυσώπει
1255 2069 1400 2139 ἡμᾶς
1428 2066 1803 2138 κατοικτειρῆ-

237 2180 330 2217 σαι
361 2161 485 2227 τοὺς
512 2160 752 2226 εὐσεϐῶς
792 2179 850 2216 σε
884 2161 1308 2232 μακαρίζοντας.

1906 1980 2140 2035 athletas
2190 1994 2319 2036 suos
2369 1978 2629 2049 praeclare
2674 1978 2986 2041 illustravit,
3019 1977 3110 2047 qui
3145 1974 3469 2031 constantis-

1905 2073 2042 2128 sime
2086 2072 2497 2127 deccrlaveruut
2536 2086 2705 2125 :cum
2753 2070 2952 2140 quibus
2996 2069 3246 2123 eumdem
3277 2069 3467 2138 depre-

1903 2178 2049 2227 care,
2082 2172 2142 2217 ut
2174 2164 2501 2217 misereatur
2525 2163 2720 2227 nostri,
2769 2161 2861 2231 qui
2890 2171 2940 2215 te
2986 2159 3240 2232 religiose
3263 2174 3328 2215 ac
3383 2160 3471 2229 pie

1903 2254 2117 2310 beatam
2155 2255 2535 2325 praedicamus.

974 2363 1054 2418 Ea:
1087 2362 1298 2420 Canone
1327 2365 1380 2417 in
1409 2372 1647 2418 sanctam
1679 2362 1980 2418 Summam
2013 2364 2168 2435 (80'),
2216 2366 2301 2420 die
2333 2365 2399 2420 19
2426 2365 2746 2436 septembris.

303 2454 502 2512 Oriens
534 2455 666 2512 solis
707 2456 872 2531 illius,
919 2459 1011 2526 qui
1045 2471 1208 2528 super
1250 2471 1506 2511 occasum
1550 2455 1802 2511 humanae

234 2559 445 2604 natura
478 2556 637 2603 natus
662 2557 764 2613 est,
790 2563 977 2603 revera
1015 2547 1156 2604 facta
1194 2563 1274 2612 es,
1305 2562 1339 2601 ο
1397 2545 1647 2613 Domina,
1707 2562 1802 2617 per

233 2653 399 2708 quem
434 2637 531 2701 illi,
562 2637 656 2707 qui
691 2636 744 2691 in
772 2638 1009 2695 tenebris
1051 2647 1104 2693 et
1131 2638 1183 2693 in
1209 2637 1398 2692 umbra
1423 2639 1797 2701 versabantur,

235 2731 490 2785 viderunt
522 2731 719 2786 lucem.

306 2821 458 2878 Urna
483 2823 749 2893 ﬁgurabat
787 2831 859 2885 te,
885 2838 918 2877 ο
948 2832 1096 2876 casta
1151 2821 1336 2892 Virgo,
1370 2837 1490 2892 quae
1544 2822 1799 2890 intelligi-

233 2915 345 2969 liile
378 2931 578 2969 manna
615 2917 773 2986 180
795 2916 982 2980 tulisti,
1013 2915 1289 2970 Chrismm
1314 2917 1539 2980 scilicet,
1563 2915 1801 2969 dulcedi-

237 3023 360 3061 nem
393 3008 580 3062 mundi
614 3025 628 3061 :
660 3011 747 3062 cui
780 3008 1046 3078 suppliea,
1083 3007 1173 3061 Dei
1194 3005 1363 3060 Mater
1387 3006 1530 3075 (8i),
1564 3016 1621 3059 ut
1645 3006 1680 3059 ii
1707 3005 1799 3076 qui

235 3110 288 3153 te
313 3101 536 3155 assidue
569 3100 893 3171 gloriﬁcaut,
929 3114 958 3153 a
987 3115 1276 3171 pravarum
1311 3099 1656 3154 allectiouum
1688 3114 1802 3154 ser-

234 3194 406 3247 vitute
432 3193 749 3247 liberentur.

306 3283 592 3338 Fortitudo
625 3299 744 3338 mea
782 3293 838 3340 et
856 3285 976 3339 laus
1014 3299 1132 3338 mea
1175 3283 1428 3338 Christus
1465 3292 1570 3346 est.
1618 3284 1708 3351 qui
1737 3298 1801 3336 ex

235 3385 310 3442 te,
345 3377 600 3446 Deipara,
625 3385 845 3431 exortus
885 3385 990 3440 est,
1044 3376 1226 3430 servili
1285 3390 1447 3429 carne
1498 3374 1805 3428 circumda-

233 3482 344 3536 tus,
375 3481 429 3526 et
459 3487 560 3526 nos
593 3487 620 3524 a
662 3472 926 3527 servitute
969 3470 1170 3525 diaboli
1223 3469 1424 3538 eripuit
1456 3478 1674 3539 propter
1710 3468 1806 3522 bo-

234 3564 460 3618 nitatem
484 3577 664 3618 suam.

311 3655 726 3710 Sanctissimum
771 3655 1035 3725 templum
1091 3653 1180 3708 Dei
1219 3662 1577 3723 agnoscentes
1609 3663 1681 3714 te,
1713 3668 1806 3707 so—

235 3749 340 3802 lam
372 3747 776 3802 immaculatum
816 3747 954 3816 (82),
986 3756 1038 3800 et
1069 3747 1333 3800 creaturis
1356 3746 1610 3799 omnibus
1638 3760 1799 3813 supe-

235 3843 461 3905 riorem,
523 3839 696 3895 sacris
730 3851 782 3895 te
834 3838 1060 3893 vocibus
1094 3838 1289 3893 merito
1322 3838 1531 3892 beatam
1561 3837 1799 3907 appella-

236 3947 384 3986 mus.

311 4020 602 4075 Dominum
639 4019 901 4084 universi,
939 4018 1032 4090 qui
1060 4033 1124 4073 ex
1157 4026 1208 4073 te
1255 4026 1415 4073 natus
1443 4024 1545 4084 est,
1576 4030 1809 4073 exorans

310 4147 447 4222 (80')
480 4148 832 4208 Desideratur
865 4153 919 4207 in
950 4146 1169 4207 Menaeis
1201 4144 1500 4222 impressis.

309 4219 530 4295 (81)'7Ex
562 4226 718 4278 titulo
752 4223 844 4277 Dei
871 4223 1058 4277 Matris
1098 4219 1594 4295 solide'admodum
1651 4219 1807 4295 colli-

237 4290 414 4365 gitur,
439 4294 499 4348 Β.
557 4296 828 4364 Virginem
874 4295 990 4349 siue
1018 4293 1300 4365 originalis
1337 4292 1552 4365 peccati
1593 4290 1806 4365 macula

239 4361 427 4432 luisse,
455 4361 805 4433 conceptam;
836 4379 982 4426 nam,
1026 4373 1085 4417 ut
1128 4363 1300 4433 inquit
1332 4362 1389 4415 S.
1442 4361 1808 4433 Bernardinus

243 4437 505 4492 Senensis
535 4431 698 4498 serui,
730 4435 801 4490 49
838 4435 903 4487 de
933 4448 1118 4488 amore
1165 4431 1402 4503 glorioso
1434 4432 1504 4485 ex‘
1527 4431 1807 4484 Bartholo-

1906 2459 2222 2528 deprecare,
2248 2475 2281 2513 ο
2307 2461 2637 2522 castissima,
2668 2474 2767 2530 pro
2791 2457 2968 2513 servis
2990 2457 3120 2522 tuis,
3154 2467 3214 2511 ut
3235 2458 3302 2512 ab
3323 2459 3470 2513 Omni

1905 2550 2233 2605 adversitate
2260 2565 2322 2604 ac
2346 2550 2582 2619 pernicie
2606 2550 2925 2615 liberentur,
2951 2549 3082 2604 dum
3114 2559 3165 2604 te
3198 2548 3471 2620 Virginem

1904 2639 2130 2694 Matrem
2161 2640 2492 2694 eollaudant.

1975 2731 2021 2784 Α
2050 2730 2420 2786 damnationis
2471 2730 2705 2785 vinculis
2736 2729 2948 2786 solutus
2997 2746 3142 2798 sum,
3167 2740 3222 2787 et
3251 2745 3280 2786 a
3310 2731 3476 2786 male-

1905 2822 2142 2878 dictione
2171 2839 2267 2893 per
2301 2832 2514 2894 partum
2548 2832 2724 2891 tuum,
2775 2837 2808 2877 o
2828 2824 3128 2878 castissima
3157 2824 3471 2889 benedicta;

1905 2916 2018 2971 sola
2047 2917 2192 2971 enim
2219 2916 2272 2970 in
2312 2925 2452 2971 terra
2485 2915 2595 2970 Deo
2625 2930 2827 2985 corpus
2848 2915 3043 2971 dedisti
3073 2930 3136 2970 ex
3163 2915 3316 2984 puris
3341 2931 3471 2970 sau-

1905 3009 2161 3080 guinibus
2194 3010 2321 3073 tuis,
2351 3023 2384 3062 o
2411 3009 2941 3063 immaculatissima.

1979 3102 2355 3159 Lucidissimis
2400 3103 2782 3173 splendoribus
2832 3104 2940 3156 tuis
2979 3101 3296 3158 illuminasti
3328 3111 3474 3156 tene-

1830 3199 1873 3258 c
1907 3194 2180 3248 bricosum
2220 3209 2314 3248 eor
2357 3209 2564 3256 meum,
2598 3209 2631 3247 o
2653 3191 2839 3261 Virgo,
2886 3208 3008 3261 qua:
3048 3192 3100 3245 in
3132 3203 3272 3244 terra
3307 3194 3474 3245 solem

1909 3285 2189 3340 Christum
2221 3287 2497 3355 peperisti,
2525 3286 2609 3340 eui
2643 3285 2924 3354 psallimus
2956 3299 3210 3354 semper:
3245 3283 3477 3338 Benedi-

1907 3386 2029 3432 ctus
2048 3379 2289 3432 estDeus
2325 3387 2541 3447 patrum
2574 3387 2906 3431 nostrorum.

1977 3469 2114 3524 Cum
2154 3469 2556 3524 divinissimum
2587 3467 2822 3523 Verbum
2845 3477 3049 3523 castam
3080 3477 3132 3524 te
3155 3471 3319 3524 etiam
3354 3479 3477 3540 pust

1911 3569 2128 3632 partum
2191 3569 2594 3624 conservasset,
2661 3575 2726 3614 ex
2755 3568 2828 3623 te,
2854 3575 2888 3613 ο
2917 3560 3194 3623 inviolata,
3230 3577 3350 3615 cum
3373 3563 3477 3616 du-

1911 3654 2034 3724 plici
2070 3662 2285 3716 natura,
2349 3659 2512 3721 atque
2569 3654 2882 3722 operatione
2935 3653 3228 3722 processit;
3286 3668 3478 3723 quam-

1906 3747 2091 3802 obrem
2123 3755 2177 3800 te
2210 3755 2465 3814 tanquam
2491 3745 2605 3814 ejus
2630 3744 2850 3800 Matrem
2882 3745 3266 3816 gloriﬁcamus.

1981 3837 2126 3893 Luce
2162 3847 2255 3892 tua
2301 3837 2516 3891 illustra
2565 3853 2675 3901 me,
2698 3853 2730 3890 ο
2760 3847 2931 3900 casta,
2959 3838 3050 3905 qui
3085 3838 3138 3891 in
3173 3838 3334 3907 hujus
3358 3839 3478 3892 vita:

1911 3939 2069 3983 nocte
2094 3927 2336 3984 eaacitate
2357 3928 2566 3992 laboro,
2606 3943 2669 3982 ae
2728 3927 2984 3982 ﬂuctibus
3014 3927 3188 3996 jactor
3222 3938 3476 3997 peccato-

1915 4035 2075 4086 rum,
2107 4034 2140 4074 o
2168 4018 2398 4074 Domina
2459 4029 2669 4086 sancta,
2725 4029 2877 4089 porta
2913 4021 3049 4074 lueis
3102 4020 3475 4088 intelligibilis.

1913 4162 2262 4276 grteservata,
2294 4169 2360 4208 eo
2395 4153 2537 4222 quod
2569 4153 2668 4206 l'uit
2704 4154 2928 4222 praevisa
2955 4169 3073 4208 esse
3103 4153 3268 4208 Mater
3298 4153 3414 4210 Dei.
3453 4174 3471 4206 ι

1961 4226 2006 4276 ie
2033 4223 2139 4276 ille.
2176 4224 2237 4276 Et
2270 4226 2464 4276 merito
2498 4224 2742 4276 quidem.
2774 4240 2894 4276 nam
2933 4235 2988 4276 ut
3030 4225 3082 4276 in
3121 4226 3383 4276 ouusculo
3413 4226 3471 4276 da

1961 4226 2006 4282 ie
2033 4223 2139 4276 ille.
2176 4224 2464 4292 Etmerito
2498 4224 2742 4292 quidem,
2774 4240 2894 4276 nam
2933 4235 2988 4277 ut
3030 4225 3082 4276 in
3121 4226 3383 4291 opusculo
3413 4226 3478 4278 de

1915 4292 2162 4362 Concept.
2235 4291 2300 4348 B.
2363 4291 2595 4363 Virginis
2625 4293 2747 4346 libr.
2803 4295 2853 4357 l,
2918 4294 3094 4362 inquit
3154 4296 3476 4349 Ambrosius

1914 4363 2289 4418 Cathariuus:
2340 4363 2475 4416 Dum
2534 4364 2650 4432 ipse
2700 4379 2909 4416 mecum
2965 4364 3147 4417 animo
3179 4375 3232 4435 et
3276 4366 3477 4435 cogita-

1916 4436 2060 4488 tione
2090 4435 2445 4504 contemplor,
2480 4449 2639 4504 quam
2693 4435 2893 4502 grande
2928 4443 2982 4487 et
3018 4432 3365 4502 magnilieuui
3404 4437 3476 4490 sit

241 4523 365 4562 ineo
390 4506 614 4559 Siculo:
653 4523 670 4556 ι
705 4504 1044 4559 Credendnm
1076 4499 1349 4574 est,'qund
1399 4503 1570 4574 voluit
1593 4515 1809 4574 sumere
1843 4499 1884 4554 D
1913 4518 2032 4574 esse
2074 4499 2340 4557 exer'lsaiii
2395 4499 2845 4558 Del'Genitr'icem
2882 4522 2895 4557 :
2936 4515 3055 4574 tum,
3089 4499 3252 4572 quam
3287 4505 3390 4558 vile
3423 4517 3477 4560 et

240 4593 461 4633 carnem
495 4591 557 4630 ex
619 4591 782 4629 carne
825 4574 1140 4644 purissima,
1184 4571 1238 4628 et
1281 4574 1421 4643 quod
1466 4573 1612 4644 ejus_
1641 4571 1807 4624 Mater

243 4650 411 4702 luerit
437 4648 723 4715 plusquam
786 4639 896 4697 Eva
919 4655 972 4698 et
1007 4645 1202 4707 Adam,
1241 4639 1333 4712 qui
1375 4639 1567 4715 creati
1591 4639 1808 4715 luerunt

243 4722 363 4773 sine
429 4712 651 4784 peccato
713 4715 985 4785 originali.
1049 4732 1078 4785 li
1131 4714 1493 4785 Bernardiuus
1557 4712 1683 4785 item
1729 4713 1809 4785 ide

243 4781 486 4843 Bustoin
517 4785 732 4839 Μανίαιὶ
779 4781 942 4839 serm.
974 4785 1022 4838 ε·
1050 4784 1116 4838 de
1162 4794 1411 4852 eoncept.
1444 4784 1496 4837 in
1551 4783 1663 4852 line!
1692 4781 1806 4834 ait:

251 4861 416 4912 «Cum
449 4871 638 4911 omnes
691 4855 913 4910 credant
956 4854 1016 4908 Β.
1072 4850 1348 4925 Virginem
1368 4854 1589 4925 Mariam
1634 4850 1810 4925 luisse

248 4932 499 4984 idoneam
542 4926 767 4982 Matrem
802 4927 914 4989 Dei,
941 4926 1138 4980 debent
1169 4923 1348 4979 etiam
1389 4924 1605 4978 credere
1634 4923 1807 4990 ipsam

247 5000 421 5055 fuisse.
447 4999 740 5052 immunem
772 4997 842 5050 ab
890 4997 1038 5050 omni
1074 4995 1192 5048 labe
1222 4996 1447 5064 peccati,
1480 4992 1607 5063 quia
1656 4994 1811 5064 aliter

245 5086 358 5124 non
396 5068 587 5122 luisset.
605 5079 842 5137 congrua
875 5067 1043 5120 Mater
1074 5061 1293 5137 Christi.
1317 5085 1334 5116 ι
1361 5061 1650 5137 Consonat
1684 5061 1811 5137 Dar-

250 5141 558 5212 tholomeus
589 5132 836 5212 _l_’isanu_s
857 5138 933 5192 De
956 5135 1104 5212 laud.
1354 5135 1530 5212 fructi:
1569 5132 1638 5212 .7,
1680 5133 1808 5212 dum

246 5210 442 5266 scribit
475 5229 489 5264 :
523 5227 541 5260 ι
583 5207 698 5281 Neu
738 5210 840 5263 fuit
865 5209 1187 5263 conveniens
1224 5208 1444 5261 Matrem
1489 5204 1581 5258 Dei
1637 5203 1811 5281 addici

249 5281 414 5335 morti
440 5280 676 5333 atternali
707 5293 805 5348 pro
834 5293 1157 5348 quacunque
1204 5292 1453 5332 ntettsura
1485 5291 1499 5327 :
1531 5290 1660 5348 ergo
1702 5280 1814 5325 ori-

248 5353 414 5421 ginali
435 5351 630 5405 caruit.
659 5346 785 5403 lteiu
828 5346 1081 5405 Christus
1103 5349 1261 5418 elegit
1288 5348 1507 5421 Matrem
1559 5346 1810 5421 incorru-

291 5432 402 5476 tam
455 5421 1032 5495 corpora_liter,_qu_are
1091 5430 1163 5495 et_
1182 5414 1582 5495 spiritualiter.’
1615 5434 1634 5466 ι
1675 5414 1809 5495 item

291 5439 402 5476 tam
455 5439 830 5489 corporaliter,
865 5439 1032 5491 quare
1091 5439 1144 5473 et
1182 5439 1558 5488 sprruuamer.
1615 5439 1634 5466 ι
1681 5439 1809 5468 ιιιςιιι

247 5439 489 5547 foannes
518 5489 762 5562 Vigerius
806 5493 1090 5559 theologus
1132 5490 1519 5562 Doniinieanus
1570 5487 1621 5562 in
1670 5486 1813 5562 libro

249 5556 652 5617 Institutionu'm
688 5563 862 5632 capite
895 5562 961 5634 d_e
993 5556 1228 5631 peccato
1273 5558 1535 5634 originali
1574 5557 1627 5609 in
1653 5556 1813 5634 hunc

251 5634 474 5706 modum
527 5624 791 5706 loquens':
840 5653 857 5684 ι
908 5631 965 5684 Si
992 5624 1421 5706 dicatur,__qu6d
1479 5626 1608 5680 Diva
1653 5624 1814 5706 \firgo

252 5721 358 5757 non
385 5704 574 5756 habuit
600 5697 891 5772 'peceatum
925 5704 1206 5772 originale,
1236 5697 1368 5772 licet
1388 5697 1714 5772 processerit
1746 5697 1814 5749 ab

250 5775 422 5828 Adam
478 5767 776 5828 secundum
824 5767 1086 5828 rationein
1146 5767 1483 5834 semiualem,
1523 5767 1811 5822 dicendum

252 5853 355 5912 est,
379 5845 523 5915 quod
559 5846 671 5913 ipsa
707 5851 820 5900 sola
872 5844 1091 5914 speciali
1145 5844 1312 5915 gratia
1337 5846 1607 5913 praeventa
1637 5838 1738 5894 luit
1760 5846 1814 5894 ct

452 5937 726 6000 ΡΑτιιοι.
761 5936 878 6000 Gn.
911 5938 1031 6000 CV.

1916 4573 2191 4640 indignum
2223 4575 2522 4644 computari
2547 4574 2647 4627 sub
2691 4575 2897 4626 macula
2936 4585 2986 4627 et
3036 4573 3205 4627 fetore
3249 4576 3474 4644 peccati,

1913 4656 1966 4697 et
1992 4644 2093 4696 sub
2137 4644 2225 4712 ira
2262 4643 2682 4712 OmnipOtentis,
2756 4658 2948 4711 magna
3005 4643 3257 4712 profecto
3294 4646 3474 4699 dissu-

1915 4715 2100 4767 nantia
2159 4709 2443 4767 oll‘euilorf
2500 4716 2601 4783 piae.
2659 4714 2802 4766 enim
2850 4709 3033 4767 faure's
3084 4713 3471 4783 caeophmliaui

1914 4783 2073 4837 istam
2126 4783 2278 4835 facile
2311 4782 2569 4848 sentiunt,
2603 4798 2724 4836 cum
2774 4783 2899 4836 hinc
2933 4783 3152 4837 Matrem
3191 4782 3305 4848 Dei,
3353 4785 3475 4838 inde

1916 4853 2062 4906 illam
2083 4855 2252 4922 ipsam
2275 4853 2378 4906 sub
2398 4853 2474 4906 ira
2497 4853 2842 4916 Dei,audiuut
2859 4853 2985 4907 hinc
3007 4870 3223 4908 rursum
3248 4862 3474 4908 matrem

1918 4922 2032 4985 Di-i,
2054 4924 2176 4976 inde
2207 4924 2308 4976 sub
2344 4925 2537 4994 l'eceiet
2569 4926 2736 4978 t'etore
2780 4926 3005 4993 peccati.
3027 4922 3350 4994 Nequevero
3370 4924 3474 4979 du-

1917 4995 2098 5055 bito,si
2128 5003 2395 5047 sectarum
2418 4993 2699 5048 aﬂ'eetioue
2723 5004 2948 5056 semota,
2985 4996 3146 5048 etiam
3179 4995 3414 5063 vosipsi,
3444 5013 3477 5049 υ

1919 5064 2281 5118 amantissimi
2322 5063 2534 5127 fratres,
2571 5065 2622 5117 in
2677 5064 2937 5117 cordibus
2959 5065 3153 5118 vostris
3198 5077 3311 5117 rem
3353 5079 3473 5118 eam

1920 5134 2259 5203 tranquillius
2276 5136 2597 5196 traeturetis,
2619 5135 2806 5202 procul
2825 5134 2991 5188 dubio
3018 5136 3158 5188 hanc
3187 5135 3474 5188 absurdam

1917 5205 2312 5258 dissonantiam
2345 5206 2640 5258 sentiretis.
2669 5204 2736 5260 At
2761 5206 2887 5271 quia
2925 5222 3066 5260 nunc
3094 5206 3476 5272 magistrorum

1920 5274 2307 5328 traditionibus
2373 5274 2592 5338 addicti,
2646 5287 2809 5344 atque
2865 5274 3069 5330 ideirco
3105 5275 3265 5344 male
3301 5273 3478 5328 aﬂ'eeti

1921 5354 2048 5399 sunt
2093 5346 2334 5414 quidam,
2373 5345 2449 5397 nil
2483 5345 2677 5398 mirum
2714 5343 2758 5399 Si
2791 5359 2820 5398 a
2856 5361 2930 5407 re,
2953 5343 3302 5414 quantumvis
3324 5345 3484 5398 abso-

1921 5430 2010 5478 na,
2061 5431 2166 5468 non
2218 5416 2519 5482 patiuntur.
2565 5414 2719 5480 Qtlnd
2769 5416 2813 5469 si
2861 5413 3000 5469 forte
3044 5431 3148 5468 non
3204 5415 3275 5468 ita
3339 5415 3479 5468 beati

1919 5485 2278 5554 quorumdam
2311 5486 2474 5550 oculi,
2518 5493 2578 5540 ut
2616 5487 2728 5539 haze
2769 5486 3001 5548 videant,
3029 5485 3220 5539 saltem
3258 5499 3328 5538 ne
3374 5484 3486 5538 sint

1921 5570 2178 5623 nequam,
2217 5565 2273 5606 ut
2298 5556 2402 5616 his,
2435 5557 2527 5623 qui
2556 5557 2756 5621 vident,
2789 5556 3081 5609 invideant.
3115 5555 3205 5608 Sic
3229 5555 3339 5608 ille.

1992 5625 2104 5695 (8‘2)
2145 5625 2282 5689 Quid
2309 5634 2407 5692 ,est
2459 5627 2740 5696 Deiparam
2792 5626 2963 5679 solam
2997 5640 3117 5678 esse
3161 5624 3482 5696 immaculaj

1920 5694 2177 5758 taiu,uisi
2212 5697 2381 5748 solam
2439 5694 2831 5765 siueorigiuali
2889 5697 3101 5765 macula
3131 5694 3478 5765 conceptam?

1924 5767 1998 5820 ita
2032 5775 2088 5818 ut
2124 5782 2247 5820 eum
2283 5769 2460 5820 caeteri
2494 5763 2691 5820 omnes
2730 5764 2975 5834 concepti
3014 5765 3066 5818 iu
3097 5775 3318 5833 peccato
3358 5763 3476 5818 lue-

1922 5838 2051 5904 rint,
2077 5837 2190 5909 ipsa
2219 5838 2332 5894 sola
2367 5850 2623 5910 concepta
2666 5836 2824 5893 fuerit
2859 5833 2975 5892 sine
3002 5833 3129 5889 illo?

3050 5928 3128 5990 38
