4166 6458
722 379 861 446 1195

1842 381 1899 441 S.
1944 381 2259 443 JOSEPHI
2303 385 2860 449 HYMNOGRAPHI

3820 389 3959 454 1196

724 495 1082 569 πει-182
1120 495 1201 551 Ea:
1218 494 1449 571 "Catiane
1490 494 1689 571 duplici
1716 495 1782 571 in
1841 494 1972 571 [esto
2002 494 2059 549 S.
2096 495 2287 571 Phocus

2408 500 2501 552 Ἐκ
2560 502 2667 555 τοῦ
2720 502 2989 567 Κανόνος
3047 504 3135 567 εἰς
3185 518 3291 555 τον
3350 502 3520 571 ἅγιον
3570 501 3963 570 ἱερομὰιλτυρα

791 564 1079 688 iurgiis:
1115 577 1163 621 et
1210 565 1269 619 S.
1322 564 1542 619 Codrati
1581 582 1671 619 seu
1698 564 1970 643 Quadrati
2018 569 2280 636 apostoli,

831 656 873 688 te
900 654 985 688 αἱ..

831 656 873 690 ιε
896 654 985 691 22.

793 776 989 832 1·“;ιοιοι·
1035 781 1409 829 creaturarum
1459 780 1616 825 natus
1646 771 1945 825 secundum
1969 785 2187 825 carnem
2223 788 2286 825 ex

724 872 899 940 puella
930 882 1051 937 qua:
1081 866 1257 920 virum
1291 864 1586 928 neseicbat,
1618 861 1959 916 conservavit
1998 861 2151 927 illam
2177 861 2288 915 vir-

724 964 900 1034 ginem
956 968 1078 1029 post
1132 968 1373 1030 partum,
1426 957 1569 1011 sicut
1620 962 1740 1011 erat
1772 964 1895 1009 ante
1947 962 2194 1024 partum,
2225 968 2293 1009 eo

724 1055 906 1117 modo,
946 1053 1039 1123 qui
1072 1052 1176 1123 ipsi
1206 1050 1426 1120 placuit.

793 1145 1011 1199 Abolita
1042 1153 1127 1199 est
1166 1157 1322 1212 pmna
1373 1140 1671 1209 primorum
1702 1146 2011 1208 parentum,
2037 1150 2070 1191 o
2096 1136 2291 1191 imma-

724 1236 902 1290 cnlala
933 1234 1067 1305 (83).
1102 1233 1269 1286 Deum
1306 1231 1475 1295 enim,
1508 1230 1600 1299 qui
1644 1238 1728 1283 est
1774 1238 1902 1283 ante
1943 1227 2160 1290 saecula,
2196 1242 2290 1297 pe-

727 1329 937 1399 peristi,
966 1339 1166 1380 novum
1210 1321 1474 1376 infantem
1513 1329 1720 1387 natum,
1767 1320 1863 1391 qui
1901 1335 2027 1375 vere
2076 1334 2291 1374 omnem

729 1422 1020 1474 humanam
1053 1414 1408 1471 substantiam
1438 1414 1490 1466 in
1527 1427 1727 1466 novum
1758 1420 1959 1469 statum
1996 1411 2222 1483 redegit.

798 1514 945 1580 Ignis
981 1508 1333 1566 intolerabilis
1373 1509 1426 1560 in
1455 1514 1506 1561 te
1543 1504 1827 1571 habitavit,
1850 1520 1882 1557 ο
1910 1502 2162 1573 Deipara,
2196 1519 2295 1559 nec

656 1608 657 1611 “
726 1604 1030 1661 combussit
1051 1612 1257 1657 uterum
1284 1608 1466 1663 tuum;
1492 1596 1790 1652 combussit
1812 1607 1989 1651 tamen
2014 1595 2296 1665 passiones

730 1708 969 1759 nostras,
1002 1704 1162 1763 atque
1187 1690 1388 1747 erroris
1416 1691 1620 1762 sylvam
1650 1690 1701 1743 in
1726 1689 1964 1744 cinerem
1998 1687 2222 1757 redegit.

802 1790 877 1843 lix
932 1798 983 1842 te
1026 1786 1340 1841 incarnatus
1370 1781 1510 1837 Dens
1551 1791 1772 1851 propter
1826 1780 2027 1835 viscera
2081 1777 2291 1834 miseri-
2327 1806 2368 1861 Β

728 1883 924 1939 contine
953 1895 1067 1935 sua:
1100 1894 1227 1933 cum
1270 1875 1582 1931 hominibus
1625 1872 1810 1928 unitus
1853 1881 1954 1936 est,
1980 1886 2045 1926 ac
2070 1869 2295 1926 maledi-

728 1976 962 2030 ctionem
1005 1970 1276 2034 abolevit,
1308 1984 1341 2023 o
1370 1967 1483 2023 sola
1518 1964 1669 2020 omni
1703 1962 2079 2019 benedictione
2108 1977 2297 2019 cumu-

731 2069 838 2122 lata
879 2064 1127 2122 Domina.

806 2157 882 2210 Ex
915 2155 1082 2210 castis
1111 2150 1473 2223 sanguinibus
1522 2150 1631 2205 tuis
1664 2149 1980 2204 incarnatus
2005 2156 2091 2203 est
2131 2145 2299 2203 Crea-

729 2261 835 2312 ιον,
877 2262 909 2301 o
957 2245 1184 2314 Deipara
1210 2285 1225 2307 ,
1269 2251 1429 2313 atque
1466 2242 1751 2296 universos
1800 2248 2088 2308 corruptos
2136 2255 2299 2295 reno-

732 2339 895 2393 vavit.

803 2424 931 2479 Sine
967 2420 1109 2477 virili
1141 2420 1417 2477 consortio
1439 2418 1760 2488 concepisti,
1792 2416 1833 2483 οξ
1861 2414 2045 2487 Virgo,
2085 2424 2139 2471 et
2184 2424 2303 2485 post

732 2528 947 2590 partum
987 2516 1143 2585 virgo
1180 2522 1238 2568 ut
1266 2519 1392 2567 ante
1438 2510 1623 2575 fuisti;
1672 2524 1841 2580 quare
1885 2507 2302 2563 incessabilibus

732 2609 959 2665 vocibus
1012 2606 1131 2672 tibi,
1183 2603 1430 2668 Domina,
1476 2601 1779 2657 indubitata
1820 2599 1925 2656 title
1957 2600 2300 2655 clamamus:

733 2708 867 2759 Ave.

803 2797 1147 2851 lucarnatum
1201 2793 1397 2849 Filium
1429 2791 1587 2847 nobis
1614 2790 1665 2845 in
1708 2786 1919 2843 duabus
1956 2781 2168 2838 naturis
2215 2795 2304 2851 pe-

736 2889 943 2959 peristi,
970 2902 1002 2942 o
1035 2896 1203 2952 casta,
1250 2885 1343 2956 qui
1382 2900 1445 2940 cx
1487 2882 1645 2938 Patre
1676 2890 1834 2937 natus
1863 2887 1946 2935 est
1970 2887 2095 2931 ante
2123 2873 2303 2929 omnia

736 2981 928 3035 saecula
994 2980 1111 3034 sine
1185 2976 1551 3048 corruptionis
1603 2986 1698 3029 aut
1755 2970 2016 3042 temporis
2074 2967 2303 3039 legibus,

737 3071 1194 3144 quemadmodum
1226 3071 1341 3140 ipse
1369 3069 1519 3126 solus
1549 3069 1719 3123 novit.

2462 571 2694 643 Φωκὰν.
2738 572 2842 643 ,καὶ
2879 576 2986 627 τὸν
3018 572 3191 643 ἅγιον
3243 573 3591 627 ἀπόστολον
3634 571 3959 641 Κοδρᾶτον,

2461 642 2654 710 ἡμέρᾳ
2686 640 2791 713 κβὀ

2462 774 2643 844 Κόρης
2667 774 2830 846 σαρκὶ
2854 774 2914 840 ἐξ
2942 774 3300 845 ἀπειράνδρου
3331 747 3648 844 τικτόμενος
3669 772 3697 824 ό
3723 772 3967 842 Ποιητὴς

2390 864 2487 933 τῆς
2522 864 2771 929 κτίσεως,
2816 866 2954 936 μετὰ
2991 866 3091 937 τὴν
3138 866 3335 936 κύησιν
3367 864 3441 929 ὡς
3485 864 3593 936 πρὸ
3621 864 3781 918 τόκου
3817 880 3967 933 παρ-

2392 957 2543 1011 θένον
2576 958 2745 1029 αὐτήν
2776 958 3146 1029 διαφυλάττει,
3181 958 3365 1024 καθὼς
3401 958 3715 1028 εὐδόκησεν.

2474 1132 2668 1203 Ἐλύϐη
2700 1133 2810 1188 τῶν
2846 1134 3249 1207 πρωπατόρων,
3282 1134 3540 1205 άχραντε,
3569 1132 3631 1185 τδ
3668 1130 3964 1201 ἐπιτίμιον

2394 1227 2483 1281 τὸν
2536 1228 2642 1296 πρὸ
2676 1226 2886 1281 αἰώνων
2936 1228 3142 1290 τίκτεις
3189 1225 3297 1297 γάρ
3323 1226 3477 1292 Θεὸν,
3504 1214 3626 1278 νέον
3654 1224 3861 1295 βρέφος
3888 1240 3969 1275 τι-

2396 1319 2682 1389 κτόμενον,
2717 1321 2812 1373 καὶ
2840 1318 3205 1389 γεωργοῦντα
3230 1318 3451 1373 ἃπασαν
3487 1317 3586 1388 τὴν
3616 1316 3969 1386 ἀνθρωπίνην

2395 1412 2564 1476 ὅντως
2596 1411 2850 1484 ὕπαρξιν.

2477 1506 2818 1575 Ἐσκήνωσεν
2844 1505 2903 1558 ὲν
2924 1502 3011 1557 σοὶ⁵
3037 1501 3098 1557 τδ
3126 1501 3237 1575 πῦρ
3270 1500 3331 1555 τδ
3361 1500 3625 1556 ἀστεκτον
3655 1502 3731 1573 μὴ
3765 1501 3969 1571 φλέξαν

2394 1599 2490 1669 τὴν
2547 1597 2759 1667 μήτραν
2810 1613 2927 1659 σου,
2970 1594 3223 1659 Θεοτόκε,
3250 1595 3347 1649 καὶ
3374 1594 3672 1664 κατέφλεξε
3716 1596 3784 1648 τά
3820 1594 3968 1666 πάθη

2395 1692 2427 1759 ἡ
2438 1688 2571 1759 μῶν,
2605 1689 2697 1741 καὶ
2719 1686 2817 1757 τήν
2849 1685 2982 1756 ὕλην
3010 1688 3109 1757 τῆς
3137 1685 3347 1758 πλάνης
3375 1687 3754 1757 ἀπετέφρωσε.

2484 1781 2580 1834 Ἐκ
2609 1778 2702 1833 σοῦ
2736 1778 3039 1851 σαρκωθεὶς
3072 1777 3142 1831 δι’
3169 1778 3572 1852 εὐσπλαγχνίαν
3606 1780 3718 1842 τοῖς
3758 1776 3973 1848 βροτοῖς

2398 1875 2623 1945 ἧνωται,
2675 1873 2771 1929 καὶ
2821 1871 2920 1945 τὴν
2972 1872 3112 1944 ἀράν
3159 1871 3338 1939 ἔλυσε,
3393 1872 3532 1945 μόνη
3566 1870 3972 1942 παντευλόγητε

2400 1966 2692 2023 Δέσποινα.

2486 2145 2578 2211 Ἐξ
2618 2144 2796 2214 ἁγνῶν
2843 2162 2935 2199 σου
2978 2146 3319 2217 σεσάρκωται
3350 2146 3379 2199 ὁ
3408 2145 3784 2215 πλαστουργος
3808 2143 3976 2214 αἱμά-

2404 2256 2536 2302 των,
2587 2236 2838 2301 Θεοτόκε,
2900 2235 2996 2289 καὶ
3026 2236 3338 2308 φθαρέντας
3365 2236 3573 2299 πάντας
3616 2235 3973 2304 ὲκαινοποίη-

2414 2345 2526 2381 σεν.

2485 2418 2899 2491 ’Δπειρογάμως
2950 2414 3211 2486 ὲκύησας,
3262 2410 3309 2470 ὦ
3354 2415 3623 2488 Παρθένε,
3678 2413 3779 2467 καὶ⁸
3840 2415 3981 2485 μετά

2403 2512 2560 2565 τόκον
2608 2510 2796 2583 ὤφθης
2839 2508 3249 2581 παρθενεύουσα
3295 2509 3491 2563 πάλιν·
3536 2509 3658 2561 ὅθεν
3690 2507 3980 2578 ἀσιγήτοις

2407 2608 2608 2677 φωναῖς
2633 2605 2713 2673 τὸ,
2760 2607 2955 2678 Χαῖρε,
2992 2606 3094 2671 σοι,
3117 2604 3404 2671 Δέσποινα,
3442 2603 3625 2655 πίστει
3669 2600 3982 2670 ἀδιστὰκτῳ

2408 2717 2439 2751 κ
2447 2699 2811 2769 ραυγάζομεν.

2480 2789 2903 2862 Σεσαρκωμένον
2941 2790 3073 2861 ήμῖν
3102 2789 3160 2842 ὲν
3188 2788 3283 2842 δύο
3313 2786 3540 2857 φύσεσιν
3568 2785 3697 2838 Υἱδν
3725 2783 3981 2849 τέτοκσς,

2406 2883 2496 2938 τὸν
2513 2884 2577 2937 ὲκ
2598 2882 2811 2955 [ἰατρὸς
2830 2882 2937 2954 πρὸ
2959 2884 3179 2936 πάντων
3202 2880 3437 2945 αἰώνων,
3464 2879 3625 2950 ἁγνὴ,
3650 2876 3985 2949 γεννηθέντα

2407 2974 2745 3047 ἀρῤεύστως,
2781 2974 3049 3046 ἀχρόνως,
3084 2973 3159 3038 ὡς
3186 2972 3346 3044 μόνος
3370 2972 3684 3029 ἐπίσταται.

808 3163 1082 3235 Sapientia
1124 3162 1213 3217 Dei
1252 3161 1539 3216 aediﬁcavit
1591 3160 1692 3214 sibi
1731 3157 1832 3229 ipsi
1861 3158 2079 3212 domum
2123 3170 2188 3210 ex
2218 3168 2307 3209 ca-

2430 3168 2433 3173 ‘
2482 3155 2651 3225 Σοφία
2678 3154 2772 3209 τοῦ
2806 3154 2941 3209 Θεοῦ
2992 3155 3160 3227 ἑαυτῇ
3207 3155 3577 3227 ᾠκοδόμησεν,
3623 3145 3669 3207 ὧ
3714 3151 3986 3206 Δέσποινα

740 3255 837 3310 stis
870 3252 1222 3325 sanguiuibus
1254 3252 1381 3317 tuis,
1413 3265 1447 3306 ο
1492 3250 1717 3305 Domina
1750 3248 1995 3319 Deipara,
2025 3260 2089 3301 eo
2120 3244 2302 3312 modo,

740 3350 830 3419 qui
855 3348 955 3417 ipsi
984 3346 1203 3416 placuit.

808 3440 912 3506 Qui
954 3439 1230 3495 voluntate
1279 3454 1378 3493 sua
1425 3436 1623 3493 cmlum
1706 3432 1969 3513 extendit,
2030 3441 2083 3486 te
2139 3429 2304 3484 alium

739 3534 937 3589 caelum
986 3533 1039 3586 in
1082 3542 1219 3586 terra
1252 3529 1449 3593 etl‘ccit,
1485 3544 1518 3585 ο
1564 3527 1793 3581 Domina
1834 3525 1927 3580 Dei
1968 3523 2221 3596 genitrix,
2253 3537 2307 3577 et

738 3641 804 3681 ex
836 3634 887 3679 te
908 3625 1013 3679 illis
1032 3624 1121 3694 qui
1157 3623 1209 3677 in
1235 3622 1473 3678 tenebris
1492 3619 1859 3689 versabantur
1880 3626 2103 3673 exortus
2133 3624 2237 3671 est.

815 3717 972 3787 183
1008 3716 1287 3786 Tanquam
1341 3714 1515 3768 imber
1558 3711 1833 3776 salutaris,
1892 3709 2125 3766 Verbum
2183 3704 2311 3764 eva-

740 3819 959 3864 cualum
1008 3816 1091 3863 est
1145 3808 1199 3861 in
1252 3815 1406 3861 utero
1445 3816 1561 3869 tuo,
1610 3804 1701 3875 qui
1747 3801 1910 3857 nullis
1944 3802 2125 3857 verbis
2154 3801 2315 3872 digne

740 3897 949 3952 laudari
999 3906 1197 3967 potest,
1244 3911 1278 3951 o
1333 3895 1680 3951 sanctissima
1737 3892 1950 3959 Puella,
1980 3901 2059 3965 et
2096 3890 2315 3947 malitiae

742 3996 1010 4043 torrentes
1045 3985 1227 4041 divina
1257 3986 1493 4056 potentia
1525 3984 1840 4039 desiecavit.

810 4078 854 4133 Α
887 4079 1183 4150 primorum
1230 4086 1513 4148 parentum
1567 4075 1952 4130 maledictione
1991 4088 2091 4145 per
2137 4081 2191 4128 te
2241 4072 2309 4127 li-

2410 3250 2661 3317 Θεοτόκε,
2702 3250 2762 3315 ἐξ
2792 3248 2969 3320 ἁγνῶν
2998 3266 3091 3303 σου
3121 3248 3371 3321 αἱμάτων
3397 3249 3488 3303 τὸν
3516 3242 3687 3313 οἶκον,
3728 3244 3804 3309 ὡς
3835 3244 3987 3298 εὐδόο

2413 3359 2605 3413 κησεν.

2483 3433 2726 3506 Οὐρανὸν
2756 3434 2785 3487 ό
2826 3433 3062 3499 τανύσας
3111 3432 3413 3505 βουλήματι
3454 3430 3612 3487 ἄλλον
3636 3427 3867 3501 οὐρανὸν
3894 3426 3990 3481 ἰπὶ

2412 3529 2515 3597 γῆς
2547 3544 2606 3579 σε
2656 3526 2947 3591 ἀνέδειξεν,
2993 3524 3363 3596 Θεογεννῆτορ
3428 3524 3719 3589 Δέσποινα,
3770 3521 3870 3576 καὶ
3922 3520 3990 3574 lx

2412 3616 2508 3671 σοῦ
2536 3618 2648 3681 τοῖς
2674 3617 2733 3671 έν
2764 3618 2946 3672 σκότει
2972 3618 3267 3672 ἀνέτειλεν.

2496 3711 2581 3775 Ὦς
2609 3710 2815 3783 ὄμϐρος
2842 3712 2871 3765 ὁ
2920 3711 3185 3782 σωτήριος
3230 3710 3405 3780 Λόγος
3457 3709 3757 3765 κεκένωται
3802 3707 3862 3760 ἐν
3919 3707 3990 3778 τῇ

2410 3802 2673 3874 ἀφράστῳ
2726 3820 2819 3857 σου
2878 3804 3082 3877 μήτρᾳ,
3134 3803 3379 3873 παναγια
3422 3803 3601 3874 Κόρη,
3632 3804 3726 3856 καὶ
3753 3800 3856 3872 τῆς
3887 3818 3991 3853 κα-

2412 3895 2535 3961 κίας
2563 3896 2689 3958 τοὺς
2717 3896 3059 3969 χειμάρρους
3088 3895 3249 3969 θεῖκῇ
3278 3894 3568 3966 δυναστεία
3595 3892 3882 3966 ἐξήρανεν.

2500 4074 2815 4137 Ῥυσθέντες
2833 4074 2972 4146 ἀρᾶς
2990 4074 3077 4129 διὰ
3104 4073 3198 4129 σοῦ
3218 4073 3569 4147 προγονικῆς,
3591 4069 3991 4142 Θεοχαρῑτωτε,

741 4171 937 4235 berati,
992 4185 1026 4224 ο
1084 4169 1174 4224 Dei
1223 4168 1395 4240 gratia
1424 4165 1890 4237 .cumulatissima,
1947 4176 1997 4220 te
2045 4166 2307 4220 bonorum

2416 4166 2599 4221 καλῶν
2665 4166 2843 4238 αἰτίαν
2902 4184 2961 4220 σε
3019 4168 3385 4239 γινώσκομεν,
3428 4169 3505 4232 ὡς
3558 4168 3649 4222 τὸν
3701 4167 3994 4222 παναίτιον

742 4277 963 4316 causam
1019 4262 1389 4331 agnoscimus,
1446 4260 1643 4329 quippe
1692 4273 1813 4329 qua:
1844 4272 2022 4313 rerum
2067 4258 2307 4312 onmium

2416 4259 2650 4327 τέξασαν
2678 4259 2849 4328 Λόγον
2881 4259 3023 4331 ὑπὲρ
3046 4259 3171 4314 νοῦν
3188 4278 3249 4314 τε
3282 4261 3376 4315 καὶ
3401 4260 3559 4330 λόγον
3577 4277 3593 4293 ο
3621 4260 3747 4315 ὅθεν
3775 4259 3996 4331 βοῶμέν

743 4368 992 4419 cau3am,
1054 4350 1287 4407 Verbum
1324 4352 1551 4413 scilicet,
1603 4363 1766 4419 supra
1819 4348 2015 4403 mentis
2056 4350 2307 4420 verbique

2422 4368 2527 4417 σοι,
2559 4351 2793 4422 ἀχραντε
2814 4367 2829 4383 ο
2865 4350 3217 4424 Εὐλογημένη
3249 4347 3320 4419 εἴ,
3349 4352 3483 4407 Θεὸν
3522 4352 3687 4425 σαρκὶ⁸
3713 4354 3993 4424 κυήσασα.

743 4456 1062 4518 conceptum
1111 4445 1405 4516 peperisti;
1462 4444 1605 4498 unde
1657 4442 1722 4497 ad
1750 4452 1820 4509 te,
1853 4456 1887 4497 ο
1952 4443 2233 4511 inviolata,
2268 4446 2610 4504 clatnamus:
2686 4446 2974 4503 Benedicta
3005 4454 3083 4514 tu,
3122 4462 3245 4518 qua
3315 4446 3486 4504 Deum
3530 4448 3586 4504 in
3628 4463 3792 4505 carne
3828 4464 3999 4520 pepes

745 4541 893 4596 risti.

813 4631 1247 4701 Conqnassatam
1281 4638 1336 4684 et
1361 4629 1656 4698 collapsam
1706 4629 1902 4684 anima:
1936 4645 2066 4684 mea:
2096 4629 2307 4686 domum

2495 4632 2918 4704 Σεσαθρωμένον
2935 4632 3026 4687 τὸν
3048 4633 3145 4703 τῆς
3165 4632 3341 4704 ψυχῆς
3364 4626 3654 4703 μουζοῖκον.
3679 4631 3997 4703 Μνάμωμε

746 4733 989 4780 restaura
1021 4722 1350 4793 paenitentiae
1380 4722 1616 4787 actibus,
1649 4735 1682 4775 o
1713 4721 1892 4776 Puella
1929 4722 2219 4791 purissima
2251 4740 2307 4780 ac

2422 4722 2597 4794 Κόρη,
2627 4722 2912 4794 μετανοίας
2962 4723 3209 4794 τρόποις,
3259 4722 3335 4787 ὡς
3384 4722 3591 4795 ἀγαθὴ,
3621 4722 3995 4792 ἀνακαίνισον,

746 4816 1155 4887 benignissima,
1180 4830 1300 4885 qua:
1321 4814 1630 4870 universum
1655 4829 1826 4883 genus
1851 4813 2133 4870 hominum
2154 4826 2307 4887 partu

2418 4815 2637 4870 ἃπασαν
2702 4815 3097 4889 ἀνθρωπότητα
3161 4815 3240 4889 τῷ
3289 4814 3497 4888 τοκετῷ
3559 4832 3655 4870 σου
3712 4816 3999 4874 ἀνακαινί-

750 4919 842 4965 ιυο
871 4902 1208 4963 restaurasu.

820 4984 1185 5057 Sacratissimi
1216 5002 1491 5070 prepheta:
1536 4998 1630 5053 Dei
1670 5000 2053 5057 sacratissimis
2090 5000 2316 5057 vocibus

746 5093 1117 5164 prredixerunt
1180 5092 1467 5147 manifeste
1516 5100 1566 5146 te
1621 5090 1858 5146 futuram
1917 5108 2040 5147 esse
2093 5092 2318 5146 Matrem

2420 4920 2583 4960 σασα.

2504 4997 2846 5069 Ὶερωτάταις
2896 5014 2956 5052 σε
3008 5001 3215 5070 φωναῖς
3268 5000 3553 5073 ἱερώτατοι
3610 5002 3769 5067 Θεοῦ,
3829 5004 3996 5075 ἁγνὴ,

2422 5091 2696 5161 προφῆται
2728 5090 2995 5164 ἐσομένην
3045 5093 3278 5165 Μητέρα
3329 5095 3747 5165 προανεφώνουν
3778 5099 4000 5167 τρανῶς

752 5184 1115 5241 Do‘minatoris
1136 5187 1404 5253 omnium,
1435 5200 1467 5241 o
1491 5194 1637 5241 casta
1664 5194 1827 5256 atque
1858 5185 2134 5241 inviolata.
2166 5184 2307 5242 Undt

2419 5183 2514 5238 τοῦ
2556 5184 2775 5238 πάντων
2806 5184 3184 5250 δεσπόζοντος,
3228 5186 3496 5259 ἀχραντεο
3539 5187 3661 5243 ὅθεν
3695 5207 3754 5243 σε
3794 5191 4000 5263 ὑμνοῦ-

751 5286 799 5332 te
831 5279 883 5331 in
917 5278 1097 5332 omnia
1137 5278 1334 5332 saecula
1370 5276 1678 5332 laudamus.

819 5367 894 5422 Te
924 5368 1055 5438 legis
1085 5382 1211 5423 arca
1238 5367 1523 5437 ﬁgurabat,
1554 5382 1585 5422 o
1604 5366 1936 5434 castissima,
1956 5375 2009 5422 et
2031 5382 2164 5422 urna
2193 5383 2314 5439 qua:

821 5545 927 5613 (8'5)
956 5542 1075 5597 Odo
1112 5542 1522 5597 Cameracensis
1578 5542 1630 5596 in
1684 5543 2036 5611 Expositione
2079 5543 2318 5598 Canonis

751 5613 879 5668 dist.
926 5618 979 5677 5,
1029 5624 1315 5682 postquam
1376 5615 1601 5667 dixisset
1650 5614 1924 5667 Christum
1981 5616 2164 5668 vocari
2216 5617 2318 5668 ho-

754 5686 914 5739 stiam
966 5684 1389 5747 immaculatum,
1443 5686 1571 5753 quia
1645 5694 1941 5753 conceptus
1994 5687 2113 5739 sine
2168 5685 2318 5739 onmi

755 5755 962 5808 macula
1003 5755 1192 5821 culpae,
1254 5756 1507 5809 addidit:
1558 5772 1575 5803 ι
1628 5756 1705 5808 Ab
1780 5756 2122 5809 immaculata
2192 5771 2321 5823 ergo

753 5836 965 5895 sumpta
986 5836 1065 5881 cst
1088 5825 1286 5890 hostia,
1332 5826 1453 5881 ideo
1476 5835 1529 5881 et
1558 5827 1672 5894 ipsa
1705 5824 2076 5892 immaculata;
2125 5844 2142 5877 ι
2163 5827 2321 5896 quasi

2424 5294 2524 5348 μεν
2554 5278 2632 5339 ei;
2662 5277 2869 5340 πάντας
2893 5277 3019 5341 τοὺς
3051 5277 3273 5343 αἰῶνας.

2492 5369 2676 5437 Νόμου
2710 5385 2769 5422 σε
2812 5368 3015 5423 ὲτύπου
3046 5369 3297 5438 κιϐωτὸς,
3331 5371 3426 5427 καὶ
3472 5374 3709 5446 στάμνος
3748 5378 4000 5449 φέρουσα

2428 5544 2974 5626 ᾠκοιυίιλῼυοηίοπι
3003 5547 3173 5626 Filius
3211 5548 3306 5626 Dei
3335 5559 3493 5626 natus
3514 5552 3627 5626 iuit
3649 5552 3716 5608 de
3754 5553 3997 5626 Virgine,

2426 5616 2655 5697 decebat
2680 5616 2823 5669 illam
2856 5618 3259 5697 immaculatam
3284 5619 3599 5697 hiissesine
3628 5616 3998 5694 percatovori;

2428 5686 2591 5808 ﬁnali
2634 5697 2854 5755 propter
2887 5688 3147 5743 honorem
3197 5691 3397 5745 divinae
3449 5686 3830 5751 Maternitatis.
3864 5697 4003 5753 Vide

2483 5758 2896 5808 teremberaium
2958 5762 3012 5808 in
3069 5758 3441 5808 Sacrosullabn
3516 5779 3636 5808 nan-
3674 5766 3782 5808 227
3842 5778 3894 5808 οι
3944 5772 3997 5808 in

2483 5758 2896 5838 ierembergium
2958 5762 3012 5838 i_n
3069 5758 3475 5838 ﬁagrosyltagq
3515 5779 3639 5838 pag.
3674 5766 3806 5834 287,
3842 5778 3898 5825 ct
3944 5772 4001 5824 in

2432 5826 2864 5881 Dissertationih.
2906 5830 3202 5899 epistolicis
3224 5826 3343 5907 pag.
3379 5834 3501 5889 τοι.
