4166 6458
731 379 869 447 1199

1859 376 1917 435 S.
1960 372 2271 434 JOSEPIII
2314 372 2874 436 IIYMNOGRAPIII

3842 381 3983 445 1200

733 494 1066 557 misericors,
1125 494 1387 548 miserere
1441 490 1636 546 anima!
1695 503 1829 547 mea:
1882 487 2289 541 infelicissitnm,

2410 505 2511 557 μου
2566 486 2765 557 ψυχὴν,
2819 484 3132 558 Θεοκυῆτορ
3189 486 3516 558 πανάμωμε,
3570 490 3666 558 τὴν
3696 490 3761 543 ὲκ
3792 492 3983 545 παθῶν

727 603 851 658 qua:
880 586 952 642 ob
983 584 1189 659 peccati
1224 584 1506 656 passiones
1531 580 1769 653 graviter
1805 578 2082 650 denigrata
2132 586 2216 634 est
2247 588 2302 632 et

728 679 1021 733 inﬁrmata.

797 766 1084 837 Tanquam
1114 780 1314 819 novum
1353 761 1611 818 infantem
1646 759 1921 834 peperisti,
1955 775 1989 813 o
2020 758 2298 824 inviolata,

728 858 879 911 illum
912 857 1007 927 qui
1056 865 1140 912 est
1183 866 1307 909 ame
1345 854 1565 919 saecula,
1596 863 1650 907 et
1686 853 1804 906 sine
1851 861 2094 921 tempore
2127 850 2302 904 illuxit

726 965 785 1002 ex
820 950 977 1004 l‘atre
1009 949 1103 1020 qui
1132 956 1280 1004 caret
1318 947 1609 1018 principio.
1675 944 1938 999 Eumdem
1974 959 2071 1014 pro
2100 944 2301 996 nntndo

725 1042 951 1112 supplex
982 1056 1168 1107 exora,
1206 1056 1239 1095 ο
1274 1041 1485 1110 Sponsa
1524 1039 1637 1093 Dei.

798 1137 977 1203 Supra
1023 1132 1222 1186 mentis
1264 1144 1479 1201 captum
1530 1129 1786 1201 peperisti
1833 1144 1954 1183 eum
2008 1128 2100 1198 qui
2154 1136 2301 1181 caret

726 1234 1001 1295 tempore;
1033 1240 1197 1295 supra
1223 1224 1488 1279 sermonis
1513 1232 1835 1292 conceptum
1862 1222 2113 1291 peperisti
2138 1218 2300 1273 Crea-

725 1332 919 1383 torem,
947 1333 980 1370 o
1014 1316 1391 1381 sanctissima,
1437 1316 1530 1386 qui
1568 1316 1785 1369 redimit
1814 1316 1881 1368 ab
1908 1315 2057 1369 omni
2106 1330 2299 1369 corru-

724 1412 909 1481 ptione
932 1424 1048 1475 eos,
1084 1408 1175 1480 qui
1208 1416 1260 1462 te
1295 1408 1578 1479 Deiparam
1607 1407 1939 1462 collaudant.

796 1502 1036 1570 Corpore
1069 1498 1467 1554 circumdatum
1502 1496 1670 1551 Deum
1706 1498 2087 1567 incorporeum
2132 1512 2299 1568 pepe-

720 1593 863 1657 risti,
896 1606 930 1645 ο
956 1590 1269 1661 purissima,
1299 1589 1391 1660 qui
1417 1588 1632 1643 redimit
1659 1604 1760 1645 nos
1782 1605 1906 1644 cum
1934 1588 2129 1643 timore
2160 1604 2297 1643 eon-

719 1686 962 1739 einentes
994 1702 1007 1738 :
1044 1682 1369 1761 Benedictus
1394 1697 1454 1736 es
1476 1721 1491 1746 ,
1520 1682 1682 1737 Deus.

791 1776 926 1831 Tota
957 1780 1150 1841 electa,
1194 1784 1304 1829 tota
1354 1774 1601 1845 speciosa
1672 1773 1995 1844 apparuisti,
2044 1788 2077 1826 ο
2136 1771 2297 1842 Virgo

2403 579 2678 649 ἁμαρτίας
2704 577 2895 641 δεινῶς
2923 577 3346 649 ἀμαυρωθεωαν
3375 578 3470 633 καὶ
3500 580 3811 636 στένουσαν.

2472 756 2610 809 Νέον
2674 755 2994 829 ἁπεκύησας
3040 759 3116 823 ὡς
3163 758 3384 830 βρέφος,
3420 760 3680 831 ἄχραντε,
3746 762 3839 815 τὸν
3871 763 3979 834 πρὸ

2402 850 2611 905 αἰώνων
2664 851 2876 922 Πατρὸς
2928 851 3165 921 ἁνάρχου
3220 851 3463 924 ἀχρόνως
3507 854 3887 926 ἐκλάμψαντα,
3917 855 3977 908 δι

2402 942 2539 1013 ὑπὲρ
2564 940 2655 995 τοῦ
2688 942 2896 1013 κόσμου
2930 941 3193 1008 δυσώπει,
3225 943 3624 1017 Θεονύμφευτε.

2488 1125 2658 1197 ’Υπὲρ
2684 1127 2809 1181 νοῦν
2838 1128 2928 1182 τὸν
2961 1127 3212 1199 ἄχρονον,
3244 1128 3382 1199 ὑπὲρ
3404 1130 3563 1199 λόγον
3586 1132 3674 1183 τὸν
3701 1135 3977 1203 Δημιουρ-

2399 1218 2518 1286 γὸν,
2569 1220 2829 1287 παναγία,
2862 1222 3108 1288 τέτοκας,
3136 1222 3500 1294 λυτρούμενον
3544 1224 3725 1293 πάσης
3765 1226 3974 1296 φθορᾶς

2398 1312 2525 1375 τοὺς
2561 1312 2821 1367 Θεοτόκον
2851 1331 2910 1367 σε
2942 1314 3266 1386 ὑμνοῦντας.

2470 1495 2691 1566 Σώματι
2731 1498 3113 1569 περικείμενον
3159 1498 3292 1553 Θεὸν
3344 1500 3436 1553 τὸν
3487 1502 3803 1574 ἀσώματον,
3841 1523 3977 1558 παν-

2400 1586 2619 1657 ἀμωμε,
2668 1588 2896 1653 τέτοκας
2942 1592 3090 1661 ἡμᾶς
3142 1590 3592 1662 ὲκλυτροῦμενον,
3641 1597 3767 1660 τοὺς
3824 1598 3978 1670 φόόῳ

2401 1679 2799 1751 μελῳδοῦνταςο
2843 1682 2901 1735 Ὀ
2931 1682 3084 1748 Θεὸς,
3116 1686 3405 1755 εὐλογητὸς
3434 1682 3525 1740 εῖν

2470 1773 2605 1843 Ὀλη
2638 1773 2887 1845 ὲκλεκτὴ,
2915 1774 3233 1849 ὡραῖσμένη
3264 1779 3381 1850 ὅλη,
3413 1779 3544 1844 Θεὸς
3571 1780 3639 1852 ῆν
3668 1780 3888 1849 ἠγίασε,
3910 1783 3978 1853 ἦν

719 1885 934 1939 semper
960 1869 1219 1939 gloriosa,
1247 1882 1409 1937 qnam
1446 1866 1585 1921 Deus
1615 1865 1977 1922 sanetilicavit
2009 1875 2063 1921 et
2095 1865 2255 1937 elegit
2284 1883 2289 1920 :

2404 1864 2706 1931 ἐξελέξατο,
2738 1866 2946 1939 ὤφθης,
2982 1870 3225 1941 Παρθένε
3268 1873 3356 1925 ἀεὶ
3386 1873 3772 1947 δεδοξασμένη.
3813 1851 3979 1929 Ὅθεν

720 1962 861 2015 unde
895 1970 944 2015 te
990 1959 1278 2014 laudamus
1306 1958 1359 2013 in
1390 1958 1571 2013 omnia
1601 1959 1815 2013 saecula.

790 2052 1019 2107 Lumine
1057 2050 1240 2106 vultus
1275 2050 1377 2115 tui,
1421 2066 1453 2104 ο
1504 2050 1887 2105 intellectualis
1928 2060 2079 2121 porta
2136 2053 2296 2119 lucis,

719 2146 937 2200 illustra
977 2160 1062 2200 me
1104 2144 1375 2215 iacentem
1427 2146 1481 2199 in
1534 2146 1777 2201 tenebris
1829 2150 2145 2214 passionum
2182 2164 2197 2201 :
2231 2164 2298 2203 ne

718 2250 823 2290 nox
864 2235 1057 2289 mortis
1103 2234 1535 2304 comprehendat
1584 2251 1691 2302 me,
1738 2253 1859 2307 qua:
1901 2239 2083 2295 irritas
2110 2240 2297 2295 reddat

716 2344 843 2399 spes
880 2327 1073 2383 salutis
1100 2342 1234 2383 mea:
1256 2367 1271 2394 ,
1302 2342 1337 2383 ο
1366 2340 1517 2385 easta
1548 2337 1602 2384 et
1626 2330 1998 2387 immaculata.

721 2464 880 2535 185
946 2464 1031 2520 Ex
1086 2464 1299 2521 Canone
1350 2467 1403 2519 in
1462 2466 1882 2523 Translationem
1940 2469 1997 2525 S.
2061 2469 2292 2526 Joannis

1193 2535 1567 2607 Evangelistw,
1600 2538 1686 2592 die
1714 2539 1805 2593 26.

786 2694 892 2760 Tu,
922 2709 1044 2764 quae
1067 2693 1233 2749 Deum
1263 2695 1582 2764 concepisti,
1615 2695 1708 2766 qui
1747 2705 1967 2767 propter
1994 2712 2097 2752 nos
2128 2698 2294 2753 homo

720 2782 896 2838 factus
940 2794 1056 2847 est,
1094 2784 1343 2838 eumdem
1389 2784 1706 2854 deprecare,
1751 2801 1785 2842 ο
1836 2797 2009 2849 casta,
2045 2788 2182 2843 utin
2207 2789 2296 2844 die

712 2876 905 2946 judicii
952 2876 1278 2930 misereatur
1302 2877 1501 2944 nostri,
1535 2877 1627 2947 qui
1654 2878 1823 2932 multa
1854 2888 2076 2948 peccata
2102 2888 2293 2935 contra

717 2968 869 3023 illum
894 2968 1297 3024 commisimus.

780 3060 923 3115 Cum
967 3059 1205 3114 Verbum
1252 3076 1321 3115 ex
1368 3068 1421 3115 te
1469 3059 1815 3116 ineﬂ‘abiliter
1847 3061 2213 3128 iucarnatum,
2260 3080 2294 3116 ο

716 3152 964 3222 Deipara,
1000 3151 1053 3206 in
1083 3152 1229 3224 ligno
1266 3152 1451 3209 crucis
1482 3153 1758 3208 exaltatus
1792 3155 2088 3224 penderet,
2124 3155 2293 3211 disci-

2408 1975 2465 2011 σε
2498 1959 2776 2030 ὑμνοῦμεν
2805 1962 2887 2026 είς
2917 1961 3123 2026 πάντας
3148 1965 3273 2029 τοὺς
3308 1965 3528 2030 αίῶνας.

2473 2051 2615 2104 Φωτὶ
2661 2052 2758 2105 τοῦ
2789 2047 3085 2124 προσώπου
3130 2072 3224 2109 σου
3252 2058 3343 2111 τὸν
3382 2061 3441 2112 ἐν
3494 2060 3674 2114 σκότει
3721 2061 3978 2131 κείμενον

2405 2141 2593 2196 παθῶν
2620 2143 2986 2213 καταύγασον,
3037 2148 3131 2201 τοῦ
3164 2148 3338 2215 ςωτὸς
3365 2150 3510 2220 πύλη
3541 2151 3706 2223 νοητή
3726 2168 3737 2179 ·
3776 2152 3853 2223 μὴ
3883 2154 3979 2218 νὺξ

2404 2236 2686 2307 καταλάϐῃ
2718 2253 2784 2305 με
2805 2235 2899 2289 τοῦ
2930 2236 3185 2303 θανάτου,
3220 2241 3454 2309 ἄχραντε
3476 2241 3637 2313 ἁγνὴ,
3667 2244 3766 2314 τῆς
3800 2260 3979 2314 mer;-

2405 2327 2525 2398 ρίας
2553 2345 2654 2399 μου
2678 2328 2776 2394 τὰς
2795 2329 3015 2394 ἐλπίδας
3039 2330 3444 2388 ἀνακόπτουσα.

2417 2462 2517 2519 Ἐκ
2543 2465 2649 2520 τοῦ
2692 2458 2962 2531 Κᾶνόνος
2981 2469 3069 2539 είς
3092 2467 3208 2539 τὴν
3248 2468 3624 2536 μετάστασιν
3664 2462 3775 2523 τοῦ
3800 2469 3979 2539 ἁγίου

2607 2538 3039 2607 εὐαγγελιστοῦ
3091 2537 3388 2604 Ἰωάννου,
3413 2539 3601 2609 ἡμέρᾳ
3631 2546 3747 2604 κς.

2482 2694 2547 2749 Ἥ
2580 2694 2672 2749 τὸν
2719 2694 2853 2749 Θεὸν
2902 2694 3245 2749 συλλαϐοῦσα
3286 2696 3374 2749 τὸν
3413 2696 3482 2749 δι’
3524 2698 3670 2767 ἡμᾶς
3711 2696 3980 2766 γεγονότα

2402 2788 2716 2859 ἄνθρωπον,
2742 2788 2931 2841 τοῦτον
2959 2790 3206 2859 αἷτησαι,
3248 2788 3407 2860 ἁγνὴ,
3440 2792 3498 2844 ὲν
3528 2791 3712 2863 ἡμέρᾳ
3739 2792 3979 2861 κρίσεως

2400 2882 2546 2953 ἡμᾶς
2571 2881 2927 2952 οίκτειρῑησαι,
2958 2880 3084 2944 τοὺς
3108 2882 3277 2935 πολλὰ
3308 2882 3697 2955 ἡμαρτηκότας
3726 2884 3904 2955 αὐτῷ.

2482 3060 2679 3115 Ἦνίκα
2717 3060 2889 3128 Λόγος
2914 3060 2978 3112 ὲκ
3008 3059 3102 3112 σοῦ
3138 3061 3441 3132 σαρκωθεὶς
3467 3061 3818 3135 ἀποῤῥήτως.
3846 3064 3980 3118 Θεο-

2398 3150 2547 3216 τόκε,
2581 3154 2638 3206 ἐν
2668 3151 2810 3222 ξύλῳ
2847 3152 3115 3222 ἀνυψοῦτο
3157 3152 3251 3205 τοῦ
3289 3153 3548 3223 σταυροῦ,
3601 3155 3859 3228 παρθένῳ
3900 3158 3981 3229 τῷ

712 3244 842 3313 pulo
871 3242 1067 3313 virginl
1112 3253 1159 3296 te
1185 3242 1417 3313 puellam
1441 3250 1699 3315 tanquam
1732 3243 1991 3315 virginem
2020 3258 2289 3301 commen-

2405 3242 2622 3315 μαθητῇ
2658 3217 2733 3308 ὧς
2772 3217 3045 3314 παρθένον
3079 3245 3248 3317 κόρην
3275 3262 3334 3298 σε
3366 3217 3654 3317 παρέθετο.

715 3333 884 3389 davit.

785 3426 1036 3495 Divinum
1075 3425 1168 3480 Dei
1202 3426 1464 3495 templum
1499 3426 1787 3481 laudemus
1817 3443 1832 3480 :
1876 3436 2122 3482 sanctam
2172 3427 2296 3483 Vir-

714 3517 896 3588 ginem
940 3520 1131 3572 omnes
1179 3517 1341 3571 claris
1388 3518 1615 3573 vocibus
1651 3519 2045 3582 beatillcemus,
2074 3518 2167 3588 qtti
2199 3535 2297 3589 per

716 3609 862 3667 illam
897 3610 1134 3665 deiﬁeati
1186 3624 1397 3675 sumus,
1448 3618 1503 3665 et
1528 3624 1559 3665 a
1586 3610 1927 3682 gravissimis
1959 3612 2119 3668 malis
2162 3612 2297 3667 libe-

716 3702 843 3757 rati.

779 3791 921 3846 Cum
960 3789 1112 3860 juxta
1144 3806 1364 3846 crucem
1413 3788 1534 3845 Filii
1577 3790 1653 3845 ttti
1685 3806 1791 3845 una
1822 3807 1946 3845 cum
1978 3792 2176 3847 dilecto
2204 3794 2290 3848 di-

713 3885 924 3954 scipulo
941 3896 1140 3949 stares,
1162 3884 1693 3948 immaculatissima,
1714 3885 1984 3954 lacryntas
2008 3885 2293 3943 eﬂ'undens

711 3974 989 4042 gemebas,
1039 3984 1094 4029 et
1133 3974 1492 4032 admirabaris
1536 3975 1824 4045 plurimam
1856 3974 1999 4031 illius
2020 3992 2147 4047 erga
2188 3978 2291 4032 ho-

714 4066 889 4120 mines
923 4068 1197 4137 pietatem.

784 4160 842 4212 ln
878 4159 1237 4214 similitudine
1264 4159 1448 4215 carnis
1495 4158 1638 4214 Deus
1678 4159 1929 4231 cognitus
1971 4167 2056 4214 est
2089 4159 2151 4214 at
2190 4162 2289 4215 lio-

712 4248 952 4303 minibus
981 4264 1046 4303 ex
1074 4258 1144 4315 te,
1174 4250 1498 4319 purissima;
1530 4266 1690 4320 quem
1721 4265 1935 4321 semper
1966 4250 2285 4321 deprecare,

712 4355 747 4393 ο
775 4341 1140 4407 sanctissima,
1176 4353 1234 4395 ut
1272 4342 1638 4411 perniciosam
1685 4345 1867 4399 carnis
1900 4355 2101 4400 nostra:
2152 4360 2284 4415 prn-

713 4434 948 4487 dentiatn
976 4433 1273 4488 interimat.

788 4524 1166 4580 Benedieimus
1192 4536 1263 4591 te,
1296 4525 1733 4592 inviolatissima,
1772 4542 1894 4597 qua:
1938 4528 2280 4584 benedictum

714 4617 1001 4671 Dominum
1035 4618 1293 4688 genuisti,
1329 4618 1421 4688 qui
1456 4619 1656 4683 divinis
1690 4619 2161 4674 benedictionibus
2184 4635 2279 4675 co-

710 4707 927 4762 ronavit
948 4706 1229 4761 hominum
1262 4716 1514 4762 naturam
1551 4706 1920 4767 tnaledietam,
1953 4715 2006 4759 et
2038 4720 2160 4771 nos,
2189 4707 2281 4777 qui

712 4800 778 4853 ad
812 4800 1177 4870 corruptionis
1224 4808 1551 4856 vetustatem
1586 4800 1787 4855 redacti
1828 4814 2069 4865 eramus,
2123 4814 2288 4855 reno-

712 4906 808 4946 vav
820 4892 875 4946 it.

779 4980 962 5036 Iesum
1021 4979 1380 5046 Salvatorem,
1444 4997 1606 5052 quem
1670 4997 1899 5052 corpore
1942 4980 2163 5038 induisti
2219 4997 2284 5037 ex

712 5073 877 5129 castis
908 5072 1263 5143 sanguinibus
1313 5074 1445 5142 tuis,
1477 5089 1511 5129 ο
1554 5073 1667 5129 Deo
1712 5075 2062 5140 charissima,
2093 5075 2284 5145 depre-

672 5330 675 5333 ,
715 5290 773 5330 se
814 5274 1244 5349 implicaret,qui
1278 5268 1370 5332 D'ei
1394 5276 1616 5339 Matrem
1650 5277 2052 5332 immaculatam
2089 5275 2282 5349 latere-

692 5346 886 5416 ‘tnr,et'
900 5346 1018 5415 ejus
1047 5346 1453 5416 conceptionem
1477 5349 1879 5403 itnmaeulatam
1900 5346 2279 5414 negztret.Nam

711 5415 927 5485 siVirgo
945 5415 1630 5487 immaculataestmecesse
1641 5432 1725 5473 est
1746 5420 1796 5471 in
1818 5434 1914 5473 sua
1930 5421 2281 5486 conceptione

714 5487 1118 5557 immaculatam
1150 5504 1270 5544 esse
1292 5494 1413 5544 cum
1444 5505 1507 5545 ea
1528 5504 1627 5543 vox
1660 5504 1876 5543 omnem
1906 5504 2131 5557 prorsus
2162 5504 2282 5542 ma-

711 5555 888 5609 culam
936 5559 1186 5628 excludat
1215 5570 1270 5613 et
1320 5575 1417 5628 pro
1475 5575 1799 5628 quocunque
1838 5555 2080 5613 inslanti.
2120 5560 2283 5613 Addit

715 5628 985 5699 Antonius
1008 5627 1413 5698 Calderdnlpro
1463 5632 1614 5683 titulo
1637 5627 2019 5694 Immaculata,
2067 5645 2188 5699 cap.
2223 5630 2277 5693 5,

716 5713 771 5748 ιι.
800 5697 920 5761 154,
961 5701 1193 5768 amplius
1217 5697 1417 5769 requiri
1470 5712 1529 5753 ιιι
1573 5700 1662 5754 Dei
1704 5700 1873 5753 Mater
1914 5706 1984 5754 sit
2011 5697 2278 5754 immacu-

2468 3424 2541 3476 Τὸ
2570 3422 2713 3477 θετον
2729 3422 2955 3493 τέμενος
2980 3423 3115 3477 Θεοῦ
3137 3424 3495 3496 ὖμνήσωμενξ
3513 3426 3612 3498 τὴν
3632 3428 3801 3496 ἁγίαν
3831 3430 3979 3500 Hap-

2397 3516 2548 3569 θένον
2573 3515 2888 3586 περιφανῶς
2912 3515 3115 3580 πάντες
3150 3517 3566 3588 μακαρίσωμεν,
3600 3521 3649 3573 οί
3678 3518 3978 3588 θεωθέντες

2392 3610 2460 3664 δι’
2490 3608 2661 3679 αὐτῆς
2686 3610 2788 3663 καὶ
2812 3609 2999 3663 δεινων
3028 3608 3512 3681 ἀπολυτρούμενοι.

2466 3791 2599 3846 Ὅτε
2621 3792 2899 3865 παρέστης
2920 3791 3017 3846 σὺν
3036 3790 3250 3863 μαθητῇ
3268 3789 3345 3861 τῷ
3366 3791 3715 3863 ἠγαπημένῳ
3730 3793 3789 3846 ιν
3812 3790 3978 3847 aeau-

2394 3884 2473 3957 ρῷ
2489 3884 2581 3949 τοῦ
2597 3884 2691 3938 σοῦ
2708 3884 2860 3946 Υίοῦ,
2880 3883 3518 3955 παναμὼμητεηέστενες
3530 3884 3863 3956 δακρύουσα,
3879 3888 3977 3941 καὶ

2391 3961 2699 4049 ἐθαύμαζες
2734 3978 2899 4033 αὐτοῦ
2931 3978 3026 4049 τὴν
3060 3978 3196 4049 πρὸς
3233 3976 3555 4049 ἀνθρώπους
3585 3978 3789 4051 πολλὴν
3835 3997 3975 4051 συμ-

2391 4070 2644 4123 πάθειαν.

2463 4164 2681 4235 Σαρκὸς.
2696 4161 3003 4234 ὁμοιώματι
3032 4161 3335 4233 ἐγνωρίσθη
3370 4164 3479 4224 τοῖς
3512 4162 3723 4235 βροτοῖς
3751 4162 3891 4227 Θεὸς
3909 4166 3972 4216 ἐκ

2390 4255 2506 4315 σοῦ,
2540 4255 2873 4326 πανάμωμε,
2909 4255 2969 4309 ὃν
3008 4254 3313 4309 ὲκδυσώπει
3356 4254 3587 4307 πάντοτε
3622 4254 3719 4323 τῆς
3763 4255 3972 4325 σαρκὸς

2389 4347 2545 4416 ἡμῶν
2569 4346 2638 4399 τὰ
2664 4347 3004 4418 φρονήματα,
3038 4346 3298 4415 παναγία,
3327 4342 3598 4418 νεκρῶσαι
3626 4347 3694 4399 τὰ
3723 4346 3968 4418 ὀλέθρια.

2459 4526 2804 4597 Εὖλογοῦμέν
2848 4545 2932 4591 σε,
2968 4528 3298 4598 πανάμωμε,
3340 4528 3623 4597 κυήσασαν
3656 4528 3964 4596 εὐλογημέο

2388 4640 2476 4675 νον
2507 4622 2733 4690 Κύριον,
2761 4621 2850 4674 τὸν
2881 4621 3150 4689 εὐλογίαις
3174 4620 3589 4691 καταστέψαντα
3607 4623 3724 4685 ταῖς
3754 4621 3969 4683 θεῖκιῐς

2390 4711 2665 4781 ἐπάρατον
2709 4710 2872 4779 φύσιν
2918 4710 3027 4762 τῶν
3059 4710 3290 4780 βροτῶν,
3339 4711 3436 4764 καὶ
3488 4712 3969 4782 καινουργήααντα

2384 4805 2531 4875 ἡμᾶς
2562 4802 2973 4866 παλαιωθέντας
3008 4801 3206 4873 φθορᾷ.

2466 4980 2672 5050 Ἰησοῦν
2717 4978 2809 5034 τὸν
2851 4978 3102 5049 Σωτῆρα,
3146 4976 3206 5030 ὸν
3250 4975 3622 5047 ὶσωμάτωσας
3668 4977 3727 5043 ἑξ
3777 4976 3966 5045 ἁγνῶν

2386 5089 2478 5127 σου
2531 5072 2802 5150 αίμάτων,
2854 5068 3254 5140 Θεοχαρίτωτε,
3300 5069 3520 5139 αίτησαι
3574 5070 3725 5140 ἡμᾶς
3753 5070 3965 5124 οἰκτει-

2384 5274 2555 5331 stanti
2574 5284 2829 5330 contenta
2860 5282 2963 5338 est,
2990 5288 3112 5327 eum
3140 5271 3364 5326 alterius
3394 5270 3622 5328 maculae
3642 5286 3811 5341 capax
3844 5287 3961 5327 non

2386 5348 2475 5411 sit,
2536 5362 2711 5416 neque
2744 5346 2982 5415 amplius
3028 5346 3230 5407 duret;
3258 5352 3321 5416 at
3345 5341 3643 5416 Deillatri,
3672 5355 3726 5416 ut
3751 5344 3822 5397 sit
3847 5341 3961 5397 iun-

2387 5413 2678 5478 tiiaculata,
2734 5413 2850 5470 non
2873 5417 3005 5471 Satis
3033 5416 3105 5469 sit
3130 5415 3356 5483 originis
3396 5413 3513 5467 labe
3558 5414 3826 5476 caruisse,
3860 5416 3960 5468 sed

2350 5532 2353 5537 .
2382 5490 2542 5542 etiam
2569 5499 2744 5551 actus,
2770 5501 2945 5556 neque
2978 5488 3030 5540 in
3063 5486 3249 5555 aliquo
3300 5483 3960 5556 dttntaxatrinstanti,_sed

2383 5573 2617 5627 semper,
2650 5553 2877 5627 ejusque
2901 5560 3110 5626 puritas
3142 5553 3405 5609 liisveluti
3438 5553 3961 5627 partibusabsolvi-

2385 5622 2939 5697 turfnltins'trumqu'e
2966 5635 3110 5681 esset
3136 5627 3400 5697 integram
3440 5622 3530 5677 Dei
3559 5623 3715 5677 Matri
3740 5627 3964 5697 mundi.

2381 5699 2510 5753 tiatn
2542 5698 2698 5753 titulo
2731 5696 3092 5752 immaculata:
3138 5696 3457 5757 concedere,
3503 5706 3557 5748 et
3612 5706 3849 5763 partem,
3906 5696 3959 5749 id

709 5770 838 5841 lata,
873 5766 1143 5835 quam‘ut
1174 5782 1245 5825 sat
1278 5766 1626 5826 immaculata
1671 5770 1790 5840 ejus
1818 5774 2123 5841 conceptio.
2152 5770 2277 5825 llwe
2376 5782 2479 5841 est,
2544 5768 2869 5841 munditiem
2932 5766 3318 5841 conceptmnis
3344 5780 3564 5834 negare,
3617 5781 3741 5820 cum
3774 5773 3955 5820 totum

710 5836 852 5891 enim
882 5841 1086 5907 peccati
1134 5842 1414 5911 originalis
1468 5836 1740 5909 carentia,
1772 5852 1824 5898 et
1861 5857 1960 5912 pro
1990 5836 2165 5897 'unieo
2194 5844 2275 5895 in-

2380 5840 2496 5892 sine
2525 5850 2673 5907 parte
2698 5838 2997 5891 subsistere
3033 5836 3141 5891 non
3175 5836 3365 5905 pmsit.
