4166 6458
714 334 850 404 1203

1832 342 1891 399 S.
1936 339 2247 403 JOSEPIII
2287 342 2849 405 IIYMNOGRAPIII

3814 338 3955 404 1204

714 453 876 525 Regis
912 450 1115 507 Christi
1166 450 1501 516 vehiculum;
1536 450 1709 520 gaude
1754 454 2151 510 maledictionis
2187 472 2280 511 so—

2407 461 2528 512 lsiov
2549 459 2734 528 ὄχημα
2764 458 2857 511 τοῦ
2891 458 3155 529 βασιλέως
3186 458 3443 529 Χριστοῦ,
3469 459 3647 531 χαῖρε,
3671 453 3825 521 λύσις
3856 457 3956 527 τῆς

713 546 867 610 lutio,
904 560 937 598 ο
963 545 1217 599 omnibus
1252 544 1721 599 benedictionibus
1749 548 2045 602 cumulata.

2387 554 2547 623 ἀρᾶς,
2574 552 2999 622 παντευλὸγητε.

1681 662 1839 733 187
1883 662 1966 716 Ex.
1997 661 2208 717 Canone
2247 664 2301 717 in
2328 663 2386 719 S.
2421 661 2759 733 Epicuream,
2784 662 2868 717 die
2890 663 2981 717 27.

784 753 920 809 Ecce
961 764 1167 808 natura:
1201 753 1346 821 leges
1396 752 1723 809 iunorantur
1760 752 1815 806 iu
1845 760 1917 818 te,
1949 768 1983 809 ο
2017 754 2086 810 ab
2127 755 2278 809 omni
2375 752 2549 809 eidem
2590 769 2714 809 cum
2746 753 2914 809 animi
2944 753 3308 810 exsultatione
3341 754 3590 809 adductae
3612 764 3764 810 sunt.

714 847 832 902 labe
858 846 1149 909 immunis;
1174 844 1349 899 Deum
1382 846 1527 899 enim
1561 845 1706 915 paris
1735 854 1791 900 et
1815 846 2089 902 hominem
2116 862 2281 917 supra

717 946 925 992 naturae
947 937 1284 1005 rationisque
1309 936 1473 1005 leges,
1519 950 1679 1005 quem
1715 953 1841 994 cum
1871 953 2059 993 amore
2102 938 2286 993 adole-

715 1030 973 1087 scentula:
1002 1028 1271 1083 ferventer
1293 1029 1620 1086 dilexerunt.

791 1123 1144 1178 Pcrmausisti
1178 1133 1300 1193 post
1330 1132 1539 1193 partum
1580 1125 2072 1195 supernaluraliter
2105 1126 2280 1196 virgo,

718 1232 751 1267 o
782 1216 887 1270 Deo
938 1216 1293 1287 charissima;
1332 1225 1495 1285 atque
1529 1231 1715 1273 amore
1739 1219 1813 1273 tui
1840 1218 2116 1274 vulnerata
2169 1220 2285 1274 lucc

720 1307 871 1376 virgo
905 1316 957 1361 et
994 1317 1199 1379 martyr
1236 1306 1491 1361 alacriter
1528 1308 1847 1373 decertavit,
1886 1319 1939 1363 et
1970 1318 2093 1379 post
2139 1319 2213 1372 te,
2254 1327 2288 1366 ο

719 1412 893 1462 casta,
926 1400 1154 1454 adducta
1184 1411 1267 1455 est
1310 1399 1526 1471 Sponso
1564 1417 1665 1457 suo
1706 1417 1809 1455 una
1834 1416 1959 1456 cum
1989 1402 2295 1473 virginibus

721 1493 968 1547 ﬁdelibus
992 1494 1220 1548 choreas
1243 1495 1472 1549 ducens.

794 1586 1032 1640 Verbum
1069 1587 1246 1642 Patris
1279 1587 1635 1643 substantiale
1668 1587 1875 1659 absque
1915 1590 2025 1645 ulla
2057 1590 2138 1645 sui
2176 1604 2296 1643 mu-

722 1678 924 1732 talione
954 1694 1020 1733 ex
1051 1690 1121 1745 te,
1154 1696 1187 1733 o
1220 1680 1400 1750 Virgo,
1434 1683 1776 1737 incarnatum
1802 1694 1903 1745 est,
1931 1685 2088 1753 cujus
2111 1697 2297 1737 amore

2448 842 2667 900 Natura:
2709 861 2880 903 novas
2931 846 3077 916 leges
3130 846 3399 911 indidisti,
3442 862 3475 901 ο
3508 844 3696 917 Virgo,
3738 844 3967 916 quando

2380 953 2544 1009 supra
2568 947 2776 994 natura:
2792 940 3037 995 ordinem
3059 940 3349 1009 peperisti;
3377 940 3519 995 Deus
3540 942 3686 995 enim
3714 949 3770 993 et
3801 940 3971 999 homo

2384 1031 2488 1087 fuit
2517 1032 2607 1086 ille
2637 1032 2729 1101 qui
2756 1047 2821 1086 ex
2858 1041 2908 1087 te
2936 1031 3097 1086 modo
3123 1030 3382 1087 ineﬁabili
3417 1032 3734 1086 incarnatus
3762 1039 3868 1084 est.

2458 1122 2622 1193 Virgo
2658 1133 2807 1178 casta
2840 1136 2964 1195 post
2997 1135 3207 1195 partum
3246 1124 3543 1179 venerabili
3578 1134 3799 1194 stupore
3850 1123 3965 1192 ple-

2393 1234 2518 1273 num
2553 1218 2920 1286 pertnansisti,
2955 1232 2987 1269 o
3020 1217 3314 1272 inviolata:
3350 1217 3518 1271 Deum
3547 1232 3690 1271 enun
3724 1214 3967 1270 Verbum

2392 1310 2669 1381 peperisti,
2722 1326 2886 1381 quem
2921 1311 3077 1381 virgo
3124 1309 3409 1378 Epicharis
3439 1309 3490 1363 iu
3528 1308 3708 1363 medio
3746 1308 3971 1377 iniquo—

2391 1418 2511 1458 rum
2541 1411 2895 1473 tyranuorum
2926 1404 3212 1468 conlitcns,
3238 1402 3578 1459 exclamabat
3603 1420 3616 1456 :
3645 1400 3973 1456 Benedictus

2392 1494 2557 1558 Deus,
2585 1506 2691 1550 etc.

2464 1584 2868 1639 Sacratissimis
2908 1584 3135 1638 vocibus
3168 1582 3526 1637 sacratissimi
3564 1582 3845 1653 propheta:
3883 1580 3971 1635 fu-

2395 1684 2570 1731 turam
2606 1683 2659 1730 te
2701 1673 2790 1729 Dei
2837 1673 3058 1729 Matrem
3096 1672 3384 1729 manifeste
3435 1675 3976 1743 praenuntiaverunt,

722 1784 983 1825 succensa
1020 1769 1302 1841 Epicharis
1327 1773 1643 1830 coelestibus
1674 1775 1928 1831 thalamis
1958 1776 2115 1845 digna
2150 1774 2290 1829 facta
2324 1778 2365 1835 Β
2395 1785 2429 1826 o
2466 1778 2618 1825 casta
2661 1776 2713 1823 et
2755 1767 3015 1821 inviolata
3050 1786 3063 1821 :
3098 1782 3260 1837 quem
3301 1767 3556 1821 omnibus
3595 1765 3977 1821 dominantem

722 1874 825 1917 οδε.

791 1955 1204 2024 (Iomplecteris,
1236 1970 1269 2009 ο
1312 1955 1559 2027 Deipara,
1602 1959 1714 2013 sola
1754 1960 1935 2015 divina
1974 1961 2143 2027 gratia
2181 1961 2292 2031 ple-

724 2046 953 2101 nissima
981 2088 996 2111 ,
1056 2050 1321 2103 maternis
1372 2052 1515 2105 ulnis
1564 2052 1693 2119 tuis,
1730 2054 1879 2107 illum
1924 2056 2014 2125 qui
2051 2055 2291 2124 comple-

723 2138 889 2193 ctitur
928 2149 982 2194 et
1010 2141 1251 2194 continet
1274 2142 1552 2196 universa.

794 2232 1029 2287 Odorem
1065 2233 1451 2288 suavissimum
1499 2235 1618 2290 Filii
1670 2252 1734 2291 ex
1768 2247 1818 2293 te
1870 2240 2135 2294 incarnati
2175 2241 2296 2295 illu-

724 2324 1009 2380 strissimre
1048 2325 1241 2395 puella:
1266 2326 1649 2397 pereipieutcs,
1696 2338 1819 2399 post
1848 2340 1919 2395 te,
1951 2347 1983 2384 ο
2014 2334 2291 2395 inviolata.

726 2456 832 2531 Ea;
847 2458 1059 2513 Canoue
1169 2458 1300 2527 festo
1338 2459 1394 2515 S.
1426 2460 1664 2531 Gregorii
1704 2480 1908 2531 ηιπῃηίῑυ
1934 2466 2215 2523 Armenim,
2247 2475 2295 2519 et

755 2526 852 2583 SS.
876 2532 1038 2582 Mart.
1070 2526 1359 2599 llip’simiw,
1394 2526 1635 2596 Gaianas,
1666 2544 1713 2587 ct
1736 2526 2021 2598 sociarum,
2056 2538 2141 2589 die
2170 2536 2258 2591 50.

798 2703 1053 2761 Mulieres
1101 2722 1262 2763 cruce
1297 2709 1441 2763 illius
1489 2710 1581 2780 qui
1629 2726 1693 2765 ex
1731 2721 1802 2777 te,
1834 2728 1868 2765 ο
1910 2724 2081 2779 casta,
2120 2715 2300 2769 incar-

726 2805 880 2849 eatus
908 2805 1012 2863 est,
1045 2799 1331 2861 roborata},
1374 2803 1816 2857 constantissime
1864 2804 2297 2870 decertavcrunt,

726 2898 780 2942 et
835 2889 1083 2946 adducta:
1135 2901 1262 2946 sunt
1311 2892 1380 2946 ad
1431 2893 1581 2948 illum
1616 2903 1737 2962 post
1786 2903 1835 2949 te
1892 2894 2165 2967 Virginem
2202 2917 2216 2954 :
2248 2911 2302 2953 et

727 2980 1114 3048 splendoribus
1163 2983 1527 3054 virginitatis,
1580 2995 1632 3039 et
1684 2997 1983 3057 martyrum
2038 2989 2301 3060 sanguine

728 3069 955 3139 fulgent.

2400 1862 2869 1933 supcrexaltamus
2899 1860 2955 1915 in
2984 1859 3171 1915 omnia
3197 1859 3413 1913 saecula.

2475 1954 2719 2010 Lucifera
2759 1954 2952 2019 nubes,
2994 1968 3122 2024 qua:
3175 1952 3419 2007 divinum
3462 1951 3644 2005 lumen
3693 1950 3978 2020 peperisti,

2405 2047 2731 2103 miserabilis
2761 2047 2957 2100 animae
3003 2061 3139 2100 mea:
3172 2045 3357 2100 nubila
3387 2043 3645 2113 dispelle’,
3680 2057 3713 2095 ο
3746 2042 3837 2095 Dei
3874 2042 3982 2095 Ge-

2409 2138 2596 2201 uitrix,
2630 2146 2683 2192 et
2714 2138 2834 2192 luce
2872 2137 3035 2207 188
3067 2136 3260 2191 salutis
3293 2135 3535 2189 illumina
3572 2149 3679 2199 me,
3711 2149 3836 2203 qua:
3863 2133 3985 2187 scla

2406 2247 2466 2286 es
2497 2232 2671 2291 bona;
2715 2240 2772 2283 ut
2805 2245 2928 2285 cum
2960 2229 3064 2283 ﬁde
3096 2236 3151 2283 et
3179 2227 3373 2282 allectu
3406 2238 3456 2281 te
3488 2228 3827 2281 incessanzer
3862 2241 3983 2278 ma-

2410 2325 2679 2396 gniﬁcem.

2420 2464 2512 2515 Ἐκ
2552 2462 2656 2514 τοῦ
2698 2462 2965 2525 Κιινόνος
3012 2461 3094 2524 εἰς
3129 2459 3237 2511 τὸν
3280 2459 3455 2527 ἅγιον
3497 2456 3835 2527 Γρηγόριον
3874 2452 3987 2519 τῆς

2473 2534 2741 2601 μεγάλης
2780 2532 3111 2601 Ἀρμενίας.
3171 2530 3265 2601 καὶ
3292 2526 3425 2601 Δτᾲς
3463 2526 3989 2601 ἁγίας-μάρτυρας

2492 2597 2813 2671 Ῥὶψιμίαν,
2847 2599 3119 2666 Ιάιανὴν
3145 2600 3241 2653 καὶ
3277 2598 3506 2665 ἐτέρας,
3546 2597 3739 2666 ἡμέρῃ
3771 2597 3839 2648 λ’.

2485 2720 2745 2781 Γυναῖκες
2796 2716 2873 2786 τῷ
2910 2715 3128 2786 σταυρῷ
3186 2714 3280 2767 τοῦ
3328 2715 3392 2767 ἐκ
3448 2711 3544 2765 σοῦ
3600 2709 3987 2782 σαρκωθὲντος

2414 2808 2861 2881 κραταιούμεναι,
2899 2806 3057 2875 ἁγνὴ,
3084 2804 3385 2875 ἐνήθλησαν
3416 2801 3680 2873 στερρῶς,
3709 2800 3808 2853 καὶ
3836 2796 3995 2867 αὒτῷ

2414 2899 2865 2972 προσηνέχθησαν
2913 2898 3136 2952 δπισθέν
3188 2914 3280 2949 σου
3312 2898 3411 2965 τῆς
3442 2894 3739 2965 Παρθένου.
3774 2891 3991 2962 παρθι-

2407 2993 2523 3055 νίας
2546 2991 2896 3062 λαμπρότησι
2924 2990 3017 3042 καὶ
3049 2989 3344 3059 μαρτύρων
3374 2989 3432 3039 ἐν
3454 2986 3650 3057 αἵματι
3682 2983 3989 3055 λάμπουσι.

803 3160 1069 3230 Ripsimia
1118 3174 1324 3237 martyr
1374 3167 1554 3222 sciens
1612 3178 1665 3223 te
1709 3171 1941 3240 puellam
1974 3172 2146 3227 solam
2185 3185 2298 3225 esse

2481 3168 2947 3240 Μητροπάρθενον
3005 3168 3173 3239 κρρην
3228 3184 3286 3220 σε
3356 3165 3607 3237 Ῥιψιμεα
3663 3166 3699 3236 ἡ
3772 3165 3993 3236 μάρτυς

728 3251 1003 3323 Virginem
1048 3267 1297 3324 matrem,
1330 3260 1597 3315 oblectata
1629 3272 1713 3317 cst
1754 3265 2158 3332 pulchritudine
2184 3272 2299 3330 tua,

726 3355 780 3399 et
828 3348 1049 3403 Christo
1084 3360 1207 3419 post
1244 3359 1295 3405 te
1351 3352 1583 3407 adducta
1628 3363 1743 3421 est,
1774 3356 2166 3412 certaminibus
2205 3372 2301 3412 co-

729 3456 978 3496 ῐιιςρςιιιε.

800 3528 867 3584 Ut
908 3532 1213 3601 pulchram,
1276 3544 1334 3588 ιιι
1372 3536 1625 3601 electam,
1660 3546 1718 3592 ut
1760 3538 2059 3607 speciosam
2100 3539 2304 3594 dilexe-

725 3634 860 3675 ruut'
892 3635 942 3677 te
980 3625 1399 3681 adulescentula:
1446 3629 1656 3697 puellm,
1698 3645 1816 3699 qua:
1866 3646 1989 3684 cum
2034 3629 2300 3701 Ripsimia

726 3711 1075 3766 decertatum
1106 3732 1118 3767 :
1166 3722 1219 3767 et
1246 3724 1367 3782 post
1397 3726 1467 3779 te,
1506 3732 1537 3768 ο
1572 3716 1732 3786 Virgo
1765 3716 1938 3771 Mater
1977 3716 2165 3781 Maria,
2203 3717 2303 3771 ad-

728 3802 903 3856 ductze
932 3813 1058 3857 suut
1088 3805 1151 3858 ad
1181 3804 1377 3860 Filium
1414 3816 1563 3860 tttum
1598 3809 1861 3862 laetantes.

789 3894 920 3960 Qum
966 3896 1319 3965 ﬂagrantiam
1379 3900 1636 3968 unguenti
1696 3900 1859 3955 Verbi
1918 3900 2060 3971 (ιποά
2111 3916 2173 3955 ex
2228 3912 2299 3968 te,

731 3984 895 4057 Virgo
922 4000 1094 4054 casta,
1124 3992 1458 4053 coruscavit,
1494 4003 1881 4061 perceperunt;
1914 4008 2010 4062 per
2030 3995 2287 4049 athletica

626 4124 629 4129 .
729 4080 1031 4134 certamina
1057 4081 1156 4150 ipsi
1180 4091 1349 4151 grata:
1373 4092 1717 4154 acceptaeque
1735 4083 1955 4138 fuerunt
1979 4086 2298 4152 gaudentes.

801 4170 995 4225 Statim
1036 4182 1197 4241 atque
1224 4171 1484 4243 Ripsimia
1522 4175 1739 4229 rescivit
1777 4176 2101 4231 cruciﬁxum
2134 4176 2303 4232 fuisse

730 4263 907 4330 illum,
942 4266 1035 4335 qui
1059 4280 1124 4320 cx
1153 4274 1202 4319 te
1238 4266 1553 4322 incarnatus
1582 4277 1684 4331 est,
1713 4267 1963 4336 Deipara,
1990 4268 2150 4321 Stuiul
2177 4285 2303 4322 cru-

730 4358 889 4412 ciﬁxa
918 4369 1001 4415 est
1032 4374 1155 4413 cum
1182 4375 1266 4424 eo,
1295 4368 1550 4430 tanquam
1575 4375 1715 4429 agna
1739 4376 1860 4414 cum
1894 4371 2131 4431 pastore,
2158 4363 2303 4417 velut

730 4452 951 4507 victima
978 4452 1067 4507 Dei
1102 4454 1474 4509 immaculata.

2414 3262 2757 3330 ἐπισταμένη
2794 3261 2983 3330 μόνην,
3019 3259 3249 3329 ἐθέλχθη
3274 3276 3365 3311 σου
3393 3260 3515 3321 ταῖς
3552 3255 3863 3318 καλλοναῖς,
3896 3257 3993 3309 καὶ

2412 3348 2490 3419 τῷ
2535 3348 2755 3420 Χριστῷ
2784 3349 2958 3402 ὀπίσω
3004 3366 3097 3401 σου
3128 3349 3515 3418 προσήνεκται,
3546 3346 3727 3407 ἄθλοις
3755 3346 3991 3414 διαλάμο

2414 3457 2612 3494 πουσα.

2494 3534 2582 3594 Ὣς
2608 3533 2800 3605 καλὴν,
2838 3534 2915 3595 ὡς
2950 3532 3216 3598 ἐκλεκτήν
3273 3549 3354 3596 σε,
3401 3532 3478 3596 ὡς
3522 3530 3733 3601 ὡραίαν
3762 3530 3994 3599 mam-

2415 3642 2514 3679 σαν
2586 3626 2828 3688 νεάνιδες
2881 3625 3063 3696 κόραι,
3125 3625 3261 3694 μετὰ
3329 3623 3609 3693 Ῥιψιμίας
3657 3623 3990 3691 ἀθλήςασαι,

2413 3716 2841 3787 Παρθενομῆτορ
2860 3715 3067 3787 Μαρία,
3092 3717 3186 3768 καὶ
3210 3716 3385 3768 ὀπίσω
3414 3732 3507 3768 σου
3532 3714 3992 3785 προσηνέχθησαν

2410 3808 2490 3878 τῷ
2525 3807 2601 3875 σῷ
2632 3807 2767 3877 Υἱῷ,
2803 3809 3250 3877 εύφραινόμεναι.

2481 3900 2549 3953 Ai
2581 3901 2680 3971 τῆς
2710 3901 2885 3970 ὀσμῆς
2914 3900 3302 3970 αἰσθανόμεναι
3323 3898 3417 3952 τοῦ
3450 3898 3735 3971 μύρου’τοῦ
3771 3901 3835 3952 ἐκ
3866 3898 3988 3963 σού,

2413 3993 2552 4064 ἁγνὴ
2584 3994 2850 4063 Παρθένε,
2888 3994 3270 4063 ἐκλάμψαντος
3318 3994 3526 4061 Λόγου,
3567 3994 3635 4046 δι’
3679 3993 3993 4064 ἀθλητικῶν

2413 4084 2563 4156 αὐτῷ
2591 4084 2821 4152 ἀγώνων
2852 4084 3229 4155 εὖηρέστησαν
3253 4084 3559 4154 χαίρουσαι.

2482 4176 2873 4248 Σταυρωθὲντα
2905 4177 2996 4230 τὸν
3024 4178 3088 4230 ὲκ
3116 4176 3210 4230 σοῦ
3238 4176 3313 4239 ὡς
3348 4176 3564 4244 ἐπέγνω
3590 4173 3992 4245 σαρκούμενον,

2411 4262 2660 4331 Θεοτόκε,
2713 4266 2967 4337 Ῥιψιμία
3011 4266 3161 4335 αύτῷ
3217 4266 3612 4338 συνέστρωται,
3672 4265 3749 4329 ὡς
3808 4265 3993 4335 ἀμνὰς

2412 4355 2653 4427 ποιμένι,
2682 4358 2875 4429 ἱερεῖον
2900 4355 3037 4410 Θεοῦ
3061 4356 3135 4421 ὡς
3165 4354 3469 4427 ἀμώμητον

802 4544 1104 4615 Martyricis
1146 4547 1365 4602 coronis
1411 4556 1689 4603 exornatae.
1729 4548 1941 4617 puellm,
1993 4547 2058 4601 ad
2114 4548 2298 4611 Deum,

2482 4538 2856 4609 Μαρτυρικοῖς
2891 4536 3179 4605 στεφάνοις
3228 4534 3787 4605 κατακεκοσμημέναι
3830 4532 3996 4603 κόραι

731 4638 824 4705 qui
854 4653 925 4697 ex
951 4636 1172 4709 Virgine
1202 4649 1426 4695 exortus
1450 4650 1550 4703 est,
1579 4640 1825 4695 adducta:
1860 4649 2009 4705 sunt,
2040 4642 2305 4696 melodice

731 4731 1037 4785 clamantes
1070 4746 1082 4782 :
1118 4731 1436 4787 Benedictus
1474 4732 1637 4797 Deus,
1672 4743 1777 4789 etc.

823 4822 930 4878 Nec
990 4833 1385 4878 tormentorum
1453 4824 1857 4879 multitudinem
1915 4824 2305 4889 reformidans,

738 4928 839 4967 nec
881 4914 1065 4967 carnis
1122 4915 1489 4984 voluptatibus
1548 4916 1931 4979 succumbens,
1993 4926 2179 4969 uatum
2241 4931 2307 4970 ex

736 5003 959 5073 Virgine
978 5006 1264 5060 Dominum
1287 5006 1539 5063 confessa
1560 5016 1643 5063 est
1666 5008 1927 5078 Ripsitnia
1950 5009 2265 5065 exclamans
2292 5027 2305 5063 :

739 5097 1046 5153 Benedicile
1068 5108 1122 5153 et.
1153 5100 1367 5155 laudate
1396 5099 1709 5155 Dominum.

808 5191 953 5246 Luce
988 5193 1169 5247 vultus
1202 5192 1370 5257 illius,
1400 5194 1491 5263 qui
1531 5210 1593 5249 ex
1638 5204 1687 5249 te
1720 5196 2050 5258 coruscmit,
2080 5210 2110 5250 ο
2146 5193 2310 5265 Virgo

736 5296 1013 5355 perpetua,
1055 5285 1322 5341 illustrata
1365 5287 1627 5356 Ripsimia
1680 5303 1803 5343 cum
1864 5287 2057 5342 affectu
2094 5290 2311 5356 pertulit

741 5378 1028 5443 passiones
1058 5376 1223 5449 189
1253 5377 1393 5447 ejus,
1440 5387 1493 5432 et
1536 5387 1763 5433 mortem
1793 5377 1909 5447 ejus
1935 5378 1987 5431 in
2016 5393 2117 5432 sua
2146 5392 2309 5433 carne

739 5470 1042 5538 expressit;
1083 5470 1226 5524 unde
1259 5485 1404 5526 nunc
1436 5472 1675 5526 exsultat
1714 5488 1838 5526 cum
1873 5472 1989 5526 illo.

1205 5583 1462 5639 MENSIS
1491 5584 1851 5643 OCTOBER..

842 5670 929 5729 Ex
958 5674 1169 5729 Canone
1190 5678 1243 5729 in
1268 5676 1398 5744 festo
1426 5676 1484 5731 S.
1512 5672 1800 5731 Clmritimrz
1826 5678 1966 5733 Mart
1998 5722 2013 5747 ,
2042 5680 2125 5735 die
2146 5681 2198 5736 5.

809 5828 977 5894 Regio
998 5829 1417 5886 dtvtuzeuaturze
1480 5850 1643 5903 capax
1694 5834 1827 5887 facta
1856 5852 1931 5899 es,
1967 5852 1997 5889 ο
2028 5835 2117 5889 Dei
2160 5853 2312 5899 aem-

2411 4629 2491 4698 τῷ
2521 4632 2585 4681 ἐκ
2638 4628 2918 4699 Παρθένου
2967 4626 3310 4681 ἀνατείλαντι
3365 4624 3485 4696 Θεῷ
3536 4623 3999 4695 προσηνέχθησαν

2416 4721 2732 4794 μελῳδικῶς
2761 4720 2965 4784 βοῶσαι
2988 4734 3003 4751 ·
3037 4717 3342 4788 Εὐλογητὸς
3374 4714 3444 4784 εἴ,
3464 4720 3493 4771 ὁ
3512 4718 3666 4781 Θεὸς.

2484 4816 2560 4869 Οὐ
2597 4814 2848 4885 βασάνων
2868 4813 3079 4883 πληθὺν
3104 4813 3448 4879 δειλιάσασα,
3477 4813 3539 4865 ού
3567 4810 3767 4881 σαρκὸς
3797 4810 3995 4881 ἡδονὰς

2414 4908 2764 4977 ὑποκύψασα,
2787 4907 2878 4960 τὸν
2899 4909 2963 4960 ἐκ
2995 4906 3274 4977 Παρθένου
3291 4906 3497 4978 Κύριον
3513 4904 3783 4975 ὡμολόγει
3807 4903 3997 4975 βοῶσα

2413 5003 2448 5073 ἠ
2492 4999 2745 5071 Ῥιψιμία
2764 5015 2779 5031 ·
2802 4998 3116 5067 Εὑλογεῖτε,
3147 4999 3368 5070 ὑμνεῖτε
3392 4997 3485 5051 τὸν
3512 4996 3736 5071 Κύριον.

2483 5183 2627 5238 Φωτὶ
2656 5182 2750 5237 τοῦ
2780 5182 3070 5253 προσώπου
3116 5182 3209 5236 τοῦ
3252 5181 3316 5234 ἐκ
3364 5179 3458 5234 σοῦ
3489 5179 3865 5249 ἐκλάμψαντος
3900 5176 3989 5230 ἐλ-

2413 5277 2743 5347 λαμιξθεῖσα,
2816 5275 3203 5344 Ἀειπὰρθε-ιε,
3256 5274 3406 5344 πόθῳ
3459 5272 3671 5342 ἀσχέτῳ
3736 5272 3994 5342 Ῥιψιμξα

2414 5367 2719 5435 παθήματα
2753 5365 2918 5418 αὑτοῦ
2954 5366 3049 5418 καὶ
3093 5365 3185 5418 τὸν
3219 5366 3454 5419 θάνατον
3481 5364 3660 5433 οἰκεία
3695 5366 3761 5434 τῇ
3824 5366 3994 5434 σαρκὶ

2415 5460 2739 5526 ἑξεικὸνισεν
2758 5476 2771 5489 ·
2804 5458 2927 5511 ὅθεν
2953 5446 3058 5511 ’σὺν
3099 5458 3182 5511 σοὶ
3212 5458 3307 5511 νῦν
3339 5456 3723 5525 ἐπαγὰλλεται.

2902 5576 3059 5631 MJIN
3092 5574 3494 5630 ΟΚΤΩΒΡΙΟΣ.

2426 5668 2528 5723 Ἐκ
2560 5668 2665 5723 τοῦ
2697 5667 2959 5734 Κανόνας
2999 5671 3086 5733 εἰς
3114 5668 3433 5755 τξμχὰγίίζν
3457 5664 3727 5735 μάρτυρα
3761 5666 3995 5735 Χιφιτί-

2974 5758 3112 5807 νην,
3144 5745 3327 5807 ᾑμέρᾳ
3358 5745 3417 5792 ε’.

2485 5834 2696 5901 Χωρίον
2744 5835 3048 5906 χωρητικὸν
3084 5835 3378 5903 γεγένησαι
3417 5834 3515 5903 τῆς
3556 5834 3704 5896 032's;
3747 5834 3988 5902 φ’ζσεως,
