4166 6458
224 409 366 479 1209

1602 422 1942 485 MARIALE

3323 427 3465 498 1210

223 532 478 598 κυήσασα
509 528 604 582 τοῦ
654 530 883 602 Πατρὸς,
909 533 1170 604 Παρθένε,
1195 534 1284 588 τδν
1312 534 1644 606 σννάναρχον
1691 539 1782 591 καὶ
1812 564 1826 602 λ

1897 540 2119 594 Verbum
2162 539 2335 594 Patris
2367 539 2725 603 enixa,eidem
2765 539 2908 596 Patri
2935 550 3285 610 eoaeternum,
3308 547 3463 600 simi-

223 621 518 684 ευναῖδιον,
548 616 608 676 οὗ
635 625 753 685 ταῖς
778 626 1174 696 φρυικτωρίαις
1202 629 1247 678 οἱ
1266 628 1493 698 ἀθληταὶ
1517 645 1792 698 καταυγα-

225 712 448 774 σθέντες
479 713 666 775 ἁθεῖας
689 714 787 785 τὴν
814 716 982 768 νύκτα
1016 718 1389 788 παρέδραμον.

297 805 593 868 Συνέλαδες
624 809 680 857 ὲν
705 809 901 877 γαστρὶ
927 809 1016 860 τὸν
1047 812 1390 880 προαιὼνιον,
1411 812 1671 882 ἄχραντε,
1699 813 1792 866 καὶ

219 894 450 958 τέτοκας
499 897 556 948 ὲν
614 899 780 968 σαρκὶ
810 899 902 951 τὸν
953 900 1113 968 φύσει
1165 903 1480 971 ἀπρόσιτον,
1531 904 1624 956 καὶ
1652 903 1791 970 γάλα

225 988 488 1052 ὲπότισας
512 988 603 1044 τὸν
630 992 835 1063 τροφέα
863 993 1099 1057 πάντων,
1124 993 1405 1066 Θεομῆτορ
1429 996 1788 1068 ἀπειρόγαμε.

294 1177 559 1232 Κενοῦται
600 1181 656 1232 ἐν
726 1181 907 1252 μήτρᾳ
965 1198 1058 1234 σου
1125 1182 1402 1256 Πατρῴων
1451 1184 1666 1238 κόλπων
1718 1185 1792 1255 μὴ

218 1270 591 1339 ἀφιστάμενος
621 1276 648 1325 6
677 1274 1042 1343 πληρέστστος
1071 1276 1261 1342 Λόγος,
1289 1277 1382 1327 καὶ
1413 1276 1546 1345 σὰρξ
1579 1279 1789 1348 ὁρᾶται,

222 1364 319 1414 καὶ
343 1361 541 1432 βρέφος
569 1364 833 1430 τίκτεται,
863 1363 905 1432 ᾧ
935 1366 1302 1436 μελῳδούμεν,
1345 1367 1608 1437 Παρθένε,
1631 1368 1794 1439 γηθό-

222 1471 401 1524 μενοι·
445 1456 752 1528 Εὐλογητὸς
778 1460 806 1511 6
829 1459 960 1523 Θεὸς
984 1461 1012 1512 6
1035 1459 1143 1512 τῶν
1176 1459 1450 1529 πατέρων.

292 1632 402 1684 Σὺν
454 1632 764 1702 ἀσωμάτων
813 1632 1025 1699 τάξεσι,
1066 1635 1164 1688 σὺν
1205 1633 1502 1706 μαρτύρων
1535 1635 1795 1707 στρατεύ-

221 1741 376 1793 μασι,
431 1725 529 1778 σὺν
567 1728 680 1789 τοῖς
725 1727 1045 1790 ἀποστόλοις
1071 1728 1166 1781 καὶ
1193 1729 1522 1798 προφήταις,
1554 1729 1792 1792 ἅπαντες

221 1818 323 1886 τὴν
354 1817 572 1869 πάντων
599 1818 966 1881 δεσπόζουσαν
987 1821 1094 1873 τῶν
1119 1821 1437 1889 ποιημάτων
1471 1822 1790 1885 Δέσποιναν,

1896 630 2125 701 literque
2196 629 2461 700 principio
2535 647 2788 687 carens:
2856 632 3015 702 cujus
3079 634 3464 703 splendoribus

1893 722 2110 778 athleta:
2135 724 2404 790 irradiati,
2445 724 2777 780 inﬁdelitatis
2807 738 3018 781 noctem
3048 742 3458 795 percurrerunt.

1963 812 2267 882 Concepisti
2308 815 2359 868 in
2412 827 2586 878 utero,
2617 833 2648 868 0
2679 816 3041 883 immaculata,
3081 833 3205 873 eum
3252 820 3342 889 qui
3377 831 3462 879 est

1895 910 2019 959 ante
2049 904 2243 958 saecula
2271 921 2285 970 ;
2316 905 2568 974 peperisti
2619 907 2671 959 in
2729 920 2892 960 carne
2931 923 3055 962 eum
3106 908 3198 977 qni
3255 919 3460 963 natura:

1891 1006 1972 1050 est
2014 995 2423 1060 inaccessibilis,
2457 997 2594 1051 lacte
2627 997 2824 1067 potasti
2862 1015 2984 1052 eum
3020 1001 3113 1070 qui
3141 1001 3310 1055 nutrit
3334 1001 3463 1054 uniq
3548 1052 3554 1063 ,

1893 1106 2068 1156 versa,
2096 1105 2128 1144 ο
2164 1088 2252 1142 Dei
2282 1088 2449 1142 Mater
2479 1092 2657 1145 nescia
2699 1091 2821 1144 viri.

1964 1183 2297 1236 Evacuatum
2331 1192 2410 1236 est
2438 1181 2490 1234 in
2516 1191 2666 1235 utero
2699 1193 2813 1248 tuo,
2870 1197 2902 1235 ο
2934 1182 3118 1252 Virgo,
3167 1201 3275 1238 non
3309 1200 3463 1241 recr-

1892 1273 2024 1328 dens
2058 1290 2086 1328 a
2119 1273 2352 1332 Paterno
2377 1273 2518 1337 sinu,
2559 1271 2791 1328 Verbum
2828 1275 3218 1344 plenissimum,
3252 1285 3302 1330 et
3329 1290 3458 1330 caro

1895 1369 2165 1437 apparuit,
2199 1377 2363 1438 atque
2423 1366 2604 1421 infans
2657 1377 2841 1421 natum
2882 1377 3012 1422 est:
3063 1367 3149 1424 cui
3218 1367 3457 1426 suaviter

1893 1460 2143 1514 Canimus
2194 1458 2482 1514 lzetahundi
2521 1457 2891 1514 :Benedictus
2922 1458 3060 1514 Deus
3103 1467 3314 1527 patrum
3367 1476 3460 1515 uo.

1895 1559 2006 1604 διε-ο
2017 1565 2157 1602 rum.

1968 1640 2124 1711 193
2153 1641 2283 1695 Cum
2315 1639 2623 1711 agminibus
2652 1639 3122 1711 incorporeorum.
3159 1657 3281 1699 cum
3316 1658 3462 1698 mara

1894 1744 2072 1806 tyrum
2118 1733 2480 1798 exercitibus,
2535 1747 2659 1788 cum
2715 1733 2980 1804 apostolis
3027 1747 3092 1787 ac
3147 1735 3466 1803 prophetis,

1894 1841 2084 1881 Omnes
2123 1827 2372 1898 religiose
2405 1825 2597 1896 pieque
2623 1826 2997 1882 collaudemus
3037 1825 3459 1891 Domiuatricem

217 1910 291 1971 ὡς
323 1910 433 1962 τῶν
462 1911 746 1982 Χερούσῖμ
783 1913 1111 1983 ἀγιωτέραν,
1140 1915 1234 1967 καὶ
1271 1915 1437 1983 μόνην
1460 1913 1592 1967 Θεοῦ
1623 1913 1793 1984 ἁγνὴν

1897 1917 2137 1971 omnium
2161 1957 2177 1982 ,
2209 1919 2451 1988 reginam
2480 1933 2659 1972 rerum
2686 1927 3013 1984 creatarum,
3041 1927 3296 1989 tanquam
3325 1917 3467 1972 Che-

221 2003 450 2072 Μητέρα
472 2003 712 2067 εὐσεϐῶς
738 2002 1108 2077 ἀνυμνοῢμεν,
1131 2006 1366 2076 Χριστὸν
1391 2005 1792 2077 ὑπερυψοῦντες

219 2097 299 2156 εἰς
329 2097 538 2160 πάντας
581 2098 708 2161 τοὺς
732 2099 955 2162 αἰῶνας.

289 2191 481 2243 Φείσαί
528 2211 651 2262 μου,
700 2192 907 2262 Σῶτερ,
938 2194 967 2246 6
997 2192 1232 2262 τεχθεὶς,
1279 2193 1372 2249 καὶ
1417 2191 1654 2261 φυλάξας
1693 2190 1790 2263 τὴν

217 2283 485 2336 τεκοῦσαν
515 2300 573 2336 σε
600 2283 838 2353 ἄφθορον
865 2282 1004 2352 μετά
1029 2284 1128 2353 τὴν
1153 2284 1369 2352 κύησιν,
1409 2287 1537 2336 ὅταν
1562 2285 1790 2355 καθίσῃς

220 2373 407 2438 κρῖναι
439 2372 508 2424 τά
533 2371 671 2441 ἔργα
697 2390 825 2442 μου,
852 2375 950 2435 τὰς
982 2373 1213 2442 ἀνομίας
1242 2372 1522 2444 παρορῶν,
1566 2375 1658 2426 καὶ
1692 2375 1790 2437 τὰς

217 2464 496 2534 ἁμαρτίας
553 2482 675 2534 μου,
730 2465 806 2529 ὡς
839 2465 1245 2538 ἀναμάρτητος,
1299 2466 1547 2536 ἐλεήμων
1588 2468 1615 2519 6
1658 2465 1791 2529 Θεὸς

218 2557 312 2615 καὶ
335 2555 738 2629 φιλάνθρωπος.

1899 2005 2078 2058 rubim
2129 2008 2483 2069 sanctiorem,
2517 2014 2571 2059 et
2617 2006 2789 2060 solam
2823 2007 2916 2060 Dei
2957 2016 3184 2061 matrem
3216 2007 3466 2062 castissi‘

1896 2112 2062 2159 mam,
2099 2096 2374 2151 Christum
2438 2097 2907 2166 superexaltantcs
2939 2099 2992 2152 in
3025 2099 3209 2152 omnia
3238 2099 3458 2154 saecula.

1965 2188 2130 2247 Parce
2156 2190 2306 2256 mihi,
2341 2189 2610 2254 Salvator,
2636 2190 2727 2261 qui
2752 2201 2910 2245 natus
2936 2207 3016 2255 es,
3051 2200 3104 2246 et
3131 2192 3466 2249 conservasti

1892 2282 2263 2353 incorruptam
2307 2294 2430 2354 post
2475 2293 2688 2354 partum
2735 2285 3052 2354 genitricem
3104 2295 3283 2347 tuam,
3336 2299 3463 2340 cunt

1892 2374 2097 2429 sederis
2133 2376 2198 2429 ad
2230 2374 2522 2444 judicamla
2560 2389 2724 2444 opera
2759 2390 2912 2437 mea;
2954 2373 3310 2428 dissimulans
3356 2371 3462 2425 ini-
3512 2360 3514 2363 ’

1892 2469 2129 2537 quitates
2160 2477 2214 2522 et
2245 2479 2465 2538 peccata
2515 2482 2655 2527 mea,
2695 2477 2952 2536 tanquam
2989 2465 3375 2534 impeeeabilis,
3411 2473 3467 2519 et

1892 2559 2035 2615 Deus
2065 2561 2402 2625 misericors,
2434 2572 2597 2630 atque
2639 2561 2920 2618 hominum
2957 2569 3186 2617 amator.

1087 2668 1173 2724 Ea:
1195 2669 1402 2726 Conone
1423 2673 1477 2726 in
1510 2671 1609 2727 SS.
1644 2673 1898 2742 Carpam,
1921 2686 1968 2729 et
1995 2675 2276 2746 Popylum,
2303 2676 2386 2730 die
2415 2676 2478 2730 15
2504 2675 2663 2745 (86‘).

286 2781 333 2837 Ο
359 2791 516 2852 porta
544 2783 699 2850 lucis,
742 2799 862 2854 qua:
890 2799 954 2838 ex
988 2784 1314 2854 incorruptis
1346 2786 1645 2841 visceribus
1678 2786 1782 2840 tuis

216 2873 444 2939 cﬂ’ulsit,
485 2875 634 2929 vibra
707 2876 760 2929 in
831 2892 918 2930 me
994 2876 1381 2930 illuminativos
1465 2877 1793 2946 pmnitentiae

219 2967 436 3030 radios,
491 2977 545 3021 et
595 2967 796 3036 dissipa
834 2976 1181 3036 peccatorum
1217 2984 1462 3023 meorum
1520 2970 1790 3034 tenebras,

218 3074 252 3109 ο
281 3059 468 3112 divina
502 3059 675 3129 gratia
707 3059 1047 3129 plenissima.

287 3153 679 3223 Cagnovimus,
748 3152 1008 3218 Domine,
1069 3153 1214 3224 quod
1268 3170 1391 3208 rum
1454 3154 1595 3207 Deus
1647 3169 1796 3209 csscs

1894 2789 2058 2842 Deum
2089 2789 2732 2858 incomprehensibilem,
2767 2785 3025 2856 peperisti
3061 2800 3226 2853 supra
3257 2792 3463 2837 natura:

1899 2882 2140 2945 modum,
2163 2882 2548 2952 plasmatorem
2581 2889 2802 2934 natur-.2.
2834 2878 3084 2948 Magnum
3110 2876 3421 2947 mysterium
3447 2875 3464 2933 ἰ

1898 2973 2292 3043 iniutelligibile
2327 2972 2486 3044 194
2517 2972 2873 3035 miraculum,
2917 2986 2949 3024 0
2997 2970 3157 3039 Virgo
3201 2970 3315 3022 sola
3344 2968 3467 3022 sint:

1899 3067 2005 3121 ulla
2037 3070 2245 3121 macula
2279 3068 2409 3135 (87).

1971 3159 2048 3212 Ex
2102 3159 2214 3213 luto
2269 3158 2616 3227 passionum,
2671 3172 2738 3211 ex
2794 3155 3055 3210 barathro
3115 3163 3465 3222 peccatorum

217 3250 490 3318 principio
520 3264 744 3313 carens,
776 3249 1104 3317 principium
1145 3249 1342 3302 habere
1377 3248 1708 3309 sustinuisti,
1740 3258 1794 3301 et
1823 3277 1865 3334 ρ
1898 3251 2054 3313 edue,
2086 3259 2140 3303 et
2168 3266 2289 3318 rege
2317 3265 2401 3303 me
2433 3263 2648 3302 servum
2683 3258 2834 3302 tuum
2873 3261 3090 3311 semper
3123 3242 3465 3299 conﬁtentem

216 3357 284 3395 ex
314 3342 534 3412 Virgine
557 3343 759 3410 absque
786 3342 1086 3396 mutatione
1107 3343 1422 3409 procedere,
1445 3357 1605 3410 quam
1630 3342 1793 3396 etiam

223 3442 348 3502 post
379 3442 592 3501 partum
627 3432 994 3502 incorruptam
1026 3447 1324 3500 puramque
1349 3433 1704 3486 conservasti.

295 3523 620 3578 Thalamum
679 3523 768 3578 Dei
809 3524 1322 3589 ineontaminatum,
1376 3533 1615 3578 montem
1646 3541 1674 3578 a
1713 3526 1791 3577 la-

219 3618 411 3687 picidzc
438 3618 685 3671 manibus
709 3617 1027 3680 immunem,
1058 3631 1237 3670 arcam
1274 3625 1519 3670 sanctam
1551 3632 1612 3670 ac
1642 3632 1795 3671 men-

220 3728 366 3774 sam,
417 3722 472 3765 et
518 3710 773 3765 carbonis
818 3708 1192 3763 immaterialis
1232 3708 1568 3762 thuribulum
1603 3723 1794 3761 omnes

220 3803 410 3858 ﬁdeles
440 3811 491 3856 te
528 3801 912 3872 praedicamus,
937 3816 970 3855 ο
1000 3808 1150 3856 casta
1203 3799 1385 3870 Virgo,
1435 3809 1547 3854 tota
1595 3802 1792 3854 innua-

226 3897 435 3952 colata.

291 3988 518 4042 Portum
555 3986 848 4042 salutarem
884 3994 957 4052 te,
993 4001 1025 4039 ο
1059 3985 1243 4057 Virgo,
1284 3985 1545 4040 habentes
1571 4001 1668 4040 nos
1697 3985 1790 4054 qui

217 4082 443 4137 assidue
479 4080 529 4133 in
567 4079 1016 4150 gravissimorum
1073 4079 1341 4132 malorum
1382 4078 1571 4147 pelago
1619 4079 1794 4146 jacta-

220 4192 369 4241 mur,
421 4173 486 4226 ad
520 4181 572 4226 te
603 4171 970 4241 confugimus,
1000 4179 1054 4224 et
1097 4171 1152 4225 in
1197 4179 1248 4224 te
1289 4181 1597 4239 sperantes,
1647 4170 1791 4225 mala

222 4269 470 4324 hostium
502 4265 733 4321 consilia
763 4280 870 4318 non
909 4263 1286 4317 formidamus.

291 4360 602 4430 Concepisti
654 4361 863 4428 absque
912 4357 1082 4411 virilis
1121 4355 1379 4411 consortii
1420 4355 1788 4425 experientia,

231 4497 334 4549 Ἐκ
366 4492 472 4546 τοῦ
509 4490 776 4554 Κανόνος
805 4490 889 4553 εὶς
918 4486 1059 4551 τοὺς
1084 4488 1290 4554 ἁγίους
1322 4485 1628 4555 μάρτυρας
1676 4490 1793 4540 Να-

290 4564 509 4630 (apter,
574 4563 619 4615 Γ
622 4560 901 4628 ερσάσον,
965 4558 1301 4624 Προτὰσιον
1357 4557 1458 4610 καὶ
1525 4561 1788 4622 Κέλσον,

293 4632 490 4702 ἡμέρᾳ
516 4631 597 4686 ιδ’.

295 4748 408 4820 Τὴν
459 4746 627 4817 μόνην
665 4742 990 4818 χωρήσασαν
1035 4744 1124 4796 τὸν
1182 4743 1288 4814 πρὸ
1332 4743 1545 4796 αἰώνων
1592 4744 1796 4814 Κύριον

223 4844 282 4895 ὲν
322 4844 505 4912 μήτρᾳ.
537 4839 875 4907 πανάμωμον
899 4836 1068 4906 κόρην
1090 4837 1443 4905 ὑμνήσωμεν,
1473 4836 1554 4887 ὅτι
1576 4835 1798 4901 γέγονεν

222 4933 471 5004 οὐρανῶν
514 4932 850 5003 πλατυτέρα,
895 4929 1028 4982 Θεὸν
1066 4927 1448 4998 σωματώσασα
1478 4928 1542 4980 δι’
1590 4927 1795 4995 ἀγαθό-

225 5044 388 5081 τητα.

301 5047 388 5081 τα.

260 5047 486 5189 ηΝάμου
519 5118 824 5190 προετύπου
851 5134 910 5171 σε
943 5117 976 5187 ή
1013 5114 1184 5186 σκηνὴ
1210 5113 1540 5185 γενήσεσθαι.
1572 5113 1795 5182 μέλλου-

229 5233 349 5276 σαν,
382 5212 545 5283 ἁγνὴ,
585 5210 718 5264 Θεοῦ
767 5212 920 5278 ἅγιον
953 5209 1236 5279 σκήνωμα,
1289 5207 1347 5257 ὲν
1402 5200 1446 5274 ᾧ
1497 5208 1524 5260 6
1575 5207 1798 5277 ἱλασμὸς

226 5305 388 5378 ἡμῶν
444 5304 715 5378 ἁγιασμδν
767 5301 1113 5373 δωρούμενος
1164 5299 1331 5352 πᾶσιν
1384 5301 1516 5368 ἡμῖν
1573 5299 1800 5352 ἐπελεύ-

229 5419 404 5457 σεται.

302 5493 393 5566 Μὴ
431 5493 670 5555 κενώσας
695 5493 818 5555 τοὺς
873 5491 1167 5561 Πατρῴους
1187 5492 1214 5544 ὁ
1244 5487 1527 5559 ὐπέρθεος,
1562 5487 1795 5557 άχραντε

311 5665 444 5735 (86⁸)
477 5663 826 5735 Desideratur
859 5661 912 5715 in
949 5659 1164 5735 Memeis
1197 5658 1499 5735 impressis.

305 5730 582 5805 (87)'Quia
608 5734 717 5788 sola
750 5735 888 5786 inter
917 5747 1107 5786 omnes
1133 5730 1260 5805 lida:
1289 5730 1428 5805 ﬁlios
1452 5732 1568 5784 sine
1594 5731 1796 5805 peccati

229 5802 511 5878 originalis
561 5805 770 5878 macula
827 5811 1105 5878 concepta.
1140 5803 1273 5878 (lum
1317 5802 1473 5878 enim
1503 5816 1692 5878 omnes
1739 5802 1797 5878 in

231 5869 403 5936 Adam
435 5877 802 5950 peccaverint,
836 5883 894 5929 ut
925 5869 1101 5943 inquit
1141 5870 1430 5941 Apostolus
1463 5872 1514 5926 in
1549 5869 1786 5942 Epistola

1901 3351 1953 3397 te
1987 3343 2292 3412 Deiparam.
2330 3342 2408 3396 Tu
2438 3342 2582 3397 enim
2620 3355 2834 3411 semper
2888 3353 3077 3392 eorum
3125 3338 3220 3407 qui
3261 3335 3466 3390 cadunt

1895 3453 1954 3492 es
1982 3437 2208 3491 erectio.

1969 3530 2158 3582 Primae
2221 3531 2413 3584 matris
2473 3539 2672 3583 nostra
2710 3528 2836 3583 Eva:
2880 3527 3314 3582 maledictionem
3353 3537 3467 3574 ma-

1899 3619 2112 3682 nifeste,
2151 3634 2183 3673 ο
2218 3618 2405 3689 Virgo,
2445 3620 2676 3674 solvisti.

1971 3711 2136 3767 Sacer
2184 3713 2568 3781 prophetarum
2605 3711 2915 3765 divinorum
2965 3710 3167 3764 chorus
3213 3706 3469 3774 praedicat

1899 3812 1969 3866 te,
2013 3819 2044 3855 ο
2079 3805 2390 3870 purissima,
2431 3803 2667 3857 l'uturaui
2723 3804 2944 3856 Matrem
2999 3801 3110 3863 Dei,
3145 3801 3230 3854 cui
3277 3812 3466 3852 otnncs

1897 3896 2200 3949 clamamus
2230 3915 2242 3949 :
2276 3895 2606 3960 Benedicite,
2640 3898 2846 3958 omnia,
2879 3904 2964 3948 etc

1966 3987 2098 4041 Fers
2142 3988 2195 4040 in
2246 3987 2410 4050 ulnis,
2453 4003 2484 4040 ο
2528 3987 2875 4050 castissima,
2929 3997 3189 4054 tamquam
3238 3965 3468 4033 tnronus

1897 4079 2253 4141 Cheruhicus,
2287 4078 2550 4133 ferentem
2573 4079 2780 4142 omnia,
2810 4079 2903 4147 qui
2937 4085 3157 4147 propter
3186 4089 3285 4127 nos
3309 4088 3468 4125 carne

1897 4180 2079 4223 nostra
2108 4171 2479 4225 circumdatus
2502 4177 2606 4232 est,
2640 4179 2693 4223 et
2723 4185 2846 4221 cum
2880 4178 3024 4221 esset
3064 4167 3319 4234 simplex,
3372 4163 3470 4216 du-

1895 4262 2016 4332 plex
2048 4264 2332 4333 apparuit;
2383 4278 2548 4333 quem
2580 4273 2635 4316 tu
2662 4277 2872 4331 semper
2916 4273 3136 4330 precare
3165 4272 3261 4326 pro
3293 4254 3472 4317 nobis,

1898 4357 2243 4411 laudantibus
2272 4366 2343 4411 te.

1901 4495 1985 4554 EI-
2023 4496 2233 4555 Conone
2259 4499 2310 4553 in
2334 4496 2468 4564 festo
2501 4494 2603 4547 SS.
2645 4492 2896 4552 Nazarii,
2930 4490 3168 4564 (Servusi,
3209 4488 3468 4552 Prolasii,

2331 4562 2379 4619 et
2413 4565 2553 4620 Celsi
2591 4576 2778 4626 mam,
2809 4565 2893 4616 die
2931 4562 3015 4614 H.

1969 4740 2277 4795 Laudemus
2311 4739 2877 4794 immaculatissimam
2906 4736 3167 4806 puellam,
3195 4750 3315 4804 quae
3349 4733 3464 4786 sola

1898 4839 1951 4890 in
1986 4846 2140 4889 utero
2184 4834 2496 4894 Dominum,
2547 4833 2639 4901 qui
2678 4841 2760 4886 est
2798 4840 2924 4884 aute
2955 4830 3172 4891 sat-uia,
3223 4842 3472 4892 compre-

1897 4929 2122 4983 ltendit:
2158 4928 2294 4982 facta
2326 4936 2410 4981 est
2445 4927 2590 4980 enim
2634 4927 2792 4979 latior
2819 4924 2994 4988 caelis,
3029 4921 3198 4975 Deum
3231 4935 3462 4989 carpere

1897 5022 2133 5076 vestiens
2158 5029 2376 5090 propter
2404 5019 2574 5088 ipsius
2604 5018 2924 5072 bonitatem.

1977 5112 2173 5182 Legale
2230 5112 2640 5165 tabernaculum
2693 5107 3075 5179 preeligurabat
3129 5115 3179 5159 te
3233 5103 3472 5158 futuram

1905 5219 2026 5258 esse
2052 5211 2299 5257 sanctum
2338 5202 2426 5255 Dei
2481 5200 2915 5260 tabernaculum,
2969 5213 3001 5250 ο
3039 5205 3209 5258 casta,
3264 5194 3318 5248 in
3365 5207 3475 5262 quo

1907 5296 2278 5364 superveniret
2304 5295 2618 5364 pr0pitiatio
2644 5303 2853 5354 nostra,
2887 5305 3006 5361 qua:
3034 5288 3192 5344 nobis
3217 5285 3475 5343 omnibus

1905 5390 2387 5444 sauetiﬁcationem
2420 5388 2730 5457 largiretur.

1981 5482 2097 5537 Non
2149 5483 2459 5550 relinquens
2510 5495 2742 5534 vacuum
2791 5478 3085 5531 Paternum
3140 5473 3324 5530 sinum
3385 5470 3475 5524 ille

1907 5659 1973 5713 ad
2001 5659 2272 5713 Romanos
2299 5673 2417 5726 cap.
2450 5673 2502 5721 ν,
2540 5656 2590 5710 in
2640 5657 2740 5726 hac
2767 5653 3002 5726 generali
3038 5652 3222 5720 regula
3255 5650 3449 5726 seu_de

1908 5739 2055 5784 creto
2087 5735 2152 5783 de
2185 5720 2406 5800 peccato
2446 5720 2694 5795 originali
2730 5720 3097 5800 BT_Virginein
3128 5720 3479 5800 comprehen-

1908 5801 2036 5879 dere
2062 5796 2358 5854 declaravit
2391 5816 2502 5854 sua:
2537 5797 2854 5879 intentionis
2890 5812 2999 5851 non
3031 5810 3150 5850 esse
3180 5796 3476 5849 concilium

1897 5870 2274 5925 'l‘ridentinum
2307 5873 2554 5928 schione
2585 5870 2636 5925 5.
