4166 6458
714 405 846 472 19.11

1847 404 1907 465 S.
1948 401 2255 464 JOSEPHI
2300 397 2861 463 HYMNOGRAPHI

3832 388 3976 455 1212

712 512 1122 587 superdivinus,
1156 527 1187 565 ο
1223 512 1449 583 Deipara
1498 512 1849 566 immaculata
1873 554 1888 578 ,
1922 512 2289 567 mundissimo

2417 510 2642 573 izordxs,
2677 508 2932 571 κόλπους,
2961 504 3184 567 κόλποις
3218 520 3313 557 σου
3339 496 3633 575 ἀκράντοις
3654 500 3975 568 καθέζεται,

711 607 857 663 sinui
905 616 1000 662 tuo
1052 606 1271 669 insedit,
1317 615 1375 657 ut
1427 606 1610 659 sedem
1673 607 1911 661 divinam
1963 616 2013 658 et
2060 605 2287 674 gloriam

715 715 934 770 semper
969 707 1276 753 manentem
1317 696 1593 753 universis
1636 712 1700 752 ex
1738 698 1979 752 bonitate
2010 713 2110 753 sua
2149 712 2289 767 pra:-

718 800 959 863 pararet.

790 882 1110 953 Romplisea,
1138 897 1259 952 quae
1287 882 1440 952 prius
1471 883 1785 951 paradisum
1824 882 1988 937 Edem
2017 882 2296 938 custodie-

715 974 828 1039 bat,
879 989 1067 1029 aversa
1109 986 1193 1029 est
1227 990 1257 1027 a
1298 974 1549 1030 lidelibns
1599 975 1830 1043 signatis
1876 975 2119 1045 pretioso
2168 989 2296 1027 San-

716 1067 900 1138 guine,
934 1069 1027 1137 qui
1062 1069 1190 1120 olim
1226 1068 1432 1121 ell‘usus
1460 1076 1541 1121 est
1573 1084 1635 1120 ex
1669 1068 1844 1123 latere
1887 1071 2073 1124 lancea
2109 1067 2297 1123 vulne-

716 1172 837 1214 rato
869 1161 1012 1213 illius
1041 1160 1133 1229 qui
1161 1175 1225 1213 cx
1261 1168 1331 1221 te,
1361 1174 1393 1212 o
1425 1168 1598 1224 casta,
1637 1171 1865 1213 exortus
1897 1168 1981 1214 est

793 1253 949 1323 195
995 1251 1217 1308 Natura:
1267 1254 1412 1321 leges
1453 1252 1763 1319 innovasti,
1799 1271 1832 1308 o
1886 1253 2065 1323 puella
2112 1253 2297 1323 Virgo,

717 1346 877 1399 enixa
914 1345 1081 1400 Deum
1112 1345 1473 1400 immortalem
1498 1348 1716 1401 mortali
1750 1363 1914 1400 carne
1939 1344 2211 1410 indutum,
2243 1354 2299 1399 ut

719 1438 979 1494 mortales
1009 1440 1078 1493 ob
1107 1454 1261 1493 suam
1297 1439 1595 1493 bonitatem
1632 1439 1926 1494 deilicaret.

795 1531 1217 1587 anidissiinum
1254 1533 1515 1602 palatium
1555 1534 1839 1587 inveniens
1872 1534 2014 1589 Deus
2052 1542 2296 1588 ventrem

720 1635 897 1691 tuuni,
930 1626 980 1679 iii
1015 1628 1108 1681 illo
1134 1627 1417 1689 habitavit,
1445 1643 1477 1681 ο
1504 1628 2036 1693 inimaculatissima,
2063 1629 2301 1683 elliricns

723 1719 864 1773 lilios
897 1720 1035 1774 iucis
1063 1736 1159 1775 eos
1194 1721 1284 1791 qui
1306 1720 1547 1774 clamant
1574 1740 1590 1781 ς
1621 1721 1947 1777 Benedictus
1978 1739 2056 1786 es,
2084 1722 2225 1778 Deus
2250 1734 2304 1777 et

723 1812 989 1870 Dominus
1026 1825 1241 1885 patrum
1279 1824 1621 1870 nostrorum.

792 1906 970 1959 Carne
1002 1908 1190 1961 unitos
1216 1907 1311 1961 tibi
1346 1909 1647 1963 secundum
1680 1909 2066 1971 substantiam,
2093 1909 2183 1963 ille
2209 1909 2300 1977 qui

723 1999 912 2052 tribuit
938 2017 1061 2055 esse
1090 2001 1383 2063 universis,
1418 2010 1590 2056 totum
1633 2018 1720 2057 me
1756 2002 2092 2068 reformavit,
2126 2012 2299 2057 totum

724 2093 1024 2155 renovavit,
1055 2094 1147 2162 qui
1204 2102 1425 2163 propter
1458 2096 1917 2166 transgressiones
1968 2107 2304 2151 inveterave-

723 2198 888 2250 rant;
936 2196 1220 2254 propterea
1258 2186 1549 2241 laudamus
1596 2197 1646 2241 te
1682 2187 1980 2259 Virginem,
2036 2205 2070 2243 ο
2112 2189 2307 2245 castis-

724 2277 885 2341 sima,
921 2286 974 2331 et
1005 2280 1482 2348 snperexaltanius
1512 2281 1565 2334 in
1594 2281 1777 2335 omnia
1803 2283 2023 2338 stecnla.

799 2459 995 2516 Vocem
1016 2463 1184 2518 divini
1206 2465 1476 2522 Galirielis
1499 2469 1564 2522 ad
1590 2478 1662 2533 te,
1692 2484 1725 2523 ο
1753 2469 2066 2523 castissima
2095 2467 2303 2535 Puella.

726 2555 971 2609 laetantes
1006 2559 1320 2614 extollimus
1366 2580 1378 2615 :
1429 2563 1541 2623 Ave
1584 2563 1755 2632 gratia
1788 2538 1942 2631 plena
1979 2562 2121 2633 (88),
2155 2580 2307 2616 mar-

725 2655 904 2715 tyrum
933 2659 1093 2717 atque
1140 2652 1510 2719 apostolorum
1542 2653 1814 2723 gloriatio,
1846 2653 2202 2722 omniumque
2238 2654 2306 2708 ll-

726 2739 929 2794 delium
967 2742 1137 2809 salus,
1165 2759 1198 2797 o
1229 2742 1392 2815 Virgo
1428 2743 1600 2800 Mater
1629 2746 1853 2798 thalami
1880 2747 2086 2800 nescia.

724 2851 811 2906 Ea:
842 2852 1055 2908 Conone
1094 2856 1144 2909 in
1177 2857 1311 2926 festo
1357 2856 1690 2981 S&.Loil&qini
1732 2857 2069 2912 Centuriouis
2119 2868 2307 2919 ntart.,

1445 2944 1490 2981 te
1598 2968 1610 2980 .

1445 2944 1490 2981 18
1525 2944 1610 2981 ID.

799 3014 889 3070 Dei
919 3015 1153 3071 Verbum
1189 3019 1240 3072 in
1276 3028 1432 3074 utero
1463 3030 1557 3074 tuo
1593 3036 1688 3087 per
1722 3018 1947 3073 verbum
1981 3029 2307 3091 conceptum

725 3117 810 3162 est
856 3124 921 3163 ex
952 3126 1049 3165 sua
1100 3112 1377 3167 voluntate
1425 3128 1489 3167 ac
1540 3113 1817 3179 bonitate,
1880 3121 1940 3167 ut
1987 3130 2016 3166 a
2068 3116 2310 3169 carentia

2394 603 2544 654 θείαν
2575 600 2845 670 καθέδραν
2872 600 2982 659 τοῖς
3008 599 3172 650 πᾶσιν
3198 596 3496 668 ἀγαθότητι
3521 592 3849 665 ἐτοιμάζων,
3875 599 3979 648 καὶ

2392 694 2549 761 δόξαν
2580 694 2666 747 ἀεὶ
2695 693 3081 763 διαμένουσαν.

2482 869 2751 941 Ῥομφαία
2784 869 2845 923 τὸ
2874 870 3160 941 πρότερον,
3202 869 3235 939 ἡ
3268 867 3367 938 τὴν
3410 867 3576 937 Ἐδὲμ
3605 865 3977 935 φυλάττουσι,

2398 965 2544 1019 νῶτα
2576 965 2687 1027 τοίς
2723 966 2930 1026 πιστοῖς
2963 963 3102 1032 ἁγνὴ
3125 1002 3139 1022 ,
3178 962 3409 1032 παρέχει
3444 957 3860 1031 σημειουμένοις
3893 975 3980 1009 τι-

2403 1059 2509 1130 μίῳ
2555 1057 2748 1127 αἵματι
2795 1058 2961 1110 πάλαι
3009 1055 3300 1109 κενωθέντι
3354 1056 3418 1107 ὲκ
3473 1053 3736 1124 πλευρᾶς,
3772 1052 3978 1121 λόγχης

2400 1152 2789 1222 ικκεντήματι,
2826 1150 2917 1204 τοῦ
2949 1152 3014 1203 ὲκ
3046 1149 3140 1203 σοῦ
3167 1148 3574 1212 ἀνατείλαντος.

2471 1244 2607 1308 Τοὺς
2656 1244 2876 1314 νόμους,
2909 1242 3069 1313 κόρη.
3102 1242 3383 1304 ἐκαίνισας
3414 1241 3516 1310 τῆς
3554 1239 3790 1309 φύσεως,
3830 1240 3983 1309 Περι

2402 1339 2541 1401 θένε,
2576 1340 2826 1407 κυήσασα
2856 1336 2989 1389 Θεὸν
3014 1336 3282 1388 ἀθάνατον
3318 1335 3499 1404 σάρκα
3530 1332 3729 1404 θνητὴν
3758 1331 3987 1387 ὲνδνσάιν

2405 1449 2587 1505 μενον,
2616 1430 2703 1484 ἵνα
2733 1429 2957 1499 θνητοὺς
2982 1426 3164 1500 θεώσῃ
3186 1426 3254 1481 δι’
3289 1424 3604 1496 ἁγαθότητα

2472 1521 2868 1575 Φωτεινότατον
2911 1518 3173 1572 παλᾶτιον
3222 1518 3527 1588 εὑράμενος
3558 1514 3693 1578 Θεὸς
3724 1513 3826 1585 τὴν
3878 1513 3953 1584 μή

2403 1632 2538 1686 τραν
2589 1630 2707 1676 σου,
2756 1610 2961 1680 ταύτην
3016 1607 3362 1680 κατῴκησεν,
3412 1606 3565 1670 υἱοὺς
3614 1605 3990 1675 ἐργαζόμενος

2405 1705 2604 1776 φωτὸς,
2636 1702 2979 1772 πανάμωμε,
3014 1700 3142 1763 τοὺς
3172 1697 3608 1770 κραυγάζονταςο
3652 1695 3713 1749 'U
3740 1695 3850 1748 τῶν
3881 1712 3989 1748 παο

2405 1800 2578 1868 τέρων
2612 1796 2811 1866 Κύριος
2845 1795 2937 1848 καὶ
2966 1792 3119 1857 Θεὸς,
3152 1790 3443 1860 εὐλογητὸς
3473 1785 3545 1845 εἴ.

2481 1892 2652 1963 Σαρκὶ
2700 1888 2919 1950 ὲνωθείς
2969 1904 3051 1941 σοι
3083 1887 3204 1940 κατ’
3244 1883 3432 1939 οὐσίαν
3476 1885 3505 1937 ὁ
3555 1882 3689 1936 πᾶσι
3741 1880 3804 1933 τὸ
3848 1875 3993 1932 εἶναι

2410 1986 2816 2058 παρεχόμενος,
2852 1983 2973 2037 ὅλον
3023 1998 3091 2053 με
3138 1979 3465 2040 ἀνέπλασεν,
3510 1977 3632 2031 ὅλον
3675 1975 3992 2045 ἀνεκαίνισε

2412 2078 2825 2139 παλαιωθέντα,
2869 2076 3132 2142 πάν¹αγνε,
3189 2075 3309 2137 ταῖς
3364 2070 3735 2143 παραϐάσεσι·
3787 2068 3870 2121 διό
3930 2083 3993 2119 σε

2409 2174 2510 2245 τὴν
2540 2171 2814 2242 Παρθένον
2836 2168 3113 2241 ὑμνοῦμεν
3141 2168 3236 2221 καὶ
3264 2165 3545 2238 ὑπεροψοῦ
3554 2181 3652 2234 μεν
3675 2163 3757 2227 είς
3780 2161 3994 2223 πάντας

2411 2268 2539 2331 τοὺς
2569 2265 2794 2327 αἰῶνας.

2483 2450 2671 2522 Φωνήν
2708 2468 2794 2503 σοι
2836 2446 2931 2503 τοῦ
2973 2446 3122 2500 θείου
3155 2444 3395 2517 Γαὸριὴλ
3432 2446 3789 2515 προσάγομεν
3821 2459 3999 2512 γεγη-

2417 2549 2590 2612 θότες,
2617 2545 2769 2615 Κόρη
2802 2546 3069 2611 πάναγνε·
3099 2543 3272 2612 Χαῖρε
3307 2543 3341 2612 ἡ
3368 2539 3812 2611 κεχαριτωμένη,
3850 2555 3996 2609 μαρ-

2414 2638 2614 2707 τύρων,
2664 2633 2982 2688 ἀποστόλων
3039 2632 3100 2685 τὸ
3152 2630 3435 2700 καύχημα,
3480 2630 3575 2681 καὶ
3628 2627 3846 2680 πάντων
3889 2629 4000 2680 τῶν

2416 2730 2625 2784 πιστῶν
2662 2728 2969 2795 διάσωσμα,
3002 2723 3428 2796 Παρθενομῆτορ
3453 2722 3822 2792 ἀπειρόγαμε.

2430 2846 2531 2900 Ἐκ
2556 2845 2664 2898 τοῦ
2699 2844 2970 2897 Kardroc
2998 2843 3085 2906 εις
3114 2840 3225 2893 τὸν
3272 2839 3443 2909 ἄτιον
3480 2838 3758 2909 μάρτυρα
3788 2835 4005 2906 Λογγί-

2654 2932 2765 2968 νον
2796 2916 2900 2968 τὸν
2935 2906 3400 2979 ἑκατόνταρχον,
3433 2907 3625 2979 ἡμέρᾳ
3664 2906 3743 2969 ις’

2505 3028 2564 3081 Ὅ
2596 3028 2768 3095 Λόγος
2795 3028 2821 3080 ό
2854 3026 2948 3080 τοῦ
2978 3024 3117 3078 Θεοῦ
3149 3027 3206 3077 ὲν
3239 3024 3423 3094 μήτρᾳ
3452 3038 3546 3075 σου
3574 3022 3719 3091 λόγῳ
3752 3020 4006 3090 συνείλη-

2422 3138 2577 3185 πται,
2604 3120 2705 3189 τῆς
2736 3119 2959 3186 ἀλογίας
2989 3116 3258 3190 ῥύσασθαι
3292 3114 3515 3187 βροτοὺς
3542 3116 3825 3186 βουληθεὶς
3859 3116 4006 3183 ἀγα-

734 3203 888 3257 verbi
925 3204 1175 3261 homines
1220 3205 1605 3267 liberarentur.
1644 3221 1677 3260 ο
1728 3208 1890 3276 Virgo
1922 3205 2093 3259 Mater
2129 3206 2308 3261 invio-

2419 3216 2625 3284 θότητι,
2669 3214 3092 3285 Παρθενομῆτορ
3143 3212 3418 3284 ἄχραντε,
3469 3209 3836 3283 εὐλογημένη,
3864 3226 4006 3263 παν-

727 3294 859 3360 lata,
886 3296 955 3350 ab
996 3296 1146 3350 omni
1190 3298 1401 3352 macula
1444 3298 1708 3354 immunis
1743 3300 1880 3369 (89).

801 3388 1011 3442 Anima:
1042 3405 1175 3443 mea:
1216 3391 1537 3459 passionum
1586 3392 1958 3461 ingruentium
2010 3392 2201 3446 morbo
2234 3393 2313 3445 la-

730 3478 947 3534 boranti
1013 3482 1256 3547 medere,
1302 3482 1397 3537 Dei
1446 3483 1617 3537 Mater
1662 3484 1997 3543 castissima.
2032 3494 2079 3539 et
2126 3486 2192 3539 ad
2227 3501 2317 3540 sa-

731 3572 898 3627 lutem
931 3573 1126 3644 dirige.

814 3663 1052 3719 Verbum
1089 3665 1143 3719 in
1184 3674 1340 3721 utero
1368 3674 1464 3721 tuo
1486 3667 1786 3722 secundum
1818 3669 2159 3739 hypostasiin
2194 3668 2318 3722 titti-

731 3766 869 3821 tum,
902 3766 956 3811 et
993 3757 1201 3814 factum
1240 3761 1541 3827 hominem,
1579 3778 1747 3832 supra
1790 3763 1941 3815 verbi
1987 3773 2314 3832 conceptum

733 3850 1017 3918 peperisti,
1046 3866 1078 3903 ο
1102 3851 1357 3907 inviolata
1383 3890 1401 3918 ,
1434 3854 1578 3922 quod
1611 3862 1666 3907 et
1692 3854 2068 3910 voluntatibus
2100 3863 2155 3909 et
2182 3869 2315 3924 ope-

734 3941 1040 3997 rationibus
1078 3942 1277 4012 duplex
1309 3959 1432 3998 esse
1464 3945 1884 4015 comprobatur.

814 4032 1122 4103 Deiparani,
1163 4052 1286 4105 qua:
1329 4038 1443 4091 sola
1478 4038 1597 4091 sine
1638 4038 1736 4091 viri
1773 4053 1937 4108 opera
1977 4040 2143 4093 Deum
2180 4056 2318 4094 eon-

735 4126 899 4195 cepit,
920 4126 1294 4182 eollaudemus
1326 4142 1426 4182 nos
1450 4128 1541 4197 qui
1562 4143 1655 4196 per
1685 4128 1856 4198 ipsam
1882 4129 2076 4183 Salvati
2101 4145 2316 4198 sumus,

737 4228 942 4272 etcum
976 4217 1170 4272 alIectu
1209 4218 1604 4273 beatiﬁcemus.

810 4308 1036 4363 Exsicea
1068 4318 1121 4363 et
1172 4311 1435 4366 radicitus
1467 4314 1658 4377 evelle,
1702 4329 1735 4367 ο
1779 4313 2313 4379 ininiacnlatissima,

738 4403 992 4472 spinosas
1020 4404 1179 4474 196
1205 4406 1568 4472 cogitationes
1610 4408 1791 4462 cordis
1824 4408 1953 4472 mei,
1988 4420 2149 4476 atque
2183 4410 2317 4463 illud

742 4493 1085 4549 lruetil‘erum
1112 4495 1263 4553 ellice
1311 4498 1643 4553 mediationc
1679 4509 1792 4564 tua,
1835 4515 1869 4554 ο
1900 4499 2085 4555 Puella
2128 4502 2316 4571 puris-

738 4601 899 4642 sima.

812 4679 866 4733 In
900 4688 951 4735 te
979 4690 1235 4749 tanquam
1269 4698 1424 4752 pura,
1459 4699 1657 4754 purum
1696 4683 1933 4740 Verbum
1963 4684 2314 4747 inlialiitavit,

739 4786 774 4825 o
798 4770 1003 4837 Puella,
1039 4775 1223 4828 volens
1255 4776 1554 4832 emundare
1592 4792 1689 4847 per
1716 4786 1765 4832 te
1800 4778 2086 4831 hominum
2127 4778 2312 4849 inqui-

814 4957 923 5028 (88)
955 4956 1089 5024 Quia
1124 4959 1293 5029 gratia
1338 4961 1502 5013 etiam
1554 4959 1606 5013 in
1661 4959 1881 5013 instanti
1939 4958 2315 5027 conceptionis

742 5030 966 5101 minime
1000 5045 1192 5101 vacua.
1233 5031 1385 5085 Unde
1420 5030 1477 5084 S.
1505 5030 1802 5085 Eucherius
1833 5030 2209 5099 Lugdunensis
2249 5030 2314 5101 ad

746 5100 1093 5169 Evangelinm
1155 5099 1300 5155 ferite
1346 5104 1378 5156 Il
1435 5101 1728 5155 Dominicte
1758 5101 1791 5154 4
1824 5103 2107 5156 Adventus
2171 5102 2249 5155 ait
2290 5099 2313 5155 ἐ

751 5169 1237 5242 ρ-ριιὶεῌυηψιαιη
1275 5182 1479 5227 tantam
1534 5173 1776 5242 gratiam"
1812 5172 2025 5233 habuit,
2055 5183 2313 5241 quantam

743 5238 909 5309 Virgo
939 5238 1144 5296 Maria?
1166 5244 1301 5298 Aliis
1321 5246 1464 5297 enim
1482 5238 1885 5297 ad'inensuram
1913 5238 2085 5312 gratia
2129 5244 2315 5307 datur,

748 5314 1076 5384 lia¥c_autem
1098 5316 1267 5381 gratia
1294 5318 1448 5384 plena
1472 5315 1693 5369 dicitur.
1727 5333 1745 5367 ι
1769 5314 1978 5384 Quibus
2001 5315 2180 5367 verbis
2217 5330 2315 5367 iie-

746 5391 839 5452 gat
869 5382 1170 5439 Eucherius
1207 5387 1259 5439 in
1290 5382 1620 5440 conferenda
1648 5396 1818 5453 gratia
1848 5383 2056 5454 Virgini
2092 5400 2197 5437 non
2228 5400 2320 5439 so-

749 5453 858 5506 lum
912 5456 1255 5523 quantitatis.
1299 5456 1392 5511 sed
1444 5458 1608 5511 etiam
1664 5459 1923 5524 temporis
1958 5453 2316 5518 mensuram,

746 5525 902 5593 quasi
940 5540 1101 5578 omne
1131 5537 1342 5597 tempus
1386 5527 1453 5581 ab
1484 5528 1597 5597 ipsa
1635 5528 1987 5595 conceptione
2020 5543 2140 5588 sua,
2170 5536 2321 5579 tanto

747 5607 990 5664 tempore
1034 5608 1159 5652 ante
1197 5596 1397 5650 Chriin
1445 5596 1854 5663 conceptionem
1893 5611 2011 5649 eam
2060 5599 2318 5665 possede-

749 5667 855 5729 rit;
904 5666 1104 5720 ideirco
1167 5679 1419 5722 notanter
1470 5669 1699 5722 subdit:
1739 5686 1756 5718 ι
1804 5668 1934 5733 Qua:
1965 5682 2088 5720 cum
2147 5668 2318 5736 gratia

748 5735 907 5803 plena
948 5736 1039 5797 sit,
1076 5740 1392 5807 priusquam
1444 5749 1497 5793 et
1532 5739 1822 5808 concipiat,
1852 5749 1971 5809 post
2005 5735 2321 5805 conceptio-

752 5821 894 5879 item
935 5819 1140 5879 quanta
1200 5809 1289 5862 Dei
1342 5811 1639 5865 abundavit
1684 5812 1874 5874 pratia,
1904 5810 2027 5877 quis
2080 5812 2319 5879 cogitare

750 5877 962 5946 pessit?
1002 5898 1021 5930 ι
1071 5878 1161 5934 Sic
1219 5880 1327 5936 ille.
1360 5880 1529 5950 Cujus
1593 5884 1775 5944 verba,
1812 5896 1975 5950 quam
2017 5877 2174 5936 facile
2223 5896 2321 5935 ca-

2346 4599 2400 4661 D

2422 3306 2714 3377 αμὼμητε.

2490 3399 2773 3453 Νοσοῦσὰν
2808 3416 2911 3468 μου
2948 3397 3048 3467 τὴν
3073 3395 3251 3467 ψυχὴν
3275 3398 3397 3460 ταῖς
3426 3395 3535 3449 τῶν
3566 3394 3757 3448 παθῶν
3781 3396 4009 3463 ὲπαγωο

2420 3494 2547 3561 γαῖς
2579 3492 2752 3554 ἴασαι,
2789 3490 2965 3561 μῆτερ
3011 3486 3149 3541 Θεοῦ
3200 3488 3465 3556 πάναγνε,
3498 3487 3595 3539 καὶ
3636 3485 3774 3557 πρὸς
3824 3503 4009 3556 amq-

2424 3572 2545 3657 ρίαν
2577 3584 2931 3639 κατεύθυνον.

2510 3679 2811 3733 Ἐνωθέντα
2836 3678 2958 3732 καθ’
2992 3677 3292 3731 ὑπόστασιν
3322 3677 3379 3730 ὲν
3399 3675 3597 3748 γαστρί
3631 3692 3751 3741 σου,
3780 3675 3879 3728 καὶ
3914 3692 3979 3743 γε
3998 3703 4012 3715 -

2420 3774 2615 3839 γονότα
2658 3772 2968 3844 ἄνθρωπον,
3015 3771 3275 3842 ἄχραντε,
3328 3770 3422 3823 τὸν
3464 3769 3625 3836 λόγον
3654 3767 3798 3839 ὑπὲρ
3848 3767 4013 3835 λόγον

2420 3866 2670 3928 τὲτοκας,
2700 3861 2925 3916 διπλοῦν
2963 3866 3081 3926 ταῖς
3116 3862 3370 3934 θελήσεσι
3420 3862 3515 3914 καὶ
3543 3861 3661 3922 ταῖς
3698 3859 4012 3930 ἐνεργείαις

2421 3957 2794 4027 δεικνύμενον.

2494 4048 2605 4119 Τὴν
2671 4049 2841 4118 μόνην
2911 4047 3007 4101 τὸν
3075 4046 3211 4101 Θεὸν
3271 4044 3650 4115 ἀπειράνδρως
3720 4043 4014 4112 κυήσασαν

2421 4138 2759 4209 ὐμνήσωμεν
2814 4137 3099 4204 Θεοτόκον,
3150 4137 3217 4191 δι’
3265 4137 3435 4207 αὐτῆς
3481 4136 3533 4188 οι
3577 4124 4013 4202 σωθέντες,κώ

2421 4229 2572 4300 πόθῳ
2606 4228 3028 4300 μακαρίσωμεν.

2492 4323 2765 4396 Μάρανον,
2796 4324 2892 4377 καὶ
2920 4321 3274 4395 προρρίζους,
3307 4320 3643 4392 πανάμωμε,
3669 4319 3887 4375 ἔκτιλον
3910 4324 4015 4382 τας

2421 4416 2753 4480 ἀκανθώδεις
2786 4415 2969 4479 ἀνοίας
3008 4417 3107 4486 τῆς
3157 4415 3296 4485 ἐμῆς
3346 4414 3606 4485 καρδίας.
3645 4416 3743 4465 καὶ
3790 4430 4014 4483 καρπο-

2422 4508 2587 4580 φόρον
2616 4506 2821 4580 ταύτην
2850 4508 3021 4573 δεῖξον
3048 4506 3299 4578 μεσιτείᾳ
3325 4522 3443 4570 σου,
3474 4507 3625 4576 Κόρη
3668 4504 4012 4575 πινὰμωμε.

2507 4681 2597 4749 Ὦς
2665 4685 2912 4755 καθαράν
2972 4702 3030 4737 σε
3081 4686 3109 4739 ό
3180 4682 3419 4753 καθαρὸς
3466 4681 3638 4749 Λόγος
3688 4698 4014 4756 κατῳκησε,

2425 4780 2599 4850 Κόρη,
2635 4779 2725 4833 διὰ
2758 4779 2850 4833 σοῦ
2888 4778 3125 4849 καθᾶραι
3161 4776 3284 4838 τοὺς
3323 4774 3633 4847 μολυσμοξδς
3657 4774 3765 4827 τῶν
3797 4776 4018 4846 ἀνθρὼ-

2424 4961 2585 5028 pendi
2621 4968 2870 5029 possunt,
2911 4968 3063 5013 tanto
3096 4958 3276 5011 minus
3317 4966 3398 5011 est
3443 4958 3495 5010 in
3550 4955 3657 5010 illis
3698 4955 4014 5029 immorari.

2427 5027 2559 5085 Vide
2581 5027 3045 5100 Niereinlicrgium
3082 5031 3134 5083 in
3171 5029 3586 5098 lixeeptionibus
3616 5042 3736 5100 cap.
3772 5027 3865 5082 15.

2494 5103 2607 5174 (89)
2647 5104 2703 5156 Si
2735 5102 2794 5157 Β.
2826 5097 2994 5174 Virgo
3019 5102 3280 5155 immunis
3300 5097 3428 5174 luit
3474 5115 3504 5153 a
3551 5097 3764 5174 macula
3792 5101 4013 5167 peccati

2423 5170 2673 5237 veniatis,
2697 5175 2839 5243 quod
2868 5172 3103 5243 animam
3130 5172 3346 5241 proprie
3366 5185 3472 5224 non
3497 5170 3765 5243 maculat,
3793 5181 4013 5243 quanto

2428 5248 2602 5314 magis
2638 5241 2900 5299 immunis
2945 5242 3045 5297 fuit
3073 5258 3101 5295 a
3137 5243 3346 5314 macula
3381 5242 3587 5314 peccati
3620 5241 3943 5314 originalis.
3978 5260 4011 5295 τι

2428 5260 2602 5314 magis
2638 5260 2900 5299 immunis
2945 5258 3101 5297 tuna
3137 5258 3346 5296 niacnia
3364 5258 3587 5367 8cccatt
3632 5258 3943 5310 originalis.
3978 5260 4011 5295 τι

2427 5331 2537 5383 quo
2568 5316 2963 5386 animamagis
2996 5312 3343 5386 maculatur}
3414 5313 3579 5386 ptime
3618 5312 3670 5365 in
3715 5312 3857 5386 hanc
3891 5328 4012 5386 rem

2426 5382 2699 5441 Antonius
2726 5382 3005 5440 Navarrus
3050 5384 3258 5437 ordinis
3292 5384 3713 5438 Piwdicatorum
3766 5382 3950 5436 Serm.
3980 5385 4007 5437 ι

2427 5461 2493 5512 de
2524 5458 2892 5527 Couccptione
2921 5455 2981 5510 Β.
3014 5454 3276 5524 Virginis,
3313 5455 3442 5508 dum
3467 5457 3582 5527 aig:
3621 5472 3639 5505 ι
3676 5451 3734 5507 Si
3778 5454 4014 5509 venialis

2424 5531 2583 5603 culpa
2631 5529 2683 5582 in
2709 5526 2789 5603 7D.
2818 5526 3039 5603 Virgine
3072 5542 3101 5579 a
3153 5527 3399 5603 lidelibns
3449 5526 4013 5603 denegaturz'quanto

2426 5593 2601 5669 magis
2646 5593 2941 5668 originalis
2981 5606 3066 5652 est
3115 5599 3184 5650 ab
3232 5613 3293 5650 ea
3349 5593 3714 5669 semoveiida!
3760 5593 4011 5669 Venia“;

2423 5667 2623 5740 quippe
2661 5667 2753 5723 Dei
2786 5671 3014 5739 gratiam
3060 5684 3168 5721 non
3204 5667 3686 5740 tollit_,70iiginalis
3715 5680 3848 5740 vero
3882 5668 4011 5721 (ιωιί

2425 5722 2610 5812 βότῖἇέ
2642 5722 2989 5812 itiAaetzrnuin
3015 5739 3280 5812 _cla_nd_it.i
3327 5722 3554 5812 S'iciill'e.
3589 5722 3725 5793 Vide
3752 5734 4011 5793 Hierem-

2425 5809 2575 5884 berg.
2604 5812 2656 5867 iii
2692 5809 3069 5885 Sucrosyllabo
3093 5810 3141 5884 ς.
3176 5810 3229 5877 5,
3262 5825 3388 5883 pag.
3422 5810 3547 5866 25-5.
