4166 6458
725 394 863 464 1215

1849 403 1905 462 S.
1949 402 2259 464 JOSEPHI
2300 402 2856 464 HYMNOGRAPHI

3816 404 3955 469 1216

795 514 1191 570 Candelabrum
1220 514 1581 571 intellectualc
1616 523 1669 571 te
1697 517 1825 571 olim
1857 519 2114 588 propheta
2143 532 2278 586 prae-

2458 520 2665 587 Νοεράν
2698 537 2755 573 σε
2805 520 3023 589 λυχνίαν
3064 521 3365 591 προέϐλεπε
3405 519 3569 575 πάλαι
3601 521 3632 574 ὁ
3670 524 3955 591 προφήτης

724 605 880 670 vidit,
902 623 935 659 0
955 616 1123 671 casta,
1146 606 1381 661 divinam
1409 608 1707 678 lampadem
1733 609 2010 664 Christum
2040 620 2280 679 gestans,

728 716 824 771 per
852 716 1013 769 quam
1038 700 1195 771 197
1228 717 1324 755 nos
1354 716 1543 756 omnes
1574 703 1861 756 illuminati
1894 719 2106 758 sumus.

799 794 1080 864 Templum
1118 794 1255 848 facta
1285 809 1343 847 es
1370 793 1460 849 Dei
1494 796 1740 857 viventis,
1787 796 1838 848 in
1868 813 1974 864 quo
2002 796 2292 850 habitatio-

730 902 853 942 nem
887 901 1040 940 suam
1070 886 1413 941 inel'fahiliter
1442 888 1744 953 constituit,
1776 903 1809 942 ο
1843 887 2007 959 Virgo
2041 889 2294 943 omnibus

2389 614 2449 664 τὸ
2493 614 2633 664 θεῖον
2679 613 2983 683 λαμπάδιον
3030 615 3284 684 Χριστὸν,
3338 615 3501 687 ἁγνὴ,
3548 592 3957 686 βαστάζουσαν,

2391 704 2459 756 δι’
2486 698 2546 755 οὗ
2583 706 2783 768 πάντες
2818 707 2978 775 ἡμεῖς
3005 706 3409 776 ἐφιυτίσθημεν.

2461 795 2605 859 Na)»;
2628 798 2998 866 ἐχρημάτισας
3030 796 3163 851 Θεοῦ
3189 797 3280 851 τοῦ
3312 797 3533 860 ζῶντος,
3559 798 3617 851 ὲν
3702 796 3802 866 τὴν
3832 812 3960 848 κατς

2394 887 2606 952 οίκησιν
2641 888 2893 959 ὁρῤήτως
2938 890 3251 957 ἐποιήσατο,
3309 887 3553 957 Παρθένε
3606 887 3961 955 πανύμνητε,

732 976 982 1032 laudibus
1004 978 1349 1043 celebranda,
1391 980 1481 1049 qui
1511 989 1689 1034 tamen
1718 984 1885 1036 cmlos
1918 981 2207 1047 inhabitat,
2242 989 2297 1035 et

2414 988 2422 1033 ι
2458 981 2717 1051 οὐρανοὺς
2746 979 3034 1043 κατοικῶν,
3062 980 3153 1032 καὶ
3176 979 3249 1031 δι’
3272 978 3582 1049 άγαθὸτητα
3611 978 3812 1048 πολλὴν
3839 977 3963 1046 βροο

731 1079 953 1139 propter
986 1068 1208 1124 multam
1247 1069 1544 1124 bonitatem
1580 1086 1736 1126 suam
1766 1074 1926 1127 homo
1955 1071 2071 1126 ﬁeri
2102 1086 2297 1141 passus

2414 1072 2485 1136 ςός
2517 1073 2767 1141 γενέσθαι
2798 1064 2995 1125 κατάδε
3007 1072 3257 1141 ξάμενος.

730 1171 832 1215 est.

801 1252 986 1305 Latior
1033 1254 1189 1309 malis
1218 1254 1541 1323 apparuisti,
1566 1271 1599 1309 o
1635 1255 1816 1325 Virgo,
1845 1256 2010 1310 Deum
2036 1256 2299 1326 recipit-us

733 1345 786 1397 in
818 1345 1119 1400 visceribus
1166 1347 1291 1410 tuis,
1349 1362 1508 1415 quem
1545 1349 1690 1400 nulla
1742 1363 1826 1403 res
1857 1364 2049 1417 capere
2092 1358 2296 1417 potest:

2473 1256 2679 1326 Ὠφθης
2730 1255 2993 1324 οὐρανῶν.
3048 1256 3321 1323 Παρθένε,
3355 1254 3685 1323 πλατυτέρα,
3738 1252 3872 1304 θεὸν
3912 1254 3968 1302 ὲν

2405 1349 2586 1419 μήτρᾳ
2614 1364 2707 1399 σου
2740 1349 3035 1416 χωρήσασα
3068 1347 3157 1398 τὸν
3198 1348 3364 1400 πᾶσιν
3397 1345 3705 1415 ἀχώρητον,
3743 1342 3802 1394 ὃν
3855 1341 3969 1393 ἱκέ-

731 1437 981 1488 cutudcrn
1017 1436 1337 1504 deprecare,
1371 1452 1404 1489 0
1442 1437 1665 1491 Domina
1702 1438 1981 1500 inviolata,
2015 1447 2066 1492 ut
2096 1454 2123 1490 a
2158 1453 2303 1491 mor-

2414 1458 2521 1492 εευε
2557 1440 2930 1509 λυτρώσασθαι
2974 1440 3332 1509 στενοχωρίας
3355 1480 3369 1500 .
3413 1440 3647 1509 ἄχραντε
3678 1436 3970 1494 Δέσποινα,

733 1525 893 1580 tifera
936 1526 1185 1597 angustia
1238 1527 1430 1584 liberet
1482 1546 1598 1596 eos,
1648 1530 1739 1600 qui
1789 1538 1839 1584 tc
1883 1531 2133 1601 religiose
2186 1531 2301 1584 col-

734 1617 971 1670 laudant.

805 1707 969 1761 Luc-is
1016 1709 1388 1763 habitaculum
1440 1719 1628 1763 venter
1669 1719 1796 1764 tuus
1833 1710 2005 1765 far-tus
2040 1720 2143 1777 est,
2180 1727 2301 1781 quas

734 1799 1114 1866 splendor-ibus
1170 1801 1472 1855 divinitatis
1526 1801 1851 1855 illumiua'it
1902 1802 2186 1867 tumulum,
2252 1809 2305 1855 et

2402 1531 2743 1601 ψυχοφθόρου
2769 1531 2890 1595 τοὺς
2919 1531 3155 1594 εὐσεϐῶς
3179 1530 3551 1600 άνυμνοῦντάς
3588 1546 3666 1582 σε.

2473 1711 2653 1774 Φωτδς
2676 1710 2988 1780 οἰκητήριον
3015 1712 3048 1779 ἡ
3082 1711 3259 1780 μήτρα
3287 1726 3381 1761 σου
3410 1708 3701 1777 γεγένηται
3726 1706 3821 1758 τοῦ
3862 1723 3974 1773 φω-

2405 1804 2649 1865 τίσαντος
2682 1804 2883 1871 κόσμον
2918 1802 3110 1870 αὐγαῖς
3151 1800 3420 1868 θεότητος,
3452 1798 3668 1864 καὶτῆς
3698 1797 3973 1865 ἀγνωσίας

734 1891 1053 1959 ignorantiae
1100 1891 1349 1946 tenebras
1404 1908 1628 1960 prorsus
1679 1894 1746 1947 ab
1796 1893 1925 1946 orbe
1976 1892 2303 1957 eliminavit;

2414 1896 2469 1949 τὸ
2500 1896 2687 1958 σκότος
2734 1896 2841 1948 ἀπὸ
2870 1895 2967 1963 τῆς
3006 1892 3131 1961 γῆς,
3188 1891 3495 1960 πανάμωμε
3544 1890 3713 1959 Κόρη,
3746 1888 3971 1948 τελείως

735 1984 1086 2051 quamobrem
1140 1994 1190 2038 te
1239 1985 1629 2054 gloriﬁcamus,
1681 2002 1714 2041 o
1747 1985 1949 2050 Puella,
1985 2000 2105 2055 qua:
2153 1998 2304 2040 cares

736 2076 881 2131 0.ntti
924 2077 1061 2130 Ialtc.

866 2209 949 2263 Ea:
976 2209 1188 2269 Conone
1213 2213 1265 2266 in
1292 2213 1423 2281 festo
1452 2212 1511 2267 S.
1554 2212 1680 2267 Vari
1703 2214 1975 2285 martyris,
2002 2214 2083 2269 die
2110 2214 2194 2269 19.

808 2426 1043 2482 Verbum
1094 2372 1256 2499 ςιηριειἶ
1290 2430 1642 2498 ubstantiale,
1703 2447 1867 2502 supra
1915 2432 2062 2487 verbi
2113 2446 2311 2487 conce-

737 2529 888 2589 ptum
946 2522 1000 2574 in
1057 2530 1210 2575 utero
1270 2530 1364 2575 tuo
1420 2524 1710 2587 habitavit,
1746 2524 2153 2579 oimmaculata
2197 2543 2209 2579 :
2256 2534 2311 2581 et

739 2620 900 2663 natus
933 2625 999 2664 eo
1042 2613 1203 2665 modo
1229 2614 1323 2681 qui
1358 2611 1524 2666 Deum
1558 2614 1806 2679 decebat,
1840 2624 2144 2684 martyrum
2177 2615 2310 2670 cho-

738 2717 829 2759 ros
858 2704 1079 2762 attraxit
1111 2723 1123 2759 :
1156 2721 1277 2758 cum
1312 2708 1512 2775 quibus
1539 2708 1634 2761 tibi
1665 2709 1891 2777 hymnos
1923 2708 2307 2764 decantatuus.

810 2792 854 2845 0
895 2792 1057 2861 Virgo
1094 2793 1261 2849 Mater
1293 2795 1410 2857 Dei.
1445 2797 1691 2867 segnitiei
1727 2811 1860 2851 mea:
1894 2797 2147 2851 tenebras
2182 2813 2310 2866 pro-

738 2882 1089 2939 l'tuulissirnas
1132 2888 1560 2957 passionurnque
1597 2890 1769 2944 nubes
1829 2890 2015 2957 gratia:
2046 2898 2151 2944 tuae
2188 2889 2312 2943 illu-

739 2974 1054 3038 minatioue,
1092 2984 1143 3031 te
1184 2993 1398 3045 precor,
1438 2979 1684 3032 elimina.

812 3066 883 3122 De
914 3065 1044 3144 limo
1074 3068 1414 3135 passionum,
1441 3069 1617 3139 deque
1642 3070 2036 3139 cogitationum
2068 3072 2309 3138 miseria,

738 3171 858 3225 qua;
890 3156 1125 3211 alienum
1160 3175 1247 3213 me
1294 3158 1503 3215 faciunt
1546 3178 1576 3217 a
1631 3163 1759 3227 Deo,
1804 3167 1897 3234 qui
1950 3168 2100 3221 solus
2140 3181 2311 3235 purus

739 3256 844 3310 est,
876 3248 1011 3302 educ
1040 3265 1147 3313 me,
1183 3250 1431 3317 Domina,
1462 3263 1519 3306 ut
1554 3268 1679 3308 cum
1714 3255 1817 3309 l‘ule
1851 3267 1902 3311 te
1926 3258 2248 3312 beatiticem.

811 3338 1091 3409 Tanquam
1146 3357 1207 3395 ea
1252 3359 1374 3412 qua:
1422 3344 1719 3400 Chernhim
1762 3357 1817 3401 et
1866 3350 2149 3418 Seraphim
2189 3366 2313 3405 vere

740 3434 979 3488 Sanctior
1012 3437 1333 3503 apparuisti,
1386 3455 1418 3493 ο
1451 3440 1987 3510 immaculatissiina,
2035 3445 2312 3500 sanctiﬁca

741 3541 954 3587 ntuttcs,
1005 3526 1096 3593 qui
1138 3536 1189 3581 te
1233 3544 1381 3583 nunc
1414 3529 1648 3585 ﬁdeliter
1680 3533 2012 3602 beatiﬁrant,
2054 3546 2108 3591 et
2134 3536 2314 3593 salvos

743 3618 829 3672 lac
855 3634 968 3681 eos,
993 3620 1083 3690 qui
1122 3630 1171 3675 te
1202 3622 1456 3679 laudibus
1486 3626 1895 3683 concelebrant.

811 3735 1084 3800 Guberna,
1140 3735 1389 3800 Domina,
1422 3739 1676 3795 miseram
1714 3742 1951 3795 animam
2006 3756 2207 3807 meam,
2259 3742 2311 3797 in

744 3829 934 3897 pelago
966 3829 1410 3898 gravissimorum
1447 3832 1712 3885 malorum
1748 3834 1984 3886 assiduis
2018 3844 2314 3904 tempesta-

745 3920 891 3974 tibus
923 3920 1271 3991 cxagitatam,
1306 3931 1359 3977 et
1394 3922 1598 3990 perduc
1644 3940 1761 3979 eam
1805 3927 1870 3979 ad
1905 3938 2119 3995 portqu
2169 3942 2315 3981 sere-

746 4026 874 4065 num
892 4026 954 4065 ac
973 4013 1346 4083 tranquillum,
1380 4013 1542 4084 198
1567 4015 1878 4070 ﬁrmissima
1907 4027 2084 4071 mente
2115 4026 2164 4071 te
2190 4017 2316 4071 bea-

744 4104 1057 4159 tiﬁcantem.

826 4193 908 4249 Me
959 4196 1267 4253 immodicis
1312 4198 1840 4267 transgressiouihus
1889 4198 2227 4254 confractum
2261 4209 2316 4254 ct

744 4288 1036 4341 contritum
1092 4289 1421 4359 redintegra,
1469 4306 1503 4343 o
1559 4289 1748 4360 Virgo,
1805 4290 2135 4346 mediatione
2191 4301 2312 4357 tua,

748 4380 1010 4433 medelam
1044 4381 1310 4437 adhibens
1336 4383 1534 4436 anima!
1571 4398 1725 4446 mere,
1754 4397 2147 4452 sermonesque
2176 4399 2314 4453 prae-

748 4474 878 4525 bens
918 4471 983 4525 ad
1024 4473 1407 4530 clamandum:
1459 4468 1745 4530 Benedicta
1781 4484 1858 4543 tu,
1905 4490 2026 4545 qua:
2061 4476 2226 4531 Ueutn
2260 4476 2313 4530 in

747 4582 911 4619 carne
944 4567 1223 4636 peperisti.

820 4657 1047 4712 Peccata
1082 4660 1319 4727 peccatis
1340 4658 1636 4729 conjungo,
1680 4676 1857 4732 neque
1881 4662 2138 4719 horresco
2171 4662 2319 4719 futu-

747 4766 867 4802 rum
902 4749 1241 4806 formidabile
1265 4754 1602 4821 mysterium.
1641 4752 1829 4820 Aufer,
1853 4771 1886 4809 ο
1918 4767 2089 4820 casta,
2115 4756 2314 4811 anima:

749 4856 882 4896 mea:
936 4842 1216 4906 duritiem,
1273 4852 1328 4897 et
1380 4844 1773 4900 intercessione
1825 4856 1917 4900 tua
1962 4858 2219 4903 converte
2262 4855 2319 4903 et

746 4932 895 4985 salva
921 4948 1028 4988 me.

818 5026 956 5079 Cum
991 5026 1333 5095 apparuisset
1370 5026 1633 5085 Dominus
1657 5046 1722 5086 ex
1755 5040 1836 5096 te,
1869 5032 2014 5086 nube
2044 5030 2219 5087 lucida
2243 5070 2259 5097 ,
2286 5044 2320 5086 ο

752 5114 1181 5187 Virgo,A£gypti
1214 5119 1504 5175 simulacra
1549 5122 1768 5189 penitus
1813 5122 2084 5186 abolevit;
2128 5120 2318 5176 multi-

750 5211 936 5266 tudine
991 5221 1169 5265 autem
1247 5221 1575 5267 certatorum
1633 5216 1866 5282 palmam
1928 5214 2319 5283 reportantium

749 5301 895 5355 illam
920 5301 1137 5372 dignam
1170 5302 1366 5366 eth-cit,
1401 5305 1493 5374 qui
1527 5305 1720 5359 imitati
1766 5314 1894 5360 sunt
1923 5321 2047 5360 eum
2083 5306 2135 5359 in
2176 5304 2321 5359 illius

751 5395 1101 5464 passiouibus
1129 5395 1531 5451 venerabilibus
1565 5396 1940 5465 perferendis.i

787 5551 870 5606 Ea:
901 5550 1112 5608 Catiane
1144 5556 1198 5607 in
1232 5553 1363 5623 [crto
1404 5552 1462 5608 S.
1499 5554 1723 5607 Artemii
1758 5552 2032 5623 martyris,
2063 5552 2146 5605 die
2173 5550 2262 5606 20.

831 5749 1067 5808 Verbum
1100 5755 1502 5826 incorporeum,
1535 5774 1600 5813 eo
1630 5759 1792 5813 modo
1824 5773 1934 5828 quo
1957 5756 2122 5811 Deum
2168 5756 2325 5813 dece-

759 5843 852 5901 bat
878 5863 943 5901 ex
982 5857 1031 5903 te
1056 5848 1417 5919 incarnatmu,
1453 5866 1487 5907 ο
1523 5851 1853 5919 castissima,
1890 5859 2107 5922 propter
2137 5864 2325 5907 exces-

2339 4594 2394 4655 D

2407 1987 2717 2054 διώξαντος.
2752 1987 2851 2041 Διὰ
2882 1987 3040 2041 τοῦτό
3072 2003 3129 2041 σε
3164 1984 3482 2055 δοξάζομεν.

2420 2212 2515 2265 Ἐκ
2546 2210 2652 2267 τοῦ
2680 2210 2947 2277 Κανόνος
2978 2213 3074 2347 sic)
3094 2210 3201 2334 τὲδγ
3226 2210 3396 2333 r'iyoror
3420 2208 3689 2278 μάρτυρα
3722 2208 3975 2276 Οὔαρον,

3036 2300 3059 2334 ’1
3073 2300 3117 2347 μ
3148 2297 3226 2347 per
3267 2300 3282 2332 ι
3316 2286 3351 2333 '.

3036 2286 3226 2351 ἡμέρᾳ
3267 2286 3351 2333 ιθ¹.

2488 2432 2548 2486 '0
2596 2433 2916 2504 ὕπερούσιος
2952 2430 3109 2500 λόγος
3165 2447 3259 2484 σου
3301 2432 3359 2485 ἐν
3392 2432 3588 2502 γαστρὶ
3637 2430 3780 2500 ὑπὲρ
3826 2428 3981 2496 λόγον

2409 2525 2628 2598 ᾤκησε,
2682 2527 2778 2579 καὶ
2844 2525 3055 2595 τεχθεὶς
3112 2522 3432 2593 θεοπρεπῶς
3497 2523 3605 2575 τῶν
3662 2520 3980 2592 μαρτύρων,

2411 2618 2668 2688 ἄχραντε,
2709 2616 2904 2687 χοροὺς
2962 2615 3333 2681 ἐπεσπάσατο,
3376 2614 3493 2685 μεθ’
3532 2608 3608 2668 ὦν
3642 2612 3980 2683 ὑμνολογοῦ-

2414 2711 2514 2782 μέν
2543 2728 2623 2763 σε.

2485 2802 2725 2872 Παρθένε
2751 2803 2939 2873 Μῆτερ
2972 2800 3130 2865 Θεοῦ,
3176 2802 3275 2870 τῆς
3307 2800 3447 2871 ἐμῆς
3484 2799 3757 2873 ῥᾳθυμίας
3800 2798 3865 2852 τὸ
3894 2798 3989 2869 βα-

2414 2895 2642 2968 ρύτατον
2676 2896 2886 2961 σκότος,
2934 2897 3028 2949 καὶ
3055 2896 3122 2949 τὰ
3177 2895 3310 2966 νέλςη
3351 2894 3462 2948 τῶν
3496 2893 3685 2948 παθῶν
3706 2892 3786 2962 τῷ
3815 2910 3986 2962 rpth-

2416 2988 2535 3058 σμῴ
2566 2987 2662 3057 τῆς
2687 2989 2743 3040 ἐν
2778 2988 2880 3051 σοὶ,
2909 2987 3142 3041 δυσωπῶ
3169 3005 3250 3051 σε,
3282 2987 3505 3058 χάριτος
3540 2985 3838 3040 ἀπέλασον.

2488 3082 2674 3147 Ἰλύος,
2702 3082 2989 3145 Δέσποινα,
3023 3081 3212 3135 παθῶν
3256 3081 3517 3149 ἀνάγαγε,
3552 3079 3645 3131 καὶ
3674 3078 3772 3148 τῆς
3799 3077 3988 3130 ταλαι-

2416 3174 2629 3245 πωρίας
2660 3173 2767 3226 τῶν
2807 3172 3103 3242 λογισμῶν,
3138 3172 3247 3225 τῶν
3279 3172 3704 3242 ἀλλοτριούντων
3747 3187 3818 3240 με
3847 3168 3987 3222 Θεοῦ

2337 3262 2382 3321 C
2420 3265 2514 3318 τοῦ
2547 3266 2707 3336 μόνου
2739 3264 3002 3334 καθαροῦ,
3035 3263 3121 3316 ἵνα
3148 3262 3328 3316 πίστει
3352 3261 3638 3333 μακαρίζω
3668 3278 3748 3314 σε.

2497 3356 2858 3422 Ἀναφανεῖσα
2893 3353 3001 3407 τῶν
3039 3354 3321 3425 Χερουϐὶμ
3361 3354 3455 3405 καὶ
3485 3353 3594 3404 τῶν
3632 3349 3889 3420 Σεραφὶμ
3913 3349 3989 3409 ὡς

2413 3447 2627 3520 ἀληθῶς
2680 3447 2975 3516 άγιωτέρα,
3025 3446 3350 3515 πανάμωμε,
3387 3443 3592 3507 πάντας
3620 3444 3747 3506 τοὺς
3778 3441 3989 3504 πιστῶς

2416 3557 2475 3595 σε
2515 3539 2608 3593 νῦν
2644 3539 3046 3609 μακαρίζοντας
3090 3537 3338 3607 ἁγίασον,
3383 3538 3479 3591 καὶ
3508 3536 3678 3589 σῶσον
3718 3537 3843 3600 τοὺς
3896 3536 3989 3589 άν-

2414 3630 2711 3700 υμνοῦντάς
2744 3646 2825 3683 σε.

2484 3743 2858 3815 Κυϐέρνησον,
2912 3744 3200 3810 Δέσποινα,
3258 3744 3316 3797 ὲν
3365 3743 3591 3811 πελάγει
3641 3738 3749 3793 τῶν
3800 3738 3993 3791 δεινῶν

2415 3834 2797 3906 χειμαζομένῳ
2836 3835 3065 3889 πάντοτε
3098 3834 3200 3904 τὴν
3224 3835 3488 3903 ταπεινὴν
3514 3832 3694 3902 ψυχήν
3731 3846 3859 3899 μου,
3897 3830 3991 3880 καὶ

2414 3927 2648 3996 γαληνὸν
2684 3928 2822 3998 πρὸς
2858 3928 3029 3998 ὅρμον
3066 3929 3332 3995 ἀνάγαγε,
3368 3925 3673 3993 ἁδιστάκτῳ
3704 3938 3763 3974 σε
3799 3920 3994 3989 γνώμῃ

2418 4016 2851 4087 μακαρίζουσαν.

2490 4195 2849 4267 Συντριϐέντα
2893 4212 2960 4266 με
3006 4195 3267 4265 ἀμέτροις
3306 4191 3674 4262 παραϐάσεσι,
3708 4188 3995 4257 Παρθένε,

2420 4288 2666 4358 μεσιτείξι
2698 4305 2790 4340 σου
2834 4288 3240 4354 καινοποίησον,
3280 4284 3606 4356 ίατρεύουσά
3636 4301 3738 4353 μου
3765 4282 3864 4351 τὴν
3892 4282 3996 4350 ψυ-

2416 4380 2537 4451 χὴν,
2566 4381 2659 4433 καὶ
2696 4379 2853 4449 λόγον
2885 4380 3199 4453 παρέχουσα
3232 4380 3379 4451 βοᾷνο
3417 4376 3763 4448 Εὐλογημένη
3800 4377 3832 4444 ἡ
3861 4376 4000 4426 θεὸν

2419 4476 2583 4545 σαρκὶ
2611 4476 2880 4546 κυήσασα.

2500 4651 2798 4721 Ἀμαρτίας
2824 4651 3079 4706 συνάπτω
3110 4650 3197 4722 ἐφ’
3225 4648 3610 4721 ἁμαρτήμασι,
3641 4646 3737 4699 καὶ
3766 4645 3828 4697 τὸ
3862 4645 3999 4715 μὲλ-

2419 4744 2509 4798 λον
2531 4746 2590 4797 οὐ
2624 4745 2830 4814 φρίττω
2856 4743 3081 4813 φρικτὸν
3107 4743 3425 4813 μυστήριον·
3451 4740 3693 4810 νίκησον,
3712 4738 3874 4806 ἁγνὴ,
3896 4740 3999 4807 τῆς

2419 4835 2596 4906 ψυχῆς
2625 4852 2725 4905 μου
2753 4836 2852 4904 τὴν
2894 4832 3175 4905 πώρωσιν,
3214 4837 3309 4887 καί
3338 4836 3405 4904 τῇ
3450 4835 3517 4903 σῇ
3553 4832 3820 4903 πρεσϐεία
3867 4831 3997 4883 ἐπί-

2422 4927 2652 4999 στρεψόν
2685 4944 2775 4997 με,
2815 4928 3005 4980 σῶσον.

2487 5023 2702 5086 Φανεὶς,
2745 5022 3010 5091 uagos“,
3044 5022 3108 5075 ἐκ
3144 5020 3238 5075 σοῦ
3282 5021 3312 5074 ὁ
3352 5020 3554 5094 Κύριος
3583 5020 3682 5090 τῆς
3722 5019 3997 5091 φωτεινῆς

2420 5114 2670 5186 νεφέλης,
2712 5114 2811 5184 τῆς
2842 5115 3119 5182 Αἰγύπτου
3162 5114 3231 5167 τά
3259 5112 3420 5179 ξόανα
3455 5113 3708 5166 παντελεῖ
3741 5113 4001 5184 ἀπωλείᾳ

2421 5206 2723 5277 παρέδωκε·
2760 5204 2958 5276 πλῆθος
2987 5206 3043 5259 δὲ
3073 5204 3388 5275 άθλοφόρων
3417 5204 3621 5275 ταύτην
3652 5205 3853 5275 ἠξίωσε
3895 5208 3997 5276 ςέ-

2423 5316 2565 5369 ρειν,
2594 5297 2960 5369 μιμουμένους
2990 5299 3057 5353 τά
3078 5297 3243 5352 αὐτοῦ
3274 5297 3448 5351 σεπτά
3476 5298 3799 5369 παθήματα.

2437 5546 2531 5597 Ἐκ
2569 5542 2674 5598 τοῦ
2712 5541 2981 5607 Κανόνος
3019 5544 3108 5612 είς
3138 5541 3248 5595 τὸν
3280 5541 3452 5609 ἅγιον
3491 5539 4002 5612 μηαλοιιάρτυρα

2892 5610 3212 5682 Ἀρτέμιον,
3246 5612 3434 5682 ἡμέρᾳ
3466 5618 3530 5666 κ’.

2497 5753 2810 5823 Σαρκωθεὶς
2853 5753 2918 5805 ἐκ
2949 5750 3044 5805 σοῦ
3079 5749 3395 5821 θεοπρεπῶς
3429 5751 3457 5802 ὁ
3486 5750 3657 5813 Λόγος
3702 5750 4007 5819 ἀσώματος

2428 5847 2703 5920 ὑπερϐολῇ
2736 5844 3170 5919 φιλανθρωπίας,
3208 5843 3469 5911 πάναγνε,
3504 5842 3663 5898 πάθει
3711 5845 4005 5916 προσωμί-
