4166 6458
213 392 344 454 1217

1602 399 1960 460 MARIALE.

3295 410 3431 478 1218

209 504 361 572 λησε,
396 502 484 556 καὶ
517 504 785 559 ἀπάθειαν
816 510 924 572 τοῖς
966 510 1274 582 ἀνθρώποις
1301 513 1594 584 ἐπῆ-ίαςεν,
1627 516 1655 568 6
1683 513 1757 566 δε-

1871 527 1990 564 sum
2021 513 2374 567 humanitatis
2416 529 2545 580 sum,
2588 517 2938 586 passionibus
2969 524 3428 594 communicavit,

204 593 530 664 ὣξασμένος
569 597 797 668 Κύριος·
835 601 1060 667 ἐνδόξως
1093 604 1201 675 γὰρ
1229 604 1560 670 δεδόξασται.

275 773 626 844 Σεσάρκωται
654 776 951 848 βουλήματι
979 780 1038 844 ἐξ
1062 781 1328 850 αἱμάτων,
1360 783 1647 844 Δέσποινα,
1679 783 1771 836 σοῦ

204 869 601 934 παναχράντων
636 869 857 939 Κύριος,
886 871 1168 938 διασώζων
1217 876 1314 945 τὴν
1358 878 1770 946 ἀνθρωπὸτητα,

204 961 299 1010 καὶ
342 959 640 1030 μαρτύρων
673 964 800 1024 τοὺς
830 961 1038 1033 δήμους
1068 968 1439 1024 ἐπεσπάσατο.

273 1140 548 1208 Παρθένον
581 1158 641 1194 σε
693 1143 829 1212 μετά
872 1145 1052 1210 τόκον,
1096 1147 1323 1215 ἀμίαντε
1368 1147 1592 1219 ἄφθορε,
1642 1150 1773 1215 Θεὸς

205 1235 592 1303 συνετήρησεν,
623 1234 652 1286 6
699 1237 997 1306 εὐδοκήσας
1023 1239 1079 1290 ὲν
1112 1240 1295 1311 μήτρᾳ
1318 1257 1408 1292 σου
1439 1240 1560 1293 ὅλον
1591 1259 1657 1311 με
1682 1243 1774 1296 τὸν

199 1323 891 1396 ἄνθρωπονὰναλαὸἐσθαι
921 1330 986 1384 δι’
1020 1331 1197 1401 ἄκραν
1243 1333 1576 1406 ἀγαθότητα.

271 1510 512 1579 Σταυρὸν
542 1513 633 1565 καὶ
663 1514 840 1584 ταφὴν
869 1516 896 1568 6
935 1516 999 1568 ὲκ
1039 1513 1134 1568 σοῦ
1167 1516 1433 1588 θελήματι
1465 1520 1675 1590 τεχθεὶς
1703 1521 1772 1576 δι’

201 1603 350 1669 ἡμᾶς
402 1603 720 1671 ὑπομείνας,
774 1606 1058 1670 Δέσποινα,
1112 1609 1364 1678 μάρτυρα
1414 1614 1771 1685 στερῤότατον

213 1692 497 1762 Ἀρτέμιον
534 1695 640 1747 τῶν
671 1695 835 1748 αὑτοῦ
884 1697 1224 1769 παθημάτων
1263 1697 1338 1764 ὡς
1370 1704 1628 1772 κραταιὸς
1654 1707 1768 1776 εἱρ-

200 1801 429 1849 γασατο.

268 1874 676 1948 Χειμαζόμενον
707 1879 850 1948 σάλῳ
892 1879 999 1933 τῶν
1031 1881 1284 1952 θλίψεων,
1318 1886 1411 1939 καὶ
1444 1885 1761 1952 κλυδωνιξό·
1797 1879 1841 1935 Β

204 1985 364 2035 μενον
407 1972 807 2025 ὲπαναστάσεσι
845 1977 1152 2046 τρικυμιῶν
1195 1979 1480 2045 διάσωσον,
1535 1982 1764 2035 Θεοτόκε

201 2062 467 2130 ΙΙαρθένε,
498 2065 621 2127 τοὺς
650 2064 865 2128 δούλους
899 2083 1012 2123 σου.

268 2154 502 2225 Νεκροῖς
533 2157 624 2208 τὸν
659 2158 976 2226 πηγῶαντα
1004 2160 1324 2223 ἀθανασίαν.
1360 2163 1597 2234 Παρθένε
1627 2184 1762 2218 παν-

197 2245 420 2313 ἀμωμε,
447 2245 760 2316 θεοπρεπῶς
792 2248 1052 2318 ἐκύησαςο
1088 2252 1251 2304 αὑτὸν
1297 2249 1388 2306 οὖν
1421 2255 1628 2308 ἱκέτευε
1670 2256 1761 2309 τοῦ

196 2335 508 2389 θανατῶσαι
555 2340 711 2408 ἡμῶν
752 2341 819 2392 τὰ
853 2341 1002 2412 πάθη
1030 2344 1124 2396 τοῦ
1153 2344 1424 2416 σώματος,
1462 2349 1619 2419 ἁγνὴ,
1666 2351 1760 2402 καὶ

196 2427 418 2480 αἰωνίου
449 2429 781 2495 καταξιῶσαι
809 2430 978 2502 ζωῆς.

275 2610 603 2678 Ῥεύσαντας
632 2616 780 2685 ἡμᾶς
817 2617 986 2687 πικρᾷ
1035 2616 1129 2670 τοῦ
1179 2617 1335 2683 ξύλου
1391 2618 1624 2691 βρώσει,
1667 2624 1760 2676 καὶ

195 2705 624 2773 συμπωθέντας
668 2707 992 2778 ὀλισθήματι
1019 2750 1034 2774 ,
1093 2709 1375 2777 πάναγνε,
1423 2713 1756 2778 ἀνέπλασας,

191 2797 574 2868 πλαστουργὸν
612 2799 994 2873 ἀποκυήσασα,
1037 2804 1129 2856 καὶ
1161 2803 1332 2873 Λόγον
1374 2807 1756 2872 ἑνυπόστατον,

190 2888 452 2959 ἇχραντεο,
483 2884 527 2957 ᾧ
556 2890 787 2966 βοῶμεν·
813 2893 996 2947 Πάντα
1024 2895 1092 2947 τὰ
1119 2895 1254 2964 ἔργα
1276 2895 1500 2968 Κυρίου,
1525 2897 1616 2950 τὸν
1646 2897 1756 2950 K6-

195 2999 313 3050 ριον
341 2983 632 3053 εὐλογεῖτε.

263 3077 408 3130 Φωτί
438 3095 539 3147 μου
577 3078 916 3147 καταύγασον
954 3080 1048 3132 τοῦ
1080 3079 1172 3133 σοῦ
1210 3080 1524 3152 προσώπου,
1560 3083 1752 3153 Κύριε,

193 3167 471 3237 ῥᾳθυμίας
522 3169 601 3238 τῷ
634 3171 813 3222 σκότει
861 3171 1391 3241 συγκαλυπτὸμενον,
1443 3173 1584 3242 ἔχων
1617 3174 1754 3226 δυσ-

188 3257 448 3310 ωποῦσαν
487 3276 568 3324 σε,
601 3259 762 3327 Λόγε,
803 3261 898 3327 τὴν
945 3259 1119 3329 άληθῆ
1160 3261 1329 3331 ἁγνήν
1379 3278 1472 3313 σου
1505 3263 1752 3332 Μητέρα,

191 3351 442 3418 σγγέλων
469 3351 879 3427 λαμπρότητας,
909 3353 1001 3405 καὶ
1031 3352 1120 3405 τὸν
1153 3353 1361 3419 ἔνδοξον
1398 3354 1722 3425 Ἀρτέμωνά

203 3553 301 3608 Ἐκ
349 3555 455 3609 τοῦ
501 3556 763 3622 Κανόνας
806 3558 893 3622 εὶς
939 3556 1048 3611 τὸν
1090 3556 1259 3625 ἅγιον
1303 3555 1595 3622 Ἅϐέρκιον
1627 3558 1753 3610 ἐπί-

258 3642 502 3679 σκοπον
555 3626 949 3694 ’1εραπόλεως,
1000 3630 1093 3679 καὶ
1152 3627 1292 3692 τοὺς·
1347 3629 1554 3695 ἁγίους
1607 3629 1756 3682 ἑπτὰ

255 3695 480 3762 παῖδας
510 3698 647 3762 τοὺς
674 3699 744 3750 ἐν
783 3698 1024 3766 Ἐφέσῳ,
1056 3698 1241 3766 ἡμέρᾳ
1277 3697 1381 3765 κβκ

277 3809 588 3878 Ῥητορικαὶ
639 3810 875 3877 γλῶσσαι
919 3810 1012 3864 σοῦ
1057 3812 1236 3880 λέγειν
1271 3813 1332 3866 οὐ
1365 3813 1609 3868 σθένουσι
1659 3812 1758 3883 τὴν

189 3901 334 3972 ὑπὲρ
358 3902 516 3969 λόγον
563 3901 843 3972 σύλληψιν·
886 3903 1016 3956 Θεὸν
1054 3906 1161 3974 γὰρ
1207 3905 1433 3970 τέτοκας
1482 3908 1540 3958 ἑν
1569 3907 1754 3974 σαρκὶ,

187 3995 457 4064 παναγία,
489 3997 619 4066 ἡμῖν
647 3995 977 4066 ὁμοιωθέντα
1004 3997 1068 4050 δι’
1102 3997 1440 4067 ἁγαθότητα.

261 4177 453 4247 Εὑρών
481 4194 540 4230 σε
570 4176 978 4248 καθαρωτέραν,
1003 4175 1260 4245 πάναγνε,
1290 4177 1469 4247 πάσης
1500 4176 1748 4240 κτίσεως,

185 4275 216 4327 6
261 4269 502 4341 καθαρὸς
538 4268 813 4340 ἐνῴκησεν
847 4271 904 4321 ὲν
944 4268 1059 4334 σοὶ,
1107 4268 1388 4339 ἐξοικῆσαι
1426 4267 1751 4340 βουλόμενος

262 4429 377 4498 (92)
409 4426 544 4495 Quia
571 4425 919 4496 pollutionem
952 4433 1024 4498 et
1078 4423 1498 4498 corrup_t_ionem_
1540 4422 1746 4498 peccati

1881 610 1934 655 et
1961 600 2448 672 impassibilitatem
2510 609 2821 665 hominibus
2850 627 3107 667 emanare
3151 613 3278 669 feeit
3320 617 3433 687 glo-

1877 693 2055 749 riosus
2087 695 2346 751 Dominus
2381 713 2394 751 :
2427 700 2658 768 gloriose
2685 702 2829 755 enim
2865 705 3197 772 gloriﬁcatus
3225 718 3326 762 est.

1939 784 2013 838 Ex
2058 787 2418 844 inimaculatis
2455 792 2810 861 sanguinibus
2847 795 2971 858 tuis,
3010 811 3042 850 ο
3068 796 3329 860 Domina,
3354 799 3434 854 in-

1875 886 2132 933 carnatus
2160 888 2244 932 est
2273 878 2532 935 Dominus
2559 899 2621 937 ex
2655 884 2931 940 voluntate
2973 903 3090 951 sua,
3136 899 3193 944 ut
3223 890 3432 944 salvum

1875 965 2073 1022 iaceret
2102 985 2272 1039 genus
2305 970 2632 1039 humanum;
2667 983 2719 1030 et
2781 986 3080 1048 martyrum
3134 991 3307 1036 emtus
3363 982 3430 1036 ad

1874 1071 1933 1114 Se
1961 1061 2198 1113 attraxit.

1945 1141 2083 1198 Deus
2130 1146 2388 1216 virginem
2444 1158 2493 1202 te
2540 1160 2662 1219 post
2705 1164 2917 1221 partum
2983 1162 3352 1228 conservavit,
3401 1177 3432 1217 0

1874 1232 2175 1302 impolluta,
2201 1251 2362 1308 atque
2388 1241 2705 1313 incorrupta
2738 1246 2846 1316 (92)
2874 1266 2886 1301 :
2915 1250 3003 1303 cui
3030 1252 3354 1320 complacuit
3380 1256 3430 1308 iu

1873 1338 2026 1383 utero
2065 1341 2160 1386 tuo
2210 1342 2382 1388 totum
2426 1353 2510 1390 me
2561 1339 2836 1395 hominem
2869 1345 3127 1412 recipere,
3165 1360 3230 1402 ac
3276 1361 3419 1402 recu-

1871 1436 2060 1490 perare
2086 1433 2306 1494 propter
2331 1443 2598 1481 summam
2636 1431 2926 1486 bonitatem
2956 1448 3134 1490 suam.

1941 1511 2034 1567 ille
2064 1517 2154 1584 qui
2186 1533 2248 1570 ex
2302 1526 2372 1581 te,
2408 1535 2441 1572 ο
2485 1519 2732 1586 Domina,
2768 1525 3075 1579 voluntarie
3126 1539 3284 1583 natus
3327 1538 3428 1594 est,

1870 1619 1991 1658 cum
2018 1621 2230 1661 erucem
2257 1625 2320 1662 ac
2341 1610 2672 1676 sepulturam
2696 1625 2912 1684 propter
2935 1633 3033 1671 nos
3057 1621 3431 1688 sustinuisset,

1870 1701 2123 1764 tauquam
2174 1698 2332 1753 fortis
2381 1698 2509 1755 fecit
2564 1705 2864 1761 Artemium
2923 1712 3430 1768 constantissimum

1872 1795 2057 1842 testem
2093 1791 2410 1859 passionum
2450 1810 2694 1851 suarum.

1952 1878 2171 1933 Salvum
2204 1879 2287 1936 fac
2326 1899 2540 1938 servum
2575 1896 2750 1954 tuum,
2777 1904 2809 1942 ο
2842 1890 3006 1960 Virgo
3041 1893 3291 1964 Deipara,
3321 1897 3431 1967 agi-

1867 1976 2036 2023 tatum
2066 1973 2184 2026 salo
2219 1975 2654 2044 tribulationum,
2676 1990 2724 2035 et
2754 1985 3110 2051 procellarum
3143 1988 3430 2058 insurgen-

1865 2062 2009 2117 tibus
2041 2062 2293 2122 ﬂuctibus
2321 2069 2607 2136 jactatum.

1929 2155 2101 2218 Illum,
2143 2159 2234 2226 qui
2282 2163 2513 2216 mortuis
2560 2163 2984 2220 immortalitatis
3034 2169 3241 2224 fontem
3275 2186 3428 2226 ema-

1864 2259 1998 2298 nare
2030 2243 2173 2310 ieeit,
2209 2250 2487 2316 peperisti,
2519 2267 2552 2306 ο
2604 2253 2766 2322 Virgo
2792 2269 2986 2311 carens
3010 2258 3157 2311 oumi
3193 2260 3428 2326 macula,

1861 2350 1927 2391 eo
1952 2337 2140 2402 modo,
2175 2355 2283 2408 quo
2325 2341 2490 2394 Deum
2523 2345 2762 2398 decebat.
2803 2346 2979 2415 Ipsum
3027 2349 3211 2419 itaque
3237 2352 3428 2421 depre-

1861 2442 2008 2491 Care,
2038 2444 2070 2482 ο
2097 2439 2245 2484 easta
2267 2472 2281 2496 ,
2315 2441 2371 2483 ut
2396 2434 2642 2500 corporis
2674 2437 2844 2489 nostri
2875 2437 3156 2503 passiones
3193 2444 3422 2495 mortili-

1859 2531 1966 2584 cet,
1997 2531 2052 2576 et
2086 2523 2208 2576 vitte
2238 2535 2454 2578 aeterna:
2481 2527 2670 2594 dignos
2703 2527 2917 2582 eiIieiat.

1938 2611 2102 2681 199
2131 2610 2262 2678 Nos,
2294 2615 2386 2681 qui
2416 2614 2484 2667 oh
2511 2630 2578 2667 au
2602 2629 2751 2668 aram
2799 2617 2928 2686 ligni
2968 2633 3147 2673 escam
3185 2621 3426 2677 deﬂuxe-

1864 2716 2068 2764 ramus,
2097 2711 2150 2756 et
2175 2701 2228 2756 in
2250 2703 2462 2757 ruinam
2493 2707 2726 2775 prolapsi
2755 2722 2993 2771 eramus,
3029 2710 3359 2777 reformasti,
3389 2731 3421 2765 ο

1861 2793 2168 2847 castissima
2218 2803 2381 2864 atque
2414 2797 2782 2864 integerrima,
2815 2798 3126 2855 Creatorem
3159 2805 3337 2871 enixa,
3370 2813 3422 2859 et

1859 2883 2093 2941 Verbum
2137 2888 2464 2953 subsistens,
2499 2891 2584 2943 eui
2612 2893 2912 2948 clamamus
2953 2911 2967 2948 :
3000 2895 3195 2949 Omnia
3261 2912 3424 2967 Opera

1856 2977 2089 3043 Domini,
2115 2979 2329 3035 laudate
2360 2981 2669 3036 Dominum.

1927 3069 2070 3124 Luce
2093 3072 2274 3126 vultus
2311 3073 2386 3124 tui
2418 3073 2662 3127 illumiua
2709 3090 2811 3139 nte,
2851 3074 3112 3140 Domine,
3147 3077 3422 3149 negligen-

1859 3161 1946 3215 tia:
1987 3163 2224 3217 tenebris
2277 3164 2617 3227 obvolutum,
2665 3181 2788 3219 cum
2822 3165 3038 3228 habeas,
3086 3181 3118 3220 ο
3163 3165 3421 3232 Verbum,

1861 3254 2080 3308 Matrem
2143 3266 2292 3308 tuam
2326 3270 2529 3317 veram,
2566 3258 2963 3320 castissimum,
2995 3273 3112 3326 qua:
3149 3269 3200 3312 te
3230 3259 3421 3328 depre-

1859 3355 2010 3400 catur
2042 3361 2149 3400 una
2178 3362 2299 3401 cum
2331 3348 2711 3418 splendoribus
2731 3351 3071 3416 angelorum,
3105 3362 3158 3406 et
3179 3354 3424 3410 Artemio

1860 3437 2119 3507 glorioso.

1863 3551 1944 3606 Ex
1975 3552 2185 3629 Conone
2207 3553 2404 3620 duplici
2432 3555 2480 3606 in
2509 3555 2639 3621 festo
2681 3554 2739 3610 S.
2774 3556 2982 3610 Abercii
3018 3561 3246 3629 episcopi
3293 3559 3421 3614 Ilie-

1945 3625 2213 3699 rnpgtitw,
2249 3636 2295 3677 et
2332 3635 2526 3692 septem
2560 3640 2866 3680 sanctorum
2889 3645 3167 3695 puerorth
3192 3625 3418 3699 'Epliesi,

1923 3695 2007 3746 die
2035 3692 2123 3746 22.

1927 3806 2149 3874 Linguae
2184 3807 2463 3875 facundae,
2499 3825 2561 3864 ac
2598 3811 2814 3865 diserta}
2861 3827 2966 3866 non
3015 3815 3191 3869 valent
3234 3816 3416 3884 eloqui

1853 3900 2266 3966 conceptionem
2309 3909 2488 3965 tuam,
2539 3918 2660 3972 quae
2701 3919 2916 3957 omnem
2963 3916 3180 3974 superat
3231 3909 3419 3977 loque-

1853 3993 1995 4057 lam;
2025 3991 2192 4045 Deum
2225 3994 2369 4046 enim
2402 3994 2456 4046 in
2488 4010 2651 4048 carne
2671 3996 2950 4064 peperisti,
2989 4013 3020 4050 ο
3049 4000 3419 4064 sanctissima,

1854 4084 2057 4138 factum
2093 4084 2324 4138 similem
2359 4086 2516 4140 nobis
2550 4088 3103 4155 propterbouitatem
3132 4104 3308 4143 suam.

1921 4174 2012 4230 Ille
2045 4176 2137 4243 qui
2171 4191 2337 4244 purus
2363 4185 2466 4241 est,
2502 4193 2624 4230 eum
2657 4187 2707 4231 te
2734 4177 2883 4230 omni
2926 4195 2983 4233 re
3023 4190 3201 4233 creata
3238 4181 3418 4249 purio-

1857 4284 1968 4322 rem
1997 4267 2312 4333 inveuissct,
2356 4282 2389 4321 ο
2411 4269 2733 4333 castissima,
2767 4265 3084 4322 iuhabitavit
3123 4270 3176 4323 in
3213 4279 3282 4335 te,
3318 4285 3415 4323 vo-

1855 4421 2054 4475 sistuut
2110 4423 2161 4475 in
2196 4419 2534 4483 indivislbili,
2567 4437 2687 4490 qum
2732 4423 2896 4475 semel
2926 4421 3141 4475 amissa:
3174 4425 3412 4488 reparari

187 4493 475 4570 originalis
505 4493 778 4570 ex—divina
826 4497 995 4570 gratia
1044 4494 1419 4570 evasit._Uude
1468 4494 1748 4546 Bernardi-
1783 4504 1826 4559 ι)
1857 4507 1964 4545 non
1998 4500 2247 4570 possunt,
2277 4506 2341 4544 ex
2376 4493 2577 4570 quibus
2626 4499 2739 4570 es_t_
2763 4493 3043 4560 virginitas
3086 4494 3408 4570 corporalis,

183 4566 308 4643 ιιυςζ
329 4570 396 4624 de
427 4568 593 4643 Bttsto
627 4566 921 4643 _it_t__Mariali
950 4582 1116 4643 serm.
1149 4568 1178 4620 7
1231 4566 1296 4618 de
1327 4574 1574 4643 concept.
1601 4573 1751 4631 parte

187 4657 230 4702 ι,
261 4641 337 4694 ait
373 4657 386 4692 :
435 4657 452 4690 ι
487 4637 787 4708 Optabilius
832 4648 917 4708 est
956 4637 1191 4690 animam
1229 4650 1333 4688 non
1377 4634 1564 4701 pollui,
1588 4648 1750 4702 quam

185 4725 389 4779 corpus
435 4707 748 4779 iuciue_r_ari,
781 4707 906 4776 quia
955 4708 1134 4779 anima
1179 4708 1469 4775 pretfosior
1516 4712 1598 4779 est
1631 4719 1752 4779 cor-

186 4774 340 4849 pore.
375 4779 480 4832 Sed
514 4779 570 4832 B.
603 4775 766 4847 Virgo
799 4774 1038 4849 obtinuit
1079 4777 1146 4830 de
1173 4774 1401 4849 Corpore
1431 4789 1498 4849 ne
1545 4774 1752 4849 iocine-

179 4843 436 4928 i‘areturi:
470 4862 598 4928 ergo
642 4843 1047 4928 ettcredeudum
1073 4856 1176 4908 est,
1203 4845 1346 4928 quod
1376 4843 1751 4928 multomagis

180 4920 428 4974 obtinuit
469 4915 663 4971 anima:
716 4917 1141 4986 impollutionem
1176 4924 1230 4969 et
1278 4915 1752 4986 incontarpinatio-

184 5006 334 5061 neut.
377 5007 399 5042 ι
422 4989 578 5061 idem
617 4987 741 5061 loco
791 4983 956 5061 citato
1002 5001 1164 5061 scrin.
1197 4986 1252 5050 8,
1283 4993 1429 5061 parte
1455 4999 1492 5047 ι,
1523 4983 1699 5052 inquit
1732 4995 1746 5061 ς

189 5081 208 5113 ε
242 5058 380 5114 Cum
417 5059 559 5113 Deus
583 5059 795 5127 elegerit
829 5057 1187 5126 integritatem
1209 5066 1261 5108 et
1278 5053 1573 5127 puritatem
1611 5053 1746 5105 uteri

186 5131 491 5200 virginalis,
515 5124 977 5201 quenfnunquam
1003 5127 1170 5180 voluit
1202 5125 1389 5201 pollui,
1415 5124 1506 5201 sed
1536 5136 1747 5201 semper

183 5192 451 5255 intactum
478 5192 559 5252 fab
593 5198 740 5251 omni
777 5192 1071 5265 pollutione.
1103 5192 1329 5258 servari,
1364 5203 1422 5247 ut
1451 5194 1501 5245 in
1542 5192 1744 5261 Spiritu

181 5273 320 5325 vidit
365 5271 610 5342 Ezechiel
655 5267 1056 5342 prepheta_sui
1106 5267 1226 5342 libri
1257 5280 1306 5342 c.
1355 5277 1688 5342 xciv,_'ergo
1716 5276 1745 5314 a

179 5341 400 5396 Iortiori
431 5331 771 5393 credenti—uni
805 5346 890 5391 est
937 5337 1113 5405 ipsum
1145 5336 1370 5404 elegisse
1420 5335 1473 5387 in
1524 5331 1746 5400 Virgine

181 5414 475 5483 puritatem
505 5408 820 5483 internalem
870 5407 1212 5483 animatejtts
1229 5405 1745 5483 __innoceutis."ldeo

179 5471 509 5538 'Atnbrosius
533 5495 695 5548 super
720 5479 916 5533 Lucam
940 5483 1015 5531 ait
1047 5471 1200 5530 de'B.
1229 5476 1446 5548 Virgine
1472 5491 1485 5527 :
1526 5493 1552 5548 «ί
1582 5471 1744 5539 Virgo

179 5563 320 5618 erat,
347 5567 454 5605 non
488 5545 663 5604 solum
687 5564 933 5618 corpore,
963 5549 1052 5602 sed
1084 5557 1136 5601 et
1164 5545 1363 5618 mente.
1402 5545 1555 5618 Quod
1584 5557 1744 5596 secus

179 5616 353 5685 esset,
390 5623 438 5675 si
473 5621 650 5674 anima
683 5616 801 5688 ejus
842 5635 937 5690 per
963 5629 1241 5690 peccatum
1290 5616 1551 5690 o_r_iginale
1599 5621 1745 5666 esset

183 5696 475 5748 fornicata.
492 5691 612 5745 »δίε
639 5685 747 5752 ille,
770 5702 821 5744 et
844 5685 1060 5756 quidem
1078 5687 1299 5756 optime.
1319 5685 1450 5739 Nam
1477 5686 1744 5754 pleraeque

183 5765 376 5818 formae
414 5778 476 5815 ac
506 5762 985 5836 denomijiationes
1011 5758 1206 5836 (inquit
1233 5760 1285 5810 in
1309 5771 1429 5836 cap.
1522 5769 1740 5836 suarum

185 5834 581 5902 Exceptionum
614 5831 674 5887 ι».
713 5829 761 5885 ι.
794 5827 1059 5888 Eusebius
1109 5827 1565 5895 Nierembergius)
1614 5840 1743 5879 cun-

1853 4577 1974 4629 qua:
1997 4563 2160 4616 semel
2190 4563 2464 4624 deperdita
2491 4561 2740 4615 resarciri
2773 4577 2878 4613 non
2903 4570 3098 4630 potest.
3122 4564 3236 4616 sive
3257 4562 3413 4617 adhic

1851 4631 1964 4686 bito
1996 4633 2212 4700 pr0prio
2247 4645 2516 4684 coast-usu
2553 4632 2713 4684 fuerit
2747 4631 2964 4692 violata.
2996 4633 3111 4686 sive
3152 4632 3410 4685 violenter

1852 4715 2129 4770 oppressa.
2159 4700 2276 4752 Pari
2310 4701 2726 4755 etiam-ratione
2775 4703 3000 4768 puritas,
3041 4713 3091 4755 et
3133 4702 3409 4770 virginalis

1851 4772 2057 4824 candor
2103 4771 2400 4838 spiritualis
2428 4770 2763 4825 castimoniae
2785 4772 2950 4824 semel
2990 4773 3225 4825 amissus
3253 4787 3410 4825 recu-

1851 4843 2027 4908 perari
2062 4857 2166 4893 nou
2192 4841 2333 4894 valet
2361 4841 2520 4895 ultra.
2552 4840 2659 4895 Sed
2714 4840 2828 4894 haec
2859 4842 3083 4909 puritas,
3112 4850 3208 4894 aut
3240 4843 3407 4909 virgi-

1852 4910 1992 4965 nitas
2042 4910 2634 4979 spiritualisconsistit
2669 4910 2719 4963 iu
2754 4912 2992 4964 carentia
3049 4910 3272 4978 peccati,
3309 4927 3406 4979 p0-

1853 4977 2119 5034 tissimum
2182 4977 2443 5051 mortalis,
2500 4981 2668 5051 quoi,
2707 4983 3006 5051 secundum
3051 4977 3402 5048 Scripturam

1850 5064 2083 5111 sacram.
2120 5059 2202 5104 est
2230 5050 2426 5104 anima:
2468 5049 2764 5119 spiritualis
2817 5049 3122 5107 foruieatio.
3153 5058 3206 5103 et
3236 5051 3408 5118 Chry-

1849 5129 2123 5175 sostomus
2171 5122 2366 5174 animae
2414 5121 2894 5190 devirginationem
2949 5119 3199 5189 appellat.
3239 5119 3405 5190 Igitur

1849 5191 2024 5244 anima
2060 5193 2224 5245 semel
2269 5206 2363 5258 per
2409 5203 2712 5260 peccatum,
2744 5199 3148 5260 quoseparatur
3196 5204 3226 5242 a
3269 5191 3401 5249 Deo,

1848 5270 2122 5330 corrupta,
2155 5265 2269 5315 sive
2295 5258 2420 5313 illud
2452 5274 2480 5312 a
2523 5263 2736 5330 propria
2762 5258 3046 5314 voluntate
3087 5258 3399 5321 descendat,

1847 5331 1961 5384 sive
2003 5347 2067 5385 ex
2101 5333 2149 5384 vi
2182 5330 2544 5400 generationis
2578 5331 2885 5384 communis
2917 5344 2980 5383 ac
3011 5331 3305 5384 descensus
3334 5331 3402 5381 ab

1847 5403 2052 5454 Adamo
2101 5407 2292 5454 animae
2329 5402 2648 5467 impressum
2682 5403 2826 5469 (nam
2876 5400 3149 5468 quomodo
3183 5400 3230 5469 id
3266 5413 3400 5469 cou-

1845 5472 2018 5540 tingat
2049 5471 2181 5525 nihil
2205 5472 2482 5548 refertam
2516 5468 2841 5548 paulo’ante
2869 5471 3048 5548 notavi
3080 5469 3146 5548 de
3177 5468 3401 5548 virgini-

1846 5539 1953 5595 tate
1985 5540 2296 5610 corporali),
2331 5541 2895 5610 deincepsimpolluta:
2931 5541 3086 5593 titulo
3115 5539 3281 5591 lzetaii
3309 5555 3404 5589 m-

1844 5613 2037 5680 quihit.
2072 5609 2261 5680 Itaque
2300 5613 2344 5664 si
2387 5610 2446 5666 Β.
2479 5609 2641 5679 Virgo
2668 5613 2717 5663 in
2761 5611 2982 5666 instanti
3027 5624 3139 5664 sua:
3172 5622 3402 5674 concep-

1847 5683 2007 5737 tiouis
2040 5681 2143 5756 fuit
2175 5680 2407 5756 ‘violata,
2435 5689 2489 5756 et
2520 5680 3119 5756 pollutauspiritualiter
3149 5693 3242 5756 per
3274 5691 3399 5756 pee-

1843 5763 2023 5806 catum
2055 5751 2336 5821 originale,
2361 5748 2660 5820 nullo’jure
2700 5748 2809 5808 sibi
2845 5749 3139 5806 vindicabit
3181 5748 3399 5803 titulum

1844 5824 2140 5892 impolluta:
2168 5830 2220 5876 et
2244 5821 2590 5892 incorrupte.
