4166 6458
777 395 912 459 1219

1896 393 1953 452 S.
1996 392 2307 451 JOSEPIII
2350 392 2899 454 HYMNOGRAPIII

3872 394 4010 455 1220

770 517 907 573 lens.
940 519 1196 579 tanquam
1234 508 1513 562 hominum
1548 513 1777 567 amator,
1812 504 2096 557 elimiuare
2135 505 2332 573 iniqui-

2437 506 2535 575 τὴν
2581 509 2638 560 ἐν
2700 508 2873 579 Ἀδὰμ
2926 508 3246 579 οίκὴσασαν,
3284 508 3631 581 παρανομίαν
3686 507 3763 570 ὡς
3816 508 4013 576 φιλάιιο

775 615 958 666 tatem,
981 617 1100 673 qua:
1132 600 1465 654 habitaverat
1494 600 1543 651 iu
1581 596 1769 650 Adam.

846 695 935 747 Ille
978 694 1068 762 qui
1114 691 1265 761 prius
1314 701 1432 745 erat
1484 690 1622 743 Deus
1673 689 1983 753 invisibilis.
2034 690 2210 745 factus
2257 696 2338 743 est

774 785 1020 847 visibilis,
1055 796 1282 852 corpore
1325 797 1389 836 ex
1440 789 1594 835 utero
1639 790 1734 835 tuo
1778 792 2019 851 accepto,
2070 795 2103 835 o
2151 780 2338 848 Virgo,

774 889 991 948 propter
1018 876 1445 931 misericordiam
1472 890 1659 937 suam;
1688 886 1969 945 propterea
2003 886 2054 930 te
2080 891 2202 930 cum
2233 874 2336 927 [ide

776 974 984 1025 beatam
1028 972 1385 1040 appellamus.

839 1064 1002 1133 200
1026 1064 1310 1126 Christus,
1347 1061 1438 1130 qui
1494 1077 1579 1115 me
1624 1077 1689 1115 ex
1744 1063 1944 1117 divinis
1977 1062 2338 1131 sanguinibus

772 1159 882 1209 tuis
915 1166 1191 1221 acceptum
1217 1165 1472 1221 tauquam
1496 1164 1700 1210 vestem
1720 1157 1863 1219 tulit,
1888 1172 1919 1208 o
1942 1156 2221 1218 inviolata,
2249 1169 2333 1208 me

772 1249 1047 1313 eumdem,
1084 1249 1177 1317 qui
1226 1248 1353 1302 olim
1402 1247 1637 1303 nudatus
1685 1247 1914 1313 fueram,
1963 1246 2150 1317 gratiae
2201 1246 2339 1301 stola

774 1341 1005 1394 vestivit.

842 1432 1235 1487 Coutritioncm
1287 1442 1341 1488 et
1386 1435 1657 1489 miseriam
1698 1432 1977 1502 antiquam
2038 1432 2338 1501 terrigena-

774 1538 891 1575 rum
931 1522 1136 1576 medela
1191 1524 1427 1576 adhibita
1463 1523 1705 1587 curasti,
1740 1537 1772 1575 0
1802 1532 1913 1577 tota
1951 1520 2335 1583 immaculata,

774 1613 866 1668 Dei
913 1630 1136 1684 sponsa,
1186 1616 1333 1667 illum
1382 1616 1565 1679 enixa,
1607 1616 1698 1686 qui
1756 1625 1973 1685 propter
2015 1614 2337 1669 ineffabilem

773 1708 1201 1762 misericordiam
1247 1723 1401 1762 suam
1436 1708 1779 1762 inﬁrmitates
1806 1717 2019 1761 nostras
2052 1708 2306 1776 portarit.

845 1796 1052 1851 Novum
1087 1797 1346 1852 infantem
1380 1799 1654 1869 peperisti,
1677 1814 1709 1852 o
1736 1800 1918 1868 Viigo,
1946 1800 2038 1868 qui
2073 1799 2334 1852 mundmn

772 1900 895 1943 ante
924 1890 1078 1944 senio
1119 1889 1451 1954 confectum,
1496 1891 1694 1945 divinis
1725 1890 2131 1961 cognitionibus
2173 1906 2336 1946 reno-

772 1984 948 2049 varit;
980 1986 1101 2037 ideo
1130 1992 1182 2038 te.
1214 1985 1599 2055 gloriﬁcamus.

842 2077 1010 2145 Leges
1057 2078 1108 2131 in
1151 2087 1202 2133 te
1247 2079 1567 2134 mirabiliter
1618 2080 1973 2141 innovantur,
2021 2094 2053 2132 ο
2112 2077 2273 2149 Virgo
2324 2095 2338 2132 :

772 2172 972 2222 οιετιίιιι
1026 2172 1145 2224 sine
1194 2176 1403 2225 semine
1453 2173 1601 2241 paris
1657 2171 1823 2226 Deum
1873 2172 2232 2233 Salvatorcm,
2290 2180 2343 2225 et

772 2263 945 2331 virgo,
982 2263 1158 2332 qualis
1182 2274 1336 2318 antea
1368 2278 1511 2326 cras,
1551 2279 1886 2333 perseveras.
1919 2262 1964 2317 0
1994 2265 2339 2333 peregrinum

774 2359 1126 2412 miraculum!
1170 2358 1281 2412 llac
1311 2360 1378 2412 de
1415 2372 1582 2412 causa
1615 2367 1666 2412 te
1698 2356 1921 2411 Matrem
1970 2355 2343 2412 Emmanuclis

773 2451 1024 2519 Icliginse
1050 2467 1110 2503 ac
1145 2451 1228 2517 pie
1267 2452 1703 2520 pronuntiamus.

854 2542 1130 2604 Dissolve,
1183 2556 1215 2593 ο
1268 2548 1441 2602 casta,
1488 2539 1840 2594 durissimum
1892 2537 2087 2593 callum
2148 2538 2342 2592 anima:

775 2650 944 2699 mete;
976 2644 1029 2687 et
1052 2632 1289 2686 concede
1312 2631 1467 2697 mihi,
1499 2641 1557 2685 ut
1592 2629 1737 2685 facili
1770 2639 2127 2700 promptaque
2176 2644 2341 2685 sensu

773 2725 973 2779 (“\illls
997 2723 1114 2778 Filii
1138 2724 1213 2777 tui
1250 2723 1517 2777 mandatis
1552 2722 1849 2776 attemlam.

845 2817 945 2871 Per
980 2827 1051 2883 te,
1080 2838 1111 2871 υ
1142 2817 1487 2871 sanctissima
1513 2813 1606 2870 Dei
1642 2813 1852 2883 Sponsa
1874 2856 1889 2881 ,
1932 2829 2034 2869 nos
2068 2813 2159 2883 qui
2190 2830 2342 2870 mor-

774 2911 850 2963 tui
885 2926 1124 2973 cramus,
1158 2909 1264 2962 vita
1306 2907 1453 2978 digni
1511 2906 1636 2960 facti
1671 2922 1897 2971 sumus;
1933 2914 1987 2958 et
2034 2920 2158 2959 cum
2192 2920 2343 2959 esse-

775 3015 897 3053 mus
973 2999 1344 3069 corruptionis
1403 2998 1568 3063 servi,
1638 2994 2068 3067 incorruptionis
2123 2995 2341 3053 divitias

772 3089 1267 3159 manifeste-adepti
1302 3104 1512 3144 sumus.

2445 592 2680 661 θρωπος.

2525 684 2816 757 Ὑπάρχων
2847 688 2875 739 ὁ
2926 689 3057 753 Θεὸς
3100 690 3161 743 τὸ
3193 689 3322 761 πρὶν
3354 691 3584 762 ἀόρατος
3616 693 3827 763 ὼράθη,
3863 697 4012 763 [Iap-

2441 774 2581 839 θένε,
2612 777 2679 830 δι’
2713 779 3117 849 εύσπλαγχνίαν
3152 783 3216 834 ἐκ
3246 783 3481 850 γαστρός
3516 800 3610 835 σου
3646 784 4010 854 magnanim-

2440 884 2546 931 νος.
2581 869 2677 922 Διὰ
2704 870 2862 924 τοῦτό
2884 889 2943 925 σε
2976 873 3155 927 πίστει
3190 874 3565 947 μακαρίζομεν

2510 1054 2745 1121 Φορεσας
2770 1070 2836 1123 με
2862 1054 2925 1106 ἐκ
2950 1054 3059 1107 τῶν
3088 1054 3194 1107 ortv
3227 1054 3388 1107 θείων
3418 1058 3666 1126 αἱμάτων
3694 1059 3723 1110 ὁ
3752 1059 4010 1127 Χριστὸς,

2438 1143 2697 1213 ᾶχραττε,
2758 1147 3093 1215 καταστολὴν
3158 1148 3378 1216 χάριτος
3426 1149 3596 1201 πάλαι
3653 1149 4015 1218 γυμνωθέντα

2440 1235 2708 1291 ἐνέδυσεν.

2523 1420 2700 1485 Ἰάσω,
2752 1422 3084 1493 πανάμωμε,
3130 1424 3420 1494 συπριόὴν
3463 1425 3555 1478 καὶ
3584 1425 3679 1495 τὴν
3711 1425 3881 1479 πάλαι
3916 1445 4017 1478 τα-

2441 1513 2744 1582 λαιπωρίαν
2795 1513 2903 1564 τῶν
2949 1513 3218 1581 γηγενῶν,
3257 1513 3462 1578 τέξασα
3511 1516 3604 1567 τὸν
3658 1514 4013 1583 βαστάσαντα

2439 1605 2539 1667 τὰς
2590 1606 2777 1667 νόσους
2824 1603 3106 1675 ἡμῶν,ιδι’
3158 1606 3564 1676 εὐσπλαγχνίαν
3603 1607 3832 1676 ἄφατον,
3881 1606 4016 1660 Θεό-

2438 1714 2636 1769 νυμφε.

2510 1809 2648 1863 Νέον
2677 1808 2876 1880 βρέφος
2903 1806 3224 1879 ἀπεκύησας
3274 1810 3365 1863 τὸν
3392 1812 3627 1880 προόντα
3661 1812 4015 1881 γεγηρακότα

2446 1902 2649 1973 κόσμον
2694 1901 3078 1973 νεουργοῦντα,
3124 1903 3389 1977 Παρθένε,
3436 1903 3609 1969 θείαις
3656 1903 4015 1973 ἐπιγοιώσεσι.

2443 1992 2534 2046 Διό
2563 2010 2620 2045 σε
2644 1992 2961 2064 δοξάζομεν.

2516 2085 2691 2155 Νόμοι
2722 2087 2778 2138 ἐν
2810 2088 2894 2138 σοὶ
2920 2086 3259 2156 παραδόξως,
3307 2088 3575 2160 Παρθένε,
3625 2089 4016 2159 καινοτομοῦν-

2442 2194 2555 2231 ταιο
2585 2178 2788 2243 τίκτεις
2830 2180 2940 2249 γάρ
2971 2180 3225 2250 ἁσπόρως
3270 2179 3404 2232 Θεὸν
3426 2181 3574 2246 ὄντα,
3621 2182 3711 2233 καὶ
3738 2181 4016 2251 διαμένεις

2445 2268 2853 2341 παρθενεύουσα
2886 2270 3070 2337 πάλιν,
3106 2272 3256 2338 ξένον
3294 2270 3501 2343 θαῦμα·
3538 2272 3659 2326 ὃθεν
3690 2274 3921 2343 Μητέρα
3952 2290 4012 2324 σε

2444 2364 2538 2418 τοῦ
2580 2364 2927 2436 Ἐμμανουήλ
2955 2364 3197 2430 εὐσεϐῶς
3232 2366 3697 2437 καταγγέλλομεν.

2516 2536 2628 2606 Τὴν
2667 2533 2941 2604 πώρωσιν,
2994 2533 3157 2602 ἁγνὴ,
3203 2534 3304 2603 τῆς
3348 2534 3527 2604 ψυχῆς
3582 2551 3685 2603 μου
3738 2535 4015 2600 διάλυτον,

2444 2628 2535 2680 καὶ
2574 2626 2716 2678 δίδου
2760 2643 2849 2694 μοι
2894 2624 3232 2694 εὐαισθήτως
3279 2624 3373 2677 τοῦ
3420 2624 3552 2677 Υἱοῦ
3598 2641 3691 2677 σου
3722 2626 4016 2695 προσέχειν

2442 2722 2553 2783 τοῖς
2584 2718 2745 2781 θείοις
2777 2718 3174 2786 ἐπιτάγμασιν.

2512 2811 2610 2862 Διὰ
2647 2809 2761 2871 σοῦ,
2786 2810 3025 2877 παναγία
3046 2809 3348 2881 Θεόνυμφε,
3371 2810 3421 2862 οἱ
3448 2812 3842 2882 νενεκρωμένοι
3868 2811 4012 2880 ζωῆς

2443 2901 2774 2973 ἠξιώθημεν,
2820 2903 2911 2955 καὶ
2958 2905 3025 2974 τῇ
3082 2902 3262 2975 φθορᾷ
3299 2902 3645 2969 δουλεύοντες
3699 2905 4015 2978 ἀφθαρσίαν

2445 2995 2631 3065 σαφῶς
2658 2995 3093 3066 ἐπλουτήσιμεν.

841 3183 1102 3237 Mor-tilica
1136 3182 1318 3236 carnis
1354 3198 1485 3234 mea:
1531 3180 1894 3250 prudentiam,
1923 3196 1956 3237 ο
1995 3182 2181 3255 Virgo,
2215 3200 2332 3255 qum

2510 3182 2802 3253 Νέκρωσον
2824 3182 2923 3250 τῆς
2949 3180 3149 3251 σαρκός
3180 3198 3304 3251 μου,
3339 3182 3603 3248 Παρθένε,
3632 3182 3694 3235 τὸ
3724 3184 4008 3255 φρόνημα,

771 3275 937 3328 vitam
988 3274 1267 3344 peperisti,
1317 3288 1438 3342 quce
1490 3272 1651 3326 morti
1702 3283 1931 3328 mortem
1984 3276 2243 3341 abstulit,
2287 3287 2341 3332 ct

771 3381 970 3437 pueros
1003 3365 1327 3421 admiranda
1358 3364 1683 3419 excitatione
1710 3365 2054 3435 gloriticavit.

839 3549 1010 3605 Natus
1046 3559 1128 3604 est
1161 3564 1225 3602 ex
1260 3557 1330 3613 te,
1366 3563 1398 3602 ο
1431 3547 1639 3614 Puella,
1666 3546 1757 3602 ille
1777 3563 1937 3618 quem
1966 3546 2123 3603 Pater
2152 3550 2339 3620 genuit

767 3652 894 3699 ante
917 3643 1138 3708 saecula,
1170 3642 1259 3711 qui
1295 3642 1345 3695 iu
1382 3641 1593 3695 duabus
1642 3642 1966 3697 substantiis
1992 3657 2057 3696 ac.
2084 3644 2337 3721 volunta-

765 3736 910 3791 tibus
930 3734 1243 3805 agnoscitur
1266 3732 1432 3802 (Deus
1447 3732 1652 3787 scilicet
1677 3742 1732 3786 et
1753 3732 1939 3805 homo)
1965 3732 2032 3787 ab
2053 3734 2331 3797 omnibus,

764 3828 857 3896 qui
890 3842 1011 3881 cum
1050 3826 1151 3881 ﬁde
1179 3826 1455 3880 clamant:
1489 3824 1812 3880 Benedictus
1843 3826 2085 3897 es,fDeus
2118 3834 2332 3896 patrum

764 3932 1095 3975 DOSU'OI‘UIII.

835 4013 1171 4083 Apparuisti,
1229 4027 1262 4065 ο
1309 4010 1403 4065 Dei
1458 4011 1730 4082 genitrix,
1792 4012 2000 4081 angelis
2051 4014 2331 4082 superior;

764 4106 1060 4175 apparuisd
1116 4120 1242 4159 vcrc
1310 4105 1636 4158 athletarum
1685 4104 1880 4168 robur;
1932 4106 2251 4174 apparuisti,
2298 4122 2331 4160 ο

762 4198 1095 4263 castissima,
1148 4198 1297 4250 salus
1328 4212 1518 4250 eorum
1551 4196 1643 4266 qui
1691 4208 1743 4251 te
1796 4196 2136 4251 verissimam
2170 4196 2329 4252 Verbi

762 4290 1080 4359 genitricem
1115 4297 1536 4357 recognoscuut.

836 4379 974 4433 Ecce
1031 4379 1263 4433 lectulus
1306 4377 1636 4442 Salomonis,
1682 4393 1844 4447 quem
1890 4395 2037 4434 nunc
2083 4389 2331 4450 potentes

760 4469 1127 4531 circuunlaut,
1151 4468 1712 4536 Scripturazjscilieet,
1744 4470 2005 4523 divinitus
2034 4470 2329 4539 inspirata,

2443 3275 2475 3344 ἡ
2516 3275 2614 3344 τὴν
2675 3275 2821 3342 ζωὴν
2878 3276 3150 3337 τετοκυῖα,
3208 3273 3306 3345 τὴν
3346 3275 3557 3346 θανάτῳ
3603 3275 3833 3328 θάνσιτον
3880 3277 4015 3329 καθ-

2440 3364 2690 3431 ελοῦσαν,
2728 3364 2978 3430 καὶτοὺς
3024 3365 3220 3429 παῖδας
3261 3366 3550 3438 παραδόξῳ
3593 3367 3811 3439 ἐγέρσει
3854 3368 4015 3436 δοξά-

2441 3475 2632 3513 σασαν.

2522 3548 2747 3619 Ἐτέχθη
2782 3550 2845 3602 ἐκ
2875 3547 2969 3602 σοῦ
3006 3548 3065 3602 δν
3099 3549 3355 3621 ἐγέννησε
3388 3551 3577 3622 Πατὴρ
3606 3553 3713 3622 πρὸ
3738 3552 3853 3605 τῶν
3879 3555 4013 3607 αἰὼ-

2436 3660 2543 3695 νων
2572 3643 2774 3706 διτταῖς
2817 3642 3026 3706 οὐσίαις
3058 3645 3151 3697 καὶ
3180 3644 3486 3714 θελήσεσιν,
3526 3641 3613 3698 οἷα
3648 3647 3783 3707 Θεός
3820 3664 3882 3701 τε
3915 3653 4009 3703 καὶ

2436 3734 2742 3804 ἄνθρωπος,
2770 3734 2946 3804 Κόρη,
2973 3734 3379 3807 γνωριζόμενος
3412 3738 3568 3802 πᾶσι,
3593 3740 3704 3800 τοῖς
3730 3740 3790 3791 ἐν
3825 3743 4010 3795 πίστει

2436 3825 2860 3894 κραυγάζουσιν,
2898 3827 3203 3899 Εὐλογητὸς
3230 3822 3307 3903 εἷ,
3338 3831 3366 3882 ό
3395 3828 3591 3895 Θεὸς,ό
3616 3829 3713 3882 τῶκ
3750 3834 4009 3903 πατέρων

2433 3915 2612 3985 ἡμῶν.
3256 3902 3269 3921 ³

2510 4010 2719 4081 Ὠφθης
2751 4012 3019 4080 ἀγγέλων,
3051 4010 3381 4082 Θεοκυῆτορ,
3412 4013 3778 4086 ὑπερέχουσα,
3811 4018 4005 4089 ὤφθης

2432 4098 2679 4170 ἀθλητῶν
2704 4103 3032 4172 κραταίωμα
3063 4103 3298 4173 άληθῶς,
3330 4103 3537 4175 ὤφθης,
3575 4109 3843 4176 πάναγνε,
3875 4113 3999 4165 διάο

2434 4209 2629 4262 σωσμα
2658 4192 2766 4247 τῶν
2816 4195 3196 4263 γινωσκόντων
3246 4213 3305 4249 σε
3361 4198 3649 4269 παναληθῆ
3692 4199 3787 4253 τοῦ
3822 4204 4002 4271 Λόγου

2430 4284 2766 4356 λοχεύτριαν.

2513 4377 2642 4431 Ἰδοὺ
2684 4380 2716 4449 ὴ
2758 4378 2915 4450 κλίνη
2944 4380 3307 4451 Σολομῶντος,
3355 4382 3422 4455 ἥν
3454 4383 3713 4437 κυκλοῦσι
3754 4385 3999 4452 δυνατοὶ,
4052 4446 4059 4455 ,

2429 4469 2527 4538 τῆς
2560 4469 2913 4525 θεοπνεύστου
2958 4472 3053 4525 νῦν
3101 4474 3321 4544 Γραφῆς
3358 4478 3414 4528 αί
3460 4479 3816 4547 προρρήσεις,
3858 4478 3998 4552 ἐνῇ

762 4560 1185 4632 pmdictiones;
1241 4561 1293 4613 iu
1329 4575 1438 4630 quo
1476 4561 1728 4616 Christus
1767 4561 1909 4617 Deus
1956 4577 2053 4631 per
2084 4563 2323 4617 divinam

2434 4560 2663 4629 Χριστὸς
2686 4563 2715 4614 ό
2738 4562 2869 4626 Θεὸς
2906 4564 3181 4636 σαρκὼςει
3226 4565 3347 4637 θείᾳ
3375 4568 3741 4635 ἀνεπαύσατο,
3775 4574 3809 4641 ἡ
3844 4574 4002 4626 εὐλο-

760 4654 1188 4709 incaruatioucm
1272 4653 1574 4722 requievit,
1628 4653 1888 4708 nimirum
1944 4654 2227 4710 benedicta
2271 4664 2325 4711 et

761 4746 935 4816 gratia
975 4745 1155 4813 plena.

839 4837 1213 4907 IEgmtantem
1236 4834 1474 4891 animam
1497 4850 1671 4891 meam
1696 4837 1905 4892 medica
1931 4853 2091 4892 manu
2114 4853 2266 4904 cura,
2291 4854 2325 4892 ο

758 4928 944 5001 Virgo,
981 4930 1137 4999 201
1163 4937 1216 4984 et
1239 4929 1563 4984 inhaerentes
1583 4928 1713 4983 mihi
1750 4928 2094 4983 all‘ectionum
2136 4931 2323 4985 sordes

757 5026 1008 5093 absterge
1031 5064 1045 5090 ,
1074 5032 1237 5093 atque
1266 5023 1331 5076 ad
1364 5021 1603 5076 tribunal
1633 5022 2025 5091 omnipotentis
2054 5020 2145 5075 Dei
2193 5022 2324 5077 siste

758 5133 843 5172 me
864 5128 1032 5171 totum
1057 5116 1265 5171 salvum
1297 5114 1521 5181 factum,
1544 5124 1605 5170 ut
1631 5126 1843 5170 cantem
1870 5114 2101 5170 :Onmia
2132 5130 2320 5186 opera,

756 5210 976 5264 laudate
997 5206 1319 5261 Dominum.

828 5301 1128 5355 Lucernam
1166 5299 1576 5353 illuminativam
1629 5300 1875 5369 prmvidit
1923 5308 1976 5355 te
2023 5302 2153 5356 olim
2191 5318 2321 5373 pro-

756 5396 935 5461 pheta,
969 5406 1001 5442 o
1027 5390 1189 5459 Virgo
1208 5390 1537 5452 castissima,
1571 5389 1808 5444 divinam
1842 5391 2145 5459 lampadem
2179 5392 2231 5445 iu
2265 5408 2322 5446 se

754 5484 868 5551 ipsa
901 5495 1025 5534 vere
1058 5477 1313 5533 ferentem
1354 5495 1367 5533 :
1400 5478 1575 5533 solum
1604 5479 1809 5533 scilicet
1835 5480 1999 5535 Deum
2027 5482 2322 5551 supersub-

754 5572 1082 5632 stautialem,
1110 5570 1202 5640 qui
1236 5582 1450 5640 propter
1473 5571 1678 5626 viscera
1712 5573 2099 5627 misericordiae
2122 5590 2234 5626 suae
2254 5589 2319 5627 ex

757 5675 807 5718 te
836 5666 995 5718 homo
1030 5665 1205 5718 tactus
1229 5673 1330 5717 est.

822 5756 1016 5811 Gestas
1047 5758 1101 5810 in
1144 5757 1289 5811 ulnis
1318 5772 1464 5824 eum,
1497 5758 1588 5829 qui
1622 5756 1798 5829 palma
1829 5773 1927 5814 sua
1960 5758 2143 5814 divina
2188 5775 2318 5815 con-

755 5850 890 5905 tinet
930 5850 1221 5914 universa;
1259 5866 1422 5921 quem
1474 5852 1790 5921 suppliciter
1829 5868 2013 5907 exora.
2062 5868 2094 5907 ο
2130 5854 2313 5924 Virgo,

832 6002 861 6047 τις

2426 4652 2639 4723 γημένη
2674 4655 2768 4706 καὶ
2806 4657 3250 4727 κεχαριτωμένη.

2492 4836 2792 4902 Νοσοῦσαν,
2825 4839 3091 4911 Παρθένε,
3121 4841 3219 4913 τὴν
3246 4843 3383 4914 ἐμὴν
3415 4843 3593 4915 ψυχὴν
3628 4844 3996 4917 θεράπευσον,

2422 4933 2515 4985 καὶ
2542 4932 2632 4985 τὸν
2664 4933 2849 4987 ἐνόντα
2881 4950 2971 5003 μοι
3014 4935 3202 4989 παθῶν
3243 4937 3549 4992 ἀπόπλυνον
3579 4939 3862 5013 βόρὸορον,
3900 4952 3995 4999 καὶ

2421 5024 2499 5095 τῷ
2530 5025 2733 5096 βήματι
2760 5027 3113 5098 παράστησον
3132 5029 3226 5083 τοῦ
3253 5032 3689 5103 παντοκράτορος
3710 5036 3846 5091 Θεοῦ
3872 5041 3997 5093 ὅλον

2423 5118 2752 5188 σωζόμενον,
2792 5119 2877 5171 ἵνα
2912 5120 3119 5189 μέλπω·
3147 5122 3330 5177 Πάντα
3349 5123 3418 5177 τὰ
3440 5124 3598 5196 ἔργα,
3636 5128 3859 5197 ὑμνεῖτε
3892 5134 3985 5186 τὸν

2421 5208 2642 5278 Κύριον.

2489 5299 2828 5371 Φωτιστικήν
2870 5317 2926 5353 σε
2976 5300 3197 5371 λυχνίαν
3243 5303 3270 5355 ό
3312 5304 3597 5375 προφήτης
3648 5307 3990 5377 προὸλέπει,

2421 5386 2727 5458 λαμπάδιον
2764 5392 2825 5443 τὸ
2866 5391 3009 5443 θεῖον
3056 5392 3272 5461 ἀληθῶς
3297 5394 3355 5446 έν
3395 5395 3561 5464 ἑαυτῇ
3597 5398 3988 5468 ἐπιφέρουσαν,

2423 5480 2666 5546 παναγία
2702 5481 2969 5551 ΙΙαρθένε,
2998 5482 3091 5534 τὸν
3142 5483 3302 5551 μόνον
3342 5483 3666 5551 ὑπερούσιον
3717 5488 3851 5542 Θεὸν
3898 5492 3989 5544 διέι

2422 5572 2707 5644 σπλάγχνα
2747 5574 2930 5638 ἐλέους
2958 5575 3022 5628 ἐκ
3054 5574 3148 5628 σού
3181 5575 3699 5649 ἐνανθρωπησαντα.

2489 5761 2677 5831 Φέρεις
2721 5760 2779 5814 ἐν
2839 5761 3111 5831 ἀγκάλαις
3150 5764 3242 5817 τὸν
3287 5764 3467 5821 πάντα
3516 5766 3637 5839 θείᾳ
3682 5769 3987 5841 κατέχοντα

2424 5854 2670 5923 talium.
2706 5856 2876 5925 ὅνπερ
2917 5855 3240 5923 ἐκδυσὼπει,
3271 5858 3537 5930 Παρθένε,
3567 5861 3667 5932 ἐμὲ
3696 5862 3789 5917 τὸν
3821 5864 3986 5935 μόνον
