  <div class='ocr_page' id='page_1' title='image "/cluster/home/n/w/nwhite01/storage/ocr_20150623/105/nnc1.0046980105/618.png"; bbox 0 0 4166 6458; ppageno 0'>
   <div class='ocr_carea' id='block_1_1' title="bbox 189 380 317 444">
    <p class='ocr_par' dir='ltr' id='par_1_1' title="bbox 189 380 317 444">
     <span class='ocr_line' id='line_1_1' title="bbox 189 380 317 444; baseline 0.016 -2"><span class='ocrx_word' id='word_1_1' title='bbox 189 380 317 444; x_wconf 68' lang='grc'><strong>1221</strong></span> 
     </span>
    </p>
   </div>
   <div class='ocr_carea' id='block_1_2' title="bbox 1589 394 1945 456">
    <p class='ocr_par' dir='ltr' id='par_1_2' title="bbox 1589 394 1945 456">
     <span class='ocr_line' id='line_1_2' title="bbox 1589 394 1945 456; baseline 0.006 -3"><span class='ocrx_word' id='word_1_2' title='bbox 1589 394 1945 456; x_wconf 72' lang='lat' dir='ltr'><strong>MARIALE.</strong></span> 
     </span>
    </p>
   </div>
   <div class='ocr_carea' id='block_1_3' title="bbox 3272 407 3409 473">
    <p class='ocr_par' dir='ltr' id='par_1_3' title="bbox 3272 407 3409 473">
     <span class='ocr_line' id='line_1_3' title="bbox 3272 407 3409 473; baseline 0 0"><span class='ocrx_word' id='word_1_3' title='bbox 3272 407 3409 473; x_wconf 72' lang='lat'><strong>1222</strong></span> 
     </span>
    </p>
   </div>
   <div class='ocr_carea' id='block_1_4' title="bbox 183 496 1750 584">
    <p class='ocr_par' dir='ltr' id='par_1_4' title="bbox 183 496 1745 573">
     <span class='ocr_line' id='line_1_4' title="bbox 183 496 1745 573; baseline 0.008 -28"><span class='ocrx_word' id='word_1_4' title='bbox 183 496 309 546; x_wconf 67' lang='grc' dir='ltr'>ὅντα</span> <span class='ocrx_word' id='word_1_5' title='bbox 342 496 671 566; x_wconf 77' lang='grc' dir='ltr'>κατάκριτον</span> <span class='ocrx_word' id='word_1_6' title='bbox 704 498 771 551; x_wconf 87' lang='grc' dir='ltr'><strong>δι’</strong></span> <span class='ocrx_word' id='word_1_7' title='bbox 799 499 1199 572; x_wconf 76' lang='grc' dir='ltr'>εὐσπλαγχνίαν</span> <span class='ocrx_word' id='word_1_8' title='bbox 1225 502 1431 573; x_wconf 67' lang='grc' dir='ltr'>ἀςρατον</span> <span class='ocrx_word' id='word_1_9' title='bbox 1458 504 1745 573; x_wconf 73' lang='grc' dir='ltr'>ἐναγκαλί-</span> 
     </span>
    </p>
   </div>
   <div class='ocr_carea' id='block_1_5' title="bbox 1849 496 3409 584">
    <p class='ocr_par' dir='ltr' id='par_1_5' title="bbox 1854 507 3409 584">
     <span class='ocr_line' id='line_1_5' title="bbox 1854 507 3409 584; baseline 0.011 -24"><span class='ocrx_word' id='word_1_10' title='bbox 1854 515 1911 560; x_wconf 89' lang='lat' dir='ltr'><strong>ut</strong></span> <span class='ocrx_word' id='word_1_11' title='bbox 1936 523 2040 574; x_wconf 86' lang='lat' dir='ltr'><strong>me,</strong></span> <span class='ocrx_word' id='word_1_12' title='bbox 2074 507 2165 578; x_wconf 91' lang='lat' dir='ltr'><strong>qui</strong></span> <span class='ocrx_word' id='word_1_13' title='bbox 2192 508 2349 563; x_wconf 99' lang='lat' dir='ltr'><strong>unice</strong></span> <span class='ocrx_word' id='word_1_14' title='bbox 2384 508 2673 568; x_wconf 88' lang='lat' dir='ltr'><strong>damnatus</strong></span> <span class='ocrx_word' id='word_1_15' title='bbox 2698 528 2844 579; x_wconf 90' lang='lat' dir='ltr'><strong>sum,</strong></span> <span class='ocrx_word' id='word_1_16' title='bbox 2902 524 3119 584; x_wconf 81' lang='lat' dir='ltr'><strong>prepter</strong></span> <span class='ocrx_word' id='word_1_17' title='bbox 3163 519 3409 577; x_wconf 73' lang='lat' dir='ltr'><strong>ineﬂ‘abi-</strong></span> 
     </span>
    </p>
   </div>
   <div class='ocr_carea' id='block_1_6' title="bbox 184 587 850 663">
    <p class='ocr_par' dir='ltr' id='par_1_6' title="bbox 184 587 850 663">
     <span class='ocr_line' id='line_1_6' title="bbox 184 587 850 663; baseline 0.015 -25"><span class='ocrx_word' id='word_1_18' title='bbox 184 587 406 654; x_wconf 87' lang='grc' dir='ltr'>σασθαι,</span> <span class='ocrx_word' id='word_1_19' title='bbox 444 590 537 643; x_wconf 78' lang='grc' dir='ltr'>καὶ</span> <span class='ocrx_word' id='word_1_20' title='bbox 564 590 734 645; x_wconf 86' lang='grc' dir='ltr'>σῶσαί</span> 
     </span>
    </p>
   </div>
   <div class='ocr_carea' id='block_1_7' title="bbox 190 816 1749 900">
    <p class='ocr_par' dir='ltr' id='par_1_7' title="bbox 190 816 1749 900">
     <span class='ocr_line' id='line_1_7' title="bbox 190 816 1749 900; baseline 0.01 -32"><span class='ocrx_word' id='word_1_21' title='bbox 190 816 288 870; x_wconf 82' lang='grc' dir='ltr'>Ἐκ</span> <span class='ocrx_word' id='word_1_22' title='bbox 318 817 426 873; x_wconf 85' lang='grc' dir='ltr'><strong>τοῦ</strong></span> <span class='ocrx_word' id='word_1_23' title='bbox 457 821 724 900; x_wconf 76' lang='grc' dir='ltr'>Κανρνος</span> <span class='ocrx_word' id='word_1_24' title='bbox 749 821 1005 900; x_wconf 40' lang='grc' dir='ltr'>εις-τοὺς</span> <span class='ocrx_word' id='word_1_25' title='bbox 1032 825 1239 900; x_wconf 77' lang='grc' dir='ltr'>ἁγίους</span> <span class='ocrx_word' id='word_1_26' title='bbox 1259 826 1564 897; x_wconf 64' lang='grc' dir='ltr'>μάρτιιοας</span> <span class='ocrx_word' id='word_1_27' title='bbox 1594 833 1749 900; x_wconf 83' lang='lat' dir='ltr'><strong>Map-</strong></span> 
     </span>
    </p>
   </div>
   <div class='ocr_carea' id='block_1_8' title="bbox 430 893 1502 967">
    <p class='ocr_par' dir='ltr' id='par_1_8' title="bbox 430 893 1502 967">
     <span class='ocr_line' id='line_1_8' title="bbox 430 893 1502 967; baseline 0.011 -25"><span class='ocrx_word' id='word_1_28' title='bbox 430 893 637 945; x_wconf 77' lang='grc' dir='ltr'>κιανόν</span> <span class='ocrx_word' id='word_1_29' title='bbox 667 894 764 947; x_wconf 73' lang='grc' dir='ltr'>καὶ</span> <span class='ocrx_word' id='word_1_30' title='bbox 800 893 1159 964; x_wconf 75' lang='grc' dir='ltr'>Μαρτύριὸν,</span> <span class='ocrx_word' id='word_1_31' title='bbox 1191 893 1376 967; x_wconf 62' lang='grc' dir='ltr'><strong>ήιὶέρᾲ</strong></span> <span class='ocrx_word' id='word_1_32' title='bbox 1406 893 1502 954; x_wconf 73' lang='grc' dir='ltr'><strong>κέι.</strong></span> 
     </span>
    </p>
   </div>
   <div class='ocr_carea' id='block_1_9' title="bbox 249 1018 1749 1101">
    <p class='ocr_par' dir='ltr' id='par_1_9' title="bbox 249 1018 1749 1101">
     <span class='ocr_line' id='line_1_9' title="bbox 249 1018 1749 1101; baseline 0.01 -31"><span class='ocrx_word' id='word_1_33' title='bbox 249 1018 357 1070; x_wconf 80' lang='grc' dir='ltr'>Τὸν</span> <span class='ocrx_word' id='word_1_34' title='bbox 389 1018 625 1090; x_wconf 77' lang='grc' dir='ltr'><strong>ἄναρχον</strong></span> <span class='ocrx_word' id='word_1_35' title='bbox 683 1022 810 1075; x_wconf 76' lang='grc' dir='ltr'>Υίδν</span> <span class='ocrx_word' id='word_1_36' title='bbox 852 1023 947 1077; x_wconf 89' lang='grc' dir='ltr'><strong>τοῦ</strong></span> <span class='ocrx_word' id='word_1_37' title='bbox 977 1024 1113 1078; x_wconf 88' lang='grc' dir='ltr'>Θεοῦ</span> <span class='ocrx_word' id='word_1_38' title='bbox 1147 1027 1485 1082; x_wconf 77' lang='grc' dir='ltr'>συλλαϐοῦσα</span> <span class='ocrx_word' id='word_1_39' title='bbox 1532 1024 1749 1101; x_wconf 78' lang='grc' dir='ltr'>ἐσωμά-</span> 
     </span>
    </p>
   </div>
   <div class='ocr_carea' id='block_1_10' title="bbox 176 1110 1745 1189">
    <p class='ocr_par' dir='ltr' id='par_1_10' title="bbox 176 1110 1745 1189">
     <span class='ocr_line' id='line_1_10' title="bbox 176 1110 1745 1189; baseline 0.008 -30"><span class='ocrx_word' id='word_1_40' title='bbox 176 1124 383 1173; x_wconf 86' lang='grc' dir='ltr'>τωσας,</span> <span class='ocrx_word' id='word_1_41' title='bbox 436 1110 598 1181; x_wconf 82' lang='grc' dir='ltr'>ἀγνὴ,</span> <span class='ocrx_word' id='word_1_42' title='bbox 641 1113 933 1184; x_wconf 76' lang='grc' dir='ltr'>γενόμενον</span> <span class='ocrx_word' id='word_1_43' title='bbox 978 1116 1165 1186; x_wconf 80' lang='grc' dir='ltr'>βροτὸν</span> <span class='ocrx_word' id='word_1_44' title='bbox 1196 1118 1284 1172; x_wconf 71' lang='grc' dir='ltr'><strong>διὰ</strong></span> <span class='ocrx_word' id='word_1_45' title='bbox 1318 1118 1468 1182; x_wconf 84' lang='grc' dir='ltr'>ἔλεος</span> <span class='ocrx_word' id='word_1_46' title='bbox 1518 1121 1745 1189; x_wconf 76' lang='grc' dir='ltr'>ἄφατον,</span> 
     </span>
    </p>
   </div>
   <div class='ocr_carea' id='block_1_11' title="bbox 178 1196 1807 1283">
    <p class='ocr_par' dir='ltr' id='par_1_11' title="bbox 178 1196 1807 1283">
     <span class='ocr_line' id='line_1_11' title="bbox 178 1196 1807 1283; baseline 0.01 -33"><span class='ocrx_word' id='word_1_47' title='bbox 178 1200 303 1253; x_wconf 85' lang='grc' dir='ltr'>ὅθεν</span> <span class='ocrx_word' id='word_1_48' title='bbox 353 1200 541 1254; x_wconf 86' lang='grc' dir='ltr'>τοῦτον</span> <span class='ocrx_word' id='word_1_49' title='bbox 572 1206 1006 1274; x_wconf 80' lang='grc' dir='ltr'><strong>προσκυνοῦντες</strong></span> <span class='ocrx_word' id='word_1_50' title='bbox 1050 1209 1290 1275; x_wconf 75' lang='grc' dir='ltr'>εὐσεϐῶς</span> <span class='ocrx_word' id='word_1_51' title='bbox 1331 1228 1391 1264; x_wconf 89' lang='grc' dir='ltr'><strong>σε</strong></span> <span class='ocrx_word' id='word_1_52' title='bbox 1430 1212 1747 1283; x_wconf 75' lang='grc' dir='ltr'>δοξάζομεν,</span> <span class='ocrx_word' id='word_1_53' title='bbox 1798 1196 1807 1206; x_wconf 62' lang='grc'><em>’</em></span> 
     </span>
    </p>
   </div>
   <div class='ocr_carea' id='block_1_12' title="bbox 176 1292 1153 1366">
    <p class='ocr_par' dir='ltr' id='par_1_12' title="bbox 176 1292 1153 1366">
     <span class='ocr_line' id='line_1_12' title="bbox 176 1292 1153 1366; baseline 0.012 -23"><span class='ocrx_word' id='word_1_54' title='bbox 176 1293 277 1363; x_wconf 74' lang='grc' dir='ltr'>τὴν</span> <span class='ocrx_word' id='word_1_55' title='bbox 306 1292 489 1348; x_wconf 78' lang='grc' dir='ltr'><strong>αἰτίαν</strong></span> <span class='ocrx_word' id='word_1_56' title='bbox 519 1295 615 1366; x_wconf 80' lang='grc' dir='ltr'><strong>τῆς</strong></span> <span class='ocrx_word' id='word_1_57' title='bbox 638 1297 854 1351; x_wconf 82' lang='grc' dir='ltr'>πάντων</span> <span class='ocrx_word' id='word_1_58' title='bbox 886 1297 1153 1365; x_wconf 84' lang='grc' dir='ltr'>θεώσεως.</span> 
     </span>
    </p>
   </div>
   <div class='ocr_carea' id='block_1_13' title="bbox 253 1480 1748 1564">
    <p class='ocr_par' dir='ltr' id='par_1_13' title="bbox 253 1480 1748 1564">
     <span class='ocr_line' id='line_1_13' title="bbox 253 1480 1748 1564; baseline 0.01 -31"><span class='ocrx_word' id='word_1_59' title='bbox 253 1480 659 1553; x_wconf 77' lang='grc' dir='ltr'>Πεποικιλμὲνη</span> <span class='ocrx_word' id='word_1_60' title='bbox 695 1488 1024 1554; x_wconf 55' lang='grc' dir='ltr'>κμσσωτοίς</span> <span class='ocrx_word' id='word_1_61' title='bbox 1069 1488 1128 1539; x_wconf 79' lang='grc' dir='ltr'>ὲν</span> <span class='ocrx_word' id='word_1_62' title='bbox 1177 1491 1435 1559; x_wconf 70' lang='grc' dir='ltr'>χρυσοῖς,ξ</span> <span class='ocrx_word' id='word_1_63' title='bbox 1463 1492 1540 1556; x_wconf 83' lang='grc' dir='ltr'>ὡς</span> <span class='ocrx_word' id='word_1_64' title='bbox 1593 1493 1748 1564; x_wconf 85' lang='grc' dir='ltr'>βασί-</span> 
     </span>
    </p>
   </div>
   <div class='ocr_carea' id='block_1_14' title="bbox 178 1569 1749 1657">
    <p class='ocr_par' dir='ltr' id='par_1_14' title="bbox 178 1569 1749 1657">
     <span class='ocr_line' id='line_1_14' title="bbox 178 1569 1749 1657; baseline 0.01 -34"><span class='ocrx_word' id='word_1_65' title='bbox 178 1569 363 1637; x_wconf 83' lang='grc' dir='ltr'>λισσα,</span> <span class='ocrx_word' id='word_1_66' title='bbox 395 1572 491 1625; x_wconf 89' lang='grc' dir='ltr'><strong>τοῦ</strong></span> <span class='ocrx_word' id='word_1_67' title='bbox 521 1575 798 1629; x_wconf 85' lang='grc' dir='ltr'>Δεσπότου</span> <span class='ocrx_word' id='word_1_68' title='bbox 849 1580 941 1631; x_wconf 71' lang='grc' dir='ltr'><strong>καὶ</strong></span> <span class='ocrx_word' id='word_1_69' title='bbox 974 1578 1110 1633; x_wconf 86' lang='grc' dir='ltr'>Θεοῦ</span> <span class='ocrx_word' id='word_1_70' title='bbox 1156 1581 1219 1633; x_wconf 80' lang='grc' dir='ltr'>ὲκ</span> <span class='ocrx_word' id='word_1_71' title='bbox 1248 1582 1436 1646; x_wconf 77' lang='grc' dir='ltr'>δεξιῶν</span> <span class='ocrx_word' id='word_1_72' title='bbox 1471 1584 1565 1637; x_wconf 90' lang='grc' dir='ltr'><strong>νῦν</strong></span> <span class='ocrx_word' id='word_1_73' title='bbox 1596 1586 1749 1657; x_wconf 82' lang='grc' dir='ltr'>περί-</span> 
     </span>
    </p>
   </div>
   <div class='ocr_carea' id='block_1_15' title="bbox 180 1665 1748 1746">
    <p class='ocr_par' dir='ltr' id='par_1_15' title="bbox 180 1665 1748 1746">
     <span class='ocr_line' id='line_1_15' title="bbox 180 1665 1748 1746; baseline 0.01 -30"><span class='ocrx_word' id='word_1_74' title='bbox 180 1681 398 1730; x_wconf 84' lang='grc' dir='ltr'>στασαι,</span> <span class='ocrx_word' id='word_1_75' title='bbox 452 1665 736 1734; x_wconf 87' lang='grc' dir='ltr'>Δέσποινα,</span> <span class='ocrx_word' id='word_1_76' title='bbox 769 1669 1143 1740; x_wconf 76' lang='grc' dir='ltr'>πρεσϐεύουσα</span> <span class='ocrx_word' id='word_1_77' title='bbox 1184 1672 1327 1746; x_wconf 85' lang='grc' dir='ltr'>ὑπὲρ</span> <span class='ocrx_word' id='word_1_78' title='bbox 1381 1677 1491 1730; x_wconf 85' lang='grc' dir='ltr'><strong>τῶν</strong></span> <span class='ocrx_word' id='word_1_79' title='bbox 1548 1676 1748 1731; x_wconf 89' lang='grc' dir='ltr'>δούλων</span> 
     </span>
    </p>
   </div>
   <div class='ocr_carea' id='block_1_16' title="bbox 178 1773 297 1808">
    <p class='ocr_par' dir='ltr' id='par_1_16' title="bbox 178 1773 297 1808">
     <span class='ocr_line' id='line_1_16' title="bbox 178 1773 297 1808; baseline 0 0"><span class='ocrx_word' id='word_1_80' title='bbox 178 1773 297 1808; x_wconf 78' lang='grc' dir='ltr'>σου.</span> 
     </span>
    </p>
   </div>
   <div class='ocr_carea' id='block_1_17' title="bbox 1850 595 3401 674">
    <p class='ocr_par' dir='ltr' id='par_1_17' title="bbox 1850 595 3401 674">
     <span class='ocr_line' id='line_1_17' title="bbox 1850 595 3401 674; baseline 0.012 -25"><span class='ocrx_word' id='word_1_81' title='bbox 1850 595 1953 649; x_wconf 87' lang='lat' dir='ltr'><strong>lem</strong></span> <span class='ocrx_word' id='word_1_82' title='bbox 2004 597 2256 666; x_wconf 86' lang='lat' dir='ltr'><strong>pietatem</strong></span> <span class='ocrx_word' id='word_1_83' title='bbox 2312 613 2470 653; x_wconf 86' lang='lat' dir='ltr'><strong>suam</strong></span> <span class='ocrx_word' id='word_1_84' title='bbox 2523 600 2665 658; x_wconf 83' lang='lat' dir='ltr'><strong>ulnis</strong></span> <span class='ocrx_word' id='word_1_85' title='bbox 2698 602 2952 674; x_wconf 74' lang='lat' dir='ltr'><strong>excipiat,</strong></span> <span class='ocrx_word' id='word_1_86' title='bbox 2984 613 3039 659; x_wconf 90' lang='lat' dir='ltr'><strong>et</strong></span> <span class='ocrx_word' id='word_1_87' title='bbox 3081 606 3285 664; x_wconf 87' lang='lat' dir='ltr'><strong>salvum</strong></span> <span class='ocrx_word' id='word_1_88' title='bbox 3319 610 3401 666; x_wconf 79' lang='lat' dir='ltr'><strong>fa-</strong></span> 
     </span>
    </p>
   </div>
   <div class='ocr_carea' id='block_1_18' title="bbox 1848 686 1977 740">
    <p class='ocr_par' dir='ltr' id='par_1_18' title="bbox 1848 686 1977 740">
     <span class='ocr_line' id='line_1_18' title="bbox 1848 686 1977 740; baseline 0 -1"><span class='ocrx_word' id='word_1_89' title='bbox 1848 686 1977 740; x_wconf 87' lang='lat' dir='ltr'><strong>ciat.</strong></span> 
     </span>
    </p>
   </div>
   <div class='ocr_carea' id='block_1_19' title="bbox 1850 814 3409 947">
    <p class='ocr_par' dir='ltr' id='par_1_19' title="bbox 1850 814 3409 947">
     <span class='ocr_line' id='line_1_19' title="bbox 1850 814 3409 947; baseline 0.009 -78"><span class='ocrx_word' id='word_1_90' title='bbox 1850 814 1934 870; x_wconf 75' lang='lat' dir='ltr'><strong>Ea:</strong></span> <span class='ocrx_word' id='word_1_91' title='bbox 1964 817 2179 873; x_wconf 80' lang='lat' dir='ltr'><strong>Conone</strong></span> <span class='ocrx_word' id='word_1_92' title='bbox 2222 819 2272 873; x_wconf 81' lang='lat' dir='ltr'><strong>in</strong></span> <span class='ocrx_word' id='word_1_93' title='bbox 2302 819 2435 889; x_wconf 78' lang='lat' dir='ltr'><strong>[esto</strong></span> <span class='ocrx_word' id='word_1_94' title='bbox 2465 819 2525 877; x_wconf 85' lang='lat' dir='ltr'><strong>S.</strong></span> <span class='ocrx_word' id='word_1_95' title='bbox 2556 820 2821 947; x_wconf 49' lang='lat' dir='ltr'><strong>Mgrciazgi</strong></span> <span class='ocrx_word' id='word_1_96' title='bbox 2850 836 2896 879; x_wconf 86' lang='lat' dir='ltr'><strong>et</strong></span> <span class='ocrx_word' id='word_1_97' title='bbox 2929 826 3178 899; x_wconf 73' lang='lat' dir='ltr'><strong>Martyrii</strong></span> <span class='ocrx_word' id='word_1_98' title='bbox 3206 839 3409 902; x_wconf 76' lang='lat' dir='ltr'><strong>marty-</strong></span> 
     </span>
     <span class='ocr_line' id='line_1_20' title="bbox 2435 909 2812 947; baseline 0.005 -2"><span class='ocrx_word' id='word_1_99' title='bbox 2435 909 2574 947; x_wconf 85' lang='lat' dir='ltr'><strong>rum.</strong></span> <span class='ocrx_word' id='word_1_100' title='bbox 2644 909 2691 947; x_wconf 73' lang='grc' dir='ltr'>τε</span> <span class='ocrx_word' id='word_1_101' title='bbox 2798 933 2812 947; x_wconf 94' lang='grc'><strong>.</strong></span> 
     </span>
    </p>
   </div>
   <div class='ocr_carea' id='block_1_20' title="bbox 2435 909 2812 956">
    <p class='ocr_par' dir='ltr' id='par_1_20' title="bbox 2435 909 2812 956">
     <span class='ocr_line' id='line_1_21' title="bbox 2435 909 2812 956; baseline 0.008 -11"><span class='ocrx_word' id='word_1_102' title='bbox 2435 909 2574 956; x_wconf 86' lang='lat' dir='ltr'><strong>rum,</strong></span> <span class='ocrx_word' id='word_1_103' title='bbox 2605 909 2691 948; x_wconf 78' lang='lat' dir='ltr'><strong>are</strong></span> <span class='ocrx_word' id='word_1_104' title='bbox 2721 909 2812 948; x_wconf 71' lang='lat'><strong>20.</strong></span> 
     </span>
    </p>
   </div>
   <div class='ocr_carea' id='block_1_21' title="bbox 1917 1019 3410 1103">
    <p class='ocr_par' dir='ltr' id='par_1_21' title="bbox 1917 1019 3410 1103">
     <span class='ocr_line' id='line_1_22' title="bbox 1917 1019 3410 1103; baseline 0.007 -28"><span class='ocrx_word' id='word_1_105' title='bbox 1917 1019 2113 1075; x_wconf 87' lang='lat' dir='ltr'><strong>Filium</strong></span> <span class='ocrx_word' id='word_1_106' title='bbox 2141 1020 2231 1075; x_wconf 83' lang='lat' dir='ltr'><strong>Dei</strong></span> <span class='ocrx_word' id='word_1_107' title='bbox 2272 1031 2534 1077; x_wconf 66' lang='lat' dir='ltr'><strong>atternum</strong></span> <span class='ocrx_word' id='word_1_108' title='bbox 2560 1026 2894 1096; x_wconf 87' lang='lat' dir='ltr'><strong>concipiens,</strong></span> <span class='ocrx_word' id='word_1_109' title='bbox 2933 1043 2965 1081; x_wconf 91' lang='grc' dir='ltr'>ο</span> <span class='ocrx_word' id='word_1_110' title='bbox 2999 1039 3170 1098; x_wconf 87' lang='lat' dir='ltr'><strong>casta,</strong></span> <span class='ocrx_word' id='word_1_111' title='bbox 3212 1047 3410 1103; x_wconf 60' lang='lat' dir='ltr'><strong>corpm</strong></span> 
     </span>
    </p>
   </div>
   <div class='ocr_carea' id='block_1_22' title="bbox 1848 1114 3411 1188">
    <p class='ocr_par' dir='ltr' id='par_1_22' title="bbox 1848 1114 3411 1188">
     <span class='ocr_line' id='line_1_23' title="bbox 1848 1114 3411 1188; baseline 0.009 -21"><span class='ocrx_word' id='word_1_112' title='bbox 1848 1115 1979 1167; x_wconf 88' lang='lat' dir='ltr'><strong>rasti</strong></span> <span class='ocrx_word' id='word_1_113' title='bbox 2015 1114 2287 1168; x_wconf 77' lang='lat' dir='ltr'><strong>hominem</strong></span> <span class='ocrx_word' id='word_1_114' title='bbox 2332 1115 2533 1169; x_wconf 69' lang='lat' dir='ltr'><strong>fattum</strong></span> <span class='ocrx_word' id='word_1_115' title='bbox 2571 1131 2788 1188; x_wconf 77' lang='lat' dir='ltr'><strong>propter</strong></span> <span class='ocrx_word' id='word_1_116' title='bbox 2822 1120 3143 1177; x_wconf 82' lang='lat' dir='ltr'><strong>incﬂabilem</strong></span> <span class='ocrx_word' id='word_1_117' title='bbox 3192 1127 3411 1181; x_wconf 86' lang='lat' dir='ltr'><strong>miseri-</strong></span> 
     </span>
    </p>
   </div>
   <div class='ocr_carea' id='block_1_23' title="bbox 1848 1206 3412 1279">
    <p class='ocr_par' dir='ltr' id='par_1_23' title="bbox 1848 1206 3412 1279">
     <span class='ocr_line' id='line_1_24' title="bbox 1848 1206 3412 1279; baseline 0.01 -19"><span class='ocrx_word' id='word_1_118' title='bbox 1848 1206 2089 1260; x_wconf 78' lang='lat' dir='ltr'><strong>Cordiam</strong></span> <span class='ocrx_word' id='word_1_119' title='bbox 2150 1222 2327 1265; x_wconf 86' lang='lat' dir='ltr'><strong>suam.</strong></span> <span class='ocrx_word' id='word_1_120' title='bbox 2380 1206 2535 1263; x_wconf 83' lang='lat' dir='ltr'><strong>Unde</strong></span> <span class='ocrx_word' id='word_1_121' title='bbox 2586 1210 2733 1264; x_wconf 92' lang='lat' dir='ltr'><strong>illum</strong></span> <span class='ocrx_word' id='word_1_122' title='bbox 2770 1213 3077 1279; x_wconf 84' lang='lat' dir='ltr'><strong>adorantes,</strong></span> <span class='ocrx_word' id='word_1_123' title='bbox 3129 1225 3180 1270; x_wconf 78' lang='lat' dir='ltr'><strong>te</strong></span> <span class='ocrx_word' id='word_1_124' title='bbox 3223 1219 3412 1275; x_wconf 76' lang='lat' dir='ltr'><strong>devote</strong></span> 
     </span>
    </p>
   </div>
   <div class='ocr_carea' id='block_1_24' title="bbox 1847 1296 3413 1368">
    <p class='ocr_par' dir='ltr' id='par_1_24' title="bbox 1847 1296 3413 1368">
     <span class='ocr_line' id='line_1_25' title="bbox 1847 1296 3413 1368; baseline 0.009 -21"><span class='ocrx_word' id='word_1_125' title='bbox 1847 1296 2235 1365; x_wconf 73' lang='lat' dir='ltr'><strong>gloriﬁcamus,</strong></span> <span class='ocrx_word' id='word_1_126' title='bbox 2286 1313 2408 1368; x_wconf 62' lang='lat' dir='ltr'><strong>quae</strong></span> <span class='ocrx_word' id='word_1_127' title='bbox 2458 1314 2624 1354; x_wconf 83' lang='lat' dir='ltr'><strong>causa</strong></span> <span class='ocrx_word' id='word_1_128' title='bbox 2690 1299 2841 1357; x_wconf 81' lang='lat' dir='ltr'><strong>fuisti</strong></span> <span class='ocrx_word' id='word_1_129' title='bbox 2890 1303 3251 1362; x_wconf 81' lang='lat' dir='ltr'><strong>deiﬁcationis</strong></span> <span class='ocrx_word' id='word_1_130' title='bbox 3294 1323 3413 1363; x_wconf 59' lang='lat' dir='ltr'><strong>om-</strong></span> 
     </span>
    </p>
   </div>
   <div class='ocr_carea' id='block_1_25' title="bbox 1848 1388 2019 1443">
    <p class='ocr_par' dir='ltr' id='par_1_25' title="bbox 1848 1388 2019 1443">
     <span class='ocr_line' id='line_1_26' title="bbox 1848 1388 2019 1443; baseline 0.012 -2"><span class='ocrx_word' id='word_1_131' title='bbox 1848 1388 2019 1443; x_wconf 87' lang='lat' dir='ltr'><strong>nium.</strong></span> 
     </span>
    </p>
   </div>
   <div class='ocr_carea' id='block_1_26' title="bbox 1917 1480 3414 1555">
    <p class='ocr_par' dir='ltr' id='par_1_26' title="bbox 1917 1480 3414 1555">
     <span class='ocr_line' id='line_1_27' title="bbox 1917 1480 3414 1555; baseline 0.005 -20"><span class='ocrx_word' id='word_1_132' title='bbox 1917 1480 2259 1536; x_wconf 83' lang='lat' dir='ltr'><strong>Circumdata</strong></span> <span class='ocrx_word' id='word_1_133' title='bbox 2287 1481 2641 1540; x_wconf 89' lang='lat' dir='ltr'><strong>varietatibus</strong></span> <span class='ocrx_word' id='word_1_134' title='bbox 2671 1484 2725 1539; x_wconf 91' lang='lat' dir='ltr'><strong>in</strong></span> <span class='ocrx_word' id='word_1_135' title='bbox 2779 1483 3009 1543; x_wconf 79' lang='lat' dir='ltr'><strong>fimbriis</strong></span> <span class='ocrx_word' id='word_1_136' title='bbox 3055 1490 3257 1555; x_wconf 84' lang='lat' dir='ltr'><strong>aureis,</strong></span> <span class='ocrx_word' id='word_1_137' title='bbox 3293 1499 3414 1543; x_wconf 79' lang='lat' dir='ltr'><strong>tan-</strong></span> 
     </span>
    </p>
   </div>
   <div class='ocr_carea' id='block_1_27' title="bbox 1848 1573 3413 1645">
    <p class='ocr_par' dir='ltr' id='par_1_27' title="bbox 1848 1573 3413 1645">
     <span class='ocr_line' id='line_1_28' title="bbox 1848 1573 3413 1645; baseline 0.008 -19"><span class='ocrx_word' id='word_1_138' title='bbox 1848 1587 2010 1642; x_wconf 78' lang='lat' dir='ltr'><strong>quam</strong></span> <span class='ocrx_word' id='word_1_139' title='bbox 2042 1573 2246 1644; x_wconf 76' lang='lat' dir='ltr'><strong>Regina</strong></span> <span class='ocrx_word' id='word_1_140' title='bbox 2282 1592 2347 1630; x_wconf 89' lang='lat' dir='ltr'><strong>ac</strong></span> <span class='ocrx_word' id='word_1_141' title='bbox 2382 1577 2632 1645; x_wconf 84' lang='lat' dir='ltr'><strong>Domina,</strong></span> <span class='ocrx_word' id='word_1_142' title='bbox 2668 1596 2699 1634; x_wconf 89' lang='lat' dir='ltr'><strong>a</strong></span> <span class='ocrx_word' id='word_1_143' title='bbox 2739 1580 2948 1636; x_wconf 77' lang='lat' dir='ltr'><strong>dextris</strong></span> <span class='ocrx_word' id='word_1_144' title='bbox 2980 1580 3071 1637; x_wconf 93' lang='lat' dir='ltr'><strong>Dci</strong></span> <span class='ocrx_word' id='word_1_145' title='bbox 3100 1597 3163 1637; x_wconf 86' lang='lat' dir='ltr'><strong>ac</strong></span> <span class='ocrx_word' id='word_1_146' title='bbox 3195 1582 3413 1638; x_wconf 86' lang='lat' dir='ltr'><strong>Domini</strong></span> 
     </span>
    </p>
   </div>
   <div class='ocr_carea' id='block_1_28' title="bbox 1849 1667 3043 1741">
    <p class='ocr_par' dir='ltr' id='par_1_28' title="bbox 1849 1667 3043 1741">
     <span class='ocr_line' id='line_1_29' title="bbox 1849 1667 3043 1741; baseline 0.007 -22"><span class='ocrx_word' id='word_1_147' title='bbox 1849 1681 1995 1722; x_wconf 92' lang='lat' dir='ltr'><strong>nunc</strong></span> <span class='ocrx_word' id='word_1_148' title='bbox 2026 1678 2197 1734; x_wconf 83' lang='lat' dir='ltr'><strong>astas,</strong></span> <span class='ocrx_word' id='word_1_149' title='bbox 2220 1667 2561 1726; x_wconf 89' lang='lat' dir='ltr'><strong>intercedeus</strong></span> <span class='ocrx_word' id='word_1_150' title='bbox 2589 1687 2686 1741; x_wconf 92' lang='lat' dir='ltr'><strong>pro</strong></span> <span class='ocrx_word' id='word_1_151' title='bbox 2709 1674 2882 1729; x_wconf 83' lang='lat' dir='ltr'><strong>servis</strong></span> <span class='ocrx_word' id='word_1_152' title='bbox 2914 1674 3043 1729; x_wconf 89' lang='lat' dir='ltr'><strong>tuis.</strong></span> 
     </span>
    </p>
   </div>
   <div class='ocr_carea' id='block_1_29' title="bbox 261 1847 1750 1931">
    <p class='ocr_par' dir='ltr' id='par_1_29' title="bbox 261 1847 1749 1925">
     <span class='ocr_line' id='line_1_30' title="bbox 261 1847 1749 1925; baseline 0.009 -25"><span class='ocrx_word' id='word_1_153' title='bbox 261 1847 429 1915; x_wconf 82' lang='grc' dir='ltr'>Ἱερὺς</span> <span class='ocrx_word' id='word_1_154' title='bbox 480 1849 649 1904; x_wconf 84' lang='grc' dir='ltr'>πάλαι</span> <span class='ocrx_word' id='word_1_155' title='bbox 696 1852 980 1923; x_wconf 62' lang='grc' dir='ltr'>προφήτης</span> <span class='ocrx_word' id='word_1_156' title='bbox 1023 1854 1147 1925; x_wconf 77' lang='grc' dir='ltr'>ὅρος</span> <span class='ocrx_word' id='word_1_157' title='bbox 1200 1871 1259 1909; x_wconf 92' lang='grc' dir='ltr'><strong>σε</strong></span> <span class='ocrx_word' id='word_1_158' title='bbox 1303 1855 1445 1910; x_wconf 75' lang='grc' dir='ltr'>θεῖον</span> <span class='ocrx_word' id='word_1_159' title='bbox 1492 1857 1749 1913; x_wconf 70' lang='grc' dir='ltr'>ἐκάλεσεν</span> 
     </span>
    </p>
   </div>
   <div class='ocr_carea' id='block_1_30' title="bbox 1849 1847 3414 1931">
    <p class='ocr_par' dir='ltr' id='par_1_30' title="bbox 1919 1851 3414 1929">
     <span class='ocr_line' id='line_1_31' title="bbox 1919 1851 3414 1929; baseline 0.005 -21"><span class='ocrx_word' id='word_1_160' title='bbox 1919 1851 2058 1908; x_wconf 91' lang='lat' dir='ltr'><strong>Olim</strong></span> <span class='ocrx_word' id='word_1_161' title='bbox 2092 1868 2248 1909; x_wconf 90' lang='lat' dir='ltr'><strong>sacer</strong></span> <span class='ocrx_word' id='word_1_162' title='bbox 2285 1854 2546 1925; x_wconf 84' lang='lat' dir='ltr'><strong>propheta</strong></span> <span class='ocrx_word' id='word_1_163' title='bbox 2579 1863 2629 1909; x_wconf 89' lang='lat' dir='ltr'><strong>te</strong></span> <span class='ocrx_word' id='word_1_164' title='bbox 2654 1854 2894 1912; x_wconf 88' lang='lat' dir='ltr'><strong>divinum</strong></span> <span class='ocrx_word' id='word_1_165' title='bbox 2946 1869 3185 1913; x_wconf 78' lang='lat' dir='ltr'><strong>montem</strong></span> <span class='ocrx_word' id='word_1_166' title='bbox 3227 1860 3414 1929; x_wconf 79' lang='lat' dir='ltr'><strong>appel-</strong></span> 
     </span>
    </p>
   </div>
   <div class='ocr_carea' id='block_1_31' title="bbox 174 1938 1745 2018">
    <p class='ocr_par' dir='ltr' id='par_1_31' title="bbox 174 1938 1745 2018">
     <span class='ocr_line' id='line_1_32' title="bbox 174 1938 1745 2018; baseline 0.01 -27"><span class='ocrx_word' id='word_1_167' title='bbox 174 1938 400 2011; x_wconf 80' lang='grc' dir='ltr'>ἀρετῆς,</span> <span class='ocrx_word' id='word_1_168' title='bbox 431 1941 672 2013; x_wconf 77' lang='grc' dir='ltr'>Παρθὲνε</span> <span class='ocrx_word' id='word_1_169' title='bbox 704 1945 968 2014; x_wconf 79' lang='grc' dir='ltr'>πάναγνε,</span> <span class='ocrx_word' id='word_1_170' title='bbox 995 1945 1059 2001; x_wconf 87' lang='grc' dir='ltr'><strong>δι’</strong></span> <span class='ocrx_word' id='word_1_171' title='bbox 1083 1949 1207 2002; x_wconf 85' lang='grc' dir='ltr'>ὅλου</span> <span class='ocrx_word' id='word_1_172' title='bbox 1242 1950 1561 2016; x_wconf 76' lang='grc' dir='ltr'>κατάσκιον,</span> <span class='ocrx_word' id='word_1_173' title='bbox 1595 1951 1655 2018; x_wconf 81' lang='grc' dir='ltr'>ἐξ</span> <span class='ocrx_word' id='word_1_174' title='bbox 1684 1945 1745 2007; x_wconf 75' lang='grc' dir='ltr'>οὗ</span> 
     </span>
    </p>
   </div>
   <div class='ocr_carea' id='block_1_32' title="bbox 178 2034 1749 2115">
    <p class='ocr_par' dir='ltr' id='par_1_32' title="bbox 178 2034 1749 2115">
     <span class='ocr_line' id='line_1_33' title="bbox 178 2034 1749 2115; baseline 0.01 -32"><span class='ocrx_word' id='word_1_175' title='bbox 178 2034 448 2103; x_wconf 79' lang='grc' dir='ltr'>σωτηρίος</span> <span class='ocrx_word' id='word_1_176' title='bbox 470 2037 641 2103; x_wconf 75' lang='grc' dir='ltr'>Λόγος</span> <span class='ocrx_word' id='word_1_177' title='bbox 669 2039 1055 2110; x_wconf 70' lang='grc' dir='ltr'>πεφανέρωται</span> <span class='ocrx_word' id='word_1_178' title='bbox 1083 2042 1163 2104; x_wconf 79' lang='grc' dir='ltr'><strong>είς</strong></span> <span class='ocrx_word' id='word_1_179' title='bbox 1189 2042 1497 2097; x_wconf 80' lang='grc' dir='ltr'>ἀνάπλασιν</span> <span class='ocrx_word' id='word_1_180' title='bbox 1520 2045 1613 2099; x_wconf 79' lang='grc' dir='ltr'>καὶ</span> <span class='ocrx_word' id='word_1_181' title='bbox 1637 2062 1749 2115; x_wconf 82' lang='grc' dir='ltr'><strong>φω-</strong></span> 
     </span>
    </p>
   </div>
   <div class='ocr_carea' id='block_1_33' title="bbox 174 2127 940 2203">
    <p class='ocr_par' dir='ltr' id='par_1_33' title="bbox 174 2127 940 2203">
     <span class='ocr_line' id='line_1_34' title="bbox 174 2127 940 2203; baseline 0.013 -28"><span class='ocrx_word' id='word_1_182' title='bbox 174 2127 373 2195; x_wconf 73' lang='grc' dir='ltr'>τισμὸν</span> <span class='ocrx_word' id='word_1_183' title='bbox 403 2128 512 2183; x_wconf 89' lang='grc' dir='ltr'><strong>τῶν</strong></span> <span class='ocrx_word' id='word_1_184' title='bbox 541 2129 728 2201; x_wconf 79' lang='grc' dir='ltr'>ψυχῶν</span> <span class='ocrx_word' id='word_1_185' title='bbox 762 2132 940 2203; x_wconf 76' lang='grc' dir='ltr'>ήμῶν.</span> 
     </span>
    </p>
   </div>
   <div class='ocr_carea' id='block_1_34' title="bbox 266 2309 1750 2393">
    <p class='ocr_par' dir='ltr' id='par_1_34' title="bbox 266 2309 1750 2393">
     <span class='ocr_line' id='line_1_35' title="bbox 266 2309 1750 2393; baseline 0.011 -32"><span class='ocrx_word' id='word_1_186' title='bbox 266 2309 496 2381; x_wconf 79' lang='grc' dir='ltr'>Αληθῶς</span> <span class='ocrx_word' id='word_1_187' title='bbox 546 2311 684 2366; x_wconf 92' lang='grc' dir='ltr'>Θεοῦ</span> <span class='ocrx_word' id='word_1_188' title='bbox 750 2314 880 2368; x_wconf 76' lang='grc' dir='ltr'>Υίὸν</span> <span class='ocrx_word' id='word_1_189' title='bbox 929 2315 1202 2388; x_wconf 76' lang='grc' dir='ltr'>ὲκύησας,</span> <span class='ocrx_word' id='word_1_190' title='bbox 1252 2321 1413 2393; x_wconf 81' lang='grc' dir='ltr'>ἁγνὴ,</span> <span class='ocrx_word' id='word_1_191' title='bbox 1462 2321 1750 2392; x_wconf 84' lang='grc' dir='ltr'>ὁμοούσιον</span> 
     </span>
    </p>
   </div>
   <div class='ocr_carea' id='block_1_35' title="bbox 173 2401 1751 2483">
    <p class='ocr_par' dir='ltr' id='par_1_35' title="bbox 173 2401 1751 2483">
     <span class='ocr_line' id='line_1_36' title="bbox 173 2401 1751 2483; baseline 0.01 -30"><span class='ocrx_word' id='word_1_192' title='bbox 173 2401 255 2471; x_wconf 82' lang='grc' dir='ltr'>τῷ</span> <span class='ocrx_word' id='word_1_193' title='bbox 288 2402 463 2474; x_wconf 76' lang='grc' dir='ltr'>Πατρὶ</span> <span class='ocrx_word' id='word_1_194' title='bbox 514 2405 609 2457; x_wconf 80' lang='grc' dir='ltr'><strong>καὶ</strong></span> <span class='ocrx_word' id='word_1_195' title='bbox 649 2406 728 2474; x_wconf 79' lang='grc' dir='ltr'>τῷ</span> <span class='ocrx_word' id='word_1_196' title='bbox 757 2405 889 2478; x_wconf 82' lang='grc' dir='ltr'>θείῳ</span> <span class='ocrx_word' id='word_1_197' title='bbox 916 2408 1214 2480; x_wconf 89' lang='grc' dir='ltr'>Πνεύματι,</span> <span class='ocrx_word' id='word_1_198' title='bbox 1242 2411 1663 2483; x_wconf 81' lang='grc' dir='ltr'>Θεογεννήτρια,</span> <span class='ocrx_word' id='word_1_199' title='bbox 1692 2416 1751 2469; x_wconf 83' lang='grc' dir='ltr'>ὃν</span> 
     </span>
    </p>
   </div>
   <div class='ocr_carea' id='block_1_36' title="bbox 174 2495 1677 2578">
    <p class='ocr_par' dir='ltr' id='par_1_36' title="bbox 174 2495 1677 2578">
     <span class='ocr_line' id='line_1_37' title="bbox 174 2495 1677 2578; baseline 0.01 -31"><span class='ocrx_word' id='word_1_200' title='bbox 174 2495 473 2560; x_wconf 72' lang='grc' dir='ltr'><strong>ἀπαύστως</strong></span> <span class='ocrx_word' id='word_1_201' title='bbox 508 2499 751 2567; x_wconf 82' lang='grc' dir='ltr'>αίτησαι,</span> <span class='ocrx_word' id='word_1_202' title='bbox 790 2502 1136 2572; x_wconf 84' lang='grc' dir='ltr'>οἰκτειρῆσαι</span> <span class='ocrx_word' id='word_1_203' title='bbox 1162 2503 1263 2567; x_wconf 82' lang='grc' dir='ltr'><strong>τάς</strong></span> <span class='ocrx_word' id='word_1_204' title='bbox 1298 2505 1476 2576; x_wconf 73' lang='grc' dir='ltr'>ψυχὰς</span> <span class='ocrx_word' id='word_1_205' title='bbox 1500 2507 1677 2578; x_wconf 80' lang='grc' dir='ltr'>ἡμῶν.</span> 
     </span>
    </p>
   </div>
   <div class='ocr_carea' id='block_1_37' title="bbox 249 2676 1746 2758">
    <p class='ocr_par' dir='ltr' id='par_1_37' title="bbox 249 2676 1746 2758">
     <span class='ocr_line' id='line_1_38' title="bbox 249 2676 1746 2758; baseline 0.011 -30"><span class='ocrx_word' id='word_1_206' title='bbox 249 2676 490 2747; x_wconf 85' lang='grc' dir='ltr'>Στόματι</span> <span class='ocrx_word' id='word_1_207' title='bbox 548 2679 647 2732; x_wconf 72' lang='grc' dir='ltr'><strong>καὶ</strong></span> <span class='ocrx_word' id='word_1_208' title='bbox 700 2678 922 2753; x_wconf 79' lang='grc' dir='ltr'>γλώσσῃ</span> <span class='ocrx_word' id='word_1_209' title='bbox 975 2698 1035 2735; x_wconf 88' lang='grc' dir='ltr'><strong>σε</strong></span> <span class='ocrx_word' id='word_1_210' title='bbox 1092 2684 1324 2757; x_wconf 81' lang='grc' dir='ltr'>Μητέρα</span> <span class='ocrx_word' id='word_1_211' title='bbox 1378 2689 1746 2758; x_wconf 78' lang='grc' dir='ltr'>παναληθῶς,</span> 
     </span>
    </p>
   </div>
   <div class='ocr_carea' id='block_1_38' title="bbox 177 2768 1751 2855">
    <p class='ocr_par' dir='ltr' id='par_1_38' title="bbox 177 2768 1751 2855">
     <span class='ocr_line' id='line_1_39' title="bbox 177 2768 1751 2855; baseline 0.009 -33"><span class='ocrx_word' id='word_1_212' title='bbox 177 2768 449 2842; x_wconf 76' lang='grc' dir='ltr'>Παρθένε,</span> <span class='ocrx_word' id='word_1_213' title='bbox 478 2771 572 2825; x_wconf 63' lang='lat' dir='ltr'><strong>tot&quot;)</strong></span> <span class='ocrx_word' id='word_1_214' title='bbox 603 2772 737 2826; x_wconf 85' lang='grc' dir='ltr'>Θεοῦ</span> <span class='ocrx_word' id='word_1_215' title='bbox 768 2774 924 2844; x_wconf 78' lang='grc' dir='ltr'>ήμῶν</span> <span class='ocrx_word' id='word_1_216' title='bbox 950 2777 1341 2848; x_wconf 75' lang='grc' dir='ltr'><strong>ὁμολογοῦμεν⁹</strong></span> <span class='ocrx_word' id='word_1_217' title='bbox 1366 2782 1555 2844; x_wconf 74' lang='grc' dir='ltr'>αὐτὸν,</span> <span class='ocrx_word' id='word_1_218' title='bbox 1586 2783 1751 2855; x_wconf 80' lang='grc' dir='ltr'>ἀγνὴ,</span> 
     </span>
    </p>
   </div>
   <div class='ocr_carea' id='block_1_39' title="bbox 175 2862 1628 2944">
    <p class='ocr_par' dir='ltr' id='par_1_39' title="bbox 175 2862 1628 2944">
     <span class='ocr_line' id='line_1_40' title="bbox 175 2862 1628 2944; baseline 0.009 -30"><span class='ocrx_word' id='word_1_219' title='bbox 175 2862 417 2926; x_wconf 75' lang='grc' dir='ltr'>ἐκτενῶς</span> <span class='ocrx_word' id='word_1_220' title='bbox 443 2865 673 2931; x_wconf 70' lang='grc' dir='ltr'>ἱκέτευε,</span> <span class='ocrx_word' id='word_1_221' title='bbox 706 2864 801 2919; x_wconf 90' lang='grc' dir='ltr'><strong>τοῦ</strong></span> <span class='ocrx_word' id='word_1_222' title='bbox 837 2867 1078 2938; x_wconf 83' lang='grc' dir='ltr'>σωθῆναι</span> <span class='ocrx_word' id='word_1_223' title='bbox 1118 2869 1218 2933; x_wconf 89' lang='grc' dir='ltr'><strong>τάς</strong></span> <span class='ocrx_word' id='word_1_224' title='bbox 1245 2871 1422 2942; x_wconf 81' lang='grc' dir='ltr'>ψυχὰς</span> <span class='ocrx_word' id='word_1_225' title='bbox 1448 2874 1628 2944; x_wconf 82' lang='grc' dir='ltr'>ήμῶν.</span> 
     </span>
    </p>
   </div>
   <div class='ocr_carea' id='block_1_40' title="bbox 248 2956 1751 3035">
    <p class='ocr_par' dir='ltr' id='par_1_40' title="bbox 248 2956 1751 3035">
     <span class='ocr_line' id='line_1_41' title="bbox 248 2956 1751 3035; baseline 0.009 -28"><span class='ocrx_word' id='word_1_226' title='bbox 248 2956 663 3027; x_wconf 77' lang='grc' dir='ltr'>Λελυτρωμένοι</span> <span class='ocrx_word' id='word_1_227' title='bbox 687 2957 766 3029; x_wconf 84' lang='grc' dir='ltr'>τῷ</span> <span class='ocrx_word' id='word_1_228' title='bbox 796 2958 897 3029; x_wconf 84' lang='grc' dir='ltr'>σῷ,</span> <span class='ocrx_word' id='word_1_229' title='bbox 926 2959 1314 3034; x_wconf 84' lang='grc' dir='ltr'>Θεογεννῆτορ,</span> <span class='ocrx_word' id='word_1_230' title='bbox 1340 2964 1484 3035; x_wconf 84' lang='grc' dir='ltr'>τόκῳ</span> <span class='ocrx_word' id='word_1_231' title='bbox 1510 2966 1606 3035; x_wconf 81' lang='grc' dir='ltr'>τῆς</span> <span class='ocrx_word' id='word_1_232' title='bbox 1621 2968 1751 3021; x_wconf 84' lang='grc' dir='ltr'>αἰω-</span> 
     </span>
    </p>
   </div>
   <div class='ocr_carea' id='block_1_41' title="bbox 175 3046 1750 3128">
    <p class='ocr_par' dir='ltr' id='par_1_41' title="bbox 175 3046 1750 3128">
     <span class='ocr_line' id='line_1_42' title="bbox 175 3046 1750 3128; baseline 0.008 -27"><span class='ocrx_word' id='word_1_233' title='bbox 175 3046 294 3101; x_wconf 82' lang='grc' dir='ltr'>νίου</span> <span class='ocrx_word' id='word_1_234' title='bbox 328 3049 731 3120; x_wconf 78' lang='grc' dir='ltr'>κατακρίσεως,</span> <span class='ocrx_word' id='word_1_235' title='bbox 761 3051 840 3114; x_wconf 78' lang='grc' dir='ltr'><strong>τὸ,</strong></span> <span class='ocrx_word' id='word_1_236' title='bbox 871 3053 1041 3125; x_wconf 77' lang='grc' dir='ltr'>Χαίρέ</span> <span class='ocrx_word' id='word_1_237' title='bbox 1073 3070 1180 3120; x_wconf 91' lang='grc' dir='ltr'>σοι,</span> <span class='ocrx_word' id='word_1_238' title='bbox 1214 3054 1491 3127; x_wconf 73' lang='grc' dir='ltr'>κράζομεν</span> <span class='ocrx_word' id='word_1_239' title='bbox 1518 3058 1628 3128; x_wconf 75' lang='grc' dir='ltr'>ἀεὶ,</span> <span class='ocrx_word' id='word_1_240' title='bbox 1658 3060 1750 3112; x_wconf 84' lang='grc' dir='ltr'>εύ-</span> 
     </span>
    </p>
   </div>
   <div class='ocr_carea' id='block_1_42' title="bbox 176 3137 1045 3216">
    <p class='ocr_par' dir='ltr' id='par_1_42' title="bbox 176 3137 1045 3216">
     <span class='ocr_line' id='line_1_43' title="bbox 176 3137 1045 3216; baseline 0.008 -25"><span class='ocrx_word' id='word_1_241' title='bbox 176 3137 457 3209; x_wconf 77' lang='grc' dir='ltr'>λογημένη</span> <span class='ocrx_word' id='word_1_242' title='bbox 487 3139 581 3193; x_wconf 77' lang='grc' dir='ltr'><strong>καὶ</strong></span> <span class='ocrx_word' id='word_1_243' title='bbox 606 3145 1045 3216; x_wconf 82' lang='grc' dir='ltr'>κεχαριτωμένη.</span> 
     </span>
    </p>
   </div>
   <div class='ocr_carea' id='block_1_43' title="bbox 1849 1946 3413 2021">
    <p class='ocr_par' dir='ltr' id='par_1_43' title="bbox 1849 1946 3413 2021">
     <span class='ocr_line' id='line_1_44' title="bbox 1849 1946 3413 2021; baseline 0.004 -21"><span class='ocrx_word' id='word_1_244' title='bbox 1849 1946 1999 2011; x_wconf 84' lang='lat' dir='ltr'><strong>lavit,</strong></span> <span class='ocrx_word' id='word_1_245' title='bbox 2049 1960 2083 2000; x_wconf 90' lang='grc' dir='ltr'>ο</span> <span class='ocrx_word' id='word_1_246' title='bbox 2112 1946 2274 2018; x_wconf 76' lang='lat' dir='ltr'><strong>Virgo</strong></span> <span class='ocrx_word' id='word_1_247' title='bbox 2321 1946 2650 2011; x_wconf 73' lang='lat' dir='ltr'><strong>castissima,</strong></span> <span class='ocrx_word' id='word_1_248' title='bbox 2710 1948 3002 2004; x_wconf 81' lang='lat' dir='ltr'><strong>virtutibus</strong></span> <span class='ocrx_word' id='word_1_249' title='bbox 3051 1950 3413 2021; x_wconf 76' lang='lat' dir='ltr'><strong>undequauue</strong></span> 
     </span>
    </p>
   </div>
   <div class='ocr_carea' id='block_1_44' title="bbox 1847 2038 3410 2107">
    <p class='ocr_par' dir='ltr' id='par_1_44' title="bbox 1847 2038 3410 2107">
     <span class='ocr_line' id='line_1_45' title="bbox 1847 2038 3410 2107; baseline 0.004 -16"><span class='ocrx_word' id='word_1_250' title='bbox 1847 2039 2164 2092; x_wconf 90' lang='lat' dir='ltr'><strong>umbrosum</strong></span> <span class='ocrx_word' id='word_1_251' title='bbox 2192 2055 2206 2105; x_wconf 90' lang='lat'><strong>;</strong></span> <span class='ocrx_word' id='word_1_252' title='bbox 2237 2053 2302 2093; x_wconf 78' lang='lat' dir='ltr'><strong>ex</strong></span> <span class='ocrx_word' id='word_1_253' title='bbox 2337 2053 2448 2107; x_wconf 86' lang='lat' dir='ltr'><strong>quo</strong></span> <span class='ocrx_word' id='word_1_254' title='bbox 2479 2038 2721 2093; x_wconf 88' lang='lat' dir='ltr'><strong>salutare</strong></span> <span class='ocrx_word' id='word_1_255' title='bbox 2746 2038 2979 2095; x_wconf 82' lang='lat' dir='ltr'><strong>Verbum</strong></span> <span class='ocrx_word' id='word_1_256' title='bbox 3010 2043 3410 2097; x_wconf 67' lang='lat' dir='ltr'><strong>manifestatum</strong></span> 
     </span>
    </p>
   </div>
   <div class='ocr_carea' id='block_1_45' title="bbox 1847 2128 3413 2195">
    <p class='ocr_par' dir='ltr' id='par_1_45' title="bbox 1847 2128 3413 2195">
     <span class='ocr_line' id='line_1_46' title="bbox 1847 2128 3413 2195; baseline 0.002 -12"><span class='ocrx_word' id='word_1_257' title='bbox 1847 2142 1932 2183; x_wconf 86' lang='lat' dir='ltr'><strong>est</strong></span> <span class='ocrx_word' id='word_1_258' title='bbox 1965 2128 2018 2183; x_wconf 92' lang='lat' dir='ltr'><strong>in</strong></span> <span class='ocrx_word' id='word_1_259' title='bbox 2052 2130 2522 2195; x_wconf 83' lang='lat' dir='ltr'><strong>restaurationem,</strong></span> <span class='ocrx_word' id='word_1_260' title='bbox 2558 2138 2613 2184; x_wconf 86' lang='lat' dir='ltr'><strong>et</strong></span> <span class='ocrx_word' id='word_1_261' title='bbox 2634 2129 3086 2186; x_wconf 81' lang='lat' dir='ltr'><strong>illuminationetn</strong></span> <span class='ocrx_word' id='word_1_262' title='bbox 3108 2132 3413 2186; x_wconf 90' lang='lat' dir='ltr'><strong>animarum</strong></span> 
     </span>
    </p>
   </div>
   <div class='ocr_carea' id='block_1_46' title="bbox 1850 2232 2182 2276">
    <p class='ocr_par' dir='ltr' id='par_1_46' title="bbox 1850 2232 2182 2276">
     <span class='ocr_line' id='line_1_47' title="bbox 1850 2232 2182 2276; baseline 0 -1"><span class='ocrx_word' id='word_1_263' title='bbox 1850 2232 2182 2276; x_wconf 87' lang='lat' dir='ltr'><strong>nostrarum.</strong></span> 
     </span>
    </p>
   </div>
   <div class='ocr_carea' id='block_1_47' title="bbox 1923 2310 3411 2385">
    <p class='ocr_par' dir='ltr' id='par_1_47' title="bbox 1923 2310 3411 2385">
     <span class='ocr_line' id='line_1_48' title="bbox 1923 2310 3411 2385; baseline -0.002 -20"><span class='ocrx_word' id='word_1_264' title='bbox 1923 2310 2077 2373; x_wconf 83' lang='lat' dir='ltr'><strong>Vere,</strong></span> <span class='ocrx_word' id='word_1_265' title='bbox 2109 2327 2141 2363; x_wconf 94' lang='grc' dir='ltr'>ο</span> <span class='ocrx_word' id='word_1_266' title='bbox 2170 2322 2321 2366; x_wconf 87' lang='lat' dir='ltr'><strong>casta</strong></span> <span class='ocrx_word' id='word_1_267' title='bbox 2345 2311 2439 2367; x_wconf 87' lang='lat' dir='ltr'><strong>Dei</strong></span> <span class='ocrx_word' id='word_1_268' title='bbox 2472 2313 2726 2383; x_wconf 79' lang='lat' dir='ltr'><strong>genitrix,</strong></span> <span class='ocrx_word' id='word_1_269' title='bbox 2765 2312 2962 2368; x_wconf 83' lang='lat' dir='ltr'><strong>Filium</strong></span> <span class='ocrx_word' id='word_1_270' title='bbox 3014 2313 3103 2368; x_wconf 91' lang='lat' dir='ltr'><strong>Dei</strong></span> <span class='ocrx_word' id='word_1_271' title='bbox 3154 2312 3411 2385; x_wconf 78' lang='lat' dir='ltr'><strong>genuisti,</strong></span> 
     </span>
    </p>
   </div>
   <div class='ocr_carea' id='block_1_48' title="bbox 1848 2402 3412 2476">
    <p class='ocr_par' dir='ltr' id='par_1_48' title="bbox 1848 2402 3412 2476">
     <span class='ocr_line' id='line_1_49' title="bbox 1848 2402 3412 2476; baseline 0.002 -19"><span class='ocrx_word' id='word_1_272' title='bbox 1848 2402 1995 2458; x_wconf 84' lang='lat' dir='ltr'><strong>Patri</strong></span> <span class='ocrx_word' id='word_1_273' title='bbox 2027 2419 2090 2457; x_wconf 90' lang='lat' dir='ltr'><strong>ac</strong></span> <span class='ocrx_word' id='word_1_274' title='bbox 2136 2402 2360 2472; x_wconf 78' lang='lat' dir='ltr'><strong>Spiritui</strong></span> <span class='ocrx_word' id='word_1_275' title='bbox 2409 2402 2596 2458; x_wconf 77' lang='lat' dir='ltr'><strong>divino</strong></span> <span class='ocrx_word' id='word_1_276' title='bbox 2646 2406 3202 2470; x_wconf 86' lang='lat' dir='ltr'><strong>consubstantialem;</strong></span> <span class='ocrx_word' id='word_1_277' title='bbox 3251 2421 3412 2476; x_wconf 87' lang='lat' dir='ltr'><strong>quem</strong></span> 
     </span>
    </p>
   </div>
   <div class='ocr_carea' id='block_1_49' title="bbox 1850 2496 3415 2564">
    <p class='ocr_par' dir='ltr' id='par_1_49' title="bbox 1850 2496 3415 2564">
     <span class='ocr_line' id='line_1_50' title="bbox 1850 2496 3415 2564; baseline 0 -13"><span class='ocrx_word' id='word_1_278' title='bbox 1850 2496 2195 2551; x_wconf 81' lang='lat' dir='ltr'><strong>incessanter</strong></span> <span class='ocrx_word' id='word_1_279' title='bbox 2222 2508 2467 2564; x_wconf 88' lang='lat' dir='ltr'><strong>precare,</strong></span> <span class='ocrx_word' id='word_1_280' title='bbox 2513 2507 2571 2550; x_wconf 91' lang='lat' dir='ltr'><strong>ut</strong></span> <span class='ocrx_word' id='word_1_281' title='bbox 2608 2496 2935 2551; x_wconf 82' lang='lat' dir='ltr'><strong>misereatur</strong></span> <span class='ocrx_word' id='word_1_282' title='bbox 2972 2498 3278 2551; x_wconf 88' lang='lat' dir='ltr'><strong>animarum</strong></span> <span class='ocrx_word' id='word_1_283' title='bbox 3310 2511 3415 2552; x_wconf 66' lang='lat' dir='ltr'><strong>noa</strong></span> 
     </span>
    </p>
   </div>
   <div class='ocr_carea' id='block_1_50' title="bbox 1850 2600 2109 2644">
    <p class='ocr_par' dir='ltr' id='par_1_50' title="bbox 1850 2600 2109 2644">
     <span class='ocr_line' id='line_1_51' title="bbox 1850 2600 2109 2644; baseline -0.004 -1"><span class='ocrx_word' id='word_1_284' title='bbox 1850 2600 2109 2644; x_wconf 85' lang='lat' dir='ltr'><strong>strarum.</strong></span> 
     </span>
    </p>
   </div>
   <div class='ocr_carea' id='block_1_51' title="bbox 1920 2675 3415 2749">
    <p class='ocr_par' dir='ltr' id='par_1_51' title="bbox 1920 2675 3415 2749">
     <span class='ocr_line' id='line_1_52' title="bbox 1920 2675 3415 2749; baseline -0.001 -14"><span class='ocrx_word' id='word_1_285' title='bbox 1920 2679 2027 2735; x_wconf 82' lang='lat' dir='ltr'><strong>Ore</strong></span> <span class='ocrx_word' id='word_1_286' title='bbox 2054 2689 2108 2736; x_wconf 90' lang='lat' dir='ltr'><strong>et</strong></span> <span class='ocrx_word' id='word_1_287' title='bbox 2144 2681 2325 2749; x_wconf 80' lang='lat' dir='ltr'><strong>lingua</strong></span> <span class='ocrx_word' id='word_1_288' title='bbox 2358 2690 2411 2737; x_wconf 88' lang='lat' dir='ltr'><strong>te</strong></span> <span class='ocrx_word' id='word_1_289' title='bbox 2457 2678 2801 2735; x_wconf 80' lang='lat' dir='ltr'><strong>verissimam</strong></span> <span class='ocrx_word' id='word_1_290' title='bbox 2846 2677 2939 2732; x_wconf 85' lang='lat' dir='ltr'><strong>Dei</strong></span> <span class='ocrx_word' id='word_1_291' title='bbox 2985 2679 3161 2735; x_wconf 85' lang='lat' dir='ltr'><strong>nostri</strong></span> <span class='ocrx_word' id='word_1_292' title='bbox 3191 2675 3415 2734; x_wconf 77' lang='lat' dir='ltr'><strong>Matrem</strong></span> 
     </span>
    </p>
   </div>
   <div class='ocr_carea' id='block_1_52' title="bbox 1852 2767 3415 2842">
    <p class='ocr_par' dir='ltr' id='par_1_52' title="bbox 1852 2767 3415 2842">
     <span class='ocr_line' id='line_1_53' title="bbox 1852 2767 3415 2842; baseline -0.001 -14"><span class='ocrx_word' id='word_1_293' title='bbox 1852 2772 2192 2839; x_wconf 81' lang='lat' dir='ltr'><strong>conﬁtemur,</strong></span> <span class='ocrx_word' id='word_1_294' title='bbox 2231 2787 2265 2827; x_wconf 93' lang='lat' dir='ltr'><strong>o</strong></span> <span class='ocrx_word' id='word_1_295' title='bbox 2297 2771 2462 2842; x_wconf 77' lang='lat' dir='ltr'><strong>Virgo</strong></span> <span class='ocrx_word' id='word_1_296' title='bbox 2490 2789 2503 2827; x_wconf 91' lang='lat'><strong>:</strong></span> <span class='ocrx_word' id='word_1_297' title='bbox 2538 2773 2790 2827; x_wconf 87' lang='lat' dir='ltr'><strong>eumdem</strong></span> <span class='ocrx_word' id='word_1_298' title='bbox 2825 2772 3070 2840; x_wconf 88' lang='lat' dir='ltr'><strong>impense</strong></span> <span class='ocrx_word' id='word_1_299' title='bbox 3098 2767 3415 2838; x_wconf 83' lang='lat' dir='ltr'><strong>deprecare,</strong></span> 
     </span>
    </p>
   </div>
   <div class='ocr_carea' id='block_1_53' title="bbox 1850 2864 3137 2935">
    <p class='ocr_par' dir='ltr' id='par_1_53' title="bbox 1850 2864 3137 2935">
     <span class='ocr_line' id='line_1_54' title="bbox 1850 2864 3137 2935; baseline -0.002 -15"><span class='ocrx_word' id='word_1_300' title='bbox 1850 2879 1891 2926; x_wconf 80' lang='grc' dir='ltr'>ο,</span> <span class='ocrx_word' id='word_1_301' title='bbox 1917 2873 2090 2931; x_wconf 83' lang='lat' dir='ltr'><strong>casta,</strong></span> <span class='ocrx_word' id='word_1_302' title='bbox 2129 2879 2229 2935; x_wconf 89' lang='lat' dir='ltr'><strong>pro</strong></span> <span class='ocrx_word' id='word_1_303' title='bbox 2260 2865 2438 2919; x_wconf 89' lang='lat' dir='ltr'><strong>salute</strong></span> <span class='ocrx_word' id='word_1_304' title='bbox 2467 2864 2778 2919; x_wconf 86' lang='lat' dir='ltr'><strong>animarum</strong></span> <span class='ocrx_word' id='word_1_305' title='bbox 2802 2871 3137 2917; x_wconf 89' lang='lat' dir='ltr'><strong>nostrarum.</strong></span> 
     </span>
    </p>
   </div>
   <div class='ocr_carea' id='block_1_54' title="bbox 1919 2951 3414 3025">
    <p class='ocr_par' dir='ltr' id='par_1_54' title="bbox 1919 2951 3414 3025">
     <span class='ocr_line' id='line_1_55' title="bbox 1919 2951 3414 3025; baseline -0.003 -16"><span class='ocrx_word' id='word_1_306' title='bbox 1919 2956 2001 3010; x_wconf 81' lang='lat' dir='ltr'><strong>Ab</strong></span> <span class='ocrx_word' id='word_1_307' title='bbox 2020 2964 2223 3011; x_wconf 63' lang='lat' dir='ltr'><strong>aeterna</strong></span> <span class='ocrx_word' id='word_1_308' title='bbox 2244 2955 2595 3010; x_wconf 86' lang='lat' dir='ltr'><strong>damnatione</strong></span> <span class='ocrx_word' id='word_1_309' title='bbox 2621 2968 2716 3025; x_wconf 87' lang='lat' dir='ltr'><strong>per</strong></span> <span class='ocrx_word' id='word_1_310' title='bbox 2746 2962 2955 3024; x_wconf 85' lang='lat' dir='ltr'><strong>partum</strong></span> <span class='ocrx_word' id='word_1_311' title='bbox 2988 2961 3142 3005; x_wconf 90' lang='lat' dir='ltr'><strong>tuum</strong></span> <span class='ocrx_word' id='word_1_312' title='bbox 3180 2951 3414 3019; x_wconf 78' lang='lat' dir='ltr'><strong>liberati,</strong></span> 
     </span>
    </p>
   </div>
   <div class='ocr_carea' id='block_1_55' title="bbox 1849 3044 3415 3118">
    <p class='ocr_par' dir='ltr' id='par_1_55' title="bbox 1849 3044 3415 3118">
     <span class='ocr_line' id='line_1_56' title="bbox 1849 3044 3415 3118; baseline -0.002 -14"><span class='ocrx_word' id='word_1_313' title='bbox 1849 3063 1884 3104; x_wconf 86' lang='grc' dir='ltr'>ο</span> <span class='ocrx_word' id='word_1_314' title='bbox 1911 3048 2071 3118; x_wconf 68' lang='grc'><strong>202</strong></span> <span class='ocrx_word' id='word_1_315' title='bbox 2100 3048 2191 3103; x_wconf 87' lang='lat' dir='ltr'><strong>Dei</strong></span> <span class='ocrx_word' id='word_1_316' title='bbox 2212 3048 2442 3118; x_wconf 79' lang='lat' dir='ltr'><strong>genitrix</strong></span> <span class='ocrx_word' id='word_1_317' title='bbox 2463 3085 2479 3110; x_wconf 89' lang='lat'><strong>,</strong></span> <span class='ocrx_word' id='word_1_318' title='bbox 2514 3046 2581 3101; x_wconf 90' lang='lat' dir='ltr'><strong>ad</strong></span> <span class='ocrx_word' id='word_1_319' title='bbox 2603 3055 2653 3102; x_wconf 88' lang='lat' dir='ltr'><strong>te</strong></span> <span class='ocrx_word' id='word_1_320' title='bbox 2674 3060 2889 3117; x_wconf 87' lang='lat' dir='ltr'><strong>semper</strong></span> <span class='ocrx_word' id='word_1_321' title='bbox 2912 3044 3214 3100; x_wconf 89' lang='lat' dir='ltr'><strong>clamamus</strong></span> <span class='ocrx_word' id='word_1_322' title='bbox 3248 3045 3415 3112; x_wconf 79' lang='lat' dir='ltr'><strong>:Ave,</strong></span> 
     </span>
    </p>
   </div>
   <div class='ocr_carea' id='block_1_56' title="bbox 1852 3138 2658 3210">
    <p class='ocr_par' dir='ltr' id='par_1_56' title="bbox 1852 3138 2658 3210">
     <span class='ocr_line' id='line_1_57' title="bbox 1852 3138 2658 3210; baseline -0.004 -14"><span class='ocrx_word' id='word_1_323' title='bbox 1852 3140 2154 3206; x_wconf 85' lang='lat' dir='ltr'><strong>benedicta,</strong></span> <span class='ocrx_word' id='word_1_324' title='bbox 2183 3149 2236 3195; x_wconf 88' lang='lat' dir='ltr'><strong>et</strong></span> <span class='ocrx_word' id='word_1_325' title='bbox 2265 3139 2439 3209; x_wconf 77' lang='lat' dir='ltr'><strong>gratia</strong></span> <span class='ocrx_word' id='word_1_326' title='bbox 2476 3138 2658 3210; x_wconf 88' lang='lat' dir='ltr'><strong>plena.</strong></span> 
     </span>
    </p>
   </div>
   <div class='ocr_carea' id='block_1_57' title="bbox 247 3213 1750 3314">
    <p class='ocr_par' dir='ltr' id='par_1_57' title="bbox 247 3213 1749 3314">
     <span class='ocr_line' id='line_1_58' title="bbox 247 3213 1749 3314; baseline 0.008 -30"><span class='ocrx_word' id='word_1_327' title='bbox 247 3231 643 3305; x_wconf 78' lang='grc' dir='ltr'>Νεκρωθέντας</span> <span class='ocrx_word' id='word_1_328' title='bbox 697 3238 845 3307; x_wconf 73' lang='grc' dir='ltr'>ἡμᾶς</span> <span class='ocrx_word' id='word_1_329' title='bbox 901 3213 1230 3303; x_wconf 63' lang='grc' dir='ltr'>ἀνεξώωσας</span> <span class='ocrx_word' id='word_1_330' title='bbox 1285 3239 1385 3313; x_wconf 82' lang='grc' dir='ltr'>τὴν</span> <span class='ocrx_word' id='word_1_331' title='bbox 1438 3239 1587 3314; x_wconf 79' lang='grc' dir='ltr'>ζωὴν</span> <span class='ocrx_word' id='word_1_332' title='bbox 1639 3242 1749 3296; x_wconf 89' lang='grc' dir='ltr'><strong>τῶν</strong></span> 
     </span>
    </p>
   </div>
   <div class='ocr_carea' id='block_1_58' title="bbox 1849 3213 3417 3314">
    <p class='ocr_par' dir='ltr' id='par_1_58' title="bbox 1922 3232 3417 3300">
     <span class='ocr_line' id='line_1_59' title="bbox 1922 3232 3417 3300; baseline -0.001 -13"><span class='ocrx_word' id='word_1_333' title='bbox 1922 3232 2034 3288; x_wconf 87' lang='lat' dir='ltr'><strong>Nos</strong></span> <span class='ocrx_word' id='word_1_334' title='bbox 2071 3244 2318 3288; x_wconf 90' lang='lat' dir='ltr'><strong>mortuos</strong></span> <span class='ocrx_word' id='word_1_335' title='bbox 2359 3233 2426 3288; x_wconf 88' lang='lat' dir='ltr'><strong>ad</strong></span> <span class='ocrx_word' id='word_1_336' title='bbox 2451 3235 2618 3289; x_wconf 86' lang='lat' dir='ltr'><strong>vitam</strong></span> <span class='ocrx_word' id='word_1_337' title='bbox 2660 3234 2948 3300; x_wconf 81' lang='lat' dir='ltr'><strong>revocasti,</strong></span> <span class='ocrx_word' id='word_1_338' title='bbox 2981 3233 3149 3289; x_wconf 85' lang='lat' dir='ltr'><strong>vitam</strong></span> <span class='ocrx_word' id='word_1_339' title='bbox 3172 3234 3417 3287; x_wconf 88' lang='lat' dir='ltr'><strong>omnium</strong></span> 
     </span>
    </p>
   </div>
   <div class='ocr_carea' id='block_1_59' title="bbox 181 3322 1749 3404">
    <p class='ocr_par' dir='ltr' id='par_1_59' title="bbox 181 3322 1749 3404">
     <span class='ocr_line' id='line_1_60' title="bbox 181 3322 1749 3404; baseline 0.006 -26"><span class='ocrx_word' id='word_1_340' title='bbox 181 3322 436 3379; x_wconf 70' lang='grc' dir='ltr'>ἀνάντων</span> <span class='ocrx_word' id='word_1_341' title='bbox 474 3327 747 3398; x_wconf 80' lang='grc' dir='ltr'>κυήσασα,</span> <span class='ocrx_word' id='word_1_342' title='bbox 780 3329 1088 3400; x_wconf 84' lang='grc' dir='ltr'>Θεοκυῆτορ</span> <span class='ocrx_word' id='word_1_343' title='bbox 1137 3332 1403 3385; x_wconf 83' lang='grc' dir='ltr'>Δέσποινα</span> <span class='ocrx_word' id='word_1_344' title='bbox 1424 3372 1439 3395; x_wconf 85' lang='grc'><strong>,</strong></span> <span class='ocrx_word' id='word_1_345' title='bbox 1461 3334 1571 3386; x_wconf 87' lang='grc' dir='ltr'><strong>τῶν</strong></span> <span class='ocrx_word' id='word_1_346' title='bbox 1607 3352 1749 3404; x_wconf 90' lang='grc' dir='ltr'>μαρ-</span> 
     </span>
    </p>
   </div>
   <div class='ocr_carea' id='block_1_60' title="bbox 174 3414 1750 3497">
    <p class='ocr_par' dir='ltr' id='par_1_60' title="bbox 174 3414 1750 3497">
     <span class='ocr_line' id='line_1_61' title="bbox 174 3414 1750 3497; baseline 0.008 -28"><span class='ocrx_word' id='word_1_347' title='bbox 174 3414 361 3487; x_wconf 86' lang='grc' dir='ltr'>τύρων</span> <span class='ocrx_word' id='word_1_348' title='bbox 380 3416 530 3484; x_wconf 80' lang='grc' dir='ltr'>δόξα,</span> <span class='ocrx_word' id='word_1_349' title='bbox 578 3420 673 3475; x_wconf 69' lang='grc' dir='ltr'><strong>καὶ</strong></span> <span class='ocrx_word' id='word_1_350' title='bbox 719 3420 829 3476; x_wconf 87' lang='grc' dir='ltr'><strong>τῶν</strong></span> <span class='ocrx_word' id='word_1_351' title='bbox 867 3418 1171 3494; x_wconf 79' lang='grc' dir='ltr'>ἀνθρώπων</span> <span class='ocrx_word' id='word_1_352' title='bbox 1219 3424 1280 3478; x_wconf 79' lang='grc' dir='ltr'>τὸ</span> <span class='ocrx_word' id='word_1_353' title='bbox 1329 3423 1613 3497; x_wconf 74' lang='grc' dir='ltr'>διάσωσμα</span> <span class='ocrx_word' id='word_1_354' title='bbox 1656 3427 1750 3481; x_wconf 78' lang='grc' dir='ltr'>καὶ</span> 
     </span>
    </p>
   </div>
   <div class='ocr_carea' id='block_1_61' title="bbox 176 3508 596 3582">
    <p class='ocr_par' dir='ltr' id='par_1_61' title="bbox 176 3508 596 3582">
     <span class='ocr_line' id='line_1_62' title="bbox 176 3508 596 3582; baseline 0.019 -21"><span class='ocrx_word' id='word_1_355' title='bbox 176 3508 596 3582; x_wconf 77' lang='grc' dir='ltr'>περιτείχισμα.</span> 
     </span>
    </p>
   </div>
   <div class='ocr_carea' id='block_1_62' title="bbox 247 3602 1751 3681">
    <p class='ocr_par' dir='ltr' id='par_1_62' title="bbox 247 3602 1751 3681">
     <span class='ocr_line' id='line_1_63' title="bbox 247 3602 1751 3681; baseline 0.009 -28"><span class='ocrx_word' id='word_1_356' title='bbox 247 3602 430 3666; x_wconf 54' lang='lat' dir='ltr'><strong>mea;</strong></span> <span class='ocrx_word' id='word_1_357' title='bbox 476 3604 811 3676; x_wconf 76' lang='grc' dir='ltr'>οἰκητήριον,</span> <span class='ocrx_word' id='word_1_358' title='bbox 864 3604 1027 3677; x_wconf 75' lang='grc' dir='ltr'>ἁγνὴ,</span> <span class='ocrx_word' id='word_1_359' title='bbox 1078 3605 1400 3679; x_wconf 82' lang='grc' dir='ltr'>ὑπάρχουσα</span> <span class='ocrx_word' id='word_1_360' title='bbox 1446 3608 1548 3678; x_wconf 81' lang='grc' dir='ltr'>τῆς</span> <span class='ocrx_word' id='word_1_361' title='bbox 1574 3610 1751 3681; x_wconf 75' lang='grc' dir='ltr'>ψυχῆς</span> 
     </span>
    </p>
   </div>
   <div class='ocr_carea' id='block_1_63' title="bbox 177 3695 1749 3773">
    <p class='ocr_par' dir='ltr' id='par_1_63' title="bbox 177 3695 1749 3773">
     <span class='ocr_line' id='line_1_64' title="bbox 177 3695 1749 3773; baseline 0.006 -27"><span class='ocrx_word' id='word_1_362' title='bbox 177 3711 284 3763; x_wconf 82' lang='grc' dir='ltr'><strong>μου</strong></span> <span class='ocrx_word' id='word_1_363' title='bbox 342 3695 513 3762; x_wconf 83' lang='grc' dir='ltr'>κόρας</span> <span class='ocrx_word' id='word_1_364' title='bbox 567 3695 805 3766; x_wconf 61' lang='lat' dir='ltr'><strong>(primum:</strong></span> <span class='ocrx_word' id='word_1_365' title='bbox 862 3698 1288 3771; x_wconf 85' lang='grc' dir='ltr'>ἀμαυρωθείσας</span> <span class='ocrx_word' id='word_1_366' title='bbox 1343 3701 1594 3773; x_wconf 82' lang='grc' dir='ltr'>ἀμελείᾳ,</span> <span class='ocrx_word' id='word_1_367' title='bbox 1654 3706 1749 3757; x_wconf 74' lang='grc' dir='ltr'><strong>καὶ</strong></span> 
     </span>
    </p>
   </div>
   <div class='ocr_carea' id='block_1_64' title="bbox 176 3788 1748 3865">
    <p class='ocr_par' dir='ltr' id='par_1_64' title="bbox 176 3788 1748 3865">
     <span class='ocr_line' id='line_1_65' title="bbox 176 3788 1748 3865; baseline 0.004 -24"><span class='ocrx_word' id='word_1_368' title='bbox 176 3788 374 3851; x_wconf 83' lang='grc' dir='ltr'>σκότος</span> <span class='ocrx_word' id='word_1_369' title='bbox 409 3789 682 3861; x_wconf 69' lang='grc' dir='ltr'>ῥᾳθυμίας</span> <span class='ocrx_word' id='word_1_370' title='bbox 709 3790 1008 3862; x_wconf 84' lang='grc' dir='ltr'>βαθύτατον</span> <span class='ocrx_word' id='word_1_371' title='bbox 1046 3794 1134 3846; x_wconf 70' lang='grc' dir='ltr'><strong>ἀεὶ</strong></span> <span class='ocrx_word' id='word_1_372' title='bbox 1165 3793 1577 3865; x_wconf 78' lang='grc' dir='ltr'>περικειμένας,</span> <span class='ocrx_word' id='word_1_373' title='bbox 1610 3812 1748 3848; x_wconf 86' lang='grc' dir='ltr'>παν-</span> 
     </span>
    </p>
   </div>
   <div class='ocr_carea' id='block_1_65' title="bbox 175 3882 1349 3957">
    <p class='ocr_par' dir='ltr' id='par_1_65' title="bbox 175 3882 1349 3957">
     <span class='ocr_line' id='line_1_66' title="bbox 175 3882 1349 3957; baseline 0.005 -23"><span class='ocrx_word' id='word_1_374' title='bbox 175 3882 404 3952; x_wconf 80' lang='grc' dir='ltr'>ἁμωμε,</span> <span class='ocrx_word' id='word_1_375' title='bbox 441 3883 595 3947; x_wconf 82' lang='grc' dir='ltr'>ὅπως</span> <span class='ocrx_word' id='word_1_376' title='bbox 630 3883 687 3938; x_wconf 65' lang='grc' dir='ltr'>ιν</span> <span class='ocrx_word' id='word_1_377' title='bbox 727 3885 909 3939; x_wconf 83' lang='grc' dir='ltr'>πίστει</span> <span class='ocrx_word' id='word_1_378' title='bbox 943 3886 1234 3957; x_wconf 79' lang='grc' dir='ltr'>μακαρίζω</span> <span class='ocrx_word' id='word_1_379' title='bbox 1267 3902 1349 3940; x_wconf 89' lang='grc' dir='ltr'><strong>σε.</strong></span> 
     </span>
    </p>
   </div>
   <div class='ocr_carea' id='block_1_66' title="bbox 187 4037 1747 4182">
    <p class='ocr_par' dir='ltr' id='par_1_66' title="bbox 187 4037 1747 4182">
     <span class='ocr_line' id='line_1_67' title="bbox 187 4037 1747 4182; baseline 0.008 -89"><span class='ocrx_word' id='word_1_380' title='bbox 187 4037 290 4093; x_wconf 78' lang='grc' dir='ltr'>Ἐκ</span> <span class='ocrx_word' id='word_1_381' title='bbox 327 4039 435 4094; x_wconf 85' lang='grc' dir='ltr'><strong>τοῦ</strong></span> <span class='ocrx_word' id='word_1_382' title='bbox 464 4042 731 4110; x_wconf 81' lang='grc' dir='ltr'><strong>Κανόνος</strong></span> <span class='ocrx_word' id='word_1_383' title='bbox 770 4044 860 4132; x_wconf 65' lang='grc' dir='ltr'>εἰς</span> <span class='ocrx_word' id='word_1_384' title='bbox 891 4043 1018 4166; x_wconf 56' lang='lat' dir='ltr'><strong>Iin-</strong></span> <span class='ocrx_word' id='word_1_385' title='bbox 1056 4045 1302 4182; x_wconf 47' lang='lat' dir='ltr'><strong>pg-ﬁynr</strong></span> <span class='ocrx_word' id='word_1_386' title='bbox 1339 4045 1445 4102; x_wconf 84' lang='grc' dir='ltr'><strong>τοῦ</strong></span> <span class='ocrx_word' id='word_1_387' title='bbox 1471 4049 1747 4118; x_wconf 81' lang='grc' dir='ltr'>σεισμοῦ,</span> 
     </span>
     <span class='ocr_line' id='line_1_68' title="bbox 804 4132 1151 4182; baseline 0.003 0"><span class='ocrx_word' id='word_1_388' title='bbox 804 4132 996 4182; x_wconf 69' lang='grc' dir='ltr'>ημιρςι</span> <span class='ocrx_word' id='word_1_389' title='bbox 1036 4135 1067 4167; x_wconf 85' lang='grc' dir='ltr'><strong>κ</strong></span> <span class='ocrx_word' id='word_1_390' title='bbox 1134 4154 1151 4170; x_wconf 76' lang='grc' dir='ltr'><strong>ο</strong></span> 
     </span>
    </p>
   </div>
   <div class='ocr_carea' id='block_1_67' title="bbox 804 4132 1151 4184">
    <p class='ocr_par' dir='ltr' id='par_1_67' title="bbox 804 4132 1151 4184">
     <span class='ocr_line' id='line_1_69' title="bbox 804 4132 1151 4184; baseline -0.003 -1"><span class='ocrx_word' id='word_1_391' title='bbox 804 4132 996 4184; x_wconf 79' lang='grc' dir='ltr'>ημερςι</span> <span class='ocrx_word' id='word_1_392' title='bbox 1036 4132 1151 4182; x_wconf 61' lang='lat' dir='ltr'><strong>re&quot;.</strong></span> 
     </span>
    </p>
   </div>
   <div class='ocr_carea' id='block_1_68' title="bbox 257 4264 1746 4342">
    <p class='ocr_par' dir='ltr' id='par_1_68' title="bbox 257 4264 1746 4342">
     <span class='ocr_line' id='line_1_70' title="bbox 257 4264 1746 4342; baseline 0.003 -23"><span class='ocrx_word' id='word_1_393' title='bbox 257 4264 536 4331; x_wconf 79' lang='grc' dir='ltr'>Ἱκετικῶς</span> <span class='ocrx_word' id='word_1_394' title='bbox 593 4284 678 4321; x_wconf 85' lang='grc' dir='ltr'><strong>σοι</strong></span> <span class='ocrx_word' id='word_1_395' title='bbox 726 4267 957 4339; x_wconf 81' lang='grc' dir='ltr'>βοῶμεν,</span> <span class='ocrx_word' id='word_1_396' title='bbox 1009 4271 1202 4341; x_wconf 83' lang='grc' dir='ltr'>Μῆτερ</span> <span class='ocrx_word' id='word_1_397' title='bbox 1240 4269 1398 4331; x_wconf 87' lang='grc' dir='ltr'>Θεοῦ.</span> <span class='ocrx_word' id='word_1_398' title='bbox 1432 4269 1501 4323; x_wconf 77' lang='grc' dir='ltr'>τὰ</span> <span class='ocrx_word' id='word_1_399' title='bbox 1545 4270 1746 4342; x_wconf 79' lang='grc' dir='ltr'>συνήθη</span> 
     </span>
    </p>
   </div>
   <div class='ocr_carea' id='block_1_69' title="bbox 176 4360 1747 4432">
    <p class='ocr_par' dir='ltr' id='par_1_69' title="bbox 176 4360 1747 4432">
     <span class='ocr_line' id='line_1_71' title="bbox 176 4360 1747 4432; baseline 0.003 -21"><span class='ocrx_word' id='word_1_400' title='bbox 176 4360 465 4429; x_wconf 77' lang='grc' dir='ltr'>σπλάγχνα</span> <span class='ocrx_word' id='word_1_401' title='bbox 514 4376 609 4413; x_wconf 87' lang='grc' dir='ltr'><strong>σου</strong></span> <span class='ocrx_word' id='word_1_402' title='bbox 657 4361 749 4413; x_wconf 73' lang='grc' dir='ltr'>ἐπὶ</span> <span class='ocrx_word' id='word_1_403' title='bbox 792 4361 949 4414; x_wconf 88' lang='grc' dir='ltr'>πόλιν</span> <span class='ocrx_word' id='word_1_404' title='bbox 994 4362 1089 4415; x_wconf 82' lang='grc' dir='ltr'>καὶ</span> <span class='ocrx_word' id='word_1_405' title='bbox 1128 4363 1257 4416; x_wconf 78' lang='grc' dir='ltr'>λαὸν</span> <span class='ocrx_word' id='word_1_406' title='bbox 1294 4363 1597 4432; x_wconf 84' lang='grc' dir='ltr'>συμπαθῶς</span> <span class='ocrx_word' id='word_1_407' title='bbox 1636 4364 1747 4416; x_wconf 85' lang='grc' dir='ltr'>δει-</span> 
     </span>
    </p>
   </div>
   <div class='ocr_carea' id='block_1_70' title="bbox 174 4449 1751 4525">
    <p class='ocr_par' dir='ltr' id='par_1_70' title="bbox 174 4449 1751 4525">
     <span class='ocr_line' id='line_1_72' title="bbox 174 4449 1751 4525; baseline 0.002 -22"><span class='ocrx_word' id='word_1_408' title='bbox 174 4449 433 4515; x_wconf 85' lang='grc' dir='ltr'>κνύουσα,</span> <span class='ocrx_word' id='word_1_409' title='bbox 463 4450 690 4521; x_wconf 84' lang='grc' dir='ltr'>σεισμοῦ</span> <span class='ocrx_word' id='word_1_410' title='bbox 716 4451 1020 4524; x_wconf 82' lang='grc' dir='ltr'>βαρυτάτου</span> <span class='ocrx_word' id='word_1_411' title='bbox 1048 4455 1142 4507; x_wconf 75' lang='grc' dir='ltr'>καὶ</span> <span class='ocrx_word' id='word_1_412' title='bbox 1168 4453 1373 4525; x_wconf 76' lang='grc' dir='ltr'>φθορᾶς</span> <span class='ocrx_word' id='word_1_413' title='bbox 1404 4455 1552 4525; x_wconf 78' lang='grc' dir='ltr'>ἡμᾶς</span> <span class='ocrx_word' id='word_1_414' title='bbox 1578 4453 1751 4507; x_wconf 86' lang='grc' dir='ltr'>ἀπάλ-</span> 
     </span>
    </p>
   </div>
   <div class='ocr_carea' id='block_1_71' title="bbox 173 4540 417 4606">
    <p class='ocr_par' dir='ltr' id='par_1_71' title="bbox 173 4540 417 4606">
     <span class='ocr_line' id='line_1_73' title="bbox 173 4540 417 4606; baseline 0 -11"><span class='ocrx_word' id='word_1_415' title='bbox 173 4540 356 4606; x_wconf 78' lang='grc' dir='ltr'>λαξον.</span> <span class='ocrx_word' id='word_1_416' title='bbox 411 4588 417 4606; x_wconf 65' lang='grc'><strong>,</strong></span> 
     </span>
    </p>
   </div>
   <div class='ocr_carea' id='block_1_72' title="bbox 256 4599 1728 4709">
    <p class='ocr_par' dir='ltr' id='par_1_72' title="bbox 256 4599 1728 4709">
     <span class='ocr_line' id='line_1_74' title="bbox 256 4599 1728 4709; baseline 0.005 -21"><span class='ocrx_word' id='word_1_417' title='bbox 256 4599 322 4688; x_wconf 61' lang='lat' dir='ltr'><strong>:H</strong></span> <span class='ocrx_word' id='word_1_418' title='bbox 355 4599 493 4704; x_wconf 69' lang='grc' dir='ltr'>μύνη</span> <span class='ocrx_word' id='word_1_419' title='bbox 521 4630 654 4689; x_wconf 84' lang='grc' dir='ltr'>οῦσα</span> <span class='ocrx_word' id='word_1_420' title='bbox 687 4635 868 4707; x_wconf 80' lang='grc' dir='ltr'>ἀγαθὴ</span> <span class='ocrx_word' id='word_1_421' title='bbox 916 4638 1007 4691; x_wconf 65' lang='grc' dir='ltr'>τὸν</span> <span class='ocrx_word' id='word_1_422' title='bbox 1036 4638 1347 4707; x_wconf 80' lang='grc' dir='ltr'>πανάγαθον</span> <span class='ocrx_word' id='word_1_423' title='bbox 1376 4641 1550 4709; x_wconf 81' lang='grc' dir='ltr'>Λόγον</span> <span class='ocrx_word' id='word_1_424' title='bbox 1590 4644 1728 4697; x_wconf 76' lang='grc' dir='ltr'>ἐκτε-</span> 
     </span>
    </p>
   </div>
   <div class='ocr_carea' id='block_1_73' title="bbox 170 4726 1745 4806">
    <p class='ocr_par' dir='ltr' id='par_1_73' title="bbox 170 4726 1745 4806">
     <span class='ocr_line' id='line_1_75' title="bbox 170 4726 1745 4806; baseline 0.007 -27"><span class='ocrx_word' id='word_1_425' title='bbox 170 4726 281 4790; x_wconf 90' lang='grc' dir='ltr'><strong>νῶς</strong></span> <span class='ocrx_word' id='word_1_426' title='bbox 307 4727 616 4781; x_wconf 82' lang='grc' dir='ltr'>ὲκδυσὼπει</span> <span class='ocrx_word' id='word_1_427' title='bbox 655 4729 757 4797; x_wconf 86' lang='grc' dir='ltr'>τῆς</span> <span class='ocrx_word' id='word_1_428' title='bbox 798 4729 1045 4801; x_wconf 76' lang='grc' dir='ltr'>ἀνάγκης</span> <span class='ocrx_word' id='word_1_429' title='bbox 1089 4731 1185 4785; x_wconf 90' lang='grc' dir='ltr'><strong>τοῦ</strong></span> <span class='ocrx_word' id='word_1_430' title='bbox 1216 4733 1441 4802; x_wconf 83' lang='grc' dir='ltr'>σεισμοῦ</span> <span class='ocrx_word' id='word_1_431' title='bbox 1478 4734 1745 4806; x_wconf 82' lang='grc' dir='ltr'>ρυσθῆναι</span> 
     </span>
    </p>
   </div>
   <div class='ocr_carea' id='block_1_74' title="bbox 174 4819 1432 4896">
    <p class='ocr_par' dir='ltr' id='par_1_74' title="bbox 174 4819 1432 4896">
     <span class='ocr_line' id='line_1_76' title="bbox 174 4819 1432 4896; baseline 0.006 -24"><span class='ocrx_word' id='word_1_432' title='bbox 174 4819 359 4890; x_wconf 75' lang='grc' dir='ltr'>πάσης</span> <span class='ocrx_word' id='word_1_433' title='bbox 391 4820 565 4891; x_wconf 78' lang='grc' dir='ltr'>ὀργῆς</span> <span class='ocrx_word' id='word_1_434' title='bbox 585 4859 602 4885; x_wconf 96' lang='grc'><strong>,</strong></span> <span class='ocrx_word' id='word_1_435' title='bbox 633 4820 863 4875; x_wconf 85' lang='grc' dir='ltr'>Θεοτόκε</span> <span class='ocrx_word' id='word_1_436' title='bbox 891 4822 1148 4893; x_wconf 82' lang='grc' dir='ltr'>ἄχραντε,</span> <span class='ocrx_word' id='word_1_437' title='bbox 1178 4824 1432 4896; x_wconf 83' lang='grc' dir='ltr'>δεόμεθα.</span> 
     </span>
    </p>
   </div>
   <div class='ocr_carea' id='block_1_75' title="bbox 243 5007 1745 5087">
    <p class='ocr_par' dir='ltr' id='par_1_75' title="bbox 243 5007 1745 5087">
     <span class='ocr_line' id='line_1_77' title="bbox 243 5007 1745 5087; baseline 0.004 -24"><span class='ocrx_word' id='word_1_438' title='bbox 243 5008 391 5063; x_wconf 79' lang='grc' dir='ltr'>Ναόν</span> <span class='ocrx_word' id='word_1_439' title='bbox 414 5025 498 5074; x_wconf 83' lang='grc' dir='ltr'><strong>σε,</strong></span> <span class='ocrx_word' id='word_1_440' title='bbox 524 5009 812 5077; x_wconf 82' lang='grc' dir='ltr'>Δέσποινα,</span> <span class='ocrx_word' id='word_1_441' title='bbox 842 5007 978 5063; x_wconf 87' lang='grc' dir='ltr'>Θεοῦ</span> <span class='ocrx_word' id='word_1_442' title='bbox 1006 5008 1363 5079; x_wconf 81' lang='grc' dir='ltr'>γινώσκοντες</span> <span class='ocrx_word' id='word_1_443' title='bbox 1387 5012 1445 5066; x_wconf 69' lang='grc' dir='ltr'>ιν</span> <span class='ocrx_word' id='word_1_444' title='bbox 1472 5013 1610 5085; x_wconf 88' lang='grc' dir='ltr'>ἀγίῳ</span> <span class='ocrx_word' id='word_1_445' title='bbox 1630 5014 1745 5087; x_wconf 82' lang='grc' dir='ltr'>ναῷ</span> 
     </span>
    </p>
   </div>
   <div class='ocr_carea' id='block_1_76' title="bbox 175 5099 1746 5175">
    <p class='ocr_par' dir='ltr' id='par_1_76' title="bbox 175 5099 1746 5175">
     <span class='ocr_line' id='line_1_78' title="bbox 175 5099 1746 5175; baseline 0.006 -22"><span class='ocrx_word' id='word_1_446' title='bbox 175 5118 269 5153; x_wconf 88' lang='grc' dir='ltr'><strong>σου</strong></span> <span class='ocrx_word' id='word_1_447' title='bbox 300 5102 495 5171; x_wconf 86' lang='grc' dir='ltr'>χεῖρας</span> <span class='ocrx_word' id='word_1_448' title='bbox 524 5099 751 5171; x_wconf 75' lang='grc' dir='ltr'>οἰκτρὰς</span> <span class='ocrx_word' id='word_1_449' title='bbox 792 5101 1020 5173; x_wconf 77' lang='grc' dir='ltr'>αἴρομεν</span> <span class='ocrx_word' id='word_1_450' title='bbox 1052 5104 1131 5166; x_wconf 87' lang='grc' dir='ltr'>εἰς</span> <span class='ocrx_word' id='word_1_451' title='bbox 1169 5102 1373 5172; x_wconf 80' lang='grc' dir='ltr'>δέησιν⁴</span> <span class='ocrx_word' id='word_1_452' title='bbox 1408 5104 1482 5158; x_wconf 85' lang='grc' dir='ltr'>ίδε</span> <span class='ocrx_word' id='word_1_453' title='bbox 1511 5106 1611 5175; x_wconf 78' lang='grc' dir='ltr'><strong>τὴν</strong></span> <span class='ocrx_word' id='word_1_454' title='bbox 1644 5107 1746 5161; x_wconf 85' lang='grc' dir='ltr'>κά-</span> 
     </span>
    </p>
   </div>
   <div class='ocr_carea' id='block_1_77' title="bbox 173 5193 1425 5268">
    <p class='ocr_par' dir='ltr' id='par_1_77' title="bbox 173 5193 1425 5268">
     <span class='ocr_line' id='line_1_79' title="bbox 173 5193 1425 5268; baseline 0.004 -21"><span class='ocrx_word' id='word_1_455' title='bbox 173 5211 344 5248; x_wconf 88' lang='grc' dir='ltr'>κωσιν</span> <span class='ocrx_word' id='word_1_456' title='bbox 375 5195 553 5265; x_wconf 78' lang='grc' dir='ltr'>ἡμῶν,</span> <span class='ocrx_word' id='word_1_457' title='bbox 585 5194 680 5247; x_wconf 76' lang='grc' dir='ltr'><strong>καὶ</strong></span> <span class='ocrx_word' id='word_1_458' title='bbox 710 5193 991 5267; x_wconf 80' lang='grc' dir='ltr'>παράσχου</span> <span class='ocrx_word' id='word_1_459' title='bbox 1018 5195 1116 5265; x_wconf 77' lang='grc' dir='ltr'>τὴν</span> <span class='ocrx_word' id='word_1_460' title='bbox 1151 5194 1425 5268; x_wconf 84' lang='grc' dir='ltr'>βοήθειαν.</span> 
     </span>
    </p>
   </div>
   <div class='ocr_carea' id='block_1_78' title="bbox 245 5367 1740 5450">
    <p class='ocr_par' dir='ltr' id='par_1_78' title="bbox 245 5367 1740 5450">
     <span class='ocr_line' id='line_1_80' title="bbox 245 5367 1740 5450; baseline 0.003 -23"><span class='ocrx_word' id='word_1_461' title='bbox 245 5372 364 5427; x_wconf 82' lang='grc' dir='ltr'>Νῦν</span> <span class='ocrx_word' id='word_1_462' title='bbox 394 5371 645 5443; x_wconf 79' lang='grc' dir='ltr'>βοηθείας</span> <span class='ocrx_word' id='word_1_463' title='bbox 674 5367 804 5444; x_wconf 78' lang='grc' dir='ltr'>ἦλθε</span> <span class='ocrx_word' id='word_1_464' title='bbox 832 5373 1042 5444; x_wconf 75' lang='grc' dir='ltr'>καιρὸς,</span> <span class='ocrx_word' id='word_1_465' title='bbox 1064 5374 1158 5428; x_wconf 87' lang='grc' dir='ltr'><strong>νῦν</strong></span> <span class='ocrx_word' id='word_1_466' title='bbox 1190 5374 1534 5446; x_wconf 82' lang='grc' dir='ltr'>καταλλαγῆς</span> <span class='ocrx_word' id='word_1_467' title='bbox 1564 5377 1740 5450; x_wconf 82' lang='grc' dir='ltr'>χρεία,</span> 
     </span>
    </p>
   </div>
   <div class='ocr_carea' id='block_1_79' title="bbox 174 5467 1745 5539">
    <p class='ocr_par' dir='ltr' id='par_1_79' title="bbox 174 5467 1745 5539">
     <span class='ocr_line' id='line_1_81' title="bbox 174 5467 1745 5539; baseline 0.001 -16"><span class='ocrx_word' id='word_1_468' title='bbox 174 5468 342 5539; x_wconf 59' lang='lat' dir='ltr'><strong>om,</strong></span> <span class='ocrx_word' id='word_1_469' title='bbox 369 5467 507 5538; x_wconf 73' lang='grc' dir='ltr'>πρὸς</span> <span class='ocrx_word' id='word_1_470' title='bbox 542 5467 633 5522; x_wconf 79' lang='grc' dir='ltr'>τὸν</span> <span class='ocrx_word' id='word_1_471' title='bbox 660 5468 787 5521; x_wconf 81' lang='grc' dir='ltr'>Υίόν</span> <span class='ocrx_word' id='word_1_472' title='bbox 827 5484 920 5521; x_wconf 88' lang='grc' dir='ltr'><strong>σου</strong></span> <span class='ocrx_word' id='word_1_473' title='bbox 967 5468 1062 5521; x_wconf 69' lang='grc' dir='ltr'>καὶ</span> <span class='ocrx_word' id='word_1_474' title='bbox 1096 5468 1317 5539; x_wconf 83' lang='grc' dir='ltr'>Κύριον,</span> <span class='ocrx_word' id='word_1_475' title='bbox 1355 5469 1505 5534; x_wconf 86' lang='grc' dir='ltr'>ὅπως</span> <span class='ocrx_word' id='word_1_476' title='bbox 1544 5473 1745 5525; x_wconf 78' lang='grc' dir='ltr'>οἰκτει-</span> 
     </span>
    </p>
   </div>
   <div class='ocr_carea' id='block_1_80' title="bbox 177 5559 1743 5634">
    <p class='ocr_par' dir='ltr' id='par_1_80' title="bbox 177 5559 1743 5634">
     <span class='ocr_line' id='line_1_82' title="bbox 177 5559 1743 5634; baseline 0.003 -22"><span class='ocrx_word' id='word_1_477' title='bbox 177 5564 319 5632; x_wconf 81' lang='grc' dir='ltr'>ρήσῃ</span> <span class='ocrx_word' id='word_1_478' title='bbox 352 5559 866 5631; x_wconf 80' lang='grc' dir='ltr'>προσκεκρουκότας</span> <span class='ocrx_word' id='word_1_479' title='bbox 909 5560 1079 5631; x_wconf 70' lang='grc' dir='ltr'>ἡμᾶς,</span> <span class='ocrx_word' id='word_1_480' title='bbox 1111 5560 1205 5613; x_wconf 78' lang='grc' dir='ltr'>καὶ</span> <span class='ocrx_word' id='word_1_481' title='bbox 1243 5561 1341 5630; x_wconf 85' lang='grc' dir='ltr'><strong>τῆς</strong></span> <span class='ocrx_word' id='word_1_482' title='bbox 1389 5560 1743 5634; x_wconf 64' lang='grc' dir='ltr'>ἐπικειμένης</span> 
     </span>
    </p>
   </div>
   <div class='ocr_carea' id='block_1_81' title="bbox 175 5652 739 5725">
    <p class='ocr_par' dir='ltr' id='par_1_81' title="bbox 175 5652 739 5725">
     <span class='ocr_line' id='line_1_83' title="bbox 175 5652 739 5725; baseline -0.002 -17"><span class='ocrx_word' id='word_1_483' title='bbox 175 5653 349 5725; x_wconf 76' lang='grc' dir='ltr'>ὀργῆς</span> <span class='ocrx_word' id='word_1_484' title='bbox 377 5652 739 5723; x_wconf 82' lang='grc' dir='ltr'>λυτρώσηται.</span> 
     </span>
    </p>
   </div>
   <div class='ocr_carea' id='block_1_82' title="bbox 259 5743 1745 5817">
    <p class='ocr_par' dir='ltr' id='par_1_82' title="bbox 259 5743 1745 5817">
     <span class='ocr_line' id='line_1_84' title="bbox 259 5743 1745 5817; baseline 0.001 -18"><span class='ocrx_word' id='word_1_485' title='bbox 259 5745 416 5812; x_wconf 79' lang='grc' dir='ltr'>’Δγία</span> <span class='ocrx_word' id='word_1_486' title='bbox 453 5743 755 5814; x_wconf 81' lang='grc' dir='ltr'>Θεόνυμφε,</span> <span class='ocrx_word' id='word_1_487' title='bbox 798 5744 1174 5817; x_wconf 76' lang='grc' dir='ltr'>ἀπορούμενον</span> <span class='ocrx_word' id='word_1_488' title='bbox 1206 5746 1322 5799; x_wconf 76' lang='grc' dir='ltr'>νυνὶ</span> <span class='ocrx_word' id='word_1_489' title='bbox 1362 5746 1455 5801; x_wconf 66' lang='grc' dir='ltr'>τὸν</span> <span class='ocrx_word' id='word_1_490' title='bbox 1486 5746 1575 5800; x_wconf 65' lang='grc' dir='ltr'><strong>σον</strong></span> <span class='ocrx_word' id='word_1_491' title='bbox 1616 5746 1745 5800; x_wconf 78' lang='grc' dir='ltr'>λαὸν</span> 
     </span>
    </p>
   </div>
   <div class='ocr_carea' id='block_1_83' title="bbox 176 5834 1742 5910">
    <p class='ocr_par' dir='ltr' id='par_1_83' title="bbox 176 5834 1742 5910">
     <span class='ocr_line' id='line_1_85' title="bbox 176 5834 1742 5910; baseline -0.003 -17"><span class='ocrx_word' id='word_1_492' title='bbox 176 5839 542 5910; x_wconf 61' lang='grc' dir='ltr'>τίκτεέρησον,</span> <span class='ocrx_word' id='word_1_493' title='bbox 598 5834 694 5891; x_wconf 85' lang='grc' dir='ltr'>καὶ</span> <span class='ocrx_word' id='word_1_494' title='bbox 746 5837 1044 5909; x_wconf 82' lang='grc' dir='ltr'>μητρικαῖς</span> <span class='ocrx_word' id='word_1_495' title='bbox 1097 5836 1416 5908; x_wconf 75' lang='grc' dir='ltr'>πρεσϐείαις</span> <span class='ocrx_word' id='word_1_496' title='bbox 1474 5837 1572 5904; x_wconf 65' lang='grc' dir='ltr'><strong>τὴν</strong></span> <span class='ocrx_word' id='word_1_497' title='bbox 1618 5838 1742 5890; x_wconf 68' lang='grc' dir='ltr'><strong>κτιν</strong></span> 
     </span>
    </p>
   </div>
   <div class='ocr_carea' id='block_1_84' title="bbox 1850 3324 3420 3398">
    <p class='ocr_par' dir='ltr' id='par_1_84' title="bbox 1850 3324 3420 3398">
     <span class='ocr_line' id='line_1_86' title="bbox 1850 3324 3420 3398; baseline -0.001 -18"><span class='ocrx_word' id='word_1_498' title='bbox 1850 3327 2029 3391; x_wconf 71' lang='lat' dir='ltr'><strong>enisa,</strong></span> <span class='ocrx_word' id='word_1_499' title='bbox 2057 3339 2090 3379; x_wconf 87' lang='grc' dir='ltr'>ο</span> <span class='ocrx_word' id='word_1_500' title='bbox 2121 3324 2216 3380; x_wconf 87' lang='lat' dir='ltr'><strong>Dei</strong></span> <span class='ocrx_word' id='word_1_501' title='bbox 2247 3325 2480 3395; x_wconf 82' lang='lat' dir='ltr'><strong>genitrix</strong></span> <span class='ocrx_word' id='word_1_502' title='bbox 2510 3325 2757 3388; x_wconf 89' lang='lat' dir='ltr'><strong>Domina,</strong></span> <span class='ocrx_word' id='word_1_503' title='bbox 2801 3336 3098 3398; x_wconf 81' lang='lat' dir='ltr'><strong>martyrum</strong></span> <span class='ocrx_word' id='word_1_504' title='bbox 3139 3325 3329 3395; x_wconf 76' lang='lat' dir='ltr'><strong>gloria,</strong></span> <span class='ocrx_word' id='word_1_505' title='bbox 3364 3333 3420 3379; x_wconf 85' lang='lat' dir='ltr'><strong>et</strong></span> 
     </span>
    </p>
   </div>
   <div class='ocr_carea' id='block_1_85' title="bbox 1849 3417 2842 3477">
    <p class='ocr_par' dir='ltr' id='par_1_85' title="bbox 1849 3417 2842 3477">
     <span class='ocr_line' id='line_1_87' title="bbox 1849 3417 2842 3477; baseline 0.001 -3"><span class='ocrx_word' id='word_1_506' title='bbox 1849 3417 2134 3474; x_wconf 83' lang='lat' dir='ltr'><strong>hominum</strong></span> <span class='ocrx_word' id='word_1_507' title='bbox 2162 3417 2313 3476; x_wconf 81' lang='lat' dir='ltr'><strong>salus</strong></span> <span class='ocrx_word' id='word_1_508' title='bbox 2335 3418 2842 3477; x_wconf 76' lang='lat' dir='ltr'><strong>acnmnimentum.</strong></span> 
     </span>
    </p>
   </div>
   <div class='ocr_carea' id='block_1_86' title="bbox 1921 3593 3418 3661">
    <p class='ocr_par' dir='ltr' id='par_1_86' title="bbox 1921 3593 3418 3661">
     <span class='ocr_line' id='line_1_88' title="bbox 1921 3593 3418 3661; baseline 0 -12"><span class='ocrx_word' id='word_1_509' title='bbox 1921 3594 2084 3651; x_wconf 86' lang='lat' dir='ltr'><strong>Lucis</strong></span> <span class='ocrx_word' id='word_1_510' title='bbox 2107 3594 2475 3650; x_wconf 81' lang='lat' dir='ltr'><strong>habitaculum</strong></span> <span class='ocrx_word' id='word_1_511' title='bbox 2505 3610 2628 3649; x_wconf 91' lang='lat' dir='ltr'><strong>cum</strong></span> <span class='ocrx_word' id='word_1_512' title='bbox 2662 3594 2817 3661; x_wconf 90' lang='lat' dir='ltr'><strong>sis,o</strong></span> <span class='ocrx_word' id='word_1_513' title='bbox 2843 3603 3015 3657; x_wconf 84' lang='lat' dir='ltr'><strong>casta,</strong></span> <span class='ocrx_word' id='word_1_514' title='bbox 3055 3593 3252 3648; x_wconf 71' lang='lat' dir='ltr'><strong>animae</strong></span> <span class='ocrx_word' id='word_1_515' title='bbox 3285 3609 3418 3649; x_wconf 70' lang='lat' dir='ltr'><strong>mea:</strong></span> 
     </span>
    </p>
   </div>
   <div class='ocr_carea' id='block_1_87' title="bbox 1850 3687 3420 3760">
    <p class='ocr_par' dir='ltr' id='par_1_87' title="bbox 1850 3687 3420 3760">
     <span class='ocr_line' id='line_1_89' title="bbox 1850 3687 3420 3760; baseline -0.003 -16"><span class='ocrx_word' id='word_1_516' title='bbox 1850 3690 2083 3760; x_wconf 87' lang='lat' dir='ltr'><strong>pupillas</strong></span> <span class='ocrx_word' id='word_1_517' title='bbox 2115 3688 2389 3753; x_wconf 91' lang='lat' dir='ltr'><strong>illumina,</strong></span> <span class='ocrx_word' id='word_1_518' title='bbox 2414 3688 2626 3744; x_wconf 89' lang='lat' dir='ltr'><strong>incuria</strong></span> <span class='ocrx_word' id='word_1_519' title='bbox 2666 3688 3027 3750; x_wconf 87' lang='lat' dir='ltr'><strong>obscuratas,</strong></span> <span class='ocrx_word' id='word_1_520' title='bbox 3070 3697 3123 3741; x_wconf 90' lang='lat' dir='ltr'><strong>et</strong></span> <span class='ocrx_word' id='word_1_521' title='bbox 3167 3687 3420 3740; x_wconf 85' lang='lat' dir='ltr'><strong>tenebras</strong></span> 
     </span>
    </p>
   </div>
   <div class='ocr_carea' id='block_1_88' title="bbox 1850 3781 3419 3854">
    <p class='ocr_par' dir='ltr' id='par_1_88' title="bbox 1850 3781 3419 3854">
     <span class='ocr_line' id='line_1_90' title="bbox 1850 3781 3419 3854; baseline -0.002 -17"><span class='ocrx_word' id='word_1_522' title='bbox 1850 3782 2305 3854; x_wconf 82' lang='lat' dir='ltr'><strong>profundissimas</strong></span> <span class='ocrx_word' id='word_1_523' title='bbox 2332 3782 2694 3853; x_wconf 67' lang='lat' dir='ltr'><strong>negligentiae,</strong></span> <span class='ocrx_word' id='word_1_524' title='bbox 2736 3783 2936 3853; x_wconf 88' lang='lat' dir='ltr'><strong>quibus</strong></span> <span class='ocrx_word' id='word_1_525' title='bbox 2974 3781 3419 3852; x_wconf 88' lang='lat' dir='ltr'><strong>scmperinvolu—</strong></span> 
     </span>
    </p>
   </div>
   <div class='ocr_carea' id='block_1_89' title="bbox 1849 3873 3415 3945">
    <p class='ocr_par' dir='ltr' id='par_1_89' title="bbox 1849 3873 3415 3945">
     <span class='ocr_line' id='line_1_91' title="bbox 1849 3873 3415 3945; baseline -0.002 -12"><span class='ocrx_word' id='word_1_526' title='bbox 1849 3887 1937 3933; x_wconf 92' lang='lat' dir='ltr'><strong>tus</strong></span> <span class='ocrx_word' id='word_1_527' title='bbox 1959 3893 2103 3945; x_wconf 72' lang='lat' dir='ltr'><strong>simi,</strong></span> <span class='ocrx_word' id='word_1_528' title='bbox 2169 3884 2227 3933; x_wconf 89' lang='lat' dir='ltr'><strong>ut</strong></span> <span class='ocrx_word' id='word_1_529' title='bbox 2258 3885 2310 3933; x_wconf 90' lang='lat' dir='ltr'><strong>te</strong></span> <span class='ocrx_word' id='word_1_530' title='bbox 2355 3891 2477 3932; x_wconf 90' lang='lat' dir='ltr'><strong>cum</strong></span> <span class='ocrx_word' id='word_1_531' title='bbox 2520 3875 2623 3931; x_wconf 87' lang='lat' dir='ltr'><strong>tide</strong></span> <span class='ocrx_word' id='word_1_532' title='bbox 2656 3876 2982 3943; x_wconf 79' lang='lat' dir='ltr'><strong>beatiﬁcem,</strong></span> <span class='ocrx_word' id='word_1_533' title='bbox 3020 3890 3053 3931; x_wconf 90' lang='grc' dir='ltr'>ο</span> <span class='ocrx_word' id='word_1_534' title='bbox 3102 3873 3415 3945; x_wconf 76' lang='lat' dir='ltr'><strong>purissima.</strong></span> 
     </span>
    </p>
   </div>
   <div class='ocr_carea' id='block_1_90' title="bbox 1849 4048 3419 4121">
    <p class='ocr_par' dir='ltr' id='par_1_90' title="bbox 1849 4048 3419 4121">
     <span class='ocr_line' id='line_1_92' title="bbox 1849 4048 3419 4121; baseline -0.001 -14"><span class='ocrx_word' id='word_1_535' title='bbox 1849 4052 1934 4108; x_wconf 73' lang='lat' dir='ltr'><strong>Ex</strong></span> <span class='ocrx_word' id='word_1_536' title='bbox 1957 4052 2167 4107; x_wconf 79' lang='lat' dir='ltr'><strong>Conone</strong></span> <span class='ocrx_word' id='word_1_537' title='bbox 2185 4052 2236 4106; x_wconf 81' lang='lat' dir='ltr'><strong>in</strong></span> <span class='ocrx_word' id='word_1_538' title='bbox 2264 4051 2517 4105; x_wconf 81' lang='lat' dir='ltr'><strong>memoria</strong></span> <span class='ocrx_word' id='word_1_539' title='bbox 2538 4049 2813 4121; x_wconf 80' lang='lat' dir='ltr'><strong>cujusdam</strong></span> <span class='ocrx_word' id='word_1_540' title='bbox 2832 4059 2985 4105; x_wconf 70' lang='lat' dir='ltr'><strong>terra</strong></span> <span class='ocrx_word' id='word_1_541' title='bbox 3009 4059 3200 4117; x_wconf 76' lang='lat' dir='ltr'><strong>motus,</strong></span> <span class='ocrx_word' id='word_1_542' title='bbox 3224 4050 3308 4105; x_wconf 78' lang='lat' dir='ltr'><strong>die</strong></span> <span class='ocrx_word' id='word_1_543' title='bbox 3326 4048 3419 4105; x_wconf 78' lang='lat'><strong>26.</strong></span> 
     </span>
    </p>
   </div>
   <div class='ocr_carea' id='block_1_91' title="bbox 1921 4269 3415 4345">
    <p class='ocr_par' dir='ltr' id='par_1_91' title="bbox 1921 4269 3415 4345">
     <span class='ocr_line' id='line_1_93' title="bbox 1921 4269 3415 4345; baseline -0.003 -15"><span class='ocrx_word' id='word_1_544' title='bbox 1921 4273 2250 4345; x_wconf 84' lang='lat' dir='ltr'><strong>Suppliciter</strong></span> <span class='ocrx_word' id='word_1_545' title='bbox 2298 4271 2366 4328; x_wconf 85' lang='lat' dir='ltr'><strong>ad</strong></span> <span class='ocrx_word' id='word_1_546' title='bbox 2397 4278 2450 4326; x_wconf 88' lang='lat' dir='ltr'><strong>te</strong></span> <span class='ocrx_word' id='word_1_547' title='bbox 2481 4284 2803 4339; x_wconf 77' lang='lat' dir='ltr'><strong>clamamus,</strong></span> <span class='ocrx_word' id='word_1_548' title='bbox 2844 4270 2940 4326; x_wconf 88' lang='lat' dir='ltr'><strong>Dei</strong></span> <span class='ocrx_word' id='word_1_549' title='bbox 2969 4269 3139 4328; x_wconf 72' lang='lat' dir='ltr'><strong>Mater</strong></span> <span class='ocrx_word' id='word_1_550' title='bbox 3160 4313 3175 4339; x_wconf 94' lang='lat'><strong>,</strong></span> <span class='ocrx_word' id='word_1_551' title='bbox 3200 4282 3260 4328; x_wconf 91' lang='lat' dir='ltr'><strong>ut</strong></span> <span class='ocrx_word' id='word_1_552' title='bbox 3283 4287 3415 4329; x_wconf 81' lang='lat' dir='ltr'><strong>can-</strong></span> 
     </span>
    </p>
   </div>
   <div class='ocr_carea' id='block_1_92' title="bbox 1849 4362 3417 4432">
    <p class='ocr_par' dir='ltr' id='par_1_92' title="bbox 1849 4362 3417 4432">
     <span class='ocr_line' id='line_1_94' title="bbox 1849 4362 3417 4432; baseline -0.003 -9"><span class='ocrx_word' id='word_1_553' title='bbox 1849 4375 2018 4424; x_wconf 73' lang='lat' dir='ltr'><strong>suetze</strong></span> <span class='ocrx_word' id='word_1_554' title='bbox 2048 4364 2439 4422; x_wconf 46' lang='lat' dir='ltr'><strong>misericordiae</strong></span> <span class='ocrx_word' id='word_1_555' title='bbox 2472 4374 2578 4419; x_wconf 70' lang='lat' dir='ltr'><strong>tua:</strong></span> <span class='ocrx_word' id='word_1_556' title='bbox 2610 4362 2816 4419; x_wconf 83' lang='lat' dir='ltr'><strong>viscera</strong></span> <span class='ocrx_word' id='word_1_557' title='bbox 2861 4377 3027 4432; x_wconf 82' lang='lat' dir='ltr'><strong>super</strong></span> <span class='ocrx_word' id='word_1_558' title='bbox 3059 4363 3198 4419; x_wconf 86' lang='lat' dir='ltr'><strong>hanc</strong></span> <span class='ocrx_word' id='word_1_559' title='bbox 3226 4364 3417 4419; x_wconf 91' lang='lat' dir='ltr'><strong>civita-</strong></span> 
     </span>
    </p>
   </div>
   <div class='ocr_carea' id='block_1_93' title="bbox 1853 4456 3419 4529">
    <p class='ocr_par' dir='ltr' id='par_1_93' title="bbox 1853 4456 3419 4529">
     <span class='ocr_line' id='line_1_95' title="bbox 1853 4456 3419 4529; baseline -0.002 -14"><span class='ocrx_word' id='word_1_560' title='bbox 1853 4470 1957 4515; x_wconf 92' lang='lat' dir='ltr'><strong>tem</strong></span> <span class='ocrx_word' id='word_1_561' title='bbox 1994 4457 2359 4529; x_wconf 88' lang='lat' dir='ltr'><strong>populumque</strong></span> <span class='ocrx_word' id='word_1_562' title='bbox 2391 4456 2794 4524; x_wconf 85' lang='lat' dir='ltr'><strong>demonstrans,</strong></span> <span class='ocrx_word' id='word_1_563' title='bbox 2822 4469 2850 4509; x_wconf 85' lang='lat' dir='ltr'><strong>a</strong></span> <span class='ocrx_word' id='word_1_564' title='bbox 2903 4456 3226 4526; x_wconf 74' lang='lat' dir='ltr'><strong>gravissimo</strong></span> <span class='ocrx_word' id='word_1_565' title='bbox 3260 4466 3419 4512; x_wconf 76' lang='lat' dir='ltr'><strong>terra:</strong></span> 
     </span>
    </p>
   </div>
   <div class='ocr_carea' id='block_1_94' title="bbox 1777 4546 2701 4613">
    <p class='ocr_par' dir='ltr' id='par_1_94' title="bbox 1777 4546 2701 4613">
     <span class='ocr_line' id='line_1_96' title="bbox 1777 4546 2701 4613; baseline -0.006 -7"><span class='ocrx_word' id='word_1_566' title='bbox 1777 4553 1832 4613; x_wconf 88' lang='lat' dir='ltr'><strong>D</strong></span> <span class='ocrx_word' id='word_1_567' title='bbox 1858 4559 2006 4605; x_wconf 88' lang='lat' dir='ltr'><strong>motu</strong></span> <span class='ocrx_word' id='word_1_568' title='bbox 2044 4559 2097 4605; x_wconf 86' lang='lat' dir='ltr'><strong>ct</strong></span> <span class='ocrx_word' id='word_1_569' title='bbox 2124 4548 2339 4603; x_wconf 88' lang='lat' dir='ltr'><strong>interitu</strong></span> <span class='ocrx_word' id='word_1_570' title='bbox 2364 4562 2462 4603; x_wconf 91' lang='lat' dir='ltr'><strong>nos</strong></span> <span class='ocrx_word' id='word_1_571' title='bbox 2487 4546 2701 4602; x_wconf 84' lang='lat' dir='ltr'><strong>liberes.</strong></span> 
     </span>
    </p>
   </div>
   <div class='ocr_carea' id='block_1_95' title="bbox 1925 4634 3419 4707">
    <p class='ocr_par' dir='ltr' id='par_1_95' title="bbox 1925 4634 3419 4707">
     <span class='ocr_line' id='line_1_97' title="bbox 1925 4634 3419 4707; baseline 0.001 -17"><span class='ocrx_word' id='word_1_572' title='bbox 1925 4637 2004 4691; x_wconf 89' lang='lat' dir='ltr'><strong>Tu</strong></span> <span class='ocrx_word' id='word_1_573' title='bbox 2042 4652 2165 4707; x_wconf 66' lang='lat' dir='ltr'><strong>quae</strong></span> <span class='ocrx_word' id='word_1_574' title='bbox 2220 4636 2336 4692; x_wconf 80' lang='lat' dir='ltr'><strong>sols</strong></span> <span class='ocrx_word' id='word_1_575' title='bbox 2370 4636 2512 4691; x_wconf 85' lang='lat' dir='ltr'><strong>bona</strong></span> <span class='ocrx_word' id='word_1_576' title='bbox 2543 4651 2624 4700; x_wconf 86' lang='lat' dir='ltr'><strong>es,</strong></span> <span class='ocrx_word' id='word_1_577' title='bbox 2674 4635 2940 4705; x_wconf 88' lang='lat' dir='ltr'><strong>optimum</strong></span> <span class='ocrx_word' id='word_1_578' title='bbox 2974 4634 3208 4693; x_wconf 86' lang='lat' dir='ltr'><strong>Verbum</strong></span> <span class='ocrx_word' id='word_1_579' title='bbox 3258 4639 3419 4694; x_wconf 77' lang='lat' dir='ltr'><strong>enixe</strong></span> 
     </span>
    </p>
   </div>
   <div class='ocr_carea' id='block_1_96' title="bbox 1851 4725 3415 4799">
    <p class='ocr_par' dir='ltr' id='par_1_96' title="bbox 1851 4725 3415 4799">
     <span class='ocr_line' id='line_1_98' title="bbox 1851 4725 3415 4799; baseline -0.001 -15"><span class='ocrx_word' id='word_1_580' title='bbox 1851 4728 2165 4799; x_wconf 87' lang='lat' dir='ltr'><strong>deprecare,</strong></span> <span class='ocrx_word' id='word_1_581' title='bbox 2217 4735 2275 4781; x_wconf 90' lang='lat' dir='ltr'><strong>ut</strong></span> <span class='ocrx_word' id='word_1_582' title='bbox 2313 4741 2343 4782; x_wconf 89' lang='lat' dir='ltr'><strong>a</strong></span> <span class='ocrx_word' id='word_1_583' title='bbox 2398 4725 2840 4792; x_wconf 79' lang='lat' dir='ltr'><strong>necessitatibus,</strong></span> <span class='ocrx_word' id='word_1_584' title='bbox 2875 4727 3297 4792; x_wconf 67' lang='lat' dir='ltr'><strong>terraentotibus,</strong></span> <span class='ocrx_word' id='word_1_585' title='bbox 3329 4737 3415 4782; x_wconf 78' lang='lat' dir='ltr'><strong>at-</strong></span> 
     </span>
    </p>
   </div>
   <div class='ocr_carea' id='block_1_97' title="bbox 1850 4819 3415 4895">
    <p class='ocr_par' dir='ltr' id='par_1_97' title="bbox 1850 4819 3415 4895">
     <span class='ocr_line' id='line_1_99' title="bbox 1850 4819 3415 4895; baseline -0.002 -17"><span class='ocrx_word' id='word_1_586' title='bbox 1850 4839 1957 4895; x_wconf 90' lang='lat' dir='ltr'><strong>que</strong></span> <span class='ocrx_word' id='word_1_587' title='bbox 1984 4823 2053 4879; x_wconf 88' lang='lat' dir='ltr'><strong>ab</strong></span> <span class='ocrx_word' id='word_1_588' title='bbox 2084 4823 2338 4879; x_wconf 86' lang='lat' dir='ltr'><strong>universa</strong></span> <span class='ocrx_word' id='word_1_589' title='bbox 2374 4821 2455 4876; x_wconf 89' lang='lat' dir='ltr'><strong>ira</strong></span> <span class='ocrx_word' id='word_1_590' title='bbox 2509 4819 2823 4888; x_wconf 83' lang='lat' dir='ltr'><strong>liberemur,</strong></span> <span class='ocrx_word' id='word_1_591' title='bbox 2859 4831 3168 4890; x_wconf 81' lang='lat' dir='ltr'><strong>teoramus,</strong></span> <span class='ocrx_word' id='word_1_592' title='bbox 3224 4836 3258 4877; x_wconf 89' lang='grc' dir='ltr'>ο</span> <span class='ocrx_word' id='word_1_593' title='bbox 3288 4819 3415 4877; x_wconf 86' lang='lat' dir='ltr'><strong>Dei-</strong></span> 
     </span>
    </p>
   </div>
   <div class='ocr_carea' id='block_1_98' title="bbox 1850 4914 2306 4988">
    <p class='ocr_par' dir='ltr' id='par_1_98' title="bbox 1850 4914 2306 4988">
     <span class='ocr_line' id='line_1_100' title="bbox 1850 4914 2306 4988; baseline -0.004 -17"><span class='ocrx_word' id='word_1_594' title='bbox 1850 4929 1983 4988; x_wconf 90' lang='lat' dir='ltr'><strong>para</strong></span> <span class='ocrx_word' id='word_1_595' title='bbox 2024 4914 2306 4970; x_wconf 87' lang='lat' dir='ltr'><strong>inviolata.</strong></span> 
     </span>
    </p>
   </div>
   <div class='ocr_carea' id='block_1_99' title="bbox 1923 5004 3419 5077">
    <p class='ocr_par' dir='ltr' id='par_1_99' title="bbox 1923 5004 3419 5077">
     <span class='ocr_line' id='line_1_101' title="bbox 1923 5004 3419 5077; baseline -0.002 -15"><span class='ocrx_word' id='word_1_596' title='bbox 1923 5005 1999 5063; x_wconf 85' lang='lat' dir='ltr'><strong>Te</strong></span> <span class='ocrx_word' id='word_1_597' title='bbox 2022 5005 2116 5063; x_wconf 88' lang='lat' dir='ltr'><strong>Dei</strong></span> <span class='ocrx_word' id='word_1_598' title='bbox 2163 5007 2421 5077; x_wconf 90' lang='lat' dir='ltr'><strong>templum</strong></span> <span class='ocrx_word' id='word_1_599' title='bbox 2455 5016 2831 5077; x_wconf 83' lang='lat' dir='ltr'><strong>agnoscentes,</strong></span> <span class='ocrx_word' id='word_1_600' title='bbox 2855 5004 3104 5066; x_wconf 81' lang='lat' dir='ltr'><strong>Domina,</strong></span> <span class='ocrx_word' id='word_1_601' title='bbox 3134 5004 3185 5058; x_wconf 91' lang='lat' dir='ltr'><strong>in</strong></span> <span class='ocrx_word' id='word_1_602' title='bbox 3218 5006 3419 5074; x_wconf 54' lang='lat' dir='ltr'><strong>templo</strong></span> 
     </span>
    </p>
   </div>
   <div class='ocr_carea' id='block_1_100' title="bbox 1852 5096 3419 5165">
    <p class='ocr_par' dir='ltr' id='par_1_100' title="bbox 1852 5096 3419 5165">
     <span class='ocr_line' id='line_1_102' title="bbox 1852 5096 3419 5165; baseline -0.005 -9"><span class='ocrx_word' id='word_1_603' title='bbox 1852 5108 2042 5156; x_wconf 88' lang='lat' dir='ltr'><strong>sancto</strong></span> <span class='ocrx_word' id='word_1_604' title='bbox 2101 5109 2192 5155; x_wconf 91' lang='lat' dir='ltr'><strong>tuo</strong></span> <span class='ocrx_word' id='word_1_605' title='bbox 2232 5114 2427 5154; x_wconf 84' lang='lat' dir='ltr'><strong>manus</strong></span> <span class='ocrx_word' id='word_1_606' title='bbox 2474 5098 2812 5155; x_wconf 87' lang='lat' dir='ltr'><strong>miserandas</strong></span> <span class='ocrx_word' id='word_1_607' title='bbox 2865 5097 3179 5152; x_wconf 80' lang='lat' dir='ltr'><strong>extollimus</strong></span> <span class='ocrx_word' id='word_1_608' title='bbox 3208 5096 3419 5165; x_wconf 81' lang='lat' dir='ltr'><strong>suppli-</strong></span> 
     </span>
    </p>
   </div>
   <div class='ocr_carea' id='block_1_101' title="bbox 1852 5188 3407 5258">
    <p class='ocr_par' dir='ltr' id='par_1_101' title="bbox 1852 5188 3407 5258">
     <span class='ocr_line' id='line_1_103' title="bbox 1852 5188 3407 5258; baseline -0.001 -14"><span class='ocrx_word' id='word_1_609' title='bbox 1852 5200 2038 5244; x_wconf 88' lang='lat' dir='ltr'><strong>cantes</strong></span> <span class='ocrx_word' id='word_1_610' title='bbox 2087 5207 2099 5243; x_wconf 91' lang='lat'><strong>:</strong></span> <span class='ocrx_word' id='word_1_611' title='bbox 2132 5190 2255 5245; x_wconf 88' lang='lat' dir='ltr'><strong>vide</strong></span> <span class='ocrx_word' id='word_1_612' title='bbox 2280 5189 2625 5244; x_wconf 82' lang='lat' dir='ltr'><strong>amictionem</strong></span> <span class='ocrx_word' id='word_1_613' title='bbox 2657 5198 2922 5255; x_wconf 88' lang='lat' dir='ltr'><strong>nostram,</strong></span> <span class='ocrx_word' id='word_1_614' title='bbox 2949 5196 3004 5243; x_wconf 88' lang='lat' dir='ltr'><strong>et</strong></span> <span class='ocrx_word' id='word_1_615' title='bbox 3038 5188 3217 5258; x_wconf 66' lang='lat' dir='ltr'><strong>praebe</strong></span> <span class='ocrx_word' id='word_1_616' title='bbox 3245 5188 3407 5243; x_wconf 82' lang='lat' dir='ltr'><strong>nobis</strong></span> 
     </span>
    </p>
   </div>
   <div class='ocr_carea' id='block_1_102' title="bbox 1851 5279 2136 5336">
    <p class='ocr_par' dir='ltr' id='par_1_102' title="bbox 1851 5279 2136 5336">
     <span class='ocr_line' id='line_1_104' title="bbox 1851 5279 2136 5336; baseline 0 -1"><span class='ocrx_word' id='word_1_617' title='bbox 1851 5279 2136 5336; x_wconf 79' lang='lat' dir='ltr'><strong>auxilium.</strong></span> 
     </span>
    </p>
   </div>
   <div class='ocr_carea' id='block_1_103' title="bbox 1920 5372 3413 5443">
    <p class='ocr_par' dir='ltr' id='par_1_103' title="bbox 1920 5372 3413 5443">
     <span class='ocr_line' id='line_1_105' title="bbox 1920 5372 3413 5443; baseline -0.002 -15"><span class='ocrx_word' id='word_1_618' title='bbox 1920 5372 2076 5428; x_wconf 87' lang='lat' dir='ltr'><strong>Nunc</strong></span> <span class='ocrx_word' id='word_1_619' title='bbox 2110 5372 2256 5426; x_wconf 88' lang='lat' dir='ltr'><strong>venit</strong></span> <span class='ocrx_word' id='word_1_620' title='bbox 2286 5382 2501 5442; x_wconf 87' lang='lat' dir='ltr'><strong>tempus</strong></span> <span class='ocrx_word' id='word_1_621' title='bbox 2526 5380 2890 5443; x_wconf 90' lang='lat' dir='ltr'><strong>opportunum</strong></span> <span class='ocrx_word' id='word_1_622' title='bbox 2930 5372 3138 5436; x_wconf 81' lang='lat' dir='ltr'><strong>auxilii,</strong></span> <span class='ocrx_word' id='word_1_623' title='bbox 3170 5386 3203 5425; x_wconf 89' lang='grc' dir='ltr'>ο</span> <span class='ocrx_word' id='word_1_624' title='bbox 3230 5379 3413 5438; x_wconf 80' lang='lat' dir='ltr'><strong>casta;</strong></span> 
     </span>
    </p>
   </div>
   <div class='ocr_carea' id='block_1_104' title="bbox 1852 5465 3416 5534">
    <p class='ocr_par' dir='ltr' id='par_1_104' title="bbox 1852 5465 3416 5534">
     <span class='ocr_line' id='line_1_106' title="bbox 1852 5465 3416 5534; baseline -0.004 -14"><span class='ocrx_word' id='word_1_625' title='bbox 1852 5481 2000 5521; x_wconf 86' lang='lat' dir='ltr'><strong>nunc</strong></span> <span class='ocrx_word' id='word_1_626' title='bbox 2030 5481 2165 5534; x_wconf 87' lang='lat' dir='ltr'><strong>opus</strong></span> <span class='ocrx_word' id='word_1_627' title='bbox 2189 5474 2273 5521; x_wconf 88' lang='lat' dir='ltr'><strong>est</strong></span> <span class='ocrx_word' id='word_1_628' title='bbox 2302 5466 2747 5523; x_wconf 85' lang='lat' dir='ltr'><strong>reconciliatione</strong></span> <span class='ocrx_word' id='word_1_629' title='bbox 2770 5482 2893 5522; x_wconf 89' lang='lat' dir='ltr'><strong>cum</strong></span> <span class='ocrx_word' id='word_1_630' title='bbox 2921 5465 3058 5520; x_wconf 87' lang='lat' dir='ltr'><strong>Filio</strong></span> <span class='ocrx_word' id='word_1_631' title='bbox 3089 5474 3182 5520; x_wconf 87' lang='lat' dir='ltr'><strong>tuo</strong></span> <span class='ocrx_word' id='word_1_632' title='bbox 3209 5481 3274 5519; x_wconf 90' lang='lat' dir='ltr'><strong>ac</strong></span> <span class='ocrx_word' id='word_1_633' title='bbox 3308 5465 3416 5519; x_wconf 84' lang='lat' dir='ltr'><strong>Dn-</strong></span> 
     </span>
    </p>
   </div>
   <div class='ocr_carea' id='block_1_105' title="bbox 1852 5559 3417 5630">
    <p class='ocr_par' dir='ltr' id='par_1_105' title="bbox 1852 5559 3417 5630">
     <span class='ocr_line' id='line_1_107' title="bbox 1852 5559 3417 5630; baseline -0.001 -17"><span class='ocrx_word' id='word_1_634' title='bbox 1852 5560 2022 5623; x_wconf 89' lang='lat' dir='ltr'><strong>mino,</strong></span> <span class='ocrx_word' id='word_1_635' title='bbox 2058 5568 2115 5613; x_wconf 92' lang='lat' dir='ltr'><strong>ut</strong></span> <span class='ocrx_word' id='word_1_636' title='bbox 2153 5560 2346 5623; x_wconf 73' lang='lat' dir='ltr'><strong>nostri,</strong></span> <span class='ocrx_word' id='word_1_637' title='bbox 2378 5561 2469 5630; x_wconf 86' lang='lat' dir='ltr'><strong>qui</strong></span> <span class='ocrx_word' id='word_1_638' title='bbox 2507 5569 2713 5615; x_wconf 88' lang='lat' dir='ltr'><strong>terrore</strong></span> <span class='ocrx_word' id='word_1_639' title='bbox 2734 5559 2963 5629; x_wconf 88' lang='lat' dir='ltr'><strong>perculsi</strong></span> <span class='ocrx_word' id='word_1_640' title='bbox 3002 5573 3217 5625; x_wconf 88' lang='lat' dir='ltr'><strong>sumus,</strong></span> <span class='ocrx_word' id='word_1_641' title='bbox 3248 5560 3417 5613; x_wconf 86' lang='lat' dir='ltr'><strong>misc-</strong></span> 
     </span>
    </p>
   </div>
   <div class='ocr_carea' id='block_1_106' title="bbox 1850 5653 3067 5715">
    <p class='ocr_par' dir='ltr' id='par_1_106' title="bbox 1850 5653 3067 5715">
     <span class='ocr_line' id='line_1_108' title="bbox 1850 5653 3067 5715; baseline -0.002 -8"><span class='ocrx_word' id='word_1_642' title='bbox 1850 5662 2055 5715; x_wconf 84' lang='lat' dir='ltr'><strong>reatur,</strong></span> <span class='ocrx_word' id='word_1_643' title='bbox 2092 5662 2146 5708; x_wconf 86' lang='lat' dir='ltr'><strong>et</strong></span> <span class='ocrx_word' id='word_1_644' title='bbox 2182 5653 2250 5707; x_wconf 89' lang='lat' dir='ltr'><strong>ab</strong></span> <span class='ocrx_word' id='word_1_645' title='bbox 2283 5653 2363 5709; x_wconf 88' lang='lat' dir='ltr'><strong>ira</strong></span> <span class='ocrx_word' id='word_1_646' title='bbox 2388 5654 2703 5709; x_wconf 84' lang='lat' dir='ltr'><strong>imminente</strong></span> <span class='ocrx_word' id='word_1_647' title='bbox 2726 5655 2916 5709; x_wconf 86' lang='lat' dir='ltr'><strong>liberet</strong></span> <span class='ocrx_word' id='word_1_648' title='bbox 2942 5668 3067 5708; x_wconf 90' lang='lat' dir='ltr'><strong>nos.</strong></span> 
     </span>
    </p>
   </div>
   <div class='ocr_carea' id='block_1_107' title="bbox 1923 5743 3414 5817">
    <p class='ocr_par' dir='ltr' id='par_1_107' title="bbox 1923 5743 3414 5817">
     <span class='ocr_line' id='line_1_109' title="bbox 1923 5743 3414 5817; baseline -0.001 -18"><span class='ocrx_word' id='word_1_649' title='bbox 1923 5746 2117 5800; x_wconf 86' lang='lat' dir='ltr'><strong>Sancta</strong></span> <span class='ocrx_word' id='word_1_650' title='bbox 2158 5760 2357 5817; x_wconf 86' lang='lat' dir='ltr'><strong>sponsa</strong></span> <span class='ocrx_word' id='word_1_651' title='bbox 2385 5746 2499 5813; x_wconf 89' lang='lat' dir='ltr'><strong>Dei,</strong></span> <span class='ocrx_word' id='word_1_652' title='bbox 2528 5748 2785 5804; x_wconf 85' lang='lat' dir='ltr'><strong>miserere</strong></span> <span class='ocrx_word' id='word_1_653' title='bbox 2812 5762 2956 5802; x_wconf 90' lang='lat' dir='ltr'><strong>nunc</strong></span> <span class='ocrx_word' id='word_1_654' title='bbox 2998 5745 3182 5817; x_wconf 90' lang='lat' dir='ltr'><strong>populi</strong></span> <span class='ocrx_word' id='word_1_655' title='bbox 3225 5746 3300 5800; x_wconf 89' lang='lat' dir='ltr'><strong>tui</strong></span> <span class='ocrx_word' id='word_1_656' title='bbox 3358 5743 3414 5799; x_wconf 87' lang='lat' dir='ltr'><strong>in</strong></span> 
     </span>
    </p>
   </div>
   <div class='ocr_carea' id='block_1_108' title="bbox 1853 5837 3415 5907">
    <p class='ocr_par' dir='ltr' id='par_1_108' title="bbox 1853 5837 3415 5907">
     <span class='ocr_line' id='line_1_110' title="bbox 1853 5837 3415 5907; baseline -0.001 -15"><span class='ocrx_word' id='word_1_657' title='bbox 1853 5839 2099 5906; x_wconf 69' lang='lat' dir='ltr'><strong>angustia</strong></span> <span class='ocrx_word' id='word_1_658' title='bbox 2134 5838 2332 5907; x_wconf 84' lang='lat' dir='ltr'><strong>positi;</strong></span> <span class='ocrx_word' id='word_1_659' title='bbox 2390 5848 2445 5898; x_wconf 85' lang='lat' dir='ltr'><strong>et</strong></span> <span class='ocrx_word' id='word_1_660' title='bbox 2497 5840 2755 5895; x_wconf 74' lang='lat' dir='ltr'><strong>maternis</strong></span> <span class='ocrx_word' id='word_1_661' title='bbox 2808 5839 3292 5895; x_wconf 71' lang='lat' dir='ltr'><strong>intercessionibus</strong></span> <span class='ocrx_word' id='word_1_662' title='bbox 3324 5837 3415 5892; x_wconf 76' lang='lat' dir='ltr'><strong>iu-</strong></span> 
     </span>
    </p>
   </div>
  </div>
