4166 6458
746 395 764 456 ]
778 395 880 456 223

1871 389 1931 446 S.
1967 387 2279 449 JOSEPHI
2317 381 2873 446 IIYMNOGRAPIII

3849 381 3985 443 1224

737 505 1105 576 dignationem
1165 501 1256 556 Dei
1306 509 1496 555 contra
1554 513 1652 553 nos
1709 497 1854 563 cito,
1923 507 1976 554 te
2027 513 2303 569 rogamus,

2427 496 2568 566 ipé’w
2593 493 2730 547 Θεοῦ
2765 491 3137 561 ἀγανάκτησιν
3188 490 3553 559 μεταποίησον
3581 491 3773 561 τάχος,
3807 493 3985 545 δυσιιι⁸

739 607 944 652 averte.

809 693 1083 751 Annue,o
1133 687 1413 750 inviolata,
1457 687 1616 741 saluti
1671 685 1998 739 famulorum
2061 693 2302 749 tuorum,

739 784 832 853 qui
864 785 1031 837 exitio
1065 780 1353 850 propinqui
1381 789 1509 834 sunt
1533 781 1600 830 ob
1634 780 1766 830 iram
1811 778 1927 841 Dei,
1981 793 2308 847 gravemque

742 886 901 944 atque
931 871 1242 926 horribilem
1283 872 1516 925 furorem
1551 871 1820 924 minarum
1860 888 2002 924 nunc
2049 871 2309 938 ingruen-

742 971 894 1030 tium,
922 975 1140 1036 propter
1160 966 1561 1020 multitudinem
1615 965 1906 1018 multorum
1963 973 2306 1032 peccatorum

740 1071 1070 1113 llOSll'OI'UIII.

811 1151 969 1220 203
1002 1153 1042 1204 Ο
1073 1149 1294 1203 Domina
1333 1147 1708 1217 compassione
1742 1147 1982 1216 prredita,
2017 1159 2137 1213 quae
2193 1142 2314 1197 Sal-

740 1252 982 1296 vatorem
1061 1257 1270 1296 summe
1331 1240 1738 1309 cumpassivum
1818 1236 2114 1306 peperisti;
2187 1236 2311 1289 vide

743 1333 1088 1390 amictionetn
1144 1344 1196 1386 et
1237 1336 1494 1402 gemitum
1527 1331 1707 1401 populi
1758 1332 1856 1393 lui,
1888 1340 1940 1384 et
1968 1330 2210 1384 accelera
2243 1328 2311 1384 ad

745 1426 1212 1491 intercedendum,
1253 1436 1310 1480 ut
1339 1426 1659 1478 misereatur
1700 1424 1893 1477 nostri.

813 1511 895 1574 Tu
930 1536 1052 1590 quae
1088 1521 1488 1588 corruptionem
1522 1518 1574 1570 in
1614 1528 1768 1587 partu
1814 1531 1920 1570 non
1979 1514 2311 1579 sustinuisti,

745 1627 873 1666 erue
900 1627 999 1665 nos
1028 1627 1238 1675 omnes,
1268 1625 1300 1663 ο
1321 1610 1505 1680 Virgo,
1531 1614 1596 1662 ab
1625 1611 1771 1662 omni
1792 1610 2160 1677 corruptione,
2191 1622 2314 1675 gra-

746 1701 1078 1768 vissimoque
1134 1708 1291 1752 terra:
1331 1708 1502 1762 motu,
1545 1714 1607 1752 ac
1667 1698 2036 1757 tribulatione,
2091 1697 2313 1764 placans

747 1790 1174 1857 indignationem
1211 1788 1421 1842 Domini
1468 1788 1728 1841 maternis
1775 1786 2313 1841 reconciliationibus

745 1883 872 1944 tuis,
904 1897 935 1936 ο
959 1879 1067 1935 Deo
1095 1882 1437 1937 charissima.

2416 587 2626 655 ποῦμέν
2661 603 2742 638 σε.

2484 680 2712 741 Νεῦσον,
2751 679 3007 747 ἄχραντε.
3041 676 3278 745 σωθῆναι
3312 675 3435 736 τοὺς
3465 675 3684 738 οἰκέτας
3716 694 3810 730 σου
3845 679 3988 730 duo-

2413 771 2669 840 λεσθῆναι
2703 770 2992 838 μέλλοντας
3015 770 3073 820 ὲν
3101 768 3238 838 ὀργῇ
3260 767 3415 832 Θεοῦ,
3453 770 3543 820 καὶ
3570 769 3727 839 θυμῷ
3763 771 3988 838 μεγάλῳ

2417 863 2511 919 καὶ
2540 861 2754 933 φρικτῷ
2781 862 2882 928 τῆς
2910 861 3005 915 νῦν
3041 860 3376 931 ἐπελθούσης
3407 861 3637 932 ἀπειλῆς
3667 863 3753 915 διὰ
3775 863 3837 914 τὸ
3857 864 3990 933 πλῆο

2417 958 2506 1020 Θος
2527 957 2636 1009 τῶν
2666 955 2879 1008 πολλῶν
2915 953 3205 1024 ἁμαρτιῶν
3235 955 3407 1024 ἡμῶν.

2487 1131 2783 1203 Συμπαθὴς
2812 1129 3064 1194 Θεοτόκε,
3096 1131 3187 1183 τὸν
3239 1125 3633 1200 ἀσυμπάθητον
3673 1130 3704 1199 ή
3751 1133 3987 1183 τεκοῦσι

2420 1230 2669 1296 Σωτῆρα,
2724 1227 2802 1278 [δε
2831 1225 2930 1295 τὴν
2956 1225 3200 1277 κάκωσιν
3235 1224 3328 1275 καὶ
3371 1225 3461 1275 τὸν
3523 1223 3825 1291 στεναγμὸν
3856 1224 3987 1276 λαοῦ

2421 1339 2539 1383 σου,
2565 1319 2658 1371 κα)⁸
2704 1302 2934 1387 τάχυνον
2975 1315 3072 1369 τοῦ
3107 1313 3484 1385 παρακαλέσαι
3534 1316 3680 1384 ἡμᾶς
3709 1316 3991 1387 οἶκτειρη-

2420 1413 2597 1484 θῆναι.

2488 1503 2698 1574 Φθορὰν
2718 1503 2797 1575 τῷ
2825 1501 3030 1555 τίκτειν
3059 1499 3132 1570 μὴ
3157 1498 3518 1569 ὑπομείνασα,
3551 1501 3731 1570 πάσης
3760 1497 3990 1570 φθορᾶς,

2421 1597 2681 1668 Παρθένε,
2721 1594 2906 1659 ὲξελοῦ
2934 1597 3082 1665 ἡμᾶς
3121 1590 3388 1654 ἃπαντας,
3421 1594 3514 1645 καὶ
3562 1593 3790 1662 σεισμοῦ
3820 1593 3990 1664 βαρυ-

2420 1692 2580 1744 τάτου
2626 1690 2719 1742 καὶ
2732 1684 2982 1755 θλίψεως,
3004 1685 3250 1738 παύουσα
3279 1684 3373 1738 τοῦ
3405 1687 3674 1738 Δεσποτου
3703 1690 3798 1755 τὴν
3824 1689 3995 1753 ἀγαν-

2421 1786 2650 1853 άκτησιν
2686 1783 2806 1843 ταῖς
2873 1783 2991 1843 σαῖς
3041 1782 3335 1850 μητρικαῖς
3368 1780 3756 1850 καταλλαγάς,
3791 1779 3994 1849 Θεοχα·

2335 1875 2386 1936 Β
2416 1876 2631 1949 ρὶτωτεέ

1720 1996 1802 2050 Ex
1831 1996 2043 2051 Canam:
2077 1997 2128 2049 in
2154 1995 2212 2050 S.
2246 1993 2590 2056 Demetrium,
2637 1989 2722 2046 die
2749 1991 2818 2045 26
2854 1988 3012 2061 (92‘).

814 2109 1076 2164 Assiduas
1107 2110 1172 2164 ad
1208 2110 1379 2164 Deum
1416 2124 1604 2178 preces
1633 2111 1867 2173 effunde,
1906 2128 1938 2162 ι)
2001 2111 2209 2174 Puella,
2256 2119 2316 2164 ut

745 2204 1067 2256 misereatur
1098 2203 1224 2268 mei,
1261 2206 1351 2272 qui
1385 2205 1636 2273 plurimis
1673 2205 1831 2272 hujus
1869 2205 1990 2256 vitae
2031 2204 2316 2258 fraudibus

745 2295 1010 2358 detineor,
1043 2303 1096 2346 ct
1120 2297 1325 2362 peccati
1353 2312 1495 2349 cieca
1529 2305 1688 2349 nocte
1720 2297 1994 2349 involutus
2028 2311 2172 2349 sum.

817 2384 1042 2438 Domina
1075 2383 1184 2438 Deo
1214 2386 1545 2456 gratissima,
1577 2396 1654 2450 tu,
1679 2404 1798 2456 qua:
1826 2387 2005 2440 Solem
2041 2387 2316 2456 peperisti,

749 2479 1038 2531 tenebrosa
1075 2479 1271 2532 animae
1312 2494 1445 2532 mea:
1481 2479 1667 2532 nubila
1705 2479 2065 2547 undequaque
2116 2479 2320 2548 dissipa

747 2587 810 2625 ac
832 2572 1074 2640 dispelle.

819 2663 988 2716 Mater
1020 2661 1203 2733 Virgo,
1236 2679 1358 2731 qua:
1391 2661 1561 2718 Deum
1595 2664 1920 2732 corporasti,
1977 2678 2006 2716 a
2043 2663 2321 2730 corporeis

749 2753 1099 2822 passionibus
1147 2754 1316 2809 libera
1347 2769 1457 2819 me,
1490 2765 1546 2808 et
1577 2755 1792 2808 medere
1819 2754 2074 2809 omnibus
2119 2753 2323 2808 contri-

751 2847 989 2900 tionibus
1018 2847 1212 2900 anima:
1238 2862 1391 2901 mete.

823 2940 1080 3008 Speciosa
1137 2939 1282 2994 facta
1323 2955 1404 3004 es,
1437 2953 1472 2993 ο
1506 2937 1692 3010 Virgo,
1729 2941 1930 3008 quippe
1962 2955 2082 3008 qua:
2109 2939 2326 3009 specioo

752 3029 1031 3082 sissimum
1064 3028 1295 3082 Verbum
1329 3030 1602 3098 genuisti;
1635 3031 1777 3096 quod
1813 3028 2048 3083 assiduis
2076 3029 2328 3098 precibus

752 3136 941 3184 exora,
974 3130 1031 3173 ut
1060 3120 1335 3190 peccantis
1366 3120 1548 3188 populi
1582 3121 1926 3183 misereatur,
1957 3129 2010 3173 ct
2041 3120 2326 3184 mundum,

754 3213 842 3279 qui
879 3220 1063 3280 sperat
1093 3213 1145 3264 in
1183 3221 1254 3275 te,
1286 3225 1318 3264 ο
1350 3211 1602 3281 Deipara.
1660 3212 1730 3265 ab
1788 3213 1936 3266 omni
1995 3213 2325 3266 daemoniaca

755 3305 945 3359 fraude
971 3306 1180 3358 salvum
1210 3305 1393 3357 faciat.

825 3396 1288 3465 Supplicationem
1341 3397 1668 3450 miserabilis
1716 3398 1914 3451 anima:
1951 3413 2086 3451 meae
2137 3413 2203 3452 ne
2233 3397 2330 3451 dc-

755 3489 974 3557 spicias,
1007 3489 1167 3558 Virgo
1201 3487 1428 3556 Deipara
1474 3507 1486 3542 :
1533 3490 1624 3543 sed
1662 3490 1894 3559 benigna
1941 3491 2334 3544 interventiooe

756 3591 847 3634 tua
879 3595 962 3634 me
987 3582 1233 3634 omnium
1256 3579 1367 3635 Deo
1398 3581 1755 3636 domesticum
1792 3583 1975 3648 redde,
2015 3592 2066 3635 et
2101 3597 2128 3634 a
2167 3581 2332 3635 futuri

761 3736 842 3790 Ex
872 3735 1084 3792 Canone
1113 3736 1314 3804 dnpliri
1361 3737 1413 3789 in
1457 3738 1590 3805 [esto
1643 3737 1702 3791 S.
1747 3737 2044 3792 Anastasiw
2083 3739 2334 3792 Romana:

939 3808 1219 3878 Martyris,
1263 3819 1310 3861 et
1337 3805 1394 3860 S.
1424 3807 1486 3862 P.
1525 3807 1596 3861 Ν.
1632 3810 1964 3872 Abrahamii,
1992 3811 2074 3861 die
2094 3811 2183 3863 29.

829 3984 906 4039 Te
945 3986 1146 4040 scalam
1174 3986 1343 4051 illam,
1370 4002 1490 4056 qua:
1540 3987 1605 4041 ad
1656 3987 1854 4041 cceluin
1884 3988 2244 4056 perlingebal,
2278 4001 2333 4040 (ιι

762 4080 813 4131 in
849 4095 950 4146 qua
984 4073 1502 4144 Dcusinuitebatur,
1526 4079 1776 4133 homines
1802 4080 2029 4132 reddens
2061 4081 2332 4144 cmlcstes,

761 4188 793 4224 ο
818 4172 1026 4232 Puella,
1063 4185 1409 4224 veneramur.

835 4263 924 4316 Dei
954 4263 1132 4316 Patris
1164 4260 1401 4316 Verbum
1427 4280 1489 4318 ex
1524 4265 1699 4317 Sacris
1746 4265 2110 4332 sanguinibus
2154 4267 2334 4322 carnis

764 4365 868 4405 lure
926 4353 1094 4422 Supra
1151 4363 1358 4407 naturae
1430 4356 1692 4407 rationem
1750 4357 2090 4411 inearnatum
2137 4369 2242 4420 est,
2303 4373 2336 4410 0

767 4443 930 4514 Virgo
962 4446 1127 4500 Maria
1163 4447 1345 4516 :quod
1387 4451 1700 4514 deprecare,
1734 4457 1792 4500 ut
1821 4451 2004 4504 carnis
2041 4467 2172 4504 mea:
2211 4467 2338 4504 sen-

764 4554 857 4591 sus
883 4541 1173 4591 interimat.

837 4629 1188 4684 Peccatorum
1215 4647 1462 4685 meorum
1501 4632 1702 4702 sylvam
1742 4633 2187 4686 intercessionum
2217 4642 2335 4686 tua-

2417 2107 2600 2164 sazculi
2634 2105 2970 2160 cruciatibus
3009 2103 3142 2158 mihi
3198 2103 3402 2174 paratis
3434 2102 3604 2158 libera
3653 2117 3761 2166 me,
3798 2116 3832 2156 ο
3892 2099 4002 2156 illi-

2417 2202 2716 2258 batissima.

2491 2294 2761 2349 Habentes
2790 2301 2861 2358 te,
2892 2307 2925 2346 ο
2951 2290 3116 2360 Virgo
3141 2290 3421 2353 inviolata,
3452 2289 3764 2359 praesidium
3783 2304 3847 2343 ac
3878 2305 4002 2341 mu-

2421 2404 2565 2452 rum,
2597 2398 2650 2442 et
2686 2397 2902 2456 portum
2927 2427 2942 2449 ,
2972 2402 3001 2439 a
3042 2385 3221 2438 noxiis
3275 2383 3667 2437 tentationilius
3722 2382 4002 2450 variisque

2422 2479 2901 2540 tribulationibus,
2947 2476 3202 2547 precibus
3259 2475 3370 2530 tuis
3418 2475 3735 2545 eripiamur,
3769 2474 3902 2528 dum
3953 2486 4005 2526 te

2424 2587 2522 2642 pro
2552 2570 2748 2624 merito
2778 2569 3083 2623 laudamus.

2495 2664 2602 2718 Pro
2628 2665 2694 2718 iis
2715 2663 2808 2733 qui
2842 2672 2894 2717 te
2918 2660 3198 2731 Virginem
3238 2661 3461 2715 Matrem
3497 2666 3822 2728 agnoscunt.
3856 2657 4008 2726 lega—

2426 2758 2572 2812 tione
2597 2755 2758 2826 204
2790 2754 3033 2824 fungere,
3058 2770 3091 2808 ο
3120 2755 3420 2819 benedicta,
3470 2762 3528 2806 nt
3553 2767 3581 2804 a
3610 2751 4008 2806 tentationibns

2428 2848 2824 2916 ingruentibus,
2847 2862 2876 2899 a
2899 2846 3170 2914 serpentis
3195 2845 3414 2913 jaculis,
3442 2853 3605 2912 atque
3643 2857 3674 2896 a
3714 2843 4006 2910 sempiter-

2427 2942 2516 2996 nis
2545 2940 2848 3009 suppliciis,
2878 2955 2910 2992 ο
2947 2939 3129 3007 Virgo,
3169 2939 3487 2992 liberentur.

2503 3033 2776 3088 Bonorqu
2803 3033 2977 3086 amica
3014 3030 3200 3102 Virgo,
3224 3045 3344 3100 qua:
3375 3028 3543 3082 Deum
3575 3027 3812 3081 Verbum
3838 3023 4015 3078 unde-

2431 3141 2645 3194 quaque
2682 3129 2884 3178 bonum
2915 3124 3208 3193 peperisti,
3255 3122 3492 3176 animam
3537 3134 3712 3173 meam
3758 3129 4018 3188 peccato-

2432 3234 2552 3272 rum
2589 3217 2916 3287 gravissimo
2967 3216 3205 3285 pondere
3258 3215 3396 3268 male
3435 3213 3708 3275 affectam,
3757 3210 4017 3280 precibus

2434 3313 2541 3366 tuis
2581 3312 2778 3364 bonam
2811 3312 2978 3371 ellice,
3006 3319 3058 3361 ut
3087 3323 3150 3361 ea
3179 3308 3402 3376 exsequi
3441 3306 3611 3375 possit
3652 3319 3775 3372 quae
3804 3303 4015 3357 condn—

2438 3412 2569 3456 cunt
2597 3401 2663 3455 ad
2691 3402 2854 3455 vitam
2883 3443 2896 3466 ,
2921 3410 2975 3455 et
3002 3415 3062 3454 ea
3089 3399 3272 3469 fugere
3295 3414 3416 3468 qua
3437 3399 3501 3450 ad
3536 3397 3758 3451 malitia
3777 3405 4014 3450 mortem

2439 3495 2686 3550 deferunt
2714 3510 2727 3559 ;
2764 3505 2816 3548 et
2840 3511 2938 3563 ego
2964 3503 3015 3548 te
3045 3509 3167 3547 cum
3196 3491 3298 3547 fide
3335 3492 3546 3546 beatam
3577 3491 3780 3546 dicam.

3037 3737 3124 3804 εις
3156 3733 3270 3806 τὴν
3298 3735 3474 3808 ἁγίαν
3519 3733 4020 3806 μεταλομὰρτιτα

2519 3815 2914 3866 Ἀναστιισίαν
2937 3808 3049 3876 τὴν
3085 3811 3398 3878 Ῥωμαίην,
3427 3808 3524 3861 καὶ
3550 3811 3653 3878 τεν
3689 3808 3867 3861 ὅσιον
3896 3812 3984 3860 Πα
4004 3839 4016 3846 -

2510 3885 2648 3952 τέρα
2677 3885 2845 3952 ἡμῶν
2897 3876 3232 3950 Ἀσρὰμιοὴ
3274 3880 3460 3949 ἡμέρᾳ
3485 3876 3584 3932 κον.

2448 3744 2549 3796 Ἐκ
2597 3743 2701 3795 τοῦ
2728 3740 2960 3795 Κανόνο

2506 3999 2572 4050 Σὲ
2604 3998 2700 4067 τὴν
2729 3997 3076 4065 οὐρανομήκη
3107 3995 3366 4064 κλίμακα,
3397 3996 3453 4046 ὲν
3592 3993 3722 4055 Θεὸς
3780 3994 4018 4060 ἐπεστή-

2440 4106 2593 4160 ρικτο
2637 4090 2763 4151 τοὺς
2800 4087 3024 4158 βροτοὺς
3073 4086 3357 4158 οὐρανῑους
3409 4085 3793 4154 ἐργαζόμενος,
3833 4085 4016 4152 Κόρη,

2434 4179 2783 4248 γεραίροειεν.

2507 4271 2711 4339 Σαρκος
2747 4269 2802 4333 ἐξ
2825 4269 3071 4338 αἱμάτων
3104 4285 3194 4320 σου
3241 4268 3402 4338 ιερῶν
3431 4268 3564 4321 Θεοῦ
3592 4269 3805 4337 Πατρδς
3837 4267 4015 4332 Λόγος

2438 4359 2726 4431 ἐσαρκὼοη
2775 4360 3089 4430 ὑπερψυῶς,
3137 4360 3378 4429 Παρθὲνε
3423 4353 3626 4430 Μαρία,
3662 4359 3720 4411 ὃν
3773 4359 4020 4412 Baetin-:2:

2437 4454 2506 4506 τὰ
2534 4453 2629 4522 τῆς
2671 4452 2871 4522 σαρκός
2897 4469 2998 4522 μου
3039 4453 3313 4522 νεχρῶσιι
3343 4454 3688 4522 φρονήματα.

2515 4634 2684 4703 Ὕλην
2712 4634 2984 4705 ἁμαρτίας
3013 4651 3112 4701 μου
3136 4634 3242 4685 σῶν
3276 4633 3579 4701 πρεσϐειῶν
3607 4634 3741 4703 πυρὶ
3770 4634 4022 4703 σύμ-,ελε-

763 4740 881 4775 rum
914 4723 1034 4790 igne
1059 4725 1343 4788 conibure,
1375 4743 1407 4776 υ
1439 4722 1531 4776 Dei
1563 4724 1748 4789 Mater,
1776 4725 2024 4778 divinum
2067 4727 2196 4779 milii
2245 4742 2324 4780 re-

2443 4725 2552 4789 ξον,
2583 4727 2773 4795 Μῆτερ
2806 4725 2963 4791 Θεοῦ,
2989 4727 3177 4795 δρόσον
3209 4743 3299 4796 μοι
3325 4727 3423 4796 τὴν
3469 4727 3619 4780 Θείαν
3646 4727 3742 4798 τῆς
3768 4730 4025 4796 ἀφέσεως

767 4816 1042 4870 missionis
1076 4831 1250 4870 mrem
1286 4816 1577 4869 aﬂerendo.

837 4905 891 4960 In
927 4918 998 4970 te,
1037 4924 1067 4961 ο
1101 4910 1468 4973 sanctissima,
1523 4909 1764 4962 universi
1817 4920 2008 4962 auctor
2030 4909 2099 4961 ob
2145 4923 2335 4962 exces-

764 5015 886 5052 sum
923 4999 1315 5054 misericordia:
1345 5015 1457 5053 sua:
1493 5000 1796 5053 voluntarie
1830 5000 2117 5060 habitavit,
2159 5001 2337 5052 homi-

765 5103 1006 5159 numque
1039 5091 1402 5145 substantiam
1439 5092 1822 5156 sanctilieavit,
1885 5106 2006 5160 qua:
2066 5093 2217 5159 prius
2267 5093 2338 5143 ob

767 5185 1254 5251 transgressionem
1288 5184 1504 5238 ruinam
1533 5184 1795 5238 subierat.

837 5275 964 5329 Post
991 5287 1223 5342 partum,
1251 5276 1438 5348 Virgo,
1470 5277 2120 5342 inviolata'permansisti,
2143 5294 2334 5349 quem-

765 5366 1059 5421 admodum
1130 5369 1313 5422 fueras
1382 5378 1506 5423 ante
1576 5377 1828 5437 partum;
1889 5383 2091 5422 novum
2140 5371 2340 5440 quippe

773 5460 1030 5512 infantem
1076 5462 1333 5530 genuisti,
1380 5463 1472 5532 qui
1523 5472 1651 5516 ante
1691 5460 1884 5515 saecula
1926 5459 2094 5515 fuisse
2145 5477 2342 5533 Cogno-

769 5562 956 5607 scitur.

840 5643 922 5697 Me
948 5647 1195 5700 socordia
1228 5661 1573 5719 oppressum,
1601 5653 1728 5707 etin
1757 5666 1978 5724 peccato
2006 5658 2338 5725 demersum,

845 5821 979 5893 (92')
1008 5823 1354 5882 Desideratur
1383 5827 1434 5882 in
1477 5828 1692 5885 Menaeis
1725 5831 2024 5901 impressis.

2442 4820 2699 4888 φέρουσα.

2528 4912 2652 4964 Ἐπὶ
2683 4912 2788 4975 σοὶ,
2827 4912 3090 4978 παναγῑα,
3123 4913 3150 4964 ὁ
3180 4910 3272 4964 τοῦ
3313 4913 3510 4976 παντδς
3536 4914 3707 4974 αἴτιος
3734 4914 3803 4966 δι’
3844 4915 4024 4987 ὑπερ-

2443 5005 2604 5074 σσλὴν
2635 5003 3037 5076 εὐσπλαγχνίας
3063 5006 3230 5060 θέλων
3254 5009 3552 5076 ἐσκήνωσε,
3588 5007 3683 5059 καὶ
3713 5008 4024 5077 aufugisse

2437 5096 2538 5165 τὴν
2593 5096 2703 5150 τῶν
2741 5098 3043 5168 ἀνθρώπων
3102 5099 3312 5163 οὐσίαν,
3375 5099 3686 5169 παραᾶάσει
3749 5101 4025 5171 πρότερον

2437 5190 2885 5260 ὲξολισθήσασαν.

2517 5281 2672 5335 Μετὰ
2704 5285 2860 5334 τόκον
2907 5285 3181 5354 διέμεινας
3220 5285 3476 5354 ἂφθορος,
3511 5285 3774 5356 Παρθένε,
3800 5287 3877 5347 ὡς
3919 5289 4025 5356 προ

2446 5375 2794 5444 γεννήσεως·
2860 5377 2978 5430 νέον
3030 5378 3227 5446 βρέφος
3282 5379 3390 5448 γὰρ
3455 5380 3694 5449 ὲκὺησας
3747 5380 3838 5430 τον
3918 5382 4024 5447 πρὸ

2446 5465 2658 5519 αἰώνων
2687 5469 3104 5537 γνωριζόμενον.

2529 5654 2799 5726 Ῥαουμιᾳ
2838 5652 3206 5729 κρατούμενον
3238 5660 3330 5713 καὶ
3384 5662 3451 5731 τῇ
3489 5655 3733 5730 ἁμρτὲᾳ
3765 5676 3832 5730 με
3870 5658 4025 5732 βυθι-
