4166 6458
211 439 347 502 1225

1620 428 1984 492 MARIALE.

3323 429 3456 493 199.6

207 558 436 629 ζνεμενον
498 562 565 631 τῇ
628 556 894 629 πρεσϐεία
928 573 1020 610 σου
1082 569 1150 624 με
1186 550 1479 624 λύτρωσαι,
1526 548 1778 614 Θεοτόκε,

1892 544 2277 601 intercessione
2326 552 2417 599 tua
2470 545 2693 611 redime,
2734 559 2766 600 ο
2796 542 3047 617 Deipara,
3084 545 3251 603 Mater
3291 548 3456 621 Virgo

204 650 403 721 Μῄτερ
427 652 781 723 ἀειπάρθενε.

288 744 491 815 Ὑμνοῦ
501 746 601 816 μέν
636 762 718 809 σε,
744 743 1067 813 πανύμνητε
1093 741 1361 793 Δέσποινα
1377 735 1635 801 Θεοτόκε,
1654 732 1789 787 Θεδν

206 834 592 908 ὑπερύμνητον
626 835 793 906 σαρκὶ
824 834 1082 905 ἁσπόρως
1110 834 1413 903 κυήσασαν.

280 1010 713 1083 Μητροπᾶρθενε
743 1011 902 1084 κόρη,
935 1009 1066 1081 θείῳ
1095 1008 1454 1079 φωτιζόμενοι
1486 1003 1787 1074 Πνεύματι,

210 1103 478 1173 πάναγνε,
514 1106 648 1175 ἱεροὶ
677 1106 956 1176 προφῆται
982 1106 1152 1176 ἱεραῖς
1174 1105 1231 1157 ὲν
1264 1104 1468 1171 φωναῖς
1500 1118 1559 1153 σε
1595 1099 1792 1169 προήγ-

208 1196 420 1265 γειλαν,
453 1198 511 1263 ἐξ
544 1193 611 1269 ἧς
645 1198 776 1262 Θεὸς
810 1198 981 1267 Λόγος
1013 1198 1153 1269 ὑπὲρ
1188 1196 1369 1250 αἰτίαν
1403 1213 1461 1248 τε
1494 1195 1589 1249 καὶ
1628 1193 1789 1262 λόγον

210 1289 507 1362 ἐσαρκώθη
535 1290 603 1344 δι’
638 1287 823 1346 οἶκτον
853 1292 1191 1363 ἀμέτρητον.

280 1468 665 1543 Φιλάνθρωπον
697 1473 950 1544 κυήσασα
989 1471 1141 1537 Θεὸν,
1177 1470 1446 1541 φιλάγαθε
1495 1469 1789 1530 Δέσποινα,

208 1563 377 1618 αὐτὸν
401 1562 723 1619 καθικέτευε
764 1564 864 1634 τῆς
896 1544 1120 1638 γεέννης
1152 1562 1247 1618 τοῦ
1291 1562 1463 1635 πυρὸς
1511 1560 1791 1634 λυτρωθῖγ

214 1656 298 1710 ιοαί
329 1675 421 1727 με.

286 1752 634 1823 Βαρούμενον
681 1752 978 1823 νυσταγμῷ
1012 1751 1291 1823 ῥᾳθυμίας
1327 1750 1685 1817 διαναστησον
1723 1751 1791 1821 τῇ

209 1846 275 1913 σῇ
315 1843 585 1915 μεσιτεία,
622 1843 816 1914 Μῆτερ
848 1842 1007 1906 Θεοῦ,
1062 1842 1156 1895 καὶ
1216 1841 1292 1915 μὴ
1343 1839 1486 1913 δῴης
1545 1840 1789 1893 ὑπνῶσαι

204 1913 323 2002 τῆς
354 1913 649 2003 ἁμαρτίας,
710 1913 975 2005 Παρθένε,
1025 1934 1105 1995 είς
1161 1913 1431 1987 θάνατον’
1477 1931 1787 2002 προστάτην

1893 1938 1999 1982 tem
2064 1932 2271 2000 peccati
2340 1933 2656 1989 obdormire

205 2028 316 2098 γὰρ
351 2028 445 2081 καὶ
472 2028 663 2098 ὁδηγὸν
695 2028 789 2098 τῆς
819 2027 960 2099 ἐμῆς
991 2045 1048 2080 σε
1073 2028 1217 2098 ζωῆς
1245 2028 1644 2099 ἐπιγράφομαι.

280 2119 445 2173 Ὀλον
475 2121 568 2173 τὸν
606 2119 893 2189 ἄνθρωπον
920 2120 1162 2191 φορέσας
1191 2121 1219 2172 ὁ
1258 2119 1519 2189 ύπέρθεος
1539 2120 1660 2189 δίχα
1689 2120 1788 2188 τῆς

204 2210 484 2281 ἁμαρτίας
506 2213 571 2265 ἐκ
605 2211 838 2282 γαστρός
873 2228 987 2276 σου,
1018 2212 1181 2282 ἁγνὴ,
1219 2211 1455 2283 προῆλθε
1508 2212 1781 2283 σαρκοφά-

207 2320 325 2373 ρος,
358 2302 417 2356 ὃν
478 2302 786 2357 ἐκδυσώπει
833 2302 1018 2356 πίστει
1066 2320 1128 2355 σε
1178 2303 1303 2367 τοὺς
1365 2302 1643 2374 τιμῶντας
1674 2303 1789 2357 δια-

205 2396 407 2450 σῶσαι.

278 2487 433 2552 Μόνη
456 2484 548 2538 τὸν
573 2484 669 2539 ἕνα
692 2487 790 2557 τῆς
819 2487 1048 2559 Τριάδος
1080 2488 1460 2557 ἁπεγέννησας
1491 2490 1549 2540 ἐν
1582 2489 1787 2551 διτταῖς

199 2576 417 2640 οὐσίαις
446 2578 743 2631 ὑποστάσει
802 2580 902 2649 μιᾷ
947 2578 1249 2650 ὁρώμενον,
1289 2579 1554 2650 ιιαρθένε,
1586 2574 1630 2649 ᾧ
1654 2582 1789 2649 μελε»

200 2668 472 2741 φᾶοῦμεν,
509 2669 776 2738 πάναγνε,
797 2671 1074 2741 ἁσιγήτως
1097 2671 1177 2733 είς
1210 2670 1431 2735 αἰῶνας.

272 2854 343 2907 Σὲ
367 2852 466 2925 τὴν
488 2851 658 2923 ἁγνὴν
681 2851 776 2905 καὶ
802 2850 1031 2922 ἄμωμον
1058 2852 1093 2924 ἠ
1125 2852 1392 2924 παρθένος
1417 2852 1784 2924 (Ἄναστασία)

203 2947 514 3019 ποθήσασα,
546 2948 777 3018 ἄμωμον
801 2948 897 3000 καὶ
935 2945 1096 3017 σῶμα
1127 2947 1222 2998 καὶ
1270 2944 1451 3015 ψυχὴν
1493 2947 1781 3017 ἐτήρησεν,

205 3038 397 3092 παθῶν
436 3038 845 3109 ὑπεκκαύματα
881 3037 1129 3107 ὑπομονῇ
1183 3036 1537 3106 τεφρώσασα,
1589 3039 1786 3108 πεῖράν

202 3149 263 3185 τε
298 3131 511 3185 πολλῶν
540 3130 919 3200 ύπενεγκοῦσα
965 3128 1237 3201 βασάνων,
1289 3130 1383 3182 καὶ
1418 3129 1514 3183 νῦν
1552 3130 1790 3200 ἐπουρα-

1890 647 2173 710 perpetua.

1960 728 2273 785 Laudamus
2300 738 2375 793 te.
2415 744 2449 785 ο
2481 729 2630 784 omni
2667 729 2826 785 laude
2866 730 3189 801 dignissima
3229 732 3457 789 Domina

1889 823 2115 894 Deipara
2138 824 2455 895 205,quae
2478 823 2646 879 Deum
2674 826 3011 895 superiorem
3045 826 3193 880 omni
3221 827 3378 882 laude
3405 828 3459 884 in

1890 934 2054 974 carne
2080 918 2198 972 sine
2231 919 2441 972 semine
2474 918 2732 987 genuisti.

1960 1009 2129 1063 Mater
2154 1004 2319 1077 Virgo
2358 1007 2537 1077 puella
2582 1005 2919 1073 castissima,
2969 1008 3250 1081 prophetae
3292 1008 3459 1074 sacri,

1891 1103 2059 1158 divini
2099 1102 2336 1171 Spiritus
2388 1103 2597 1158 lumine
2628 1102 2909 1170 illustrati,
2946 1105 3114 1159 sacris
3155 1102 3379 1158 vocibus
3413 1111 3465 1158 te

1890 1195 2416 1265 praanunliavernnt,
2444 1210 2509 1250 ex
2534 1210 2639 1265 qua
2670 1193 2811 1250 Deus
2852 1194 3109 1261 Verbum,
3146 1210 3307 1265 supra
3331 1209 3466 1249 cau-

1893 1300 2007 1342 sam
2044 1304 2105 1342 ac
2133 1286 2359 1341 verbum
2401 1289 2718 1342 incarnatus
2762 1297 2843 1342 est
2882 1295 3103 1359 propter
3139 1287 3462 1341 immensam

1899 1378 2329 1433 misericordiam
2369 1394 2544 1434 suam.

1966 1467 2011 1523 Ο
2045 1470 2268 1525 Domina
2295 1470 2562 1525 bonorum
2593 1470 2855 1533 amatrix,
2888 1486 3009 1541 qua:
3044 1482 3343 1525 amatorem
3379 1470 3472 1523 ho-

1895 1562 2104 1616 minum
2145 1562 2316 1618 Deum
2355 1563 2637 1635 peperisti,
2674 1563 2924 1618 eumdem
2960 1563 3271 1633 deprecare,
3310 1574 3365 1618 ut
3400 1565 3468 1617 li-

1894 1654 2047 1716 beret
2066 1669 2151 1710 me
2185 1670 2212 1709 a
2239 1657 2483 1726 gehenna
2510 1656 2668 1728 ignis.

1965 1746 2049 1801 Me
2074 1748 2460 1803 dormitatione
2486 1750 2827 1819 negligentia:
2849 1757 3158 1822 gravatum,
3188 1752 3468 1805 exsuscita

1897 1838 2224 1892 mediatione
2255 1847 2367 1905 tua,
2396 1838 2568 1895 Mater
2590 1840 2705 1905 Dei,
2742 1856 2917 1911 neque
2946 1842 3095 1897 sinas
3121 1857 3207 1896 me
3245 1842 3298 1895 in
3328 1857 3471 1895 more

2719 1952 2731 1988 :
2797 1943 2847 1989 te
2880 1934 3028 1989 enim
3081 1944 3364 2004 patronam
3409 1950 3473 1990 ac

1890 2020 2083 2076 ducem
2114 2024 2235 2078 vitas
2270 2039 2401 2079 mete
2441 2026 2573 2080 mihi
2610 2026 2859 2091 vendico,
2895 2041 2927 2081 ο
2959 2024 3143 2099 Virgo.

1966 2111 2366 2183 Superdirinus
2414 2116 2505 2170 ille
2534 2117 2628 2187 qui
2663 2127 2838 2171 totum
2880 2118 3157 2173 hominem
3208 2127 3468 2190 tanquam

1890 2216 2092 2261 vestem
2129 2210 2382 2277 portavit,
2406 2209 2545 2263 citra
2597 2218 2904 2279 peccatum,
2946 2224 3013 2264 ex
3062 2220 3217 2266 utero
3254 2224 3347 2267 tuo
3388 2213 3472 2266 in-

1889 2311 2150 2356 carnatus
2187 2303 2446 2371 prodivit,
2505 2316 2538 2356 ο
2590 2316 2776 2370 casta;
2828 2320 2989 2374 quem
3050 2305 3343 2375 deprecare
3377 2322 3473 2376 pro

1891 2393 2067 2446 salute
2096 2408 2309 2456 eorum,
2346 2397 2439 2463 qni
2467 2404 2517 2450 te
2549 2396 2781 2450 tideliter
2820 2396 3113 2451 honorant.

1964 2485 2091 2539 Sola
2139 2503 2309 2541 unum
2356 2476 2644 2543 Trinitatis
2698 2490 2957 2559 peperisti
3001 2490 3053 2544 in
3094 2489 3309 2546 duabus
3346 2492 3474 2547 sub-

1895 2580 2139 2642 stantiis,
2191 2598 2410 2651 unaque
2460 2582 2743 2653 hypostasi
2812 2584 3194 2653 conspicuum,
3226 2602 3260 2641 o
3312 2584 3475 2656 Virgo

1890 2672 2198 2726 castissima
2227 2692 2237 2726 :
2263 2676 2350 2729 cui
2390 2674 2633 2729 suaviter
2664 2675 3013 2730 concinimus
3042 2677 3163 2731 sine
3194 2676 3475 2733 intermis-

1889 2765 2066 2829 sione,
2101 2768 2151 2820 in
2179 2769 2399 2825 scecnla.

1964 2857 2040 2913 Te
2088 2869 2294 2915 castam
2354 2870 2408 2915 et
2459 2860 2895 2926 immaculatam,
2928 2862 3087 2934 virgo
3138 2864 3472 2937 (Anastasio)

1890 2968 2075 3007 amore
2106 2970 2465 3024 prosequens,
2502 2970 2703 3025 corpus
2732 2966 2784 3010 et
2824 2956 3064 3011 animam
3118 2959 3237 3014 sine
3264 2963 3474 3016 macula

1890 3045 2624 3115 conservavit;passionum
2668 3047 2921 3101 incendia
2973 3048 3233 3118 patientia
3289 3052 3477 3122 despi-

1888 3133 2062 3199 ciens,
2120 3136 2535 3205 multorumque
2586 3146 2989 3192 tormentorum
3040 3144 3473 3210 experimentum

204 3225 337 3290 νίοις
379 3228 437 3278 ἐν
474 3225 740 3296 θαλάμοις
771 3223 1008 3297 χορεύει,
1042 3225 1141 3278 σὺν
1168 3224 1251 3277 σοὶ
1275 3224 1677 3293 εὐφραινομένη
1707 3225 1786 3287 εἰς

1892 3224 2170 3295 perferens
2204 3246 2215 3281 :
2243 3237 2296 3281 et
2318 3245 2461 3284 nunc
2488 3229 2541 3283 in
2578 3230 2899 3284 caelestibus
2924 3232 3185 3289 thalamis
3217 3236 3477 3307 tripudiat

204 3317 419 3381 πάντας
443 3319 567 3382 τοὺς
598 3318 823 3382 αίῶνας.

286 3412 534 3483 Ῥείθρου
566 3412 768 3478 ζῶντος
793 3411 983 3483 ὤφθης
1024 3412 1287 3479 πανὰγιον
1320 3410 1603 3481 σκήνωμα,
1634 3410 1693 3476 ἐξ
1727 3402 1787 3464 οὗ

204 3502 423 3567 πιόντες
452 3504 503 3556 οί
533 3502 931 3565 θανατωθέντες
962 3503 1060 3573 τὴν
1092 3501 1235 3570 ζωὴν
1256 3501 1632 3573 κληρούμεθα,
1653 3504 1789 3557 ἀνα-

205 3593 441 3659 ϐοῶντες
462 3610 477 3626 ’
508 3594 820 3663 Εὑλογείτε,
853 3593 1031 3646 πάντα
1059 3593 1128 3646 τὰ
1152 3593 1309 3665 ἔργα,
1347 3594 1439 3647 τὸν
1471 3595 1696 3664 Κύριον.

274 3772 595 3845 Φορέσαντά
652 3790 712 3826 σε
768 3773 949 3845 σάρκα
997 3774 1062 3826 ὲκ
1101 3774 1357 3841 γυναικὸς
1412 3773 1486 3839 ὡς
1514 3774 1789 3847 ἑπέγνωή

206 3870 425 3943 μάρτυς
494 3886 611 3936 σου,
670 3870 865 3942 Κύριε,
930 3869 1290 3941 παρθενικαῖς
1344 3871 1789 3942 κατηγλαῖσμένη

207 3963 623 4033 μαρμαρυγαῖς,
652 3962 746 4015 καὶ
776 3961 1077 4031 μαρτυρίου
1102 3960 1296 4031 αἵματι
1332 3962 1787 4033 περιηνθισμένη,

204 4057 289 4109 σοὶ
305 4056 384 4126 τῷ
404 4055 625 4127 Χριστῷ
649 4055 824 4109 ὀπίσω
852 4055 951 4126 τῆς
968 4055 1221 4126 Μητέρος
1250 4072 1346 4108 σου
1371 4055 1600 4125 ἐνδόξως
1626 4075 1792 4130 προτ-

203 4149 432 4220 ηνέχθη,
465 4147 541 4211 ὡς
569 4147 911 4217 βασιλεύοντι
939 4147 1037 4217 τῆς
1065 4148 1314 4211 κτίσεως.

273 4336 546 4402 Φιλάγαθε
572 4334 837 4405 Παρθένε,
869 4335 970 4406 τὴν
1002 4335 1403 4405 κεκακωμένην
1440 4336 1505 4404 τῇ
1549 4334 1792 4406 ἁμαρτίᾳ.

202 4428 383 4499 ψυχήν
412 4445 515 4498 μου
565 4426 839 4495 ἀγάθννον
892 4428 984 4480 καὶ
1013 4427 1236 4494 ἀγαθῶν
1289 4427 1521 4480 αἰωνίων
1566 4428 1793 4497 μέτοχον

203 4522 453 4592 ποίησον.

1893 3324 2071 3370 tecum
2113 3320 2356 3387 gaudens
2389 3319 2441 3373 in
2475 3320 2659 3373 omnia
2684 3321 2905 3375 saecula.

1961 3406 2177 3463 Fluenti
2203 3410 2434 3464 viventis
2460 3411 2869 3465 sanctissimum
2896 3412 3307 3467 tabernaculum
3335 3414 3475 3470 facta

1889 3514 1977 3566 es;
2036 3515 2103 3556 ex
2173 3516 2286 3571 quo
2344 3501 2592 3556 bibentes
2651 3516 2751 3557 nos
2805 3501 2899 3572 qui
2954 3502 3154 3556 mortui
3213 3520 3472 3567 eramus,

1892 3592 2057 3646 vitam
2083 3592 2491 3655 lmreditamus,
2519 3593 2864 3649 clamantes:
2908 3591 3244 3660 Benedicitc,
3289 3598 3474 3651 omnia

1891 3700 2079 3755 opera,
2119 3686 2431 3740 Dominum.

1967 3779 2164 3832 Statim
2200 3790 2361 3849 atque
2394 3790 2601 3851 martyr
2638 3790 2726 3835 tua
2766 3780 3101 3851 (Anastasia)
3124 3784 3375 3855 cognovit
3405 3794 3474 3843 te.

1892 3871 2141 3937 Domine,
2190 3888 2412 3927 carnem
2456 3888 2519 3928 ex
2578 3875 2807 3929 muliere
2869 3886 3149 3946 acceptam
3209 3886 3472 3947 g-vstasse,

1894 3962 2251 4033 virginalibus
2284 3966 2452 4019 radiis
2492 3967 2783 4033 illustiata,
2817 3977 2870 4022 et
2902 3970 3155 4041 martyris
3205 3971 3477 4039 sanguine

1895 4070 2153 4127 tanquam
2203 4057 2428 4113 ﬂoribus
2474 4070 2758 4123 exornata,
2816 4062 2909 4115 tibi
2979 4062 3473 4132 Citristotanquam

1894 4166 2278 4207 creaturarum
2331 4154 2465 4223 regi,
2498 4162 2621 4222 past
2652 4152 2875 4209 Matrem
2903 4165 3050 4210 tuam
3104 4157 3334 4224 gloriose
3378 4159 3476 4209 :nl-

1893 4251 2053 4303 ducta
2089 4260 2192 4303 est.

1966 4341 2010 4397 Ο
2048 4342 2211 4413 Virgo
2248 4343 2514 4396 bonorum
2549 4343 2780 4396 amatrix
2804 4381 2819 4407 ,
2868 4343 3105 4396 animant
3147 4357 3317 4397 meam
3352 4358 3477 4410 per-

1898 4445 2147 4489 catorum
2190 4434 2355 4504 206
2376 4433 2535 4488 malis
2559 4434 2826 4498 vitiatam,
2848 4433 3049 4487 bonam
3083 4433 3268 4497 redde,
3297 4449 3360 4487 ac
3385 4441 3476 4488 bo-

1902 4546 2097 4583 norum
2130 4539 2462 4583 aeternorum
2490 4528 2805 4598 participem
2838 4526 3007 4581 (ληίου.

216 4638 317 4692 Ἐκ
344 4636 453 4690 τοῦ
482 4637 747 4702 Κανόνος
772 4638 858 4702 είς
878 4636 1019 4702 τοὺς
1047 4636 1254 4705 ἁγίους
1279 4636 1585 4706 μάρτυρας
1612 4638 1788 4703 Ζηνό-

1901 4637 1984 4691 Ex
2018 4638 2229 4692 (Iunone
2258 4640 2311 4691 in
2337 4638 2470 4706 [esto
2515 4635 2615 4691 SS.
2643 4636 2858 4691 Zenobii
2896 4648 2945 4691 et
2996 4637 3239 4693 Zenobia‘
3279 4644 3485 4695 sorori!

273 4709 535 4797 ϐιοῖ-’καὶ
570 4710 870 4775 Ζηνοόἰαν
907 4706 1021 4776 τὴν
1056 4708 1333 4778 ἀδελφὴν
1374 4709 1561 4763 αὐτοῦ
1584 4749 1600 4773 ,
1647 4708 1789 4777 ἡμέ-

263 4796 347 4847 ρα
380 4796 446 4832 Αν-

275 4892 529 4963 Χαίροις,
564 4892 594 4944 ό
641 4889 907 4957 πανὰγιος
936 4889 1082 4953 ναὸς,
1111 4892 1140 4943 ὁ
1171 4906 1339 4955 ποκος
1394 4891 1423 4944 ὁ
1482 4890 1785 4963 θεόδροσος,

202 4989 624 5062 ἐσφραγισμένη
693 4989 848 5060 πηγὴ
916 4988 1012 5043 τοῦ
1066 4989 1337 5044 ἀθανάτου
1392 4991 1633 5063 ῥείθρου,
1692 4992 1788 5062 τὴν

202 5084 449 5153 ποίμνην
490 5099 609 5145 σου,
634 5082 929 5147 Δέσποινα,
968 5081 1205 5152 φύλαττε
1232 5084 1295 5136 ἐκ
1319 5085 1589 5136 παντοίων
1626 5085 1787 5136 πολεο

203 5176 348 5249 μίων
370 5174 807 5248 ἀπολιορκήτως.

274 5270 509 5341 Τριάδος
537 5271 630 5322 τὸν
667 5269 761 5322 ἕνα
794 5267 1115 5339 ἀπεκύησας
1146 5266 1209 5320 τὸ
1238 5266 1578 5338 ἀνθρώπινον
1628 5271 1789 5339 φορέ-

203 5379 401 5424 σαντα,
426 5361 670 5429 παναγία
696 5361 1149 5432 Μητροπάρθενε,
1198 5360 1258 5413 ὃν
1290 5362 1509 5431 αῖτησαι
1550 5363 1786 5433 σωθῆναι

198 5457 330 5520 τούς
360 5473 421 5508 σε
456 5458 553 5509 ἀνυ
562 5454 842 5526 μνοῦντας.

276 5548 369 5617 Τῷ
416 5547 556 5618 ξένῳ
590 5564 685 5600 σου
714 5548 859 5617 τόκῳ
882 5546 1011 5611 τοὺς
1038 5548 1103 5601 ὲκ
1128 5548 1265 5602 Θεοῦ
1291 5548 1704 5615 ξενιτεύσαντας
1732 5554 1788 5605 ἐν

202 5640 355 5711 αὖτῷ
382 5638 673 5700 οίκειὼσω,
716 5639 1059 5712 πανύμνητε,
1084 5641 1209 5694 ὅθεν
1262 5660 1320 5695 σε
1371 5644 1788 5713 μεγαλοφρόνως

207 5734 390 5787 πίστει
416 5732 736 5803 δοξάζομεν,
766 5735 861 5787 καὶ
892 5734 1313 5805 κραυγάζομεν·
1350 5738 1541 5807 Χαῖρε,
1569 5738 1787 5791 πάντων

203 5825 457 5899 γηγενῶν
482 5827 545 5880 τὺ
580 5826 890 5898 διὰςωσμα.

494 6013 771 6077 Parant.
804 6012 919 6074 Gn.
948 6012 1071 6076 CV.

2404 4712 2518 4778 ejus
2556 4719 2740 4774 mart.,
2765 4711 2849 4763 die
2879 4711 2965 4762 50.

1966 4893 2147 4959 Salve,
2173 4909 2205 4945 o
2237 4894 2499 4963 templum
2534 4892 2939 4947 sanctissimum
2964 4935 2979 4960 ,
3012 4907 3045 4946 ο
3089 4892 3262 4947 vellus
3290 4893 3474 4947 divino

1894 5003 2019 5040 rore
2044 4986 2320 5056 perfusum
2342 5030 2354 5050 ,
2390 5002 2424 5040 ο
2460 4987 2583 5042 fons
2606 4988 2855 5057 signatus
2885 4987 3211 5042 immortalis
3242 4986 3424 5039 ﬂuenti
3456 5004 3470 5041 :

1894 5080 2134 5145 custodi,
2172 5079 2422 5145 Domina,
2451 5096 2666 5152 gregem
2702 5088 2883 5147 tuum,
2916 5082 2988 5135 ita
3029 5090 3088 5135 ut
3117 5095 3145 5133 a
3174 5080 3340 5134 nullis
3378 5082 3476 5133 Im-

1893 5174 2068 5229 stibus
2089 5186 2450 5244 expugnetur.

1970 5263 2149 5318 Unum
2184 5264 2471 5319 Trinitatis
2518 5267 2799 5337 peperisti,
2856 5283 2891 5321 ο
2927 5266 3273 5321 sanctissima
3311 5265 3478 5319 ὶιίιιυιο

1902 5359 2083 5427 Virgo,
2118 5361 2355 5413 humana
2406 5374 2601 5415 natura
2660 5362 3133 5431 indutum;quem
3183 5363 3479 5430 deprecare

1897 5468 1997 5523 pro
2031 5453 2211 5508 salute
2244 5454 2582 5507 laudantium
2617 5464 2688 5509 te.

1964 5545 2130 5601 Parlu
2174 5556 2269 5601 tuo
2312 5549 2598 5617 peregrino
2655 5563 2772 5611 eos,
2807 5547 2900 5618 qui
2963 5563 2991 5601 a
3054 5547 3162 5601 Deo
3205 5547 3474 5616 peregrini

1894 5642 2020 5692 facti
2052 5648 2230 5701 erant,
2284 5641 2459 5694 eidem
2504 5642 2833 5696 domesticos
2871 5640 3192 5705 reddidisti,
3238 5655 3271 5692 ο
3328 5641 3477 5695 01111ιί

1895 5732 2053 5786 laude
2099 5731 2442 5803 dignissima.
2510 5732 2663 5789 Unde
2702 5747 2753 5790 tc
2797 5750 2992 5805 magna
3032 5750 3166 5789 voce
3201 5748 3325 5788 cum
3374 5733 3477 5785 title

1893 5824 2293 5897 gloriﬁcamus,
2321 5827 2625 5883 clamantes
2656 5847 2668 5880 ε
2705 5828 2887 5893 Salve,
2912 5829 3214 5883 oomnium
3255 5826 3481 5895 terrige-

1893 5935 2087 5976 narum
2122 5920 2289 5976 salus.

3045 6016 3123 6074 39
