4166 6458
757 411 886 472 1227

751 624 1122 686 immaculata,
1175 634 1227 678 et
1256 624 1322 677 ad
1369 632 1420 676 te
1460 623 1754 688 voril'eror,
1785 635 1844 677 ut
1872 626 2204 681 mediatione
2235 638 2326 682 tua

749 732 836 769 mc
863 715 1064 770 abillis
1094 715 1330 769 allevare
1373 713 1614 783 digneris
1652 730 1664 766 :
1697 723 1751 766 tu
1804 715 1949 769 enim
1992 734 2052 773 es
2097 718 2331 787 gloriosa

749 818 1094 878 peccatorum
1150 821 1402 878 patrona,
1453 825 1572 877 quan
1636 805 2056 876 ltcdemplorem
2095 826 2157 865 ac
2199 810 2331 866 Sal-

748 915 987 955 vatorein
1018 903 1298 973 peperisti.

821 1015 1135 1086 Speciosam
1172 1017 1337 1072 redde
1379 1020 1618 1083 animam
1666 1040 1867 1089 meam,
1906 1038 1939 1078 0
1993 1024 2178 1093 Virgo,
2209 1039 2331 1093 pas-

752 1111 973 1163 sionum
1015 1108 1263 1165 foeditate
1312 1112 1698 1182 deformatam,
1753 1128 1804 1170 et
1831 1119 1980 1170 muni
2013 1133 2109 1172 cor
2148 1133 2328 1171 meum

749 1207 1010 1257 miserunt
1039 1221 1182 1260 vera:
1214 1207 1546 1274 paenitentia:
1569 1209 2018 1279 cOgitationibus.
2040 1220 2090 1264 et
2117 1210 2328 1265 salvum

754 1313 838 1350 me
872 1301 974 1360 fac,
1008 1315 1041 1353 ο
1067 1310 1238 1364 casta,
1270 1301 1362 1370 qui
1400 1301 1467 1354 ad
1499 1311 1549 1356 te
1589 1313 1907 1359 constanter
1936 1316 2100 1375 atque
2129 1307 2331 1361 immo-

754 1394 934 1447 bilitcr
965 1394 1246 1463 confugio.

813 1506 990 1560 Locus
1031 1507 1486 1565 sanctiﬁcationis
1524 1510 1664 1565 facta
1703 1525 1781 1576 cs,
1821 1527 1854 1567 ο
1898 1511 2084 1581 Virgo.
2121 1527 2185 1566 ex
2219 1525 2329 1582 quo

737 1600 887 1656 Deus
924 1603 1180 1670 apparuit
1219 1605 1574 1660 sanctiﬁcans
1605 1621 1726 1666 nos.
1764 1607 1854 1675 qui
1889 1622 2012 1660 cum
2049 1607 2152 1659 lide
2196 1622 2328 1660 con-

740 1697 978 1749 cinimus
1017 1715 1028 1749 :
1073 1695 1422 1764 Benedictus,
1477 1715 1511 1754 ο
1548 1700 1877 1764 castissima,
1936 1701 2147 1755 fructus
2204 1715 2330 1753 vcn-

743 1790 842 1844 tris
870 1790 969 1844 tui.

814 1884 1134 1951 Racemum,
1166 1899 1327 1954 quem
1363 1884 1509 1940 nulla
1532 1888 1785 1957 agricolae
1819 1902 2016 1941 manus
2049 1885 2322 1952 excoluit,
2363 1917 2403 1970 Β

740 1987 793 2031 et
822 1992 884 2030 ex
912 1993 1022 2046 quo
1057 1979 1408 2048 indulgentia:
1448 1979 1633 2033 vinum
1671 1981 1916 2045 eﬂluxit,
1976 1994 2099 2034 cum
2134 1994 2329 2034 conce-

744 2071 907 2138 peris,
967 2085 998 2121 ο
1037 2067 1198 2138 Virgo
1235 2068 1427 2136 Mater,
1477 2085 1507 2125 a
1558 2073 1910 2142 passionibus
1938 2070 2240 2138 ebrietatis,
2285 2081 2334 2125 te

743 2177 954 2231 precor,
988 2162 1154 2216 libera
1195 2178 1299 2217 me.

812 2254 1092 2318 lllumina,
1119 2270 1327 2325 qmeso,
1357 2267 1561 2325 operta
1588 2256 1958 2322 lueis,oculos
1991 2258 2176 2312 cordis
2205 2257 2329 2322 mei,

741 2348 898 2417 297
946 2351 1133 2416 procul
1181 2351 1450 2418 repellens
1494 2350 1963 2419 protundissimas
2015 2351 2223 2423 peccati
2256 2358 2333 2404 te-

745 2443 948 2496 nebras
975 2459 1040 2496 ex
1077 2441 1281 2497 infelici
1317 2444 1502 2497 anima
1533 2459 1692 2510 mea;
1746 2453 1803 2498 ut
1862 2453 1912 2500 te
1965 2443 2330 2515 magnitieem,

744 2552 904 2605 teque
942 2552 1065 2590 cum
1109 2537 1304 2592 atfeclu
1367 2537 1670 2591 collaudem
1721 2538 1872 2593 omni
1925 2537 2085 2593 laude
2123 2535 2333 2607 dignis-

742 2643 957 2682 simam.

746 2782 828 2840 Ex
854 2785 1067 2839 (Iunone
1087 2786 1285 2858 duplici
1309 2789 1360 2839 in
1381 2787 1513 2855 [esto
1541 2787 1642 2841 SS.
1670 2787 2039 2858 Apostolorum
2065 2785 2330 2858 Stachyis,

815 2858 1082 2924 Ampliw,
1131 2857 1370 2914 Urbani.
1451 2859 1777 2922 Aristoboli,
1846 2870 1892 2911 et
1944 2856 2245 2924 Narcissip
2284 2868 2333 2912 et

816 2931 876 2981 S.
913 2929 1185 2996 Epimaclu
1214 2939 1529 2999 martyrum,
1559 2931 1644 2983 die
1675 2931 1762 2983 51.

813 3149 1051 3204 Montem
1080 3173 1088 3180 -
1113 3151 1203 3207 Dei
1245 3153 1648 3209 lucidissiinum
1675 3199 1690 3222 ,
1741 3172 1924 3210 aream
1963 3168 2235 3222 sanctam,
2271 3173 2335 3212 ac

1888 412 1948 473 S.
1991 412 2305 474 JOSEPIII
2344 415 2906 479 IIYMNOGRAPIII

817 529 981 585 Gravi
1049 537 1400 599 peccatorum
1446 525 1661 582 sarcina
1707 543 1922 599 semper
1956 533 2260 601 opprimor,
2307 549 2338 585 ο
2369 543 2412 597 Α

2522 537 2826 607 Ἀμαρτῑας
2882 537 3079 609 βαρείᾳ
3127 539 3356 592 πάντοτε
3414 539 3736 612 περίκειμαι
3803 544 4022 614 φορτία,

2435 633 2689 703 ἄχραντε,
2716 636 2806 686 καὶ
2831 633 2939 703 βοῶ
2964 653 3070 701 σοι,
3103 635 3310 689 τούτων
3330 637 3579 709 μεσιτείᾳ
3607 655 3674 708 με
3698 639 4017 710 ὲλάρρυνον·

2436 728 2499 778 σὺ
2522 727 2629 796 γὰρ
2665 721 2715 779 εἶ
2762 729 3062 799 προστάτις
3093 729 3439 799 ἁμαρτωλῶν
3483 731 3875 803 δεδοξασμένη,
3929 733 4023 785 λυ-

2432 818 2648 890 τρωτὴν
2680 823 2775 873 καὶ
2805 821 3034 892 Σωτῆρα
3069 822 3346 892 κυήσασα.

2515 1020 2812 1094 Ὠραίωσον
2867 1026 2965 1095 τὴν
3034 1025 3215 1096 ψυχήν
3267 1044 3392 1096 μου,
3450 1027 3716 1096 Παρθένε,
3772 1028 4024 1098 ἀμορφία

2431 1115 2538 1165 τῶν
2593 1114 2782 1166 παθῶν
2842 1118 3254 1187 κρατουμένην,
3304 1118 3399 1170 καὶ
3443 1117 3726 1188 λογισμοῖς
3786 1118 4023 1188 ἀληθοῦς

2435 1201 2723 1268 μετανοίας
2755 1200 2854 1270 τὴν
2914 1204 3177 1270 ταπεινήν
3211 1220 3311 1272 μου
3345 1203 3570 1272 καρδίαν
3593 1203 3897 1273 όχύρωσον,
3932 1206 4024 1254 καὶ

2434 1296 2606 1347 σῶσόν
2656 1313 2720 1365 με
2760 1295 2851 1347 τὸν
2897 1297 2989 1348 ἐπὶ
3019 1298 3103 1348 σοὶ
3137 1296 3498 1358 ἀδιστάκτως,
3543 1297 3704 1366 ἁγνὴ,
3747 1296 4006 1364 καταφεύ

2431 1404 2614 1456 γοντα.

2503 1502 2700 1568 Τόπος,
2765 1500 3032 1572 Παρθένε,
3092 1503 3409 1574 ἀνεδείχθης
3452 1503 3817 1574 ἁγιάσματος,
3858 1504 3920 1568 ἑξ
3966 1498 4027 1557 οὗ

2431 1595 2563 1658 Θεὸς
2584 1597 2780 1666 ἐφάνη,
2805 1597 3050 1663 ἁγιάζων
3073 1599 3220 1667 ἡμᾶς
3250 1598 3373 1659 τοὺς
3402 1599 3584 1650 πίστει
3615 1597 3990 1668 μελῳδοῦντας
4009 1611 4024 1625 ⁸

2434 1690 2831 1761 Εὐλογημένος,
2869 1691 3112 1758 πάναγνε
3190 1694 3218 1745 ό
3251 1693 3466 1762 καρπὸς
3499 1692 3598 1763 τῆς
3639 1693 3739 1762 σῆς
3792 1689 4026 1750 κοιλίας.

2507 1879 2611 1932 Τὸν
2650 1878 3006 1951 ἀγεώργητον
3075 1882 3277 1952 βότρυν
3328 1882 3692 1946 συλλαϐοῦσα,
3739 1882 4029 1952 άναπηγά·

2437 1969 2596 2035 ζοντα
2622 1966 2787 2037 οἶνον,
2818 1971 3269 2044 Παρθενομῆτορ,
3296 1975 3569 2043 ἀφέσεως,
3595 1973 3706 2027 τῶν
3732 1971 3927 2026 παθῶν
3957 1989 4023 2042 με

2437 2064 2535 2134 τῆς
2577 2062 2747 2134 μέθης
2772 2063 3108 2130 ἀπάλλαξον,
3135 2066 3352 2135 δέομαι.

2505 2251 2761 2316 Φὼτισον,
2795 2250 2937 2324 πύλη
2995 2251 3088 2304 τοῦ
3127 2253 3327 2320 φωτὸς,
3375 2251 3476 2322 τῆς
3519 2251 3750 2322 καρδίας
3792 2268 3899 2321 μου
3961 2250 4029 2303 τὰ

2434 2346 2682 2416 ὄμματα,
2726 2344 2944 2416 δέομαι,
2991 2345 3211 2415 μακρὰν
3272 2344 3570 2396 έλαύνουσα
3613 2345 3711 2413 τῆς
3752 2343 4032 2414 ἁμαρτίας

2438 2438 2628 2502 σκότος
2662 2437 2963 2508 βαθύτατον
2994 2438 3057 2491 ὲκ
3086 2440 3186 2509 τῆς
3209 2438 3401 2503 ἀθλίας
3435 2455 3537 2510 μου
3571 2438 3774 2510 ψυχῆς,
3809 2439 3903 2492 ῖνα
3935 2453 4034 2507 μευ

2436 2532 2654 2601 γαλύνω
2683 2550 2763 2598 σε,
2790 2533 2877 2586 ἵνα
2918 2532 3070 2603 πόθῳ
3100 2549 3158 2586 σε
3191 2533 3346 2603 ὑμνῶ
3374 2536 3475 2604 τὴν
3502 2533 3884 2603 πανύμνητον.

2451 2787 2552 2841 Ἐκ
2601 2788 2709 2842 τοῦ
2765 2788 3034 2854 Κανόνος
3073 2789 3161 2853 εἰς
3205 2786 3348 2852 τοὺς
3383 2785 3594 2855 ἁγίους
3643 2784 4034 2849 ἀποστόλους

2510 2859 2770 2928 Στάχυα,
2849 2858 3158 2928 Ἀμπλιαν,
3209 2857 3538 2928 Οὑρόανρν,
3593 2855 4032 2928 Ἀριστᾴόολογ,

2507 2925 2878 2996 Νάρκισσον,
2902 2925 3014 2983 ’καὶ
3043 2929 3150 2983 τὸν
3183 2925 3356 2998 ἅγιον
3379 2926 3651 2996 μάρτυρα
3673 2925 4032 2995 Ἐπιμαχον,

2508 2999 2698 3069 ἡμέρᾳ
2735 2999 2836 3054 λα’.

2508 3157 2581 3210 To
2599 3158 2892 3230 περιφανὲς
2911 3157 3034 3228 ὅρος
3057 3156 3216 3223 Θεοῦ,
3235 3156 3334 3227 τὴν
3355 3153 3588 3209 κιὸωτδν
3609 3153 3707 3224 τὴν
3728 3152 3918 3220 ἁγίαν,
3940 3152 4033 3205 καὶ

743 3261 1013 3310 mensam,
1050 3263 1244 3300 urnam
1296 3256 1465 3302 totum
1521 3265 1768 3313 auream,
1805 3252 2068 3304 ninndutn
2109 3250 2201 3306 Dei
2236 3269 2330 3322 pa-

2436 3255 2736 3325 τράπεζαν,
2781 3253 3020 3325 στάμνον
3051 3270 3107 3307 τε
3148 3244 3487 3322 πάγχρυσον,
3525 3251 3585 3304 τὸ
3642 3248 3887 3320 καθαρὸν
3933 3247 4028 3301 τοῦ

744 3340 958 3404 latium,
991 3341 1336 3395 benedictum
1376 3343 1516 3397 inter
1541 3343 1801 3399 mulieres
1829 3345 2222 3401 beatiﬁcemus.

812 3520 1057 3573 Cantabo
1087 3520 1205 3585 tibi,
1253 3521 1483 3576 Domine
1519 3521 1660 3576 Deus
1705 3525 2180 3592 meus;quoniam
2213 3524 2333 3579 sine

743 3612 948 3666 semine
983 3630 1048 3666 ex
1082 3623 1238 3667 utero
1280 3614 1520 3682 Virginis
1544 3626 1705 3669 natus
1729 3632 1809 3680 es,
1851 3631 1942 3684 per
1976 3633 2141 3686 quam
2168 3622 2330 3672 etiam

743 3708 922 3761 salvas
955 3708 1242 3762 UlthCI'SOS
1279 3717 1538 3777 tanquam
1595 3709 1766 3762 multa
1805 3710 2070 3779 praeditus
2104 3713 2336 3767 miseri-

741 3801 947 3852 cordia.

815 3891 1115 3947 Thalamus
1175 3894 1381 3948 Christi
1424 3893 1711 3961 luciferus,
1749 3911 1813 3951 ac
1866 3898 2096 3955 thronus
2129 3900 2335 3954 altissi-

745 4003 864 4040 mus
885 3984 1024 4039 facta
1055 4002 1137 4051 es,
1165 4003 1197 4038 0
1231 3986 1321 4040 Dei
1355 3989 1593 4056 genitrix
1624 3989 1691 4043 ab
1720 3992 1867 4043 omni
1892 3991 2012 4046 labe
2038 3992 2332 4057 immunis;

743 4081 797 4133 in
836 4090 887 4132 te
908 4080 1054 4132 enim
1089 4097 1213 4131 eum
1249 4081 1401 4134 solus
1427 4081 1516 4134 ille
1544 4083 1927 4152 requierisset,
1963 4094 2183 4140 nostros
2213 4086 2337 4140 abs-

741 4172 867 4224 tulit
913 4170 1153 4236 labores,
1193 4180 1245 4225 et
1301 4170 1542 4226 futuram
1614 4175 1858 4245 requiem
1900 4175 2081 4246 dignis
2130 4192 2338 4248 pratpa-

743 4264 901 4319 ravit.

814 4377 997 4446 Salve,
1031 4377 1201 4433 Mater
1233 4379 1332 4432 viri
1383 4380 1565 4434 nescia
1588 4421 1602 4445 ,
1640 4395 1762 4448 qua:
1815 4379 1981 4435 Deum
2014 4380 2246 4435 Verbum
2283 4381 2336 4435 in

743 4483 897 4528 utero
930 4485 1024 4525 tuo
1065 4471 1407 4536 continuisti,
1449 4483 1617 4542 atque
1661 4476 2004 4529 incarnatuui
2053 4475 2333 4545 paper-isti,

746 4580 1004 4638 tanquam
1037 4565 1207 4620 Deum
1236 4566 1402 4620 simul
1430 4576 1484 4620 et
1505 4566 1807 4622 hominem.

815 4683 1040 4753 Angelis
1064 4681 1395 4735 eminentior
1442 4683 1762 4751 apparuisti,
1803 4696 1835 4736 ο
1887 4682 2155 4749 Domina;
2208 4698 2332 4738 eum

745 4793 985 4848 namque
1015 4777 1107 4847 qui
1157 4777 1264 4829 illis
1325 4788 1408 4829 est
1441 4776 1826 4840 formidabilis,
1885 4775 2228 4830 ineﬂ‘abiliter
2279 4777 2333 4830 in

746 4883 896 4925 utero
939 4870 1223 4924 continere
1257 4870 1416 4938 digna
1466 4869 1608 4923 facta
1645 4886 1726 4934 es,
1770 4879 1822 4923 et
1856 4877 2120 4938 tanquam
2155 4867 2335 4922 infan-

747 4975 852 5016 tem
885 4963 937 5014 in
973 4962 1227 5014 manibus
1257 4972 1471 5026 gestare
1520 4960 1698 5026 illum,
1730 4960 1824 5030 qui
1885 4960 2002 5014 dies
2030 4974 2221 5013 omnes
2271 4973 2334 5012 ac

743 5065 987 5122 tempora
1027 5052 1300 5121 praecedit.

814 5150 949 5211 Ave,
984 5163 1016 5201 ο
1052 5145 1286 5207 Deipara
1342 5150 1590 5219 innupta,
1618 5163 1741 5219 quae
1772 5148 2097 5206 Clierubieis
2128 5151 2336 5206 ordini-

746 5241 848 5296 bus
890 5242 1184 5297 sublimior
1224 5243 1403 5306 fuisti,
1441 5252 1491 5296 et
1519 5242 1687 5295 Deum
1735 5242 2080 5296 incarnalum
2112 5243 2165 5296 in
2193 5242 2335 5297 ulnis

745 5343 962 5388 vectum
991 5337 1238 5404 gestasti.

822 5450 998 5521 Supra
1053 5453 1204 5506 verbi
1251 5465 1602 5523 conceptum,
1657 5452 1890 5507 Verbum
1939 5453 2240 5522 concepisti
2271 5469 2335 5509 ac

745 5547 1023 5615 peperisti,
1079 5561 1112 5600 o
1168 5547 1426 5601 omnibus
1479 5545 1734 5599 laudibus
1789 5547 2137 5610 celebranda,
2185 5547 2332 5617 quod

745 5642 906 5693 Pater
938 5656 1003 5694 ex
1045 5652 1199 5695 utero
1233 5651 1360 5695 ante
1411 5641 1608 5694 szecula
1648 5639 1952 5708 generarit.
1986 5636 2138 5694 Unde
2183 5647 2257 5706 te,
2299 5654 2333 5693 ο

745 5733 1028 5801 inviolata,
1074 5744 1332 5805 tanquam
1394 5734 1540 5789 illius
1574 5732 1798 5788 Matrem
1842 5749 1940 5804 pro
1972 5734 2155 5789 debito
2201 5735 2332 5789 bea-

743 5836 850 5882 tam
895 5827 1251 5897 appellamus.

811 5921 946 5986 Quis
979 5922 1154 5976 vale:it
1178 5921 1471 5992 explicare,
1516 5937 1548 5976 o
1578 5932 1751 5988 casta,
1778 5922 2158 5976 admirabilem
2201 5937 2327 5992 par-

2355 4609 2412 4669 D

2434 3348 2641 3418 Κυρίου
2667 3345 2950 3410 παλάτιον,
2982 3346 3082 3417 τὴν
3116 3343 3493 3415 εὐλογημένην
3535 3344 3591 3397 ἐν
3649 3341 3874 3410 γυναιξὶ
3921 3359 4028 3412 μα-

2437 3439 2778 3511 καρίσωμεν.
3027 3446 3034 3453 ’

2513 3532 2750 3603 Ιᾏσομαί
2800 3549 2903 3597 σοι,
2940 3532 3113 3602 Κύριε
3172 3533 3199 3585 6
3232 3530 3366 3593 Θεός
3400 3548 3525 3599 μου,
3559 3529 3639 3582 ὅτι
3672 3529 3937 3599 άσπόρως
3968 3529 4032 3580 ὲκ

2437 3623 2671 3693 γαστρὸς
2706 3621 2982 3692 Παρθένου
3014 3621 3264 3691 ἐτέχθης,
3293 3621 3362 3674 δι’
3396 3616 3464 3693 ἧς
3492 3620 3587 3673 καὶ
3619 3621 3814 3685 σώζεις
3859 3620 4032 3674 ᾶπαν-

2435 3733 2558 3780 τας,
2594 3717 2667 3778 ὡς
2705 3716 2864 3786 μόνος
2904 3713 3211 3776 πολυέλεος.

2511 3901 2729 3964 Παστὰς
2761 3899 2999 3970 Χριστοῦ
3034 3899 3370 3970 φωτοφόρος,
3397 3898 3492 3952 καὶ
3530 3897 3719 3969 θρόνος
3751 3897 4030 3968 ὑψηλότα-

2438 4014 2549 4060 τος,
2582 3994 2969 4064 Θεογεννῆτορ,
3023 3992 3232 4062 ὤφθης,
3291 3992 3639 4061 πανάμωμε’
3693 3994 3752 4043 ὲν
3785 3992 3869 4044 σοὶ
3921 3992 4032 4061 γὰρ

2442 4089 2600 4158 μόνος
2623 4084 3080 4155 ἀναπαυσάμενος
3135 4085 3261 4145 τοὺς
3294 4083 3454 4153 ἡμῶν
3509 4082 3772 4152 ἀφειλατο
3802 4083 4030 4147 κόπους,

2438 4180 2532 4232 καὶ
2554 4177 2652 4249 τὴν
2693 4176 2996 4248 μέλλουσαν
3018 4177 3130 4239 τοῖς
3156 4174 3327 4239 ἀξίοις
3363 4175 3700 4246 ηὑτρέπισεν
3726 4175 3918 4228 ἄνεσιν

2512 4382 2759 4452 Χαίροις,
2818 4381 3014 4451 Μῆτερ
3057 4379 3430 4449 ἀπειρόγαμε,
3484 4376 3707 4447 aestv
3754 4378 3931 4445 Λόγον
3975 4380 4032 4430 έν

2441 4474 2640 4545 γαστρί
2679 4491 2773 4526 σου
2809 4475 3132 4543 χωρήσασα,
3163 4472 3260 4524 καὶ
3301 4469 3536 4523 τεκοῦσα
3580 4471 4028 4540 σεσαρκωμένον,

2441 4569 2513 4631 ὡς
2543 4568 2673 4620 Θεὸν
2701 4565 2838 4638 ὁμοῦ
2869 4565 2963 4618 καὶ
2993 4564 3308 4635 ἄνθρωπον.

2519 4680 2754 4753 Ὠράθης
2781 4679 3035 4748 ἀγγέλων
3065 4679 3429 4748 ὑπερέχουσα,
3467 4676 3893 4731 Δέσποιναοιτδν
3923 4677 4032 4746 γάρ

2440 4776 2670 4838 ἐκείνοις
2703 4773 2934 4846 φοόερὸν
2983 4772 3407 4844 ἀνερμηνεύτως
3441 4772 3499 4823 ἐν
3530 4768 3731 4838 γαστρὶ
3777 4770 4032 4839 χωρῆσαι

2438 4870 2696 4937 ἠξίωσαι,
2730 4871 2825 4922 καὶ
2859 4869 2918 4921 ἐν
2955 4869 3113 4938 χερσὶ
3147 4866 3415 4937 βαστάσαι
3443 4864 3692 4930 καθάπερ
3709 4865 3909 4933 νήπιον
3942 4865 4035 4917 τὶν

2437 4963 2660 5035 ἡμερῶν
2688 4980 2750 5016 τε
2782 4963 2874 5016 καί
2896 4961 3104 5034 χρόνων
3131 4960 3406 5012 ἐπέκεινα.

2507 5151 2700 5222 Χαῖρε,
2738 5148 2969 5202 Θεοτόκε
2992 5146 3328 5218 άνύμφευτε,
3354 5142 3693 5215 χερουϐικῶν
3727 5144 4034 5212 ταγμάτων

2438 5244 2804 5315 ὑπερέχουσα,
2836 5243 2930 5296 καὶ
2951 5242 3084 5293 Θεὸν
3110 5243 3167 5293 έν
3196 5240 3464 5308 ἀγκάλαις
3485 5236 3852 5307 ἐποχούμενον
3888 5241 4033 5308 μετὰ.

2438 5337 2636 5408 σαρκὸς
2667 5335 3005 5405 βαστάσασα.

2505 5451 2803 5513 Συνέλαόες
2829 5450 2969 5520 ὑπὲρ
2999 5449 3155 5517 λόγον
3182 5447 3271 5499 τὸν
3292 5447 3487 5513 Λόγον,
3521 5444 3615 5496 καὶ
3645 5442 3854 5506 ἔτεκες,
3891 5461 4032 5495 παν.

2436 5545 2666 5616 ύμνητε,
2734 5544 2794 5596 ὃν
2853 5542 3041 5612 Πατὴρ
3094 5543 3158 5594 ἐκ
3216 5539 3455 5610 γαστρὸς
3525 5537 3865 5605 ὰπεγέννησε
3926 5536 4032 5604 πρὸ

2434 5639 2668 5703 αἰώνων,
2697 5637 2934 5707 ἄχραντε
2958 5654 2969 5666 ’
2994 5637 3117 5690 ὅθεν
3171 5635 3246 5698 ὡς
3277 5633 3468 5688 τούτου
3494 5649 3552 5686 σε
3582 5633 3811 5702 Μητέρα
3848 5645 4030 5700 χρ;ω-

2435 5731 2636 5795 στικῶς
2661 5729 3060 5802 μακαρίζομεν.

2506 5922 2599 5986 Τίς
2631 5922 2868 5988 ἐξειπεῖν
2914 5921 3205 5992 δυνήσεται
3250 5913 3342 5972 τοῦ
3376 5920 3537 5971 τόκου
3591 5931 3707 5978 σου,
3743 5912 3906 5983 ἁγνὴ,
3937 5912 4029 5964 τὸν
