4166 6458
218 412 356 474 12:29

1614 401 1979 460 MARIALE.

3326 395 3466 461 1230

210 521 354 589 ὑπὲρ
379 518 538 585 λόγον
571 513 874 584 παράδοξον
919 511 1160 582 τρόπον;
1191 509 1356 580 φύσει
1395 508 1504 580 γὰρ
1541 509 1677 564 Θεὸν
1704 527 1792 562 σε-

1911 525 1986 564 .us
2013 508 2086 562 tui
2117 510 2281 579 203
2313 507 2600 573 rationem,
2639 522 2762 580 quae
2785 507 2934 561 omni
2967 509 3177 563 ratione
3195 516 3278 563 est
3307 524 3469 579 supe.

211 611 568 684 σαρκωμένον
600 610 739 683 ὑπὲρ
769 607 928 676 λόγον
959 605 1221 677 ὲκύησας.

296 785 607 856 ’Υμνοῦμέν
642 801 702 837 σε
734 783 802 837 δι’
855 780 926 856 ἧς
985 781 1391 851 ὲδικαιὼθημεν
1432 781 1482 834 οί
1527 779 1790 851 πρότερον

208 879 557 943 κατάκριτοι.
585 878 681 930 καὶ
713 875 1070 946 συνήφθημεν
1103 877 1290 937 ἀΰλοις
1333 874 1667 945 λειτουργοῖς
1696 874 1790 926 καὶ

206 971 305 1022 τοῦ
337 967 670 1040 παραδείσου
703 968 1038 1038 ἠξιώθημεν,
1088 969 1146 1022 ἐν
1172 966 1416 1038 γυναιξὶν
1452 967 1788 1037 εὐλογημένη

207 1062 591 1132 θεοχαρίτωτε.

281 1153 620 1223 Δυσώπησον
679 1153 820 1223 ὑπὲρ
869 1152 977 1206 τῶν
1041 1151 1270 1205 οἰκετῶν
1317 1168 1433 1217 σου,
1505 1149 1788 1218 Θεόνυμφε

207 1247 463 1312 Θεοτόκε,
497 1247 591 1299 τὸν
616 1249 681 1300 ὲκ
713 1244 808 1298 σοῦ
842 1243 1220 1316 σαρκωθέντα,
1252 1242 1383 1295 Θεὸν
1408 1243 1589 1313 ἡμῶν,
1616 1242 1698 1294 ὅτι
1733 1241 1790 1294 σὲ

208 1340 304 1392 καὶ
337 1341 510 1409 μόνην
542 1337 883 1409 προστασίαν
912 1337 1097 1390 πιστοὶ
1125 1334 1491 1405 ἐπιστάμεθα.

296 1518 487 1573 Ῥὖσαι
530 1521 678 1590 ἡμᾶς
720 1518 1067 1591 πειρασμῶν,
1109 1519 1203 1571 καὶ
1235 1516 1491 1586 θλίψεων,
1525 1515 1618 1568 καὶ
1658 1532 1794 1586 συμ-

209 1615 399 1683 φορῶν
434 1613 816 1676 παντοδαπῶν,
859 1614 955 1665 καὶ
983 1610 1286 1682 Βαρϐάρων
1348 1609 1674 1680 ἐπιδρομῆς,
1703 1608 1799 1660 Δέ-

211 1723 408 1758 σποινα
437 1707 778 1777 πανύμνητε,
825 1707 975 1769 ὃπως
1017 1722 1076 1757 σε
1106 1704 1438 1773 δοξάζωμεν,
1467 1703 1561 1755 καὶ
1587 1703 1679 1755 τὸν
1702 1704 1712 1714 ”
1735 1703 1799 1754 ὲκ

211 1797 308 1850 σοῦ
341 1798 624 1867 τεχθέντα,
661 1798 969 1869 Θεόνυμφε,
1020 1797 1111 1851 τὸν
1151 1797 1362 1850 αἰνετὸν
1405 1795 1515 1850 τῶν
1546 1795 1798 1867 πατέρων

210 1893 347 1946 Θεὸν
371 1893 466 1946 καὶ
502 1891 880 1962 ὐπερένδοξον.

297 2081 386 2134 Ἐν
415 2083 483 2152 τῇ
522 2079 780 2150 ἀφλέκτῳ
810 2080 980 2152 βάτῳ,
1009 2079 1104 2134 καὶ
1146 2077 1450 2151 δροσοϐόλῳ
1493 2075 1708 2147 καμίνῳ
1734 2077 1797 2129 σὺ

209 2175 595 2246 προεγράφης,
640 2174 1101 2247 Μητροπάρθενε,
1175 2173 1473 2246 ἀφράστως
1540 2171 1796 2243 κυήσασα

211 2268 631 2338 σεσαρκωμένον
662 2268 814 2333 Θεὸν,
852 2269 994 2338 ἁγνὴ
1020 2267 1384 2338 εὐλογημένη.

288 2361 358 2413 Σὲ
392 2360 486 2413 καὶ
507 2361 705 2429 τεῖχος,
749 2361 844 2413 καὶ
875 2359 1217 2431 καταφυγὴν,
1264 2362 1359 2414 καὶ
1393 2360 1637 2430 κλίμακα
1668 2358 1804 2428 πρὸς

216 2452 354 2522 ὕψος
416 2454 762 2525 μετάγουσαν
812 2453 872 2507 τὸ
907 2453 1270 2524 ἀνθρώπινον,
1297 2454 1606 2524 πανάμωμε
1638 2452 1802 2523 ἁγνὴ,

211 2546 424 2608 ειδότες
482 2546 872 2616 κραυγάζομεν
902 2563 916 2577 ·
979 2547 1291 2616 Εὐλογείτε,
1333 2548 1512 2601 πάντα
1543 2547 1611 2600 τὰ
1666 2546 1804 2616 ἔργα

212 2640 450 2711 Κυρίου,
482 2641 572 2693 τὸν
598 2641 823 2709 Κύριον,
850 2641 1136 2711 ὑμνεῖτε...

296 2734 479 2786 Σῶσόν
511 2751 598 2804 με,
635 2735 796 2805 ἁγνὴ,
829 2736 862 2805 ἡ
890 2735 980 2787 τὸν
1011 2735 1238 2805 Σωτῆρα
1277 2734 1639 2805 ἀποκυήσασα
1673 2734 1807 2803 Χριο

222 2830 373 2893 στὸν,
400 2830 531 2898 ἡμῖν
557 2829 916 2899 ὁμοιωθέντα,
940 2830 1086 2892 ὅπως
1108 2830 1165 2881 ὲν
1192 2829 1398 2882 αἰνέσει
1422 2845 1480 2880 σε
1510 2828 1596 2879 ἀεὶ
1633 2843 1810 2896 μακα-

223 2923 492 2992 ρίζωμεν,
528 2923 890 2993 εὐλογημένη.

291 3016 480 3086 Φέρεις
510 3015 602 3066 τὸν
633 3016 700 3066 τὰ
740 3016 917 3068 πάντα
959 3016 1220 3084 φέροντα,
1254 3015 1350 3066 καὶ
1401 3013 1691 3082 γαλουχεῖς
1721 3011 1833 3078 τὸν,

221 3110 358 3161 πᾶσι
393 3109 598 3179 τροφὴν
631 3109 964 3178 παρέχοντα,
995 3109 1139 3178 μέγα
1181 3109 1275 3160 καὶ
1306 3106 1534 3177 φρικτὸν
1577 3106 1638 3157 τὸ
1673 3106 1814 3174 ὑπὲρ

1895 603 2049 657 rior?
2078 602 2210 655 Eum
2248 616 2484 670 namque
2510 602 2604 671 qui
2663 610 2856 671 suapte
2910 611 3102 654 natura
3151 603 3287 657 Deus
3327 612 3468 669 erat,

1893 709 2057 763 supra
2101 693 2245 748 verbi
2277 700 2627 760 conceptum,
2660 692 3004 746 incarnatum
3045 693 3322 761 peperisti.

1962 780 2269 836 Laudamus
2311 791 2381 847 te,
2443 795 2478 834 ο
2522 781 2801 836 benedicta
2851 781 2993 836 inter
3041 781 3315 847 mulieres,
3361 784 3471 838 Deo

1894 875 2234 945 gratissima,
2296 893 2392 946 per
2423 893 2586 947 quam
2619 892 2718 932 nos
2767 888 2924 934 antea
2982 879 3225 933 damnati
3271 880 3470 948 justiﬁ-

1893 970 1997 1024 cati
2024 985 2236 1033 sumus,
2268 977 2320 1023 et
2349 970 2803 1026 immaterialibus
2830 973 3099 1027 ministris
3117 974 3377 1043 cooptati,
3411 989 3475 1028 ac

1897 1063 2150 1132 paradiso
2182 1063 2328 1132 digni
2359 1063 2483 1117 facti
2521 1080 2732 1120 sumus.

1965 1155 2164 1220 Exora,
2201 1169 2235 1209 ο
2271 1155 2362 1210 Dei
2385 1154 2597 1226 Sponsa
2626 1155 2880 1226 Dcipara,
2916 1170 3016 1226 pro
3065 1155 3286 1211 famulis
3344 1155 3475 1218 tuis.

1893 1243 2060 1301 Deum
2100 1257 2368 1312 nostrum,
2403 1249 2498 1318 qui
2544 1263 2610 1303 ex
2651 1258 2700 1304 te
2731 1249 3052 1305 incarnatus
3083 1258 3167 1304 est
3198 1267 3212 1305 :
3247 1259 3299 1304 te
3325 1250 3473 1304 enim

1895 1338 2114 1393 unicum
2173 1341 2533 1410 patrocinium
2587 1351 2836 1396 nostrum
2893 1356 2994 1396 nos
3055 1339 3238 1396 fideles
3294 1353 3467 1411 agno-

1896 1432 2122 1485 scimus.

1970 1524 2160 1580 I.ibera
2197 1542 2319 1590 nos,
2343 1542 2375 1580 o
2407 1525 2656 1592 Domina,
2697 1541 2912 1582 summe
2963 1525 3257 1591 laudanda,
3288 1539 3318 1577 a
3361 1535 3481 1579 ten-

1906 1619 2232 1684 tationibus,
2277 1620 2746 1686 tribulationibus,
2805 1620 3113 1690 omnigenis
3155 1620 3482 1675 calamitati-

1900 1712 2024 1773 bus,
2059 1723 2216 1784 atque
2273 1730 2302 1768 a
2335 1713 2697 1770 Barbarorum
2728 1715 2955 1769 incursu
3013 1731 3026 1768 :
3090 1723 3147 1768 ut
3187 1724 3262 1778 te,
3297 1730 3330 1768 ο
3385 1712 3480 1768 Dei

1904 1803 2136 1872 Sponsa,
2179 1804 2568 1873 gloriﬁcemus,
2598 1816 2762 1876 atque
2795 1806 2970 1874 illum,
3001 1808 3093 1876 qui
3133 1823 3194 1862 ex
3237 1816 3288 1860 te
3319 1814 3482 1860 natus

1831 1887 1875 1943 Β
1905 1905 2006 1963 est,
2043 1897 2369 1953 laudabilem
2422 1915 2485 1955 ac
2526 1901 2995 1971 supergloriosum
3031 1901 3202 1957 Deum
3262 1910 3478 1972 patrum

1900 2002 2237 2047 nostrorum.

1971 2085 2027 2141 In
2061 2087 2197 2142 rubo
2226 2087 2594 2154 incombusto,
2645 2097 2698 2141 et
2743 2086 2797 2142 in
2834 2088 3054 2143 fornace
3088 2103 3210 2144 rore
3242 2087 3481 2157 perfusa,

1903 2189 1957 2233 tu
2016 2182 2360 2250 praefigurata
2424 2195 2504 2247 es,
2546 2197 2578 2235 ο
2619 2179 2789 2236 Mater
2824 2182 2987 2252 Virgo
3017 2192 3189 2246 casta,
3228 2195 3291 2235 ac
3319 2180 3487 2235 bene-

1902 2271 2070 2336 dicta,
2100 2289 2219 2340 quae
2249 2273 2418 2328 Deum
2451 2274 2799 2329 incarnatum
2827 2275 3176 2328 ineﬂ‘abiliter
3224 2273 3483 2342 genuisti.

1975 2361 2051 2417 Te
2078 2379 2319 2428 murum,
2359 2362 2654 2434 refugium,
2701 2374 2754 2418 et
2788 2364 3013 2430 scalam,
3064 2379 3185 2434 qua:
3234 2364 3384 2418 ducit
3420 2365 3485 2416 ad

1905 2457 2291 2512 sublimitatem
2317 2457 2619 2512 humanum
2647 2474 2842 2528 genus,
2875 2466 3261 2527 agnoscentes,
3283 2472 3316 2511 ο
3336 2466 3486 2510 casta

1905 2549 2131 2602 abomni
2151 2550 2268 2604 labe
2287 2550 2571 2616 immunis,
2589 2550 2891 2605 clamamus
2916 2571 2928 2606 :
2951 2550 3281 2616 Benedicite,
3305 2549 3490 2604 omnia

1906 2656 2068 2711 opera
2105 2641 2339 2707 Domini,
2375 2643 2686 2707 Dominum,
2721 2645 2958 2703 laudate.
2988 2653 3095 2698 ctc.

1982 2733 2200 2788 Salvum
2232 2752 2317 2790 me
2341 2737 2448 2800 fac,
2490 2754 2523 2791 ο
2554 2747 2726 2803 casta,
2766 2754 2888 2808 qua:
2916 2737 3194 2792 Christqu
3242 2736 3492 2791 Salvato-

1911 2842 2045 2888 rem,
2075 2825 2279 2882 factum
2315 2829 2473 2884 nobis
2509 2830 2742 2884 similem
2777 2829 3034 2899 peperisti
3057 2871 3071 2894 ,
3115 2841 3177 2884 ut
3205 2844 3332 2884 cum
3369 2829 3490 2883 lau-

1910 2917 2070 2971 dibus
2099 2928 2149 2971 te
2171 2934 2383 2988 semper
2416 2921 2809 2984 beatiﬁcemus,
2835 2937 2866 2974 ο
2905 2921 3207 2976 benedicta.

1984 3011 2174 3064 Portas
2200 3027 2321 3066 eum
2357 3014 2448 3082 qui
2483 3024 2666 3083 portat
2719 3015 2996 3082 universa,
3038 3023 3093 3069 et
3129 3013 3268 3068 lacte
3312 3013 3493 3068 nutris

1915 3118 2063 3166 eum,
2095 3104 2188 3173 qui
2215 3106 2306 3159 dat
2336 3107 2593 3160 omnibus
2623 3121 2829 3161 escam.
2899 3105 3151 3176 Magnum
3207 3121 3272 3161 ac
3303 3104 3494 3160 formi-

219 3198 348 3252 νοῦν
376 3217 468 3252 σου
502 3201 819 3270 μυστήριον,
852 3200 1066 3254 Κιὸωτὲ
1093 3200 1186 3253 τοῦ
1225 3198 1424 3252 σεπτοῦ
1451 3197 1809 3267 ἁγιάσματος,

1918 3193 2097 3249 dabile
2128 3197 2442 3264 mysterium
2468 3207 2642 3265 tuum,
2670 3201 2814 3268 quod
2843 3213 3060 3252 omnem
3085 3207 3316 3252 mentem
3348 3207 3498 3252 tran-

220 3293 471 3365 Παρθένε
509 3292 761 3358 Θεοτόκε,
797 3294 922 3346 ὅθεν
958 3293 1167 3357 πιστῶς
1201 3310 1262 3345 σε
1301 3291 1705 3362 μακαρίζομεν.

297 3482 479 3544 Φωτὸς
517 3482 858 3553 οἰκητήριον,
902 3481 1064 3552 ἁγνὴ,
1121 3481 1450 3552 γεγένησαι·
1505 3482 1595 3535 διὰ
1658 3481 1818 3535 τοῦτο

228 3572 458 3624 ἱκετεύω
494 3590 571 3636 σε,
614 3573 871 3643 φώτισον,
903 3573 1119 3643 δέομαι,
1175 3575 1274 3637 τὰς
1334 3576 1502 3645 κόρας
1532 3575 1630 3645 τῆς
1662 3593 1817 3628 τετα-

229 3667 574 3737 πεινωμένης
603 3668 829 3737 καρδίας
854 3686 954 3736 μου
989 3667 1176 3721 παθῶν
1207 3671 1327 3731 ταῖς
1351 3669 1616 3738 χαλεπαῖς
1639 3671 1818 3740 ἀμαυ-

227 3758 475 3830 ρότησιν,
495 3761 644 3824 ὅπως
672 3761 730 3813 έν
753 3760 931 3813 πίστει
963 3761 1251 3833 μακαρίζω
1277 3779 1356 3815 σε.

721 3918 878 3972 MllN
913 3917 1338 3973 ΝΟΕΜΒΡΙΟΣ.

244 4051 346 4106 Ἐκ
399 4049 508 4104 τοῦ
559 4050 829 4116 Κανόνος
857 4052 944 4116 εἷς
1012 4051 1155 4117 τοὺς
1188 4053 1395 4120 ἁγίους
1425 4051 1821 4119 Ἀναργύρους

499 4120 746 4191 Κοσμᾶν
770 4122 865 4174 καὶ
900 4125 1224 4190 Δαμίαν-ὸν,
1255 4124 1445 4192 ἡμέρᾳ
1476 4129 1544 4175 α’.

311 4276 549 4346 Σωτῆρα
590 4277 685 4329 καὶ
720 4277 852 4331 Θεὸν
892 4277 950 4344 ἐξ
980 4278 1161 4345 ἁγνῶν
1195 4295 1288 4330 σου
1321 4278 1570 4348 αἱμάτων
1601 4277 1818 4346 ἐσωμά-

239 4387 444 4433 τωσας,
473 4371 637 4440 ἁγνὴ,
663 4371 754 4422 τὸν
785 4371 1037 4435 δείξαντα
1070 4356 1453 4442 ἡμῖν’ἰατρούς
1483 4371 1589 4424 τῶν
1632 4371 1821 4426 παθῶν

237 4464 421 4532 ἡμῶν,
454 4463 714 4533 ἄχραντε,
744 4464 1132 4534 σωτηριώδεις,
1173 4464 1268 4516 καὶ
1323 4464 1558 4534 θερμοὺς
1604 4465 1820 4535 ἀντιλή-

240 4573 452 4627 πτορας
482 4558 608 4620 τοὺς
641 4557 876 4619 σεπτούς
907 4558 1272 4629 Ἀναργύρους
1296 4558 1352 4610 εν
1384 4559 1678 4628 πνεύματι.

322 4743 678 4813 Ὠραιοτάτην
710 4744 766 4795 ἐν
793 4743 1010 4811 γυναιξί
1042 4760 1098 4794 σε
1131 4743 1262 4806 Θεὸς
1292 4742 1592 4810 ἐξελέξατο,
1631 4744 1726 4797 καὶ
1755 4745 1818 4797 ὲκ

245 4837 338 4888 σοῦ
384 4836 738 4906 σωματικῶς,
769 4836 934 4907 ἁγνὴ,
967 4836 1226 4906 τεχθῆναι
1273 4837 1592 4908 ηὐδόκησεν,
1629 4839 1658 4890 ό
1686 4839 1819 4891 άναα

241 4929 551 4999 παυόμενος
592 4931 650 4981 ὲν
682 4930 792 4992 τοῖς
829 4929 1006 4997 ἁγίοις
1033 4928 1221 4983 αὐτοῦ.

312 5043 668 5114 Συμπαθείας
728 5062 818 5116 με,
860 5046 1128 5116 Παρθένε,
1165 5050 1264 5118 τῆς
1297 5048 1354 5101 ἐν
1414 5047 1497 5100 σοὶ
1549 5048 1820 5114 καταξίω-

245 5157 359 5202 σον,
388 5140 422 5210 ὴ
448 5138 684 5192 τεκοῦσα
712 5140 885 5209 Λόγον
910 5141 1070 5211 μόνον
1100 5142 1317 5213 ἀληθῶς
1351 5142 1820 5213 συμπαθέστατον,

243 5236 334 5288 τὸν
364 5234 672 5304 συμπαθεῖς
697 5237 820 5299 τοὺς
848 5237 1040 5303 ἁγίους
1082 5237 1440 5299 ἀναδείξαντα
1476 5239 1702 5309 ῑατῆρας
1734 5242 1824 5292 καὶ

245 5330 697 5400 θαυματουργούς
727 5333 784 5384 ὲν
817 5333 931 5392 τοῖς
957 5332 1194 5402 τέρασιν.

319 5514 522 5584 Σοφίαν
552 5515 794 5587 ἐκύησας
840 5515 976 5572 Θεοῦ
1031 5518 1131 5588 τὴν
1164 5517 1549 5583 ἔνυπόστατον,
1589 5518 1828 5589 ἄχραντε

249 5607 492 5678 Παρθένε
528 5608 781 5669 Θεοτόκε,
815 5610 916 5679 τὴν
945 5610 1070 5671 τοὺς
1098 5609 1285 5678 ἁγίους
1314 5611 1622 5680 πανσόφους
1655 5610 1829 5675 δείξα-

253 5720 374 5767 σαν,
406 5701 472 5754 δι’
511 5693 587 5753 ὧν
622 5701 722 5770 τῆς
753 5702 952 5764 κακίας
995 5702 1252 5770 σοφιστοῦ
1282 5703 1538 5756 πέπτωκε
1577 5702 1638 5755 τὸ
1656 5704 1830 5775 φρύα-

251 5810 368 5862 γμα
398 5793 494 5845 καὶ
526 5792 677 5845 δεινὰ
707 5793 1196 5864 πανουργεύματα.

325 5887 472 5945 Ναόν
496 5903 556 5941 σε
592 5887 832 5957 καθαρὸν
857 5889 1255 5958 ἀπειργάσατο,
1287 5887 1576 5956 Δέσποινα,
1610 5890 1637 5943 ὁ
1664 5889 1832 5944 καθα-

1850 4598 1898 4657 D

1919 3289 2149 3352 scendit,
2211 3304 2244 3343 ο
2271 3289 2413 3345 Arca
2457 3291 2779 3346 veneranda:
2808 3292 3278 3356 sanctiﬁcationis,
3338 3290 3496 3360 Virgo

1919 3379 2146 3449 Deipara
2177 3399 2190 3435 :
2225 3385 2370 3437 unde
2403 3393 2453 3440 te
2483 3384 2719 3439 ﬁdeliter
2742 3383 3142 3438 beatiﬁcamus.

1989 3472 2161 3530 Lucis
2181 3473 2552 3528 habitaculum
2579 3473 2723 3529 facta
2745 3491 2827 3537 es,
2863 3489 2896 3528 ο
2919 3485 3096 3538 casta,
3136 3474 3494 3544 quamobrem

1920 3574 1972 3619 te
1995 3580 2207 3634 precor,
2247 3567 2514 3631 illumina,
2535 3582 2740 3636 quaeso,
2773 3568 3007 3637 pupillas
3033 3567 3362 3622 miserabilis
3384 3581 3499 3622 cor-

1920 3661 2004 3715 dis
2035 3662 2161 3723 mei,
2199 3662 2436 3730 graviter
2489 3676 2518 3713 a
2552 3662 2903 3730 passionibus
2947 3663 3288 3725 obscuratas,
3344 3669 3406 3715 ut
3445 3667 3498 3716 te

1920 3767 2043 3807 cum
2073 3754 2177 3808 ﬁde
2207 3754 2540 3810 beatiﬁcem°

2273 3910 2437 3980 209
2464 3909 2719 3964 MENSIS
2749 3909 3145 3965 NOV’EMBER.

1923 4043 2009 4098 Ea:
2039 4021 2256 4100 Can'one
2293 4049 2349 4100 in
2389 4049 2522 4116 festo
2555 4047 2659 4103 SS.
2698 4049 2900 4104 Cosma:
2937 4059 2986 4121 et
3025 4048 3469 4121 Damianimartg

2315 4135 2432 4170 rum
2466 4123 2886 4189 Anargyrorum,
2910 4120 2996 4173 die
3027 4121 3076 4174 1.

1995 4277 2343 4334 Salvatorem
2379 4294 2441 4333 ac
2476 4279 2643 4335 Deum
2676 4296 2741 4334 ex
2799 4280 2950 4350 puris
2991 4279 3357 4350 sanguinibus
3393 4278 3503 4334 tuis

1923 4371 2248 4438 corporasti,
2284 4386 2317 4424 ο
2351 4381 2502 4425 casta
2555 4381 2717 4440 atque
2777 4373 3157 4437 immaculata;
3202 4371 3298 4440 qui
3337 4385 3503 4425 vene-

1923 4465 2125 4517 randos
2169 4463 2222 4516 in
2258 4464 2452 4533 Spiritu
2486 4463 2821 4533 Anargyros,
2866 4463 3135 4517 salutares
3182 4463 3502 4532 passionum

1929 4565 2238 4611 nostrarum
2315 4557 2591 4622 medicos,
2680 4568 2745 4608 ac
2827 4552 3104 4608 ferventes
3183 4551 3506 4608 defensores

1926 4650 2122 4706 effecit.

2000 4743 2075 4799 Te
2108 4743 2574 4814 speciosissimam
2607 4745 2750 4800 inter
2775 4746 3034 4800 mulieres
3071 4743 3213 4797 Deus
3245 4739 3432 4810 elegit.
3473 4752 3507 4792 ο

1929 4845 2102 4898 casta,
2138 4846 2190 4890 et
2217 4851 2282 4890 ex
2329 4845 2381 4891 te
2421 4837 2777 4907 corporaliter
2811 4837 2958 4891 nasci
3007 4835 3113 4890 sibi
3164 4831 3501 4902 complacuit

1931 4928 2020 4982 ille
2050 4929 2142 4998 qui
2181 4930 2479 4999 requiescit
2515 4930 2570 4984 in
2602 4929 2809 4984 sanctis
2834 4930 2970 4983 suis.

2002 5041 2402 5111 Compassione
2427 5045 2538 5108 illa,
2568 5059 2692 5114 quae
2717 5052 2801 5098 est
2832 5043 2885 5097 in
2912 5052 2984 5106 te,
3018 5042 3243 5110 dignum
3277 5054 3363 5093 me
3396 5039 3502 5104 fac,

1933 5152 1966 5190 ο
2004 5136 2190 5206 Virgo,
2220 5152 2344 5207 qua:
2370 5134 2603 5190 Verbum
2627 5135 2906 5207 peperisti,
2930 5134 3108 5188 solum
3137 5145 3266 5186 vere
3291 5143 3510 5185 summa

1935 5233 2322 5301 compassione
2354 5233 2597 5301 plenum,
2638 5231 2731 5300 qui
2783 5229 3024 5283 medicos
3072 5241 3136 5281 ac
3168 5225 3513 5280 thaumatur-

1936 5342 2030 5397 gos
2065 5328 2117 5380 in
2159 5327 2444 5397 prodigiis,
2509 5322 2909 5395 compassionis
2974 5321 3028 5375 in
3079 5333 3179 5373 nos
3229 5323 3510 5384 compotes

1935 5421 2134 5476 eﬂ‘ecit.

2023 5514 2360 5584 Sapientiam
2396 5513 2486 5569 Dei
2540 5513 2929 5568 subsistentem
2960 5508 3220 5581 genuisti,
3253 5523 3288 5564 ο
3334 5508 3513 5563 invio-

1939 5609 2046 5663 lata
2103 5606 2264 5678 Virgo
2320 5608 2574 5677 Deipara,
2637 5622 2760 5675 qua!
2807 5615 3028 5660 sanctos
3073 5603 3514 5674 sapientissimos

1939 5703 2153 5769 effecit;
2203 5718 2298 5773 per
2349 5717 2488 5772 quos
2538 5700 2759 5770 maligni
2814 5699 3072 5767 sophista:
3132 5696 3402 5767 iactantia
3461 5703 3517 5750 ct

1941 5795 2169 5851 hostiles
2200 5806 2352 5851 astus
2383 5793 2719 5850 ceciderunt.

2015 5889 2302 5961 Templum
2343 5904 2541 5959 purum
2573 5884 2749 5944 effecit
2773 5896 2846 5954 te,
2871 5881 3127 5948 Domina,
3157 5879 3515 5952 purissimum
