4166 6458
707 351 844 416 1935

1837 358 1898 418 S.
1931 359 2242 420 JOSEI‘HI
2281 359 2840 421 HYMNOGRAPHI

3821 357 3961 421 1236

704 464 995 521 absorbent
1022 481 1109 521 me
1141 485 1155 521 :
1194 466 1288 521 sed
1316 476 1369 521 tu
1402 466 1562 537 213
1601 467 1811 523 salvum
1845 486 1928 525 me
1962 470 2069 539 fac,
2110 485 2273 544 atque

2384 476 2493 529 ἀλλ’
2538 475 2677 545 αὐτὴ
2713 489 2779 543 με
2834 472 3009 525 σῶσον
3068 471 3159 525 καὶ
3193 470 3532 541 κυϐέρνησον
3585 467 3725 539 πρὸς
3760 468 3956 537 λιμένα

701 558 768 610 ad
823 566 1037 626 portum
1092 558 1287 612 divina:
1360 558 1658 614 voluntatis
1728 561 2081 630 gubernatrix
2156 576 2274 618 esto

705 651 860 707 mihi.

772 744 918 800 Luce
950 754 1038 798 tua
1070 744 1268 798 irradia
1303 759 1424 810 me,
1472 759 1505 799 0
1535 744 1734 798 munda
1786 744 1854 798 ab
1907 747 2053 800 omni
2101 764 2274 814 luero,

700 852 823 907 quae
858 839 1030 894 lucem
1068 838 1501 893 inaccessibilem
1529 839 1821 908 peperisti;
1854 841 2056 910 dissipa
2091 842 2274 896 nubila

702 934 899 989 anima:
930 950 1083 997 meae,
1113 945 1166 988 et
1196 950 1226 989 a
1258 935 1495 990 tenebris
1524 936 1673 1006 eripe
1700 952 1783 991 me
1802 978 1815 1000 .
1846 938 2075 993 obsecro
2095 979 2111 1003 ,
2137 940 2276 994 divi-

705 1043 899 1098 naeque
934 1029 1128 1084 salutis
1166 1028 1390 1099 dignum
1421 1029 1506 1085 fac
1540 1046 1659 1096 me,
1707 1041 1765 1087 ut
1796 1032 2010 1088 laudem
2041 1043 2092 1088 te
2125 1035 2274 1089 omni

704 1120 865 1176 laude
893 1119 1292 1191 dignissimam.

2382 572 2477 623 τοῦ
2508 568 2653 621 θείου
2688 566 3014 637 θελήματος.

2455 756 2598 809 Φωτὶ
2631 771 2698 821 με
2727 752 3073 821 καταύγασον
3104 751 3182 822 τῷ
3217 750 3315 820 σῷ,
3347 750 3683 818 πανάμωμε,
3705 749 3739 818 ἡ
3764 746 3958 799 τεκοῦ-

2386 867 2453 902 σα
2481 850 2595 916 φῶς
2619 846 2932 917 ἀπρόσιτον,
2961 844 3124 897 λῦσον
3181 842 3248 896 τὰ
3297 842 3435 913 νέφη
3467 842 3567 911 τῆς
3611 840 3788 911 ψυχῆς
3828 856 3954 909 μου,

2379 940 2472 993 καὶ
2499 942 2722 1001 σκότους
2747 955 2813 1009 με
2845 936 3172 1007 ἐξάρπασον,
3208 934 3426 1005 δέομαι,
3459 934 3555 989 καὶ
3598 933 3750 996 Θείας
3779 950 3960 1002 σωτη-

2384 1035 2503 1106 ρίας
2537 1034 2784 1100 ἁξέωσον,
2818 1032 2905 1086 ἵνα
2929 1029 3085 1102 ὑμνῶ
3107 1047 3166 1084 σε
3191 1031 3293 1101 τὴν
3331 1028 3710 1099 πανύμνητον.

1432 1235 1513 1289 Ea:
1545 1236 1756 1292 Canoue
1784 1238 1838 1291 in
1870 1236 1973 1293 SS.
2019 1238 2351 1297 Galalioncm
2401 1254 2451 1299 et
2494 1244 2790 1314 Epistemen
2827 1245 3003 1315 (92“),
3041 1242 3126 1298 die
3152 1242 3205 1299 5.

775 1345 1096 1404 Pratsidium
1128 1349 1515 1405 tribulatorum
1540 1390 1553 1413 ,
1588 1352 1737 1407 salus
1770 1360 1825 1406 et
1869 1367 1990 1423 spes
2020 1352 2280 1423 despera-

706 1449 923 1505 torum,
966 1441 1194 1512 Deipara
1244 1446 1389 1498 omni
1433 1444 1589 1499 laude
1622 1446 1974 1511 celebranda,
2021 1444 2284 1516 impensis

706 1535 960 1602 precibus
999 1551 1097 1589 ora
1146 1552 1244 1604 pro
1279 1537 1464 1600 nobis,
1500 1545 1562 1591 ut
1600 1552 1630 1590 a
1671 1538 1930 1607 periculis
1964 1538 2281 1593 liberemur.

781 1627 1028 1684 Dissolve
1088 1630 1238 1683 cordi
1276 1645 1398 1683 meo
1432 1629 1821 1685 circumfusam
1875 1632 2094 1696 nubem,
2132 1648 2163 1687 ο
2198 1648 2289 1686 εει-

707 1719 954 1775 stissima
979 1737 993 1785 ;
1021 1721 1205 1775 evibra
1235 1720 1288 1774 in
1316 1737 1400 1777 me
1430 1722 1641 1777 radium
1677 1738 1815 1777 vera:
1855 1724 2218 1792 poenitentia),
2254 1738 2287 1776 o

712 1824 867 1883 porta
918 1813 1057 1868 lucis
1107 1814 1428 1881 benedicta,
1470 1824 1635 1887 atque
1679 1815 1994 1871 omnimoda
2049 1817 2281 1886 puritate

710 1916 991 1971 exornata,
1016 1917 1071 1961 et
1098 1910 1358 1973 concede,
1393 1919 1452 1963 ut
1473 1910 1615 1965 sicut
1648 1912 1701 1964 in
1724 1910 1813 1966 die
1843 1911 2066 1966 honeste
2093 1910 2284 1965 ambu-

711 1998 816 2054 lem
849 2000 902 2055 in
934 2003 1214 2071 praeceptis
1249 2001 1361 2056 Dei.

781 2091 867 2147 Me
898 2094 1076 2148 noxiis
1105 2094 1489 2150 all'ectionibus
1526 2106 1863 2166 peremptum
1911 2113 1973 2150 ac
2005 2105 2283 2151 mortuum

709 2186 947 2251 vivifica,
978 2202 1011 2241 ο
1041 2188 1243 2258 puella,
1270 2205 1392 2256 quae
1422 2190 1585 2243 vitam
1619 2190 1763 2244 illam
1801 2190 2082 2260 peperisti,
2116 2206 2145 2245 a
2178 2205 2284 2260 qua

712 2280 971 2335 universa
1004 2282 1198 2335 mortis
1223 2282 1305 2336 vis
1331 2292 1385 2335 et
1413 2284 1651 2350 potentia
1683 2283 1949 2339 dissoluta
1981 2293 2084 2337 est.

783 2370 992 2441 Lingua
1026 2375 1419 2441 terrigenarum
1456 2389 1800 2443 nequaquam
1833 2375 2029 2429 sullicit
2064 2374 2130 2428 ad
2168 2374 2285 2428 lau-

710 2463 949 2519 dandam
992 2473 1063 2526 te,
1099 2480 1221 2532 quae
1250 2465 1342 2517 Dei
1385 2466 1619 2535 genitrix
1664 2465 1803 2519 facta
1840 2482 1934 2528 es,
1969 2481 2000 2519 ο
2043 2464 2287 2518 Domini-

713 2570 869 2625 para,
899 2567 949 2609 et
979 2553 1143 2625 Virgo
1174 2556 1712 2620 immaculatissima,
1753 2567 1915 2629 atque
1941 2558 2287 2613 Christiano-

714 2663 835 2703 rum
876 2647 1213 2718 confugium.

2457 1357 2717 1427 Peperisti
2750 1358 2803 1413 in
2832 1367 3074 1426 tempore
3109 1353 3369 1424 temporis
3420 1360 3721 1421 expertem,
3746 1364 3780 1403 ο
3802 1363 3965 1404 sanc-

2381 1453 2592 1507 tissima
2616 1491 2630 1516 ,
2663 1451 2939 1505 hominem
2975 1448 3176 1504 factum
3226 1458 3449 1519 propter
3487 1445 3722 1501 salutem
3780 1441 3962 1496 homi-

2383 1561 2538 1600 num.

2454 1660 2591 1716 Cum
2623 1659 2894 1714 universis
2925 1656 3183 1728 supernis
3209 1670 3273 1711 ac
3303 1652 3621 1710 coelestibus
3647 1647 3963 1705 ordinibus.

2316 1767 2360 1825 Β
2392 1770 2492 1810 nos
2525 1770 2717 1809 omnes
2750 1753 3036 1823 Deiparam
3073 1752 3305 1822 puellam
3326 1790 3341 1813 ,
3373 1764 3468 1819 per
3497 1746 3741 1801 eamdem
3770 1756 3966 1796 conse-

2384 1847 2495 1902 cuti
2526 1848 2781 1913 salutem,
2817 1861 3013 1916 magna
3045 1859 3175 1900 voce
3212 1840 3607 1897 beatificemus.

2456 1962 2739 2033 Τειηιιιιειηι
2824 1959 3288 2032 pretiosissimum
3370 1971 3436 2011 ac
3501 1947 3964 2009 sublimissimum

2391 2056 2645 2110 thronum
2709 2054 2802 2110 Dei
2852 2053 3119 2120 altissimi!
3151 2050 3459 2113 laudemus,
3495 2060 3529 2100 ο
3559 2042 3785 2114 populi,
3813 2037 3965 2092 illam

2389 2167 2509 2221 qua:
2530 2151 2645 2205 sola
2674 2157 2791 2219 post
2822 2155 3036 2219 partum
3071 2154 3244 2199 mater
3274 2142 3378 2196 fuit
3405 2149 3458 2195 et
3492 2138 3668 2207 virgo.

2466 2262 2545 2316 Tu
2591 2278 2671 2324 es,
2705 2276 2739 2316 ο
2784 2261 3049 2331 Deipara,
3081 2273 3234 2312 arma
3292 2263 3481 2309 nostra
3530 2260 3586 2305 et
3630 2264 3822 2305 murus
3860 2257 3966 2302 :tu

2388 2355 2699 2427 praesidium
2728 2363 2782 2407 et
2810 2352 3059 2407 defensio
3089 2346 3487 2404 recurrentium
3518 2344 3583 2397 ad
3616 2354 3665 2397 te
3695 2361 3709 2395 :
3739 2350 3791 2395 et
3818 2354 3969 2393 nunc

2388 2457 2441 2503 te
2467 2446 2757 2501 oratricem
2790 2454 3033 2498 nostram
3066 2438 3479 2501 constituimus,
3511 2443 3571 2489 ut
3614 2433 3681 2488 ab
3710 2432 3970 2487 hostibus

2393 2541 2599 2595 nostris
2626 2539 2943 2594 liberemur.

1172 2743 1336 2815 215
1362 2742 1445 2796 Ea:
1465 2742 1750 2799 Canonein
1782 2742 1882 2799 SS.
1913 2744 2077 2800 Mart.
2118 2746 2365 2815 Aurmm,
2397 2749 2737 2814 Tauriana»,
2769 2758 2817 2802 et
2844 2746 3295 2810 Thessalonicam,
3326 2742 3412 2797 die
3440 2743 3493 2796 7.

785 2860 1142 2915 Altilndinem
1174 2859 1438 2914 tremendi
1470 2860 1711 2932 mysterii
1741 2862 1839 2922 ttti,
1866 2869 1915 2914 et
1943 2862 2287 2931 profundita-

717 2964 823 3008 tem
852 2954 999 3008 illius
1024 2952 1653 3023 incomprehensibilem,
1679 2954 1802 3023 quis
1827 2954 2024 3016 valeat,
2047 2969 2079 3007 ο
2102 2952 2283 3024 Virgo,

2395 2863 2655 2935 processit
2688 2878 2755 2919 ex
2788 2872 2943 2917 utero
2973 2871 3100 2927 tuo,
3128 2870 3181 2916 et
3212 2876 3334 2916 cum
3377 2859 3675 2912 humanam
3712 2864 3969 2906 naturam

2395 2958 2701 3028 speciosam
2734 2955 3081 3019 reddidisset,
3107 2955 3287 3009 divina
3312 2951 3625 3023 cognitione
3651 2947 3969 3004 illustravit,

714 3044 894 3100 verbis
935 3044 1245 3114 explicare?
1286 3043 1456 3099 Deum
1508 3044 1652 3098 enim
1704 3045 1959 3113 peperisti
2011 3045 2285 3098 hominem
2317 3068 2358 3125 ε
2396 3066 2458 3103 ac
2496 3048 2716 3104 malitia}
2743 3046 3144 3103 deformitatem
3190 3044 3452 3111 abstulit,
3496 3060 3531 3095 υ
3560 3040 3721 3110 Virgo
3765 3050 3970 3106 sponsa

717 3140 919 3194 factum
955 3140 1090 3194 citra
1110 3153 1341 3193 .onmem
1365 3153 1586 3192 causam
1628 3147 1683 3191 et
1721 3139 2007 3192 rationem.

787 3232 869 3286 Ad
918 3241 968 3286 te
1017 3246 1234 3296 semper
1264 3229 1549 3299 confugio,
1585 3245 1619 3283 ο
1652 3227 1901 3293 Domina,
1940 3230 2291 3286 multitudine

717 3325 1081 3382 tentationum
1100 3340 1194 3395 per
1212 3324 1458 3394 singulos
1474 3324 1589 3378 dies
1612 3322 2008 3377 circumdatus.
2034 3323 2291 3380 Miserere

720 3420 823 3474 mei
863 3426 918 3473 et
962 3418 1112 3473 salva
1158 3434 1281 3480 me,
1316 3433 1349 3472 ο
1387 3417 1504 3471 sola
1552 3416 1700 3471 omni
1743 3415 1902 3470 laude
1934 3416 2289 3485 dignissima,

715 3528 837 3582 quae
868 3511 1206 3566 Salvatorem
1246 3526 1307 3565 ac
1372 3509 1659 3563 Dominum
1708 3510 2092 3564 universorum
2127 3524 2292 3580 pepe-

716 3604 862 3660 risti.

786 3696 1144 3752 Peccatorum
1182 3703 1501 3765 tempestate
1528 3693 1963 3765 deprehensum,
1998 3704 2052 3748 et
2081 3695 2135 3749 in
2175 3694 2290 3750 dis-

714 3790 945 3846 crimine
977 3790 1361 3854 constitutum,
1391 3804 1515 3858 rege
1540 3804 1646 3853 me,
1672 3803 1705 3843 o
1739 3787 1987 3857 Deipara,
2031 3796 2290 3859 tanquam

713 3882 1091 3952 gubernatrix,
1122 3891 1176 3937 et
1208 3882 1276 3936 ad
1309 3881 1659 3951 tranquillum
1693 3880 2134 3949 compunctionis
2164 3897 2292 3953 por-

712 3983 829 4030 tum
862 3975 1060 4045 dirige.

792 4065 1129 4122 Gravissima
1160 4076 1505 4137 peccatorum
1539 4067 1753 4122 sarcina
1779 4068 2145 4139 undequaque
2170 4086 2291 4141 pre-

716 4176 866 4228 mor;
896 4171 951 4217 et
983 4161 1163 4217 clamo
1194 4160 1260 4223 ad
1311 4170 1381 4226 te,
1416 4175 1449 4216 ο
1495 4162 1802 4217 castissima
1822 4204 1835 4226 ,
1874 4172 1931 4216 ut
1961 4164 2030 4218 ab
2060 4165 2161 4219 hac
2206 4180 2292 4218 me

715 4255 1004 4310 sublevare
1041 4254 1315 4325 digneris,
1353 4262 1408 4309 et
1451 4254 1731 4324 imponere
1761 4256 1895 4309 mihi
1933 4255 2125 4327 jugum
2173 4257 2292 4311 leve

717 4347 812 4401 lilii
844 4345 993 4417 quod
1043 4346 1163 4401 sine
1196 4346 1587 4416 impedimento
1619 4346 1788 4401 feram
1816 4388 1832 4412 ,
1877 4347 2061 4403 divina
2116 4349 2291 4404 inter-

713 4439 965 4493 cessione
994 4446 1109 4503 tua,
1134 4454 1167 4493 o
1199 4438 1314 4493 sola
1342 4437 1411 4492 ab
1442 4438 1587 4492 omni
1616 4438 1736 4492 labe
1764 4440 2146 4496 mundissima.

792 4527 1053 4594 Verbum,
1082 4543 1317 4598 sponsus
1350 4528 1632 4597 speciosus
1663 4536 1922 4598 tanquam
1952 4544 2017 4584 ex
2047 4529 2289 4583 thalamo

2394 3141 2512 3197 Dei.

2465 3234 2718 3287 Animam
2750 3248 2927 3288 meam
2960 3231 3213 3303 pessimis
3247 3229 3451 3301 peccati
3480 3226 3680 3296 iaculis
3710 3224 3973 3278 vulnera-

2396 3338 2503 3384 tam
2535 3328 2799 3382 miserare
2846 3345 2859 3381 :
2895 3334 3131 3380 mentem
3173 3338 3347 3377 meam
3381 3320 3619 3391 graviter
3659 3326 3972 3383 transgres-

2393 3422 2640 3479 sionibus
2658 3423 3004 3477 obscuratam
3024 3417 3291 3481 illumina,
3317 3414 3547 3469 Domina
3571 3410 3821 3481 Deipara,
3849 3423 3975 3478 qua:

2394 3517 2531 3572 lucis
2562 3517 2805 3579 (latonem
2831 3513 3106 3568 Christum
3140 3509 3416 3582 peperisti.

2463 3612 2715 3665 Animam
2747 3625 2919 3664 meam
2951 3606 3315 3677 passionibus,
3342 3598 3704 3672 plurimisque
3731 3594 3974 3667 peccatis

2396 3713 2753 3774 peremptam,
2788 3703 2909 3755 vitae
2945 3700 3203 3761 restitue,
3240 3712 3273 3751 o
3310 3694 3475 3764 Virgo
3508 3691 3773 3747 inviolata
3798 3730 3813 3754 ,
3848 3702 3974 3758 qua

2395 3797 2568 3851 Vitam
2592 3796 2849 3867 genuisti,
2874 3810 2994 3865 qua:
3020 3809 3114 3863 per
3128 3803 3355 3847 mortem
3379 3799 3433 3844 et
3453 3787 3767 3859 passionem
3785 3798 3971 3841 suam.

2392 3904 2584 3944 omnes
2619 3887 2811 3942 mortis
2839 3887 2985 3941 vires
3016 3882 3301 3947 dissolvit;
3338 3891 3394 3936 et
3430 3879 3670 3935 concede
3714 3876 3877 3941 mihi,
3914 3883 3976 3929 ut

2395 3991 2550 4052 grato
2592 3982 2759 4035 corde
2806 3980 3093 4034 concinam
3156 3996 3170 4033 :
3226 3974 3272 4031 Ο
3330 3974 3597 4046 populus,
3654 3969 3978 4041 superexal-

2394 4085 2503 4127 tate
2528 4113 2543 4135 ,
2577 4082 2683 4126 etc.

2464 4164 2625 4235 215
2644 4163 2915 4229 lllumina,
2948 4171 3103 4233 porta
3125 4158 3285 4221 lucis,
3313 4158 3552 4212 animam
3576 4170 3781 4218 meam,
3807 4167 3975 4224 quam

2393 4258 2649 4312 inimicus
2694 4264 3040 4327 peccatorum
3093 4251 3333 4307 tenebris
3375 4251 3693 4305 obscuravit
3742 4265 3758 4303 :
3815 4257 3871 4301 et
3909 4246 3978 4299 ab

2396 4349 2653 4405 omnibus
2701 4347 2863 4417 hujus
2900 4348 3023 4401 vitae
3054 4330 3595 4417 perturbationibus,
3629 4356 3694 4395 ac
3726 4338 3977 4395 tenebris

2317 4416 2366 4473 Ῑ)
2397 4443 2693 4514 perpetuis,
2727 4453 2895 4513 atque
2931 4444 3000 4496 ab
3048 4442 3192 4513 igne,
3223 4449 3278 4493 et
3314 4452 3501 4492 verme
3545 4436 3714 4490 libera
3755 4448 3845 4487 me
3868 4474 3883 4498 ,
3916 4441 3977 4486 ut

2394 4536 2694 4607 glorilieem
2725 4545 2796 4601 te,
2830 4550 2864 4589 ο
2899 4534 3151 4604 Deipara,
3190 4530 3476 4585 hominum
3508 4526 3808 4583 revocatio.

1616 4644 1699 4699 Ea:
1724 4645 1937 4700 Canone
1963 4647 2015 4700 in
2046 4646 2104 4703 S.
2139 4647 2451 4705 Michaelem
2482 4651 2877 4723 archangelum,
2910 4650 2995 4704 die
3016 4649 3048 4704 8

784 4762 953 4832 Virgo
995 4760 1144 4815 omni
1190 4760 1349 4814 laude
1382 4760 1659 4815 cumulata
1681 4800 1696 4819 .
1727 4761 2043 4829 angelorum
2079 4763 2284 4827 decus,

711 4858 997 4914 hominum
1032 4854 1336 4918 auxilium,
1387 4864 1444 4908 tu
1488 4855 1618 4907 mihi
1651 4852 1783 4908 all‘cr
1827 4871 1986 4926 Opem
2032 4856 2288 4911 fluctibus

709 4952 941 5022 jactato,
988 4960 1153 5019 atque
1194 4949 1400 5017 peccati
1450 4958 1773 5017 tempestate
1810 4965 2026 5019 semper
2076 4950 2287 5018 agitato

713 5059 778 5099 ac
806 5059 944 5114 pene
971 5042 1243 5108 demerso,
1279 5050 1443 5110 atque
1477 5041 1529 5095 in
1562 5057 1782 5096 summo
1810 5043 2130 5097 discrimine
2164 5057 2288 5096 ver-

712 5135 880 5191 santi.

793 5227 896 5294 Qui
928 5227 1207 5281 voluntate
1237 5241 1333 5281 sua
1360 5226 1748 5281 immateriales
1779 5226 2022 5281 condidit
2053 5236 2282 5293 mentes,

714 5321 767 5375 in
800 5330 958 5374 utero
987 5330 1079 5373 tuo
1104 5321 1367 5373 materiali
1402 5319 1706 5373 voluntarie
1731 5319 2015 5382 habitavit,
2042 5335 2075 5374 ο
2097 5322 2289 5375 imma-

712 5416 1071 5480 culatissima,
1100 5424 1265 5486 atque
1294 5417 1347 5471 in
1370 5431 1533 5471 carne
1556 5416 1809 5485 apparuit
1835 5416 2001 5471 homo
2033 5418 2284 5482 visibilis,

714 5510 807 5579 qui
834 5517 951 5562 erat
978 5509 1288 5564 invisibilis.

783 5602 979 5657 Partus
1013 5603 1088 5656 tui
1122 5604 1436 5673 mysterium
1478 5602 1858 5656 admirandum
1903 5602 2283 5659 intellectuali-

716 5706 797 5751 ter
830 5697 1127 5754 docebatur
1148 5697 1275 5752 olim
1308 5713 1459 5752 sacer
1492 5695 1675 5765 Vates,
1708 5699 1759 5751 in
1790 5698 1991 5767 spiritu
2015 5698 2206 5753 videns
2236 5706 2286 5752 te

779 5835 942 5911 (92“)
976 5836 1157 5907 Deest,
1191 5848 1247 5896 ut
1276 5850 1563 5910 sequentes
1588 5840 1716 5909 duo,
1749 5840 1802 5895 in
1838 5838 2058 5897 Menaeis
2086 5841 2383 5912 impressis.

2391 4765 2735 4835 apertissime
2763 4777 3000 4822 momem
3027 4767 3372 4831 umbrosum,
3397 4780 3463 4821 ex
3492 4779 3602 4835 quo
3632 4762 3776 4819 Deus
3808 4777 3974 4819 sanc—

2392 4870 2483 4915 tus
2517 4861 2665 4915 venit
2702 4869 3045 4931 eorporatus.

2465 4950 2928 5009 lntellectualibus
2982 4953 3192 5024 angelis
3269 4952 3643 5008 sublimiorem
3712 4960 3765 5005 te
3828 4950 3972 5005 Deus

2391 5046 2631 5101 ostendit
2654 5084 2669 5108 ,
2703 5046 2983 5115 ingressus
3014 5045 3066 5100 in
3109 5053 3323 5100 uterum
3357 5055 3545 5112 tuum;
3576 5060 3738 5114 quem
3774 5046 3972 5115 depre-

2391 5155 2537 5204 care,
2576 5155 2610 5194 o
2642 5149 2754 5194 tota
2787 5154 2922 5209 pura
2969 5149 3023 5195 et
3069 5139 3328 5195 inviolata
3350 5180 3365 5204 ,
3408 5154 3623 5209 semper
3656 5153 3757 5208 pro
3791 5139 3971 5194 salute

2394 5232 2703 5287 animarum
2736 5242 3070 5287 nostrarum.

2467 5326 2666 5380 Beatus
2695 5326 2948 5397 populus,
2972 5326 3065 5397 qui
3089 5340 3303 5395 semper
3333 5324 3610 5381 beatificat
3631 5334 3704 5387 te,
3726 5339 3762 5379 ο
3786 5324 3968 5387 beata,

2394 5435 2516 5489 quae
2551 5418 2718 5473 Deum
2754 5419 2971 5474 beatum
3021 5419 3298 5489 peperisti,
3330 5418 3423 5487 qui
3462 5415 3720 5473 ineﬂ'abili
3761 5417 3972 5473 unione

2396 5511 2821 5566 misericorditer
2844 5510 3092 5566 homines
3121 5511 3414 5567 deificavit.

2465 5605 2658 5659 Mentis
2705 5619 2913 5673 magna:
2961 5602 3199 5660 Verbum
3239 5615 3500 5658 :eternum
3539 5619 3665 5659 cum
3714 5603 3769 5657 in
3819 5613 3896 5665 te,
3937 5617 3971 5656 ο

2392 5698 2595 5768 puella,
2625 5712 2750 5755 vere
2782 5696 3041 5755 ineffabili
3092 5712 3156 5754 ac
3196 5698 3461 5769 stupenda
3507 5698 3719 5754 ratione
3752 5696 3971 5753 inhabi—
