  <div class='ocr_page' id='page_1' title='image "/cluster/home/n/w/nwhite01/storage/ocr_20150623/105/nnc1.0046980105/626.png"; bbox 0 0 4166 6458; ppageno 0'>
   <div class='ocr_carea' id='block_1_1' title="bbox 235 391 373 454">
    <p class='ocr_par' dir='ltr' id='par_1_1' title="bbox 235 391 373 454">
     <span class='ocr_line' id='line_1_1' title="bbox 235 391 373 454; baseline 0.014 -3"><span class='ocrx_word' id='word_1_1' title='bbox 235 391 373 454; x_wconf 71' lang='grc'><strong>1237</strong></span> 
     </span>
    </p>
   </div>
   <div class='ocr_carea' id='block_1_2' title="bbox 1627 399 1986 464">
    <p class='ocr_par' dir='ltr' id='par_1_2' title="bbox 1627 399 1986 464">
     <span class='ocr_line' id='line_1_2' title="bbox 1627 399 1986 464; baseline 0.019 -7"><span class='ocrx_word' id='word_1_2' title='bbox 1627 399 1986 464; x_wconf 71' lang='grc' dir='ltr'>ιιιΑιιΙΑιΕ.</span> 
     </span>
    </p>
   </div>
   <div class='ocr_carea' id='block_1_3' title="bbox 3339 402 3472 466">
    <p class='ocr_par' dir='ltr' id='par_1_3' title="bbox 3339 402 3472 466">
     <span class='ocr_line' id='line_1_3' title="bbox 3339 402 3472 466; baseline 0.015 -4"><span class='ocrx_word' id='word_1_3' title='bbox 3339 402 3472 466; x_wconf 73' lang='lat'><strong>1238</strong></span> 
     </span>
    </p>
   </div>
   <div class='ocr_carea' id='block_1_4' title="bbox 228 507 3469 588">
    <p class='ocr_par' dir='ltr' id='par_1_4' title="bbox 228 507 3469 588">
     <span class='ocr_line' id='line_1_4' title="bbox 228 507 3469 588; baseline 0.003 -26"><span class='ocrx_word' id='word_1_4' title='bbox 228 520 374 562; x_wconf 83' lang='lat' dir='ltr'><strong>tasse</strong></span> <span class='ocrx_word' id='word_1_5' title='bbox 395 507 615 563; x_wconf 85' lang='lat' dir='ltr'><strong>vidisset</strong></span> <span class='ocrx_word' id='word_1_6' title='bbox 639 509 1001 582; x_wconf 78' lang='lat' dir='ltr'><strong>archangelus</strong></span> <span class='ocrx_word' id='word_1_7' title='bbox 1024 512 1605 578; x_wconf 80' lang='lat' dir='ltr'><strong>Gabriel,exclamavit</strong></span> <span class='ocrx_word' id='word_1_8' title='bbox 1633 533 1645 570; x_wconf 89' lang='lat'>:</span> <span class='ocrx_word' id='word_1_9' title='bbox 1673 517 1805 580; x_wconf 85' lang='lat' dir='ltr'><strong>Ave,</strong></span> <span class='ocrx_word' id='word_1_10' title='bbox 1835 524 1882 580; x_wconf 80' lang='grc' dir='ltr'><strong>Α</strong></span> <span class='ocrx_word' id='word_1_11' title='bbox 1979 521 2059 577; x_wconf 80' lang='lat' dir='ltr'><strong>Ad</strong></span> <span class='ocrx_word' id='word_1_12' title='bbox 2091 536 2274 576; x_wconf 86' lang='lat' dir='ltr'><strong>vocem</strong></span> <span class='ocrx_word' id='word_1_13' title='bbox 2300 519 2478 588; x_wconf 79' lang='lat' dir='ltr'><strong>angeli</strong></span> <span class='ocrx_word' id='word_1_14' title='bbox 2509 518 2777 574; x_wconf 87' lang='lat' dir='ltr'><strong>Gabrielis</strong></span> <span class='ocrx_word' id='word_1_15' title='bbox 2809 519 3106 587; x_wconf 86' lang='lat' dir='ltr'><strong>concepisti</strong></span> <span class='ocrx_word' id='word_1_16' title='bbox 3141 517 3306 572; x_wconf 87' lang='lat' dir='ltr'><strong>Deum</strong></span> <span class='ocrx_word' id='word_1_17' title='bbox 3345 518 3469 572; x_wconf 66' lang='lat' dir='ltr'><strong>Vi-r-</strong></span> 
     </span>
    </p>
   </div>
   <div class='ocr_carea' id='block_1_5' title="bbox 226 600 1167 668">
    <p class='ocr_par' dir='ltr' id='par_1_5' title="bbox 226 600 1167 668">
     <span class='ocr_line' id='line_1_5' title="bbox 226 600 1167 668; baseline 0.007 -16"><span class='ocrx_word' id='word_1_18' title='bbox 226 617 260 653; x_wconf 91' lang='grc' dir='ltr'><strong>ο</strong></span> <span class='ocrx_word' id='word_1_19' title='bbox 296 600 599 668; x_wconf 89' lang='lat' dir='ltr'><strong>benedicta,</strong></span> <span class='ocrx_word' id='word_1_20' title='bbox 623 602 852 659; x_wconf 88' lang='lat' dir='ltr'><strong>thronus</strong></span> <span class='ocrx_word' id='word_1_21' title='bbox 875 605 1167 660; x_wconf 81' lang='lat' dir='ltr'><strong>Altissimi.</strong></span> 
     </span>
    </p>
   </div>
   <div class='ocr_carea' id='block_1_6' title="bbox 298 691 1804 766">
    <p class='ocr_par' dir='ltr' id='par_1_6' title="bbox 298 691 1804 766">
     <span class='ocr_line' id='line_1_6' title="bbox 298 691 1804 766; baseline 0.008 -22"><span class='ocrx_word' id='word_1_22' title='bbox 298 691 591 750; x_wconf 74' lang='lat' dir='ltr'><strong>Pronubus</strong></span> <span class='ocrx_word' id='word_1_23' title='bbox 645 696 865 751; x_wconf 84' lang='lat' dir='ltr'><strong>divinus</strong></span> <span class='ocrx_word' id='word_1_24' title='bbox 911 697 1272 766; x_wconf 82' lang='lat' dir='ltr'><strong>archangelus</strong></span> <span class='ocrx_word' id='word_1_25' title='bbox 1312 709 1502 756; x_wconf 79' lang='lat' dir='ltr'><strong>astans</strong></span> <span class='ocrx_word' id='word_1_26' title='bbox 1547 701 1804 758; x_wconf 75' lang='lat' dir='ltr'><strong>clamavit</strong></span> 
     </span>
    </p>
   </div>
   <div class='ocr_carea' id='block_1_7' title="bbox 229 783 1801 865">
    <p class='ocr_par' dir='ltr' id='par_1_7' title="bbox 229 783 1801 865">
     <span class='ocr_line' id='line_1_7' title="bbox 229 783 1801 865; baseline 0.011 -30"><span class='ocrx_word' id='word_1_27' title='bbox 229 783 294 835; x_wconf 87' lang='lat' dir='ltr'><strong>ad</strong></span> <span class='ocrx_word' id='word_1_28' title='bbox 324 796 378 839; x_wconf 86' lang='lat' dir='ltr'><strong>te</strong></span> <span class='ocrx_word' id='word_1_29' title='bbox 411 804 424 839; x_wconf 92' lang='lat'><strong>:</strong></span> <span class='ocrx_word' id='word_1_30' title='bbox 459 787 590 853; x_wconf 86' lang='lat' dir='ltr'><strong>Ave,</strong></span> <span class='ocrx_word' id='word_1_31' title='bbox 627 803 824 857; x_wconf 83' lang='lat' dir='ltr'><strong>sponsa</strong></span> <span class='ocrx_word' id='word_1_32' title='bbox 861 787 954 842; x_wconf 90' lang='lat' dir='ltr'><strong>Dei</strong></span> <span class='ocrx_word' id='word_1_33' title='bbox 983 790 1230 860; x_wconf 88' lang='lat' dir='ltr'><strong>innupta,</strong></span> <span class='ocrx_word' id='word_1_34' title='bbox 1258 794 1575 863; x_wconf 76' lang='lat' dir='ltr'><strong>angelorum</strong></span> <span class='ocrx_word' id='word_1_35' title='bbox 1611 795 1801 865; x_wconf 80' lang='lat' dir='ltr'><strong>gloria,</strong></span> 
     </span>
    </p>
   </div>
   <div class='ocr_carea' id='block_1_8' title="bbox 228 879 1587 952">
    <p class='ocr_par' dir='ltr' id='par_1_8' title="bbox 228 879 1587 952">
     <span class='ocr_line' id='line_1_8' title="bbox 228 879 1587 952; baseline 0.01 -24"><span class='ocrx_word' id='word_1_36' title='bbox 228 886 395 947; x_wconf 83' lang='lat' dir='ltr'><strong>atque</strong></span> <span class='ocrx_word' id='word_1_37' title='bbox 427 879 708 934; x_wconf 84' lang='lat' dir='ltr'><strong>hominum</strong></span> <span class='ocrx_word' id='word_1_38' title='bbox 735 881 899 952; x_wconf 77' lang='lat'><strong>216</strong></span> <span class='ocrx_word' id='word_1_39' title='bbox 919 881 1067 938; x_wconf 90' lang='lat' dir='ltr'><strong>salus</strong></span> <span class='ocrx_word' id='word_1_40' title='bbox 1091 892 1148 938; x_wconf 90' lang='lat' dir='ltr'><strong>et</strong></span> <span class='ocrx_word' id='word_1_41' title='bbox 1169 884 1587 942; x_wconf 80' lang='lat' dir='ltr'><strong>munimentum.</strong></span> 
     </span>
    </p>
   </div>
   <div class='ocr_carea' id='block_1_9' title="bbox 243 1056 1803 1136">
    <p class='ocr_par' dir='ltr' id='par_1_9' title="bbox 243 1056 1803 1136">
     <span class='ocr_line' id='line_1_9' title="bbox 243 1056 1803 1136; baseline 0.008 -29"><span class='ocrx_word' id='word_1_42' title='bbox 243 1056 340 1108; x_wconf 79' lang='grc' dir='ltr'>Ἐκ</span> <span class='ocrx_word' id='word_1_43' title='bbox 370 1056 477 1136; x_wconf 66' lang='grc' dir='ltr'>τοᾷ</span> <span class='ocrx_word' id='word_1_44' title='bbox 509 1058 885 1136; x_wconf 32' lang='grc' dir='ltr'>ΚανόγοςᾹε-ίς</span> <span class='ocrx_word' id='word_1_45' title='bbox 905 1059 1048 1136; x_wconf 75' lang='grc' dir='ltr'>τοὺς</span> <span class='ocrx_word' id='word_1_46' title='bbox 1069 1060 1278 1136; x_wconf 59' lang='grc' dir='ltr'>ἁγίους</span> <span class='ocrx_word' id='word_1_47' title='bbox 1299 1062 1608 1136; x_wconf 65' lang='grc' dir='ltr'>μάρτυρας</span> <span class='ocrx_word' id='word_1_48' title='bbox 1642 1066 1803 1136; x_wconf 77' lang='grc' dir='ltr'><strong>Ὀνη-</strong></span> 
     </span>
    </p>
   </div>
   <div class='ocr_carea' id='block_1_10' title="bbox 303 1129 1804 1201">
    <p class='ocr_par' dir='ltr' id='par_1_10' title="bbox 303 1129 1804 1201">
     <span class='ocr_line' id='line_1_10' title="bbox 303 1129 1804 1201; baseline 0.007 -21"><span class='ocrx_word' id='word_1_49' title='bbox 303 1130 569 1201; x_wconf 56' lang='grc' dir='ltr'>σιξόρον</span> <span class='ocrx_word' id='word_1_50' title='bbox 599 1129 704 1201; x_wconf 67' lang='grc' dir='ltr'><strong>καί</strong></span> <span class='ocrx_word' id='word_1_51' title='bbox 762 1131 1121 1198; x_wconf 65' lang='grc' dir='ltr'><strong>ΙΙσρερςύριον,</strong></span> <span class='ocrx_word' id='word_1_52' title='bbox 1153 1132 1252 1184; x_wconf 80' lang='grc' dir='ltr'><strong>καί</strong></span> <span class='ocrx_word' id='word_1_53' title='bbox 1296 1129 1403 1197; x_wconf 66' lang='grc' dir='ltr'><strong>τὰζ-</strong></span> <span class='ocrx_word' id='word_1_54' title='bbox 1439 1129 1616 1201; x_wconf 67' lang='grc' dir='ltr'>ὀάίαζδ</span> <span class='ocrx_word' id='word_1_55' title='bbox 1677 1129 1804 1192; x_wconf 77' lang='grc' dir='ltr'><strong>Μά-</strong></span> 
     </span>
    </p>
   </div>
   <div class='ocr_carea' id='block_1_11' title="bbox 301 1197 1397 1276">
    <p class='ocr_par' dir='ltr' id='par_1_11' title="bbox 301 1197 1397 1276">
     <span class='ocr_line' id='line_1_11' title="bbox 301 1197 1397 1276; baseline 0.005 -26"><span class='ocrx_word' id='word_1_56' title='bbox 301 1197 538 1267; x_wconf 69' lang='grc' dir='ltr'>τρὼνιιν</span> <span class='ocrx_word' id='word_1_57' title='bbox 567 1199 665 1255; x_wconf 83' lang='grc' dir='ltr'>καὶ</span> <span class='ocrx_word' id='word_1_58' title='bbox 696 1197 1088 1270; x_wconf 77' lang='grc' dir='ltr'>Θεοκτίστην,</span> <span class='ocrx_word' id='word_1_59' title='bbox 1114 1201 1304 1271; x_wconf 78' lang='grc' dir='ltr'>ἡμέρᾳ</span> <span class='ocrx_word' id='word_1_60' title='bbox 1329 1203 1397 1276; x_wconf 70' lang='grc' dir='ltr'><strong>Θ’.</strong></span> 
     </span>
    </p>
   </div>
   <div class='ocr_carea' id='block_1_12' title="bbox 306 1351 1806 1424">
    <p class='ocr_par' dir='ltr' id='par_1_12' title="bbox 306 1351 1806 1424">
     <span class='ocr_line' id='line_1_12' title="bbox 306 1351 1806 1424; baseline 0.007 -21"><span class='ocrx_word' id='word_1_61' title='bbox 306 1351 586 1420; x_wconf 84' lang='grc' dir='ltr'>Ἕστησας</span> <span class='ocrx_word' id='word_1_62' title='bbox 626 1351 856 1406; x_wconf 85' lang='grc' dir='ltr'>θανάτου</span> <span class='ocrx_word' id='word_1_63' title='bbox 886 1353 984 1422; x_wconf 83' lang='grc' dir='ltr'>τὴν</span> <span class='ocrx_word' id='word_1_64' title='bbox 1024 1353 1332 1424; x_wconf 72' lang='grc' dir='ltr'><strong>τυραννίδα,</strong></span> <span class='ocrx_word' id='word_1_65' title='bbox 1382 1357 1681 1412; x_wconf 76' lang='grc' dir='ltr'><strong>ἀθανασίαν</strong></span> <span class='ocrx_word' id='word_1_66' title='bbox 1712 1363 1806 1414; x_wconf 77' lang='grc' dir='ltr'>καὶ</span> 
     </span>
    </p>
   </div>
   <div class='ocr_carea' id='block_1_13' title="bbox 230 1442 1806 1523">
    <p class='ocr_par' dir='ltr' id='par_1_13' title="bbox 230 1442 1806 1523">
     <span class='ocr_line' id='line_1_13' title="bbox 230 1442 1806 1523; baseline 0.008 -30"><span class='ocrx_word' id='word_1_67' title='bbox 230 1442 379 1513; x_wconf 73' lang='grc' dir='ltr'>ζωὴν</span> <span class='ocrx_word' id='word_1_68' title='bbox 411 1443 488 1514; x_wconf 80' lang='grc' dir='ltr'>τῷ</span> <span class='ocrx_word' id='word_1_69' title='bbox 544 1445 735 1516; x_wconf 82' lang='grc' dir='ltr'>κόσμῳ</span> <span class='ocrx_word' id='word_1_70' title='bbox 782 1447 1054 1516; x_wconf 77' lang='grc' dir='ltr'><strong>κυήσασα,</strong></span> <span class='ocrx_word' id='word_1_71' title='bbox 1114 1445 1348 1516; x_wconf 82' lang='grc' dir='ltr'>Χριστὸν</span> <span class='ocrx_word' id='word_1_72' title='bbox 1389 1450 1480 1503; x_wconf 84' lang='grc' dir='ltr'>τὸν</span> <span class='ocrx_word' id='word_1_73' title='bbox 1510 1451 1806 1523; x_wconf 71' lang='grc' dir='ltr'>Λυτρωτὴν</span> 
     </span>
    </p>
   </div>
   <div class='ocr_carea' id='block_1_14' title="bbox 231 1536 1099 1610">
    <p class='ocr_par' dir='ltr' id='par_1_14' title="bbox 231 1536 1099 1610">
     <span class='ocr_line' id='line_1_14' title="bbox 231 1536 1099 1610; baseline 0.012 -28"><span class='ocrx_word' id='word_1_74' title='bbox 231 1536 410 1604; x_wconf 65' lang='grc' dir='ltr'>ἡμῶν,</span> <span class='ocrx_word' id='word_1_75' title='bbox 444 1536 688 1607; x_wconf 84' lang='grc' dir='ltr'>Παροένε</span> <span class='ocrx_word' id='word_1_76' title='bbox 723 1537 1099 1610; x_wconf 80' lang='grc' dir='ltr'>άπειρόγαμε.</span> 
     </span>
    </p>
   </div>
   <div class='ocr_carea' id='block_1_15' title="bbox 312 1625 1804 1706">
    <p class='ocr_par' dir='ltr' id='par_1_15' title="bbox 312 1625 1804 1706">
     <span class='ocr_line' id='line_1_15' title="bbox 312 1625 1804 1706; baseline 0.005 -27"><span class='ocrx_word' id='word_1_77' title='bbox 312 1625 379 1679; x_wconf 84' lang='grc' dir='ltr'><em>Ἢ</em></span> <span class='ocrx_word' id='word_1_78' title='bbox 402 1629 654 1699; x_wconf 77' lang='grc' dir='ltr'>κυήσασα</span> <span class='ocrx_word' id='word_1_79' title='bbox 676 1629 866 1701; x_wconf 87' lang='grc' dir='ltr'>κόσμῳ</span> <span class='ocrx_word' id='word_1_80' title='bbox 891 1631 1041 1684; x_wconf 84' lang='grc' dir='ltr'>Θείαν</span> <span class='ocrx_word' id='word_1_81' title='bbox 1072 1635 1346 1705; x_wconf 78' lang='grc' dir='ltr'><strong>σωτηρίαν</strong></span> <span class='ocrx_word' id='word_1_82' title='bbox 1374 1636 1468 1688; x_wconf 80' lang='grc' dir='ltr'><strong>καὶ</strong></span> <span class='ocrx_word' id='word_1_83' title='bbox 1487 1635 1804 1706; x_wconf 79' lang='grc' dir='ltr'><strong>ἀνάκλησιν,</strong></span> 
     </span>
    </p>
   </div>
   <div class='ocr_carea' id='block_1_16' title="bbox 229 1720 1806 1801">
    <p class='ocr_par' dir='ltr' id='par_1_16' title="bbox 229 1720 1806 1801">
     <span class='ocr_line' id='line_1_16' title="bbox 229 1720 1806 1801; baseline 0.006 -31"><span class='ocrx_word' id='word_1_84' title='bbox 229 1721 352 1782; x_wconf 74' lang='grc' dir='ltr'>ταῖς</span> <span class='ocrx_word' id='word_1_85' title='bbox 380 1720 697 1791; x_wconf 74' lang='grc' dir='ltr'>πρεσϐείαις</span> <span class='ocrx_word' id='word_1_86' title='bbox 726 1738 819 1776; x_wconf 83' lang='grc' dir='ltr'><strong>σου</strong></span> <span class='ocrx_word' id='word_1_87' title='bbox 844 1724 984 1789; x_wconf 71' lang='grc' dir='ltr'>σῶζε</span> <span class='ocrx_word' id='word_1_88' title='bbox 1018 1727 1146 1792; x_wconf 78' lang='grc' dir='ltr'>τοὺς</span> <span class='ocrx_word' id='word_1_89' title='bbox 1187 1728 1393 1793; x_wconf 82' lang='grc' dir='ltr'><strong>πιστῶς</strong></span> <span class='ocrx_word' id='word_1_90' title='bbox 1427 1744 1512 1781; x_wconf 89' lang='grc' dir='ltr'><strong>σοι</strong></span> <span class='ocrx_word' id='word_1_91' title='bbox 1543 1729 1806 1801; x_wconf 79' lang='grc' dir='ltr'>προστρέ-</span> 
     </span>
    </p>
   </div>
   <div class='ocr_carea' id='block_1_17' title="bbox 231 1815 731 1884">
    <p class='ocr_par' dir='ltr' id='par_1_17' title="bbox 231 1815 731 1884">
     <span class='ocr_line' id='line_1_17' title="bbox 231 1815 731 1884; baseline 0.016 -23"><span class='ocrx_word' id='word_1_92' title='bbox 231 1827 450 1880; x_wconf 78' lang='grc' dir='ltr'>χοντας,</span> <span class='ocrx_word' id='word_1_93' title='bbox 475 1815 731 1884; x_wconf 82' lang='grc' dir='ltr'>άχραντε.</span> 
     </span>
    </p>
   </div>
   <div class='ocr_carea' id='block_1_18' title="bbox 302 1901 1803 1984">
    <p class='ocr_par' dir='ltr' id='par_1_18' title="bbox 302 1901 1803 1984">
     <span class='ocr_line' id='line_1_18' title="bbox 302 1901 1803 1984; baseline 0.009 -31"><span class='ocrx_word' id='word_1_94' title='bbox 302 1901 533 1967; x_wconf 79' lang='grc' dir='ltr'>Νεῦσον,</span> <span class='ocrx_word' id='word_1_95' title='bbox 570 1904 836 1974; x_wconf 85' lang='grc' dir='ltr'>πάναγνε.</span> <span class='ocrx_word' id='word_1_96' title='bbox 884 1907 1125 1980; x_wconf 81' lang='grc' dir='ltr'>σωθῆναί</span> <span class='ocrx_word' id='word_1_97' title='bbox 1158 1927 1248 1980; x_wconf 75' lang='grc' dir='ltr'>με’</span> <span class='ocrx_word' id='word_1_98' title='bbox 1280 1911 1372 1965; x_wconf 76' lang='grc' dir='ltr'>τὸν</span> <span class='ocrx_word' id='word_1_99' title='bbox 1405 1912 1514 1984; x_wconf 84' lang='grc' dir='ltr'>γὰρ</span> <span class='ocrx_word' id='word_1_100' title='bbox 1537 1911 1663 1984; x_wconf 83' lang='grc' dir='ltr'>θείῳ</span> <span class='ocrx_word' id='word_1_101' title='bbox 1688 1913 1803 1967; x_wconf 83' lang='grc' dir='ltr'>νεύ-</span> 
     </span>
    </p>
   </div>
   <div class='ocr_carea' id='block_1_19' title="bbox 234 1993 1808 2074">
    <p class='ocr_par' dir='ltr' id='par_1_19' title="bbox 234 1993 1808 2074">
     <span class='ocr_line' id='line_1_19' title="bbox 234 1993 1808 2074; baseline 0.01 -31"><span class='ocrx_word' id='word_1_102' title='bbox 234 2007 368 2060; x_wconf 82' lang='grc' dir='ltr'>ματι</span> <span class='ocrx_word' id='word_1_103' title='bbox 416 1993 478 2047; x_wconf 84' lang='grc' dir='ltr'>τὸ</span> <span class='ocrx_word' id='word_1_104' title='bbox 534 1996 643 2049; x_wconf 73' lang='grc' dir='ltr'><strong>πᾶν</strong></span> <span class='ocrx_word' id='word_1_105' title='bbox 677 1999 1014 2070; x_wconf 78' lang='grc' dir='ltr'><strong>περιάγοντα</strong></span> <span class='ocrx_word' id='word_1_106' title='bbox 1063 2002 1435 2072; x_wconf 85' lang='grc' dir='ltr'>ὲσωμάτωσας</span> <span class='ocrx_word' id='word_1_107' title='bbox 1470 2003 1602 2057; x_wconf 73' lang='grc' dir='ltr'>Θεὸν</span> <span class='ocrx_word' id='word_1_108' title='bbox 1632 2006 1808 2074; x_wconf 80' lang='grc' dir='ltr'>Λόγον</span> 
     </span>
    </p>
   </div>
   <div class='ocr_carea' id='block_1_20' title="bbox 230 2083 970 2155">
    <p class='ocr_par' dir='ltr' id='par_1_20' title="bbox 230 2083 970 2155">
     <span class='ocr_line' id='line_1_20' title="bbox 230 2083 970 2155; baseline 0.018 -20"><span class='ocrx_word' id='word_1_109' title='bbox 230 2083 375 2155; x_wconf 73' lang='grc' dir='ltr'>ὑπὲρ</span> <span class='ocrx_word' id='word_1_110' title='bbox 403 2085 558 2154; x_wconf 69' lang='grc' dir='ltr'>λῦγον</span> <span class='ocrx_word' id='word_1_111' title='bbox 587 2089 682 2142; x_wconf 80' lang='grc' dir='ltr'>καὶ</span> <span class='ocrx_word' id='word_1_112' title='bbox 708 2088 970 2148; x_wconf 78' lang='grc' dir='ltr'>διάνοιαν.</span> 
     </span>
    </p>
   </div>
   <div class='ocr_carea' id='block_1_21' title="bbox 308 2178 1809 2267">
    <p class='ocr_par' dir='ltr' id='par_1_21' title="bbox 308 2178 1809 2267">
     <span class='ocr_line' id='line_1_21' title="bbox 308 2178 1809 2267; baseline 0.011 -37"><span class='ocrx_word' id='word_1_113' title='bbox 308 2178 550 2234; x_wconf 87' lang='grc' dir='ltr'>Ἤνωται</span> <span class='ocrx_word' id='word_1_114' title='bbox 578 2184 637 2234; x_wconf 73' lang='grc' dir='ltr'>ἐν</span> <span class='ocrx_word' id='word_1_115' title='bbox 659 2185 844 2256; x_wconf 81' lang='grc' dir='ltr'><strong>μήτρᾳ</strong></span> <span class='ocrx_word' id='word_1_116' title='bbox 885 2203 978 2240; x_wconf 92' lang='grc' dir='ltr'><strong>σου</strong></span> <span class='ocrx_word' id='word_1_117' title='bbox 1006 2190 1034 2242; x_wconf 87' lang='grc' dir='ltr'>ὁ</span> <span class='ocrx_word' id='word_1_118' title='bbox 1056 2188 1435 2261; x_wconf 79' lang='grc' dir='ltr'>Πλαστουργδς</span> <span class='ocrx_word' id='word_1_119' title='bbox 1461 2197 1645 2267; x_wconf 70' lang='grc' dir='ltr'>σαρκὶ,</span> <span class='ocrx_word' id='word_1_120' title='bbox 1679 2195 1809 2247; x_wconf 87' lang='grc' dir='ltr'>πάν-</span> 
     </span>
    </p>
   </div>
   <div class='ocr_carea' id='block_1_22' title="bbox 230 2271 1808 2362">
    <p class='ocr_par' dir='ltr' id='par_1_22' title="bbox 230 2271 1808 2362">
     <span class='ocr_line' id='line_1_22' title="bbox 230 2271 1808 2362; baseline 0.004 -26"><span class='ocrx_word' id='word_1_121' title='bbox 230 2285 388 2336; x_wconf 72' lang='grc' dir='ltr'>ατνες</span> <span class='ocrx_word' id='word_1_122' title='bbox 451 2273 640 2341; x_wconf 75' lang='grc' dir='ltr'>μείνας</span> <span class='ocrx_word' id='word_1_123' title='bbox 680 2276 708 2329; x_wconf 82' lang='grc' dir='ltr'><strong>ὃ</strong></span> <span class='ocrx_word' id='word_1_124' title='bbox 738 2271 828 2349; x_wconf 78' lang='grc' dir='ltr'>ἦν,</span> <span class='ocrx_word' id='word_1_125' title='bbox 866 2280 1016 2345; x_wconf 84' lang='grc' dir='ltr'>ὅπως</span> <span class='ocrx_word' id='word_1_126' title='bbox 1047 2283 1106 2337; x_wconf 88' lang='grc' dir='ltr'>τὸ</span> <span class='ocrx_word' id='word_1_127' title='bbox 1134 2284 1195 2339; x_wconf 78' lang='grc' dir='ltr'>εὖ</span> <span class='ocrx_word' id='word_1_128' title='bbox 1241 2281 1382 2340; x_wconf 74' lang='grc' dir='ltr'>εἶναι</span> <span class='ocrx_word' id='word_1_129' title='bbox 1422 2291 1532 2352; x_wconf 84' lang='grc' dir='ltr'>τοῖς</span> <span class='ocrx_word' id='word_1_130' title='bbox 1600 2289 1808 2362; x_wconf 80' lang='grc' dir='ltr'><strong>ἀνθρώ-</strong></span> 
     </span>
    </p>
   </div>
   <div class='ocr_carea' id='block_1_23' title="bbox 233 2364 730 2438">
    <p class='ocr_par' dir='ltr' id='par_1_23' title="bbox 233 2364 730 2438">
     <span class='ocr_line' id='line_1_23' title="bbox 233 2364 730 2438; baseline 0.022 -26"><span class='ocrx_word' id='word_1_131' title='bbox 233 2377 358 2425; x_wconf 83' lang='grc' dir='ltr'><strong>ποις</strong></span> <span class='ocrx_word' id='word_1_132' title='bbox 396 2364 730 2438; x_wconf 83' lang='grc' dir='ltr'>δωρήσηται.</span> 
     </span>
    </p>
   </div>
   <div class='ocr_carea' id='block_1_24' title="bbox 304 2455 1802 2546">
    <p class='ocr_par' dir='ltr' id='par_1_24' title="bbox 304 2455 1802 2546">
     <span class='ocr_line' id='line_1_24' title="bbox 304 2455 1802 2546; baseline 0.016 -41"><span class='ocrx_word' id='word_1_133' title='bbox 304 2455 736 2529; x_wconf 81' lang='grc' dir='ltr'>Σωματούμενον</span> <span class='ocrx_word' id='word_1_134' title='bbox 787 2461 1028 2535; x_wconf 70' lang='grc' dir='ltr'>ἐκύησας</span> <span class='ocrx_word' id='word_1_135' title='bbox 1057 2467 1190 2522; x_wconf 85' lang='grc' dir='ltr'>Θεδν</span> <span class='ocrx_word' id='word_1_136' title='bbox 1220 2469 1414 2539; x_wconf 79' lang='grc' dir='ltr'>Λόγον,</span> <span class='ocrx_word' id='word_1_137' title='bbox 1443 2473 1802 2546; x_wconf 80' lang='grc' dir='ltr'>ὁμοιωθῆναι,</span> 
     </span>
    </p>
   </div>
   <div class='ocr_carea' id='block_1_25' title="bbox 232 2546 1808 2637">
    <p class='ocr_par' dir='ltr' id='par_1_25' title="bbox 232 2546 1808 2637">
     <span class='ocr_line' id='line_1_25' title="bbox 232 2546 1808 2637; baseline 0.009 -30"><span class='ocrx_word' id='word_1_138' title='bbox 232 2546 411 2618; x_wconf 71' lang='grc' dir='ltr'>Κίρη.</span> <span class='ocrx_word' id='word_1_139' title='bbox 441 2547 528 2602; x_wconf 68' lang='grc' dir='ltr'><strong>διὰ</strong></span> <span class='ocrx_word' id='word_1_140' title='bbox 555 2554 836 2624; x_wconf 70' lang='grc' dir='ltr'>σπλάγχνα</span> <span class='ocrx_word' id='word_1_141' title='bbox 863 2556 1047 2622; x_wconf 79' lang='grc' dir='ltr'><strong>ἐλέους</strong></span> <span class='ocrx_word' id='word_1_142' title='bbox 1076 2561 1242 2616; x_wconf 75' lang='grc' dir='ltr'>πᾶσιν</span> <span class='ocrx_word' id='word_1_143' title='bbox 1255 2563 1646 2637; x_wconf 80' lang='grc' dir='ltr'>εὐδοκήσαντα,</span> <span class='ocrx_word' id='word_1_144' title='bbox 1672 2585 1808 2622; x_wconf 73' lang='grc' dir='ltr'>πανο</span> 
     </span>
    </p>
   </div>
   <div class='ocr_carea' id='block_1_26' title="bbox 243 2638 752 2709">
    <p class='ocr_par' dir='ltr' id='par_1_26' title="bbox 243 2638 752 2709">
     <span class='ocr_line' id='line_1_26' title="bbox 243 2638 752 2709; baseline 0.018 -19"><span class='ocrx_word' id='word_1_145' title='bbox 243 2638 442 2709; x_wconf 78' lang='grc' dir='ltr'>άμωμε</span> <span class='ocrx_word' id='word_1_146' title='bbox 467 2644 752 2699; x_wconf 75' lang='grc' dir='ltr'><strong>Δέσποινα.</strong></span> 
     </span>
    </p>
   </div>
   <div class='ocr_carea' id='block_1_27' title="bbox 305 2732 1800 2815">
    <p class='ocr_par' dir='ltr' id='par_1_27' title="bbox 305 2732 1800 2815">
     <span class='ocr_line' id='line_1_27' title="bbox 305 2732 1800 2815; baseline 0.016 -33"><span class='ocrx_word' id='word_1_147' title='bbox 305 2732 380 2784; x_wconf 76' lang='grc' dir='ltr'><strong>Οὐ</strong></span> <span class='ocrx_word' id='word_1_148' title='bbox 412 2733 584 2787; x_wconf 68' lang='grc' dir='ltr'>λιπὼν</span> <span class='ocrx_word' id='word_1_149' title='bbox 610 2737 677 2789; x_wconf 74' lang='grc' dir='ltr'>τὰ</span> <span class='ocrx_word' id='word_1_150' title='bbox 707 2737 957 2811; x_wconf 80' lang='grc' dir='ltr'>οὐράνια,</span> <span class='ocrx_word' id='word_1_151' title='bbox 1009 2743 1267 2815; x_wconf 80' lang='grc' dir='ltr'>άχραντε,</span> <span class='ocrx_word' id='word_1_152' title='bbox 1304 2749 1557 2804; x_wconf 85' lang='grc' dir='ltr'>κενοῦται</span> <span class='ocrx_word' id='word_1_153' title='bbox 1582 2750 1714 2815; x_wconf 76' lang='grc' dir='ltr'>Θεδς</span> <span class='ocrx_word' id='word_1_154' title='bbox 1743 2755 1800 2806; x_wconf 81' lang='grc' dir='ltr'>ἐν</span> 
     </span>
    </p>
   </div>
   <div class='ocr_carea' id='block_1_28' title="bbox 237 2824 1811 2917">
    <p class='ocr_par' dir='ltr' id='par_1_28' title="bbox 237 2824 1811 2917">
     <span class='ocr_line' id='line_1_28' title="bbox 237 2824 1811 2917; baseline 0.017 -43"><span class='ocrx_word' id='word_1_155' title='bbox 237 2824 435 2895; x_wconf 76' lang='grc' dir='ltr'>μήτρᾳ</span> <span class='ocrx_word' id='word_1_156' title='bbox 461 2843 573 2894; x_wconf 86' lang='grc' dir='ltr'>σου,</span> <span class='ocrx_word' id='word_1_157' title='bbox 607 2829 701 2883; x_wconf 78' lang='grc' dir='ltr'>καὶ</span> <span class='ocrx_word' id='word_1_158' title='bbox 731 2838 1007 2903; x_wconf 79' lang='grc' dir='ltr'><strong>μετρεῖται</strong></span> <span class='ocrx_word' id='word_1_159' title='bbox 1034 2839 1063 2890; x_wconf 79' lang='grc' dir='ltr'>ὁ</span> <span class='ocrx_word' id='word_1_160' title='bbox 1095 2839 1403 2913; x_wconf 78' lang='grc' dir='ltr'><strong>ἀμέτρητος</strong></span> <span class='ocrx_word' id='word_1_161' title='bbox 1425 2843 1493 2896; x_wconf 83' lang='grc' dir='ltr'>τὰ</span> <span class='ocrx_word' id='word_1_162' title='bbox 1525 2845 1811 2917; x_wconf 82' lang='grc' dir='ltr'>ἀμέτρητά</span> 
     </span>
    </p>
   </div>
   <div class='ocr_carea' id='block_1_29' title="bbox 237 2917 879 2994">
    <p class='ocr_par' dir='ltr' id='par_1_29' title="bbox 237 2917 879 2994">
     <span class='ocr_line' id='line_1_29' title="bbox 237 2917 879 2994; baseline 0.02 -26"><span class='ocrx_word' id='word_1_163' title='bbox 237 2933 340 2986; x_wconf 87' lang='grc' dir='ltr'><strong>μου</strong></span> <span class='ocrx_word' id='word_1_164' title='bbox 367 2917 510 2972; x_wconf 77' lang='grc' dir='ltr'>λύων</span> <span class='ocrx_word' id='word_1_165' title='bbox 541 2923 879 2994; x_wconf 83' lang='grc' dir='ltr'>πταίσματα.</span> 
     </span>
    </p>
   </div>
   <div class='ocr_carea' id='block_1_30' title="bbox 320 3008 1806 3097">
    <p class='ocr_par' dir='ltr' id='par_1_30' title="bbox 320 3008 1806 3097">
     <span class='ocr_line' id='line_1_30' title="bbox 320 3008 1806 3097; baseline 0.013 -36"><span class='ocrx_word' id='word_1_166' title='bbox 320 3008 628 3081; x_wconf 81' lang='grc' dir='ltr'>Ἐνῴκησεν</span> <span class='ocrx_word' id='word_1_167' title='bbox 660 3016 720 3067; x_wconf 81' lang='grc' dir='ltr'>ὲν</span> <span class='ocrx_word' id='word_1_168' title='bbox 746 3021 830 3068; x_wconf 81' lang='grc' dir='ltr'>σοὶ</span> <span class='ocrx_word' id='word_1_169' title='bbox 859 3019 1128 3090; x_wconf 73' lang='grc' dir='ltr'>χωρηοεὶς</span> <span class='ocrx_word' id='word_1_170' title='bbox 1150 3023 1178 3077; x_wconf 85' lang='grc' dir='ltr'><strong>ό</strong></span> <span class='ocrx_word' id='word_1_171' title='bbox 1212 3022 1519 3097; x_wconf 83' lang='grc' dir='ltr'>ἀχὼρητος,</span> <span class='ocrx_word' id='word_1_172' title='bbox 1549 3027 1644 3082; x_wconf 74' lang='grc' dir='ltr'>καὶ</span> <span class='ocrx_word' id='word_1_173' title='bbox 1669 3027 1806 3081; x_wconf 78' lang='grc' dir='ltr'>ἔδει-</span> 
     </span>
    </p>
   </div>
   <div class='ocr_carea' id='block_1_31' title="bbox 235 3100 1809 3190">
    <p class='ocr_par' dir='ltr' id='par_1_31' title="bbox 235 3100 1809 3190">
     <span class='ocr_line' id='line_1_31' title="bbox 235 3100 1809 3190; baseline 0.015 -39"><span class='ocrx_word' id='word_1_174' title='bbox 235 3100 324 3165; x_wconf 83' lang='grc' dir='ltr'>ξεν</span> <span class='ocrx_word' id='word_1_175' title='bbox 346 3103 591 3173; x_wconf 72' lang='grc' dir='ltr'>οὐρανῶν</span> <span class='ocrx_word' id='word_1_176' title='bbox 620 3122 680 3159; x_wconf 89' lang='grc' dir='ltr'><strong>σε</strong></span> <span class='ocrx_word' id='word_1_177' title='bbox 713 3108 1076 3182; x_wconf 72' lang='grc' dir='ltr'>πλατυτέραν,</span> <span class='ocrx_word' id='word_1_178' title='bbox 1115 3114 1357 3186; x_wconf 79' lang='grc' dir='ltr'>Παρθένε</span> <span class='ocrx_word' id='word_1_179' title='bbox 1387 3134 1399 3149; x_wconf 77' lang='grc' dir='ltr'><strong><em>ο</em></strong></span> <span class='ocrx_word' id='word_1_180' title='bbox 1429 3117 1509 3170; x_wconf 80' lang='grc' dir='ltr'><strong>διό</strong></span> <span class='ocrx_word' id='word_1_181' title='bbox 1534 3135 1590 3171; x_wconf 83' lang='grc' dir='ltr'><strong>σε</strong></span> <span class='ocrx_word' id='word_1_182' title='bbox 1625 3137 1809 3190; x_wconf 84' lang='grc' dir='ltr'>μακα-</span> 
     </span>
    </p>
   </div>
   <div class='ocr_carea' id='block_1_32' title="bbox 236 3195 478 3265">
    <p class='ocr_par' dir='ltr' id='par_1_32' title="bbox 236 3195 478 3265">
     <span class='ocr_line' id='line_1_32' title="bbox 236 3195 478 3265; baseline 0.021 -20"><span class='ocrx_word' id='word_1_183' title='bbox 236 3195 478 3265; x_wconf 77' lang='grc' dir='ltr'>ρίζομεν.</span> 
     </span>
    </p>
   </div>
   <div class='ocr_carea' id='block_1_33' title="bbox 302 3289 1809 3374">
    <p class='ocr_par' dir='ltr' id='par_1_33' title="bbox 302 3289 1809 3374">
     <span class='ocr_line' id='line_1_33' title="bbox 302 3289 1809 3374; baseline 0.012 -33"><span class='ocrx_word' id='word_1_184' title='bbox 302 3289 532 3361; x_wconf 82' lang='grc' dir='ltr'>Νεκρῶν</span> <span class='ocrx_word' id='word_1_185' title='bbox 552 3310 608 3346; x_wconf 90' lang='grc' dir='ltr'><strong>τε</strong></span> <span class='ocrx_word' id='word_1_186' title='bbox 643 3295 734 3348; x_wconf 78' lang='grc' dir='ltr'><strong>καὶ</strong></span> <span class='ocrx_word' id='word_1_187' title='bbox 764 3293 870 3349; x_wconf 86' lang='grc' dir='ltr'><strong>τῶν</strong></span> <span class='ocrx_word' id='word_1_188' title='bbox 891 3295 1107 3361; x_wconf 60' lang='grc' dir='ltr'>ζώντων</span> <span class='ocrx_word' id='word_1_189' title='bbox 1137 3302 1416 3374; x_wconf 82' lang='grc' dir='ltr'>Δεσπότην</span> <span class='ocrx_word' id='word_1_190' title='bbox 1443 3303 1809 3371; x_wconf 76' lang='grc' dir='ltr'>ἀποτεκοῦσα,</span> 
     </span>
    </p>
   </div>
   <div class='ocr_carea' id='block_1_34' title="bbox 238 3379 1807 3468">
    <p class='ocr_par' dir='ltr' id='par_1_34' title="bbox 238 3379 1807 3468">
     <span class='ocr_line' id='line_1_34' title="bbox 238 3379 1807 3468; baseline 0.013 -36"><span class='ocrx_word' id='word_1_191' title='bbox 238 3379 307 3432; x_wconf 76' lang='grc' dir='ltr'>τὰ</span> <span class='ocrx_word' id='word_1_192' title='bbox 336 3381 506 3453; x_wconf 84' lang='grc' dir='ltr'>πάθη,</span> <span class='ocrx_word' id='word_1_193' title='bbox 534 3386 870 3458; x_wconf 87' lang='grc' dir='ltr'>πανάμωμε,</span> <span class='ocrx_word' id='word_1_194' title='bbox 899 3391 970 3443; x_wconf 85' lang='grc' dir='ltr'>τὰ</span> <span class='ocrx_word' id='word_1_195' title='bbox 990 3395 1089 3462; x_wconf 80' lang='grc' dir='ltr'>τῆς</span> <span class='ocrx_word' id='word_1_196' title='bbox 1120 3394 1320 3465; x_wconf 85' lang='grc' dir='ltr'>σαρκός</span> <span class='ocrx_word' id='word_1_197' title='bbox 1345 3413 1447 3468; x_wconf 86' lang='grc' dir='ltr'><strong>μου</strong></span> <span class='ocrx_word' id='word_1_198' title='bbox 1479 3396 1807 3453; x_wconf 83' lang='grc' dir='ltr'>θανάτωσον.</span> 
     </span>
    </p>
   </div>
   <div class='ocr_carea' id='block_1_35' title="bbox 307 3573 1810 3658">
    <p class='ocr_par' dir='ltr' id='par_1_35' title="bbox 307 3573 1810 3658">
     <span class='ocr_line' id='line_1_35' title="bbox 307 3573 1810 3658; baseline 0.012 -33"><span class='ocrx_word' id='word_1_199' title='bbox 307 3573 577 3645; x_wconf 81' lang='grc' dir='ltr'>Νομίμων</span> <span class='ocrx_word' id='word_1_200' title='bbox 608 3576 733 3646; x_wconf 77' lang='grc' dir='ltr'>δίχα</span> <span class='ocrx_word' id='word_1_201' title='bbox 776 3577 1016 3647; x_wconf 80' lang='grc' dir='ltr'>φύσεως,</span> <span class='ocrx_word' id='word_1_202' title='bbox 1057 3581 1326 3652; x_wconf 81' lang='grc' dir='ltr'>Παρθένε,</span> <span class='ocrx_word' id='word_1_203' title='bbox 1375 3586 1468 3639; x_wconf 86' lang='grc' dir='ltr'><strong>τδν</strong></span> <span class='ocrx_word' id='word_1_204' title='bbox 1516 3588 1810 3658; x_wconf 72' lang='grc' dir='ltr'>νομοδότην</span> 
     </span>
    </p>
   </div>
   <div class='ocr_carea' id='block_1_36' title="bbox 236 3666 1808 3752">
    <p class='ocr_par' dir='ltr' id='par_1_36' title="bbox 236 3666 1808 3752">
     <span class='ocr_line' id='line_1_36' title="bbox 236 3666 1808 3752; baseline 0.01 -32"><span class='ocrx_word' id='word_1_205' title='bbox 236 3666 464 3734; x_wconf 83' lang='grc' dir='ltr'>τίκτεις,</span> <span class='ocrx_word' id='word_1_206' title='bbox 494 3669 905 3726; x_wconf 81' lang='grc' dir='ltr'>ἀναπλάττοντα</span> <span class='ocrx_word' id='word_1_207' title='bbox 925 3673 1025 3743; x_wconf 79' lang='grc' dir='ltr'>τὴν</span> <span class='ocrx_word' id='word_1_208' title='bbox 1042 3675 1422 3746; x_wconf 78' lang='grc' dir='ltr'>συντριϐεῖσαν</span> <span class='ocrx_word' id='word_1_209' title='bbox 1449 3678 1610 3748; x_wconf 81' lang='grc' dir='ltr'>φύσιν</span> <span class='ocrx_word' id='word_1_210' title='bbox 1632 3681 1808 3752; x_wconf 78' lang='grc' dir='ltr'>ἡμῶν,</span> 
     </span>
    </p>
   </div>
   <div class='ocr_carea' id='block_1_37' title="bbox 235 3759 1663 3840">
    <p class='ocr_par' dir='ltr' id='par_1_37' title="bbox 235 3759 1663 3840">
     <span class='ocr_line' id='line_1_37' title="bbox 235 3759 1663 3840; baseline 0.009 -28"><span class='ocrx_word' id='word_1_211' title='bbox 235 3759 295 3812; x_wconf 85' lang='grc' dir='ltr'>ὃν</span> <span class='ocrx_word' id='word_1_212' title='bbox 319 3759 558 3814; x_wconf 81' lang='grc' dir='ltr'>δυσὼπει</span> <span class='ocrx_word' id='word_1_213' title='bbox 587 3762 756 3817; x_wconf 81' lang='grc' dir='ltr'>σῶσαί</span> <span class='ocrx_word' id='word_1_214' title='bbox 791 3780 859 3835; x_wconf 89' lang='grc' dir='ltr'><strong>με</strong></span> <span class='ocrx_word' id='word_1_215' title='bbox 895 3764 1190 3836; x_wconf 80' lang='grc' dir='ltr'>ἁμαρτίαις</span> <span class='ocrx_word' id='word_1_216' title='bbox 1222 3770 1663 3840; x_wconf 71' lang='grc' dir='ltr'>συντριϐόμενον.</span> 
     </span>
    </p>
   </div>
   <div class='ocr_carea' id='block_1_38' title="bbox 305 3936 1812 4021">
    <p class='ocr_par' dir='ltr' id='par_1_38' title="bbox 305 3936 1812 4021">
     <span class='ocr_line' id='line_1_38' title="bbox 305 3936 1812 4021; baseline 0.013 -33"><span class='ocrx_word' id='word_1_217' title='bbox 305 3936 609 3991; x_wconf 75' lang='grc' dir='ltr'>Δεδούλωτο</span> <span class='ocrx_word' id='word_1_218' title='bbox 637 3939 888 4013; x_wconf 74' lang='grc' dir='ltr'>ἁμαρτίᾳ</span> <span class='ocrx_word' id='word_1_219' title='bbox 919 3945 951 4013; x_wconf 82' lang='grc' dir='ltr'>ἡ</span> <span class='ocrx_word' id='word_1_220' title='bbox 981 3943 1143 4012; x_wconf 86' lang='grc' dir='ltr'>φύσις</span> <span class='ocrx_word' id='word_1_221' title='bbox 1164 3945 1272 3999; x_wconf 82' lang='grc' dir='ltr'><strong>τῶν</strong></span> <span class='ocrx_word' id='word_1_222' title='bbox 1298 3949 1626 4021; x_wconf 81' lang='grc' dir='ltr'>ἀνθρώπων,</span> <span class='ocrx_word' id='word_1_223' title='bbox 1675 3954 1812 4008; x_wconf 82' lang='grc' dir='ltr'>ἀλλὰ</span> 
     </span>
    </p>
   </div>
   <div class='ocr_carea' id='block_1_39' title="bbox 236 4027 1810 4108">
    <p class='ocr_par' dir='ltr' id='par_1_39' title="bbox 236 4027 1810 4108">
     <span class='ocr_line' id='line_1_39' title="bbox 236 4027 1810 4108; baseline 0.013 -30"><span class='ocrx_word' id='word_1_224' title='bbox 236 4027 441 4098; x_wconf 75' lang='grc' dir='ltr'>ταύτην</span> <span class='ocrx_word' id='word_1_225' title='bbox 470 4029 688 4102; x_wconf 75' lang='grc' dir='ltr'>ὲρῤύσω</span> <span class='ocrx_word' id='word_1_226' title='bbox 721 4034 820 4102; x_wconf 80' lang='grc' dir='ltr'>τῆς</span> <span class='ocrx_word' id='word_1_227' title='bbox 849 4038 1117 4106; x_wconf 80' lang='grc' dir='ltr'>πονηρᾶς,</span> <span class='ocrx_word' id='word_1_228' title='bbox 1162 4039 1414 4103; x_wconf 85' lang='grc' dir='ltr'>Θεοτόκε,</span> <span class='ocrx_word' id='word_1_229' title='bbox 1444 4041 1691 4108; x_wconf 78' lang='grc' dir='ltr'>δουλείας</span> <span class='ocrx_word' id='word_1_230' title='bbox 1718 4046 1810 4097; x_wconf 67' lang='grc' dir='ltr'><strong>τὸν</strong></span> 
     </span>
    </p>
   </div>
   <div class='ocr_carea' id='block_1_40' title="bbox 234 4119 1812 4196">
    <p class='ocr_par' dir='ltr' id='par_1_40' title="bbox 234 4119 1812 4196">
     <span class='ocr_line' id='line_1_40' title="bbox 234 4119 1812 4196; baseline 0.011 -25"><span class='ocrx_word' id='word_1_231' title='bbox 234 4119 345 4172; x_wconf 80' lang='grc' dir='ltr'><strong>τῶν</strong></span> <span class='ocrx_word' id='word_1_232' title='bbox 367 4120 621 4173; x_wconf 81' lang='grc' dir='ltr'>ἁπάντων</span> <span class='ocrx_word' id='word_1_233' title='bbox 646 4122 922 4192; x_wconf 84' lang='grc' dir='ltr'>Δεσπότην</span> <span class='ocrx_word' id='word_1_234' title='bbox 951 4127 1202 4196; x_wconf 84' lang='grc' dir='ltr'>κυήσασα</span> <span class='ocrx_word' id='word_1_235' title='bbox 1234 4129 1324 4182; x_wconf 87' lang='grc' dir='ltr'>τὸν</span> <span class='ocrx_word' id='word_1_236' title='bbox 1360 4131 1611 4196; x_wconf 75' lang='grc' dir='ltr'>δείξαντα</span> <span class='ocrx_word' id='word_1_237' title='bbox 1649 4136 1812 4187; x_wconf 81' lang='grc' dir='ltr'>πᾶσιν</span> 
     </span>
    </p>
   </div>
   <div class='ocr_carea' id='block_1_41' title="bbox 236 4210 1454 4288">
    <p class='ocr_par' dir='ltr' id='par_1_41' title="bbox 236 4210 1454 4288">
     <span class='ocr_line' id='line_1_41' title="bbox 236 4210 1454 4288; baseline 0.009 -27"><span class='ocrx_word' id='word_1_238' title='bbox 236 4211 370 4281; x_wconf 76' lang='grc' dir='ltr'>ἡμῖν</span> <span class='ocrx_word' id='word_1_239' title='bbox 399 4213 497 4282; x_wconf 76' lang='grc' dir='ltr'>τῆς</span> <span class='ocrx_word' id='word_1_240' title='bbox 515 4210 662 4282; x_wconf 79' lang='grc' dir='ltr'>ζωῆς</span> <span class='ocrx_word' id='word_1_241' title='bbox 688 4211 788 4276; x_wconf 73' lang='grc' dir='ltr'><strong>τὰς</strong></span> <span class='ocrx_word' id='word_1_242' title='bbox 829 4214 1095 4280; x_wconf 72' lang='grc' dir='ltr'>εἰσόδους,</span> <span class='ocrx_word' id='word_1_243' title='bbox 1120 4218 1454 4288; x_wconf 81' lang='grc' dir='ltr'>πανάμωμε.</span> 
     </span>
    </p>
   </div>
   <div class='ocr_carea' id='block_1_42' title="bbox 308 4390 1814 4468">
    <p class='ocr_par' dir='ltr' id='par_1_42' title="bbox 308 4390 1814 4468">
     <span class='ocr_line' id='line_1_42' title="bbox 308 4390 1814 4468; baseline 0.005 -25"><span class='ocrx_word' id='word_1_244' title='bbox 308 4390 738 4462; x_wconf 82' lang='grc' dir='ltr'>Σεσαρκωμένον</span> <span class='ocrx_word' id='word_1_245' title='bbox 779 4393 950 4462; x_wconf 82' lang='grc' dir='ltr'>Λόγον</span> <span class='ocrx_word' id='word_1_246' title='bbox 1009 4395 1118 4448; x_wconf 87' lang='grc' dir='ltr'>σῶν</span> <span class='ocrx_word' id='word_1_247' title='bbox 1171 4396 1227 4462; x_wconf 80' lang='grc' dir='ltr'>ἐξ</span> <span class='ocrx_word' id='word_1_248' title='bbox 1280 4398 1533 4468; x_wconf 81' lang='grc' dir='ltr'>αἱμάτων</span> <span class='ocrx_word' id='word_1_249' title='bbox 1610 4400 1814 4462; x_wconf 84' lang='grc' dir='ltr'>τίκτεις</span> 
     </span>
    </p>
   </div>
   <div class='ocr_carea' id='block_1_43' title="bbox 241 4484 1815 4563">
    <p class='ocr_par' dir='ltr' id='par_1_43' title="bbox 241 4484 1815 4563">
     <span class='ocr_line' id='line_1_43' title="bbox 241 4484 1815 4563; baseline 0.007 -27"><span class='ocrx_word' id='word_1_250' title='bbox 241 4485 468 4556; x_wconf 78' lang='grc' dir='ltr'>βροτοὺς</span> <span class='ocrx_word' id='word_1_251' title='bbox 496 4484 697 4539; x_wconf 84' lang='grc' dir='ltr'>θεῶσαι</span> <span class='ocrx_word' id='word_1_252' title='bbox 727 4487 1118 4560; x_wconf 80' lang='grc' dir='ltr'>εὐδοκήσαντα,</span> <span class='ocrx_word' id='word_1_253' title='bbox 1151 4491 1418 4562; x_wconf 82' lang='grc' dir='ltr'>Παρθένε,</span> <span class='ocrx_word' id='word_1_254' title='bbox 1439 4494 1564 4556; x_wconf 74' lang='grc' dir='ltr'>τοὺς</span> <span class='ocrx_word' id='word_1_255' title='bbox 1585 4493 1815 4563; x_wconf 79' lang='grc' dir='ltr'>μέλπον-</span> 
     </span>
    </p>
   </div>
   <div class='ocr_carea' id='block_1_44' title="bbox 237 4578 1644 4656">
    <p class='ocr_par' dir='ltr' id='par_1_44' title="bbox 237 4578 1644 4656">
     <span class='ocr_line' id='line_1_44' title="bbox 237 4578 1644 4656; baseline 0.007 -27"><span class='ocrx_word' id='word_1_256' title='bbox 237 4578 434 4642; x_wconf 79' lang='grc' dir='ltr'>τας-Ὀ</span> <span class='ocrx_word' id='word_1_257' title='bbox 457 4578 567 4632; x_wconf 77' lang='grc' dir='ltr'>τῶν</span> <span class='ocrx_word' id='word_1_258' title='bbox 601 4579 853 4652; x_wconf 83' lang='grc' dir='ltr'>πατέρων</span> <span class='ocrx_word' id='word_1_259' title='bbox 883 4581 1042 4652; x_wconf 75' lang='grc' dir='ltr'>ἡμῶν</span> <span class='ocrx_word' id='word_1_260' title='bbox 1068 4582 1222 4649; x_wconf 83' lang='grc' dir='ltr'>Θεὸς,</span> <span class='ocrx_word' id='word_1_261' title='bbox 1254 4583 1544 4656; x_wconf 73' lang='grc' dir='ltr'>εὐλογητὸς</span> <span class='ocrx_word' id='word_1_262' title='bbox 1573 4582 1644 4641; x_wconf 76' lang='grc' dir='ltr'><strong>εί.</strong></span> 
     </span>
    </p>
   </div>
   <div class='ocr_carea' id='block_1_45' title="bbox 310 4767 1814 4846">
    <p class='ocr_par' dir='ltr' id='par_1_45' title="bbox 310 4767 1814 4846">
     <span class='ocr_line' id='line_1_45' title="bbox 310 4767 1814 4846; baseline 0.005 -24"><span class='ocrx_word' id='word_1_263' title='bbox 310 4767 526 4822; x_wconf 75' lang='grc' dir='ltr'>Δὺουσα</span> <span class='ocrx_word' id='word_1_264' title='bbox 553 4767 698 4834; x_wconf 69' lang='grc' dir='ltr'>Εὔας</span> <span class='ocrx_word' id='word_1_265' title='bbox 727 4769 828 4839; x_wconf 83' lang='grc' dir='ltr'>τὴν</span> <span class='ocrx_word' id='word_1_266' title='bbox 854 4770 1128 4841; x_wconf 84' lang='grc' dir='ltr'>κατάραν,</span> <span class='ocrx_word' id='word_1_267' title='bbox 1158 4772 1560 4844; x_wconf 83' lang='grc' dir='ltr'>παναμὼμητε,</span> <span class='ocrx_word' id='word_1_268' title='bbox 1593 4775 1814 4846; x_wconf 78' lang='grc' dir='ltr'>ἐγέννη-</span> 
     </span>
    </p>
   </div>
   <div class='ocr_carea' id='block_1_46' title="bbox 242 4861 1816 4938">
    <p class='ocr_par' dir='ltr' id='par_1_46' title="bbox 242 4861 1816 4938">
     <span class='ocr_line' id='line_1_46' title="bbox 242 4861 1816 4938; baseline 0.005 -24"><span class='ocrx_word' id='word_1_269' title='bbox 242 4878 362 4924; x_wconf 88' lang='grc' dir='ltr'>σας,</span> <span class='ocrx_word' id='word_1_270' title='bbox 401 4861 667 4932; x_wconf 83' lang='grc' dir='ltr'>Παρθένε,</span> <span class='ocrx_word' id='word_1_271' title='bbox 698 4863 790 4916; x_wconf 72' lang='grc' dir='ltr'><strong>τὸν</strong></span> <span class='ocrx_word' id='word_1_272' title='bbox 820 4863 930 4917; x_wconf 80' lang='grc' dir='ltr'>τῶν</span> <span class='ocrx_word' id='word_1_273' title='bbox 951 4864 1089 4918; x_wconf 86' lang='grc' dir='ltr'>ὅλων</span> <span class='ocrx_word' id='word_1_274' title='bbox 1113 4865 1265 4931; x_wconf 73' lang='grc' dir='ltr'>Θεὸν,</span> <span class='ocrx_word' id='word_1_275' title='bbox 1295 4867 1590 4938; x_wconf 82' lang='grc' dir='ltr'>ἀφράστως</span> <span class='ocrx_word' id='word_1_276' title='bbox 1623 4869 1816 4922; x_wconf 89' lang='grc' dir='ltr'>συλλα-</span> 
     </span>
    </p>
   </div>
   <div class='ocr_carea' id='block_1_47' title="bbox 241 4955 1817 5033">
    <p class='ocr_par' dir='ltr' id='par_1_47' title="bbox 241 4955 1817 5033">
     <span class='ocr_line' id='line_1_47' title="bbox 241 4955 1817 5033; baseline 0.006 -26"><span class='ocrx_word' id='word_1_277' title='bbox 241 4955 433 5020; x_wconf 67' lang='grc' dir='ltr'>ϐοῦσα,</span> <span class='ocrx_word' id='word_1_278' title='bbox 465 4957 560 5010; x_wconf 80' lang='grc' dir='ltr'>καὶ</span> <span class='ocrx_word' id='word_1_279' title='bbox 613 4957 749 5030; x_wconf 83' lang='grc' dir='ltr'>ὑπὲρ</span> <span class='ocrx_word' id='word_1_280' title='bbox 789 4956 916 5011; x_wconf 84' lang='grc' dir='ltr'>νοῦν</span> <span class='ocrx_word' id='word_1_281' title='bbox 948 4960 1204 5032; x_wconf 80' lang='grc' dir='ltr'>κυήσασα</span> <span class='ocrx_word' id='word_1_282' title='bbox 1263 4963 1543 5033; x_wconf 77' lang='grc' dir='ltr'>σωτηρίαν</span> <span class='ocrx_word' id='word_1_283' title='bbox 1588 4965 1698 5028; x_wconf 82' lang='grc' dir='ltr'>τοῖς</span> <span class='ocrx_word' id='word_1_284' title='bbox 1725 4964 1817 5017; x_wconf 88' lang='grc' dir='ltr'>άν-</span> 
     </span>
    </p>
   </div>
   <div class='ocr_carea' id='block_1_48' title="bbox 240 5049 498 5119">
    <p class='ocr_par' dir='ltr' id='par_1_48' title="bbox 240 5049 498 5119">
     <span class='ocr_line' id='line_1_48' title="bbox 240 5049 498 5119; baseline 0.008 -17"><span class='ocrx_word' id='word_1_285' title='bbox 240 5049 498 5119; x_wconf 69' lang='grc' dir='ltr'>θρώποις.</span> 
     </span>
    </p>
   </div>
   <div class='ocr_carea' id='block_1_49' title="bbox 323 5139 1814 5222">
    <p class='ocr_par' dir='ltr' id='par_1_49' title="bbox 323 5139 1814 5222">
     <span class='ocr_line' id='line_1_49' title="bbox 323 5139 1814 5222; baseline 0.007 -28"><span class='ocrx_word' id='word_1_286' title='bbox 323 5139 508 5195; x_wconf 82' lang='grc' dir='ltr'>Ῥόδον</span> <span class='ocrx_word' id='word_1_287' title='bbox 543 5141 803 5197; x_wconf 77' lang='grc' dir='ltr'>ἐκλεκτὸν</span> <span class='ocrx_word' id='word_1_288' title='bbox 830 5146 889 5198; x_wconf 74' lang='grc' dir='ltr'>ἐν</span> <span class='ocrx_word' id='word_1_289' title='bbox 923 5147 1046 5209; x_wconf 76' lang='grc' dir='ltr'>ταῖς</span> <span class='ocrx_word' id='word_1_290' title='bbox 1081 5147 1317 5214; x_wconf 85' lang='grc' dir='ltr'>κοιλάσι,</span> <span class='ocrx_word' id='word_1_291' title='bbox 1355 5151 1528 5218; x_wconf 82' lang='grc' dir='ltr'>Κόρη,</span> <span class='ocrx_word' id='word_1_292' title='bbox 1566 5151 1662 5205; x_wconf 79' lang='grc' dir='ltr'>τοῦ</span> <span class='ocrx_word' id='word_1_293' title='bbox 1699 5152 1814 5222; x_wconf 85' lang='grc' dir='ltr'>βίου</span> 
     </span>
    </p>
   </div>
   <div class='ocr_carea' id='block_1_50' title="bbox 239 5233 1814 5314">
    <p class='ocr_par' dir='ltr' id='par_1_50' title="bbox 239 5233 1814 5314">
     <span class='ocr_line' id='line_1_50' title="bbox 239 5233 1814 5314; baseline 0.007 -25"><span class='ocrx_word' id='word_1_294' title='bbox 239 5233 516 5306; x_wconf 76' lang='grc' dir='ltr'>εὑρηκὼς,</span> <span class='ocrx_word' id='word_1_295' title='bbox 546 5235 765 5306; x_wconf 80' lang='grc' dir='ltr'>ἠράσθη</span> <span class='ocrx_word' id='word_1_296' title='bbox 810 5252 904 5293; x_wconf 86' lang='grc' dir='ltr'><strong>σου</strong></span> <span class='ocrx_word' id='word_1_297' title='bbox 945 5239 1040 5294; x_wconf 82' lang='grc' dir='ltr'>τοῦ</span> <span class='ocrx_word' id='word_1_298' title='bbox 1079 5241 1309 5305; x_wconf 84' lang='grc' dir='ltr'>κάλλους</span> <span class='ocrx_word' id='word_1_299' title='bbox 1334 5244 1507 5312; x_wconf 81' lang='grc' dir='ltr'>Λόγος</span> <span class='ocrx_word' id='word_1_300' title='bbox 1537 5245 1632 5299; x_wconf 80' lang='grc' dir='ltr'>τοῦ</span> <span class='ocrx_word' id='word_1_301' title='bbox 1656 5247 1814 5314; x_wconf 82' lang='grc' dir='ltr'>Θεοῦ,</span> 
     </span>
    </p>
   </div>
   <div class='ocr_carea' id='block_1_51' title="bbox 241 5329 1478 5406">
    <p class='ocr_par' dir='ltr' id='par_1_51' title="bbox 241 5329 1478 5406">
     <span class='ocr_line' id='line_1_51' title="bbox 241 5329 1478 5406; baseline 0.006 -26"><span class='ocrx_word' id='word_1_302' title='bbox 241 5329 335 5381; x_wconf 77' lang='grc' dir='ltr'>καὶ</span> <span class='ocrx_word' id='word_1_303' title='bbox 372 5329 682 5400; x_wconf 79' lang='grc' dir='ltr'>σαρκωθεὶς</span> <span class='ocrx_word' id='word_1_304' title='bbox 707 5329 969 5384; x_wconf 80' lang='grc' dir='ltr'>εὐωδίασε</span> <span class='ocrx_word' id='word_1_305' title='bbox 994 5333 1095 5404; x_wconf 75' lang='grc' dir='ltr'>τὴν</span> <span class='ocrx_word' id='word_1_306' title='bbox 1127 5333 1478 5406; x_wconf 79' lang='grc' dir='ltr'>οἰκουμένην.</span> 
     </span>
    </p>
   </div>
   <div class='ocr_carea' id='block_1_52' title="bbox 325 5505 1816 5583">
    <p class='ocr_par' dir='ltr' id='par_1_52' title="bbox 325 5505 1816 5583">
     <span class='ocr_line' id='line_1_52' title="bbox 325 5505 1816 5583; baseline 0.009 -25"><span class='ocrx_word' id='word_1_307' title='bbox 325 5506 505 5576; x_wconf 73' lang='grc' dir='ltr'><strong>Ἰδοῦὴ</strong></span> <span class='ocrx_word' id='word_1_308' title='bbox 537 5505 830 5578; x_wconf 77' lang='grc' dir='ltr'>Παρθένος,</span> <span class='ocrx_word' id='word_1_309' title='bbox 855 5506 928 5572; x_wconf 80' lang='grc' dir='ltr'>ὣς</span> <span class='ocrx_word' id='word_1_310' title='bbox 943 5513 1180 5580; x_wconf 78' lang='grc' dir='ltr'>φησινέν</span> <span class='ocrx_word' id='word_1_311' title='bbox 1198 5512 1469 5583; x_wconf 76' lang='grc' dir='ltr'>πνεύματι</span> <span class='ocrx_word' id='word_1_312' title='bbox 1499 5517 1528 5568; x_wconf 77' lang='grc' dir='ltr'>ὁ</span> <span class='ocrx_word' id='word_1_313' title='bbox 1565 5515 1816 5582; x_wconf 79' lang='grc' dir='ltr'>Ἡσαΐας,</span> 
     </span>
    </p>
   </div>
   <div class='ocr_carea' id='block_1_53' title="bbox 243 5599 1818 5676">
    <p class='ocr_par' dir='ltr' id='par_1_53' title="bbox 243 5599 1818 5676">
     <span class='ocr_line' id='line_1_53' title="bbox 243 5599 1818 5676; baseline 0.006 -23"><span class='ocrx_word' id='word_1_314' title='bbox 243 5601 402 5672; x_wconf 81' lang='grc' dir='ltr'>ἔσχεν</span> <span class='ocrx_word' id='word_1_315' title='bbox 441 5602 502 5652; x_wconf 79' lang='grc' dir='ltr'>ἐν</span> <span class='ocrx_word' id='word_1_316' title='bbox 535 5599 716 5670; x_wconf 76' lang='grc' dir='ltr'>κοιλίᾳ</span> <span class='ocrx_word' id='word_1_317' title='bbox 759 5601 850 5654; x_wconf 77' lang='grc' dir='ltr'>τὸν</span> <span class='ocrx_word' id='word_1_318' title='bbox 901 5603 1048 5672; x_wconf 74' lang='grc' dir='ltr'>ἡμᾶς</span> <span class='ocrx_word' id='word_1_319' title='bbox 1080 5604 1386 5674; x_wconf 75' lang='grc' dir='ltr'>ῥυσάμενον</span> <span class='ocrx_word' id='word_1_320' title='bbox 1429 5607 1556 5676; x_wconf 78' lang='grc' dir='ltr'>ᾅδου</span> <span class='ocrx_word' id='word_1_321' title='bbox 1612 5609 1818 5673; x_wconf 74' lang='grc' dir='ltr'>κοιλίας</span> 
     </span>
    </p>
   </div>
   <div class='ocr_carea' id='block_1_54' title="bbox 245 5693 1818 5774">
    <p class='ocr_par' dir='ltr' id='par_1_54' title="bbox 245 5693 1818 5774">
     <span class='ocr_line' id='line_1_54' title="bbox 245 5693 1818 5774; baseline 0.006 -29"><span class='ocrx_word' id='word_1_322' title='bbox 245 5693 485 5756; x_wconf 80' lang='grc' dir='ltr'>εὖσεόὦς</span> <span class='ocrx_word' id='word_1_323' title='bbox 513 5693 750 5763; x_wconf 82' lang='grc' dir='ltr'>βοῶντας</span> <span class='ocrx_word' id='word_1_324' title='bbox 778 5712 791 5726; x_wconf 69' lang='grc' dir='ltr'><strong>ο</strong></span> <span class='ocrx_word' id='word_1_325' title='bbox 836 5695 1088 5766; x_wconf 80' lang='grc' dir='ltr'>Ὕμνεϊτε</span> <span class='ocrx_word' id='word_1_326' title='bbox 1133 5699 1227 5752; x_wconf 84' lang='grc' dir='ltr'><strong>τὸν</strong></span> <span class='ocrx_word' id='word_1_327' title='bbox 1279 5699 1481 5772; x_wconf 82' lang='grc' dir='ltr'>Κύριον</span> <span class='ocrx_word' id='word_1_328' title='bbox 1521 5703 1613 5754; x_wconf 74' lang='grc' dir='ltr'><strong>καὶ</strong></span> <span class='ocrx_word' id='word_1_329' title='bbox 1647 5702 1818 5774; x_wconf 79' lang='grc' dir='ltr'>ὑπερ-</span> 
     </span>
    </p>
   </div>
   <div class='ocr_carea' id='block_1_55' title="bbox 247 5786 468 5857">
    <p class='ocr_par' dir='ltr' id='par_1_55' title="bbox 247 5786 468 5857">
     <span class='ocr_line' id='line_1_55' title="bbox 247 5786 468 5857; baseline -0.005 -17"><span class='ocrx_word' id='word_1_330' title='bbox 247 5786 468 5857; x_wconf 75' lang='grc' dir='ltr'>υψοῦτε.</span> 
     </span>
    </p>
   </div>
   <div class='ocr_carea' id='block_1_56' title="bbox 321 5879 1818 5956">
    <p class='ocr_par' dir='ltr' id='par_1_56' title="bbox 321 5879 1818 5956">
     <span class='ocr_line' id='line_1_56' title="bbox 321 5879 1818 5956; baseline 0.005 -24"><span class='ocrx_word' id='word_1_331' title='bbox 321 5879 562 5952; x_wconf 55' lang='lat' dir='ltr'><strong>(messae;</strong></span> <span class='ocrx_word' id='word_1_332' title='bbox 616 5897 682 5952; x_wconf 83' lang='grc' dir='ltr'><strong>με</strong></span> <span class='ocrx_word' id='word_1_333' title='bbox 723 5880 844 5935; x_wconf 72' lang='grc' dir='ltr'>ὅλον</span> <span class='ocrx_word' id='word_1_334' title='bbox 904 5884 966 5936; x_wconf 79' lang='grc' dir='ltr'>ἐκ</span> <span class='ocrx_word' id='word_1_335' title='bbox 1017 5883 1124 5939; x_wconf 86' lang='grc' dir='ltr'><strong>τῶν</strong></span> <span class='ocrx_word' id='word_1_336' title='bbox 1181 5884 1289 5939; x_wconf 87' lang='grc' dir='ltr'>σῶν</span> <span class='ocrx_word' id='word_1_337' title='bbox 1352 5886 1511 5939; x_wconf 74' lang='grc' dir='ltr'>θείων</span> <span class='ocrx_word' id='word_1_338' title='bbox 1573 5887 1818 5956; x_wconf 82' lang='grc' dir='ltr'>αἱμάτων</span> 
     </span>
    </p>
   </div>
   <div class='ocr_carea' id='block_1_57' title="bbox 1906 607 3476 678">
    <p class='ocr_par' dir='ltr' id='par_1_57' title="bbox 1906 607 3476 678">
     <span class='ocr_line' id='line_1_57' title="bbox 1906 607 3476 678; baseline -0.004 -11"><span class='ocrx_word' id='word_1_339' title='bbox 1906 613 2058 677; x_wconf 87' lang='lat' dir='ltr'><strong>hum,</strong></span> <span class='ocrx_word' id='word_1_340' title='bbox 2093 627 2126 667; x_wconf 93' lang='grc' dir='ltr'><strong>ο</strong></span> <span class='ocrx_word' id='word_1_341' title='bbox 2160 610 2662 676; x_wconf 80' lang='lat' dir='ltr'><strong>intemeratissima,</strong></span> <span class='ocrx_word' id='word_1_342' title='bbox 2693 609 2786 678; x_wconf 85' lang='lat' dir='ltr'><strong>qui</strong></span> <span class='ocrx_word' id='word_1_343' title='bbox 2820 607 2984 662; x_wconf 86' lang='lat' dir='ltr'><strong>verbo</strong></span> <span class='ocrx_word' id='word_1_344' title='bbox 3015 624 3178 676; x_wconf 81' lang='lat' dir='ltr'><strong>super</strong></span> <span class='ocrx_word' id='word_1_345' title='bbox 3207 622 3304 663; x_wconf 92' lang='lat' dir='ltr'><strong>nos</strong></span> <span class='ocrx_word' id='word_1_346' title='bbox 3327 624 3476 662; x_wconf 77' lang='lat' dir='ltr'><strong>excr-</strong></span> 
     </span>
    </p>
   </div>
   <div class='ocr_carea' id='block_1_58' title="bbox 1906 697 3477 769">
    <p class='ocr_par' dir='ltr' id='par_1_58' title="bbox 1906 697 3477 769">
     <span class='ocr_line' id='line_1_58' title="bbox 1906 697 3477 769; baseline -0.005 -12"><span class='ocrx_word' id='word_1_347' title='bbox 1906 704 2052 758; x_wconf 89' lang='lat' dir='ltr'><strong>citus</strong></span> <span class='ocrx_word' id='word_1_348' title='bbox 2069 701 2297 766; x_wconf 89' lang='lat' dir='ltr'><strong>creavit,</strong></span> <span class='ocrx_word' id='word_1_349' title='bbox 2321 710 2376 755; x_wconf 91' lang='lat' dir='ltr'><strong>et</strong></span> <span class='ocrx_word' id='word_1_350' title='bbox 2401 700 2625 755; x_wconf 85' lang='lat' dir='ltr'><strong>verbum</strong></span> <span class='ocrx_word' id='word_1_351' title='bbox 2655 705 2894 769; x_wconf 74' lang='lat' dir='ltr'><strong>praestat,</strong></span> <span class='ocrx_word' id='word_1_352' title='bbox 2925 713 3040 766; x_wconf 89' lang='lat' dir='ltr'><strong>quo</strong></span> <span class='ocrx_word' id='word_1_353' title='bbox 3063 697 3279 752; x_wconf 81' lang='lat' dir='ltr'><strong>laudare</strong></span> <span class='ocrx_word' id='word_1_354' title='bbox 3303 698 3477 767; x_wconf 87' lang='lat' dir='ltr'><strong>possi-</strong></span> 
     </span>
    </p>
   </div>
   <div class='ocr_carea' id='block_1_59' title="bbox 1909 790 3467 860">
    <p class='ocr_par' dir='ltr' id='par_1_59' title="bbox 1909 790 3467 860">
     <span class='ocr_line' id='line_1_59' title="bbox 1909 790 3467 860; baseline -0.003 -12"><span class='ocrx_word' id='word_1_355' title='bbox 1909 809 2029 849; x_wconf 89' lang='lat' dir='ltr'><strong>mus</strong></span> <span class='ocrx_word' id='word_1_356' title='bbox 2062 801 2311 850; x_wconf 90' lang='lat' dir='ltr'><strong>sauctam</strong></span> <span class='ocrx_word' id='word_1_357' title='bbox 2345 793 2490 848; x_wconf 80' lang='lat' dir='ltr'><strong>illius</strong></span> <span class='ocrx_word' id='word_1_358' title='bbox 2521 790 3044 847; x_wconf 88' lang='lat' dir='ltr'><strong>condescensiouem</strong></span> <span class='ocrx_word' id='word_1_359' title='bbox 3068 829 3082 855; x_wconf 89' lang='lat'><strong>,</strong></span> <span class='ocrx_word' id='word_1_360' title='bbox 3114 805 3235 860; x_wconf 68' lang='lat' dir='ltr'><strong>qua:</strong></span> <span class='ocrx_word' id='word_1_361' title='bbox 3265 801 3346 844; x_wconf 92' lang='lat' dir='ltr'><strong>est</strong></span> <span class='ocrx_word' id='word_1_362' title='bbox 3380 806 3467 844; x_wconf 86' lang='lat' dir='ltr'><strong>su-</strong></span> 
     </span>
    </p>
   </div>
   <div class='ocr_carea' id='block_1_60' title="bbox 1909 883 2952 957">
    <p class='ocr_par' dir='ltr' id='par_1_60' title="bbox 1909 883 2952 957">
     <span class='ocr_line' id='line_1_60' title="bbox 1909 883 2952 957; baseline -0.006 -15"><span class='ocrx_word' id='word_1_363' title='bbox 1909 901 2001 957; x_wconf 86' lang='lat' dir='ltr'><strong>per</strong></span> <span class='ocrx_word' id='word_1_364' title='bbox 2020 900 2186 944; x_wconf 86' lang='lat' dir='ltr'><strong>omne</strong></span> <span class='ocrx_word' id='word_1_365' title='bbox 2210 886 2432 943; x_wconf 86' lang='lat' dir='ltr'><strong>verbum</strong></span> <span class='ocrx_word' id='word_1_366' title='bbox 2464 894 2525 941; x_wconf 81' lang='grc' dir='ltr'>οι·</span> <span class='ocrx_word' id='word_1_367' title='bbox 2541 883 2926 956; x_wconf 78' lang='lat' dir='ltr'><strong>cogitationem</strong></span> <span class='ocrx_word' id='word_1_368' title='bbox 2939 923 2952 936; x_wconf 93' lang='lat'><strong>.</strong></span> 
     </span>
    </p>
   </div>
   <div class='ocr_carea' id='block_1_61' title="bbox 1911 1053 3472 1138">
    <p class='ocr_par' dir='ltr' id='par_1_61' title="bbox 1911 1053 3472 1138">
     <span class='ocr_line' id='line_1_61' title="bbox 1911 1053 3472 1138; baseline -0.005 -24"><span class='ocrx_word' id='word_1_369' title='bbox 1911 1059 1995 1114; x_wconf 81' lang='lat' dir='ltr'><strong>Ea:</strong></span> <span class='ocrx_word' id='word_1_370' title='bbox 2018 1059 2237 1138; x_wconf 59' lang='lat' dir='ltr'><strong>patrone</strong></span> <span class='ocrx_word' id='word_1_371' title='bbox 2266 1059 2466 1130; x_wconf 80' lang='lat' dir='ltr'><strong>duplici</strong></span> <span class='ocrx_word' id='word_1_372' title='bbox 2505 1061 2560 1113; x_wconf 80' lang='lat' dir='ltr'><strong>iu</strong></span> <span class='ocrx_word' id='word_1_373' title='bbox 2608 1059 2738 1126; x_wconf 71' lang='lat' dir='ltr'><strong>festo</strong></span> <span class='ocrx_word' id='word_1_374' title='bbox 2774 1056 2876 1112; x_wconf 89' lang='lat' dir='ltr'><strong>SS.</strong></span> <span class='ocrx_word' id='word_1_375' title='bbox 2912 1055 3233 1138; x_wconf 74' lang='lat' dir='ltr'><strong>_Qnesiphari</strong></span> <span class='ocrx_word' id='word_1_376' title='bbox 3263 1053 3472 1138; x_wconf 51' lang='grc' dir='ltr'>είηΡυι-</span> 
     </span>
    </p>
   </div>
   <div class='ocr_carea' id='block_1_62' title="bbox 1974 1125 3480 1265">
    <p class='ocr_par' dir='ltr' id='par_1_62' title="bbox 1974 1125 3480 1265">
     <span class='ocr_line' id='line_1_62' title="bbox 1974 1125 3480 1257; baseline -0.003 -74"><span class='ocrx_word' id='word_1_377' title='bbox 1974 1131 2145 1201; x_wconf 77' lang='lat' dir='ltr'><strong>pltgrii</strong></span> <span class='ocrx_word' id='word_1_378' title='bbox 2178 1125 2465 1257; x_wconf 59' lang='lat' dir='ltr'><strong>Ztargjrum</strong></span> <span class='ocrx_word' id='word_1_379' title='bbox 2487 1140 2536 1185; x_wconf 84' lang='lat' dir='ltr'><strong>et</strong></span> <span class='ocrx_word' id='word_1_380' title='bbox 2569 1125 2873 1184; x_wconf 69' lang='lat' dir='ltr'><strong>sanctarum</strong></span> <span class='ocrx_word' id='word_1_381' title='bbox 2903 1127 3160 1183; x_wconf 76' lang='lat' dir='ltr'><strong>Matrona:</strong></span> <span class='ocrx_word' id='word_1_382' title='bbox 3198 1143 3261 1181; x_wconf 82' lang='lat' dir='ltr'><strong>ac</strong></span> <span class='ocrx_word' id='word_1_383' title='bbox 3288 1125 3480 1178; x_wconf 78' lang='grc' dir='ltr'><strong>ΤΙιι-οσ-</strong></span> 
     </span>
     <span class='ocr_line' id='line_1_63' title="bbox 1981 1203 2348 1265; baseline 0.005 -10"><span class='ocrx_word' id='word_1_384' title='bbox 1981 1205 2144 1265; x_wconf 72' lang='lat' dir='ltr'><strong>tistw,</strong></span> <span class='ocrx_word' id='word_1_385' title='bbox 2220 1203 2266 1255; x_wconf 83' lang='lat' dir='ltr'><strong>t&#39;c</strong></span> <span class='ocrx_word' id='word_1_386' title='bbox 2331 1241 2348 1257; x_wconf 93' lang='lat'><strong>.</strong></span> 
     </span>
    </p>
   </div>
   <div class='ocr_carea' id='block_1_63' title="bbox 1978 1347 3478 1422">
    <p class='ocr_par' dir='ltr' id='par_1_63' title="bbox 1978 1347 3478 1422">
     <span class='ocr_line' id='line_1_64' title="bbox 1978 1347 3478 1422; baseline -0.003 -18"><span class='ocrx_word' id='word_1_387' title='bbox 1978 1351 2164 1406; x_wconf 82' lang='lat' dir='ltr'><strong>Finem</strong></span> <span class='ocrx_word' id='word_1_388' title='bbox 2201 1352 2508 1421; x_wconf 85' lang='lat' dir='ltr'><strong>Imposuisti</strong></span> <span class='ocrx_word' id='word_1_389' title='bbox 2546 1352 2740 1405; x_wconf 88' lang='lat' dir='ltr'><strong>mortis</strong></span> <span class='ocrx_word' id='word_1_390' title='bbox 2776 1350 3086 1422; x_wconf 79' lang='lat' dir='ltr'><strong>tyrannidi,</strong></span> <span class='ocrx_word' id='word_1_391' title='bbox 3116 1364 3148 1402; x_wconf 92' lang='grc' dir='ltr'><strong>ο</strong></span> <span class='ocrx_word' id='word_1_392' title='bbox 3177 1348 3341 1418; x_wconf 77' lang='lat' dir='ltr'><strong>Virgo</strong></span> <span class='ocrx_word' id='word_1_393' title='bbox 3375 1347 3478 1400; x_wconf 81' lang='lat' dir='ltr'><strong>viri</strong></span> 
     </span>
    </p>
   </div>
   <div class='ocr_carea' id='block_1_64' title="bbox 1911 1441 3476 1510">
    <p class='ocr_par' dir='ltr' id='par_1_64' title="bbox 1911 1441 3476 1510">
     <span class='ocr_line' id='line_1_65' title="bbox 1911 1441 3476 1510; baseline 0.003 -12"><span class='ocrx_word' id='word_1_394' title='bbox 1911 1445 2113 1510; x_wconf 88' lang='lat' dir='ltr'><strong>nescia,</strong></span> <span class='ocrx_word' id='word_1_395' title='bbox 2155 1445 2355 1499; x_wconf 89' lang='lat' dir='ltr'><strong>mundo</strong></span> <span class='ocrx_word' id='word_1_396' title='bbox 2391 1445 2853 1499; x_wconf 79' lang='lat' dir='ltr'><strong>immortalitatem</strong></span> <span class='ocrx_word' id='word_1_397' title='bbox 2905 1460 2970 1499; x_wconf 90' lang='lat' dir='ltr'><strong>ac</strong></span> <span class='ocrx_word' id='word_1_398' title='bbox 3009 1443 3176 1497; x_wconf 81' lang='lat' dir='ltr'><strong>vitam</strong></span> <span class='ocrx_word' id='word_1_399' title='bbox 3221 1441 3476 1510; x_wconf 75' lang='lat' dir='ltr'><strong>gctutisli.</strong></span> 
     </span>
    </p>
   </div>
   <div class='ocr_carea' id='block_1_65' title="bbox 1907 1537 3170 1607">
    <p class='ocr_par' dir='ltr' id='par_1_65' title="bbox 1907 1537 3170 1607">
     <span class='ocr_line' id='line_1_66' title="bbox 1907 1537 3170 1607; baseline -0.002 -16"><span class='ocrx_word' id='word_1_400' title='bbox 1907 1537 2182 1591; x_wconf 87' lang='lat' dir='ltr'><strong>Christum</strong></span> <span class='ocrx_word' id='word_1_401' title='bbox 2215 1537 2426 1592; x_wconf 82' lang='lat' dir='ltr'><strong>scilicet</strong></span> <span class='ocrx_word' id='word_1_402' title='bbox 2451 1537 2864 1607; x_wconf 81' lang='lat' dir='ltr'><strong>Redemptorem</strong></span> <span class='ocrx_word' id='word_1_403' title='bbox 2901 1547 3170 1592; x_wconf 86' lang='lat' dir='ltr'><strong>nostrum.</strong></span> 
     </span>
    </p>
   </div>
   <div class='ocr_carea' id='block_1_66' title="bbox 1978 1626 3482 1700">
    <p class='ocr_par' dir='ltr' id='par_1_66' title="bbox 1978 1626 3482 1700">
     <span class='ocr_line' id='line_1_67' title="bbox 1978 1626 3482 1700; baseline -0.003 -17"><span class='ocrx_word' id='word_1_404' title='bbox 1978 1626 2021 1683; x_wconf 90' lang='grc' dir='ltr'>Ο</span> <span class='ocrx_word' id='word_1_405' title='bbox 2052 1628 2309 1684; x_wconf 87' lang='lat' dir='ltr'><strong>inviolata</strong></span> <span class='ocrx_word' id='word_1_406' title='bbox 2331 1669 2344 1694; x_wconf 95' lang='lat'><strong>,</strong></span> <span class='ocrx_word' id='word_1_407' title='bbox 2395 1645 2516 1700; x_wconf 60' lang='lat' dir='ltr'><strong>qua</strong></span> <span class='ocrx_word' id='word_1_408' title='bbox 2545 1631 2780 1685; x_wconf 85' lang='lat' dir='ltr'><strong>divinam</strong></span> <span class='ocrx_word' id='word_1_409' title='bbox 2818 1632 3048 1685; x_wconf 87' lang='lat' dir='ltr'><strong>salutem</strong></span> <span class='ocrx_word' id='word_1_410' title='bbox 3079 1645 3140 1684; x_wconf 91' lang='lat' dir='ltr'><strong>ac</strong></span> <span class='ocrx_word' id='word_1_411' title='bbox 3179 1627 3482 1697; x_wconf 74' lang='lat' dir='ltr'><strong>reparatio.</strong></span> 
     </span>
    </p>
   </div>
   <div class='ocr_carea' id='block_1_67' title="bbox 1913 1723 3481 1794">
    <p class='ocr_par' dir='ltr' id='par_1_67' title="bbox 1913 1723 3481 1794">
     <span class='ocr_line' id='line_1_68' title="bbox 1913 1723 3481 1794; baseline 0.001 -19"><span class='ocrx_word' id='word_1_412' title='bbox 1913 1737 2031 1775; x_wconf 89' lang='lat' dir='ltr'><strong>nem</strong></span> <span class='ocrx_word' id='word_1_413' title='bbox 2077 1723 2275 1776; x_wconf 86' lang='lat' dir='ltr'><strong>mundo</strong></span> <span class='ocrx_word' id='word_1_414' title='bbox 2323 1723 2616 1794; x_wconf 87' lang='lat' dir='ltr'><strong>peperisti,</strong></span> <span class='ocrx_word' id='word_1_415' title='bbox 2664 1725 2809 1778; x_wconf 85' lang='lat' dir='ltr'><strong>salva</strong></span> <span class='ocrx_word' id='word_1_416' title='bbox 2844 1724 3327 1779; x_wconf 84' lang='lat' dir='ltr'><strong>intercessionibus</strong></span> <span class='ocrx_word' id='word_1_417' title='bbox 3374 1723 3481 1777; x_wconf 83' lang='lat' dir='ltr'><strong>tuis</strong></span> 
     </span>
    </p>
   </div>
   <div class='ocr_carea' id='block_1_68' title="bbox 1912 1814 2919 1883">
    <p class='ocr_par' dir='ltr' id='par_1_68' title="bbox 1912 1814 2919 1883">
     <span class='ocr_line' id='line_1_69' title="bbox 1912 1814 2919 1883; baseline 0 -15"><span class='ocrx_word' id='word_1_418' title='bbox 1912 1830 2006 1868; x_wconf 87' lang='lat' dir='ltr'><strong>eos</strong></span> <span class='ocrx_word' id='word_1_419' title='bbox 2033 1815 2125 1883; x_wconf 92' lang='lat' dir='ltr'><strong>qui</strong></span> <span class='ocrx_word' id='word_1_420' title='bbox 2165 1814 2394 1868; x_wconf 86' lang='lat' dir='ltr'><strong>lideliter</strong></span> <span class='ocrx_word' id='word_1_421' title='bbox 2421 1826 2708 1870; x_wconf 89' lang='lat' dir='ltr'><strong>recurrunt</strong></span> <span class='ocrx_word' id='word_1_422' title='bbox 2746 1815 2809 1868; x_wconf 85' lang='lat' dir='ltr'><strong>ad</strong></span> <span class='ocrx_word' id='word_1_423' title='bbox 2851 1829 2919 1870; x_wconf 89' lang='lat' dir='ltr'><strong>te.</strong></span> 
     </span>
    </p>
   </div>
   <div class='ocr_carea' id='block_1_69' title="bbox 1980 1905 3478 1972">
    <p class='ocr_par' dir='ltr' id='par_1_69' title="bbox 1980 1905 3478 1972">
     <span class='ocr_line' id='line_1_70' title="bbox 1980 1905 3478 1972; baseline 0.001 -14"><span class='ocrx_word' id='word_1_424' title='bbox 1980 1906 2194 1972; x_wconf 88' lang='lat' dir='ltr'><strong>Annue,</strong></span> <span class='ocrx_word' id='word_1_425' title='bbox 2214 1906 2589 1972; x_wconf 90' lang='lat' dir='ltr'><strong>ocastissima,</strong></span> <span class='ocrx_word' id='word_1_426' title='bbox 2616 1906 2777 1961; x_wconf 87' lang='lat' dir='ltr'><strong>saluti</strong></span> <span class='ocrx_word' id='word_1_427' title='bbox 2812 1923 2942 1960; x_wconf 72' lang='lat' dir='ltr'><strong>meae</strong></span> <span class='ocrx_word' id='word_1_428' title='bbox 2967 1925 2980 1961; x_wconf 91' lang='lat'><strong>:</strong></span> <span class='ocrx_word' id='word_1_429' title='bbox 3008 1908 3206 1962; x_wconf 89' lang='lat' dir='ltr'><strong>etenim</strong></span> <span class='ocrx_word' id='word_1_430' title='bbox 3238 1915 3371 1960; x_wconf 89' lang='lat' dir='ltr'><strong>ntttn</strong></span> <span class='ocrx_word' id='word_1_431' title='bbox 3396 1905 3478 1960; x_wconf 84' lang='lat' dir='ltr'><strong>di-</strong></span> 
     </span>
    </p>
   </div>
   <div class='ocr_carea' id='block_1_70' title="bbox 1912 1993 3480 2070">
    <p class='ocr_par' dir='ltr' id='par_1_70' title="bbox 1912 1993 3480 2070">
     <span class='ocr_line' id='line_1_71' title="bbox 1912 1993 3480 2070; baseline 0.006 -25"><span class='ocrx_word' id='word_1_432' title='bbox 1912 1993 2038 2047; x_wconf 86' lang='lat' dir='ltr'><strong>vino</strong></span> <span class='ocrx_word' id='word_1_433' title='bbox 2070 1996 2323 2050; x_wconf 88' lang='lat' dir='ltr'><strong>universa</strong></span> <span class='ocrx_word' id='word_1_434' title='bbox 2349 1998 2810 2069; x_wconf 83' lang='lat' dir='ltr'><strong>circumagentem</strong></span> <span class='ocrx_word' id='word_1_435' title='bbox 2844 1999 3014 2053; x_wconf 85' lang='lat' dir='ltr'><strong>Deum</strong></span> <span class='ocrx_word' id='word_1_436' title='bbox 3051 1998 3287 2054; x_wconf 80' lang='lat' dir='ltr'><strong>Verbum</strong></span> <span class='ocrx_word' id='word_1_437' title='bbox 3314 2014 3480 2070; x_wconf 80' lang='lat' dir='ltr'><strong>supra</strong></span> 
     </span>
    </p>
   </div>
   <div class='ocr_carea' id='block_1_71' title="bbox 1912 2089 3109 2160">
    <p class='ocr_par' dir='ltr' id='par_1_71' title="bbox 1912 2089 3109 2160">
     <span class='ocr_line' id='line_1_72' title="bbox 1912 2089 3109 2160; baseline 0.004 -20"><span class='ocrx_word' id='word_1_438' title='bbox 1912 2102 1991 2141; x_wconf 89' lang='lat' dir='ltr'><strong>vet</strong></span> <span class='ocrx_word' id='word_1_439' title='bbox 2009 2089 2057 2140; x_wconf 94' lang='lat' dir='ltr'><strong>bi</strong></span> <span class='ocrx_word' id='word_1_440' title='bbox 2096 2089 2398 2159; x_wconf 82' lang='lat' dir='ltr'><strong>mentisque</strong></span> <span class='ocrx_word' id='word_1_441' title='bbox 2419 2099 2740 2159; x_wconf 85' lang='lat' dir='ltr'><strong>conceptum</strong></span> <span class='ocrx_word' id='word_1_442' title='bbox 2777 2092 3109 2160; x_wconf 87' lang='lat' dir='ltr'><strong>corporasti.</strong></span> 
     </span>
    </p>
   </div>
   <div class='ocr_carea' id='block_1_72' title="bbox 1987 2179 3485 2250">
    <p class='ocr_par' dir='ltr' id='par_1_72' title="bbox 1987 2179 3485 2250">
     <span class='ocr_line' id='line_1_73' title="bbox 1987 2179 3485 2250; baseline 0.004 -17"><span class='ocrx_word' id='word_1_443' title='bbox 1987 2179 2177 2238; x_wconf 88' lang='lat' dir='ltr'><strong>Uuitus</strong></span> <span class='ocrx_word' id='word_1_444' title='bbox 2203 2192 2287 2237; x_wconf 91' lang='lat' dir='ltr'><strong>est</strong></span> <span class='ocrx_word' id='word_1_445' title='bbox 2328 2183 2382 2238; x_wconf 90' lang='lat' dir='ltr'><strong>in</strong></span> <span class='ocrx_word' id='word_1_446' title='bbox 2432 2195 2588 2239; x_wconf 85' lang='lat' dir='ltr'><strong>utero</strong></span> <span class='ocrx_word' id='word_1_447' title='bbox 2617 2193 2713 2239; x_wconf 90' lang='lat' dir='ltr'><strong>tuo</strong></span> <span class='ocrx_word' id='word_1_448' title='bbox 2755 2185 2904 2240; x_wconf 89' lang='lat' dir='ltr'><strong>carni</strong></span> <span class='ocrx_word' id='word_1_449' title='bbox 2935 2186 3184 2250; x_wconf 89' lang='lat' dir='ltr'><strong>Creator,</strong></span> <span class='ocrx_word' id='word_1_450' title='bbox 3225 2184 3485 2240; x_wconf 66' lang='lat' dir='ltr'><strong>o-castis«</strong></span> 
     </span>
    </p>
   </div>
   <div class='ocr_carea' id='block_1_73' title="bbox 1913 2274 3486 2349">
    <p class='ocr_par' dir='ltr' id='par_1_73' title="bbox 1913 2274 3486 2349">
     <span class='ocr_line' id='line_1_74' title="bbox 1913 2274 3486 2349; baseline 0.001 -19"><span class='ocrx_word' id='word_1_451' title='bbox 1913 2274 2072 2339; x_wconf 84' lang='lat' dir='ltr'><strong>sima,</strong></span> <span class='ocrx_word' id='word_1_452' title='bbox 2108 2291 2334 2332; x_wconf 88' lang='lat' dir='ltr'><strong>manens</strong></span> <span class='ocrx_word' id='word_1_453' title='bbox 2371 2277 2424 2334; x_wconf 87' lang='lat' dir='ltr'><strong>id</strong></span> <span class='ocrx_word' id='word_1_454' title='bbox 2457 2278 2603 2349; x_wconf 88' lang='lat' dir='ltr'><strong>quod</strong></span> <span class='ocrx_word' id='word_1_455' title='bbox 2631 2289 2784 2345; x_wconf 89' lang='lat' dir='ltr'><strong>erat,</strong></span> <span class='ocrx_word' id='word_1_456' title='bbox 2817 2288 2877 2334; x_wconf 78' lang='lat' dir='ltr'><strong>ut</strong></span> <span class='ocrx_word' id='word_1_457' title='bbox 2907 2279 3224 2334; x_wconf 89' lang='lat' dir='ltr'><strong>hominibus</strong></span> <span class='ocrx_word' id='word_1_458' title='bbox 3255 2277 3486 2334; x_wconf 79' lang='lat' dir='ltr'><strong>felicita-</strong></span> 
     </span>
    </p>
   </div>
   <div class='ocr_carea' id='block_1_74' title="bbox 1912 2367 2517 2440">
    <p class='ocr_par' dir='ltr' id='par_1_74' title="bbox 1912 2367 2517 2440">
     <span class='ocr_line' id='line_1_75' title="bbox 1912 2367 2517 2440; baseline 0.007 -19"><span class='ocrx_word' id='word_1_459' title='bbox 1912 2377 2018 2421; x_wconf 83' lang='lat' dir='ltr'><strong>tem</strong></span> <span class='ocrx_word' id='word_1_460' title='bbox 2050 2367 2174 2422; x_wconf 63' lang='lat' dir='ltr'><strong>vita:</strong></span> <span class='ocrx_word' id='word_1_461' title='bbox 2209 2370 2517 2440; x_wconf 82' lang='lat' dir='ltr'><strong>largiretur.</strong></span> 
     </span>
    </p>
   </div>
   <div class='ocr_carea' id='block_1_75' title="bbox 1987 2459 3487 2533">
    <p class='ocr_par' dir='ltr' id='par_1_75' title="bbox 1987 2459 3487 2533">
     <span class='ocr_line' id='line_1_76' title="bbox 1987 2459 3487 2533; baseline 0.002 -20"><span class='ocrx_word' id='word_1_462' title='bbox 1987 2460 2153 2514; x_wconf 90' lang='lat' dir='ltr'><strong>Deutn</strong></span> <span class='ocrx_word' id='word_1_463' title='bbox 2187 2459 2422 2516; x_wconf 83' lang='lat' dir='ltr'><strong>Verbum</strong></span> <span class='ocrx_word' id='word_1_464' title='bbox 2459 2472 2806 2532; x_wconf 90' lang='lat' dir='ltr'><strong>corporatum</strong></span> <span class='ocrx_word' id='word_1_465' title='bbox 2843 2463 3120 2532; x_wconf 77' lang='lat' dir='ltr'><strong>peperisti,</strong></span> <span class='ocrx_word' id='word_1_466' title='bbox 3153 2477 3186 2517; x_wconf 92' lang='grc' dir='ltr'><strong>ο</strong></span> <span class='ocrx_word' id='word_1_467' title='bbox 3217 2462 3394 2533; x_wconf 84' lang='lat' dir='ltr'><strong>puella</strong></span> <span class='ocrx_word' id='word_1_468' title='bbox 3426 2477 3487 2516; x_wconf 85' lang='lat' dir='ltr'><strong>ac</strong></span> 
     </span>
    </p>
   </div>
   <div class='ocr_carea' id='block_1_76' title="bbox 1914 2552 3486 2626">
    <p class='ocr_par' dir='ltr' id='par_1_76' title="bbox 1914 2552 3486 2626">
     <span class='ocr_line' id='line_1_77' title="bbox 1914 2552 3486 2626; baseline 0 -21"><span class='ocrx_word' id='word_1_469' title='bbox 1914 2552 2139 2608; x_wconf 79' lang='lat' dir='ltr'><strong>Domina</strong></span> <span class='ocrx_word' id='word_1_470' title='bbox 2167 2555 2696 2620; x_wconf 86' lang='lat' dir='ltr'><strong>immaculatissima,</strong></span> <span class='ocrx_word' id='word_1_471' title='bbox 2717 2556 2802 2611; x_wconf 90' lang='lat' dir='ltr'><strong>cui</strong></span> <span class='ocrx_word' id='word_1_472' title='bbox 2829 2557 3080 2626; x_wconf 88' lang='lat' dir='ltr'><strong>placitum</strong></span> <span class='ocrx_word' id='word_1_473' title='bbox 3108 2557 3209 2609; x_wconf 83' lang='lat' dir='ltr'><strong>l&#39;uit</strong></span> <span class='ocrx_word' id='word_1_474' title='bbox 3231 2555 3486 2609; x_wconf 68' lang='lat' dir='ltr'><strong>omnibus</strong></span> 
     </span>
    </p>
   </div>
   <div class='ocr_carea' id='block_1_77' title="bbox 1913 2645 3275 2716">
    <p class='ocr_par' dir='ltr' id='par_1_77' title="bbox 1913 2645 3275 2716">
     <span class='ocr_line' id='line_1_78' title="bbox 1913 2645 3275 2716; baseline 0.003 -20"><span class='ocrx_word' id='word_1_475' title='bbox 1913 2661 1972 2698; x_wconf 86' lang='lat' dir='ltr'><strong>as</strong></span> <span class='ocrx_word' id='word_1_476' title='bbox 2010 2645 2204 2699; x_wconf 77' lang='lat' dir='ltr'><strong>imitari</strong></span> <span class='ocrx_word' id='word_1_477' title='bbox 2241 2657 2460 2716; x_wconf 84' lang='lat' dir='ltr'><strong>propter</strong></span> <span class='ocrx_word' id='word_1_478' title='bbox 2490 2648 2700 2703; x_wconf 85' lang='lat' dir='ltr'><strong>viscera</strong></span> <span class='ocrx_word' id='word_1_479' title='bbox 2733 2649 3121 2703; x_wconf 65' lang='lat' dir='ltr'><strong>misericordia:</strong></span> <span class='ocrx_word' id='word_1_480' title='bbox 3145 2663 3275 2701; x_wconf 80' lang='lat' dir='ltr'><strong>sure.</strong></span> 
     </span>
    </p>
   </div>
   <div class='ocr_carea' id='block_1_78' title="bbox 1984 2735 3489 2807">
    <p class='ocr_par' dir='ltr' id='par_1_78' title="bbox 1984 2735 3489 2807">
     <span class='ocr_line' id='line_1_79' title="bbox 1984 2735 3489 2807; baseline 0.002 -20"><span class='ocrx_word' id='word_1_481' title='bbox 1984 2735 2100 2788; x_wconf 72' lang='grc' dir='ltr'>Νιιιι</span> <span class='ocrx_word' id='word_1_482' title='bbox 2145 2737 2462 2807; x_wconf 88' lang='lat' dir='ltr'><strong>relinquens</strong></span> <span class='ocrx_word' id='word_1_483' title='bbox 2494 2740 2736 2793; x_wconf 70' lang='lat' dir='ltr'><strong>cmlestia</strong></span> <span class='ocrx_word' id='word_1_484' title='bbox 2773 2741 3093 2794; x_wconf 76' lang='lat' dir='ltr'><strong>exiuauitus</strong></span> <span class='ocrx_word' id='word_1_485' title='bbox 3137 2747 3221 2793; x_wconf 82' lang='lat' dir='ltr'><strong>est</strong></span> <span class='ocrx_word' id='word_1_486' title='bbox 3253 2739 3392 2792; x_wconf 85' lang='lat' dir='ltr'><strong>Deus</strong></span> <span class='ocrx_word' id='word_1_487' title='bbox 3435 2738 3489 2790; x_wconf 83' lang='lat' dir='ltr'><strong>in</strong></span> 
     </span>
    </p>
   </div>
   <div class='ocr_carea' id='block_1_79' title="bbox 1915 2831 3488 2897">
    <p class='ocr_par' dir='ltr' id='par_1_79' title="bbox 1915 2831 3488 2897">
     <span class='ocr_line' id='line_1_80' title="bbox 1915 2831 3488 2897; baseline 0.002 -17"><span class='ocrx_word' id='word_1_488' title='bbox 1915 2838 2068 2883; x_wconf 90' lang='lat' dir='ltr'><strong>ntero</strong></span> <span class='ocrx_word' id='word_1_489' title='bbox 2093 2841 2206 2896; x_wconf 93' lang='lat' dir='ltr'><strong>tuo,</strong></span> <span class='ocrx_word' id='word_1_490' title='bbox 2251 2846 2284 2885; x_wconf 90' lang='grc' dir='ltr'><strong>ο</strong></span> <span class='ocrx_word' id='word_1_491' title='bbox 2311 2831 2587 2897; x_wconf 86' lang='lat' dir='ltr'><strong>inviolata,</strong></span> <span class='ocrx_word' id='word_1_492' title='bbox 2618 2841 2671 2888; x_wconf 91' lang='lat' dir='ltr'><strong>et</strong></span> <span class='ocrx_word' id='word_1_493' title='bbox 2701 2833 3002 2888; x_wconf 91' lang='lat' dir='ltr'><strong>immensus</strong></span> <span class='ocrx_word' id='word_1_494' title='bbox 3031 2843 3378 2888; x_wconf 84' lang='lat' dir='ltr'><strong>mensuratus</strong></span> <span class='ocrx_word' id='word_1_495' title='bbox 3407 2841 3488 2885; x_wconf 81' lang='lat' dir='ltr'><strong>est</strong></span> 
     </span>
    </p>
   </div>
   <div class='ocr_carea' id='block_1_80' title="bbox 1914 2918 2800 2991">
    <p class='ocr_par' dir='ltr' id='par_1_80' title="bbox 1914 2918 2800 2991">
     <span class='ocr_line' id='line_1_81' title="bbox 1914 2918 2800 2991; baseline 0.007 -20"><span class='ocrx_word' id='word_1_496' title='bbox 1914 2918 2185 2976; x_wconf 84' lang='lat' dir='ltr'><strong>immensa</strong></span> <span class='ocrx_word' id='word_1_497' title='bbox 2218 2931 2438 2991; x_wconf 90' lang='lat' dir='ltr'><strong>peccata</strong></span> <span class='ocrx_word' id='word_1_498' title='bbox 2465 2921 2800 2977; x_wconf 87' lang='lat' dir='ltr'><strong>diminuens.</strong></span> 
     </span>
    </p>
   </div>
   <div class='ocr_carea' id='block_1_81' title="bbox 1985 3010 3485 3086">
    <p class='ocr_par' dir='ltr' id='par_1_81' title="bbox 1985 3010 3485 3086">
     <span class='ocr_line' id='line_1_82' title="bbox 1985 3010 3485 3086; baseline 0.003 -22"><span class='ocrx_word' id='word_1_499' title='bbox 1985 3010 2260 3068; x_wconf 85' lang='lat' dir='ltr'><strong>Habitavit</strong></span> <span class='ocrx_word' id='word_1_500' title='bbox 2283 3013 2336 3067; x_wconf 91' lang='lat' dir='ltr'><strong>in</strong></span> <span class='ocrx_word' id='word_1_501' title='bbox 2363 3023 2414 3068; x_wconf 88' lang='lat' dir='ltr'><strong>te</strong></span> <span class='ocrx_word' id='word_1_502' title='bbox 2436 3015 2869 3084; x_wconf 82' lang='lat' dir='ltr'><strong>comprehensus</strong></span> <span class='ocrx_word' id='word_1_503' title='bbox 2890 3014 3485 3086; x_wconf 85' lang='lat' dir='ltr'><strong>incomprehensibilis,</strong></span> 
     </span>
    </p>
   </div>
   <div class='ocr_carea' id='block_1_82' title="bbox 1914 3104 3489 3178">
    <p class='ocr_par' dir='ltr' id='par_1_82' title="bbox 1914 3104 3489 3178">
     <span class='ocr_line' id='line_1_83' title="bbox 1914 3104 3489 3178; baseline 0.003 -20"><span class='ocrx_word' id='word_1_504' title='bbox 1914 3110 1966 3158; x_wconf 91' lang='lat' dir='ltr'><strong>et</strong></span> <span class='ocrx_word' id='word_1_505' title='bbox 2001 3104 2176 3160; x_wconf 80' lang='lat' dir='ltr'><strong>ell‘ecit</strong></span> <span class='ocrx_word' id='word_1_506' title='bbox 2222 3115 2274 3160; x_wconf 92' lang='lat' dir='ltr'><strong>te</strong></span> <span class='ocrx_word' id='word_1_507' title='bbox 2331 3107 2486 3159; x_wconf 83' lang='lat' dir='ltr'><strong>coelis</strong></span> <span class='ocrx_word' id='word_1_508' title='bbox 2541 3106 2823 3172; x_wconf 87' lang='lat' dir='ltr'><strong>latiorem,</strong></span> <span class='ocrx_word' id='word_1_509' title='bbox 2887 3123 2921 3162; x_wconf 93' lang='grc' dir='ltr'><strong>ο</strong></span> <span class='ocrx_word' id='word_1_510' title='bbox 2973 3106 3159 3178; x_wconf 76' lang='lat' dir='ltr'><strong>Virgo.</strong></span> <span class='ocrx_word' id='word_1_511' title='bbox 3199 3107 3489 3178; x_wconf 65' lang='lat' dir='ltr'><strong>Propterea</strong></span> 
     </span>
    </p>
   </div>
   <div class='ocr_carea' id='block_1_83' title="bbox 1917 3194 2484 3254">
    <p class='ocr_par' dir='ltr' id='par_1_83' title="bbox 1917 3194 2484 3254">
     <span class='ocr_line' id='line_1_84' title="bbox 1917 3194 2484 3254; baseline 0.009 -6"><span class='ocrx_word' id='word_1_512' title='bbox 1917 3194 2127 3250; x_wconf 80' lang='lat' dir='ltr'><strong>beatam</strong></span> <span class='ocrx_word' id='word_1_513' title='bbox 2158 3206 2209 3252; x_wconf 92' lang='lat' dir='ltr'><strong>te</strong></span> <span class='ocrx_word' id='word_1_514' title='bbox 2231 3197 2484 3254; x_wconf 86' lang='lat' dir='ltr'><strong>dicimus.</strong></span> 
     </span>
    </p>
   </div>
   <div class='ocr_carea' id='block_1_84' title="bbox 1991 3287 3485 3363">
    <p class='ocr_par' dir='ltr' id='par_1_84' title="bbox 1991 3287 3485 3363">
     <span class='ocr_line' id='line_1_85' title="bbox 1991 3287 3485 3363; baseline 0.004 -22"><span class='ocrx_word' id='word_1_515' title='bbox 1991 3287 2330 3342; x_wconf 85' lang='lat' dir='ltr'><strong>Mortuorum</strong></span> <span class='ocrx_word' id='word_1_516' title='bbox 2361 3305 2425 3345; x_wconf 90' lang='lat' dir='ltr'><strong>ac</strong></span> <span class='ocrx_word' id='word_1_517' title='bbox 2467 3291 2764 3346; x_wconf 87' lang='lat' dir='ltr'><strong>viventium</strong></span> <span class='ocrx_word' id='word_1_518' title='bbox 2811 3291 3100 3347; x_wconf 84' lang='lat' dir='ltr'><strong>Dominum</strong></span> <span class='ocrx_word' id='word_1_519' title='bbox 3131 3291 3292 3347; x_wconf 78' lang='lat' dir='ltr'><strong>enixa</strong></span> <span class='ocrx_word' id='word_1_520' title='bbox 3316 3333 3330 3357; x_wconf 93' lang='lat'><strong>,</strong></span> <span class='ocrx_word' id='word_1_521' title='bbox 3361 3309 3485 3363; x_wconf 86' lang='lat' dir='ltr'><strong>pas-</strong></span> 
     </span>
    </p>
   </div>
   <div class='ocr_carea' id='block_1_85' title="bbox 1914 3383 3486 3448">
    <p class='ocr_par' dir='ltr' id='par_1_85' title="bbox 1914 3383 3486 3448">
     <span class='ocr_line' id='line_1_86' title="bbox 1914 3383 3486 3448; baseline 0 -10"><span class='ocrx_word' id='word_1_522' title='bbox 1914 3383 2098 3438; x_wconf 90' lang='lat' dir='ltr'><strong>siones</strong></span> <span class='ocrx_word' id='word_1_523' title='bbox 2131 3384 2312 3439; x_wconf 87' lang='lat' dir='ltr'><strong>carnis</strong></span> <span class='ocrx_word' id='word_1_524' title='bbox 2350 3400 2480 3440; x_wconf 76' lang='lat' dir='ltr'><strong>mea:</strong></span> <span class='ocrx_word' id='word_1_525' title='bbox 2512 3387 2801 3448; x_wconf 68' lang='lat' dir='ltr'><strong>mor-tilica.</strong></span> <span class='ocrx_word' id='word_1_526' title='bbox 2851 3402 2884 3440; x_wconf 96' lang='lat' dir='ltr'><strong>o</strong></span> <span class='ocrx_word' id='word_1_527' title='bbox 2929 3385 3189 3441; x_wconf 89' lang='lat' dir='ltr'><strong>immunis</strong></span> <span class='ocrx_word' id='word_1_528' title='bbox 3225 3385 3294 3440; x_wconf 86' lang='lat' dir='ltr'><strong>ab</strong></span> <span class='ocrx_word' id='word_1_529' title='bbox 3340 3385 3486 3440; x_wconf 90' lang='lat' dir='ltr'><strong>onmi</strong></span> 
     </span>
    </p>
   </div>
   <div class='ocr_carea' id='block_1_86' title="bbox 1915 3475 2150 3530">
    <p class='ocr_par' dir='ltr' id='par_1_86' title="bbox 1915 3475 2150 3530">
     <span class='ocr_line' id='line_1_87' title="bbox 1915 3475 2150 3530; baseline 0 -1"><span class='ocrx_word' id='word_1_530' title='bbox 1915 3475 2150 3530; x_wconf 84' lang='lat' dir='ltr'><strong>macula.</strong></span> 
     </span>
    </p>
   </div>
   <div class='ocr_carea' id='block_1_87' title="bbox 1983 3569 3484 3642">
    <p class='ocr_par' dir='ltr' id='par_1_87' title="bbox 1983 3569 3484 3642">
     <span class='ocr_line' id='line_1_88' title="bbox 1983 3569 3484 3642; baseline 0 -19"><span class='ocrx_word' id='word_1_531' title='bbox 1983 3570 2142 3640; x_wconf 78' lang='lat'><strong>217</strong></span> <span class='ocrx_word' id='word_1_532' title='bbox 2180 3569 2381 3624; x_wconf 67' lang='lat' dir='ltr'><strong>Prwter</strong></span> <span class='ocrx_word' id='word_1_533' title='bbox 2427 3580 2720 3626; x_wconf 83' lang='lat' dir='ltr'><strong>consuetas</strong></span> <span class='ocrx_word' id='word_1_534' title='bbox 2762 3583 2970 3627; x_wconf 83' lang='lat' dir='ltr'><strong>naturae</strong></span> <span class='ocrx_word' id='word_1_535' title='bbox 3018 3573 3164 3642; x_wconf 79' lang='lat' dir='ltr'><strong>leges</strong></span> <span class='ocrx_word' id='word_1_536' title='bbox 3208 3571 3484 3642; x_wconf 83' lang='lat' dir='ltr'><strong>peperisti,</strong></span> 
     </span>
    </p>
   </div>
   <div class='ocr_carea' id='block_1_88' title="bbox 1913 3660 3488 3733">
    <p class='ocr_par' dir='ltr' id='par_1_88' title="bbox 1913 3660 3488 3733">
     <span class='ocr_line' id='line_1_89' title="bbox 1913 3660 3488 3733; baseline -0.002 -17"><span class='ocrx_word' id='word_1_537' title='bbox 1913 3679 1946 3716; x_wconf 91' lang='grc' dir='ltr'><strong>ο</strong></span> <span class='ocrx_word' id='word_1_538' title='bbox 1973 3660 2171 3733; x_wconf 80' lang='lat' dir='ltr'><strong>Virgo,</strong></span> <span class='ocrx_word' id='word_1_539' title='bbox 2212 3663 2597 3731; x_wconf 70' lang='lat' dir='ltr'><strong>legislaturem,</strong></span> <span class='ocrx_word' id='word_1_540' title='bbox 2633 3664 2724 3733; x_wconf 86' lang='lat' dir='ltr'><strong>qni</strong></span> <span class='ocrx_word' id='word_1_541' title='bbox 2781 3674 3029 3719; x_wconf 89' lang='lat' dir='ltr'><strong>naturam</strong></span> <span class='ocrx_word' id='word_1_542' title='bbox 3079 3673 3322 3719; x_wconf 86' lang='lat' dir='ltr'><strong>nostram</strong></span> <span class='ocrx_word' id='word_1_543' title='bbox 3358 3678 3488 3715; x_wconf 89' lang='lat' dir='ltr'><strong>con-</strong></span> 
     </span>
    </p>
   </div>
   <div class='ocr_carea' id='block_1_89' title="bbox 1915 3755 3486 3827">
    <p class='ocr_par' dir='ltr' id='par_1_89' title="bbox 1915 3755 3486 3827">
     <span class='ocr_line' id='line_1_90' title="bbox 1915 3755 3486 3827; baseline -0.002 -18"><span class='ocrx_word' id='word_1_544' title='bbox 1915 3755 2094 3809; x_wconf 80' lang='lat' dir='ltr'><strong>tritam</strong></span> <span class='ocrx_word' id='word_1_545' title='bbox 2129 3756 2463 3810; x_wconf 82' lang='lat' dir='ltr'><strong>reformavit.</strong></span> <span class='ocrx_word' id='word_1_546' title='bbox 2501 3758 2762 3811; x_wconf 76' lang='lat' dir='ltr'><strong>Eumdem</strong></span> <span class='ocrx_word' id='word_1_547' title='bbox 2821 3759 3116 3827; x_wconf 82' lang='lat' dir='ltr'><strong>deprecare</strong></span> <span class='ocrx_word' id='word_1_548' title='bbox 3139 3799 3153 3824; x_wconf 94' lang='lat'><strong>,</strong></span> <span class='ocrx_word' id='word_1_549' title='bbox 3191 3766 3251 3812; x_wconf 91' lang='lat' dir='ltr'><strong>ut</strong></span> <span class='ocrx_word' id='word_1_550' title='bbox 3293 3755 3425 3809; x_wconf 91' lang='lat' dir='ltr'><strong>mibi</strong></span> <span class='ocrx_word' id='word_1_551' title='bbox 3461 3771 3486 3807; x_wconf 70' lang='lat' dir='ltr'><strong>at</strong></span> 
     </span>
    </p>
   </div>
   <div class='ocr_carea' id='block_1_90' title="bbox 1914 3848 2987 3916">
    <p class='ocr_par' dir='ltr' id='par_1_90' title="bbox 1914 3848 2987 3916">
     <span class='ocr_line' id='line_1_91' title="bbox 1914 3848 2987 3916; baseline 0.006 -16"><span class='ocrx_word' id='word_1_552' title='bbox 1914 3848 2150 3916; x_wconf 84' lang='lat' dir='ltr'><strong>peccatis</strong></span> <span class='ocrx_word' id='word_1_553' title='bbox 2177 3848 2412 3903; x_wconf 85' lang='lat' dir='ltr'><strong>contrito</strong></span> <span class='ocrx_word' id='word_1_554' title='bbox 2444 3851 2672 3905; x_wconf 87' lang='lat' dir='ltr'><strong>salutem</strong></span> <span class='ocrx_word' id='word_1_555' title='bbox 2703 3853 2987 3906; x_wconf 87' lang='lat' dir='ltr'><strong>concedat.</strong></span> 
     </span>
    </p>
   </div>
   <div class='ocr_carea' id='block_1_91' title="bbox 1987 3939 3487 4010">
    <p class='ocr_par' dir='ltr' id='par_1_91' title="bbox 1987 3939 3487 4010">
     <span class='ocr_line' id='line_1_92' title="bbox 1987 3939 3487 4010; baseline 0.005 -17"><span class='ocrx_word' id='word_1_556' title='bbox 1987 3939 2042 3994; x_wconf 93' lang='lat' dir='ltr'><strong>lu</strong></span> <span class='ocrx_word' id='word_1_557' title='bbox 2087 3943 2406 3997; x_wconf 83' lang='lat' dir='ltr'><strong>servitutem</strong></span> <span class='ocrx_word' id='word_1_558' title='bbox 2451 3945 2655 4010; x_wconf 82' lang='lat' dir='ltr'><strong>peccati</strong></span> <span class='ocrx_word' id='word_1_559' title='bbox 2693 3945 2906 3998; x_wconf 79' lang='lat' dir='ltr'><strong>redacta</strong></span> <span class='ocrx_word' id='word_1_560' title='bbox 2952 3954 3035 4000; x_wconf 89' lang='lat' dir='ltr'><strong>est</strong></span> <span class='ocrx_word' id='word_1_561' title='bbox 3066 3955 3260 4000; x_wconf 85' lang='lat' dir='ltr'><strong>natura</strong></span> <span class='ocrx_word' id='word_1_562' title='bbox 3307 3947 3487 4000; x_wconf 56' lang='lat' dir='ltr'><strong>ltomi»</strong></span> 
     </span>
    </p>
   </div>
   <div class='ocr_carea' id='block_1_92' title="bbox 1915 4035 3492 4106">
    <p class='ocr_par' dir='ltr' id='par_1_92' title="bbox 1915 4035 3492 4106">
     <span class='ocr_line' id='line_1_93' title="bbox 1915 4035 3492 4106; baseline 0.004 -19"><span class='ocrx_word' id='word_1_563' title='bbox 1915 4049 2079 4098; x_wconf 85' lang='lat' dir='ltr'><strong>num;</strong></span> <span class='ocrx_word' id='word_1_564' title='bbox 2114 4045 2168 4089; x_wconf 88' lang='lat' dir='ltr'><strong>at</strong></span> <span class='ocrx_word' id='word_1_565' title='bbox 2197 4048 2272 4096; x_wconf 89' lang='lat' dir='ltr'><strong>tu.</strong></span> <span class='ocrx_word' id='word_1_566' title='bbox 2308 4052 2340 4089; x_wconf 92' lang='grc' dir='ltr'><strong>ο</strong></span> <span class='ocrx_word' id='word_1_567' title='bbox 2385 4035 2633 4105; x_wconf 85' lang='lat' dir='ltr'><strong>Deipara.</strong></span> <span class='ocrx_word' id='word_1_568' title='bbox 2674 4038 2820 4091; x_wconf 87' lang='lat' dir='ltr'><strong>illam</strong></span> <span class='ocrx_word' id='word_1_569' title='bbox 2889 4053 2916 4089; x_wconf 89' lang='lat' dir='ltr'><strong>a</strong></span> <span class='ocrx_word' id='word_1_570' title='bbox 2961 4039 3196 4106; x_wconf 78' lang='lat' dir='ltr'><strong>pessima</strong></span> <span class='ocrx_word' id='word_1_571' title='bbox 3230 4040 3492 4094; x_wconf 82' lang='lat' dir='ltr'><strong>servitute</strong></span> 
     </span>
    </p>
   </div>
   <div class='ocr_carea' id='block_1_93' title="bbox 1915 4125 3491 4194">
    <p class='ocr_par' dir='ltr' id='par_1_93' title="bbox 1915 4125 3491 4194">
     <span class='ocr_line' id='line_1_94' title="bbox 1915 4125 3491 4194; baseline 0.004 -14"><span class='ocrx_word' id='word_1_572' title='bbox 1915 4126 2214 4190; x_wconf 85' lang='lat' dir='ltr'><strong>redemisti,</strong></span> <span class='ocrx_word' id='word_1_573' title='bbox 2246 4125 2534 4180; x_wconf 86' lang='lat' dir='ltr'><strong>Dominum</strong></span> <span class='ocrx_word' id='word_1_574' title='bbox 2586 4129 2970 4183; x_wconf 82' lang='lat' dir='ltr'><strong>universorum</strong></span> <span class='ocrx_word' id='word_1_575' title='bbox 3010 4130 3200 4194; x_wconf 73' lang='lat' dir='ltr'><strong>enixa,</strong></span> <span class='ocrx_word' id='word_1_576' title='bbox 3233 4133 3491 4186; x_wconf 77' lang='lat' dir='ltr'><strong>oimma-</strong></span> 
     </span>
    </p>
   </div>
   <div class='ocr_carea' id='block_1_94' title="bbox 1915 4219 3484 4288">
    <p class='ocr_par' dir='ltr' id='par_1_94' title="bbox 1915 4219 3484 4288">
     <span class='ocr_line' id='line_1_95' title="bbox 1915 4219 3484 4288; baseline 0.002 -14"><span class='ocrx_word' id='word_1_577' title='bbox 1915 4219 2273 4284; x_wconf 84' lang='lat' dir='ltr'><strong>culatissima,</strong></span> <span class='ocrx_word' id='word_1_578' title='bbox 2321 4219 2408 4288; x_wconf 94' lang='lat' dir='ltr'><strong>qui</strong></span> <span class='ocrx_word' id='word_1_579' title='bbox 2467 4223 2725 4275; x_wconf 86' lang='lat' dir='ltr'><strong>omnibus</strong></span> <span class='ocrx_word' id='word_1_580' title='bbox 2764 4223 2925 4276; x_wconf 88' lang='lat' dir='ltr'><strong>nobis</strong></span> <span class='ocrx_word' id='word_1_581' title='bbox 2973 4222 3096 4276; x_wconf 69' lang='lat' dir='ltr'><strong>vita:</strong></span> <span class='ocrx_word' id='word_1_582' title='bbox 3163 4221 3349 4277; x_wconf 87' lang='lat' dir='ltr'><strong>aditus</strong></span> <span class='ocrx_word' id='word_1_583' title='bbox 3393 4224 3484 4277; x_wconf 79' lang='lat' dir='ltr'><strong>tle-</strong></span> 
     </span>
    </p>
   </div>
   <div class='ocr_carea' id='block_1_95' title="bbox 1917 4311 2260 4364">
    <p class='ocr_par' dir='ltr' id='par_1_95' title="bbox 1917 4311 2260 4364">
     <span class='ocr_line' id='line_1_96' title="bbox 1917 4311 2260 4364; baseline -0.006 0"><span class='ocrx_word' id='word_1_584' title='bbox 1917 4311 2260 4364; x_wconf 57' lang='lat' dir='ltr'><strong>monstravit.</strong></span> 
     </span>
    </p>
   </div>
   <div class='ocr_carea' id='block_1_96' title="bbox 1989 4401 3488 4476">
    <p class='ocr_par' dir='ltr' id='par_1_96' title="bbox 1989 4401 3488 4476">
     <span class='ocr_line' id='line_1_97' title="bbox 1989 4401 3488 4476; baseline 0.004 -21"><span class='ocrx_word' id='word_1_585' title='bbox 1989 4401 2331 4456; x_wconf 83' lang='lat' dir='ltr'><strong>lncaruatnm</strong></span> <span class='ocrx_word' id='word_1_586' title='bbox 2367 4402 2603 4457; x_wconf 85' lang='lat' dir='ltr'><strong>Verbum</strong></span> <span class='ocrx_word' id='word_1_587' title='bbox 2667 4419 2730 4457; x_wconf 78' lang='lat' dir='ltr'><strong>ex</strong></span> <span class='ocrx_word' id='word_1_588' title='bbox 2775 4405 2885 4457; x_wconf 87' lang='lat' dir='ltr'><strong>tuis</strong></span> <span class='ocrx_word' id='word_1_589' title='bbox 2932 4404 3290 4471; x_wconf 63' lang='lat' dir='ltr'><strong>sanguinibus</strong></span> <span class='ocrx_word' id='word_1_590' title='bbox 3336 4422 3488 4476; x_wconf 82' lang='lat' dir='ltr'><strong>pepe-</strong></span> 
     </span>
    </p>
   </div>
   <div class='ocr_carea' id='block_1_97' title="bbox 1918 4495 3488 4565">
    <p class='ocr_par' dir='ltr' id='par_1_97' title="bbox 1918 4495 3488 4565">
     <span class='ocr_line' id='line_1_98' title="bbox 1918 4495 3488 4565; baseline -0.002 -14"><span class='ocrx_word' id='word_1_591' title='bbox 1918 4496 2060 4556; x_wconf 85' lang='lat' dir='ltr'><strong>risti.</strong></span> <span class='ocrx_word' id='word_1_592' title='bbox 2090 4511 2122 4549; x_wconf 90' lang='lat'><strong>0</strong></span> <span class='ocrx_word' id='word_1_593' title='bbox 2165 4495 2365 4565; x_wconf 80' lang='lat' dir='ltr'><strong>Virgo;</strong></span> <span class='ocrx_word' id='word_1_594' title='bbox 2394 4497 2480 4548; x_wconf 90' lang='lat' dir='ltr'><strong>cui</strong></span> <span class='ocrx_word' id='word_1_595' title='bbox 2520 4495 2776 4565; x_wconf 88' lang='lat' dir='ltr'><strong>placitum</strong></span> <span class='ocrx_word' id='word_1_596' title='bbox 2816 4495 2918 4548; x_wconf 76' lang='lat' dir='ltr'><strong>fuit</strong></span> <span class='ocrx_word' id='word_1_597' title='bbox 2945 4496 3202 4550; x_wconf 81' lang='lat' dir='ltr'><strong>tleilicare</strong></span> <span class='ocrx_word' id='word_1_598' title='bbox 3239 4498 3488 4550; x_wconf 67' lang='lat' dir='ltr'><strong>homines</strong></span> 
     </span>
    </p>
   </div>
   <div class='ocr_carea' id='block_1_98' title="bbox 1844 4586 3481 4658">
    <p class='ocr_par' dir='ltr' id='par_1_98' title="bbox 1844 4586 3481 4658">
     <span class='ocr_line' id='line_1_99' title="bbox 1844 4586 3481 4658; baseline 0.002 -18"><span class='ocrx_word' id='word_1_599' title='bbox 1844 4595 1894 4654; x_wconf 85' lang='grc' dir='ltr'><strong>Ι)</strong></span> <span class='ocrx_word' id='word_1_600' title='bbox 1921 4587 2321 4658; x_wconf 86' lang='lat' dir='ltr'><strong>quicoucittuut</strong></span> <span class='ocrx_word' id='word_1_601' title='bbox 2357 4607 2370 4642; x_wconf 89' lang='lat'><strong>:</strong></span> <span class='ocrx_word' id='word_1_602' title='bbox 2401 4587 2722 4643; x_wconf 80' lang='lat' dir='ltr'><strong>Benedictus</strong></span> <span class='ocrx_word' id='word_1_603' title='bbox 2752 4603 2831 4654; x_wconf 88' lang='lat' dir='ltr'><strong>es,</strong></span> <span class='ocrx_word' id='word_1_604' title='bbox 2867 4586 3008 4642; x_wconf 83' lang='lat' dir='ltr'><strong>Deus</strong></span> <span class='ocrx_word' id='word_1_605' title='bbox 3033 4600 3244 4658; x_wconf 87' lang='lat' dir='ltr'><strong>patrum</strong></span> <span class='ocrx_word' id='word_1_606' title='bbox 3275 4599 3481 4644; x_wconf 66' lang='lat' dir='ltr'><strong>nostra-</strong></span> 
     </span>
    </p>
   </div>
   <div class='ocr_carea' id='block_1_99' title="bbox 1919 4698 2061 4740">
    <p class='ocr_par' dir='ltr' id='par_1_99' title="bbox 1919 4698 2061 4740">
     <span class='ocr_line' id='line_1_100' title="bbox 1919 4698 2061 4740; baseline 0.021 -3"><span class='ocrx_word' id='word_1_607' title='bbox 1919 4698 2061 4740; x_wconf 79' lang='lat' dir='ltr'><strong>l&#39;lllll.</strong></span> 
     </span>
    </p>
   </div>
   <div class='ocr_carea' id='block_1_100' title="bbox 1993 4774 3487 4845">
    <p class='ocr_par' dir='ltr' id='par_1_100' title="bbox 1993 4774 3487 4845">
     <span class='ocr_line' id='line_1_101' title="bbox 1993 4774 3487 4845; baseline -0.003 -15"><span class='ocrx_word' id='word_1_608' title='bbox 1993 4774 2223 4831; x_wconf 88' lang='lat' dir='ltr'><strong>Solvens</strong></span> <span class='ocrx_word' id='word_1_609' title='bbox 2254 4774 2378 4829; x_wconf 73' lang='lat' dir='ltr'><strong>Eva:</strong></span> <span class='ocrx_word' id='word_1_610' title='bbox 2408 4775 2866 4842; x_wconf 82' lang='lat' dir='ltr'><strong>maledictiouetn,</strong></span> <span class='ocrx_word' id='word_1_611' title='bbox 2897 4776 3168 4845; x_wconf 79' lang='lat' dir='ltr'><strong>genuisti,</strong></span> <span class='ocrx_word' id='word_1_612' title='bbox 3195 4791 3226 4826; x_wconf 84' lang='grc' dir='ltr'><strong>ο</strong></span> <span class='ocrx_word' id='word_1_613' title='bbox 3260 4775 3487 4829; x_wconf 73' lang='grc' dir='ltr'>ἱιινίοι.ι-</span> 
     </span>
    </p>
   </div>
   <div class='ocr_carea' id='block_1_101' title="bbox 1919 4867 3484 4937">
    <p class='ocr_par' dir='ltr' id='par_1_101' title="bbox 1919 4867 3484 4937">
     <span class='ocr_line' id='line_1_102' title="bbox 1919 4867 3484 4937; baseline -0.004 -13"><span class='ocrx_word' id='word_1_614' title='bbox 1919 4869 2152 4930; x_wconf 86' lang='lat' dir='ltr'><strong>tissima,</strong></span> <span class='ocrx_word' id='word_1_615' title='bbox 2199 4870 2446 4923; x_wconf 88' lang='lat' dir='ltr'><strong>omnium</strong></span> <span class='ocrx_word' id='word_1_616' title='bbox 2488 4867 2692 4931; x_wconf 83' lang='lat' dir='ltr'><strong>Deum;</strong></span> <span class='ocrx_word' id='word_1_617' title='bbox 2733 4883 2893 4937; x_wconf 80' lang='lat' dir='ltr'><strong>quem</strong></span> <span class='ocrx_word' id='word_1_618' title='bbox 2931 4869 3280 4924; x_wconf 77' lang='lat' dir='ltr'><strong>inetl‘nbiliter</strong></span> <span class='ocrx_word' id='word_1_619' title='bbox 3303 4884 3484 4922; x_wconf 65' lang='grc' dir='ltr'><strong>ουιιοι·Δ</strong></span> 
     </span>
    </p>
   </div>
   <div class='ocr_carea' id='block_1_102' title="bbox 1917 4958 3487 5030">
    <p class='ocr_par' dir='ltr' id='par_1_102' title="bbox 1917 4958 3487 5030">
     <span class='ocr_line' id='line_1_103' title="bbox 1917 4958 3487 5030; baseline -0.006 -15"><span class='ocrx_word' id='word_1_620' title='bbox 1917 4961 2064 5030; x_wconf 82' lang='lat' dir='ltr'><strong>pisti,</strong></span> <span class='ocrx_word' id='word_1_621' title='bbox 2101 4969 2265 5029; x_wconf 83' lang='lat' dir='ltr'><strong>atque</strong></span> <span class='ocrx_word' id='word_1_622' title='bbox 2294 4959 2789 5030; x_wconf 72' lang='lat' dir='ltr'><strong>illCXCOgllaDllllCl‘</strong></span> <span class='ocrx_word' id='word_1_623' title='bbox 2832 4958 3088 5028; x_wconf 70' lang='lat' dir='ltr'><strong>[tepetiin</strong></span> <span class='ocrx_word' id='word_1_624' title='bbox 3115 4959 3166 5011; x_wconf 87' lang='lat' dir='ltr'><strong>itt</strong></span> <span class='ocrx_word' id='word_1_625' title='bbox 3206 4958 3487 5010; x_wconf 87' lang='lat' dir='ltr'><strong>hominum</strong></span> 
     </span>
    </p>
   </div>
   <div class='ocr_carea' id='block_1_103' title="bbox 1918 5051 2173 5108">
    <p class='ocr_par' dir='ltr' id='par_1_103' title="bbox 1918 5051 2173 5108">
     <span class='ocr_line' id='line_1_104' title="bbox 1918 5051 2173 5108; baseline -0.008 0"><span class='ocrx_word' id='word_1_626' title='bbox 1918 5051 2173 5108; x_wconf 83' lang='lat' dir='ltr'><strong>salutem.</strong></span> 
     </span>
    </p>
   </div>
   <div class='ocr_carea' id='block_1_104' title="bbox 1987 5142 3491 5214">
    <p class='ocr_par' dir='ltr' id='par_1_104' title="bbox 1987 5142 3491 5214">
     <span class='ocr_line' id='line_1_105' title="bbox 1987 5142 3491 5214; baseline -0.005 -15"><span class='ocrx_word' id='word_1_627' title='bbox 1987 5146 2122 5199; x_wconf 89' lang='lat' dir='ltr'><strong>Cum</strong></span> <span class='ocrx_word' id='word_1_628' title='bbox 2153 5155 2226 5209; x_wconf 89' lang='lat' dir='ltr'><strong>te,</strong></span> <span class='ocrx_word' id='word_1_629' title='bbox 2265 5162 2298 5200; x_wconf 84' lang='grc' dir='ltr'><strong>ο</strong></span> <span class='ocrx_word' id='word_1_630' title='bbox 2329 5144 2528 5214; x_wconf 74' lang='lat' dir='ltr'><strong>puella,</strong></span> <span class='ocrx_word' id='word_1_631' title='bbox 2574 5158 2752 5197; x_wconf 89' lang='lat' dir='ltr'><strong>rosam</strong></span> <span class='ocrx_word' id='word_1_632' title='bbox 2785 5143 3010 5197; x_wconf 89' lang='lat' dir='ltr'><strong>electam</strong></span> <span class='ocrx_word' id='word_1_633' title='bbox 3063 5143 3115 5194; x_wconf 89' lang='lat' dir='ltr'><strong>itt</strong></span> <span class='ocrx_word' id='word_1_634' title='bbox 3150 5142 3491 5195; x_wconf 65' lang='lat' dir='ltr'><strong>COIIVﬂlllll05</strong></span> 
     </span>
    </p>
   </div>
   <div class='ocr_carea' id='block_1_105' title="bbox 1919 5234 3492 5304">
    <p class='ocr_par' dir='ltr' id='par_1_105' title="bbox 1919 5234 3492 5304">
     <span class='ocr_line' id='line_1_106' title="bbox 1919 5234 3492 5304; baseline -0.003 -13"><span class='ocrx_word' id='word_1_635' title='bbox 1919 5239 2042 5292; x_wconf 74' lang='lat' dir='ltr'><strong>vita:</strong></span> <span class='ocrx_word' id='word_1_636' title='bbox 2085 5237 2314 5292; x_wconf 86' lang='lat' dir='ltr'><strong>Verbum</strong></span> <span class='ocrx_word' id='word_1_637' title='bbox 2375 5235 2467 5291; x_wconf 88' lang='lat' dir='ltr'><strong>Dei</strong></span> <span class='ocrx_word' id='word_1_638' title='bbox 2523 5236 2864 5300; x_wconf 85' lang='lat' dir='ltr'><strong>invenisset,</strong></span> <span class='ocrx_word' id='word_1_639' title='bbox 2914 5234 3340 5304; x_wconf 87' lang='lat' dir='ltr'><strong>pulchritudinis</strong></span> <span class='ocrx_word' id='word_1_640' title='bbox 3388 5244 3492 5287; x_wconf 69' lang='lat' dir='ltr'><strong>tuze</strong></span> 
     </span>
    </p>
   </div>
   <div class='ocr_carea' id='block_1_106' title="bbox 1920 5325 3493 5398">
    <p class='ocr_par' dir='ltr' id='par_1_106' title="bbox 1920 5325 3493 5398">
     <span class='ocr_line' id='line_1_107' title="bbox 1920 5325 3493 5398; baseline -0.003 -12"><span class='ocrx_word' id='word_1_641' title='bbox 1920 5346 2105 5386; x_wconf 89' lang='lat' dir='ltr'><strong>amore</strong></span> <span class='ocrx_word' id='word_1_642' title='bbox 2145 5338 2361 5398; x_wconf 89' lang='lat' dir='ltr'><strong>captum</strong></span> <span class='ocrx_word' id='word_1_643' title='bbox 2406 5336 2514 5395; x_wconf 91' lang='lat' dir='ltr'><strong>est,</strong></span> <span class='ocrx_word' id='word_1_644' title='bbox 2560 5338 2614 5383; x_wconf 92' lang='lat' dir='ltr'><strong>et</strong></span> <span class='ocrx_word' id='word_1_645' title='bbox 2641 5329 2987 5382; x_wconf 83' lang='lat' dir='ltr'><strong>incarnatum</strong></span> <span class='ocrx_word' id='word_1_646' title='bbox 3011 5369 3026 5393; x_wconf 95' lang='lat'><strong>,</strong></span> <span class='ocrx_word' id='word_1_647' title='bbox 3058 5325 3228 5381; x_wconf 89' lang='lat' dir='ltr'><strong>odore</strong></span> <span class='ocrx_word' id='word_1_648' title='bbox 3267 5327 3493 5396; x_wconf 77' lang='lat' dir='ltr'><strong>replevit</strong></span> 
     </span>
    </p>
   </div>
   <div class='ocr_carea' id='block_1_107' title="bbox 1919 5423 2425 5477">
    <p class='ocr_par' dir='ltr' id='par_1_107' title="bbox 1919 5423 2425 5477">
     <span class='ocr_line' id='line_1_108' title="bbox 1919 5423 2425 5477; baseline -0.006 0"><span class='ocrx_word' id='word_1_649' title='bbox 1919 5423 2104 5477; x_wconf 90' lang='lat' dir='ltr'><strong>orbem</strong></span> <span class='ocrx_word' id='word_1_650' title='bbox 2134 5434 2425 5475; x_wconf 87' lang='lat' dir='ltr'><strong>terrarum.</strong></span> 
     </span>
    </p>
   </div>
   <div class='ocr_carea' id='block_1_108' title="bbox 1993 5509 3492 5582">
    <p class='ocr_par' dir='ltr' id='par_1_108' title="bbox 1993 5509 3492 5582">
     <span class='ocr_line' id='line_1_109' title="bbox 1993 5509 3492 5582; baseline 0 -14"><span class='ocrx_word' id='word_1_651' title='bbox 1993 5514 2131 5568; x_wconf 87' lang='lat' dir='ltr'><strong>Ecce</strong></span> <span class='ocrx_word' id='word_1_652' title='bbox 2159 5511 2342 5581; x_wconf 77' lang='lat' dir='ltr'><strong>Virgo,</strong></span> <span class='ocrx_word' id='word_1_653' title='bbox 2361 5509 2822 5582; x_wconf 83' lang='lat' dir='ltr'><strong>quemadmodum</strong></span> <span class='ocrx_word' id='word_1_654' title='bbox 2848 5509 2899 5562; x_wconf 90' lang='lat' dir='ltr'><strong>in</strong></span> <span class='ocrx_word' id='word_1_655' title='bbox 2924 5509 3116 5578; x_wconf 88' lang='lat' dir='ltr'><strong>spiritu</strong></span> <span class='ocrx_word' id='word_1_656' title='bbox 3141 5509 3279 5564; x_wconf 78' lang='lat' dir='ltr'><strong>dixit</strong></span> <span class='ocrx_word' id='word_1_657' title='bbox 3302 5512 3492 5577; x_wconf 81' lang='lat' dir='ltr'><strong>Isaias,</strong></span> 
     </span>
    </p>
   </div>
   <div class='ocr_carea' id='block_1_109' title="bbox 1922 5601 3492 5671">
    <p class='ocr_par' dir='ltr' id='par_1_109' title="bbox 1922 5601 3492 5671">
     <span class='ocr_line' id='line_1_110' title="bbox 1922 5601 3492 5671; baseline -0.005 -9"><span class='ocrx_word' id='word_1_658' title='bbox 1922 5609 1974 5662; x_wconf 88' lang='lat' dir='ltr'><strong>in</strong></span> <span class='ocrx_word' id='word_1_659' title='bbox 2009 5616 2159 5661; x_wconf 72' lang='lat' dir='ltr'><strong>utero</strong></span> <span class='ocrx_word' id='word_1_660' title='bbox 2191 5606 2381 5660; x_wconf 85' lang='lat' dir='ltr'><strong>habuit</strong></span> <span class='ocrx_word' id='word_1_661' title='bbox 2425 5605 2576 5657; x_wconf 89' lang='lat' dir='ltr'><strong>illum</strong></span> <span class='ocrx_word' id='word_1_662' title='bbox 2620 5603 2712 5671; x_wconf 87' lang='lat' dir='ltr'><strong>qui</strong></span> <span class='ocrx_word' id='word_1_663' title='bbox 2755 5615 2854 5656; x_wconf 81' lang='lat' dir='ltr'><strong>nos</strong></span> <span class='ocrx_word' id='word_1_664' title='bbox 2889 5601 2958 5654; x_wconf 85' lang='lat' dir='ltr'><strong>ab</strong></span> <span class='ocrx_word' id='word_1_665' title='bbox 3003 5601 3303 5657; x_wconf 79' lang='lat' dir='ltr'><strong>inferorum</strong></span> <span class='ocrx_word' id='word_1_666' title='bbox 3339 5615 3492 5660; x_wconf 86' lang='lat' dir='ltr'><strong>utern</strong></span> 
     </span>
    </p>
   </div>
   <div class='ocr_carea' id='block_1_110' title="bbox 1922 5691 3495 5767">
    <p class='ocr_par' dir='ltr' id='par_1_110' title="bbox 1922 5691 3495 5767">
     <span class='ocr_line' id='line_1_111' title="bbox 1922 5691 3495 5767; baseline -0.002 -12"><span class='ocrx_word' id='word_1_667' title='bbox 1922 5700 2173 5763; x_wconf 83' lang='lat' dir='ltr'><strong>redemit,</strong></span> <span class='ocrx_word' id='word_1_668' title='bbox 2205 5698 2456 5767; x_wconf 78' lang='lat' dir='ltr'><strong>religiose</strong></span> <span class='ocrx_word' id='word_1_669' title='bbox 2487 5705 2746 5750; x_wconf 82' lang='lat' dir='ltr'><strong>canentes</strong></span> <span class='ocrx_word' id='word_1_670' title='bbox 2775 5712 2788 5747; x_wconf 89' lang='lat'><strong>:</strong></span> <span class='ocrx_word' id='word_1_671' title='bbox 2823 5691 3064 5748; x_wconf 76' lang='lat' dir='ltr'><strong>Laudnte</strong></span> <span class='ocrx_word' id='word_1_672' title='bbox 3097 5695 3408 5760; x_wconf 88' lang='lat' dir='ltr'><strong>Dominum,</strong></span> <span class='ocrx_word' id='word_1_673' title='bbox 3439 5709 3495 5752; x_wconf 85' lang='lat' dir='ltr'><strong>et</strong></span> 
     </span>
    </p>
   </div>
   <div class='ocr_carea' id='block_1_111' title="bbox 1922 5792 2498 5862">
    <p class='ocr_par' dir='ltr' id='par_1_111' title="bbox 1922 5792 2498 5862">
     <span class='ocr_line' id='line_1_112' title="bbox 1922 5792 2498 5862; baseline -0.01 -14"><span class='ocrx_word' id='word_1_674' title='bbox 1922 5792 2322 5862; x_wconf 65' lang='lat' dir='ltr'><strong>super-exaltate</strong></span> <span class='ocrx_word' id='word_1_675' title='bbox 2345 5831 2359 5856; x_wconf 97' lang='lat'><strong>,</strong></span> <span class='ocrx_word' id='word_1_676' title='bbox 2393 5798 2498 5844; x_wconf 90' lang='lat' dir='ltr'><strong>ctc.</strong></span> 
     </span>
    </p>
   </div>
   <div class='ocr_carea' id='block_1_112' title="bbox 1995 5882 3490 5953">
    <p class='ocr_par' dir='ltr' id='par_1_112' title="bbox 1995 5882 3490 5953">
     <span class='ocr_line' id='line_1_113' title="bbox 1995 5882 3490 5953; baseline -0.005 -12"><span class='ocrx_word' id='word_1_677' title='bbox 1995 5887 2198 5943; x_wconf 66' lang='lat' dir='ltr'><strong>Fere-ns</strong></span> <span class='ocrx_word' id='word_1_678' title='bbox 2227 5903 2312 5942; x_wconf 85' lang='lat' dir='ltr'><strong>me</strong></span> <span class='ocrx_word' id='word_1_679' title='bbox 2345 5894 2515 5941; x_wconf 89' lang='lat' dir='ltr'><strong>totum</strong></span> <span class='ocrx_word' id='word_1_680' title='bbox 2551 5893 2808 5953; x_wconf 82' lang='lat' dir='ltr'><strong>tanquam</strong></span> <span class='ocrx_word' id='word_1_681' title='bbox 2836 5891 3038 5936; x_wconf 84' lang='lat' dir='ltr'><strong>vestem</strong></span> <span class='ocrx_word' id='word_1_682' title='bbox 3069 5897 3131 5935; x_wconf 81' lang='lat' dir='ltr'><strong>ex</strong></span> <span class='ocrx_word' id='word_1_683' title='bbox 3164 5882 3490 5936; x_wconf 52' lang='lat' dir='ltr'><strong>tuisdivinis</strong></span> 
     </span>
    </p>
   </div>
  </div>
