  <div class='ocr_page' id='page_1' title='image "/cluster/home/n/w/nwhite01/storage/ocr_20150623/105/nnc1.0046980105/627.png"; bbox 0 0 4166 6458; ppageno 0'>
   <div class='ocr_carea' id='block_1_1' title="bbox 695 363 829 427">
    <p class='ocr_par' dir='ltr' id='par_1_1' title="bbox 695 363 829 427">
     <span class='ocr_line' id='line_1_1' title="bbox 695 363 829 427; baseline 0.015 -2"><span class='ocrx_word' id='word_1_1' title='bbox 695 363 829 427; x_wconf 77' lang='lat'><strong>1239</strong></span> 
     </span>
    </p>
   </div>
   <div class='ocr_carea' id='block_1_2' title="bbox 1819 356 2836 422">
    <p class='ocr_par' dir='ltr' id='par_1_2' title="bbox 1819 356 2836 422">
     <span class='ocr_line' id='line_1_2' title="bbox 1819 356 2836 422; baseline -0.006 0"><span class='ocrx_word' id='word_1_2' title='bbox 1819 364 1879 422; x_wconf 89' lang='lat' dir='ltr'><strong>S.</strong></span> <span class='ocrx_word' id='word_1_3' title='bbox 1918 358 2229 421; x_wconf 81' lang='lat' dir='ltr'><strong>JOSEPHI</strong></span> <span class='ocrx_word' id='word_1_4' title='bbox 2268 359 2433 420; x_wconf 83' lang='lat' dir='ltr'><strong>HYM</strong></span> <span class='ocrx_word' id='word_1_5' title='bbox 2443 356 2590 418; x_wconf 86' lang='lat' dir='ltr'><strong>NOG</strong></span> <span class='ocrx_word' id='word_1_6' title='bbox 2600 357 2836 417; x_wconf 80' lang='lat' dir='ltr'><strong>RAPHI</strong></span> 
     </span>
    </p>
   </div>
   <div class='ocr_carea' id='block_1_3' title="bbox 3793 338 3941 403">
    <p class='ocr_par' dir='ltr' id='par_1_3' title="bbox 3793 338 3941 403">
     <span class='ocr_line' id='line_1_3' title="bbox 3793 338 3941 403; baseline -0.027 0"><span class='ocrx_word' id='word_1_7' title='bbox 3793 338 3941 403; x_wconf 69' lang='grc'><strong>1240</strong></span> 
     </span>
    </p>
   </div>
   <div class='ocr_carea' id='block_1_4' title="bbox 689 458 2263 548">
    <p class='ocr_par' dir='ltr' id='par_1_4' title="bbox 689 474 2260 548">
     <span class='ocr_line' id='line_1_4' title="bbox 689 474 2260 548; baseline -0.005 -13"><span class='ocrx_word' id='word_1_8' title='bbox 689 479 1045 548; x_wconf 75' lang='lat' dir='ltr'><strong>sanguinibus</strong></span> <span class='ocrx_word' id='word_1_9' title='bbox 1066 517 1081 541; x_wconf 88' lang='lat'><strong>,</strong></span> <span class='ocrx_word' id='word_1_10' title='bbox 1128 492 1160 532; x_wconf 92' lang='grc' dir='ltr'><strong>ο</strong></span> <span class='ocrx_word' id='word_1_11' title='bbox 1191 474 1667 532; x_wconf 87' lang='lat' dir='ltr'><strong>intemeratissima</strong></span> <span class='ocrx_word' id='word_1_12' title='bbox 1691 517 1705 542; x_wconf 92' lang='lat'><strong>,</strong></span> <span class='ocrx_word' id='word_1_13' title='bbox 1738 483 1993 546; x_wconf 98' lang='lat' dir='ltr'><strong>tanquam</strong></span> <span class='ocrx_word' id='word_1_14' title='bbox 2025 488 2260 545; x_wconf 91' lang='lat' dir='ltr'><strong>sponsus</strong></span> 
     </span>
    </p>
   </div>
   <div class='ocr_carea' id='block_1_5' title="bbox 2367 458 3933 548">
    <p class='ocr_par' dir='ltr' id='par_1_5' title="bbox 2367 458 3933 544">
     <span class='ocr_line' id='line_1_5' title="bbox 2367 458 3933 544; baseline -0.01 -20"><span class='ocrx_word' id='word_1_15' title='bbox 2367 475 2690 544; x_wconf 77' lang='grc' dir='ltr'>προέρχεται</span> <span class='ocrx_word' id='word_1_16' title='bbox 2716 470 2792 536; x_wconf 87' lang='grc' dir='ltr'>ὡς</span> <span class='ocrx_word' id='word_1_17' title='bbox 2832 468 3084 541; x_wconf 83' lang='grc' dir='ltr'>νυμφίος,</span> <span class='ocrx_word' id='word_1_18' title='bbox 3120 465 3521 537; x_wconf 66' lang='grc' dir='ltr'>Μναμὼμητε,</span> <span class='ocrx_word' id='word_1_19' title='bbox 3550 461 3579 514; x_wconf 80' lang='grc' dir='ltr'><strong>ό</strong></span> <span class='ocrx_word' id='word_1_20' title='bbox 3626 458 3933 526; x_wconf 70' lang='grc' dir='ltr'>Δεσπότης,</span> 
     </span>
    </p>
   </div>
   <div class='ocr_carea' id='block_1_6' title="bbox 696 567 2259 639">
    <p class='ocr_par' dir='ltr' id='par_1_6' title="bbox 696 567 2259 639">
     <span class='ocr_line' id='line_1_6' title="bbox 696 567 2259 639; baseline -0.004 -14"><span class='ocrx_word' id='word_1_21' title='bbox 696 573 960 625; x_wconf 79' lang='lat' dir='ltr'><strong>Dominus</strong></span> <span class='ocrx_word' id='word_1_22' title='bbox 1012 571 1313 639; x_wconf 88' lang='lat' dir='ltr'><strong>processit;</strong></span> <span class='ocrx_word' id='word_1_23' title='bbox 1349 577 1402 623; x_wconf 89' lang='lat' dir='ltr'><strong>et</strong></span> <span class='ocrx_word' id='word_1_24' title='bbox 1432 568 1572 623; x_wconf 89' lang='lat' dir='ltr'><strong>lacte</strong></span> <span class='ocrx_word' id='word_1_25' title='bbox 1604 577 1696 624; x_wconf 92' lang='lat' dir='ltr'><strong>tuo</strong></span> <span class='ocrx_word' id='word_1_26' title='bbox 1744 569 1980 623; x_wconf 91' lang='lat' dir='ltr'><strong>nutritus</strong></span> <span class='ocrx_word' id='word_1_27' title='bbox 2020 578 2139 632; x_wconf 92' lang='lat' dir='ltr'><strong>est,</strong></span> <span class='ocrx_word' id='word_1_28' title='bbox 2168 567 2259 636; x_wconf 88' lang='lat' dir='ltr'><strong>qui</strong></span> 
     </span>
    </p>
   </div>
   <div class='ocr_carea' id='block_1_7' title="bbox 689 660 2260 724">
    <p class='ocr_par' dir='ltr' id='par_1_7' title="bbox 689 660 2260 724">
     <span class='ocr_line' id='line_1_7' title="bbox 689 660 2260 724; baseline -0.003 -7"><span class='ocrx_word' id='word_1_29' title='bbox 689 665 919 717; x_wconf 79' lang='lat' dir='ltr'><strong>t-mtsilio</strong></span> <span class='ocrx_word' id='word_1_30' title='bbox 958 679 1057 717; x_wconf 88' lang='lat' dir='ltr'><strong>suo</strong></span> <span class='ocrx_word' id='word_1_31' title='bbox 1103 662 1273 717; x_wconf 89' lang='lat' dir='ltr'><strong>nutrit</strong></span> <span class='ocrx_word' id='word_1_32' title='bbox 1300 677 1490 716; x_wconf 90' lang='lat' dir='ltr'><strong>omnes</strong></span> <span class='ocrx_word' id='word_1_33' title='bbox 1535 672 1837 724; x_wconf 87' lang='lat' dir='ltr'><strong>creaturas,</strong></span> <span class='ocrx_word' id='word_1_34' title='bbox 1897 674 1930 713; x_wconf 90' lang='grc' dir='ltr'><strong>ο</strong></span> <span class='ocrx_word' id='word_1_35' title='bbox 1982 660 2260 715; x_wconf 91' lang='lat' dir='ltr'><strong>benedicta</strong></span> 
     </span>
    </p>
   </div>
   <div class='ocr_carea' id='block_1_8' title="bbox 689 751 1113 822">
    <p class='ocr_par' dir='ltr' id='par_1_8' title="bbox 689 751 1113 822">
     <span class='ocr_line' id='line_1_8' title="bbox 689 751 1113 822; baseline 0 -16"><span class='ocrx_word' id='word_1_36' title='bbox 689 770 905 819; x_wconf 73' lang='lat' dir='ltr'><strong>SPtllpt&#39;l’</strong></span> <span class='ocrx_word' id='word_1_37' title='bbox 930 751 1113 822; x_wconf 66' lang='lat' dir='ltr'><strong>Virgo.</strong></span> 
     </span>
    </p>
   </div>
   <div class='ocr_carea' id='block_1_9' title="bbox 763 842 2259 916">
    <p class='ocr_par' dir='ltr' id='par_1_9' title="bbox 763 842 2259 916">
     <span class='ocr_line' id='line_1_9' title="bbox 763 842 2259 916; baseline 0 -20"><span class='ocrx_word' id='word_1_38' title='bbox 763 848 803 896; x_wconf 85' lang='lat' dir='ltr'><strong>tl</strong></span> <span class='ocrx_word' id='word_1_39' title='bbox 834 847 1033 916; x_wconf 78' lang='lat' dir='ltr'><strong>put-lia,</strong></span> <span class='ocrx_word' id='word_1_40' title='bbox 1065 864 1183 915; x_wconf 68' lang='lat' dir='ltr'><strong>qua!</strong></span> <span class='ocrx_word' id='word_1_41' title='bbox 1209 846 1460 900; x_wconf 88' lang='lat' dir='ltr'><strong>manibus</strong></span> <span class='ocrx_word' id='word_1_42' title='bbox 1490 846 1597 901; x_wconf 90' lang='lat' dir='ltr'><strong>tuis</strong></span> <span class='ocrx_word' id='word_1_43' title='bbox 1621 845 1770 897; x_wconf 87' lang='lat' dir='ltr'><strong>illum</strong></span> <span class='ocrx_word' id='word_1_44' title='bbox 1796 843 1988 908; x_wconf 87' lang='lat' dir='ltr'><strong>tulisti,</strong></span> <span class='ocrx_word' id='word_1_45' title='bbox 2011 842 2101 911; x_wconf 86' lang='lat' dir='ltr'><strong>qui</strong></span> <span class='ocrx_word' id='word_1_46' title='bbox 2127 852 2259 896; x_wconf 89' lang='lat' dir='ltr'><strong>nutu</strong></span> 
     </span>
    </p>
   </div>
   <div class='ocr_carea' id='block_1_10' title="bbox 694 935 2262 1003">
    <p class='ocr_par' dir='ltr' id='par_1_10' title="bbox 694 935 2262 1003">
     <span class='ocr_line' id='line_1_10' title="bbox 694 935 2262 1003; baseline -0.002 -11"><span class='ocrx_word' id='word_1_47' title='bbox 694 940 795 993; x_wconf 76' lang='lat' dir='ltr'><strong>fert</strong></span> <span class='ocrx_word' id='word_1_48' title='bbox 827 941 1106 1003; x_wconf 83' lang='lat' dir='ltr'><strong>universa,</strong></span> <span class='ocrx_word' id='word_1_49' title='bbox 1141 939 1307 992; x_wconf 75' lang='lat' dir='ltr'><strong>Iiltera</strong></span> <span class='ocrx_word' id='word_1_50' title='bbox 1344 955 1429 994; x_wconf 91' lang='lat' dir='ltr'><strong>me</strong></span> <span class='ocrx_word' id='word_1_51' title='bbox 1463 954 1493 993; x_wconf 92' lang='lat' dir='ltr'><strong>a</strong></span> <span class='ocrx_word' id='word_1_52' title='bbox 1528 953 1689 991; x_wconf 85' lang='lat' dir='ltr'><strong>manu</strong></span> <span class='ocrx_word' id='word_1_53' title='bbox 1732 937 1895 991; x_wconf 88' lang='lat' dir='ltr'><strong>alieni</strong></span> <span class='ocrx_word' id='word_1_54' title='bbox 1932 935 2262 989; x_wconf 85' lang='lat' dir='ltr'><strong>mediatione</strong></span> 
     </span>
    </p>
   </div>
   <div class='ocr_carea' id='block_1_11' title="bbox 692 1027 2261 1095">
    <p class='ocr_par' dir='ltr' id='par_1_11' title="bbox 692 1027 2261 1095">
     <span class='ocr_line' id='line_1_11' title="bbox 692 1027 2261 1095; baseline -0.004 -9"><span class='ocrx_word' id='word_1_55' title='bbox 692 1044 804 1095; x_wconf 89' lang='lat' dir='ltr'><strong>tua,</strong></span> <span class='ocrx_word' id='word_1_56' title='bbox 829 1044 881 1085; x_wconf 70' lang='lat' dir='ltr'><strong>vl.</strong></span> <span class='ocrx_word' id='word_1_57' title='bbox 909 1032 1027 1085; x_wconf 86' lang='lat' dir='ltr'><strong>luce</strong></span> <span class='ocrx_word' id='word_1_58' title='bbox 1060 1041 1148 1085; x_wconf 86' lang='lat' dir='ltr'><strong>tua</strong></span> <span class='ocrx_word' id='word_1_59' title='bbox 1174 1031 1416 1085; x_wconf 89' lang='lat' dir='ltr'><strong>illumina</strong></span> <span class='ocrx_word' id='word_1_60' title='bbox 1451 1039 1685 1084; x_wconf 90' lang='lat' dir='ltr'><strong>mentem</strong></span> <span class='ocrx_word' id='word_1_61' title='bbox 1712 1044 1885 1083; x_wconf 87' lang='lat' dir='ltr'><strong>meam</strong></span> <span class='ocrx_word' id='word_1_62' title='bbox 1913 1068 1928 1093; x_wconf 89' lang='lat'><strong>,</strong></span> <span class='ocrx_word' id='word_1_63' title='bbox 1951 1036 2004 1082; x_wconf 93' lang='lat' dir='ltr'><strong>et</strong></span> <span class='ocrx_word' id='word_1_64' title='bbox 2025 1027 2261 1081; x_wconf 87' lang='lat' dir='ltr'><strong>alienum</strong></span> 
     </span>
    </p>
   </div>
   <div class='ocr_carea' id='block_1_12' title="bbox 693 1122 2260 1194">
    <p class='ocr_par' dir='ltr' id='par_1_12' title="bbox 693 1122 2260 1194">
     <span class='ocr_line' id='line_1_12' title="bbox 693 1122 2260 1194; baseline -0.004 -16"><span class='ocrx_word' id='word_1_65' title='bbox 693 1129 777 1180; x_wconf 83' lang='lat' dir='ltr'><strong>fac</strong></span> <span class='ocrx_word' id='word_1_66' title='bbox 796 1142 878 1178; x_wconf 89' lang='lat' dir='ltr'><strong>me</strong></span> <span class='ocrx_word' id='word_1_67' title='bbox 899 1141 927 1178; x_wconf 94' lang='lat' dir='ltr'><strong>a</strong></span> <span class='ocrx_word' id='word_1_68' title='bbox 955 1125 1297 1194; x_wconf 80' lang='lat' dir='ltr'><strong>passionibus</strong></span> <span class='ocrx_word' id='word_1_69' title='bbox 1315 1138 1433 1193; x_wconf 80' lang='lat' dir='ltr'><strong>qua:</strong></span> <span class='ocrx_word' id='word_1_70' title='bbox 1453 1122 1798 1193; x_wconf 89' lang='lat' dir='ltr'><strong>impudenter</strong></span> <span class='ocrx_word' id='word_1_71' title='bbox 1818 1130 2133 1192; x_wconf 81' lang='lat' dir='ltr'><strong>Oppugnant</strong></span> <span class='ocrx_word' id='word_1_72' title='bbox 2153 1133 2260 1174; x_wconf 81' lang='lat' dir='ltr'><strong>me.</strong></span> 
     </span>
    </p>
   </div>
   <div class='ocr_carea' id='block_1_13' title="bbox 693 1323 2261 1397">
    <p class='ocr_par' dir='ltr' id='par_1_13' title="bbox 693 1323 2261 1397">
     <span class='ocr_line' id='line_1_13' title="bbox 693 1323 2261 1397; baseline -0.004 -15"><span class='ocrx_word' id='word_1_73' title='bbox 693 1327 856 1397; x_wconf 78' lang='grc'><strong>218</strong></span> <span class='ocrx_word' id='word_1_74' title='bbox 880 1326 964 1380; x_wconf 77' lang='lat' dir='ltr'><strong>Ea:</strong></span> <span class='ocrx_word' id='word_1_75' title='bbox 988 1327 1199 1380; x_wconf 76' lang='lat' dir='ltr'><strong>Conone</strong></span> <span class='ocrx_word' id='word_1_76' title='bbox 1228 1343 1279 1379; x_wconf 78' lang='grc' dir='ltr'><strong>ιη</strong></span> <span class='ocrx_word' id='word_1_77' title='bbox 1309 1327 1440 1397; x_wconf 72' lang='lat' dir='ltr'><strong>[esto</strong></span> <span class='ocrx_word' id='word_1_78' title='bbox 1465 1326 1563 1380; x_wconf 90' lang='lat' dir='ltr'><strong>SS.</strong></span> <span class='ocrx_word' id='word_1_79' title='bbox 1598 1325 1960 1395; x_wconf 79' lang='lat' dir='ltr'><strong>apostolorum</strong></span> <span class='ocrx_word' id='word_1_80' title='bbox 2001 1323 2261 1393; x_wconf 68' lang='lat' dir='ltr'><strong>Olympar,</strong></span> 
     </span>
    </p>
   </div>
   <div class='ocr_carea' id='block_1_14' title="bbox 954 1396 1996 1467">
    <p class='ocr_par' dir='ltr' id='par_1_14' title="bbox 954 1396 1996 1467">
     <span class='ocr_line' id='line_1_14' title="bbox 954 1396 1996 1467; baseline -0.006 -15"><span class='ocrx_word' id='word_1_81' title='bbox 954 1399 1237 1452; x_wconf 77' lang='lat' dir='ltr'><strong>Rhodionis</strong></span> <span class='ocrx_word' id='word_1_82' title='bbox 1260 1438 1274 1462; x_wconf 94' lang='lat'><strong>,</strong></span> <span class='ocrx_word' id='word_1_83' title='bbox 1309 1396 1577 1467; x_wconf 80' lang='lat' dir='ltr'><strong>Sosipatri</strong></span> <span class='ocrx_word' id='word_1_84' title='bbox 1597 1437 1611 1461; x_wconf 92' lang='lat'><strong>,</strong></span> <span class='ocrx_word' id='word_1_85' title='bbox 1639 1407 1765 1465; x_wconf 84' lang='lat' dir='ltr'><strong>etc.,</strong></span> <span class='ocrx_word' id='word_1_86' title='bbox 1795 1397 1879 1449; x_wconf 81' lang='lat' dir='ltr'><strong>die</strong></span> <span class='ocrx_word' id='word_1_87' title='bbox 1912 1396 1996 1449; x_wconf 80' lang='lat' dir='ltr'><strong>l0.</strong></span> 
     </span>
    </p>
   </div>
   <div class='ocr_carea' id='block_1_15' title="bbox 767 1572 2260 1646">
    <p class='ocr_par' dir='ltr' id='par_1_15' title="bbox 767 1572 2260 1646">
     <span class='ocr_line' id='line_1_15' title="bbox 767 1572 2260 1646; baseline -0.005 -14"><span class='ocrx_word' id='word_1_88' title='bbox 767 1578 950 1632; x_wconf 69' lang='lat' dir='ltr'><strong>Genus</strong></span> <span class='ocrx_word' id='word_1_89' title='bbox 973 1579 1269 1632; x_wconf 85' lang='lat' dir='ltr'><strong>humanum</strong></span> <span class='ocrx_word' id='word_1_90' title='bbox 1302 1588 1454 1646; x_wconf 91' lang='lat' dir='ltr'><strong>partu</strong></span> <span class='ocrx_word' id='word_1_91' title='bbox 1490 1586 1583 1633; x_wconf 90' lang='lat' dir='ltr'><strong>tuo</strong></span> <span class='ocrx_word' id='word_1_92' title='bbox 1610 1573 1914 1633; x_wconf 77' lang='lat' dir='ltr'><strong>reiormasti</strong></span> <span class='ocrx_word' id='word_1_93' title='bbox 1938 1615 1952 1637; x_wconf 94' lang='lat'><strong>,</strong></span> <span class='ocrx_word' id='word_1_94' title='bbox 1984 1589 2016 1627; x_wconf 92' lang='grc' dir='ltr'><strong>ο</strong></span> <span class='ocrx_word' id='word_1_95' title='bbox 2049 1572 2213 1642; x_wconf 78' lang='lat' dir='ltr'><strong>Virgo</strong></span> <span class='ocrx_word' id='word_1_96' title='bbox 2245 1588 2260 1624; x_wconf 91' lang='lat'><strong>:</strong></span> 
     </span>
    </p>
   </div>
   <div class='ocr_carea' id='block_1_16' title="bbox 692 1668 2260 1743">
    <p class='ocr_par' dir='ltr' id='par_1_16' title="bbox 692 1668 2260 1743">
     <span class='ocr_line' id='line_1_16' title="bbox 692 1668 2260 1743; baseline -0.006 -16"><span class='ocrx_word' id='word_1_97' title='bbox 692 1674 930 1727; x_wconf 80' lang='lat' dir='ltr'><strong>Verbum</strong></span> <span class='ocrx_word' id='word_1_98' title='bbox 995 1690 1228 1743; x_wconf 79' lang='lat' dir='ltr'><strong>namque</strong></span> <span class='ocrx_word' id='word_1_99' title='bbox 1290 1673 1467 1728; x_wconf 83' lang='lat' dir='ltr'><strong>Patris</strong></span> <span class='ocrx_word' id='word_1_100' title='bbox 1521 1670 1799 1741; x_wconf 72' lang='lat' dir='ltr'><strong>genuisti,‘</strong></span> <span class='ocrx_word' id='word_1_101' title='bbox 1837 1668 1981 1739; x_wconf 91' lang='lat' dir='ltr'><strong>quod</strong></span> <span class='ocrx_word' id='word_1_102' title='bbox 2043 1680 2260 1721; x_wconf 78' lang='lat' dir='ltr'><strong>carnem</strong></span> 
     </span>
    </p>
   </div>
   <div class='ocr_carea' id='block_1_17' title="bbox 696 1756 2261 1835">
    <p class='ocr_par' dir='ltr' id='par_1_17' title="bbox 696 1756 2261 1835">
     <span class='ocr_line' id='line_1_17' title="bbox 696 1756 2261 1835; baseline -0.001 -22"><span class='ocrx_word' id='word_1_103' title='bbox 696 1765 982 1818; x_wconf 77' lang='lat' dir='ltr'><strong>mortalem</strong></span> <span class='ocrx_word' id='word_1_104' title='bbox 1038 1764 1302 1835; x_wconf 76' lang='lat' dir='ltr'><strong>gestavit,</strong></span> <span class='ocrx_word' id='word_1_105' title='bbox 1358 1773 1412 1818; x_wconf 91' lang='lat' dir='ltr'><strong>et</strong></span> <span class='ocrx_word' id='word_1_106' title='bbox 1475 1764 1588 1817; x_wconf 83' lang='lat' dir='ltr'><strong>vias</strong></span> <span class='ocrx_word' id='word_1_107' title='bbox 1630 1759 2059 1816; x_wconf 80' lang='lat' dir='ltr'><strong>immortalitatis</strong></span> <span class='ocrx_word' id='word_1_108' title='bbox 2104 1756 2261 1811; x_wconf 89' lang='lat' dir='ltr'><strong>nobis</strong></span> 
     </span>
    </p>
   </div>
   <div class='ocr_carea' id='block_1_18' title="bbox 692 1855 949 1907">
    <p class='ocr_par' dir='ltr' id='par_1_18' title="bbox 692 1855 949 1907">
     <span class='ocr_line' id='line_1_18' title="bbox 692 1855 949 1907; baseline 0.004 -1"><span class='ocrx_word' id='word_1_109' title='bbox 692 1855 949 1907; x_wconf 76' lang='lat' dir='ltr'><strong>ostendit.</strong></span> 
     </span>
    </p>
   </div>
   <div class='ocr_carea' id='block_1_19' title="bbox 767 1937 2261 2014">
    <p class='ocr_par' dir='ltr' id='par_1_19' title="bbox 767 1937 2261 2014">
     <span class='ocr_line' id='line_1_19' title="bbox 767 1937 2261 2014; baseline -0.005 -16"><span class='ocrx_word' id='word_1_110' title='bbox 767 1943 1115 2014; x_wconf 72' lang='lat' dir='ltr'><strong>Unigt-nitum</strong></span> <span class='ocrx_word' id='word_1_111' title='bbox 1154 1944 1328 1998; x_wconf 83' lang='lat' dir='ltr'><strong>Patris</strong></span> <span class='ocrx_word' id='word_1_112' title='bbox 1368 1942 1589 2007; x_wconf 84' lang='lat' dir='ltr'><strong>Filium,</strong></span> <span class='ocrx_word' id='word_1_113' title='bbox 1620 1941 1711 2012; x_wconf 88' lang='lat' dir='ltr'><strong>qui</strong></span> <span class='ocrx_word' id='word_1_114' title='bbox 1746 1940 1897 2011; x_wconf 85' lang='lat' dir='ltr'><strong>prius</strong></span> <span class='ocrx_word' id='word_1_115' title='bbox 1924 1938 2102 1993; x_wconf 81' lang='lat' dir='ltr'><strong>fuerat</strong></span> <span class='ocrx_word' id='word_1_116' title='bbox 2143 1937 2261 1993; x_wconf 85' lang='lat' dir='ltr'><strong>sine</strong></span> 
     </span>
    </p>
   </div>
   <div class='ocr_carea' id='block_1_20' title="bbox 692 2038 2257 2106">
    <p class='ocr_par' dir='ltr' id='par_1_20' title="bbox 692 2038 2257 2106">
     <span class='ocr_line' id='line_1_20' title="bbox 692 2038 2257 2106; baseline -0.003 -18"><span class='ocrx_word' id='word_1_117' title='bbox 692 2047 899 2099; x_wconf 83' lang='lat' dir='ltr'><strong>matre,</strong></span> <span class='ocrx_word' id='word_1_118' title='bbox 933 2054 1077 2090; x_wconf 86' lang='lat' dir='ltr'><strong>nune</strong></span> <span class='ocrx_word' id='word_1_119' title='bbox 1114 2054 1176 2091; x_wconf 79' lang='lat' dir='ltr'><strong>ex</strong></span> <span class='ocrx_word' id='word_1_120' title='bbox 1214 2047 1263 2090; x_wconf 89' lang='lat' dir='ltr'><strong>te</strong></span> <span class='ocrx_word' id='word_1_121' title='bbox 1297 2038 1416 2091; x_wconf 87' lang='lat' dir='ltr'><strong>sine</strong></span> <span class='ocrx_word' id='word_1_122' title='bbox 1465 2047 1619 2106; x_wconf 85' lang='lat' dir='ltr'><strong>patre</strong></span> <span class='ocrx_word' id='word_1_123' title='bbox 1661 2042 1848 2089; x_wconf 86' lang='lat' dir='ltr'><strong>natum</strong></span> <span class='ocrx_word' id='word_1_124' title='bbox 1881 2040 2257 2104; x_wconf 83' lang='lat' dir='ltr'><strong>agnoscentes,</strong></span> 
     </span>
    </p>
   </div>
   <div class='ocr_carea' id='block_1_21' title="bbox 692 2124 2260 2195">
    <p class='ocr_par' dir='ltr' id='par_1_21' title="bbox 692 2124 2260 2195">
     <span class='ocr_line' id='line_1_21' title="bbox 692 2124 2260 2195; baseline -0.002 -17"><span class='ocrx_word' id='word_1_125' title='bbox 692 2126 783 2180; x_wconf 81' lang='lat' dir='ltr'><strong>Dei</strong></span> <span class='ocrx_word' id='word_1_126' title='bbox 823 2138 1047 2182; x_wconf 81' lang='lat' dir='ltr'><strong>matrem</strong></span> <span class='ocrx_word' id='word_1_127' title='bbox 1085 2138 1133 2182; x_wconf 90' lang='lat' dir='ltr'><strong>te</strong></span> <span class='ocrx_word' id='word_1_128' title='bbox 1166 2128 1512 2191; x_wconf 81' lang='lat' dir='ltr'><strong>conﬁtemur,</strong></span> <span class='ocrx_word' id='word_1_129' title='bbox 1559 2142 1681 2195; x_wconf 81' lang='lat' dir='ltr'><strong>quae</strong></span> <span class='ocrx_word' id='word_1_130' title='bbox 1722 2127 1839 2179; x_wconf 86' lang='lat' dir='ltr'><strong>sine</strong></span> <span class='ocrx_word' id='word_1_131' title='bbox 1876 2124 2062 2178; x_wconf 90' lang='lat' dir='ltr'><strong>dolore</strong></span> <span class='ocrx_word' id='word_1_132' title='bbox 2100 2137 2260 2193; x_wconf 76' lang='lat' dir='ltr'><strong>pepe-</strong></span> 
     </span>
    </p>
   </div>
   <div class='ocr_carea' id='block_1_22' title="bbox 694 2214 2259 2290">
    <p class='ocr_par' dir='ltr' id='par_1_22' title="bbox 694 2214 2259 2290">
     <span class='ocr_line' id='line_1_22' title="bbox 694 2214 2259 2290; baseline -0.002 -19"><span class='ocrx_word' id='word_1_133' title='bbox 694 2219 835 2285; x_wconf 86' lang='lat' dir='ltr'><strong>risti,</strong></span> <span class='ocrx_word' id='word_1_134' title='bbox 874 2230 930 2273; x_wconf 91' lang='lat' dir='ltr'><strong>ct</strong></span> <span class='ocrx_word' id='word_1_135' title='bbox 974 2222 1124 2286; x_wconf 69' lang='lat' dir='ltr'><strong>virgo</strong></span> <span class='ocrx_word' id='word_1_136' title='bbox 1156 2219 1502 2290; x_wconf 56' lang='lat' dir='ltr'><strong>permansisti</strong></span> <span class='ocrx_word' id='word_1_137' title='bbox 1532 2219 1739 2273; x_wconf 89' lang='lat' dir='ltr'><strong>ratione</strong></span> <span class='ocrx_word' id='word_1_138' title='bbox 1771 2215 2026 2271; x_wconf 77' lang='lat' dir='ltr'><strong>inetfabili</strong></span> <span class='ocrx_word' id='word_1_139' title='bbox 2053 2256 2067 2279; x_wconf 93' lang='lat'><strong>,</strong></span> <span class='ocrx_word' id='word_1_140' title='bbox 2100 2230 2133 2271; x_wconf 90' lang='lat'><strong>0</strong></span> <span class='ocrx_word' id='word_1_141' title='bbox 2164 2214 2259 2268; x_wconf 91' lang='lat' dir='ltr'><strong>Dei</strong></span> 
     </span>
    </p>
   </div>
   <div class='ocr_carea' id='block_1_23' title="bbox 691 2312 1104 2382">
    <p class='ocr_par' dir='ltr' id='par_1_23' title="bbox 691 2312 1104 2382">
     <span class='ocr_line' id='line_1_23' title="bbox 691 2312 1104 2382; baseline -0.005 -15"><span class='ocrx_word' id='word_1_142' title='bbox 691 2328 891 2382; x_wconf 87' lang='lat' dir='ltr'><strong>sponsa</strong></span> <span class='ocrx_word' id='word_1_143' title='bbox 917 2312 1104 2367; x_wconf 84' lang='lat' dir='ltr'><strong>Maria.</strong></span> 
     </span>
    </p>
   </div>
   <div class='ocr_carea' id='block_1_24' title="bbox 765 2402 2262 2475">
    <p class='ocr_par' dir='ltr' id='par_1_24' title="bbox 765 2402 2262 2475">
     <span class='ocr_line' id='line_1_24' title="bbox 765 2402 2262 2475; baseline -0.002 -17"><span class='ocrx_word' id='word_1_144' title='bbox 765 2405 1022 2460; x_wconf 82' lang='lat' dir='ltr'><strong>Miracula</strong></span> <span class='ocrx_word' id='word_1_145' title='bbox 1056 2405 1332 2475; x_wconf 77' lang='lat' dir='ltr'><strong>superavit</strong></span> <span class='ocrx_word' id='word_1_146' title='bbox 1366 2405 1620 2459; x_wconf 82' lang='lat' dir='ltr'><strong>universa</strong></span> <span class='ocrx_word' id='word_1_147' title='bbox 1656 2404 1975 2458; x_wconf 86' lang='lat' dir='ltr'><strong>miraculum</strong></span> <span class='ocrx_word' id='word_1_148' title='bbox 2005 2402 2136 2456; x_wconf 89' lang='lat' dir='ltr'><strong>illud</strong></span> <span class='ocrx_word' id='word_1_149' title='bbox 2164 2416 2262 2456; x_wconf 94' lang='lat' dir='ltr'><strong>no-</strong></span> 
     </span>
    </p>
   </div>
   <div class='ocr_carea' id='block_1_25' title="bbox 690 2492 2259 2567">
    <p class='ocr_par' dir='ltr' id='par_1_25' title="bbox 690 2492 2259 2567">
     <span class='ocr_line' id='line_1_25' title="bbox 690 2492 2259 2567; baseline -0.001 -18"><span class='ocrx_word' id='word_1_150' title='bbox 690 2513 840 2564; x_wconf 91' lang='lat' dir='ltr'><strong>vum,</strong></span> <span class='ocrx_word' id='word_1_151' title='bbox 886 2498 1027 2567; x_wconf 81' lang='lat' dir='ltr'><strong>quod</strong></span> <span class='ocrx_word' id='word_1_152' title='bbox 1065 2499 1120 2551; x_wconf 89' lang='lat' dir='ltr'><strong>in</strong></span> <span class='ocrx_word' id='word_1_153' title='bbox 1156 2508 1228 2561; x_wconf 89' lang='lat' dir='ltr'><strong>te,</strong></span> <span class='ocrx_word' id='word_1_154' title='bbox 1276 2514 1309 2552; x_wconf 93' lang='lat' dir='ltr'><strong>o</strong></span> <span class='ocrx_word' id='word_1_155' title='bbox 1357 2497 1674 2567; x_wconf 89' lang='lat' dir='ltr'><strong>purissima,</strong></span> <span class='ocrx_word' id='word_1_156' title='bbox 1717 2495 2004 2549; x_wconf 83' lang='lat' dir='ltr'><strong>manifeste</strong></span> <span class='ocrx_word' id='word_1_157' title='bbox 2058 2492 2259 2549; x_wconf 79' lang='lat' dir='ltr'><strong>factum</strong></span> 
     </span>
    </p>
   </div>
   <div class='ocr_carea' id='block_1_26' title="bbox 688 2584 2257 2656">
    <p class='ocr_par' dir='ltr' id='par_1_26' title="bbox 688 2584 2257 2656">
     <span class='ocr_line' id='line_1_26' title="bbox 688 2584 2257 2656; baseline -0.003 -15"><span class='ocrx_word' id='word_1_158' title='bbox 688 2597 805 2641; x_wconf 89' lang='lat' dir='ltr'><strong>est:</strong></span> <span class='ocrx_word' id='word_1_159' title='bbox 831 2586 996 2641; x_wconf 90' lang='lat' dir='ltr'><strong>Deum</strong></span> <span class='ocrx_word' id='word_1_160' title='bbox 1019 2588 1162 2641; x_wconf 92' lang='lat' dir='ltr'><strong>enim</strong></span> <span class='ocrx_word' id='word_1_161' title='bbox 1187 2587 1540 2656; x_wconf 90' lang='lat' dir='ltr'><strong>corporaliter</strong></span> <span class='ocrx_word' id='word_1_162' title='bbox 1562 2585 1841 2656; x_wconf 88' lang='lat' dir='ltr'><strong>peperisti,</strong></span> <span class='ocrx_word' id='word_1_163' title='bbox 1862 2600 1894 2639; x_wconf 96' lang='lat' dir='ltr'><strong>o</strong></span> <span class='ocrx_word' id='word_1_164' title='bbox 1920 2584 2011 2639; x_wconf 93' lang='lat' dir='ltr'><strong>Dei</strong></span> <span class='ocrx_word' id='word_1_165' title='bbox 2035 2599 2257 2653; x_wconf 90' lang='lat' dir='ltr'><strong>sponsa,</strong></span> 
     </span>
    </p>
   </div>
   <div class='ocr_carea' id='block_1_27' title="bbox 693 2678 2262 2747">
    <p class='ocr_par' dir='ltr' id='par_1_27' title="bbox 693 2678 2262 2747">
     <span class='ocr_line' id='line_1_27' title="bbox 693 2678 2262 2747; baseline -0.003 -14"><span class='ocrx_word' id='word_1_166' title='bbox 693 2679 1007 2735; x_wconf 82' lang='lat' dir='ltr'><strong>hominibus</strong></span> <span class='ocrx_word' id='word_1_167' title='bbox 1055 2679 1480 2735; x_wconf 84' lang='lat' dir='ltr'><strong>misericorditer</strong></span> <span class='ocrx_word' id='word_1_168' title='bbox 1536 2680 1748 2734; x_wconf 90' lang='lat' dir='ltr'><strong>unitum</strong></span> <span class='ocrx_word' id='word_1_169' title='bbox 1807 2678 2009 2733; x_wconf 87' lang='lat' dir='ltr'><strong>unione</strong></span> <span class='ocrx_word' id='word_1_170' title='bbox 2059 2681 2262 2747; x_wconf 88' lang='lat' dir='ltr'><strong>imper-</strong></span> 
     </span>
    </p>
   </div>
   <div class='ocr_carea' id='block_1_28' title="bbox 689 2774 871 2829">
    <p class='ocr_par' dir='ltr' id='par_1_28' title="bbox 689 2774 871 2829">
     <span class='ocr_line' id='line_1_28' title="bbox 689 2774 871 2829; baseline 0.016 -3"><span class='ocrx_word' id='word_1_171' title='bbox 689 2774 871 2829; x_wconf 78' lang='lat' dir='ltr'><strong>tnista.</strong></span> 
     </span>
    </p>
   </div>
   <div class='ocr_carea' id='block_1_29' title="bbox 761 2862 2259 2938">
    <p class='ocr_par' dir='ltr' id='par_1_29' title="bbox 761 2862 2259 2938">
     <span class='ocr_line' id='line_1_29' title="bbox 761 2862 2259 2938; baseline -0.002 -21"><span class='ocrx_word' id='word_1_172' title='bbox 761 2866 1073 2937; x_wconf 80' lang='lat' dir='ltr'><strong>Concepisti</strong></span> <span class='ocrx_word' id='word_1_173' title='bbox 1103 2884 1195 2938; x_wconf 88' lang='lat' dir='ltr'><strong>per</strong></span> <span class='ocrx_word' id='word_1_174' title='bbox 1224 2868 1448 2923; x_wconf 89' lang='lat' dir='ltr'><strong>verbum</strong></span> <span class='ocrx_word' id='word_1_175' title='bbox 1492 2866 1772 2930; x_wconf 77' lang='lat' dir='ltr'><strong>Verbum,</strong></span> <span class='ocrx_word' id='word_1_176' title='bbox 1819 2879 1852 2920; x_wconf 90' lang='grc' dir='ltr'><strong>ο</strong></span> <span class='ocrx_word' id='word_1_177' title='bbox 1898 2862 2259 2918; x_wconf 88' lang='lat' dir='ltr'><strong>illibatissima</strong></span> 
     </span>
    </p>
   </div>
   <div class='ocr_carea' id='block_1_30' title="bbox 696 2958 2259 3031">
    <p class='ocr_par' dir='ltr' id='par_1_30' title="bbox 696 2958 2259 3031">
     <span class='ocr_line' id='line_1_30' title="bbox 696 2958 2259 3031; baseline -0.005 -16"><span class='ocrx_word' id='word_1_178' title='bbox 696 2960 942 3031; x_wconf 88' lang='lat' dir='ltr'><strong>Deipara,</strong></span> <span class='ocrx_word' id='word_1_179' title='bbox 976 2978 1040 3016; x_wconf 91' lang='lat' dir='ltr'><strong>ac</strong></span> <span class='ocrx_word' id='word_1_180' title='bbox 1080 2977 1243 3030; x_wconf 82' lang='lat' dir='ltr'><strong>supra</strong></span> <span class='ocrx_word' id='word_1_181' title='bbox 1284 2962 1541 3026; x_wconf 84' lang='lat' dir='ltr'><strong>verbum,</strong></span> <span class='ocrx_word' id='word_1_182' title='bbox 1568 2959 1772 3015; x_wconf 80' lang='lat' dir='ltr'><strong>factum</strong></span> <span class='ocrx_word' id='word_1_183' title='bbox 1822 2958 2123 3017; x_wconf 82' lang='lat' dir='ltr'><strong>hominem,</strong></span> <span class='ocrx_word' id='word_1_184' title='bbox 2163 2969 2259 3023; x_wconf 50' lang='lat' dir='ltr'><strong>pc.</strong></span> 
     </span>
    </p>
   </div>
   <div class='ocr_carea' id='block_1_31' title="bbox 690 3047 2258 3124">
    <p class='ocr_par' dir='ltr' id='par_1_31' title="bbox 690 3047 2258 3124">
     <span class='ocr_line' id='line_1_31' title="bbox 690 3047 2258 3124; baseline -0.004 -17"><span class='ocrx_word' id='word_1_185' title='bbox 690 3054 902 3124; x_wconf 83' lang='lat' dir='ltr'><strong>peristi,</strong></span> <span class='ocrx_word' id='word_1_186' title='bbox 940 3049 1223 3123; x_wconf 85' lang='lat' dir='ltr'><strong>propterea</strong></span> <span class='ocrx_word' id='word_1_187' title='bbox 1261 3063 1310 3108; x_wconf 89' lang='lat' dir='ltr'><strong>te</strong></span> <span class='ocrx_word' id='word_1_188' title='bbox 1341 3053 1521 3109; x_wconf 80' lang='lat' dir='ltr'><strong>verbis</strong></span> <span class='ocrx_word' id='word_1_189' title='bbox 1555 3052 1821 3107; x_wconf 88' lang='lat' dir='ltr'><strong>divinitus</strong></span> <span class='ocrx_word' id='word_1_190' title='bbox 1850 3047 2128 3120; x_wconf 89' lang='lat' dir='ltr'><strong>inspiratis</strong></span> <span class='ocrx_word' id='word_1_191' title='bbox 2169 3061 2258 3101; x_wconf 87' lang='lat' dir='ltr'><strong>as-</strong></span> 
     </span>
    </p>
   </div>
   <div class='ocr_carea' id='block_1_32' title="bbox 691 3146 1269 3202">
    <p class='ocr_par' dir='ltr' id='par_1_32' title="bbox 691 3146 1269 3202">
     <span class='ocr_line' id='line_1_32' title="bbox 691 3146 1269 3202; baseline 0.002 -1"><span class='ocrx_word' id='word_1_192' title='bbox 691 3146 847 3201; x_wconf 85' lang='lat' dir='ltr'><strong>sidue</strong></span> <span class='ocrx_word' id='word_1_193' title='bbox 876 3146 1269 3202; x_wconf 81' lang='lat' dir='ltr'><strong>beatiﬁcamns.</strong></span> 
     </span>
    </p>
   </div>
   <div class='ocr_carea' id='block_1_33' title="bbox 763 3204 2332 3307">
    <p class='ocr_par' dir='ltr' id='par_1_33' title="bbox 763 3204 2332 3307">
     <span class='ocr_line' id='line_1_33' title="bbox 763 3204 2332 3307; baseline -0.002 -18"><span class='ocrx_word' id='word_1_194' title='bbox 763 3235 1044 3307; x_wconf 87' lang='lat' dir='ltr'><strong>Tanquam</strong></span> <span class='ocrx_word' id='word_1_195' title='bbox 1095 3238 1240 3292; x_wconf 86' lang='lat' dir='ltr'><strong>aliud</strong></span> <span class='ocrx_word' id='word_1_196' title='bbox 1293 3238 1491 3292; x_wconf 66' lang='lat' dir='ltr'><strong>malum</strong></span> <span class='ocrx_word' id='word_1_197' title='bbox 1551 3235 1719 3306; x_wconf 87' lang='lat' dir='ltr'><strong>priori</strong></span> <span class='ocrx_word' id='word_1_198' title='bbox 1778 3235 1915 3290; x_wconf 72' lang='lat' dir='ltr'><strong>ctelo</strong></span> <span class='ocrx_word' id='word_1_199' title='bbox 1969 3204 2332 3288; x_wconf 82' lang='lat' dir='ltr'><strong>sublimiusC</strong></span> 
     </span>
    </p>
   </div>
   <div class='ocr_carea' id='block_1_34' title="bbox 690 3325 2259 3401">
    <p class='ocr_par' dir='ltr' id='par_1_34' title="bbox 690 3325 2259 3401">
     <span class='ocr_line' id='line_1_34' title="bbox 690 3325 2259 3401; baseline -0.004 -17"><span class='ocrx_word' id='word_1_200' title='bbox 690 3329 917 3397; x_wconf 77' lang='lat' dir='ltr'><strong>factum,</strong></span> <span class='ocrx_word' id='word_1_201' title='bbox 946 3340 1015 3396; x_wconf 75' lang='lat' dir='ltr'><strong>te,</strong></span> <span class='ocrx_word' id='word_1_202' title='bbox 1041 3330 1291 3388; x_wconf 90' lang='lat' dir='ltr'><strong>Domina.</strong></span> <span class='ocrx_word' id='word_1_203' title='bbox 1311 3331 1679 3401; x_wconf 76' lang='lat' dir='ltr'><strong>gloriﬁcamus</strong></span> <span class='ocrx_word' id='word_1_204' title='bbox 1700 3346 1715 3394; x_wconf 90' lang='lat'><strong>;</strong></span> <span class='ocrx_word' id='word_1_205' title='bbox 1734 3328 1878 3397; x_wconf 90' lang='lat' dir='ltr'><strong>quod</strong></span> <span class='ocrx_word' id='word_1_206' title='bbox 1900 3328 2053 3381; x_wconf 85' lang='lat' dir='ltr'><strong>nobis</strong></span> <span class='ocrx_word' id='word_1_207' title='bbox 2079 3325 2259 3379; x_wconf 88' lang='lat' dir='ltr'><strong>Solem</strong></span> 
     </span>
    </p>
   </div>
   <div class='ocr_carea' id='block_1_35' title="bbox 689 3419 2263 3494">
    <p class='ocr_par' dir='ltr' id='par_1_35' title="bbox 689 3419 2263 3494">
     <span class='ocr_line' id='line_1_35' title="bbox 689 3419 2263 3494; baseline 0 -21"><span class='ocrx_word' id='word_1_208' title='bbox 689 3424 913 3493; x_wconf 59' lang='lat' dir='ltr'><strong>justitite</strong></span> <span class='ocrx_word' id='word_1_209' title='bbox 953 3425 1196 3494; x_wconf 68' lang='lat' dir='ltr'><strong>protulit,</strong></span> <span class='ocrx_word' id='word_1_210' title='bbox 1231 3437 1284 3477; x_wconf 90' lang='lat' dir='ltr'><strong>et</strong></span> <span class='ocrx_word' id='word_1_211' title='bbox 1329 3422 1626 3493; x_wconf 83' lang='lat' dir='ltr'><strong>proiundas</strong></span> <span class='ocrx_word' id='word_1_212' title='bbox 1662 3420 1983 3491; x_wconf 65' lang='lat' dir='ltr'><strong>ignorantia:</strong></span> <span class='ocrx_word' id='word_1_213' title='bbox 2013 3419 2263 3473; x_wconf 88' lang='lat' dir='ltr'><strong>tenebras</strong></span> 
     </span>
    </p>
   </div>
   <div class='ocr_carea' id='block_1_36' title="bbox 691 3516 1014 3569">
    <p class='ocr_par' dir='ltr' id='par_1_36' title="bbox 691 3516 1014 3569">
     <span class='ocr_line' id='line_1_36' title="bbox 691 3516 1014 3569; baseline 0.003 -1"><span class='ocrx_word' id='word_1_214' title='bbox 691 3516 1014 3569; x_wconf 69' lang='lat' dir='ltr'><strong>elitninaxit.</strong></span> 
     </span>
    </p>
   </div>
   <div class='ocr_carea' id='block_1_37' title="bbox 772 3602 2263 3669">
    <p class='ocr_par' dir='ltr' id='par_1_37' title="bbox 772 3602 2263 3669">
     <span class='ocr_line' id='line_1_37' title="bbox 772 3602 2263 3669; baseline -0.003 -8"><span class='ocrx_word' id='word_1_215' title='bbox 772 3604 1012 3661; x_wconf 82' lang='lat' dir='ltr'><strong>Verbum</strong></span> <span class='ocrx_word' id='word_1_216' title='bbox 1044 3606 1221 3662; x_wconf 86' lang='lat' dir='ltr'><strong>Patris</strong></span> <span class='ocrx_word' id='word_1_217' title='bbox 1276 3616 1605 3662; x_wconf 66' lang='lat' dir='ltr'><strong>comternum</strong></span> <span class='ocrx_word' id='word_1_218' title='bbox 1629 3645 1643 3669; x_wconf 95' lang='lat'><strong>,</strong></span> <span class='ocrx_word' id='word_1_219' title='bbox 1673 3604 1985 3659; x_wconf 88' lang='lat' dir='ltr'><strong>hominibus</strong></span> <span class='ocrx_word' id='word_1_220' title='bbox 2029 3602 2263 3659; x_wconf 77' lang='lat' dir='ltr'><strong>manife—</strong></span> 
     </span>
    </p>
   </div>
   <div class='ocr_carea' id='block_1_38' title="bbox 691 3695 2262 3769">
    <p class='ocr_par' dir='ltr' id='par_1_38' title="bbox 691 3695 2262 3769">
     <span class='ocr_line' id='line_1_38' title="bbox 691 3695 2262 3769; baseline -0.001 -18"><span class='ocrx_word' id='word_1_221' title='bbox 691 3708 916 3762; x_wconf 85' lang='lat' dir='ltr'><strong>statum,</strong></span> <span class='ocrx_word' id='word_1_222' title='bbox 950 3700 1276 3767; x_wconf 84' lang='lat' dir='ltr'><strong>corporasti,</strong></span> <span class='ocrx_word' id='word_1_223' title='bbox 1309 3716 1342 3753; x_wconf 89' lang='grc' dir='ltr'><strong>ο</strong></span> <span class='ocrx_word' id='word_1_224' title='bbox 1371 3699 1566 3769; x_wconf 83' lang='lat' dir='ltr'><strong>puella,</strong></span> <span class='ocrx_word' id='word_1_225' title='bbox 1609 3708 1663 3753; x_wconf 92' lang='lat' dir='ltr'><strong>et</strong></span> <span class='ocrx_word' id='word_1_226' title='bbox 1705 3699 1757 3752; x_wconf 91' lang='lat' dir='ltr'><strong>in</strong></span> <span class='ocrx_word' id='word_1_227' title='bbox 1805 3712 1967 3751; x_wconf 88' lang='lat' dir='ltr'><strong>carne</strong></span> <span class='ocrx_word' id='word_1_228' title='bbox 2007 3695 2262 3765; x_wconf 86' lang='lat' dir='ltr'><strong>peperisti</strong></span> 
     </span>
    </p>
   </div>
   <div class='ocr_carea' id='block_1_39' title="bbox 694 3786 2265 3861">
    <p class='ocr_par' dir='ltr' id='par_1_39' title="bbox 694 3786 2265 3861">
     <span class='ocr_line' id='line_1_39' title="bbox 694 3786 2265 3861; baseline -0.002 -18"><span class='ocrx_word' id='word_1_229' title='bbox 694 3790 970 3844; x_wconf 84' lang='lat' dir='ltr'><strong>hominem</strong></span> <span class='ocrx_word' id='word_1_230' title='bbox 1006 3792 1204 3845; x_wconf 76' lang='lat' dir='ltr'><strong>factum</strong></span> <span class='ocrx_word' id='word_1_231' title='bbox 1238 3802 1459 3861; x_wconf 90' lang='lat' dir='ltr'><strong>propter</strong></span> <span class='ocrx_word' id='word_1_232' title='bbox 1491 3790 1728 3845; x_wconf 86' lang='lat' dir='ltr'><strong>hominis</strong></span> <span class='ocrx_word' id='word_1_233' title='bbox 1758 3789 2013 3845; x_wconf 89' lang='lat' dir='ltr'><strong>salutem.</strong></span> <span class='ocrx_word' id='word_1_234' title='bbox 2052 3786 2265 3841; x_wconf 85' lang='lat' dir='ltr'><strong>Lauda-</strong></span> 
     </span>
    </p>
   </div>
   <div class='ocr_carea' id='block_1_40' title="bbox 690 3882 1795 3954">
    <p class='ocr_par' dir='ltr' id='par_1_40' title="bbox 690 3882 1795 3954">
     <span class='ocr_line' id='line_1_40' title="bbox 690 3882 1795 3954; baseline 0.001 -19"><span class='ocrx_word' id='word_1_235' title='bbox 690 3882 817 3935; x_wconf 86' lang='lat' dir='ltr'><strong>bilis</strong></span> <span class='ocrx_word' id='word_1_236' title='bbox 841 3892 893 3937; x_wconf 83' lang='lat' dir='ltr'><strong>et</strong></span> <span class='ocrx_word' id='word_1_237' title='bbox 918 3883 1358 3953; x_wconf 79' lang='lat' dir='ltr'><strong>supergloriosus</strong></span> <span class='ocrx_word' id='word_1_238' title='bbox 1383 3882 1532 3938; x_wconf 89' lang='lat' dir='ltr'><strong>Deus</strong></span> <span class='ocrx_word' id='word_1_239' title='bbox 1556 3892 1795 3954; x_wconf 89' lang='lat' dir='ltr'><strong>patrum.</strong></span> 
     </span>
    </p>
   </div>
   <div class='ocr_carea' id='block_1_41' title="bbox 768 3973 2267 4045">
    <p class='ocr_par' dir='ltr' id='par_1_41' title="bbox 768 3973 2267 4045">
     <span class='ocr_line' id='line_1_41' title="bbox 768 3973 2267 4045; baseline -0.002 -15"><span class='ocrx_word' id='word_1_240' title='bbox 768 3974 912 4030; x_wconf 89' lang='lat' dir='ltr'><strong>Urna</strong></span> <span class='ocrx_word' id='word_1_241' title='bbox 935 3991 1057 4045; x_wconf 69' lang='lat' dir='ltr'><strong>qua:</strong></span> <span class='ocrx_word' id='word_1_242' title='bbox 1085 3977 1214 4030; x_wconf 88' lang='lat' dir='ltr'><strong>olim</strong></span> <span class='ocrx_word' id='word_1_243' title='bbox 1252 3993 1451 4031; x_wconf 89' lang='lat' dir='ltr'><strong>manna</strong></span> <span class='ocrx_word' id='word_1_244' title='bbox 1494 3976 1719 4039; x_wconf 79' lang='lat' dir='ltr'><strong>ferebat,</strong></span> <span class='ocrx_word' id='word_1_245' title='bbox 1753 3984 1826 4039; x_wconf 89' lang='lat' dir='ltr'><strong>te,</strong></span> <span class='ocrx_word' id='word_1_246' title='bbox 1863 3991 1896 4029; x_wconf 93' lang='grc' dir='ltr'><strong>ο</strong></span> <span class='ocrx_word' id='word_1_247' title='bbox 1931 3985 2098 4039; x_wconf 91' lang='lat' dir='ltr'><strong>casta,</strong></span> <span class='ocrx_word' id='word_1_248' title='bbox 2138 3973 2267 4043; x_wconf 84' lang='lat' dir='ltr'><strong>ligu-</strong></span> 
     </span>
    </p>
   </div>
   <div class='ocr_carea' id='block_1_42' title="bbox 693 4068 2264 4136">
    <p class='ocr_par' dir='ltr' id='par_1_42' title="bbox 693 4068 2264 4136">
     <span class='ocr_line' id='line_1_42' title="bbox 693 4068 2264 4136; baseline 0 -17"><span class='ocrx_word' id='word_1_249' title='bbox 693 4068 848 4122; x_wconf 82' lang='lat' dir='ltr'><strong>rabat</strong></span> <span class='ocrx_word' id='word_1_250' title='bbox 882 4086 895 4120; x_wconf 89' lang='lat'><strong>:</strong></span> <span class='ocrx_word' id='word_1_251' title='bbox 927 4068 1204 4123; x_wconf 75' lang='lat' dir='ltr'><strong>Cill&#39;lSlﬂlll</strong></span> <span class='ocrx_word' id='word_1_252' title='bbox 1246 4072 1411 4134; x_wconf 91' lang='lat' dir='ltr'><strong>enim,</strong></span> <span class='ocrx_word' id='word_1_253' title='bbox 1439 4069 1782 4125; x_wconf 89' lang='lat' dir='ltr'><strong>dulcedinem</strong></span> <span class='ocrx_word' id='word_1_254' title='bbox 1826 4077 2092 4134; x_wconf 87' lang='lat' dir='ltr'><strong>nostram,</strong></span> <span class='ocrx_word' id='word_1_255' title='bbox 2136 4083 2264 4136; x_wconf 85' lang='lat' dir='ltr'><strong>por-</strong></span> 
     </span>
    </p>
   </div>
   <div class='ocr_carea' id='block_1_43' title="bbox 695 4158 2267 4231">
    <p class='ocr_par' dir='ltr' id='par_1_43' title="bbox 695 4158 2267 4231">
     <span class='ocr_line' id='line_1_43' title="bbox 695 4158 2267 4231; baseline 0.001 -20"><span class='ocrx_word' id='word_1_256' title='bbox 695 4161 843 4222; x_wconf 84' lang='lat' dir='ltr'><strong>tasti,</strong></span> <span class='ocrx_word' id='word_1_257' title='bbox 875 4174 908 4213; x_wconf 90' lang='grc' dir='ltr'><strong>ο</strong></span> <span class='ocrx_word' id='word_1_258' title='bbox 939 4161 1266 4226; x_wconf 89' lang='lat' dir='ltr'><strong>veneranda,</strong></span> <span class='ocrx_word' id='word_1_259' title='bbox 1300 4171 1355 4215; x_wconf 94' lang='lat' dir='ltr'><strong>et</strong></span> <span class='ocrx_word' id='word_1_260' title='bbox 1392 4162 1445 4215; x_wconf 92' lang='lat' dir='ltr'><strong>in</strong></span> <span class='ocrx_word' id='word_1_261' title='bbox 1472 4176 1640 4216; x_wconf 89' lang='lat' dir='ltr'><strong>carne</strong></span> <span class='ocrx_word' id='word_1_262' title='bbox 1678 4161 1959 4231; x_wconf 86' lang='lat' dir='ltr'><strong>peperisti,</strong></span> <span class='ocrx_word' id='word_1_263' title='bbox 1990 4160 2080 4229; x_wconf 91' lang='lat' dir='ltr'><strong>qui</strong></span> <span class='ocrx_word' id='word_1_264' title='bbox 2105 4158 2267 4227; x_wconf 92' lang='lat' dir='ltr'><strong>eripit</strong></span> 
     </span>
    </p>
   </div>
   <div class='ocr_carea' id='block_1_44' title="bbox 692 4252 2265 4323">
    <p class='ocr_par' dir='ltr' id='par_1_44' title="bbox 692 4252 2265 4323">
     <span class='ocr_line' id='line_1_44' title="bbox 692 4252 2265 4323; baseline 0.001 -18"><span class='ocrx_word' id='word_1_265' title='bbox 692 4252 763 4306; x_wconf 88' lang='lat' dir='ltr'><strong>ab</strong></span> <span class='ocrx_word' id='word_1_266' title='bbox 789 4252 937 4305; x_wconf 91' lang='lat' dir='ltr'><strong>omni</strong></span> <span class='ocrx_word' id='word_1_267' title='bbox 963 4254 1324 4309; x_wconf 88' lang='lat' dir='ltr'><strong>amaritudine</strong></span> <span class='ocrx_word' id='word_1_268' title='bbox 1349 4254 1774 4310; x_wconf 65' lang='lat' dir='ltr'><strong>foedissimorum</strong></span> <span class='ocrx_word' id='word_1_269' title='bbox 1803 4263 2142 4323; x_wconf 87' lang='lat' dir='ltr'><strong>peccatorum</strong></span> <span class='ocrx_word' id='word_1_270' title='bbox 2170 4265 2265 4306; x_wconf 87' lang='lat' dir='ltr'><strong>eos</strong></span> 
     </span>
    </p>
   </div>
   <div class='ocr_carea' id='block_1_45' title="bbox 693 4344 1778 4418">
    <p class='ocr_par' dir='ltr' id='par_1_45' title="bbox 693 4344 1778 4418">
     <span class='ocr_line' id='line_1_45' title="bbox 693 4344 1778 4418; baseline 0 -19"><span class='ocrx_word' id='word_1_271' title='bbox 693 4344 786 4414; x_wconf 88' lang='lat' dir='ltr'><strong>qui</strong></span> <span class='ocrx_word' id='word_1_272' title='bbox 817 4347 1226 4415; x_wconf 78' lang='lat' dir='ltr'><strong>superexaltant</strong></span> <span class='ocrx_word' id='word_1_273' title='bbox 1256 4348 1431 4418; x_wconf 87' lang='lat' dir='ltr'><strong>ipsum</strong></span> <span class='ocrx_word' id='word_1_274' title='bbox 1471 4347 1525 4401; x_wconf 92' lang='lat' dir='ltr'><strong>in</strong></span> <span class='ocrx_word' id='word_1_275' title='bbox 1560 4347 1778 4403; x_wconf 65' lang='lat' dir='ltr'><strong>saecula.</strong></span> 
     </span>
    </p>
   </div>
   <div class='ocr_carea' id='block_1_46' title="bbox 767 4436 2266 4511">
    <p class='ocr_par' dir='ltr' id='par_1_46' title="bbox 767 4436 2266 4511">
     <span class='ocr_line' id='line_1_46' title="bbox 767 4436 2266 4511; baseline -0.003 -17"><span class='ocrx_word' id='word_1_276' title='bbox 767 4439 954 4506; x_wconf 84' lang='lat' dir='ltr'><strong>Parce,</strong></span> <span class='ocrx_word' id='word_1_277' title='bbox 989 4440 1249 4505; x_wconf 89' lang='lat' dir='ltr'><strong>Domine,</strong></span> <span class='ocrx_word' id='word_1_278' title='bbox 1298 4441 1496 4511; x_wconf 91' lang='lat' dir='ltr'><strong>populo</strong></span> <span class='ocrx_word' id='word_1_279' title='bbox 1522 4451 1651 4506; x_wconf 91' lang='lat' dir='ltr'><strong>tuo,</strong></span> <span class='ocrx_word' id='word_1_280' title='bbox 1712 4454 1741 4493; x_wconf 89' lang='lat' dir='ltr'><strong>a</strong></span> <span class='ocrx_word' id='word_1_281' title='bbox 1774 4438 2139 4492; x_wconf 88' lang='lat' dir='ltr'><strong>Barbarorum</strong></span> <span class='ocrx_word' id='word_1_282' title='bbox 2183 4436 2266 4489; x_wconf 85' lang='lat' dir='ltr'><strong>itt-</strong></span> 
     </span>
    </p>
   </div>
   <div class='ocr_carea' id='block_1_47' title="bbox 2364 548 3938 633">
    <p class='ocr_par' dir='ltr' id='par_1_47' title="bbox 2364 548 3938 633">
     <span class='ocr_line' id='line_1_47' title="bbox 2364 548 3938 633; baseline -0.011 -17"><span class='ocrx_word' id='word_1_283' title='bbox 2364 566 2459 616; x_wconf 74' lang='grc' dir='ltr'><strong>καὶ</strong></span> <span class='ocrx_word' id='word_1_284' title='bbox 2495 564 2727 631; x_wconf 83' lang='grc' dir='ltr'>γάλακτι</span> <span class='ocrx_word' id='word_1_285' title='bbox 2750 562 3070 633; x_wconf 83' lang='grc' dir='ltr'>ὲκτρέφεται</span> <span class='ocrx_word' id='word_1_286' title='bbox 3097 559 3315 613; x_wconf 74' lang='grc' dir='ltr'>ἅπασαν</span> <span class='ocrx_word' id='word_1_287' title='bbox 3371 555 3469 625; x_wconf 86' lang='grc' dir='ltr'>τὴν</span> <span class='ocrx_word' id='word_1_288' title='bbox 3514 553 3692 606; x_wconf 83' lang='grc' dir='ltr'>κτίσιν</span> <span class='ocrx_word' id='word_1_289' title='bbox 3719 548 3938 620; x_wconf 83' lang='grc' dir='ltr'>διατρέ-</span> 
     </span>
    </p>
   </div>
   <div class='ocr_carea' id='block_1_48' title="bbox 2366 647 3617 727">
    <p class='ocr_par' dir='ltr' id='par_1_48' title="bbox 2366 647 3617 727">
     <span class='ocr_line' id='line_1_48' title="bbox 2366 647 3617 727; baseline -0.007 -16"><span class='ocrx_word' id='word_1_290' title='bbox 2366 676 2479 727; x_wconf 74' lang='grc' dir='ltr'>φων</span> <span class='ocrx_word' id='word_1_291' title='bbox 2511 655 2830 727; x_wconf 79' lang='grc' dir='ltr'><strong>βουλήματι,</strong></span> <span class='ocrx_word' id='word_1_292' title='bbox 2858 652 3198 724; x_wconf 79' lang='grc' dir='ltr'><strong>εὐλογημένη</strong></span> <span class='ocrx_word' id='word_1_293' title='bbox 3239 647 3617 718; x_wconf 56' lang='grc' dir='ltr'>’Δειπάροενελ</span> 
     </span>
    </p>
   </div>
   <div class='ocr_carea' id='block_1_49' title="bbox 2439 821 3940 906">
    <p class='ocr_par' dir='ltr' id='par_1_49' title="bbox 2439 821 3940 906">
     <span class='ocr_line' id='line_1_49' title="bbox 2439 821 3940 906; baseline -0.011 -17"><span class='ocrx_word' id='word_1_294' title='bbox 2439 835 2708 906; x_wconf 78' lang='grc' dir='ltr'>Φέρουσα,</span> <span class='ocrx_word' id='word_1_295' title='bbox 2737 833 2915 905; x_wconf 82' lang='grc' dir='ltr'>Κόρη,</span> <span class='ocrx_word' id='word_1_296' title='bbox 2950 833 3070 895; x_wconf 86' lang='grc' dir='ltr'>ταῖς</span> <span class='ocrx_word' id='word_1_297' title='bbox 3097 829 3255 901; x_wconf 77' lang='grc' dir='ltr'>χερσὶ</span> <span class='ocrx_word' id='word_1_298' title='bbox 3300 828 3389 881; x_wconf 76' lang='grc' dir='ltr'><strong>τὸν</strong></span> <span class='ocrx_word' id='word_1_299' title='bbox 3421 826 3489 879; x_wconf 75' lang='grc' dir='ltr'>τὰ</span> <span class='ocrx_word' id='word_1_300' title='bbox 3529 824 3824 893; x_wconf 84' lang='grc' dir='ltr'>σύμπαντα</span> <span class='ocrx_word' id='word_1_301' title='bbox 3859 821 3940 892; x_wconf 75' lang='grc' dir='ltr'>τῷ</span> 
     </span>
    </p>
   </div>
   <div class='ocr_carea' id='block_1_50' title="bbox 2367 916 3939 1000">
    <p class='ocr_par' dir='ltr' id='par_1_50' title="bbox 2367 916 3939 1000">
     <span class='ocr_line' id='line_1_50' title="bbox 2367 916 3939 1000; baseline -0.01 -18"><span class='ocrx_word' id='word_1_302' title='bbox 2367 929 2592 1000; x_wconf 81' lang='grc' dir='ltr'><strong>νεύματι</strong></span> <span class='ocrx_word' id='word_1_303' title='bbox 2620 928 2873 997; x_wconf 78' lang='grc' dir='ltr'>φέροντα,</span> <span class='ocrx_word' id='word_1_304' title='bbox 2904 924 3087 996; x_wconf 88' lang='grc' dir='ltr'>χειρός</span> <span class='ocrx_word' id='word_1_305' title='bbox 3127 940 3191 993; x_wconf 88' lang='grc' dir='ltr'><strong>με</strong></span> <span class='ocrx_word' id='word_1_306' title='bbox 3219 920 3496 989; x_wconf 86' lang='grc' dir='ltr'>λύτρωσαι</span> <span class='ocrx_word' id='word_1_307' title='bbox 3522 916 3614 970; x_wconf 80' lang='grc' dir='ltr'><strong>τού</strong></span> <span class='ocrx_word' id='word_1_308' title='bbox 3647 916 3939 985; x_wconf 81' lang='grc' dir='ltr'>ἀλλοτρίου</span> 
     </span>
    </p>
   </div>
   <div class='ocr_carea' id='block_1_51' title="bbox 2364 1008 3938 1094">
    <p class='ocr_par' dir='ltr' id='par_1_51' title="bbox 2364 1008 3938 1094">
     <span class='ocr_line' id='line_1_51' title="bbox 2364 1008 3938 1094; baseline -0.013 -18"><span class='ocrx_word' id='word_1_309' title='bbox 2364 1025 2428 1094; x_wconf 84' lang='grc' dir='ltr'>τῇ</span> <span class='ocrx_word' id='word_1_310' title='bbox 2470 1022 2712 1094; x_wconf 74' lang='grc' dir='ltr'>μεσιτεία</span> <span class='ocrx_word' id='word_1_311' title='bbox 2738 1036 2852 1083; x_wconf 92' lang='grc' dir='ltr'>σου,</span> <span class='ocrx_word' id='word_1_312' title='bbox 2886 1018 2981 1073; x_wconf 74' lang='grc' dir='ltr'>καὶ</span> <span class='ocrx_word' id='word_1_313' title='bbox 3001 1016 3082 1087; x_wconf 81' lang='grc' dir='ltr'><strong>τῷ</strong></span> <span class='ocrx_word' id='word_1_314' title='bbox 3108 1014 3246 1084; x_wconf 83' lang='grc' dir='ltr'>φωτί</span> <span class='ocrx_word' id='word_1_315' title='bbox 3267 1030 3360 1066; x_wconf 84' lang='grc' dir='ltr'><strong>σου</strong></span> <span class='ocrx_word' id='word_1_316' title='bbox 3389 1011 3486 1081; x_wconf 74' lang='grc' dir='ltr'>τὴν</span> <span class='ocrx_word' id='word_1_317' title='bbox 3521 1008 3659 1080; x_wconf 77' lang='grc' dir='ltr'>ἐμὴν</span> <span class='ocrx_word' id='word_1_318' title='bbox 3693 1008 3938 1061; x_wconf 75' lang='grc' dir='ltr'>διάνοιαν</span> 
     </span>
    </p>
   </div>
   <div class='ocr_carea' id='block_1_52' title="bbox 2367 1099 3939 1185">
    <p class='ocr_par' dir='ltr' id='par_1_52' title="bbox 2367 1099 3939 1185">
     <span class='ocr_line' id='line_1_52' title="bbox 2367 1099 3939 1185; baseline -0.011 -17"><span class='ocrx_word' id='word_1_319' title='bbox 2367 1118 2618 1185; x_wconf 70' lang='grc' dir='ltr'>φώτισου,</span> <span class='ocrx_word' id='word_1_320' title='bbox 2655 1112 2750 1167; x_wconf 73' lang='grc' dir='ltr'><strong>καὶ</strong></span> <span class='ocrx_word' id='word_1_321' title='bbox 2779 1110 3138 1181; x_wconf 80' lang='grc' dir='ltr'>ἁλλοτρίωσον</span> <span class='ocrx_word' id='word_1_322' title='bbox 3167 1108 3276 1161; x_wconf 89' lang='grc' dir='ltr'><strong>τῶν</strong></span> <span class='ocrx_word' id='word_1_323' title='bbox 3317 1104 3505 1159; x_wconf 72' lang='grc' dir='ltr'>παθῶν</span> <span class='ocrx_word' id='word_1_324' title='bbox 3548 1103 3654 1156; x_wconf 87' lang='grc' dir='ltr'><strong>τῶν</strong></span> <span class='ocrx_word' id='word_1_325' title='bbox 3699 1099 3939 1162; x_wconf 83' lang='grc' dir='ltr'>ἀναιδῶς</span> 
     </span>
    </p>
   </div>
   <div class='ocr_carea' id='block_1_53' title="bbox 2366 1210 2868 1279">
    <p class='ocr_par' dir='ltr' id='par_1_53' title="bbox 2366 1210 2868 1279">
     <span class='ocr_line' id='line_1_53' title="bbox 2366 1210 2868 1279; baseline -0.01 -16"><span class='ocrx_word' id='word_1_326' title='bbox 2366 1210 2746 1279; x_wconf 81' lang='grc' dir='ltr'>πολεμούντων</span> <span class='ocrx_word' id='word_1_327' title='bbox 2778 1222 2868 1277; x_wconf 86' lang='grc' dir='ltr'><strong>με,</strong></span> 
     </span>
    </p>
   </div>
   <div class='ocr_carea' id='block_1_54' title="bbox 2377 1307 3941 1381">
    <p class='ocr_par' dir='ltr' id='par_1_54' title="bbox 2377 1307 3941 1381">
     <span class='ocr_line' id='line_1_54' title="bbox 2377 1307 3941 1381; baseline -0.011 -8"><span class='ocrx_word' id='word_1_328' title='bbox 2377 1318 2479 1373; x_wconf 83' lang='grc' dir='ltr'>Ἐκ</span> <span class='ocrx_word' id='word_1_329' title='bbox 2531 1316 2638 1370; x_wconf 84' lang='grc' dir='ltr'>τοῦ</span> <span class='ocrx_word' id='word_1_330' title='bbox 2676 1318 2944 1379; x_wconf 80' lang='grc' dir='ltr'>Κανόνος</span> <span class='ocrx_word' id='word_1_331' title='bbox 2984 1316 3071 1381; x_wconf 82' lang='grc' dir='ltr'><strong>είς</strong></span> <span class='ocrx_word' id='word_1_332' title='bbox 3114 1312 3257 1377; x_wconf 83' lang='grc' dir='ltr'>τοὺς</span> <span class='ocrx_word' id='word_1_333' title='bbox 3299 1311 3507 1379; x_wconf 77' lang='grc' dir='ltr'><strong>ἁγίους</strong></span> <span class='ocrx_word' id='word_1_334' title='bbox 3553 1307 3941 1381; x_wconf 49' lang='grc' dir='ltr'>ἀποστόλους</span> 
     </span>
    </p>
   </div>
   <div class='ocr_carea' id='block_1_55' title="bbox 2446 1375 3941 1457">
    <p class='ocr_par' dir='ltr' id='par_1_55' title="bbox 2446 1375 3941 1457">
     <span class='ocr_line' id='line_1_55' title="bbox 2446 1375 3941 1457; baseline -0.009 -16"><span class='ocrx_word' id='word_1_335' title='bbox 2446 1385 2746 1457; x_wconf 70' lang='grc' dir='ltr'>Ὀλυμπᾶν</span> <span class='ocrx_word' id='word_1_336' title='bbox 2760 1430 2774 1454; x_wconf 90' lang='grc'><strong>,</strong></span> <span class='ocrx_word' id='word_1_337' title='bbox 2791 1375 3093 1450; x_wconf 65' lang='grc' dir='ltr'>Ῥοδῗωνὰ,</span> <span class='ocrx_word' id='word_1_338' title='bbox 3122 1375 3530 1448; x_wconf 74' lang='grc' dir='ltr'>Σωάίπάτρον,</span> <span class='ocrx_word' id='word_1_339' title='bbox 3550 1396 3606 1432; x_wconf 85' lang='grc' dir='ltr'>κ.</span> <span class='ocrx_word' id='word_1_340' title='bbox 3621 1394 3673 1432; x_wconf 84' lang='grc' dir='ltr'>τ.</span> <span class='ocrx_word' id='word_1_341' title='bbox 3689 1380 3775 1441; x_wconf 75' lang='grc' dir='ltr'><strong>λ..</strong></span> <span class='ocrx_word' id='word_1_342' title='bbox 3794 1375 3941 1444; x_wconf 77' lang='grc' dir='ltr'><strong>ἠμέ-</strong></span> 
     </span>
    </p>
   </div>
   <div class='ocr_carea' id='block_1_56' title="bbox 2426 1466 2594 1528">
    <p class='ocr_par' dir='ltr' id='par_1_56' title="bbox 2426 1466 2594 1528">
     <span class='ocr_line' id='line_1_56' title="bbox 2426 1466 2594 1528; baseline -0.012 0"><span class='ocrx_word' id='word_1_343' title='bbox 2426 1476 2508 1528; x_wconf 75' lang='grc' dir='ltr'>ρςι</span> <span class='ocrx_word' id='word_1_344' title='bbox 2542 1466 2594 1513; x_wconf 73' lang='grc' dir='ltr'><strong>ι’.</strong></span> 
     </span>
    </p>
   </div>
   <div class='ocr_carea' id='block_1_57' title="bbox 2435 1562 3940 1644">
    <p class='ocr_par' dir='ltr' id='par_1_57' title="bbox 2435 1562 3940 1644">
     <span class='ocr_line' id='line_1_57' title="bbox 2435 1562 3940 1644; baseline -0.009 -18"><span class='ocrx_word' id='word_1_345' title='bbox 2435 1573 2593 1638; x_wconf 84' lang='grc' dir='ltr'>Γένος</span> <span class='ocrx_word' id='word_1_346' title='bbox 2620 1572 2681 1625; x_wconf 78' lang='grc' dir='ltr'>τὸ</span> <span class='ocrx_word' id='word_1_347' title='bbox 2730 1569 3072 1644; x_wconf 84' lang='grc' dir='ltr'>ἀνθρώπινον</span> <span class='ocrx_word' id='word_1_348' title='bbox 3116 1572 3181 1641; x_wconf 82' lang='grc' dir='ltr'>τῇ</span> <span class='ocrx_word' id='word_1_349' title='bbox 3222 1572 3287 1641; x_wconf 83' lang='grc' dir='ltr'>σῇ</span> <span class='ocrx_word' id='word_1_350' title='bbox 3326 1564 3623 1637; x_wconf 65' lang='grc' dir='ltr'>κνοφορίᾳ,</span> <span class='ocrx_word' id='word_1_351' title='bbox 3655 1562 3898 1632; x_wconf 84' lang='grc' dir='ltr'>Παρθὲνε</span> <span class='ocrx_word' id='word_1_352' title='bbox 3921 1602 3940 1626; x_wconf 94' lang='grc'><strong>,</strong></span> 
     </span>
    </p>
   </div>
   <div class='ocr_carea' id='block_1_58' title="bbox 2365 1656 3939 1735">
    <p class='ocr_par' dir='ltr' id='par_1_58' title="bbox 2365 1656 3939 1735">
     <span class='ocr_line' id='line_1_58' title="bbox 2365 1656 3939 1735; baseline -0.01 -15"><span class='ocrx_word' id='word_1_353' title='bbox 2365 1666 2690 1730; x_wconf 79' lang='grc' dir='ltr'><strong>ἀνέπλασας·</strong></span> <span class='ocrx_word' id='word_1_354' title='bbox 2707 1666 2878 1734; x_wconf 79' lang='grc' dir='ltr'>Λόγον</span> <span class='ocrx_word' id='word_1_355' title='bbox 2900 1665 3006 1735; x_wconf 81' lang='grc' dir='ltr'><strong>γὰρ</strong></span> <span class='ocrx_word' id='word_1_356' title='bbox 3029 1664 3264 1732; x_wconf 72' lang='grc' dir='ltr'>ἐκύησας</span> <span class='ocrx_word' id='word_1_357' title='bbox 3278 1664 3364 1715; x_wconf 84' lang='grc' dir='ltr'><strong>τὸν</strong></span> <span class='ocrx_word' id='word_1_358' title='bbox 3386 1661 3479 1714; x_wconf 73' lang='grc' dir='ltr'>τοῦ</span> <span class='ocrx_word' id='word_1_359' title='bbox 3498 1656 3730 1724; x_wconf 73' lang='grc' dir='ltr'>Πατρδς,</span> <span class='ocrx_word' id='word_1_360' title='bbox 3756 1656 3939 1721; x_wconf 82' lang='grc' dir='ltr'>σάρκα.</span> 
     </span>
    </p>
   </div>
   <div class='ocr_carea' id='block_1_59' title="bbox 2366 1747 3941 1827">
    <p class='ocr_par' dir='ltr' id='par_1_59' title="bbox 2366 1747 3941 1827">
     <span class='ocr_line' id='line_1_59' title="bbox 2366 1747 3941 1827; baseline -0.009 -17"><span class='ocrx_word' id='word_1_361' title='bbox 2366 1756 2566 1827; x_wconf 85' lang='grc' dir='ltr'>Θνητὴν</span> <span class='ocrx_word' id='word_1_362' title='bbox 2598 1755 2903 1827; x_wconf 77' lang='grc' dir='ltr'>φορέσαντα</span> <span class='ocrx_word' id='word_1_363' title='bbox 2925 1796 2938 1820; x_wconf 92' lang='grc'><strong>,</strong></span> <span class='ocrx_word' id='word_1_364' title='bbox 2973 1755 3068 1808; x_wconf 69' lang='grc' dir='ltr'>καὶ</span> <span class='ocrx_word' id='word_1_365' title='bbox 3098 1753 3397 1816; x_wconf 78' lang='grc' dir='ltr'><strong>ἀθανασίας</strong></span> <span class='ocrx_word' id='word_1_366' title='bbox 3441 1750 3595 1813; x_wconf 74' lang='grc' dir='ltr'>ὁδοὺς</span> <span class='ocrx_word' id='word_1_367' title='bbox 3635 1750 3767 1818; x_wconf 73' lang='grc' dir='ltr'>ἡμῖν</span> <span class='ocrx_word' id='word_1_368' title='bbox 3806 1747 3941 1799; x_wconf 78' lang='grc' dir='ltr'>ὑπο-</span> 
     </span>
    </p>
   </div>
   <div class='ocr_carea' id='block_1_60' title="bbox 2288 1841 2635 1915">
    <p class='ocr_par' dir='ltr' id='par_1_60' title="bbox 2288 1841 2635 1915">
     <span class='ocr_line' id='line_1_60' title="bbox 2288 1841 2635 1915; baseline 0 -14"><span class='ocrx_word' id='word_1_369' title='bbox 2288 1841 2336 1901; x_wconf 89' lang='grc' dir='ltr'><strong>Β</strong></span> <span class='ocrx_word' id='word_1_370' title='bbox 2363 1848 2635 1915; x_wconf 79' lang='grc' dir='ltr'><strong>δείξαντα.</strong></span> 
     </span>
    </p>
   </div>
   <div class='ocr_carea' id='block_1_61' title="bbox 2432 1929 3941 2010">
    <p class='ocr_par' dir='ltr' id='par_1_61' title="bbox 2432 1929 3941 2010">
     <span class='ocr_line' id='line_1_61' title="bbox 2432 1929 3941 2010; baseline -0.013 -14"><span class='ocrx_word' id='word_1_371' title='bbox 2432 1942 2561 1995; x_wconf 81' lang='grc' dir='ltr'>Υίὸν</span> <span class='ocrx_word' id='word_1_372' title='bbox 2593 1940 2685 1995; x_wconf 76' lang='grc' dir='ltr'>τοῦ</span> <span class='ocrx_word' id='word_1_373' title='bbox 2714 1938 2922 2010; x_wconf 66' lang='grc' dir='ltr'>Πατρός</span> <span class='ocrx_word' id='word_1_374' title='bbox 2959 1937 3241 2010; x_wconf 77' lang='grc' dir='ltr'>μονογενῆ,</span> <span class='ocrx_word' id='word_1_375' title='bbox 3287 1935 3539 2005; x_wconf 75' lang='grc' dir='ltr'>διμήτορα</span> <span class='ocrx_word' id='word_1_376' title='bbox 3566 1930 3625 1985; x_wconf 81' lang='grc' dir='ltr'><strong>τὸ</strong></span> <span class='ocrx_word' id='word_1_377' title='bbox 3652 1929 3815 2000; x_wconf 59' lang='lat' dir='ltr'><strong>«privs</strong></span> <span class='ocrx_word' id='word_1_378' title='bbox 3827 1944 3941 1998; x_wconf 69' lang='grc' dir='ltr'>εκν,</span> 
     </span>
    </p>
   </div>
   <div class='ocr_carea' id='block_1_62' title="bbox 2362 2022 3941 2104">
    <p class='ocr_par' dir='ltr' id='par_1_62' title="bbox 2362 2022 3941 2104">
     <span class='ocr_line' id='line_1_62' title="bbox 2362 2022 3941 2104; baseline -0.012 -14"><span class='ocrx_word' id='word_1_379' title='bbox 2362 2038 2427 2090; x_wconf 81' lang='grc' dir='ltr'>ὲκ</span> <span class='ocrx_word' id='word_1_380' title='bbox 2462 2034 2556 2088; x_wconf 82' lang='grc' dir='ltr'>σοῦ</span> <span class='ocrx_word' id='word_1_381' title='bbox 2602 2034 2861 2104; x_wconf 75' lang='grc' dir='ltr'>τεχθέντα</span> <span class='ocrx_word' id='word_1_382' title='bbox 2919 2032 3137 2102; x_wconf 83' lang='grc' dir='ltr'>γνόντες</span> <span class='ocrx_word' id='word_1_383' title='bbox 3187 2030 3476 2099; x_wconf 76' lang='grc' dir='ltr'>ἀπάτορα,</span> <span class='ocrx_word' id='word_1_384' title='bbox 3525 2025 3660 2079; x_wconf 82' lang='grc' dir='ltr'>Θεοῦ</span> <span class='ocrx_word' id='word_1_385' title='bbox 3712 2022 3941 2092; x_wconf 78' lang='grc' dir='ltr'>Μητέρα</span> 
     </span>
    </p>
   </div>
   <div class='ocr_carea' id='block_1_63' title="bbox 2361 2114 3945 2199">
    <p class='ocr_par' dir='ltr' id='par_1_63' title="bbox 2361 2114 3945 2199">
     <span class='ocr_line' id='line_1_63' title="bbox 2361 2114 3945 2199; baseline -0.009 -18"><span class='ocrx_word' id='word_1_386' title='bbox 2361 2127 2729 2199; x_wconf 82' lang='grc' dir='ltr'>ὁμολογοῦμέν</span> <span class='ocrx_word' id='word_1_387' title='bbox 2776 2143 2867 2189; x_wconf 87' lang='grc' dir='ltr'><strong>σε,</strong></span> <span class='ocrx_word' id='word_1_388' title='bbox 2912 2124 3138 2188; x_wconf 72' lang='grc' dir='ltr'>ἀπαθῶς</span> <span class='ocrx_word' id='word_1_389' title='bbox 3186 2124 3469 2191; x_wconf 84' lang='grc' dir='ltr'>κυήσασαν</span> <span class='ocrx_word' id='word_1_390' title='bbox 3525 2120 3616 2171; x_wconf 70' lang='grc' dir='ltr'>καὶ</span> <span class='ocrx_word' id='word_1_391' title='bbox 3671 2114 3945 2187; x_wconf 79' lang='grc' dir='ltr'>παρθένον</span> 
     </span>
    </p>
   </div>
   <div class='ocr_carea' id='block_1_64' title="bbox 2365 2214 3559 2291">
    <p class='ocr_par' dir='ltr' id='par_1_64' title="bbox 2365 2214 3559 2291">
     <span class='ocr_line' id='line_1_64' title="bbox 2365 2214 3559 2291; baseline -0.008 -18"><span class='ocrx_word' id='word_1_392' title='bbox 2365 2221 2626 2291; x_wconf 76' lang='grc' dir='ltr'>μείνασαν</span> <span class='ocrx_word' id='word_1_393' title='bbox 2656 2218 2795 2288; x_wconf 80' lang='grc' dir='ltr'>ὑπὲρ</span> <span class='ocrx_word' id='word_1_394' title='bbox 2824 2218 2999 2286; x_wconf 74' lang='grc' dir='ltr'>λόγον,</span> <span class='ocrx_word' id='word_1_395' title='bbox 3029 2215 3219 2287; x_wconf 84' lang='grc' dir='ltr'>Μαρία</span> <span class='ocrx_word' id='word_1_396' title='bbox 3252 2214 3559 2284; x_wconf 75' lang='grc' dir='ltr'>Θεόνυμφε.</span> 
     </span>
    </p>
   </div>
   <div class='ocr_carea' id='block_1_65' title="bbox 2431 2389 3946 2476">
    <p class='ocr_par' dir='ltr' id='par_1_65' title="bbox 2431 2389 3946 2476">
     <span class='ocr_line' id='line_1_65' title="bbox 2431 2389 3946 2476; baseline -0.011 -16"><span class='ocrx_word' id='word_1_397' title='bbox 2431 2406 2733 2476; x_wconf 83' lang='grc' dir='ltr'>Θαυμάτων</span> <span class='ocrx_word' id='word_1_398' title='bbox 2768 2404 3021 2457; x_wconf 73' lang='grc' dir='ltr'>ἐπέκεινα</span> <span class='ocrx_word' id='word_1_399' title='bbox 3052 2400 3308 2455; x_wconf 80' lang='grc' dir='ltr'>ἁπάντων</span> <span class='ocrx_word' id='word_1_400' title='bbox 3328 2439 3343 2464; x_wconf 91' lang='grc'><strong>,</strong></span> <span class='ocrx_word' id='word_1_401' title='bbox 3376 2395 3712 2464; x_wconf 85' lang='grc' dir='ltr'>πανάμωμε,</span> <span class='ocrx_word' id='word_1_402' title='bbox 3749 2392 3810 2444; x_wconf 80' lang='grc' dir='ltr'><strong>τὸ</strong></span> <span class='ocrx_word' id='word_1_403' title='bbox 3850 2389 3946 2443; x_wconf 80' lang='grc' dir='ltr'><strong>ἐπὶ</strong></span> 
     </span>
    </p>
   </div>
   <div class='ocr_carea' id='block_1_66' title="bbox 2365 2480 3943 2565">
    <p class='ocr_par' dir='ltr' id='par_1_66' title="bbox 2365 2480 3943 2565">
     <span class='ocr_line' id='line_1_66' title="bbox 2365 2480 3943 2565; baseline -0.014 -13"><span class='ocrx_word' id='word_1_404' title='bbox 2365 2497 2447 2553; x_wconf 66' lang='grc' dir='ltr'><strong>σολ⁸</strong></span> <span class='ocrx_word' id='word_1_405' title='bbox 2478 2494 2842 2565; x_wconf 80' lang='grc' dir='ltr'>κενουργηθὲν</span> <span class='ocrx_word' id='word_1_406' title='bbox 2873 2493 3056 2563; x_wconf 83' lang='grc' dir='ltr'>θαῦμα</span> <span class='ocrx_word' id='word_1_407' title='bbox 3090 2490 3303 2561; x_wconf 72' lang='grc' dir='ltr'>ἐδείχθη</span> <span class='ocrx_word' id='word_1_408' title='bbox 3340 2484 3598 2557; x_wconf 76' lang='grc' dir='ltr'>ἐμφανῶς</span> <span class='ocrx_word' id='word_1_409' title='bbox 3621 2503 3633 2514; x_wconf 93' lang='grc'><strong>·</strong></span> <span class='ocrx_word' id='word_1_410' title='bbox 3668 2480 3799 2535; x_wconf 83' lang='grc' dir='ltr'>Θεὸν</span> <span class='ocrx_word' id='word_1_411' title='bbox 3830 2482 3943 2551; x_wconf 76' lang='grc' dir='ltr'>γὰρ</span> 
     </span>
    </p>
   </div>
   <div class='ocr_carea' id='block_1_67' title="bbox 2363 2573 3945 2661">
    <p class='ocr_par' dir='ltr' id='par_1_67' title="bbox 2363 2573 3945 2661">
     <span class='ocr_line' id='line_1_67' title="bbox 2363 2573 3945 2661; baseline -0.013 -17"><span class='ocrx_word' id='word_1_412' title='bbox 2363 2590 2601 2661; x_wconf 72' lang='grc' dir='ltr'>ὲκύησας</span> <span class='ocrx_word' id='word_1_413' title='bbox 2623 2584 2949 2657; x_wconf 81' lang='grc' dir='ltr'>σωματικῶς</span> <span class='ocrx_word' id='word_1_414' title='bbox 2974 2624 2991 2649; x_wconf 91' lang='grc'><strong>,</strong></span> <span class='ocrx_word' id='word_1_415' title='bbox 3026 2584 3233 2655; x_wconf 77' lang='grc' dir='ltr'>βροτοῖς</span> <span class='ocrx_word' id='word_1_416' title='bbox 3260 2581 3326 2636; x_wconf 88' lang='grc' dir='ltr'>δι’</span> <span class='ocrx_word' id='word_1_417' title='bbox 3360 2574 3539 2634; x_wconf 75' lang='grc' dir='ltr'>οἶκτον</span> <span class='ocrx_word' id='word_1_418' title='bbox 3564 2573 3854 2645; x_wconf 77' lang='grc' dir='ltr'>ἑνούμενον</span> <span class='ocrx_word' id='word_1_419' title='bbox 3883 2573 3945 2624; x_wconf 78' lang='grc' dir='ltr'>ὲν</span> 
     </span>
    </p>
   </div>
   <div class='ocr_carea' id='block_1_68' title="bbox 2364 2675 3237 2753">
    <p class='ocr_par' dir='ltr' id='par_1_68' title="bbox 2364 2675 3237 2753">
     <span class='ocr_line' id='line_1_68' title="bbox 2364 2675 3237 2753; baseline -0.008 -16"><span class='ocrx_word' id='word_1_420' title='bbox 2364 2682 2656 2753; x_wconf 83' lang='grc' dir='ltr'>ἀσυγχύτῳ</span> <span class='ocrx_word' id='word_1_421' title='bbox 2682 2679 2900 2744; x_wconf 81' lang='grc' dir='ltr'>ὲνῶσει,</span> <span class='ocrx_word' id='word_1_422' title='bbox 2930 2675 3237 2747; x_wconf 82' lang='grc' dir='ltr'>Θεόνυμφε.</span> 
     </span>
    </p>
   </div>
   <div class='ocr_carea' id='block_1_69' title="bbox 2434 2849 3945 2930">
    <p class='ocr_par' dir='ltr' id='par_1_69' title="bbox 2434 2849 3945 2930">
     <span class='ocr_line' id='line_1_69' title="bbox 2434 2849 3945 2930; baseline -0.013 -10"><span class='ocrx_word' id='word_1_423' title='bbox 2434 2865 2730 2927; x_wconf 81' lang='grc' dir='ltr'>Συνέλαόες</span> <span class='ocrx_word' id='word_1_424' title='bbox 2768 2863 2856 2917; x_wconf 80' lang='grc' dir='ltr'><strong>διὰ</strong></span> <span class='ocrx_word' id='word_1_425' title='bbox 2895 2862 3054 2930; x_wconf 84' lang='grc' dir='ltr'>λόγου</span> <span class='ocrx_word' id='word_1_426' title='bbox 3096 2860 3189 2913; x_wconf 77' lang='grc' dir='ltr'><strong>τὸν</strong></span> <span class='ocrx_word' id='word_1_427' title='bbox 3216 2858 3406 2925; x_wconf 88' lang='grc' dir='ltr'>Λόγον,</span> <span class='ocrx_word' id='word_1_428' title='bbox 3455 2854 3799 2923; x_wconf 84' lang='grc' dir='ltr'>πανάμωμε,</span> <span class='ocrx_word' id='word_1_429' title='bbox 3848 2849 3945 2901; x_wconf 74' lang='grc' dir='ltr'>καὶ</span> 
     </span>
    </p>
   </div>
   <div class='ocr_carea' id='block_1_70' title="bbox 2363 2942 3943 3029">
    <p class='ocr_par' dir='ltr' id='par_1_70' title="bbox 2363 2942 3943 3029">
     <span class='ocr_line' id='line_1_70' title="bbox 2363 2942 3943 3029; baseline -0.015 -15"><span class='ocrx_word' id='word_1_430' title='bbox 2363 2961 2547 3022; x_wconf 80' lang='grc' dir='ltr'>ἔτεκες</span> <span class='ocrx_word' id='word_1_431' title='bbox 2592 2957 2731 3029; x_wconf 82' lang='grc' dir='ltr'>ὑπὲρ</span> <span class='ocrx_word' id='word_1_432' title='bbox 2778 2956 2935 3023; x_wconf 87' lang='grc' dir='ltr'>λόγον</span> <span class='ocrx_word' id='word_1_433' title='bbox 2967 2952 3281 3021; x_wconf 87' lang='grc' dir='ltr'>γενόμενον,</span> <span class='ocrx_word' id='word_1_434' title='bbox 3316 2946 3579 3010; x_wconf 84' lang='grc' dir='ltr'>Θεοτόκε,</span> <span class='ocrx_word' id='word_1_435' title='bbox 3616 2942 3906 3013; x_wconf 79' lang='grc' dir='ltr'>ἄνθρωπον</span> <span class='ocrx_word' id='word_1_436' title='bbox 3928 2956 3943 2969; x_wconf 93' lang='grc'><strong>·</strong></span> 
     </span>
    </p>
   </div>
   <div class='ocr_carea' id='block_1_71' title="bbox 2363 3031 3919 3117">
    <p class='ocr_par' dir='ltr' id='par_1_71' title="bbox 2363 3031 3919 3117">
     <span class='ocr_line' id='line_1_71' title="bbox 2363 3031 3919 3117; baseline -0.015 -13"><span class='ocrx_word' id='word_1_437' title='bbox 2363 3050 2442 3105; x_wconf 88' lang='grc' dir='ltr'><strong>διό</strong></span> <span class='ocrx_word' id='word_1_438' title='bbox 2480 3066 2538 3102; x_wconf 89' lang='grc' dir='ltr'><strong>σε</strong></span> <span class='ocrx_word' id='word_1_439' title='bbox 2576 3047 2754 3117; x_wconf 82' lang='grc' dir='ltr'>λόγοις</span> <span class='ocrx_word' id='word_1_440' title='bbox 2794 3043 3173 3104; x_wconf 82' lang='grc' dir='ltr'>θεοπνεύστοις</span> <span class='ocrx_word' id='word_1_441' title='bbox 3216 3037 3507 3100; x_wconf 82' lang='grc' dir='ltr'>διαπαντὸς</span> <span class='ocrx_word' id='word_1_442' title='bbox 3541 3031 3919 3105; x_wconf 76' lang='grc' dir='ltr'>μακαρίζομεν</span> 
     </span>
    </p>
   </div>
   <div class='ocr_carea' id='block_1_72' title="bbox 2449 3218 3951 3304">
    <p class='ocr_par' dir='ltr' id='par_1_72' title="bbox 2449 3218 3951 3304">
     <span class='ocr_line' id='line_1_72' title="bbox 2449 3218 3951 3304; baseline -0.015 -13"><span class='ocrx_word' id='word_1_443' title='bbox 2449 3236 2538 3298; x_wconf 84' lang='grc' dir='ltr'>Ὦς</span> <span class='ocrx_word' id='word_1_444' title='bbox 2566 3236 2724 3291; x_wconf 80' lang='grc' dir='ltr'>ἄλλον</span> <span class='ocrx_word' id='word_1_445' title='bbox 2758 3232 2987 3304; x_wconf 74' lang='grc' dir='ltr'>οὐρανὸν</span> <span class='ocrx_word' id='word_1_446' title='bbox 3020 3228 3116 3283; x_wconf 80' lang='grc' dir='ltr'>τοῦ</span> <span class='ocrx_word' id='word_1_447' title='bbox 3150 3227 3365 3299; x_wconf 82' lang='grc' dir='ltr'>πρώην,</span> <span class='ocrx_word' id='word_1_448' title='bbox 3396 3225 3687 3282; x_wconf 80' lang='grc' dir='ltr'>Δέσποινα,</span> <span class='ocrx_word' id='word_1_449' title='bbox 3716 3218 3951 3288; x_wconf 74' lang='grc' dir='ltr'>δειχθεῖ-</span> 
     </span>
    </p>
   </div>
   <div class='ocr_carea' id='block_1_73' title="bbox 2368 3310 3949 3399">
    <p class='ocr_par' dir='ltr' id='par_1_73' title="bbox 2368 3310 3949 3399">
     <span class='ocr_line' id='line_1_73' title="bbox 2368 3310 3949 3399; baseline -0.015 -14"><span class='ocrx_word' id='word_1_450' title='bbox 2368 3349 2466 3385; x_wconf 82' lang='grc' dir='ltr'><strong>σαν</strong></span> <span class='ocrx_word' id='word_1_451' title='bbox 2514 3326 2841 3399; x_wconf 73' lang='grc' dir='ltr'>ὑψηλότερόν</span> <span class='ocrx_word' id='word_1_452' title='bbox 2890 3342 2948 3378; x_wconf 90' lang='grc' dir='ltr'><strong>σε</strong></span> <span class='ocrx_word' id='word_1_453' title='bbox 2983 3322 3299 3391; x_wconf 79' lang='grc' dir='ltr'>δοξάζομεν,</span> <span class='ocrx_word' id='word_1_454' title='bbox 3325 3317 3416 3371; x_wconf 76' lang='grc' dir='ltr'><strong>τὸν</strong></span> <span class='ocrx_word' id='word_1_455' title='bbox 3442 3316 3630 3369; x_wconf 84' lang='grc' dir='ltr'>Ἥλιον</span> <span class='ocrx_word' id='word_1_456' title='bbox 3670 3314 3803 3383; x_wconf 80' lang='grc' dir='ltr'>ἡμῖν</span> <span class='ocrx_word' id='word_1_457' title='bbox 3848 3310 3949 3379; x_wconf 75' lang='grc' dir='ltr'>τῆς</span> 
     </span>
    </p>
   </div>
   <div class='ocr_carea' id='block_1_74' title="bbox 2366 3403 3951 3489">
    <p class='ocr_par' dir='ltr' id='par_1_74' title="bbox 2366 3403 3951 3489">
     <span class='ocr_line' id='line_1_74' title="bbox 2366 3403 3951 3489; baseline -0.015 -12"><span class='ocrx_word' id='word_1_458' title='bbox 2366 3421 2712 3489; x_wconf 78' lang='grc' dir='ltr'>δικαιοσύνης</span> <span class='ocrx_word' id='word_1_459' title='bbox 2744 3416 3123 3481; x_wconf 83' lang='grc' dir='ltr'>ἀνατείλαντα,</span> <span class='ocrx_word' id='word_1_460' title='bbox 3156 3413 3252 3466; x_wconf 68' lang='grc' dir='ltr'><strong>καὶ</strong></span> <span class='ocrx_word' id='word_1_461' title='bbox 3277 3410 3338 3463; x_wconf 71' lang='grc' dir='ltr'><strong>τὸ</strong></span> <span class='ocrx_word' id='word_1_462' title='bbox 3381 3409 3517 3480; x_wconf 75' lang='grc' dir='ltr'>βαθὺ</span> <span class='ocrx_word' id='word_1_463' title='bbox 3543 3406 3642 3477; x_wconf 84' lang='grc' dir='ltr'>τῆς</span> <span class='ocrx_word' id='word_1_464' title='bbox 3667 3403 3951 3472; x_wconf 82' lang='grc' dir='ltr'>ἀγνωσίας</span> 
     </span>
    </p>
   </div>
   <div class='ocr_carea' id='block_1_75' title="bbox 2368 3508 2864 3575">
    <p class='ocr_par' dir='ltr' id='par_1_75' title="bbox 2368 3508 2864 3575">
     <span class='ocr_line' id='line_1_75' title="bbox 2368 3508 2864 3575; baseline -0.012 -11"><span class='ocrx_word' id='word_1_465' title='bbox 2368 3514 2556 3574; x_wconf 84' lang='grc' dir='ltr'>σκότος</span> <span class='ocrx_word' id='word_1_466' title='bbox 2579 3508 2864 3575; x_wconf 78' lang='grc' dir='ltr'>διώξαντα.</span> 
     </span>
    </p>
   </div>
   <div class='ocr_carea' id='block_1_76' title="bbox 2438 3587 3949 3669">
    <p class='ocr_par' dir='ltr' id='par_1_76' title="bbox 2438 3587 3949 3669">
     <span class='ocr_line' id='line_1_76' title="bbox 2438 3587 3949 3669; baseline -0.014 -12"><span class='ocrx_word' id='word_1_467' title='bbox 2438 3605 2541 3657; x_wconf 82' lang='grc' dir='ltr'>Τὸν</span> <span class='ocrx_word' id='word_1_468' title='bbox 2558 3601 2653 3655; x_wconf 77' lang='grc' dir='ltr'>τοῦ</span> <span class='ocrx_word' id='word_1_469' title='bbox 2683 3599 2893 3669; x_wconf 81' lang='grc' dir='ltr'>Πατρδς</span> <span class='ocrx_word' id='word_1_470' title='bbox 2920 3597 3089 3664; x_wconf 83' lang='grc' dir='ltr'>Λόγον</span> <span class='ocrx_word' id='word_1_471' title='bbox 3113 3593 3379 3647; x_wconf 82' lang='grc' dir='ltr'>συναῖδιον</span> <span class='ocrx_word' id='word_1_472' title='bbox 3402 3587 3806 3660; x_wconf 77' lang='grc' dir='ltr'>ἐμφανισϐἐντα</span> <span class='ocrx_word' id='word_1_473' title='bbox 3833 3587 3949 3645; x_wconf 83' lang='grc' dir='ltr'>τοῖς</span> 
     </span>
    </p>
   </div>
   <div class='ocr_carea' id='block_1_77' title="bbox 2368 3677 3949 3767">
    <p class='ocr_par' dir='ltr' id='par_1_77' title="bbox 2368 3677 3949 3767">
     <span class='ocr_line' id='line_1_77' title="bbox 2368 3677 3949 3767; baseline -0.016 -16"><span class='ocrx_word' id='word_1_474' title='bbox 2368 3697 2576 3767; x_wconf 84' lang='grc' dir='ltr'>βροτοῖς</span> <span class='ocrx_word' id='word_1_475' title='bbox 2613 3692 3005 3761; x_wconf 85' lang='grc' dir='ltr'>ὲσωμάτωσας,</span> <span class='ocrx_word' id='word_1_476' title='bbox 3041 3689 3138 3741; x_wconf 73' lang='grc' dir='ltr'>καὶ</span> <span class='ocrx_word' id='word_1_477' title='bbox 3172 3685 3336 3756; x_wconf 72' lang='grc' dir='ltr'>σαρκὶ</span> <span class='ocrx_word' id='word_1_478' title='bbox 3357 3724 3371 3749; x_wconf 95' lang='grc'><strong>,</strong></span> <span class='ocrx_word' id='word_1_479' title='bbox 3405 3681 3591 3751; x_wconf 82' lang='grc' dir='ltr'>Κόρη,</span> <span class='ocrx_word' id='word_1_480' title='bbox 3621 3677 3949 3746; x_wconf 84' lang='grc' dir='ltr'>ἀπεκύησας</span> 
     </span>
    </p>
   </div>
   <div class='ocr_carea' id='block_1_78' title="bbox 2367 3767 3941 3860">
    <p class='ocr_par' dir='ltr' id='par_1_78' title="bbox 2367 3767 3941 3860">
     <span class='ocr_line' id='line_1_78' title="bbox 2367 3767 3941 3860; baseline -0.015 -17"><span class='ocrx_word' id='word_1_481' title='bbox 2367 3789 2653 3860; x_wconf 83' lang='grc' dir='ltr'>ἄνθρωπον</span> <span class='ocrx_word' id='word_1_482' title='bbox 2682 3784 2995 3854; x_wconf 84' lang='grc' dir='ltr'>γενόμενον,</span> <span class='ocrx_word' id='word_1_483' title='bbox 3024 3777 3113 3833; x_wconf 81' lang='grc' dir='ltr'>διὰ</span> <span class='ocrx_word' id='word_1_484' title='bbox 3134 3777 3191 3830; x_wconf 80' lang='grc' dir='ltr'>τὺ</span> <span class='ocrx_word' id='word_1_485' title='bbox 3225 3776 3394 3828; x_wconf 78' lang='grc' dir='ltr'>σῶσαι</span> <span class='ocrx_word' id='word_1_486' title='bbox 3426 3774 3517 3827; x_wconf 72' lang='grc' dir='ltr'><strong>τον</strong></span> <span class='ocrx_word' id='word_1_487' title='bbox 3547 3770 3859 3842; x_wconf 76' lang='grc' dir='ltr'>ἄνθρωπον.</span> <span class='ocrx_word' id='word_1_488' title='bbox 3877 3767 3941 3819; x_wconf 90' lang='grc' dir='ltr'>Ὁ</span> 
     </span>
    </p>
   </div>
   <div class='ocr_carea' id='block_1_79' title="bbox 2366 3864 3691 3944">
    <p class='ocr_par' dir='ltr' id='par_1_79' title="bbox 2366 3864 3691 3944">
     <span class='ocr_line' id='line_1_79' title="bbox 2366 3864 3691 3944; baseline -0.017 -7"><span class='ocrx_word' id='word_1_489' title='bbox 2366 3881 2577 3943; x_wconf 67' lang='grc' dir='ltr'>αἰνετός</span> <span class='ocrx_word' id='word_1_490' title='bbox 2608 3879 2718 3932; x_wconf 85' lang='grc' dir='ltr'><strong>τῶν</strong></span> <span class='ocrx_word' id='word_1_491' title='bbox 2748 3875 3004 3944; x_wconf 80' lang='grc' dir='ltr'>πατέρων</span> <span class='ocrx_word' id='word_1_492' title='bbox 3038 3871 3169 3933; x_wconf 75' lang='grc' dir='ltr'>Θεὸς</span> <span class='ocrx_word' id='word_1_493' title='bbox 3194 3869 3288 3922; x_wconf 72' lang='grc' dir='ltr'>καὶ</span> <span class='ocrx_word' id='word_1_494' title='bbox 3320 3864 3691 3936; x_wconf 79' lang='grc' dir='ltr'>ύπερένδοξος.</span> 
     </span>
    </p>
   </div>
   <div class='ocr_carea' id='block_1_80' title="bbox 2437 3959 3948 4043">
    <p class='ocr_par' dir='ltr' id='par_1_80' title="bbox 2437 3959 3948 4043">
     <span class='ocr_line' id='line_1_80' title="bbox 2437 3959 3948 4043; baseline -0.011 -16"><span class='ocrx_word' id='word_1_495' title='bbox 2437 3976 2678 4043; x_wconf 84' lang='grc' dir='ltr'>Στάμνος</span> <span class='ocrx_word' id='word_1_496' title='bbox 2700 3972 2869 4027; x_wconf 83' lang='grc' dir='ltr'>πάλαι</span> <span class='ocrx_word' id='word_1_497' title='bbox 2893 3964 3329 4039; x_wconf 73' lang='grc' dir='ltr'>φέρουσα,ἁγνὴ,</span> <span class='ocrx_word' id='word_1_498' title='bbox 3350 3962 3549 4017; x_wconf 88' lang='grc' dir='ltr'>ὲτύπου</span> <span class='ocrx_word' id='word_1_499' title='bbox 3576 3978 3633 4013; x_wconf 88' lang='grc' dir='ltr'><strong>σε</strong></span> <span class='ocrx_word' id='word_1_500' title='bbox 3658 3960 3719 4014; x_wconf 74' lang='grc' dir='ltr'>τὸ</span> <span class='ocrx_word' id='word_1_501' title='bbox 3748 3959 3948 4028; x_wconf 81' lang='grc' dir='ltr'>μάννα·</span> 
     </span>
    </p>
   </div>
   <div class='ocr_carea' id='block_1_81' title="bbox 2368 4051 3949 4140">
    <p class='ocr_par' dir='ltr' id='par_1_81' title="bbox 2368 4051 3949 4140">
     <span class='ocr_line' id='line_1_81' title="bbox 2368 4051 3949 4140; baseline -0.013 -17"><span class='ocrx_word' id='word_1_502' title='bbox 2368 4068 2600 4140; x_wconf 79' lang='grc' dir='ltr'>Χριστὸν</span> <span class='ocrx_word' id='word_1_503' title='bbox 2611 4067 2741 4136; x_wconf 83' lang='grc' dir='ltr'>γὰρ,</span> <span class='ocrx_word' id='word_1_504' title='bbox 2755 4065 2846 4117; x_wconf 77' lang='grc' dir='ltr'>τὸν</span> <span class='ocrx_word' id='word_1_505' title='bbox 2858 4060 3173 4132; x_wconf 73' lang='grc' dir='ltr'>γλυκατμον</span> <span class='ocrx_word' id='word_1_506' title='bbox 3189 4057 3370 4129; x_wconf 77' lang='grc' dir='ltr'>ἡμῶν,</span> <span class='ocrx_word' id='word_1_507' title='bbox 3393 4056 3721 4117; x_wconf 73' lang='grc' dir='ltr'>ἐϐάστασας,</span> <span class='ocrx_word' id='word_1_508' title='bbox 3749 4051 3949 4121; x_wconf 75' lang='grc' dir='ltr'>σεμνὴ,</span> 
     </span>
    </p>
   </div>
   <div class='ocr_carea' id='block_1_82' title="bbox 2368 4144 3954 4231">
    <p class='ocr_par' dir='ltr' id='par_1_82' title="bbox 2368 4144 3954 4231">
     <span class='ocr_line' id='line_1_82' title="bbox 2368 4144 3954 4231; baseline -0.013 -16"><span class='ocrx_word' id='word_1_509' title='bbox 2368 4162 2460 4215; x_wconf 77' lang='grc' dir='ltr'><strong>καὶ</strong></span> <span class='ocrx_word' id='word_1_510' title='bbox 2496 4161 2664 4231; x_wconf 73' lang='grc' dir='ltr'>σαρκὶ·</span> <span class='ocrx_word' id='word_1_511' title='bbox 2686 4157 2924 4226; x_wconf 79' lang='grc' dir='ltr'>ἑκύησας</span> <span class='ocrx_word' id='word_1_512' title='bbox 2956 4152 3236 4222; x_wconf 81' lang='grc' dir='ltr'>ὲξαίροντα</span> <span class='ocrx_word' id='word_1_513' title='bbox 3267 4148 3448 4219; x_wconf 83' lang='grc' dir='ltr'>πάσης</span> <span class='ocrx_word' id='word_1_514' title='bbox 3476 4145 3702 4217; x_wconf 83' lang='grc' dir='ltr'>πικρίας</span> <span class='ocrx_word' id='word_1_515' title='bbox 3729 4144 3954 4198; x_wconf 82' lang='grc' dir='ltr'>ἀτόπων</span> 
     </span>
    </p>
   </div>
   <div class='ocr_carea' id='block_1_83' title="bbox 2367 4238 3953 4321">
    <p class='ocr_par' dir='ltr' id='par_1_83' title="bbox 2367 4238 3953 4321">
     <span class='ocr_line' id='line_1_83' title="bbox 2367 4238 3953 4321; baseline -0.009 -16"><span class='ocrx_word' id='word_1_516' title='bbox 2367 4251 2727 4321; x_wconf 72' lang='grc' dir='ltr'>ἐγκλημάτων</span> <span class='ocrx_word' id='word_1_517' title='bbox 2793 4249 2919 4311; x_wconf 78' lang='grc' dir='ltr'>τοὺς</span> <span class='ocrx_word' id='word_1_518' title='bbox 2982 4241 3395 4316; x_wconf 75' lang='grc' dir='ltr'>ύπερυψοῦντας</span> <span class='ocrx_word' id='word_1_519' title='bbox 3457 4238 3619 4308; x_wconf 74' lang='grc' dir='ltr'>αὐτὸν</span> <span class='ocrx_word' id='word_1_520' title='bbox 3680 4238 3761 4301; x_wconf 90' lang='grc' dir='ltr'><strong>είς</strong></span> <span class='ocrx_word' id='word_1_521' title='bbox 3823 4238 3953 4300; x_wconf 70' lang='grc' dir='ltr'>τοὺς</span> 
     </span>
    </p>
   </div>
   <div class='ocr_carea' id='block_1_84' title="bbox 2369 4345 2588 4405">
    <p class='ocr_par' dir='ltr' id='par_1_84' title="bbox 2369 4345 2588 4405">
     <span class='ocr_line' id='line_1_84' title="bbox 2369 4345 2588 4405; baseline -0.005 -8"><span class='ocrx_word' id='word_1_522' title='bbox 2369 4345 2588 4405; x_wconf 83' lang='grc' dir='ltr'>αἰῶνας.</span> 
     </span>
    </p>
   </div>
   <div class='ocr_carea' id='block_1_85' title="bbox 2438 4418 3952 4493">
    <p class='ocr_par' dir='ltr' id='par_1_85' title="bbox 2438 4418 3952 4493">
     <span class='ocr_line' id='line_1_85' title="bbox 2438 4418 3952 4493; baseline -0.009 -8"><span class='ocrx_word' id='word_1_523' title='bbox 2438 4435 2623 4486; x_wconf 82' lang='grc' dir='ltr'>Φεῖσαι</span> <span class='ocrx_word' id='word_1_524' title='bbox 2652 4431 2747 4483; x_wconf 83' lang='grc' dir='ltr'>τοῦ</span> <span class='ocrx_word' id='word_1_525' title='bbox 2772 4428 2901 4482; x_wconf 77' lang='grc' dir='ltr'>λαοῦ</span> <span class='ocrx_word' id='word_1_526' title='bbox 2933 4441 3048 4489; x_wconf 89' lang='grc' dir='ltr'>σου;</span> <span class='ocrx_word' id='word_1_527' title='bbox 3086 4425 3280 4493; x_wconf 85' lang='grc' dir='ltr'>Κύριε,</span> <span class='ocrx_word' id='word_1_528' title='bbox 3313 4421 3613 4492; x_wconf 75' lang='grc' dir='ltr'>ἐπιδρομῆς</span> <span class='ocrx_word' id='word_1_529' title='bbox 3645 4418 3952 4490; x_wconf 78' lang='grc' dir='ltr'>Βαρϐάρων</span> 
     </span>
    </p>
   </div>
   <div class='ocr_carea' id='block_1_86' title="bbox 694 4514 2263 4608">
    <p class='ocr_par' dir='ltr' id='par_1_86' title="bbox 694 4516 2263 4604">
     <span class='ocr_line' id='line_1_86' title="bbox 694 4516 2263 4604; baseline -0.005 -15"><span class='ocrx_word' id='word_1_530' title='bbox 694 4551 883 4597; x_wconf 80' lang='lat' dir='ltr'><strong>cursu,</strong></span> <span class='ocrx_word' id='word_1_531' title='bbox 916 4536 1152 4604; x_wconf 85' lang='lat' dir='ltr'><strong>peccatis</strong></span> <span class='ocrx_word' id='word_1_532' title='bbox 1173 4575 1187 4599; x_wconf 93' lang='lat'><strong>,</strong></span> <span class='ocrx_word' id='word_1_533' title='bbox 1222 4516 1611 4588; x_wconf 81' lang='lat' dir='ltr'><strong>tentationibus</strong></span> <span class='ocrx_word' id='word_1_534' title='bbox 1631 4573 1645 4596; x_wconf 88' lang='lat'><strong>,</strong></span> <span class='ocrx_word' id='word_1_535' title='bbox 1672 4541 1728 4587; x_wconf 92' lang='lat' dir='ltr'><strong>et</strong></span> <span class='ocrx_word' id='word_1_536' title='bbox 1749 4544 1956 4586; x_wconf 63' lang='lat' dir='ltr'><strong>aeterno</strong></span> <span class='ocrx_word' id='word_1_537' title='bbox 1997 4529 2263 4597; x_wconf 72' lang='lat' dir='ltr'><strong>supplicio</strong></span> 
     </span>
    </p>
   </div>
   <div class='ocr_carea' id='block_1_87' title="bbox 2367 4514 3952 4608">
    <p class='ocr_par' dir='ltr' id='par_1_87' title="bbox 2371 4514 3952 4598">
     <span class='ocr_line' id='line_1_87' title="bbox 2371 4514 3952 4598; baseline -0.011 -17"><span class='ocrx_word' id='word_1_538' title='bbox 2371 4530 2517 4598; x_wconf 79' lang='grc' dir='ltr'>ἡμᾶς</span> <span class='ocrx_word' id='word_1_539' title='bbox 2540 4524 2901 4595; x_wconf 83' lang='grc' dir='ltr'>λυτρούμενος</span> <span class='ocrx_word' id='word_1_540' title='bbox 2922 4561 2936 4581; x_wconf 89' lang='grc'><strong>.</strong></span> <span class='ocrx_word' id='word_1_541' title='bbox 2974 4520 3066 4573; x_wconf 72' lang='grc' dir='ltr'>καὶ</span> <span class='ocrx_word' id='word_1_542' title='bbox 3108 4516 3421 4589; x_wconf 80' lang='grc' dir='ltr'>ἁμαρτιῶν,</span> <span class='ocrx_word' id='word_1_543' title='bbox 3458 4514 3551 4568; x_wconf 74' lang='grc' dir='ltr'>καὶ</span> <span class='ocrx_word' id='word_1_544' title='bbox 3582 4514 3911 4583; x_wconf 84' lang='grc' dir='ltr'>πειρασμῶν</span> <span class='ocrx_word' id='word_1_545' title='bbox 3934 4552 3952 4576; x_wconf 92' lang='grc'><strong>,</strong></span> 
     </span>
    </p>
   </div>
   <div class='ocr_carea' id='block_1_88' title="bbox 696 4621 2265 4696">
    <p class='ocr_par' dir='ltr' id='par_1_88' title="bbox 696 4621 2265 4696">
     <span class='ocr_line' id='line_1_88' title="bbox 696 4621 2265 4696; baseline -0.003 -17"><span class='ocrx_word' id='word_1_546' title='bbox 696 4628 933 4681; x_wconf 89' lang='lat' dir='ltr'><strong>liberans</strong></span> <span class='ocrx_word' id='word_1_547' title='bbox 972 4644 1072 4682; x_wconf 90' lang='lat' dir='ltr'><strong>nos</strong></span> <span class='ocrx_word' id='word_1_548' title='bbox 1107 4643 1201 4696; x_wconf 89' lang='lat' dir='ltr'><strong>per</strong></span> <span class='ocrx_word' id='word_1_549' title='bbox 1228 4626 1391 4695; x_wconf 78' lang='lat'><strong>219</strong></span> <span class='ocrx_word' id='word_1_550' title='bbox 1417 4641 1602 4695; x_wconf 84' lang='lat' dir='ltr'><strong>preces</strong></span> <span class='ocrx_word' id='word_1_551' title='bbox 1636 4624 1994 4679; x_wconf 69' lang='lat' dir='ltr'><strong>sanctissima:</strong></span> <span class='ocrx_word' id='word_1_552' title='bbox 2024 4621 2265 4691; x_wconf 80' lang='lat' dir='ltr'><strong>Virginis</strong></span> 
     </span>
    </p>
   </div>
   <div class='ocr_carea' id='block_1_89' title="bbox 694 4718 2259 4791">
    <p class='ocr_par' dir='ltr' id='par_1_89' title="bbox 694 4718 2259 4791">
     <span class='ocr_line' id='line_1_89' title="bbox 694 4718 2259 4791; baseline -0.005 -17"><span class='ocrx_word' id='word_1_553' title='bbox 694 4719 990 4776; x_wconf 84' lang='lat' dir='ltr'><strong>Genitricis</strong></span> <span class='ocrx_word' id='word_1_554' title='bbox 1023 4729 1127 4776; x_wconf 77' lang='lat' dir='ltr'><strong>ture</strong></span> <span class='ocrx_word' id='word_1_555' title='bbox 1154 4730 1205 4775; x_wconf 85' lang='lat' dir='ltr'><strong>et</strong></span> <span class='ocrx_word' id='word_1_556' title='bbox 1229 4721 1591 4791; x_wconf 81' lang='lat' dir='ltr'><strong>gloriosorum</strong></span> <span class='ocrx_word' id='word_1_557' title='bbox 1619 4718 1988 4789; x_wconf 83' lang='lat' dir='ltr'><strong>apostolorum</strong></span> <span class='ocrx_word' id='word_1_558' title='bbox 2019 4725 2259 4769; x_wconf 89' lang='lat' dir='ltr'><strong>tuorum.</strong></span> 
     </span>
    </p>
   </div>
   <div class='ocr_carea' id='block_1_90' title="bbox 2370 4606 3951 4681">
    <p class='ocr_par' dir='ltr' id='par_1_90' title="bbox 2370 4606 3951 4681">
     <span class='ocr_line' id='line_1_90' title="bbox 2370 4606 3951 4681; baseline -0.01 -7"><span class='ocrx_word' id='word_1_559' title='bbox 2370 4622 2463 4674; x_wconf 72' lang='grc' dir='ltr'><strong>καὶ</strong></span> <span class='ocrx_word' id='word_1_560' title='bbox 2517 4620 2789 4680; x_wconf 76' lang='grc' dir='ltr'>κολάσεως</span> <span class='ocrx_word' id='word_1_561' title='bbox 2838 4614 3098 4677; x_wconf 88' lang='grc' dir='ltr'>αίωνίου,</span> <span class='ocrx_word' id='word_1_562' title='bbox 3154 4613 3341 4681; x_wconf 55' lang='grc' dir='ltr'>εὐχαῖς</span> <span class='ocrx_word' id='word_1_563' title='bbox 3399 4610 3498 4680; x_wconf 85' lang='grc' dir='ltr'>τῆς</span> <span class='ocrx_word' id='word_1_564' title='bbox 3551 4606 3820 4676; x_wconf 86' lang='grc' dir='ltr'>τεκούσης</span> <span class='ocrx_word' id='word_1_565' title='bbox 3867 4624 3951 4671; x_wconf 84' lang='grc' dir='ltr'><strong>σε,</strong></span> 
     </span>
    </p>
   </div>
   <div class='ocr_carea' id='block_1_91' title="bbox 2368 4698 3951 4783">
    <p class='ocr_par' dir='ltr' id='par_1_91' title="bbox 2368 4698 3951 4783">
     <span class='ocr_line' id='line_1_91' title="bbox 2368 4698 3951 4783; baseline -0.008 -18"><span class='ocrx_word' id='word_1_566' title='bbox 2368 4710 2612 4783; x_wconf 80' lang='grc' dir='ltr'>Παροένε</span> <span class='ocrx_word' id='word_1_567' title='bbox 2646 4708 2917 4776; x_wconf 82' lang='grc' dir='ltr'>παναγία,</span> <span class='ocrx_word' id='word_1_568' title='bbox 2952 4706 3045 4759; x_wconf 75' lang='grc' dir='ltr'><strong>καὶ</strong></span> <span class='ocrx_word' id='word_1_569' title='bbox 3073 4704 3180 4757; x_wconf 84' lang='grc' dir='ltr'><strong>τῶν</strong></span> <span class='ocrx_word' id='word_1_570' title='bbox 3212 4702 3440 4767; x_wconf 72' lang='grc' dir='ltr'>ἐνδόξων</span> <span class='ocrx_word' id='word_1_571' title='bbox 3469 4698 3782 4753; x_wconf 78' lang='grc' dir='ltr'>ἀποστόλων</span> <span class='ocrx_word' id='word_1_572' title='bbox 3829 4714 3951 4753; x_wconf 79' lang='grc' dir='ltr'>σου.</span> 
     </span>
    </p>
   </div>
   <div class='ocr_carea' id='block_1_92' title="bbox 697 4816 3948 4971">
    <p class='ocr_par' dir='ltr' id='par_1_92' title="bbox 697 4816 3948 4971">
     <span class='ocr_line' id='line_1_92' title="bbox 697 4816 3948 4971; baseline -0.011 -74"><span class='ocrx_word' id='word_1_573' title='bbox 697 4843 780 4898; x_wconf 79' lang='lat' dir='ltr'><strong>Ea:</strong></span> <span class='ocrx_word' id='word_1_574' title='bbox 812 4842 1024 4898; x_wconf 78' lang='lat' dir='ltr'><strong>Conone</strong></span> <span class='ocrx_word' id='word_1_575' title='bbox 1085 4843 1138 4894; x_wconf 84' lang='lat' dir='ltr'><strong>in</strong></span> <span class='ocrx_word' id='word_1_576' title='bbox 1203 4839 1303 4896; x_wconf 91' lang='lat' dir='ltr'><strong>SS.</strong></span> <span class='ocrx_word' id='word_1_577' title='bbox 1358 4838 1615 4905; x_wconf 70' lang='lat' dir='ltr'><strong>Orestem,</strong></span> <span class='ocrx_word' id='word_1_578' title='bbox 1676 4837 1906 4903; x_wconf 80' lang='lat' dir='ltr'><strong>Menam,</strong></span> <span class='ocrx_word' id='word_1_579' title='bbox 1982 4828 2675 4971; x_wconf 48' lang='lat' dir='ltr'><strong>l’icéoge‘né,(gginfentium,</strong></span> <span class='ocrx_word' id='word_1_580' title='bbox 2723 4823 3121 4895; x_wconf 75' lang='lat' dir='ltr'><strong>Stepltanidem,</strong></span> <span class='ocrx_word' id='word_1_581' title='bbox 3161 4831 3209 4874; x_wconf 85' lang='lat' dir='ltr'><strong>et</strong></span> <span class='ocrx_word' id='word_1_582' title='bbox 3264 4817 3593 4872; x_wconf 79' lang='lat' dir='ltr'><strong>Theodorum</strong></span> <span class='ocrx_word' id='word_1_583' title='bbox 3644 4816 3948 4881; x_wconf 68' lang='lat' dir='ltr'><strong>Studium,</strong></span> 
     </span>
     <span class='ocr_line' id='line_1_93' title="bbox 2101 4925 2465 4958; baseline -0.014 0"><span class='ocrx_word' id='word_1_584' title='bbox 2101 4925 2114 4958; x_wconf 74' lang='grc' dir='ltr'><strong>ί</strong></span> <span class='ocrx_word' id='word_1_585' title='bbox 2328 4938 2357 4954; x_wconf 79' lang='grc'><strong>.-</strong></span> <span class='ocrx_word' id='word_1_586' title='bbox 2451 4939 2465 4953; x_wconf 79' lang='grc' dir='ltr'><strong>ο</strong></span> 
     </span>
    </p>
   </div>
   <div class='ocr_carea' id='block_1_93' title="bbox 2101 4925 2465 4958">
    <p class='ocr_par' dir='ltr' id='par_1_93' title="bbox 2101 4925 2465 4958">
     <span class='ocr_line' id='line_1_94' title="bbox 2101 4925 2465 4958; baseline -0.014 0"><span class='ocrx_word' id='word_1_587' title='bbox 2101 4925 2146 4958; x_wconf 67' lang='lat' dir='ltr'><strong>le</strong></span> <span class='ocrx_word' id='word_1_588' title='bbox 2174 4925 2239 4958; x_wconf 84' lang='grc' dir='ltr'>ιυ</span> <span class='ocrx_word' id='word_1_589' title='bbox 2267 4925 2357 4958; x_wconf 65' lang='grc' dir='ltr'><strong>(υἵ-</strong></span> <span class='ocrx_word' id='word_1_590' title='bbox 2430 4925 2465 4958; x_wconf 78' lang='grc'><strong>1.</strong></span> 
     </span>
    </p>
   </div>
   <div class='ocr_carea' id='block_1_94' title="bbox 764 5021 2265 5094">
    <p class='ocr_par' dir='ltr' id='par_1_94' title="bbox 764 5021 2265 5094">
     <span class='ocr_line' id='line_1_95' title="bbox 764 5021 2265 5094; baseline -0.004 -11"><span class='ocrx_word' id='word_1_591' title='bbox 764 5028 809 5083; x_wconf 90' lang='lat'>0</span> <span class='ocrx_word' id='word_1_592' title='bbox 846 5028 1268 5083; x_wconf 86' lang='lat' dir='ltr'><strong>laudabilissima</strong></span> <span class='ocrx_word' id='word_1_593' title='bbox 1294 5070 1306 5089; x_wconf 86' lang='lat'><strong>,</strong></span> <span class='ocrx_word' id='word_1_594' title='bbox 1354 5043 1473 5093; x_wconf 75' lang='lat' dir='ltr'><strong>qua:</strong></span> <span class='ocrx_word' id='word_1_595' title='bbox 1518 5026 1632 5081; x_wconf 91' lang='lat' dir='ltr'><strong>sola</strong></span> <span class='ocrx_word' id='word_1_596' title='bbox 1666 5040 1832 5094; x_wconf 90' lang='lat' dir='ltr'><strong>supra</strong></span> <span class='ocrx_word' id='word_1_597' title='bbox 1877 5035 2089 5079; x_wconf 78' lang='lat' dir='ltr'><strong>naturae</strong></span> <span class='ocrx_word' id='word_1_598' title='bbox 2118 5021 2265 5078; x_wconf 87' lang='lat' dir='ltr'><strong>ordi-</strong></span> 
     </span>
    </p>
   </div>
   <div class='ocr_carea' id='block_1_95' title="bbox 694 5113 2264 5185">
    <p class='ocr_par' dir='ltr' id='par_1_95' title="bbox 694 5113 2264 5185">
     <span class='ocr_line' id='line_1_96' title="bbox 694 5113 2264 5185; baseline -0.006 -9"><span class='ocrx_word' id='word_1_599' title='bbox 694 5137 815 5176; x_wconf 88' lang='lat' dir='ltr'><strong>nem</strong></span> <span class='ocrx_word' id='word_1_600' title='bbox 847 5119 1193 5176; x_wconf 76' lang='lat' dir='ltr'><strong>Conditorem</strong></span> <span class='ocrx_word' id='word_1_601' title='bbox 1222 5130 1275 5172; x_wconf 90' lang='lat' dir='ltr'><strong>et</strong></span> <span class='ocrx_word' id='word_1_602' title='bbox 1316 5116 1597 5171; x_wconf 58' lang='lat' dir='ltr'><strong>Far-torem</strong></span> <span class='ocrx_word' id='word_1_603' title='bbox 1657 5115 1939 5181; x_wconf 89' lang='lat' dir='ltr'><strong>universi,</strong></span> <span class='ocrx_word' id='word_1_604' title='bbox 1972 5113 2069 5185; x_wconf 87' lang='lat' dir='ltr'><strong>qui</strong></span> <span class='ocrx_word' id='word_1_605' title='bbox 2124 5113 2178 5167; x_wconf 91' lang='lat' dir='ltr'><strong>in</strong></span> <span class='ocrx_word' id='word_1_606' title='bbox 2211 5123 2264 5168; x_wconf 90' lang='lat' dir='ltr'><strong>te</strong></span> 
     </span>
    </p>
   </div>
   <div class='ocr_carea' id='block_1_96' title="bbox 695 5204 2261 5280">
    <p class='ocr_par' dir='ltr' id='par_1_96' title="bbox 695 5204 2261 5280">
     <span class='ocr_line' id='line_1_97' title="bbox 695 5204 2261 5280; baseline -0.003 -15"><span class='ocrx_word' id='word_1_607' title='bbox 695 5225 918 5266; x_wconf 82' lang='lat' dir='ltr'><strong>naturas</strong></span> <span class='ocrx_word' id='word_1_608' title='bbox 954 5212 1253 5274; x_wconf 76' lang='lat' dir='ltr'><strong>innovavit,</strong></span> <span class='ocrx_word' id='word_1_609' title='bbox 1280 5210 1559 5280; x_wconf 72' lang='lat' dir='ltr'><strong>peperisti,</strong></span> <span class='ocrx_word' id='word_1_610' title='bbox 1591 5209 1796 5264; x_wconf 85' lang='lat' dir='ltr'><strong>redime</strong></span> <span class='ocrx_word' id='word_1_611' title='bbox 1826 5221 1911 5262; x_wconf 88' lang='lat' dir='ltr'><strong>me</strong></span> <span class='ocrx_word' id='word_1_612' title='bbox 1941 5221 1971 5260; x_wconf 88' lang='lat' dir='ltr'><strong>a</strong></span> <span class='ocrx_word' id='word_1_613' title='bbox 2002 5204 2261 5277; x_wconf 85' lang='lat' dir='ltr'><strong>peccatis,</strong></span> 
     </span>
    </p>
   </div>
   <div class='ocr_carea' id='block_1_97' title="bbox 690 5304 1420 5371">
    <p class='ocr_par' dir='ltr' id='par_1_97' title="bbox 690 5304 1420 5371">
     <span class='ocr_line' id='line_1_98' title="bbox 690 5304 1420 5371; baseline -0.001 -12"><span class='ocrx_word' id='word_1_614' title='bbox 690 5312 747 5359; x_wconf 89' lang='lat' dir='ltr'><strong>et</strong></span> <span class='ocrx_word' id='word_1_615' title='bbox 768 5318 797 5357; x_wconf 93' lang='lat' dir='ltr'><strong>a</strong></span> <span class='ocrx_word' id='word_1_616' title='bbox 832 5304 1116 5359; x_wconf 89' lang='lat' dir='ltr'><strong>tormentis</strong></span> <span class='ocrx_word' id='word_1_617' title='bbox 1138 5304 1285 5371; x_wconf 78' lang='lat' dir='ltr'><strong>eripe</strong></span> <span class='ocrx_word' id='word_1_618' title='bbox 1314 5317 1420 5358; x_wconf 91' lang='lat' dir='ltr'><strong>me.</strong></span> 
     </span>
    </p>
   </div>
   <div class='ocr_carea' id='block_1_98' title="bbox 765 5389 2264 5463">
    <p class='ocr_par' dir='ltr' id='par_1_98' title="bbox 765 5389 2264 5463">
     <span class='ocr_line' id='line_1_99' title="bbox 765 5389 2264 5463; baseline -0.004 -12"><span class='ocrx_word' id='word_1_619' title='bbox 765 5396 970 5451; x_wconf 76' lang='lat' dir='ltr'><strong>Medica</strong></span> <span class='ocrx_word' id='word_1_620' title='bbox 1018 5406 1253 5451; x_wconf 82' lang='lat' dir='ltr'><strong>ruentem</strong></span> <span class='ocrx_word' id='word_1_621' title='bbox 1298 5411 1470 5452; x_wconf 79' lang='lat' dir='ltr'><strong>inoam</strong></span> <span class='ocrx_word' id='word_1_622' title='bbox 1524 5396 1702 5463; x_wconf 83' lang='lat' dir='ltr'><strong>pravis</strong></span> <span class='ocrx_word' id='word_1_623' title='bbox 1748 5391 2127 5449; x_wconf 80' lang='lat' dir='ltr'><strong>aﬂ&#39;ectionibns</strong></span> <span class='ocrx_word' id='word_1_624' title='bbox 2182 5389 2264 5445; x_wconf 84' lang='lat' dir='ltr'><strong>vi-</strong></span> 
     </span>
    </p>
   </div>
   <div class='ocr_carea' id='block_1_99' title="bbox 695 5485 2266 5560">
    <p class='ocr_par' dir='ltr' id='par_1_99' title="bbox 695 5485 2266 5560">
     <span class='ocr_line' id='line_1_100' title="bbox 695 5485 2266 5560; baseline -0.003 -17"><span class='ocrx_word' id='word_1_625' title='bbox 695 5491 877 5545; x_wconf 87' lang='lat' dir='ltr'><strong>tiatam</strong></span> <span class='ocrx_word' id='word_1_626' title='bbox 904 5502 984 5554; x_wconf 76' lang='lat' dir='ltr'><strong>,‘o</strong></span> <span class='ocrx_word' id='word_1_627' title='bbox 1011 5490 1302 5555; x_wconf 80' lang='lat' dir='ltr'><strong>inviolata;</strong></span> <span class='ocrx_word' id='word_1_628' title='bbox 1331 5506 1393 5544; x_wconf 89' lang='lat' dir='ltr'><strong>ac</strong></span> <span class='ocrx_word' id='word_1_629' title='bbox 1419 5490 1619 5545; x_wconf 74' lang='lat' dir='ltr'><strong>divina:</strong></span> <span class='ocrx_word' id='word_1_630' title='bbox 1641 5490 1831 5560; x_wconf 64' lang='lat' dir='ltr'><strong>gratiae</strong></span> <span class='ocrx_word' id='word_1_631' title='bbox 1859 5488 1978 5543; x_wconf 64' lang='lat' dir='ltr'><strong>laeta</strong></span> <span class='ocrx_word' id='word_1_632' title='bbox 2007 5487 2128 5542; x_wconf 82' lang='lat' dir='ltr'><strong>luce.</strong></span> <span class='ocrx_word' id='word_1_633' title='bbox 2154 5485 2266 5539; x_wconf 85' lang='lat' dir='ltr'><strong>ani-</strong></span> 
     </span>
    </p>
   </div>
   <div class='ocr_carea' id='block_1_100' title="bbox 693 5582 1369 5651">
    <p class='ocr_par' dir='ltr' id='par_1_100' title="bbox 693 5582 1369 5651">
     <span class='ocr_line' id='line_1_101' title="bbox 693 5582 1369 5651; baseline -0.003 -14"><span class='ocrx_word' id='word_1_634' title='bbox 693 5599 836 5637; x_wconf 89' lang='lat' dir='ltr'><strong>mam</strong></span> <span class='ocrx_word' id='word_1_635' title='bbox 870 5599 1042 5637; x_wconf 88' lang='lat' dir='ltr'><strong>meam</strong></span> <span class='ocrx_word' id='word_1_636' title='bbox 1091 5582 1369 5651; x_wconf 78' lang='lat' dir='ltr'><strong>perfunde.</strong></span> 
     </span>
    </p>
   </div>
   <div class='ocr_carea' id='block_1_101' title="bbox 765 5672 2269 5746">
    <p class='ocr_par' dir='ltr' id='par_1_101' title="bbox 765 5672 2269 5746">
     <span class='ocr_line' id='line_1_102' title="bbox 765 5672 2269 5746; baseline 0.001 -18"><span class='ocrx_word' id='word_1_637' title='bbox 765 5675 979 5730; x_wconf 71' lang='lat' dir='ltr'><strong>Malitia:</strong></span> <span class='ocrx_word' id='word_1_638' title='bbox 1010 5676 1224 5730; x_wconf 77' lang='lat' dir='ltr'><strong>tnrltine</strong></span> <span class='ocrx_word' id='word_1_639' title='bbox 1256 5675 1609 5745; x_wconf 73' lang='lat' dir='ltr'><strong>exagitatum,</strong></span> <span class='ocrx_word' id='word_1_640' title='bbox 1642 5684 1695 5729; x_wconf 89' lang='lat' dir='ltr'><strong>et</strong></span> <span class='ocrx_word' id='word_1_641' title='bbox 1720 5674 2025 5745; x_wconf 86' lang='lat' dir='ltr'><strong>procelloso</strong></span> <span class='ocrx_word' id='word_1_642' title='bbox 2055 5672 2269 5746; x_wconf 86' lang='lat' dir='ltr'><strong>passio-</strong></span> 
     </span>
    </p>
   </div>
   <div class='ocr_carea' id='block_1_102' title="bbox 763 5832 1980 5904">
    <p class='ocr_par' dir='ltr' id='par_1_102' title="bbox 763 5832 1980 5904">
     <span class='ocr_line' id='line_1_103' title="bbox 763 5832 1980 5904; baseline 0.002 -18"><span class='ocrx_word' id='word_1_643' title='bbox 763 5833 939 5904; x_wconf 65' lang='lat' dir='ltr'><strong>t92&#39;”)</strong></span> <span class='ocrx_word' id='word_1_644' title='bbox 972 5834 1316 5889; x_wconf 76' lang='lat' dir='ltr'><strong>Desrdcratur</strong></span> <span class='ocrx_word' id='word_1_645' title='bbox 1342 5850 1395 5888; x_wconf 84' lang='lat' dir='ltr'><strong>in</strong></span> <span class='ocrx_word' id='word_1_646' title='bbox 1424 5833 1646 5889; x_wconf 60' lang='lat' dir='ltr'><strong>Metuis</strong></span> <span class='ocrx_word' id='word_1_647' title='bbox 1677 5832 1980 5903; x_wconf 66' lang='lat' dir='ltr'><strong>impressu.</strong></span> 
     </span>
    </p>
   </div>
   <div class='ocr_carea' id='block_1_103' title="bbox 2375 5006 3950 5084">
    <p class='ocr_par' dir='ltr' id='par_1_103' title="bbox 2375 5006 3950 5084">
     <span class='ocr_line' id='line_1_104' title="bbox 2375 5006 3950 5084; baseline -0.007 -16"><span class='ocrx_word' id='word_1_648' title='bbox 2375 5030 2500 5069; x_wconf 90' lang='lat' dir='ltr'><strong>num</strong></span> <span class='ocrx_word' id='word_1_649' title='bbox 2534 5014 2723 5084; x_wconf 82' lang='lat' dir='ltr'><strong>pelago</strong></span> <span class='ocrx_word' id='word_1_650' title='bbox 2744 5012 3009 5082; x_wconf 73' lang='lat' dir='ltr'><strong>iactatum</strong></span> <span class='ocrx_word' id='word_1_651' title='bbox 3037 5008 3184 5065; x_wconf 83' lang='lat' dir='ltr'><strong>salva</strong></span> <span class='ocrx_word' id='word_1_652' title='bbox 3211 5022 3428 5064; x_wconf 89' lang='lat' dir='ltr'><strong>servum</strong></span> <span class='ocrx_word' id='word_1_653' title='bbox 3462 5016 3614 5061; x_wconf 91' lang='lat' dir='ltr'><strong>tuum</strong></span> <span class='ocrx_word' id='word_1_654' title='bbox 3648 5006 3713 5060; x_wconf 89' lang='lat' dir='ltr'><strong>ad</strong></span> <span class='ocrx_word' id='word_1_655' title='bbox 3738 5015 3793 5060; x_wconf 89' lang='lat' dir='ltr'><strong>te</strong></span> <span class='ocrx_word' id='word_1_656' title='bbox 3816 5022 3950 5061; x_wconf 87' lang='lat' dir='ltr'><strong>con-</strong></span> 
     </span>
    </p>
   </div>
   <div class='ocr_carea' id='block_1_104' title="bbox 2371 5102 3062 5178">
    <p class='ocr_par' dir='ltr' id='par_1_104' title="bbox 2371 5102 3062 5178">
     <span class='ocr_line' id='line_1_105' title="bbox 2371 5102 3062 5178; baseline -0.009 -17"><span class='ocrx_word' id='word_1_657' title='bbox 2371 5105 2687 5178; x_wconf 77' lang='lat' dir='ltr'><strong>fugientem,</strong></span> <span class='ocrx_word' id='word_1_658' title='bbox 2716 5121 2750 5161; x_wconf 94' lang='grc' dir='ltr'><strong>ο</strong></span> <span class='ocrx_word' id='word_1_659' title='bbox 2783 5102 3062 5159; x_wconf 81' lang='lat' dir='ltr'><strong>inviolata.</strong></span> 
     </span>
    </p>
   </div>
   <div class='ocr_carea' id='block_1_105' title="bbox 2440 5191 3949 5269">
    <p class='ocr_par' dir='ltr' id='par_1_105' title="bbox 2440 5191 3949 5269">
     <span class='ocr_line' id='line_1_106' title="bbox 2440 5191 3949 5269; baseline -0.007 -14"><span class='ocrx_word' id='word_1_660' title='bbox 2440 5201 2486 5255; x_wconf 82' lang='lat' dir='ltr'><strong>A</strong></span> <span class='ocrx_word' id='word_1_661' title='bbox 2516 5198 2770 5255; x_wconf 88' lang='lat' dir='ltr'><strong>violentis</strong></span> <span class='ocrx_word' id='word_1_662' title='bbox 2807 5198 3012 5269; x_wconf 85' lang='lat' dir='ltr'><strong>peccati</strong></span> <span class='ocrx_word' id='word_1_663' title='bbox 3048 5195 3325 5261; x_wconf 84' lang='lat' dir='ltr'><strong>ﬂuctibus,</strong></span> <span class='ocrx_word' id='word_1_664' title='bbox 3359 5210 3391 5249; x_wconf 90' lang='lat' dir='ltr'><strong>a</strong></span> <span class='ocrx_word' id='word_1_665' title='bbox 3427 5192 3747 5265; x_wconf 84' lang='lat' dir='ltr'><strong>passionum</strong></span> <span class='ocrx_word' id='word_1_666' title='bbox 3787 5191 3949 5263; x_wconf 76' lang='lat' dir='ltr'><strong>igno-</strong></span> 
     </span>
    </p>
   </div>
   <div class='ocr_carea' id='block_1_106' title="bbox 2374 5284 3948 5367">
    <p class='ocr_par' dir='ltr' id='par_1_106' title="bbox 2374 5284 3948 5367">
     <span class='ocr_line' id='line_1_107' title="bbox 2374 5284 3948 5367; baseline -0.01 -15"><span class='ocrx_word' id='word_1_667' title='bbox 2374 5295 2561 5359; x_wconf 85' lang='lat' dir='ltr'><strong>minia,</strong></span> <span class='ocrx_word' id='word_1_668' title='bbox 2587 5304 2751 5367; x_wconf 88' lang='lat' dir='ltr'><strong>atque</strong></span> <span class='ocrx_word' id='word_1_669' title='bbox 2779 5293 2847 5349; x_wconf 88' lang='lat' dir='ltr'><strong>ab</strong></span> <span class='ocrx_word' id='word_1_670' title='bbox 2876 5291 3049 5354; x_wconf 89' lang='lat' dir='ltr'><strong>omni,</strong></span> <span class='ocrx_word' id='word_1_671' title='bbox 3080 5288 3225 5359; x_wconf 90' lang='lat' dir='ltr'><strong>quod</strong></span> <span class='ocrx_word' id='word_1_672' title='bbox 3261 5288 3602 5353; x_wconf 85' lang='lat' dir='ltr'><strong>circumstat,</strong></span> <span class='ocrx_word' id='word_1_673' title='bbox 3634 5285 3805 5348; x_wconf 85' lang='lat' dir='ltr'><strong>malo,</strong></span> <span class='ocrx_word' id='word_1_674' title='bbox 3833 5284 3948 5341; x_wconf 66' lang='lat' dir='ltr'><strong>sal-</strong></span> 
     </span>
    </p>
   </div>
   <div class='ocr_carea' id='block_1_107' title="bbox 2372 5388 3220 5449">
    <p class='ocr_par' dir='ltr' id='par_1_107' title="bbox 2372 5388 3220 5449">
     <span class='ocr_line' id='line_1_108' title="bbox 2372 5388 3220 5449; baseline -0.012 -4"><span class='ocrx_word' id='word_1_675' title='bbox 2372 5405 2470 5446; x_wconf 86' lang='lat' dir='ltr'><strong>vos</strong></span> <span class='ocrx_word' id='word_1_676' title='bbox 2494 5388 2580 5444; x_wconf 82' lang='lat' dir='ltr'><strong>fac</strong></span> <span class='ocrx_word' id='word_1_677' title='bbox 2606 5402 2791 5443; x_wconf 87' lang='lat' dir='ltr'><strong>servos</strong></span> <span class='ocrx_word' id='word_1_678' title='bbox 2824 5398 2965 5449; x_wconf 88' lang='lat' dir='ltr'><strong>tuos,</strong></span> <span class='ocrx_word' id='word_1_679' title='bbox 2993 5399 3026 5439; x_wconf 93' lang='grc' dir='ltr'><strong>ο</strong></span> <span class='ocrx_word' id='word_1_680' title='bbox 3049 5390 3220 5438; x_wconf 87' lang='lat' dir='ltr'><strong>easta.</strong></span> 
     </span>
    </p>
   </div>
   <div class='ocr_carea' id='block_1_108' title="bbox 2446 5468 3951 5546">
    <p class='ocr_par' dir='ltr' id='par_1_108' title="bbox 2446 5468 3951 5546">
     <span class='ocr_line' id='line_1_109' title="bbox 2446 5468 3951 5546; baseline -0.011 -8"><span class='ocrx_word' id='word_1_681' title='bbox 2446 5481 2709 5538; x_wconf 82' lang='lat' dir='ltr'><strong>Mortiﬁca</strong></span> <span class='ocrx_word' id='word_1_682' title='bbox 2766 5480 2950 5536; x_wconf 89' lang='lat' dir='ltr'><strong>carnis</strong></span> <span class='ocrx_word' id='word_1_683' title='bbox 2993 5493 3125 5533; x_wconf 67' lang='lat' dir='ltr'><strong>mea:</strong></span> <span class='ocrx_word' id='word_1_684' title='bbox 3162 5473 3533 5546; x_wconf 87' lang='lat' dir='ltr'><strong>prudentiam,</strong></span> <span class='ocrx_word' id='word_1_685' title='bbox 3575 5469 3741 5541; x_wconf 80' lang='lat' dir='ltr'><strong>Virgo</strong></span> <span class='ocrx_word' id='word_1_686' title='bbox 3777 5468 3951 5522; x_wconf 86' lang='lat' dir='ltr'><strong>invio-</strong></span> 
     </span>
    </p>
   </div>
   <div class='ocr_carea' id='block_1_109' title="bbox 2376 5562 3945 5644">
    <p class='ocr_par' dir='ltr' id='par_1_109' title="bbox 2376 5562 3945 5644">
     <span class='ocr_line' id='line_1_110' title="bbox 2376 5562 3945 5644; baseline -0.011 -13"><span class='ocrx_word' id='word_1_687' title='bbox 2376 5577 2506 5643; x_wconf 88' lang='lat' dir='ltr'><strong>lata,</strong></span> <span class='ocrx_word' id='word_1_688' title='bbox 2533 5590 2656 5644; x_wconf 79' lang='lat' dir='ltr'><strong>qua:</strong></span> <span class='ocrx_word' id='word_1_689' title='bbox 2680 5572 2959 5630; x_wconf 84' lang='lat' dir='ltr'><strong>Christum</strong></span> <span class='ocrx_word' id='word_1_690' title='bbox 2984 5568 3305 5639; x_wconf 87' lang='lat' dir='ltr'><strong>concepisti,</strong></span> <span class='ocrx_word' id='word_1_691' title='bbox 3336 5566 3430 5638; x_wconf 91' lang='lat' dir='ltr'><strong>qui</strong></span> <span class='ocrx_word' id='word_1_692' title='bbox 3466 5564 3650 5620; x_wconf 87' lang='lat' dir='ltr'><strong>divina</strong></span> <span class='ocrx_word' id='word_1_693' title='bbox 3706 5562 3945 5632; x_wconf 87' lang='lat' dir='ltr'><strong>potentia</strong></span> 
     </span>
    </p>
   </div>
   <div class='ocr_carea' id='block_1_110' title="bbox 2377 5658 3585 5726">
    <p class='ocr_par' dir='ltr' id='par_1_110' title="bbox 2377 5658 3585 5726">
     <span class='ocr_line' id='line_1_111' title="bbox 2377 5658 3585 5726; baseline -0.011 0"><span class='ocrx_word' id='word_1_694' title='bbox 2377 5683 2646 5726; x_wconf 86' lang='lat' dir='ltr'><strong>mortuam</strong></span> <span class='ocrx_word' id='word_1_695' title='bbox 2677 5666 2958 5724; x_wconf 83' lang='lat' dir='ltr'><strong>hominum</strong></span> <span class='ocrx_word' id='word_1_696' title='bbox 2990 5673 3242 5721; x_wconf 87' lang='lat' dir='ltr'><strong>naturam</strong></span> <span class='ocrx_word' id='word_1_697' title='bbox 3274 5658 3585 5717; x_wconf 82' lang='lat' dir='ltr'><strong>viviticavit.</strong></span> 
     </span>
    </p>
   </div>
  </div>
