4166 6458
232 425 362 490 l‘Lll

1626 415 1991 475 MARIALE.
2050 388 2051 391 γ

3338 408 3474 476 12ὶὲ

296 526 532 583 Verbum
562 522 675 590 Dei,
704 523 976 577 innovatis
1006 531 1211 578 natura:
1237 520 1474 593 legibus,
1500 538 1622 577 cum
1646 531 1792 577 esset
1824 522 1869 579 A
1897 532 2139 592 ereptum
2166 562 2179 585 ,
2219 520 2628 589 incorruptione
2675 519 2917 576 donavit.
2985 518 3351 586 Quamobrem
3423 533 3476 579 te

226 619 345 677 sine
363 619 655 689 principio,
683 632 749 671 ex
770 617 919 686 puris
941 616 1300 686 sanguinibus
1330 617 1435 671 tuis
1458 616 1798 670 incarnatum

226 720 331 776 est,
359 727 392 764 ο
427 710 615 779 Virgo,
656 725 818 777 supra
851 708 1079 762 rationis
1112 717 1327 776 captum
1350 747 1363 769 ,
1395 717 1449 760 et
1489 706 1689 760 factum
1716 707 1800 758 in-

228 803 372 868 fans,
410 804 687 856 hominem
720 810 1037 869 corruptum
1072 799 1477 867 redintegravit.

302 893 569 947 Dominus
599 892 924 954 altissimus,
958 905 1083 943 cum
1118 900 1261 942 esset
1298 904 1460 942 verus
1494 887 1657 950 Deus,
1707 886 1805 939 hn-

231 1004 447 1043 manam
482 987 713 1041 formam
739 1001 802 1039 cx
833 993 886 1038 te
915 985 1175 1053 suscepit,
1210 998 1242 1037 υ
1282 980 1442 1051 Virgo
1466 981 1799 1043 castissima,

232 1090 399 1151 atque
438 1078 711 1133 [nominent
752 1075 1056 1139 deitieavit,
1095 1089 1330 1144 eumque
1375 1088 1404 1126 a
1457 1074 1807 1140 corruptione

245 1261 350 1317 Ἐκ
403 1260 506 1314 τοῦ
557 1260 824 1321 Κανόνος
862 1260 948 1322 εις
995 1256 1099 1308 τὸν
1141 1255 1311 1324 ἅγιον
1368 1252 1656 1319 Ἰωάννην
1706 1254 1811 1305 τὸν

664 1329 1028 1395 Ἐυίειὶμονα,
1070 1327 1257 1395 ἡμέρᾳ
1302 1324 1387 1396 ιβ’.

310 1466 431 1519 Ἵνα
460 1466 585 1527 τοὺς
619 1465 769 1517 κάτω
797 1467 908 1525 τοῖς
938 1462 1051 1515 ἄνω
1076 1462 1383 1531 συνάψειεν,
1418 1462 1446 1515 ὁ
1482 1462 1641 1533 μόνος
1677 1463 1811 1515 πάν-

241 1575 353 1612 των
380 1559 510 1619 Θεὸς
559 1558 774 1627 μήτραν
825 1556 1201 1626 ἀπειρόγαμον
1251 1555 1441 1620 ὑπέδυ,
1481 1556 1578 1608 καὶ
1613 1555 1815 1621 σαρκὸς

240 1651 426 1720 φανεὶς
451 1652 508 1703 ὲν
538 1652 864 1718 ὁμοιώματι,
896 1651 993 1718 τῆς
1017 1650 1216 1721 ἔχθρας
1251 1648 1310 1703 τὸ
1338 1650 1649 1719 μεσότειχον
1682 1648 1817 1700 ἑλὼν

239 1744 464 1813 εἰρήνην
496 1741 808 1810 ἐμεσίτευσε
833 1781 847 1804 ,
876 1743 967 1795 καὶ
1010 1740 1155 1812 ζωὴν
1184 1741 1482 1812 ὲὸράϐευσε
1502 1782 1518 1808 ,
1550 1742 1643 1793 καὶ
1670 1740 1817 1793 θείαν

237 1836 644 1904 ἀπολύτριιισιν.

324 1929 449 1981 Ἐπὶ
476 1930 578 1992 σοὶ,
626 1928 890 1995 παναγία,
934 1929 962 1981 ὁ
995 1927 1088 1981 τοῦ
1126 1928 1326 1992 παντὸς
1352 1928 1521 1990 αἴτιος
1553 1927 1619 1981 δι’
1648 1910 1819 1998 ὑπερ-

241 2019 406 2088 6ολὴν
432 2018 831 2091 εὐσπλαγχνίας
870 2017 1039 2072 Θέλων
1062 2020 1362 2088 ἐσκήνωσε,
1397 2019 1492 2072 καὶ
1521 2017 1822 2087 καθηγίασε

239 2111 344 2182 τὴν
377 2112 485 2168 τῶν
533 2112 836 2184 ἀνθρώπων
892 2112 1081 2166 οὐσίαν
1112 2110 1420 2182 παραϐάσει
1448 2110 1710 2181 πρότερον
1739 2106 1823 2173 ἐξ·

240 2204 628 2273 ολισθήσασαν.

321 2294 501 2347 Ἰασαί
535 2313 634 2364 μου
660 2296 727 2350 τὰ
752 2297 1044 2368 τραύματα
1063 2334 1077 2359 ,
1124 2295 1296 2365 Κόρη,
1331 2296 1427 2365 τῆς
1458 2296 1703 2368 καρδίας,
1734 2296 1828 2349 καὶ

242 2387 617 2441 κατευόδωσον
645 2389 742 2458 τῆς
775 2389 954 2459 ψυχῆς
988 2404 1090 2457 μου
1125 2386 1193 2439 τὰ
1238 2389 1513 2459 κινήματα
1542 2391 1621 2451 εἰς
1652 2387 1788 2441 Θεοῦ
1811 2430 1824 2454 ,

243 2480 490 2549 Παρῦἐω
515 2523 529 2545 ,
558 2481 626 2535 τὰ
648 2482 946 2551 θελήματα.

315 2599 430 2669 Τὴν
462 2600 837 2652 σκοτισθείσαν
863 2598 1042 2671 ψυχήν
1071 2616 1171 2670 μου
1203 2603 1325 2664 ταῖς
1379 2601 1711 2673 φιληδονίαις
1732 2602 1826 2657 τοῦ

245 2692 387 2762 βίου,
414 2693 551 2761 ἁγνὴ
578 2693 909 2762 πανάμωμε,
935 2694 1013 2764 τῷ
1044 2696 1183 2762 φωτὶ
1210 2693 1287 2766 τῷ
1315 2695 1391 2765 σῷ
1409 2695 1612 2767 ταύτην
1630 2697 1831 2751 καταύ-

242 2800 437 2852 γασον,
470 2786 501 2855 ἡ
532 2786 592 2837 τὸ
625 2785 735 2854 φῶς
764 2786 998 2855 Χριστὸν
1026 2786 1257 2840 τεκοῦσα
1282 2788 1378 2858 τῆς
1409 2788 1683 2857 ἀγνωσίας
1708 2790 1832 2844 σκόο

240 2894 337 2938 τος
369 2894 584 2929 Αυοντα.

320 2990 635 3058 Νοήσαντες
704 2989 955 3061 οεηγόροι
1002 2991 1276 3062 προφῆται
1333 2997 1634 3066 μυστηρίου
1695 3014 1827 3063 σου,

246 3080 528 3153 Παρθένε,
585 3081 645 3133 τὸ
700 3080 883 3150 βάθος,
945 3083 1302 3153 προφητικῶς
1359 3089 1832 3157 προκατήγγειλαν

1906 614 2138 667 universi
2168 612 2562 672 benedicimus,
2592 626 2624 664 ο
2656 610 2746 665 Dei
2779 627 2979 679 sponsa
3004 610 3192 665 Maria.

1975 706 2307 761 llorrescunt
2363 706 2677 776 angelorum
2735 707 2974 771 ordines,
3027 720 3061 759 ο
3107 704 3475 770 immaculata,

1904 797 2309 851 considerantes
2339 796 2656 866 mysterium
2682 804 2868 861 partus
2898 796 2995 859 tui,
3020 794 3166 865 quod
3194 805 3278 848 est
3304 812 3465 862 supra

1907 900 2157 942 naturam
2194 907 2207 942 :
2245 890 2405 957 220
2426 885 2598 942 Deum
2644 888 2785 941 enim
2822 888 3095 956 peperisti,
3133 897 3188 943 et
3221 897 3477 957 tanquam

1912 984 2078 1035 lilium
2109 983 2320 1035 lactasti
2361 998 2481 1034 eum
2511 982 2601 1051 qui
2635 981 2806 1034 nutrit
2835 981 3114 1035 universa.

1918 1270 1996 1323 Ex
2020 1269 2228 1324 Canone
2253 1272 2304 1321 in
2330 1270 2461 1337 [esto
2488 1264 2545 1323 S.
2567 1267 2792 1320 Joannis
2819 1266 3259 1337 Elaemosynarii,
3283 1267 3366 1321 die
3397 1267 3477 1321 l2.

1987 1476 2058 1530 Ut
2103 1475 2412 1544 superiores
2442 1488 2505 1527 ac
2552 1484 2803 1528 cra-restes
2843 1489 2965 1528 cum
3007 1472 3360 1526 inferioribus
3395 1488 3485 1525 ce-

1918 1570 2153 1638 pularet,
2200 1566 2350 1619 solus
2386 1566 2630 1618 omnium
2683 1565 2823 1619 Deus
2855 1574 3065 1617 uterum
3100 1563 3367 1617 illibatum
3404 1561 3488 1615 in-

1918 1676 2140 1729 gressus
2172 1668 2275 1721 est,
2306 1668 2356 1711 et
2399 1659 2451 1711 in
2490 1657 2844 1712 similitudine
2875 1657 3060 1711 carnis
3085 1672 3371 1725 apparens,
3401 1656 3489 1709 in-

1922 1754 2183 1809 trrmedio
2214 1754 2506 1807 inimicitiae
2533 1753 2737 1822 pariete
2761 1753 2995 1815 sublato,
3030 1767 3216 1821 pacem
3248 1751 3487 1819 interpo»

1848 1870 1889 1923 Β
1921 1847 2049 1909 suit,
2083 1854 2136 1898 et
2168 1845 2330 1897 vitam
2355 1886 2367 1908 ,
2406 1846 2757 1912 divinamque
2784 1844 3208 1913 redemptionem
3250 1842 3489 1896 donavit.

2002 1939 2057 1993 in
2093 1948 2176 2003 te,
2214 1954 2246 1991 ο
2289 1939 2631 1992 sanctissima
2659 1976 2673 2001 ,
2723 1935 2960 1989 universi
3011 1944 3218 1999 auctor,
3275 1940 3494 2003 propter

1925 2046 2210 2086 excessum
2244 2030 2628 2085 misericordiae
2655 2045 2768 2083 suae
2811 2029 3116 2082 voluntarie
3143 2028 3454 2081 inhabitans
3479 2063 3494 2086 ,

1927 2124 2287 2180 sanetilicavit
2341 2122 2625 2176 hominum
2676 2121 3059 2187 substantiam,
3110 2134 3230 2191 qua:
3282 2127 3500 2189 propter

1926 2219 2156 2289 primam
2192 2216 2679 2285 transgressionem
2702 2222 3006 2268 corruerat.

2000 2306 2215 2360 Medere
2246 2305 2565 2359 vulneribus
2594 2303 2774 2359 cordis
2808 2302 2934 2363 mei,
2966 2316 2999 2355 o
3020 2299 3200 2370 puella
3234 2297 3420 2368 Virgo,
3447 2308 3502 2352 et

1929 2400 2127 2454 anima:
2150 2414 2282 2453 mea:
2307 2405 2488 2452 motus
2513 2397 2578 2451 ad
2608 2394 2702 2449 Dei
2728 2394 3065 2449 voluntatem
3118 2389 3500 2461 perficiendam

1930 2492 2072 2548 felici
2098 2492 2314 2546 tramite
2341 2490 2532 2560 dirige.

2000 2610 2253 2664 Animam
2290 2623 2465 2661 meum
2504 2606 2843 2671 voluptatum
2878 2602 3001 2657 vita:
3039 2615 3227 2655 amore
3277 2599 3497 2654 obtene-

1931 2704 2142 2759 hratam
2196 2702 2317 2755 luce
2371 2708 2465 2753 tua
2524 2698 2767 2750 illumina
2795 2736 2809 2760 ,
2846 2708 2879 2749 ο
2914 2702 3097 2759 casta,
3131 2708 3196 2746 ac
3232 2690 3395 2745 libera
3436 2691 3504 2743 ab

1933 2797 2079 2852 omni
2120 2795 2256 2859 labe,
2301 2809 2421 2863 qua:
2467 2792 2642 2845 lucem
2677 2789 2953 2845 Christum
3002 2786 3292 2857 peperisti,
3335 2800 3363 2837 a
3398 2799 3506 2853 quo

1934 2889 2253 2959 ignorantia:
2283 2884 2521 2940 tenebr:e
2552 2881 2945 2936 dissolvuntur.

2008 3001 2329 3070 Diviniloqui
2366 2999 2638 3069 prophetae
2688 2995 2963 3049 intellectu
3003 2989 3239 3047 assecuti
3276 2987 3507 3057 profun-

1936 3098 2157 3151 ditatem
2221 3092 2465 3164 mysterii
2516 3090 2617 3152 tui,
2680 3106 2712 3143 o
2754 3086 2948 3156 Virgo,
3008 3083 3321 3154 prophetice
3376 3079 3505 3132 illud

243 3174 429 3233 τοῦτο,
459 3172 950 3241 φωταγωγούμενοι
974 3172 1101 3243 θείῳ
1120 3173 1419 3244 Πνεύματι,
1450 3178 1648 3232 καὶνῦν
1673 3181 1832 3251 ἡμεῖς

1936 3188 2388 3247 enuntiaverunt,
2443 3180 2611 3237 divini
2664 3180 2899 3249 Spiritus
2951 3177 3072 3230 luce
3118 3171 3396 3227 illustrati.
3447 3169 3512 3222 Et

245 3264 570 3334 περιφανῶς
595 3264 693 3327 τὰς
727 3264 977 3328 ἐκϐάσεις
1008 3266 1240 3337 ὁρῶντες
1269 3270 1615 3339 πιστεύομεν.

324 3448 483 3517 Μόνη
523 3447 614 3502 τὸν
660 3449 757 3502 ἕνα
805 3449 903 3519 τῆς
936 3451 1164 3522 Τριάδος
1217 3456 1590 3527 ἀπεγέννησας
1642 3462 1699 3514 ὲν
1742 3463 1835 3517 δύο

241 3542 371 3605 ταῖς
419 3541 627 3604 οὶσίαις
660 3541 953 3596 ὑποστάσει
1003 3547 1103 3616 μιᾷ
1146 3546 1455 3617 ὁρώμενον,
1492 3552 1765 3623 ΙΙαρθένε,
1796 3550 1839 3624 ᾧ

246 3632 631 3705 μελῳδοῦμεν·
658 3634 831 3704 Κύριε
862 3636 888 3687 ὁ
913 3635 1066 3700 Θεὸς,
1092 3638 1381 3711 εὐλογητὸς
1412 3638 1479 3695 εἴ.

327 3746 581 3817 Ῥείορου
611 3746 809 3811 ζῶντος
830 3746 1035 3819 ὤφθης,
1078 3752 1339 3820 παναγία,
1374 3757 1659 3825 σκήνωμα,
1690 3758 1746 3825 ἐξ
1777 3753 1837 3814 οὗ

243 3841 475 3902 πιόντες
508 3841 556 3891 οί
593 3841 991 3905 θανατωθέντες
1023 3843 1120 3910 τὴν
1154 3844 1295 3914 ζωὴν
1330 3846 1679 3916 κληρούμεθα
1706 3852 1835 3903 diva.-

240 3932 515 3994 εοὼντες·
552 3932 859 3999 Εὐλογεῖτε,
899 3934 1073 3987 πάντα
1102 3936 1165 3986 τὰ
1195 3936 1349 4005 ἔργα,
1370 3938 1461 3991 τὸν
1482 3938 1703 4010 Κύριον,
1742 3942 1836 3994 καὶ

241 4028 352 4082 om:
366 4027 604 4099 ρυψοῦτε
634 4029 713 4090 εἰς
745 4028 949 4091 πάντας
972 4029 1097 4091 τοὺς
1126 4028 1345 4093 αἰῶνας.

315 4217 568 4269 Φανεῖσα
621 4211 931 4283 πλατυτέρα
979 4212 1259 4283 οὐρανῶν,
1293 4214 1568 4283 Παρθένε,
1619 4216 1710 4270 τὸν
1757 4216 1843 4270 λο-

236 4306 457 4376 γισμόν
496 4322 596 4374 μου
647 4304 1002 4371 στενοὺμενον
1038 4304 1324 4367 πλατυνον,
1364 4308 1667 4376 χωρητικὸν
1691 4326 1843 4381 χαρι-

236 4400 487 4471 σμάτων
512 4398 667 4451 θείων
688 4396 1027 4451 δεικνύουσα.

1941 3295 2087 3334 nunc
2121 3294 2220 3332 nos
2252 3278 2464 3330 illorum
2497 3273 2737 3329 vaticinii
2771 3271 2977 3327 exitum
3009 3264 3295 3323 manifeste
3325 3263 3510 3316 viden-

1943 3380 2044 3437 tes,
2082 3369 2375 3425 credimus.
3176 3430 3245 3440 Ἣ

2013 3462 2093 3515 Tu
2127 3462 2259 3524 sola,
2307 3475 2338 3512 0
2380 3458 2583 3529 Virgo,
2639 3472 2807 3509 unum
2848 3452 3136 3507 Trinitatis
3193 3451 3246 3503 in
3300 3449 3515 3503 duabus

1944 3554 2265 3611 substantiis
2286 3562 2447 3622 atque
2477 3552 2635 3605 unica
2665 3548 2935 3618 hypostasi
2962 3546 3202 3615 agnitum
3233 3542 3513 3613 peperisti,

1942 3648 2027 3701 cui
2054 3646 2396 3702 concinimus
2424 3662 2437 3699 :
2464 3644 2787 3698 Benedictus
2815 3656 2895 3705 es,
2952 3639 3181 3693 Domine
3213 3635 3375 3701 Deus,
3406 3645 3513 3689 etc.

2010 3760 2185 3815 Fluvii
2219 3758 2450 3813 viventis
2483 3755 2894 3811 tabernaculum
2932 3752 3069 3805 facta
3104 3768 3185 3814 es,
3224 3766 3256 3803 ο
3286 3749 3516 3804 sanctis-

1940 3857 2100 3920 sima,
2128 3869 2191 3907 ex
2223 3867 2333 3921 quo
2367 3851 2612 3905 bibentes
2651 3864 2749 3902 nos
2779 3847 2871 3916 qui
2905 3844 3102 3899 mortui
3131 3857 3372 3906 eramus,
3408 3840 3519 3893 lia--

1940 3949 2093 4002 redes
2123 3947 2243 4000 vita:
2268 3944 2570 4007 evadimus,
2605 3943 2906 3996 clamantes
2930 3956 2943 3992 :
2972 3935 3304 3998 Benedicite,
3332 3933 3517 3987 omnia

1941 4055 2125 4112 Opera,
2163 4037 2488 4103 Dominum,
2519 4045 2573 4088 et
2607 4030 3008 4103 superexaltate
3053 4043 3178 4082 eum
3228 4027 3280 4080 in
3334 4024 3519 4078 omnia

1942 4135 2158 4191 smeula.

2019 4227 2119 4288 Tn,
2158 4243 2189 4280 o
2222 4225 2382 4294 Virgo
2404 4266 2417 4289 ,
2448 4239 2568 4292 qua}
2598 4222 2751 4275 caelis
2781 4220 2943 4273 latior
2982 4214 3319 4287 apparuisti,
3353 4212 3517 4266 dilata

1948 4329 2179 4373 mentem
2232 4309 2389 4387 221
2443 4331 2616 4370 meam
2666 4321 3052 4383 angustatam,
3098 4319 3153 4363 et
3205 4306 3519 4362 divinorum

1947 4412 2339 4467 charismatum
2368 4422 2623 4477 capacem
2659 4405 2841 4461 redde.

1076 4541 1158 4596 Ex
1184 4541 1395 4599 Canone
1421 4543 1473 4595 in
1506 4541 1563 4597 S.
1600 4541 1898 4612 Philippum
1922 4547 2250 4615 Apostolum,
2278 4546 2364 4600 die
2394 4545 2459 4599 14
2483 4540 2707 4614 (92⁸⁸⁸⁸).

311 4688 362 4746 Ο
386 4686 765 4748 sanctissima,
804 4684 1021 4754 Deoque
1045 4684 1376 4754 gratissima,
1403 4694 1520 4736 esto
1554 4684 1687 4737 mihi
1735 4686 1835 4737 ad-
1875 4678 1916 4732 D
1946 4705 2085 4751 mur,
2120 4703 2151 4740 ο
2198 4686 2591 4757 benignissima
2647 4681 2737 4738 Dei
2784 4679 3052 4742 Genitrix,
3101 4677 3169 4730 ab
3197 4674 3345 4729 omni
3382 4671 3526 4727 malo

228 4782 423 4855 jutrix
465 4786 521 4833 et
551 4787 775 4847 patrona
812 4776 953 4847 apud
1005 4775 1307 4838 Christum,
1340 4788 1397 4829 ut
1437 4774 1628 4831 liberet
1656 4792 1738 4829 me
1769 4776 1836 4830 ab

231 4869 720 4940 aeternojudicio,
754 4879 807 4924 et
833 4869 902 4923 ab
941 4868 1255 4923 omnimoda
1289 4870 1561 4937 serpentis
1588 4870 1835 4923 lileOlle.

312 4964 535 5022 Mentis
591 4978 724 5017 mea:
786 4962 1121 5033 vagationes,
1210 4961 1462 5031 corporis
1519 4962 1839 5029 passiones,

232 5073 419 5130 atque
454 5057 658 5110 animae
683 5054 904 5109 morbos
944 5071 1094 5120 cura,
1126 5071 1158 5110 ο
1198 5054 1385 5125 Virgo,
1418 5064 1472 5108 et
1497 5056 1705 5108 ad.vias
1742 5056 1840 5109 ho-

226 5172 340 5214 nas
375 5150 571 5219 dirige
600 5165 706 5213 me,
736 5159 794 5204 ut
821 5148 1025 5204 faciens
1053 5150 1146 5204 Dei
1178 5149 1533 5216 voluntatem,
1564 5150 1836 5205 inveniam

227 5250 417 5304 vitam
457 5254 745 5297 aeternam.

306 5342 620 5408 Tanquam
648 5336 944 5390 animatum
968 5335 1180 5391 Domini
1210 5336 1491 5406 palatium,
1523 5351 1573 5392 et
1596 5337 1833 5392 fidelium

228 5435 498 5507 asylum,
535 5444 855 5496 eorumque,
908 5429 999 5497 qui
1035 5429 1086 5481 in
1140 5429 1585 5483 lrilntlationibus
1616 5446 1841 5485 versan-

230 5542 347 5591 tur,
388 5522 696 5586 auxilium,
722 5522 985 5575 etducem
1020 5520 1356 5576 infallibilem
1413 5522 1582 5593 gratia
1619 5523 1837 5592 plenam

229 5624 572 5678 laudemus.

308 5713 419 5776 Te,
454 5724 590 5778 «ιιιςυ
621 5706 882 5775 optimum
932 5704 1212 5758 Dominum
1257 5706 1537 5776 peperi>ti,
1578 5706 1842 5778 depreca-

305 5880 543 5965 (922."“)
583 5884 929 5941 Desidetatut'
959 5882 1009 5937 in
1046 5882 1260 5940 Meincis
1285 5883 1581 5955 impressis.

1950 4784 2097 4853 eripe
2125 4781 2385 4852 populum
2424 4789 2600 4834 tuum.

2020 4921 2385 4976 lntellcctuale
2434 4917 2818 4973 candelabrum
2877 4924 2927 4968 te
2979 4910 3241 4979 propheta
3271 4906 3426 4967 vidit,
3482 4920 3517 4957 ο

1951 5010 2227 5074 inviolata,
2265 5024 2390 5063 vere
2429 5008 2634 5061 habens
2682 5007 2979 5063 lucernam,
3038 4998 3520 5058 illuminationem,

1949 5115 2001 5160 et
2044 5105 2484 5174 propitiationem
2516 5101 2821 5154 animarum
2864 5104 3199 5150 nostrarum.

2022 5219 2230 5288 Lingua
2252 5230 2303 5272 et
2334 5217 2495 5272 cnrde
2518 5227 2567 5270 te
2600 5215 2836 5283 pranlico
2875 5212 3179 5280 Deiparam,
3216 5220 3249 5259 ο
3286 5202 3524 5256 inviola-

1949 5314 2196 5377 tissima;
2292 5310 2458 5365 Deum
2549 5308 2693 5361 enim
2774 5303 3137 5359 immortalem
3239 5295 3520 5366 peperisti,

1949 5402 2034 5455 cui
2096 5416 2285 5454 omnes
2338 5397 2678 5452 modulantes
2731 5395 2998 5456 canimus,
3058 5389 3382 5445 Benedictus
3431 5400 3513 5447 es,

1951 5491 2116 5557 Deus,
2148 5500 2252 5546 etc.

2026 5606 2179 5660 illum
2218 5604 2309 5674 qui
2375 5612 2459 5658 est
2496 5611 2621 5656 ante
2674 5600 2898 5663 szrcula,
2934 5612 3131 5651 novum
3165 5596 3426 5649 infantem
3467 5596 3518 5643 in

1956 5709 2099 5757 terra
2129 5696 2410 5769 peperisti,
2445 5712 2477 5751 ο
2504 5694 2687 5766 Virgo,
2713 5694 3063 5748 innovantem
3103 5703 3224 5755 nos,
3262 5686 3355 5758 qui
3384 5683 3524 5738 anti-
