  <div class='ocr_page' id='page_1' title='image "/cluster/home/n/w/nwhite01/storage/ocr_20150623/105/nnc1.0046980105/629.png"; bbox 0 0 4180 6450; ppageno 0'>
   <div class='ocr_carea' id='block_1_1' title="bbox 686 359 825 435">
    <p class='ocr_par' dir='ltr' id='par_1_1' title="bbox 686 359 825 435">
     <span class='ocr_line' id='line_1_1' title="bbox 686 359 825 435; baseline -0.007 -12"><span class='ocrx_word' id='word_1_1' title='bbox 686 360 707 424; x_wconf 86' lang='grc'><strong>1</strong></span> <span class='ocrx_word' id='word_1_2' title='bbox 719 359 825 435; x_wconf 66' lang='grc'><strong>243</strong></span> 
     </span>
    </p>
   </div>
   <div class='ocr_carea' id='block_1_2' title="bbox 682 470 1911 541">
    <p class='ocr_par' dir='ltr' id='par_1_2' title="bbox 682 470 1911 541">
     <span class='ocr_line' id='line_1_2' title="bbox 682 470 1911 541; baseline 0.004 -18"><span class='ocrx_word' id='word_1_3' title='bbox 682 490 791 541; x_wconf 83' lang='lat' dir='ltr'><strong>qua</strong></span> <span class='ocrx_word' id='word_1_4' title='bbox 842 470 1047 525; x_wconf 88' lang='lat' dir='ltr'><strong>malitia</strong></span> <span class='ocrx_word' id='word_1_5' title='bbox 1076 471 1309 539; x_wconf 72' lang='lat' dir='ltr'><strong>graviter</strong></span> <span class='ocrx_word' id='word_1_6' title='bbox 1347 470 1630 524; x_wconf 90' lang='lat' dir='ltr'><strong>inveterati</strong></span> <span class='ocrx_word' id='word_1_7' title='bbox 1690 489 1911 528; x_wconf 86' lang='lat' dir='ltr'><strong>eramus</strong></span> 
     </span>
    </p>
   </div>
   <div class='ocr_carea' id='block_1_3' title="bbox 685 562 1591 629">
    <p class='ocr_par' dir='ltr' id='par_1_3' title="bbox 685 562 1591 629">
     <span class='ocr_line' id='line_1_3' title="bbox 685 562 1591 629; baseline 0.004 -16"><span class='ocrx_word' id='word_1_8' title='bbox 685 562 997 629; x_wconf 85' lang='lat' dir='ltr'><strong>laudamus,</strong></span> <span class='ocrx_word' id='word_1_9' title='bbox 1027 580 1057 618; x_wconf 95' lang='grc' dir='ltr'><strong>ο</strong></span> <span class='ocrx_word' id='word_1_10' title='bbox 1082 573 1252 625; x_wconf 78' lang='lat' dir='ltr'><strong>casta.</strong></span> <span class='ocrx_word' id='word_1_11' title='bbox 1286 565 1339 617; x_wconf 93' lang='lat' dir='ltr'><strong>in</strong></span> <span class='ocrx_word' id='word_1_12' title='bbox 1372 565 1591 617; x_wconf 72' lang='lat' dir='ltr'><strong>sarcula.</strong></span> 
     </span>
    </p>
   </div>
   <div class='ocr_carea' id='block_1_4' title="bbox 755 656 2251 727">
    <p class='ocr_par' dir='ltr' id='par_1_4' title="bbox 755 656 2251 727">
     <span class='ocr_line' id='line_1_4' title="bbox 755 656 2251 727; baseline 0.004 -16"><span class='ocrx_word' id='word_1_13' title='bbox 755 656 983 711; x_wconf 89' lang='lat' dir='ltr'><strong>Custodi</strong></span> <span class='ocrx_word' id='word_1_14' title='bbox 1014 672 1203 710; x_wconf 82' lang='lat' dir='ltr'><strong>servos</strong></span> <span class='ocrx_word' id='word_1_15' title='bbox 1238 666 1384 719; x_wconf 87' lang='lat' dir='ltr'><strong>tuos,</strong></span> <span class='ocrx_word' id='word_1_16' title='bbox 1440 672 1473 709; x_wconf 91' lang='grc' dir='ltr'><strong>ο</strong></span> <span class='ocrx_word' id='word_1_17' title='bbox 1507 658 1852 711; x_wconf 87' lang='lat' dir='ltr'><strong>sanctissima</strong></span> <span class='ocrx_word' id='word_1_18' title='bbox 1888 659 2050 727; x_wconf 62' lang='lat' dir='ltr'><strong>Virgo</strong></span> <span class='ocrx_word' id='word_1_19' title='bbox 2079 662 2251 717; x_wconf 90' lang='lat' dir='ltr'><strong>invio-</strong></span> 
     </span>
    </p>
   </div>
   <div class='ocr_carea' id='block_1_5' title="bbox 683 748 2257 821">
    <p class='ocr_par' dir='ltr' id='par_1_5' title="bbox 683 748 2257 821">
     <span class='ocr_line' id='line_1_5' title="bbox 683 748 2257 821; baseline 0.006 -20"><span class='ocrx_word' id='word_1_20' title='bbox 683 749 811 815; x_wconf 88' lang='lat' dir='ltr'><strong>lata,</strong></span> <span class='ocrx_word' id='word_1_21' title='bbox 840 750 1036 803; x_wconf 72' lang='lat' dir='ltr'><strong>illaesos</strong></span> <span class='ocrx_word' id='word_1_22' title='bbox 1071 764 1101 802; x_wconf 87' lang='lat' dir='ltr'><strong>a</strong></span> <span class='ocrx_word' id='word_1_23' title='bbox 1128 748 1354 802; x_wconf 79' lang='lat' dir='ltr'><strong>vulnere</strong></span> <span class='ocrx_word' id='word_1_24' title='bbox 1388 751 1632 802; x_wconf 90' lang='lat' dir='ltr'><strong>omnium</strong></span> <span class='ocrx_word' id='word_1_25' title='bbox 1670 752 1899 805; x_wconf 88' lang='lat' dir='ltr'><strong>telorunt</strong></span> <span class='ocrx_word' id='word_1_26' title='bbox 1932 753 2175 821; x_wconf 90' lang='lat' dir='ltr'><strong>inimici;</strong></span> <span class='ocrx_word' id='word_1_27' title='bbox 2203 765 2257 809; x_wconf 92' lang='lat' dir='ltr'><strong>et</strong></span> 
     </span>
    </p>
   </div>
   <div class='ocr_carea' id='block_1_6' title="bbox 685 885 2255 957">
    <p class='ocr_par' dir='ltr' id='par_1_6' title="bbox 685 885 2255 957">
     <span class='ocr_line' id='line_1_6' title="bbox 685 885 2255 957; baseline 0.003 -18"><span class='ocrx_word' id='word_1_28' title='bbox 685 888 845 957; x_wconf 90' lang='lat'><strong>222</strong></span> <span class='ocrx_word' id='word_1_29' title='bbox 876 885 959 940; x_wconf 82' lang='lat' dir='ltr'><strong>Ea:</strong></span> <span class='ocrx_word' id='word_1_30' title='bbox 980 886 1189 940; x_wconf 70' lang='lat' dir='ltr'><strong>(Iunone</strong></span> <span class='ocrx_word' id='word_1_31' title='bbox 1220 886 1271 939; x_wconf 88' lang='lat' dir='ltr'><strong>in</strong></span> <span class='ocrx_word' id='word_1_32' title='bbox 1297 886 1428 954; x_wconf 79' lang='lat' dir='ltr'><strong>festo</strong></span> <span class='ocrx_word' id='word_1_33' title='bbox 1449 886 1549 939; x_wconf 88' lang='lat' dir='ltr'><strong>SS.</strong></span> <span class='ocrx_word' id='word_1_34' title='bbox 1573 897 1727 938; x_wconf 83' lang='lat' dir='ltr'><strong>tnart.</strong></span> <span class='ocrx_word' id='word_1_35' title='bbox 1757 885 2023 954; x_wconf 83' lang='lat' dir='ltr'><strong>Samomc,</strong></span> <span class='ocrx_word' id='word_1_36' title='bbox 2055 889 2255 955; x_wconf 73' lang='lat' dir='ltr'><strong>Curia&#39;,</strong></span> 
     </span>
    </p>
   </div>
   <div class='ocr_carea' id='block_1_7' title="bbox 1224 958 1706 1021">
    <p class='ocr_par' dir='ltr' id='par_1_7' title="bbox 1224 958 1706 1021">
     <span class='ocr_line' id='line_1_7' title="bbox 1224 958 1706 1021; baseline 0.006 -12"><span class='ocrx_word' id='word_1_37' title='bbox 1224 966 1272 1009; x_wconf 85' lang='lat' dir='ltr'><strong>et</strong></span> <span class='ocrx_word' id='word_1_38' title='bbox 1304 958 1478 1021; x_wconf 81' lang='lat' dir='ltr'><strong>Abibi,</strong></span> <span class='ocrx_word' id='word_1_39' title='bbox 1505 958 1587 1009; x_wconf 85' lang='lat' dir='ltr'><strong>die</strong></span> <span class='ocrx_word' id='word_1_40' title='bbox 1625 958 1706 1012; x_wconf 85' lang='grc'><strong>15.</strong></span> 
     </span>
    </p>
   </div>
   <div class='ocr_carea' id='block_1_8' title="bbox 759 1072 2255 1144">
    <p class='ocr_par' dir='ltr' id='par_1_8' title="bbox 759 1072 2255 1144">
     <span class='ocr_line' id='line_1_8' title="bbox 759 1072 2255 1144; baseline 0.003 -20"><span class='ocrx_word' id='word_1_41' title='bbox 759 1072 1049 1141; x_wconf 68' lang='lat' dir='ltr'><strong>Sapientia:</strong></span> <span class='ocrx_word' id='word_1_42' title='bbox 1074 1072 1241 1139; x_wconf 90' lang='lat' dir='ltr'><strong>illius,</strong></span> <span class='ocrx_word' id='word_1_43' title='bbox 1269 1088 1387 1141; x_wconf 78' lang='lat' dir='ltr'><strong>quae</strong></span> <span class='ocrx_word' id='word_1_44' title='bbox 1410 1088 1628 1127; x_wconf 92' lang='lat' dir='ltr'><strong>omnem</strong></span> <span class='ocrx_word' id='word_1_45' title='bbox 1658 1076 1871 1129; x_wconf 84' lang='lat' dir='ltr'><strong>excedit</strong></span> <span class='ocrx_word' id='word_1_46' title='bbox 1903 1074 2255 1144; x_wconf 77' lang='lat' dir='ltr'><strong>sapientiam,</strong></span> 
     </span>
    </p>
   </div>
   <div class='ocr_carea' id='block_1_9' title="bbox 688 1164 2255 1231">
    <p class='ocr_par' dir='ltr' id='par_1_9' title="bbox 688 1164 2255 1231">
     <span class='ocr_line' id='line_1_9' title="bbox 688 1164 2255 1231; baseline 0.002 -14"><span class='ocrx_word' id='word_1_47' title='bbox 688 1164 1096 1218; x_wconf 74' lang='lat' dir='ltr'><strong>tabernaculum</strong></span> <span class='ocrx_word' id='word_1_48' title='bbox 1133 1181 1211 1227; x_wconf 89' lang='lat' dir='ltr'><strong>es,</strong></span> <span class='ocrx_word' id='word_1_49' title='bbox 1257 1180 1289 1217; x_wconf 90' lang='lat'><strong>0</strong></span> <span class='ocrx_word' id='word_1_50' title='bbox 1329 1165 1838 1220; x_wconf 86' lang='lat' dir='ltr'><strong>immaculatissima</strong></span> <span class='ocrx_word' id='word_1_51' title='bbox 1872 1184 1886 1231; x_wconf 89' lang='lat'><strong>;</strong></span> <span class='ocrx_word' id='word_1_52' title='bbox 1934 1182 2087 1220; x_wconf 84' lang='lat' dir='ltr'><strong>suam</strong></span> <span class='ocrx_word' id='word_1_53' title='bbox 2112 1170 2255 1221; x_wconf 89' lang='lat' dir='ltr'><strong>enim</strong></span> 
     </span>
    </p>
   </div>
   <div class='ocr_carea' id='block_1_10' title="bbox 689 1254 2253 1327">
    <p class='ocr_par' dir='ltr' id='par_1_10' title="bbox 689 1254 2253 1327">
     <span class='ocr_line' id='line_1_10' title="bbox 689 1254 2253 1327; baseline 0.001 -21"><span class='ocrx_word' id='word_1_54' title='bbox 689 1254 864 1322; x_wconf 84' lang='lat' dir='ltr'><strong>ipsius</strong></span> <span class='ocrx_word' id='word_1_55' title='bbox 892 1254 1114 1308; x_wconf 90' lang='lat' dir='ltr'><strong>domum</strong></span> <span class='ocrx_word' id='word_1_56' title='bbox 1141 1271 1204 1309; x_wconf 78' lang='lat' dir='ltr'><strong>ex</strong></span> <span class='ocrx_word' id='word_1_57' title='bbox 1229 1256 1543 1309; x_wconf 63' lang='lat' dir='ltr'><strong>castissima</strong></span> <span class='ocrx_word' id='word_1_58' title='bbox 1588 1256 1853 1323; x_wconf 85' lang='lat' dir='ltr'><strong>sanguine</strong></span> <span class='ocrx_word' id='word_1_59' title='bbox 1878 1266 1989 1317; x_wconf 90' lang='lat' dir='ltr'><strong>tuo,</strong></span> <span class='ocrx_word' id='word_1_60' title='bbox 2013 1273 2045 1309; x_wconf 97' lang='lat' dir='ltr'><strong>o</strong></span> <span class='ocrx_word' id='word_1_61' title='bbox 2071 1257 2253 1327; x_wconf 73' lang='lat' dir='ltr'><strong>Virgo,</strong></span> 
     </span>
    </p>
   </div>
   <div class='ocr_carea' id='block_1_11' title="bbox 686 1345 2257 1417">
    <p class='ocr_par' dir='ltr' id='par_1_11' title="bbox 686 1345 2257 1417">
     <span class='ocr_line' id='line_1_11' title="bbox 686 1345 2257 1417; baseline 0.002 -19"><span class='ocrx_word' id='word_1_62' title='bbox 686 1345 958 1401; x_wconf 68' lang='lat' dir='ltr'><strong>aediﬁcare</strong></span> <span class='ocrx_word' id='word_1_63' title='bbox 990 1346 1091 1401; x_wconf 87' lang='lat' dir='ltr'><strong>sibi</strong></span> <span class='ocrx_word' id='word_1_64' title='bbox 1124 1347 1474 1415; x_wconf 80' lang='lat' dir='ltr'><strong>complacuit,</strong></span> <span class='ocrx_word' id='word_1_65' title='bbox 1509 1346 1571 1397; x_wconf 89' lang='lat' dir='ltr'><strong>ad</strong></span> <span class='ocrx_word' id='word_1_66' title='bbox 1603 1347 1835 1399; x_wconf 80' lang='lat' dir='ltr'><strong>salutent</strong></span> <span class='ocrx_word' id='word_1_67' title='bbox 1861 1364 2049 1401; x_wconf 90' lang='lat' dir='ltr'><strong>eorum</strong></span> <span class='ocrx_word' id='word_1_68' title='bbox 2076 1348 2169 1417; x_wconf 86' lang='lat' dir='ltr'><strong>qui</strong></span> <span class='ocrx_word' id='word_1_69' title='bbox 2208 1358 2257 1401; x_wconf 86' lang='lat' dir='ltr'><strong>te</strong></span> 
     </span>
    </p>
   </div>
   <div class='ocr_carea' id='block_1_12' title="bbox 688 1437 1021 1492">
    <p class='ocr_par' dir='ltr' id='par_1_12' title="bbox 688 1437 1021 1492">
     <span class='ocr_line' id='line_1_12' title="bbox 688 1437 1021 1492; baseline 0.003 -2"><span class='ocrx_word' id='word_1_70' title='bbox 688 1437 1021 1492; x_wconf 70' lang='lat' dir='ltr'><strong>coHaudanL</strong></span> 
     </span>
    </p>
   </div>
   <div class='ocr_carea' id='block_1_13' title="bbox 762 1528 2255 1598">
    <p class='ocr_par' dir='ltr' id='par_1_13' title="bbox 762 1528 2255 1598">
     <span class='ocr_line' id='line_1_13' title="bbox 762 1528 2255 1598; baseline 0.001 -15"><span class='ocrx_word' id='word_1_71' title='bbox 762 1529 839 1583; x_wconf 86' lang='lat' dir='ltr'><strong>Te</strong></span> <span class='ocrx_word' id='word_1_72' title='bbox 869 1529 1286 1583; x_wconf 86' lang='lat' dir='ltr'><strong>medicaminum</strong></span> <span class='ocrx_word' id='word_1_73' title='bbox 1322 1528 1527 1583; x_wconf 74' lang='lat' dir='ltr'><strong>fontem</strong></span> <span class='ocrx_word' id='word_1_74' title='bbox 1562 1529 1760 1593; x_wconf 72' lang='lat' dir='ltr'><strong>cﬂ‘ecit,</strong></span> <span class='ocrx_word' id='word_1_75' title='bbox 1803 1530 1896 1598; x_wconf 90' lang='lat' dir='ltr'><strong>qui</strong></span> <span class='ocrx_word' id='word_1_76' title='bbox 1950 1531 2000 1583; x_wconf 91' lang='lat' dir='ltr'><strong>in</strong></span> <span class='ocrx_word' id='word_1_77' title='bbox 2042 1538 2255 1584; x_wconf 72' lang='lat' dir='ltr'><strong>uti-rum</strong></span> 
     </span>
    </p>
   </div>
   <div class='ocr_carea' id='block_1_14' title="bbox 694 1620 2260 1691">
    <p class='ocr_par' dir='ltr' id='par_1_14' title="bbox 694 1620 2260 1691">
     <span class='ocr_line' id='line_1_14' title="bbox 694 1620 2260 1691; baseline 0.001 -16"><span class='ocrx_word' id='word_1_78' title='bbox 694 1632 843 1675; x_wconf 90' lang='lat' dir='ltr'><strong>tuum</strong></span> <span class='ocrx_word' id='word_1_79' title='bbox 878 1620 1157 1691; x_wconf 77' lang='lat' dir='ltr'><strong>ingressus</strong></span> <span class='ocrx_word' id='word_1_80' title='bbox 1192 1632 1294 1684; x_wconf 85' lang='lat' dir='ltr'><strong>est,</strong></span> <span class='ocrx_word' id='word_1_81' title='bbox 1325 1638 1357 1675; x_wconf 94' lang='lat' dir='ltr'><strong>o</strong></span> <span class='ocrx_word' id='word_1_82' title='bbox 1393 1622 1486 1675; x_wconf 94' lang='lat' dir='ltr'><strong>Dei</strong></span> <span class='ocrx_word' id='word_1_83' title='bbox 1526 1621 1696 1675; x_wconf 81' lang='lat' dir='ltr'><strong>Mater</strong></span> <span class='ocrx_word' id='word_1_84' title='bbox 1741 1624 2088 1676; x_wconf 87' lang='lat' dir='ltr'><strong>castissima:</strong></span> <span class='ocrx_word' id='word_1_85' title='bbox 2129 1640 2260 1678; x_wconf 60' lang='lat' dir='ltr'><strong>uti-2</strong></span> 
     </span>
    </p>
   </div>
   <div class='ocr_carea' id='block_1_15' title="bbox 692 1714 1360 1783">
    <p class='ocr_par' dir='ltr' id='par_1_15' title="bbox 692 1714 1360 1783">
     <span class='ocr_line' id='line_1_15' title="bbox 692 1714 1360 1783; baseline 0.003 -16"><span class='ocrx_word' id='word_1_86' title='bbox 692 1715 859 1783; x_wconf 74' lang='lat' dir='ltr'><strong>igitur</strong></span> <span class='ocrx_word' id='word_1_87' title='bbox 894 1714 1091 1769; x_wconf 65' lang='lat' dir='ltr'><strong>animae</strong></span> <span class='ocrx_word' id='word_1_88' title='bbox 1122 1715 1360 1769; x_wconf 79' lang='lat' dir='ltr'><strong>medere.</strong></span> 
     </span>
    </p>
   </div>
   <div class='ocr_carea' id='block_1_16' title="bbox 766 1806 2337 1905">
    <p class='ocr_par' dir='ltr' id='par_1_16' title="bbox 766 1806 2337 1905">
     <span class='ocr_line' id='line_1_16' title="bbox 766 1806 2337 1905; baseline 0.005 -46"><span class='ocrx_word' id='word_1_89' title='bbox 766 1806 939 1877; x_wconf 86' lang='lat' dir='ltr'><strong>Supra</strong></span> <span class='ocrx_word' id='word_1_90' title='bbox 975 1809 1170 1863; x_wconf 89' lang='lat' dir='ltr'><strong>mentis</strong></span> <span class='ocrx_word' id='word_1_91' title='bbox 1198 1818 1417 1877; x_wconf 88' lang='lat' dir='ltr'><strong>captum</strong></span> <span class='ocrx_word' id='word_1_92' title='bbox 1460 1810 1739 1878; x_wconf 83' lang='lat' dir='ltr'><strong>peperisti,</strong></span> <span class='ocrx_word' id='word_1_93' title='bbox 1773 1826 1805 1864; x_wconf 95' lang='lat' dir='ltr'><strong>o</strong></span> <span class='ocrx_word' id='word_1_94' title='bbox 1840 1810 2023 1880; x_wconf 69' lang='lat' dir='ltr'><strong>Virgo,</strong></span> <span class='ocrx_word' id='word_1_95' title='bbox 2058 1822 2110 1866; x_wconf 91' lang='lat' dir='ltr'><strong>et</strong></span> <span class='ocrx_word' id='word_1_96' title='bbox 2142 1823 2259 1882; x_wconf 90' lang='lat' dir='ltr'><strong>post</strong></span> <span class='ocrx_word' id='word_1_97' title='bbox 2290 1846 2337 1905; x_wconf 83' lang='lat' dir='ltr'><strong>B</strong></span> 
     </span>
    </p>
   </div>
   <div class='ocr_carea' id='block_1_17' title="bbox 694 1901 2264 1974">
    <p class='ocr_par' dir='ltr' id='par_1_17' title="bbox 694 1901 2264 1974">
     <span class='ocr_line' id='line_1_17' title="bbox 694 1901 2264 1974; baseline 0.005 -23"><span class='ocrx_word' id='word_1_98' title='bbox 694 1909 905 1969; x_wconf 86' lang='lat' dir='ltr'><strong>partum</strong></span> <span class='ocrx_word' id='word_1_99' title='bbox 945 1901 1095 1971; x_wconf 78' lang='lat' dir='ltr'><strong>virgo</strong></span> <span class='ocrx_word' id='word_1_100' title='bbox 1144 1902 1273 1957; x_wconf 88' lang='lat' dir='ltr'><strong>item</strong></span> <span class='ocrx_word' id='word_1_101' title='bbox 1329 1903 1726 1972; x_wconf 90' lang='lat' dir='ltr'><strong>permansisti:</strong></span> <span class='ocrx_word' id='word_1_102' title='bbox 1775 1906 2128 1974; x_wconf 77' lang='lat' dir='ltr'><strong>quamobrem</strong></span> <span class='ocrx_word' id='word_1_103' title='bbox 2183 1908 2264 1959; x_wconf 86' lang='lat' dir='ltr'><strong>iit—</strong></span> 
     </span>
    </p>
   </div>
   <div class='ocr_carea' id='block_1_18' title="bbox 694 1992 2262 2055">
    <p class='ocr_par' dir='ltr' id='par_1_18' title="bbox 694 1992 2262 2055">
     <span class='ocr_line' id='line_1_18' title="bbox 694 1992 2262 2055; baseline 0.006 -10"><span class='ocrx_word' id='word_1_104' title='bbox 694 1992 1048 2047; x_wconf 85' lang='lat' dir='ltr'><strong>ecssahilibus</strong></span> <span class='ocrx_word' id='word_1_105' title='bbox 1088 1995 1313 2049; x_wconf 78' lang='lat' dir='ltr'><strong>vocibus</strong></span> <span class='ocrx_word' id='word_1_106' title='bbox 1348 2004 1397 2049; x_wconf 92' lang='lat' dir='ltr'><strong>te</strong></span> <span class='ocrx_word' id='word_1_107' title='bbox 1434 1997 1765 2052; x_wconf 85' lang='lat' dir='ltr'><strong>inconcussa</strong></span> <span class='ocrx_word' id='word_1_108' title='bbox 1804 1998 1909 2052; x_wconf 83' lang='lat' dir='ltr'><strong>ﬁde</strong></span> <span class='ocrx_word' id='word_1_109' title='bbox 1958 1998 2262 2055; x_wconf 87' lang='lat' dir='ltr'><strong>salutamus</strong></span> 
     </span>
    </p>
   </div>
   <div class='ocr_carea' id='block_1_19' title="bbox 694 2084 1497 2157">
    <p class='ocr_par' dir='ltr' id='par_1_19' title="bbox 694 2084 1497 2157">
     <span class='ocr_line' id='line_1_19' title="bbox 694 2084 1497 2157; baseline 0.007 -22"><span class='ocrx_word' id='word_1_110' title='bbox 694 2084 1027 2141; x_wconf 83' lang='lat' dir='ltr'><strong>clamantes:</strong></span> <span class='ocrx_word' id='word_1_111' title='bbox 1059 2086 1238 2149; x_wconf 89' lang='lat' dir='ltr'><strong>Salve,</strong></span> <span class='ocrx_word' id='word_1_112' title='bbox 1272 2086 1497 2157; x_wconf 65' lang='lat' dir='ltr'><strong>Regina.</strong></span> 
     </span>
    </p>
   </div>
   <div class='ocr_carea' id='block_1_20' title="bbox 764 2175 2261 2253">
    <p class='ocr_par' dir='ltr' id='par_1_20' title="bbox 764 2175 2261 2253">
     <span class='ocr_line' id='line_1_20' title="bbox 764 2175 2261 2253; baseline 0.006 -25"><span class='ocrx_word' id='word_1_113' title='bbox 764 2175 857 2229; x_wconf 87' lang='lat' dir='ltr'><strong>Ille</strong></span> <span class='ocrx_word' id='word_1_114' title='bbox 880 2177 971 2246; x_wconf 90' lang='lat' dir='ltr'><strong>qui</strong></span> <span class='ocrx_word' id='word_1_115' title='bbox 1007 2178 1156 2231; x_wconf 92' lang='lat' dir='ltr'><strong>solus</strong></span> <span class='ocrx_word' id='word_1_116' title='bbox 1192 2179 1370 2233; x_wconf 90' lang='lat' dir='ltr'><strong>bonus</strong></span> <span class='ocrx_word' id='word_1_117' title='bbox 1406 2189 1509 2243; x_wconf 87' lang='lat' dir='ltr'><strong>est,</strong></span> <span class='ocrx_word' id='word_1_118' title='bbox 1545 2191 1596 2235; x_wconf 89' lang='lat' dir='ltr'><strong>et</strong></span> <span class='ocrx_word' id='word_1_119' title='bbox 1628 2183 1849 2253; x_wconf 83' lang='lat' dir='ltr'><strong>pelagus</strong></span> <span class='ocrx_word' id='word_1_120' title='bbox 1891 2182 2261 2253; x_wconf 83' lang='lat' dir='ltr'><strong>benignitatis,</strong></span> 
     </span>
    </p>
   </div>
   <div class='ocr_carea' id='block_1_21' title="bbox 696 2270 2263 2341">
    <p class='ocr_par' dir='ltr' id='par_1_21' title="bbox 696 2270 2263 2341">
     <span class='ocr_line' id='line_1_21' title="bbox 696 2270 2263 2341; baseline 0.006 -20"><span class='ocrx_word' id='word_1_121' title='bbox 696 2276 860 2336; x_wconf 87' lang='lat' dir='ltr'><strong>atque</strong></span> <span class='ocrx_word' id='word_1_122' title='bbox 891 2270 1145 2325; x_wconf 88' lang='lat' dir='ltr'><strong>universa</strong></span> <span class='ocrx_word' id='word_1_123' title='bbox 1190 2273 1432 2325; x_wconf 89' lang='lat' dir='ltr'><strong>continet</strong></span> <span class='ocrx_word' id='word_1_124' title='bbox 1467 2289 1527 2325; x_wconf 86' lang='lat' dir='ltr'><strong>ac</strong></span> <span class='ocrx_word' id='word_1_125' title='bbox 1569 2275 1827 2338; x_wconf 90' lang='lat' dir='ltr'><strong>sustinet,</strong></span> <span class='ocrx_word' id='word_1_126' title='bbox 1865 2276 1917 2327; x_wconf 90' lang='lat' dir='ltr'><strong>in</strong></span> <span class='ocrx_word' id='word_1_127' title='bbox 1957 2276 2099 2330; x_wconf 89' lang='lat' dir='ltr'><strong>ulnis</strong></span> <span class='ocrx_word' id='word_1_128' title='bbox 2131 2277 2263 2341; x_wconf 87' lang='lat' dir='ltr'><strong>tuis,</strong></span> 
     </span>
    </p>
   </div>
   <div class='ocr_carea' id='block_1_22' title="bbox 695 2361 2214 2435">
    <p class='ocr_par' dir='ltr' id='par_1_22' title="bbox 695 2361 2214 2435">
     <span class='ocr_line' id='line_1_22' title="bbox 695 2361 2214 2435; baseline 0.005 -21"><span class='ocrx_word' id='word_1_129' title='bbox 695 2377 731 2414; x_wconf 86' lang='grc' dir='ltr'><strong>ο</strong></span> <span class='ocrx_word' id='word_1_130' title='bbox 778 2361 867 2414; x_wconf 85' lang='lat' dir='ltr'><strong>Dei</strong></span> <span class='ocrx_word' id='word_1_131' title='bbox 901 2362 1089 2425; x_wconf 73' lang='lat' dir='ltr'><strong>Mater,</strong></span> <span class='ocrx_word' id='word_1_132' title='bbox 1119 2366 1388 2417; x_wconf 90' lang='lat' dir='ltr'><strong>contineri</strong></span> <span class='ocrx_word' id='word_1_133' title='bbox 1426 2380 1488 2418; x_wconf 90' lang='lat' dir='ltr'><strong>ac</strong></span> <span class='ocrx_word' id='word_1_134' title='bbox 1533 2368 1792 2420; x_wconf 80' lang='lat' dir='ltr'><strong>sustineri</strong></span> <span class='ocrx_word' id='word_1_135' title='bbox 1826 2369 2080 2435; x_wconf 75' lang='lat' dir='ltr'><strong>dignatus</strong></span> <span class='ocrx_word' id='word_1_136' title='bbox 2109 2378 2214 2422; x_wconf 90' lang='lat' dir='ltr'><strong>est.</strong></span> 
     </span>
    </p>
   </div>
   <div class='ocr_carea' id='block_1_23' title="bbox 767 2454 2264 2527">
    <p class='ocr_par' dir='ltr' id='par_1_23' title="bbox 767 2454 2264 2527">
     <span class='ocr_line' id='line_1_23' title="bbox 767 2454 2264 2527; baseline 0.007 -22"><span class='ocrx_word' id='word_1_137' title='bbox 767 2454 903 2506; x_wconf 79' lang='lat' dir='ltr'><strong>Cum</strong></span> <span class='ocrx_word' id='word_1_138' title='bbox 936 2463 988 2509; x_wconf 91' lang='lat' dir='ltr'><strong>te</strong></span> <span class='ocrx_word' id='word_1_139' title='bbox 1032 2458 1202 2510; x_wconf 91' lang='lat' dir='ltr'><strong>solam</strong></span> <span class='ocrx_word' id='word_1_140' title='bbox 1263 2468 1520 2527; x_wconf 87' lang='lat' dir='ltr'><strong>tanquam</strong></span> <span class='ocrx_word' id='word_1_141' title='bbox 1571 2459 1743 2512; x_wconf 91' lang='lat' dir='ltr'><strong>lilium</strong></span> <span class='ocrx_word' id='word_1_142' title='bbox 1805 2462 2160 2527; x_wconf 91' lang='lat' dir='ltr'><strong>purissimum</strong></span> <span class='ocrx_word' id='word_1_143' title='bbox 2212 2462 2264 2515; x_wconf 93' lang='lat' dir='ltr'><strong>in</strong></span> 
     </span>
    </p>
   </div>
   <div class='ocr_carea' id='block_1_24' title="bbox 698 2544 2270 2622">
    <p class='ocr_par' dir='ltr' id='par_1_24' title="bbox 698 2544 2270 2622">
     <span class='ocr_line' id='line_1_24' title="bbox 698 2544 2270 2622; baseline 0.007 -26"><span class='ocrx_word' id='word_1_144' title='bbox 698 2544 879 2597; x_wconf 77' lang='lat' dir='ltr'><strong>tit-dio</strong></span> <span class='ocrx_word' id='word_1_145' title='bbox 909 2547 1343 2616; x_wconf 72' lang='lat' dir='ltr'><strong>spiuarunt(95),</strong></span> <span class='ocrx_word' id='word_1_146' title='bbox 1385 2560 1437 2603; x_wconf 81' lang='lat' dir='ltr'><strong>rt</strong></span> <span class='ocrx_word' id='word_1_147' title='bbox 1479 2552 1664 2603; x_wconf 83' lang='lat' dir='ltr'><strong>liorem</strong></span> <span class='ocrx_word' id='word_1_148' title='bbox 1713 2554 2045 2606; x_wconf 79' lang='lat' dir='ltr'><strong>convallium</strong></span> <span class='ocrx_word' id='word_1_149' title='bbox 2104 2570 2270 2622; x_wconf 82' lang='lat' dir='ltr'><strong>spon-</strong></span> 
     </span>
    </p>
   </div>
   <div class='ocr_carea' id='block_1_25' title="bbox 698 2640 2266 2714">
    <p class='ocr_par' dir='ltr' id='par_1_25' title="bbox 698 2640 2266 2714">
     <span class='ocr_line' id='line_1_25' title="bbox 698 2640 2266 2714; baseline 0.008 -25"><span class='ocrx_word' id='word_1_150' title='bbox 698 2653 793 2692; x_wconf 86' lang='lat' dir='ltr'><strong>sus</strong></span> <span class='ocrx_word' id='word_1_151' title='bbox 823 2640 1131 2707; x_wconf 84' lang='lat' dir='ltr'><strong>reperisset,</strong></span> <span class='ocrx_word' id='word_1_152' title='bbox 1171 2657 1203 2695; x_wconf 96' lang='lat' dir='ltr'><strong>o</strong></span> <span class='ocrx_word' id='word_1_153' title='bbox 1242 2642 1331 2695; x_wconf 85' lang='lat' dir='ltr'><strong>Dei</strong></span> <span class='ocrx_word' id='word_1_154' title='bbox 1371 2642 1563 2707; x_wconf 73' lang='lat' dir='ltr'><strong>Mater,</strong></span> <span class='ocrx_word' id='word_1_155' title='bbox 1616 2646 1862 2714; x_wconf 80' lang='lat' dir='ltr'><strong>Spiritale</strong></span> <span class='ocrx_word' id='word_1_156' title='bbox 1901 2647 1952 2698; x_wconf 92' lang='lat' dir='ltr'><strong>iu</strong></span> <span class='ocrx_word' id='word_1_157' title='bbox 2004 2656 2054 2700; x_wconf 90' lang='lat' dir='ltr'><strong>te</strong></span> <span class='ocrx_word' id='word_1_158' title='bbox 2085 2648 2266 2701; x_wconf 85' lang='lat' dir='ltr'><strong>taber-</strong></span> 
     </span>
    </p>
   </div>
   <div class='ocr_carea' id='block_1_26' title="bbox 701 2731 1438 2789">
    <p class='ocr_par' dir='ltr' id='par_1_26' title="bbox 701 2731 1438 2789">
     <span class='ocr_line' id='line_1_26' title="bbox 701 2731 1438 2789; baseline 0.009 -7"><span class='ocrx_word' id='word_1_159' title='bbox 701 2731 957 2785; x_wconf 87' lang='lat' dir='ltr'><strong>naculum</strong></span> <span class='ocrx_word' id='word_1_160' title='bbox 996 2732 1099 2787; x_wconf 87' lang='lat' dir='ltr'><strong>sibi</strong></span> <span class='ocrx_word' id='word_1_161' title='bbox 1132 2736 1438 2789; x_wconf 90' lang='lat' dir='ltr'><strong>constituit.</strong></span> 
     </span>
    </p>
   </div>
   <div class='ocr_carea' id='block_1_27' title="bbox 774 2820 2270 2891">
    <p class='ocr_par' dir='ltr' id='par_1_27' title="bbox 774 2820 2270 2891">
     <span class='ocr_line' id='line_1_27' title="bbox 774 2820 2270 2891; baseline 0.003 -18"><span class='ocrx_word' id='word_1_162' title='bbox 774 2820 1059 2890; x_wconf 90' lang='lat' dir='ltr'><strong>Tanquam</strong></span> <span class='ocrx_word' id='word_1_163' title='bbox 1114 2824 1393 2891; x_wconf 89' lang='lat' dir='ltr'><strong>speculum</strong></span> <span class='ocrx_word' id='word_1_164' title='bbox 1457 2826 1821 2878; x_wconf 89' lang='lat' dir='ltr'><strong>tersissimunt</strong></span> <span class='ocrx_word' id='word_1_165' title='bbox 1870 2841 1931 2879; x_wconf 91' lang='lat' dir='ltr'><strong>ac</strong></span> <span class='ocrx_word' id='word_1_166' title='bbox 1992 2825 2270 2880; x_wconf 84' lang='lat' dir='ltr'><strong>lucidissi-</strong></span> 
     </span>
    </p>
   </div>
   <div class='ocr_carea' id='block_1_28' title="bbox 702 2912 2268 2982">
    <p class='ocr_par' dir='ltr' id='par_1_28' title="bbox 702 2912 2268 2982">
     <span class='ocr_line' id='line_1_28' title="bbox 702 2912 2268 2982; baseline 0.004 -19"><span class='ocrx_word' id='word_1_167' title='bbox 702 2928 848 2965; x_wconf 91' lang='lat' dir='ltr'><strong>mum</strong></span> <span class='ocrx_word' id='word_1_168' title='bbox 892 2912 1003 2982; x_wconf 71' lang='grc'><strong>(94)</strong></span> <span class='ocrx_word' id='word_1_169' title='bbox 1055 2914 1224 2968; x_wconf 85' lang='lat' dir='ltr'><strong>divini</strong></span> <span class='ocrx_word' id='word_1_170' title='bbox 1284 2917 1419 2969; x_wconf 81' lang='lat' dir='ltr'><strong>radii</strong></span> <span class='ocrx_word' id='word_1_171' title='bbox 1476 2918 1708 2969; x_wconf 90' lang='lat' dir='ltr'><strong>nitorem</strong></span> <span class='ocrx_word' id='word_1_172' title='bbox 1746 2917 1798 2969; x_wconf 91' lang='lat' dir='ltr'><strong>in</strong></span> <span class='ocrx_word' id='word_1_173' title='bbox 1860 2926 1910 2971; x_wconf 85' lang='lat' dir='ltr'><strong>te</strong></span> <span class='ocrx_word' id='word_1_174' title='bbox 1967 2917 2268 2972; x_wconf 82' lang='lat' dir='ltr'><strong>evibralum</strong></span> 
     </span>
    </p>
   </div>
   <div class='ocr_carea' id='block_1_29' title="bbox 699 3005 1933 3074">
    <p class='ocr_par' dir='ltr' id='par_1_29' title="bbox 699 3005 1933 3074">
     <span class='ocr_line' id='line_1_29' title="bbox 699 3005 1933 3074; baseline 0.005 -16"><span class='ocrx_word' id='word_1_175' title='bbox 699 3005 1048 3074; x_wconf 87' lang='lat' dir='ltr'><strong>coutinuisti;</strong></span> <span class='ocrx_word' id='word_1_176' title='bbox 1080 3007 1361 3063; x_wconf 89' lang='lat' dir='ltr'><strong>benedicta</strong></span> <span class='ocrx_word' id='word_1_177' title='bbox 1397 3018 1451 3062; x_wconf 89' lang='lat' dir='ltr'><strong>to</strong></span> <span class='ocrx_word' id='word_1_178' title='bbox 1488 3010 1628 3063; x_wconf 87' lang='lat' dir='ltr'><strong>inter</strong></span> <span class='ocrx_word' id='word_1_179' title='bbox 1651 3010 1933 3064; x_wconf 88' lang='lat' dir='ltr'><strong>mulieres.</strong></span> 
     </span>
    </p>
   </div>
   <div class='ocr_carea' id='block_1_30' title="bbox 1808 363 2821 426">
    <p class='ocr_par' dir='ltr' id='par_1_30' title="bbox 1808 363 2821 426">
     <span class='ocr_line' id='line_1_30' title="bbox 1808 363 2821 426; baseline 0.008 -9"><span class='ocrx_word' id='word_1_180' title='bbox 1808 364 1868 424; x_wconf 63' lang='grc' dir='ltr'>Β.</span> <span class='ocrx_word' id='word_1_181' title='bbox 1910 363 2219 423; x_wconf 78' lang='lat' dir='ltr'><strong>JOSEI’III</strong></span> <span class='ocrx_word' id='word_1_182' title='bbox 2259 366 2821 426; x_wconf 77' lang='lat' dir='ltr'><strong>lIYMNOGHAPlII</strong></span> 
     </span>
    </p>
   </div>
   <div class='ocr_carea' id='block_1_31' title="bbox 3803 369 3939 433">
    <p class='ocr_par' dir='ltr' id='par_1_31' title="bbox 3803 369 3939 433">
     <span class='ocr_line' id='line_1_31' title="bbox 3803 369 3939 433; baseline 0.007 -1"><span class='ocrx_word' id='word_1_183' title='bbox 3803 369 3939 433; x_wconf 71' lang='grc'><strong>1214</strong></span> 
     </span>
    </p>
   </div>
   <div class='ocr_carea' id='block_1_32' title="bbox 1973 474 3941 556">
    <p class='ocr_par' dir='ltr' id='par_1_32' title="bbox 1973 474 3941 556">
     <span class='ocr_line' id='line_1_32' title="bbox 1973 474 3941 556; baseline 0.007 -30"><span class='ocrx_word' id='word_1_184' title='bbox 1973 492 1985 527; x_wconf 89' lang='lat'><strong>:</strong></span> <span class='ocrx_word' id='word_1_185' title='bbox 2024 474 2165 530; x_wconf 92' lang='lat' dir='ltr'><strong>unde</strong></span> <span class='ocrx_word' id='word_1_186' title='bbox 2206 489 2255 530; x_wconf 87' lang='lat' dir='ltr'><strong>te</strong></span> <span class='ocrx_word' id='word_1_187' title='bbox 2284 478 2335 538; x_wconf 79' lang='grc' dir='ltr'>Α</span> <span class='ocrx_word' id='word_1_188' title='bbox 2361 480 2599 551; x_wconf 76' lang='lat' dir='ltr'><strong>infringe</strong></span> <span class='ocrx_word' id='word_1_189' title='bbox 2621 481 2907 535; x_wconf 84' lang='lat' dir='ltr'><strong>audaciam</strong></span> <span class='ocrx_word' id='word_1_190' title='bbox 2936 496 3000 534; x_wconf 91' lang='lat' dir='ltr'><strong>ac</strong></span> <span class='ocrx_word' id='word_1_191' title='bbox 3028 480 3230 534; x_wconf 80' lang='lat' dir='ltr'><strong>fastum</strong></span> <span class='ocrx_word' id='word_1_192' title='bbox 3260 482 3503 535; x_wconf 90' lang='lat' dir='ltr'><strong>omnium</strong></span> <span class='ocrx_word' id='word_1_193' title='bbox 3535 483 3772 537; x_wconf 90' lang='lat' dir='ltr'><strong>hostium</strong></span> <span class='ocrx_word' id='word_1_194' title='bbox 3794 487 3941 556; x_wconf 81' lang='lat' dir='ltr'><strong>Aga-</strong></span> 
     </span>
    </p>
   </div>
   <div class='ocr_carea' id='block_1_33' title="bbox 2366 574 3936 645">
    <p class='ocr_par' dir='ltr' id='par_1_33' title="bbox 2366 574 3936 645">
     <span class='ocr_line' id='line_1_33' title="bbox 2366 574 3936 645; baseline 0.004 -19"><span class='ocrx_word' id='word_1_195' title='bbox 2366 589 2648 641; x_wconf 87' lang='lat' dir='ltr'><strong>renorum,</strong></span> <span class='ocrx_word' id='word_1_196' title='bbox 2681 584 2741 630; x_wconf 93' lang='lat' dir='ltr'><strong>ut</strong></span> <span class='ocrx_word' id='word_1_197' title='bbox 2781 584 2832 630; x_wconf 91' lang='lat' dir='ltr'><strong>te</strong></span> <span class='ocrx_word' id='word_1_198' title='bbox 2855 590 2980 629; x_wconf 91' lang='lat' dir='ltr'><strong>cum</strong></span> <span class='ocrx_word' id='word_1_199' title='bbox 3009 574 3134 639; x_wconf 83' lang='lat' dir='ltr'><strong>ﬁde,</strong></span> <span class='ocrx_word' id='word_1_200' title='bbox 3171 590 3205 629; x_wconf 90' lang='grc' dir='ltr'><strong>ο</strong></span> <span class='ocrx_word' id='word_1_201' title='bbox 3240 574 3490 645; x_wconf 89' lang='lat' dir='ltr'><strong>Deipara,</strong></span> <span class='ocrx_word' id='word_1_202' title='bbox 3537 576 3751 630; x_wconf 77' lang='lat' dir='ltr'><strong>beatam</strong></span> <span class='ocrx_word' id='word_1_203' title='bbox 3781 578 3936 633; x_wconf 80' lang='lat' dir='ltr'><strong>dica-</strong></span> 
     </span>
    </p>
   </div>
   <div class='ocr_carea' id='block_1_34' title="bbox 2368 682 2513 722">
    <p class='ocr_par' dir='ltr' id='par_1_34' title="bbox 2368 682 2513 722">
     <span class='ocr_line' id='line_1_34' title="bbox 2368 682 2513 722; baseline 0 -3"><span class='ocrx_word' id='word_1_204' title='bbox 2368 682 2513 722; x_wconf 91' lang='lat' dir='ltr'><strong>ntus.</strong></span> 
     </span>
    </p>
   </div>
   <div class='ocr_carea' id='block_1_35' title="bbox 2379 888 3948 958">
    <p class='ocr_par' dir='ltr' id='par_1_35' title="bbox 2379 888 3948 958">
     <span class='ocr_line' id='line_1_35' title="bbox 2379 888 3948 958; baseline -0.001 -14"><span class='ocrx_word' id='word_1_205' title='bbox 2379 890 2481 944; x_wconf 81' lang='grc' dir='ltr'>Ἐκ</span> <span class='ocrx_word' id='word_1_206' title='bbox 2508 888 2614 941; x_wconf 84' lang='grc' dir='ltr'>τοῦ</span> <span class='ocrx_word' id='word_1_207' title='bbox 2640 890 2907 954; x_wconf 78' lang='grc' dir='ltr'>Κανόνος</span> <span class='ocrx_word' id='word_1_208' title='bbox 2933 891 3017 956; x_wconf 78' lang='grc' dir='ltr'>εὶς</span> <span class='ocrx_word' id='word_1_209' title='bbox 3045 890 3185 955; x_wconf 77' lang='grc' dir='ltr'>τοὺς</span> <span class='ocrx_word' id='word_1_210' title='bbox 3209 888 3419 957; x_wconf 79' lang='grc' dir='ltr'><strong>ἁγίους</strong></span> <span class='ocrx_word' id='word_1_211' title='bbox 3440 890 3745 957; x_wconf 79' lang='grc' dir='ltr'>μάρτυρας</span> <span class='ocrx_word' id='word_1_212' title='bbox 3767 892 3948 958; x_wconf 79' lang='grc' dir='ltr'>Σαμο-</span> 
     </span>
    </p>
   </div>
   <div class='ocr_carea' id='block_1_36' title="bbox 2506 958 3799 1029">
    <p class='ocr_par' dir='ltr' id='par_1_36' title="bbox 2506 958 3799 1029">
     <span class='ocr_line' id='line_1_36' title="bbox 2506 958 3799 1029; baseline 0.002 -16"><span class='ocrx_word' id='word_1_213' title='bbox 2506 958 2640 1018; x_wconf 84' lang='grc' dir='ltr'><em>νᾶν.</em></span> <span class='ocrx_word' id='word_1_214' title='bbox 2690 961 2985 1027; x_wconf 71' lang='grc' dir='ltr'><strong>Γουρίων,</strong></span> <span class='ocrx_word' id='word_1_215' title='bbox 3034 962 3134 1014; x_wconf 75' lang='grc' dir='ltr'>καὶ</span> <span class='ocrx_word' id='word_1_216' title='bbox 3169 963 3437 1024; x_wconf 78' lang='grc' dir='ltr'><strong>Ἀϐιϐον,</strong></span> <span class='ocrx_word' id='word_1_217' title='bbox 3474 961 3663 1029; x_wconf 72' lang='grc' dir='ltr'><strong>ἡμέρᾳ</strong></span> <span class='ocrx_word' id='word_1_218' title='bbox 3718 960 3799 1015; x_wconf 88' lang='grc' dir='ltr'>ιε’.</span> 
     </span>
    </p>
   </div>
   <div class='ocr_carea' id='block_1_37' title="bbox 2437 1070 3946 1146">
    <p class='ocr_par' dir='ltr' id='par_1_37' title="bbox 2437 1070 3946 1146">
     <span class='ocr_line' id='line_1_37' title="bbox 2437 1070 3946 1146; baseline 0.005 -24"><span class='ocrx_word' id='word_1_219' title='bbox 2437 1070 2637 1140; x_wconf 68' lang='grc' dir='ltr'>Σοφίας</span> <span class='ocrx_word' id='word_1_220' title='bbox 2661 1072 2759 1141; x_wconf 82' lang='grc' dir='ltr'><strong>τῆς</strong></span> <span class='ocrx_word' id='word_1_221' title='bbox 2788 1072 3096 1140; x_wconf 64' lang='grc' dir='ltr'>ὑπερσόφου</span> <span class='ocrx_word' id='word_1_222' title='bbox 3120 1072 3356 1142; x_wconf 82' lang='grc' dir='ltr'><strong>γέγονας</strong></span> <span class='ocrx_word' id='word_1_223' title='bbox 3383 1074 3580 1140; x_wconf 80' lang='grc' dir='ltr'>σκηνὴ,</span> <span class='ocrx_word' id='word_1_224' title='bbox 3610 1077 3946 1146; x_wconf 78' lang='grc' dir='ltr'><strong>πανὰμωμε·</strong></span> 
     </span>
    </p>
   </div>
   <div class='ocr_carea' id='block_1_38' title="bbox 2364 1161 3950 1237">
    <p class='ocr_par' dir='ltr' id='par_1_38' title="bbox 2364 1161 3950 1237">
     <span class='ocr_line' id='line_1_38' title="bbox 2364 1161 3950 1237; baseline 0.002 -22"><span class='ocrx_word' id='word_1_225' title='bbox 2364 1164 2455 1216; x_wconf 81' lang='grc' dir='ltr'><strong>τὸν</strong></span> <span class='ocrx_word' id='word_1_226' title='bbox 2498 1165 2691 1219; x_wconf 56' lang='grc' dir='ltr'><strong>ἑτετοῦ</strong></span> <span class='ocrx_word' id='word_1_227' title='bbox 2723 1167 2831 1237; x_wconf 72' lang='grc' dir='ltr'><strong>γὰρ</strong></span> <span class='ocrx_word' id='word_1_228' title='bbox 2861 1161 3008 1218; x_wconf 82' lang='grc' dir='ltr'>οἷκον</span> <span class='ocrx_word' id='word_1_229' title='bbox 3042 1168 3106 1218; x_wconf 83' lang='grc' dir='ltr'>ὲκ</span> <span class='ocrx_word' id='word_1_230' title='bbox 3150 1166 3261 1219; x_wconf 87' lang='grc' dir='ltr'><strong>τῶν</strong></span> <span class='ocrx_word' id='word_1_231' title='bbox 3300 1166 3407 1218; x_wconf 84' lang='grc' dir='ltr'><strong>σῶν</strong></span> <span class='ocrx_word' id='word_1_232' title='bbox 3438 1169 3837 1236; x_wconf 76' lang='grc' dir='ltr'>παναχράντων</span> <span class='ocrx_word' id='word_1_233' title='bbox 3864 1170 3950 1221; x_wconf 83' lang='grc' dir='ltr'><strong>αἱ-</strong></span> 
     </span>
    </p>
   </div>
   <div class='ocr_carea' id='block_1_39' title="bbox 2370 1259 3949 1333">
    <p class='ocr_par' dir='ltr' id='par_1_39' title="bbox 2370 1259 3949 1333">
     <span class='ocr_line' id='line_1_39' title="bbox 2370 1259 3949 1333; baseline 0.001 -21"><span class='ocrx_word' id='word_1_234' title='bbox 2370 1259 2555 1328; x_wconf 80' lang='grc' dir='ltr'>μάτων</span> <span class='ocrx_word' id='word_1_235' title='bbox 2579 1300 2593 1320; x_wconf 83' lang='grc'>,</span> <span class='ocrx_word' id='word_1_236' title='bbox 2629 1259 2799 1329; x_wconf 81' lang='grc' dir='ltr'>σεμνὴ</span> <span class='ocrx_word' id='word_1_237' title='bbox 2824 1300 2839 1323; x_wconf 82' lang='grc'>,</span> <span class='ocrx_word' id='word_1_238' title='bbox 2870 1262 3173 1330; x_wconf 73' lang='grc' dir='ltr'>οἰκονομεῖν</span> <span class='ocrx_word' id='word_1_239' title='bbox 3206 1260 3468 1329; x_wconf 75' lang='grc' dir='ltr'>εὐδόκησε</span> <span class='ocrx_word' id='word_1_240' title='bbox 3500 1262 3636 1331; x_wconf 76' lang='grc' dir='ltr'>πρὸς</span> <span class='ocrx_word' id='word_1_241' title='bbox 3669 1264 3949 1333; x_wconf 72' lang='grc' dir='ltr'><strong>σωτηρίαν</strong></span> 
     </span>
    </p>
   </div>
   <div class='ocr_carea' id='block_1_40' title="bbox 2364 1350 2884 1419">
    <p class='ocr_par' dir='ltr' id='par_1_40' title="bbox 2364 1350 2884 1419">
     <span class='ocr_line' id='line_1_40' title="bbox 2364 1350 2884 1419; baseline 0 -16"><span class='ocrx_word' id='word_1_242' title='bbox 2364 1350 2473 1403; x_wconf 83' lang='grc' dir='ltr'>τῶν</span> <span class='ocrx_word' id='word_1_243' title='bbox 2496 1350 2681 1419; x_wconf 74' lang='grc' dir='ltr'>ψυχῶν</span> <span class='ocrx_word' id='word_1_244' title='bbox 2708 1351 2740 1419; x_wconf 81' lang='grc' dir='ltr'>ἡ</span> <span class='ocrx_word' id='word_1_245' title='bbox 2748 1350 2884 1419; x_wconf 82' lang='grc' dir='ltr'>μῶν.</span> 
     </span>
    </p>
   </div>
   <div class='ocr_carea' id='block_1_41' title="bbox 2449 1530 3946 1604">
    <p class='ocr_par' dir='ltr' id='par_1_41' title="bbox 2449 1530 3946 1604">
     <span class='ocr_line' id='line_1_41' title="bbox 2449 1530 3946 1604; baseline 0.002 -20"><span class='ocrx_word' id='word_1_246' title='bbox 2449 1530 2666 1585; x_wconf 72' lang='grc' dir='ltr'>Ἰἀσεών</span> <span class='ocrx_word' id='word_1_247' title='bbox 2690 1550 2747 1585; x_wconf 93' lang='grc' dir='ltr'><strong>σε</strong></span> <span class='ocrx_word' id='word_1_248' title='bbox 2767 1532 2948 1603; x_wconf 79' lang='grc' dir='ltr'>πηγὴν</span> <span class='ocrx_word' id='word_1_249' title='bbox 2975 1535 3002 1587; x_wconf 86' lang='grc' dir='ltr'>ὁ</span> <span class='ocrx_word' id='word_1_250' title='bbox 3028 1533 3127 1603; x_wconf 83' lang='grc' dir='ltr'><strong>τὴν</strong></span> <span class='ocrx_word' id='word_1_251' title='bbox 3166 1533 3262 1603; x_wconf 84' lang='grc' dir='ltr'><strong>σὴν</strong></span> <span class='ocrx_word' id='word_1_252' title='bbox 3288 1534 3501 1604; x_wconf 87' lang='grc' dir='ltr'>μήτραν</span> <span class='ocrx_word' id='word_1_253' title='bbox 3527 1534 3727 1598; x_wconf 75' lang='grc' dir='ltr'>ὑποδὺς</span> <span class='ocrx_word' id='word_1_254' title='bbox 3755 1536 3946 1601; x_wconf 66' lang='grc' dir='ltr'><strong>ἔδειξε,</strong></span> 
     </span>
    </p>
   </div>
   <div class='ocr_carea' id='block_1_42' title="bbox 2372 1620 3948 1697">
    <p class='ocr_par' dir='ltr' id='par_1_42' title="bbox 2372 1620 3948 1697">
     <span class='ocr_line' id='line_1_42' title="bbox 2372 1620 3948 1697; baseline 0.003 -23"><span class='ocrx_word' id='word_1_255' title='bbox 2372 1627 2543 1695; x_wconf 82' lang='grc' dir='ltr'>μῆτερ</span> <span class='ocrx_word' id='word_1_256' title='bbox 2570 1623 2707 1677; x_wconf 82' lang='grc' dir='ltr'>Θεοῦ</span> <span class='ocrx_word' id='word_1_257' title='bbox 2743 1625 3007 1693; x_wconf 77' lang='grc' dir='ltr'>πὰναγνε·</span> <span class='ocrx_word' id='word_1_258' title='bbox 3044 1626 3144 1695; x_wconf 84' lang='grc' dir='ltr'><strong>τὴν</strong></span> <span class='ocrx_word' id='word_1_259' title='bbox 3178 1626 3315 1695; x_wconf 84' lang='grc' dir='ltr'><strong>ἐμὴν</strong></span> <span class='ocrx_word' id='word_1_260' title='bbox 3340 1626 3519 1695; x_wconf 67' lang='grc' dir='ltr'>ψυχὴν</span> <span class='ocrx_word' id='word_1_261' title='bbox 3550 1620 3643 1678; x_wconf 78' lang='grc' dir='ltr'>οὖν</span> <span class='ocrx_word' id='word_1_262' title='bbox 3675 1625 3948 1697; x_wconf 76' lang='grc' dir='ltr'>Θεραπευ-</span> 
     </span>
    </p>
   </div>
   <div class='ocr_carea' id='block_1_43' title="bbox 2370 1732 2481 1769">
    <p class='ocr_par' dir='ltr' id='par_1_43' title="bbox 2370 1732 2481 1769">
     <span class='ocr_line' id='line_1_43' title="bbox 2370 1732 2481 1769; baseline 0.009 -1"><span class='ocrx_word' id='word_1_263' title='bbox 2370 1732 2481 1769; x_wconf 84' lang='grc' dir='ltr'>σον.</span> 
     </span>
    </p>
   </div>
   <div class='ocr_carea' id='block_1_44' title="bbox 2447 1801 3950 1879">
    <p class='ocr_par' dir='ltr' id='par_1_44' title="bbox 2447 1801 3950 1879">
     <span class='ocr_line' id='line_1_44' title="bbox 2447 1801 3950 1879; baseline 0.002 -18"><span class='ocrx_word' id='word_1_264' title='bbox 2447 1809 2616 1879; x_wconf 80' lang='grc' dir='ltr'><strong>Ὑπὲρ</strong></span> <span class='ocrx_word' id='word_1_265' title='bbox 2647 1807 2853 1861; x_wconf 75' lang='grc' dir='ltr'>ἔννοιαν</span> <span class='ocrx_word' id='word_1_266' title='bbox 2880 1809 3119 1878; x_wconf 78' lang='grc' dir='ltr'>ὲκύησας</span> <span class='ocrx_word' id='word_1_267' title='bbox 3140 1847 3155 1871; x_wconf 82' lang='grc'><em>,</em></span> <span class='ocrx_word' id='word_1_268' title='bbox 3184 1801 3228 1860; x_wconf 81' lang='grc' dir='ltr'>ὧ</span> <span class='ocrx_word' id='word_1_269' title='bbox 3256 1808 3496 1878; x_wconf 79' lang='grc' dir='ltr'>Παροένε</span> <span class='ocrx_word' id='word_1_270' title='bbox 3514 1850 3529 1873; x_wconf 84' lang='grc'><em>,</em></span> <span class='ocrx_word' id='word_1_271' title='bbox 3564 1811 3656 1862; x_wconf 72' lang='grc' dir='ltr'><strong>καὶ</strong></span> <span class='ocrx_word' id='word_1_272' title='bbox 3696 1812 3836 1879; x_wconf 80' lang='grc' dir='ltr'><strong>μετᾶ</strong></span> <span class='ocrx_word' id='word_1_273' title='bbox 3862 1814 3950 1864; x_wconf 71' lang='grc' dir='ltr'><strong>τό·</strong></span> 
     </span>
    </p>
   </div>
   <div class='ocr_carea' id='block_1_45' title="bbox 2371 1901 3951 1974">
    <p class='ocr_par' dir='ltr' id='par_1_45' title="bbox 2371 1901 3951 1974">
     <span class='ocr_line' id='line_1_45' title="bbox 2371 1901 3951 1974; baseline -0.001 -18"><span class='ocrx_word' id='word_1_274' title='bbox 2371 1921 2466 1956; x_wconf 76' lang='grc' dir='ltr'><strong>κον</strong></span> <span class='ocrx_word' id='word_1_275' title='bbox 2492 1902 2678 1973; x_wconf 55' lang='grc' dir='ltr'>ὥξθης</span> <span class='ocrx_word' id='word_1_276' title='bbox 2706 1901 3117 1973; x_wconf 82' lang='grc' dir='ltr'>παρθενεύουσα</span> <span class='ocrx_word' id='word_1_277' title='bbox 3152 1902 3343 1955; x_wconf 57' lang='grc' dir='ltr'><strong>πάλιν</strong></span> <span class='ocrx_word' id='word_1_278' title='bbox 3384 1903 3525 1971; x_wconf 82' lang='grc' dir='ltr'>μέγα</span> <span class='ocrx_word' id='word_1_279' title='bbox 3557 1904 3616 1955; x_wconf 73' lang='grc' dir='ltr'>τὸ</span> <span class='ocrx_word' id='word_1_280' title='bbox 3652 1906 3951 1974; x_wconf 76' lang='grc' dir='ltr'>μυστήριον</span> 
     </span>
    </p>
   </div>
   <div class='ocr_carea' id='block_1_46' title="bbox 2368 1995 3949 2068">
    <p class='ocr_par' dir='ltr' id='par_1_46' title="bbox 2368 1995 3949 2068">
     <span class='ocr_line' id='line_1_46' title="bbox 2368 1995 3949 2068; baseline 0.001 -20"><span class='ocrx_word' id='word_1_281' title='bbox 2368 1997 2467 2067; x_wconf 81' lang='grc' dir='ltr'><strong>τῆς</strong></span> <span class='ocrx_word' id='word_1_282' title='bbox 2488 1997 2780 2067; x_wconf 84' lang='grc' dir='ltr'>κυοφορῐας</span> <span class='ocrx_word' id='word_1_283' title='bbox 2804 2013 2920 2059; x_wconf 79' lang='grc' dir='ltr'>σου,</span> <span class='ocrx_word' id='word_1_284' title='bbox 2960 1995 3310 2067; x_wconf 78' lang='grc' dir='ltr'>Ἀειπάροενε</span> <span class='ocrx_word' id='word_1_285' title='bbox 3336 1997 3593 2067; x_wconf 83' lang='grc' dir='ltr'>ἄχραντε,</span> <span class='ocrx_word' id='word_1_286' title='bbox 3648 1996 3949 2068; x_wconf 79' lang='grc' dir='ltr'>ὑμνοῦμεν.</span> 
     </span>
    </p>
   </div>
   <div class='ocr_carea' id='block_1_47' title="bbox 2451 2175 3952 2247">
    <p class='ocr_par' dir='ltr' id='par_1_47' title="bbox 2451 2175 3952 2247">
     <span class='ocr_line' id='line_1_47' title="bbox 2451 2175 3952 2247; baseline -0.001 -17"><span class='ocrx_word' id='word_1_287' title='bbox 2451 2177 2511 2231; x_wconf 87' lang='grc' dir='ltr'>Ὀ</span> <span class='ocrx_word' id='word_1_288' title='bbox 2563 2176 2723 2247; x_wconf 82' lang='grc' dir='ltr'>μόνος</span> <span class='ocrx_word' id='word_1_289' title='bbox 2769 2175 2973 2244; x_wconf 69' lang='grc' dir='ltr'>ἀγαθὸς</span> <span class='ocrx_word' id='word_1_290' title='bbox 3024 2175 3118 2229; x_wconf 59' lang='grc' dir='ltr'><strong>καὶ⁹</strong></span> <span class='ocrx_word' id='word_1_291' title='bbox 3172 2175 3401 2243; x_wconf 78' lang='grc' dir='ltr'><strong>πελάγει</strong></span> <span class='ocrx_word' id='word_1_292' title='bbox 3460 2176 3829 2246; x_wconf 68' lang='grc' dir='ltr'><strong>χρηστότητος</strong></span> <span class='ocrx_word' id='word_1_293' title='bbox 3882 2177 3952 2228; x_wconf 74' lang='grc' dir='ltr'>τὰ</span> 
     </span>
    </p>
   </div>
   <div class='ocr_carea' id='block_1_48' title="bbox 2369 2266 3954 2339">
    <p class='ocr_par' dir='ltr' id='par_1_48' title="bbox 2369 2266 3954 2339">
     <span class='ocr_line' id='line_1_48' title="bbox 2369 2266 3954 2339; baseline -0.003 -17"><span class='ocrx_word' id='word_1_294' title='bbox 2369 2269 2696 2339; x_wconf 75' lang='grc' dir='ltr'>σύμπαντα,</span> <span class='ocrx_word' id='word_1_295' title='bbox 2754 2267 3075 2339; x_wconf 82' lang='grc' dir='ltr'>Θεομῆτορ,</span> <span class='ocrx_word' id='word_1_296' title='bbox 3136 2266 3463 2337; x_wconf 76' lang='grc' dir='ltr'>συγκρατῶν</span> <span class='ocrx_word' id='word_1_297' title='bbox 3510 2269 3628 2330; x_wconf 80' lang='grc' dir='ltr'>σαῖς</span> <span class='ocrx_word' id='word_1_298' title='bbox 3681 2267 3954 2333; x_wconf 75' lang='grc' dir='ltr'><strong>ἀγκάλαις</strong></span> 
     </span>
    </p>
   </div>
   <div class='ocr_carea' id='block_1_49' title="bbox 2368 2360 3071 2435">
    <p class='ocr_par' dir='ltr' id='par_1_49' title="bbox 2368 2360 3071 2435">
     <span class='ocr_line' id='line_1_49' title="bbox 2368 2360 3071 2435; baseline -0.006 -19"><span class='ocrx_word' id='word_1_299' title='bbox 2368 2362 2686 2435; x_wconf 75' lang='grc' dir='ltr'>κρατεῖσθαι</span> <span class='ocrx_word' id='word_1_300' title='bbox 2710 2360 3071 2428; x_wconf 73' lang='grc' dir='ltr'><strong>κατηξίωσεν.</strong></span> 
     </span>
    </p>
   </div>
   <div class='ocr_carea' id='block_1_50' title="bbox 2439 2452 3954 2525">
    <p class='ocr_par' dir='ltr' id='par_1_50' title="bbox 2439 2452 3954 2525">
     <span class='ocr_line' id='line_1_50' title="bbox 2439 2452 3954 2525; baseline -0.002 -17"><span class='ocrx_word' id='word_1_301' title='bbox 2439 2458 2504 2509; x_wconf 86' lang='grc' dir='ltr'><strong>Σὲ</strong></span> <span class='ocrx_word' id='word_1_302' title='bbox 2559 2457 2730 2525; x_wconf 82' lang='grc' dir='ltr'>μόνην</span> <span class='ocrx_word' id='word_1_303' title='bbox 2764 2455 2871 2508; x_wconf 84' lang='grc' dir='ltr'><strong>τῶν</strong></span> <span class='ocrx_word' id='word_1_304' title='bbox 2920 2454 3175 2506; x_wconf 81' lang='grc' dir='ltr'>ἀκανθῶν</span> <span class='ocrx_word' id='word_1_305' title='bbox 3216 2455 3273 2506; x_wconf 83' lang='grc' dir='ltr'>ὲν</span> <span class='ocrx_word' id='word_1_306' title='bbox 3326 2455 3474 2522; x_wconf 79' lang='grc' dir='ltr'><strong>μέσῳ</strong></span> <span class='ocrx_word' id='word_1_307' title='bbox 3527 2454 3829 2524; x_wconf 73' lang='grc' dir='ltr'>εὑράμενος</span> <span class='ocrx_word' id='word_1_308' title='bbox 3876 2452 3954 2515; x_wconf 84' lang='grc' dir='ltr'>ὡς</span> 
     </span>
    </p>
   </div>
   <div class='ocr_carea' id='block_1_51' title="bbox 2369 2538 3957 2617">
    <p class='ocr_par' dir='ltr' id='par_1_51' title="bbox 2369 2538 3957 2617">
     <span class='ocr_line' id='line_1_51' title="bbox 2369 2538 3957 2617; baseline -0.003 -17"><span class='ocrx_word' id='word_1_309' title='bbox 2369 2546 2756 2617; x_wconf 74' lang='grc' dir='ltr'>καθαρώτατον</span> <span class='ocrx_word' id='word_1_310' title='bbox 2795 2546 2979 2617; x_wconf 77' lang='grc' dir='ltr'>κρίνον</span> <span class='ocrx_word' id='word_1_311' title='bbox 3003 2587 3017 2607; x_wconf 83' lang='grc'><em>,</em></span> <span class='ocrx_word' id='word_1_312' title='bbox 3062 2544 3159 2597; x_wconf 79' lang='grc' dir='ltr'>καὶ</span> <span class='ocrx_word' id='word_1_313' title='bbox 3207 2545 3473 2599; x_wconf 82' lang='grc' dir='ltr'>κοιλάδων</span> <span class='ocrx_word' id='word_1_314' title='bbox 3507 2545 3701 2609; x_wconf 74' lang='grc' dir='ltr'>ἄνθος,</span> <span class='ocrx_word' id='word_1_315' title='bbox 3733 2538 3779 2597; x_wconf 77' lang='grc' dir='ltr'><strong>ὣ</strong></span> <span class='ocrx_word' id='word_1_316' title='bbox 3823 2545 3957 2597; x_wconf 76' lang='grc' dir='ltr'>Θεο-</span> 
     </span>
    </p>
   </div>
   <div class='ocr_carea' id='block_1_52' title="bbox 2374 2638 3847 2711">
    <p class='ocr_par' dir='ltr' id='par_1_52' title="bbox 2374 2638 3847 2711">
     <span class='ocr_line' id='line_1_52' title="bbox 2374 2638 3847 2711; baseline -0.001 -20"><span class='ocrx_word' id='word_1_317' title='bbox 2374 2642 2571 2711; x_wconf 80' lang='grc' dir='ltr'>μῆτορ,</span> <span class='ocrx_word' id='word_1_318' title='bbox 2605 2642 2633 2693; x_wconf 88' lang='grc' dir='ltr'>ὁ</span> <span class='ocrx_word' id='word_1_319' title='bbox 2661 2640 2910 2709; x_wconf 76' lang='grc' dir='ltr'>Νυμφίος</span> <span class='ocrx_word' id='word_1_320' title='bbox 2934 2641 2961 2693; x_wconf 88' lang='grc' dir='ltr'>ὁ</span> <span class='ocrx_word' id='word_1_321' title='bbox 2990 2638 3176 2711; x_wconf 78' lang='grc' dir='ltr'>νοητὸς</span> <span class='ocrx_word' id='word_1_322' title='bbox 3209 2641 3267 2691; x_wconf 81' lang='grc' dir='ltr'>ἐν</span> <span class='ocrx_word' id='word_1_323' title='bbox 3294 2639 3377 2691; x_wconf 79' lang='grc' dir='ltr'><strong>σοὶ</strong></span> <span class='ocrx_word' id='word_1_324' title='bbox 3407 2639 3847 2707; x_wconf 76' lang='grc' dir='ltr'>κατεσκήνωσεν.</span> 
     </span>
    </p>
   </div>
   <div class='ocr_carea' id='block_1_53' title="bbox 2460 2822 3955 2893">
    <p class='ocr_par' dir='ltr' id='par_1_53' title="bbox 2460 2822 3955 2893">
     <span class='ocr_line' id='line_1_53' title="bbox 2460 2822 3955 2893; baseline -0.002 -16"><span class='ocrx_word' id='word_1_325' title='bbox 2460 2824 2544 2886; x_wconf 79' lang='grc' dir='ltr'>Ὡς</span> <span class='ocrx_word' id='word_1_326' title='bbox 2570 2824 2903 2893; x_wconf 77' lang='grc' dir='ltr'>νεὸσμηκτον</span> <span class='ocrx_word' id='word_1_327' title='bbox 2942 2822 3035 2874; x_wconf 67' lang='grc' dir='ltr'>καὶ</span> <span class='ocrx_word' id='word_1_328' title='bbox 3069 2822 3386 2891; x_wconf 77' lang='grc' dir='ltr'>φωταυγὶας</span> <span class='ocrx_word' id='word_1_329' title='bbox 3423 2824 3637 2892; x_wconf 77' lang='grc' dir='ltr'>πέμπον</span> <span class='ocrx_word' id='word_1_330' title='bbox 3669 2822 3955 2893; x_wconf 77' lang='grc' dir='ltr'>ἔσοπτρον.</span> 
     </span>
    </p>
   </div>
   <div class='ocr_carea' id='block_1_54' title="bbox 2375 2914 3960 2985">
    <p class='ocr_par' dir='ltr' id='par_1_54' title="bbox 2375 2914 3960 2985">
     <span class='ocr_line' id='line_1_54' title="bbox 2375 2914 3960 2985; baseline -0.003 -16"><span class='ocrx_word' id='word_1_331' title='bbox 2375 2915 2568 2984; x_wconf 75' lang='grc' dir='ltr'>αἴγλην</span> <span class='ocrx_word' id='word_1_332' title='bbox 2615 2914 2836 2985; x_wconf 79' lang='grc' dir='ltr'>Θεῖκῆς.</span> <span class='ocrx_word' id='word_1_333' title='bbox 2890 2914 3162 2984; x_wconf 75' lang='grc' dir='ltr'>Παροένε,</span> <span class='ocrx_word' id='word_1_334' title='bbox 3202 2915 3569 2985; x_wconf 81' lang='grc' dir='ltr'>μαρμαρυγῆς</span> <span class='ocrx_word' id='word_1_335' title='bbox 3619 2915 3960 2983; x_wconf 72' lang='grc' dir='ltr'>προσϐαλοῦ-</span> 
     </span>
    </p>
   </div>
   <div class='ocr_carea' id='block_1_55' title="bbox 2376 3006 3959 3077">
    <p class='ocr_par' dir='ltr' id='par_1_55' title="bbox 2376 3006 3959 3077">
     <span class='ocr_line' id='line_1_55' title="bbox 2376 3006 3959 3077; baseline 0 -17"><span class='ocrx_word' id='word_1_336' title='bbox 2376 3007 2474 3060; x_wconf 82' lang='grc' dir='ltr'>σάν</span> <span class='ocrx_word' id='word_1_337' title='bbox 2503 3025 2583 3059; x_wconf 81' lang='grc' dir='ltr'>σοι</span> <span class='ocrx_word' id='word_1_338' title='bbox 2608 3006 2889 3076; x_wconf 81' lang='grc' dir='ltr'>ἐχώρησας</span> <span class='ocrx_word' id='word_1_339' title='bbox 2910 3022 2923 3034; x_wconf 73' lang='grc'>³</span> <span class='ocrx_word' id='word_1_340' title='bbox 2980 3007 3321 3077; x_wconf 77' lang='grc' dir='ltr'><strong>εὐλογημένη</strong></span> <span class='ocrx_word' id='word_1_341' title='bbox 3365 3011 3431 3060; x_wconf 76' lang='grc' dir='ltr'><strong>σὺ</strong></span> <span class='ocrx_word' id='word_1_342' title='bbox 3467 3009 3523 3060; x_wconf 82' lang='grc' dir='ltr'>ὲν</span> <span class='ocrx_word' id='word_1_343' title='bbox 3552 3008 3791 3076; x_wconf 65' lang='grc' dir='ltr'><strong>γυναιξὶ,</strong></span> <span class='ocrx_word' id='word_1_344' title='bbox 3817 3010 3959 3061; x_wconf 83' lang='grc' dir='ltr'>Παν-</span> 
     </span>
    </p>
   </div>
   <div class='ocr_carea' id='block_1_56' title="bbox 2376 3100 2894 3171">
    <p class='ocr_par' dir='ltr' id='par_1_56' title="bbox 2376 3100 2894 3171">
     <span class='ocr_line' id='line_1_56' title="bbox 2376 3100 2894 3171; baseline 0 -18"><span class='ocrx_word' id='word_1_345' title='bbox 2376 3101 2576 3171; x_wconf 84' lang='grc' dir='ltr'><strong>ἀμωμε</strong></span> <span class='ocrx_word' id='word_1_346' title='bbox 2606 3100 2894 3153; x_wconf 80' lang='grc' dir='ltr'>Δέσποινα.</span> 
     </span>
    </p>
   </div>
   <div class='ocr_carea' id='block_1_57' title="bbox 775 3277 3958 3349">
    <p class='ocr_par' dir='ltr' id='par_1_57' title="bbox 775 3277 3958 3349">
     <span class='ocr_line' id='line_1_57' title="bbox 775 3277 3958 3349; baseline -0 -18"><span class='ocrx_word' id='word_1_347' title='bbox 775 3279 885 3347; x_wconf 80' lang='lat'><strong>(95)</strong></span> <span class='ocrx_word' id='word_1_348' title='bbox 919 3278 1043 3333; x_wconf 85' lang='lat' dir='ltr'><strong>Fuit</strong></span> <span class='ocrx_word' id='word_1_349' title='bbox 1072 3280 1131 3333; x_wconf 86' lang='grc' dir='ltr'>Β.</span> <span class='ocrx_word' id='word_1_350' title='bbox 1179 3279 1341 3349; x_wconf 78' lang='lat' dir='ltr'><strong>Virgo</strong></span> <span class='ocrx_word' id='word_1_351' title='bbox 1396 3289 1653 3347; x_wconf 86' lang='lat' dir='ltr'><strong>tanquam</strong></span> <span class='ocrx_word' id='word_1_352' title='bbox 1692 3278 1862 3333; x_wconf 90' lang='lat' dir='ltr'><strong>lilium</strong></span> <span class='ocrx_word' id='word_1_353' title='bbox 1895 3278 2271 3347; x_wconf 86' lang='lat' dir='ltr'><strong>purissimum,</strong></span> <span class='ocrx_word' id='word_1_354' title='bbox 2308 3283 2349 3339; x_wconf 91' lang='lat' dir='ltr'>C</span> <span class='ocrx_word' id='word_1_355' title='bbox 2384 3279 2513 3333; x_wconf 91' lang='lat' dir='ltr'><strong>lium</strong></span> <span class='ocrx_word' id='word_1_356' title='bbox 2557 3278 2701 3331; x_wconf 89' lang='lat' dir='ltr'><strong>inter</strong></span> <span class='ocrx_word' id='word_1_357' title='bbox 2740 3279 2926 3347; x_wconf 86' lang='lat' dir='ltr'><strong>spinas</strong></span> <span class='ocrx_word' id='word_1_358' title='bbox 2958 3290 3236 3339; x_wconf 77' lang='lat' dir='ltr'><strong>nascatur,</strong></span> <span class='ocrx_word' id='word_1_359' title='bbox 3270 3288 3451 3349; x_wconf 54' lang='lat' dir='ltr'><strong>tamen</strong></span> <span class='ocrx_word' id='word_1_360' title='bbox 3492 3277 3611 3331; x_wconf 91' lang='lat' dir='ltr'><strong>sine</strong></span> <span class='ocrx_word' id='word_1_361' title='bbox 3651 3280 3825 3344; x_wconf 82' lang='lat' dir='ltr'><strong>spinis</strong></span> <span class='ocrx_word' id='word_1_362' title='bbox 3856 3288 3958 3338; x_wconf 80' lang='lat' dir='ltr'><strong>est.</strong></span> 
     </span>
    </p>
   </div>
   <div class='ocr_carea' id='block_1_58' title="bbox 704 3349 2268 3417">
    <p class='ocr_par' dir='ltr' id='par_1_58' title="bbox 704 3349 2268 3417">
     <span class='ocr_line' id='line_1_58' title="bbox 704 3349 2268 3417; baseline -0.002 -14"><span class='ocrx_word' id='word_1_363' title='bbox 704 3353 832 3416; x_wconf 89' lang='lat' dir='ltr'><strong>quia</strong></span> <span class='ocrx_word' id='word_1_364' title='bbox 864 3353 980 3405; x_wconf 85' lang='lat' dir='ltr'><strong>sine</strong></span> <span class='ocrx_word' id='word_1_365' title='bbox 1006 3352 1111 3403; x_wconf 91' lang='lat' dir='ltr'><strong>ulla</strong></span> <span class='ocrx_word' id='word_1_366' title='bbox 1135 3349 1361 3415; x_wconf 70' lang='lat' dir='ltr'><strong>originis</strong></span> <span class='ocrx_word' id='word_1_367' title='bbox 1390 3353 1601 3404; x_wconf 86' lang='lat' dir='ltr'><strong>macula</strong></span> <span class='ocrx_word' id='word_1_368' title='bbox 1631 3359 1912 3417; x_wconf 90' lang='lat' dir='ltr'><strong>concepta,</strong></span> <span class='ocrx_word' id='word_1_369' title='bbox 1943 3364 2065 3401; x_wconf 83' lang='lat' dir='ltr'><strong>cum</strong></span> <span class='ocrx_word' id='word_1_370' title='bbox 2090 3350 2268 3402; x_wconf 68' lang='lat' dir='ltr'><strong>castcri</strong></span> 
     </span>
    </p>
   </div>
   <div class='ocr_carea' id='block_1_59' title="bbox 706 3420 2272 3487">
    <p class='ocr_par' dir='ltr' id='par_1_59' title="bbox 706 3420 2272 3487">
     <span class='ocr_line' id='line_1_59' title="bbox 706 3420 2272 3487; baseline -0.003 -14"><span class='ocrx_word' id='word_1_371' title='bbox 706 3423 833 3473; x_wconf 71' lang='lat' dir='ltr'><strong>Adae</strong></span> <span class='ocrx_word' id='word_1_372' title='bbox 869 3420 961 3473; x_wconf 78' lang='lat' dir='ltr'><strong>ﬁlii</strong></span> <span class='ocrx_word' id='word_1_373' title='bbox 1018 3420 1218 3473; x_wconf 78' lang='lat' dir='ltr'><strong>fuerint</strong></span> <span class='ocrx_word' id='word_1_374' title='bbox 1246 3423 1317 3473; x_wconf 91' lang='lat' dir='ltr'><strong>ob</strong></span> <span class='ocrx_word' id='word_1_375' title='bbox 1352 3430 1631 3480; x_wconf 84' lang='lat' dir='ltr'><strong>peccatum</strong></span> <span class='ocrx_word' id='word_1_376' title='bbox 1684 3420 1967 3487; x_wconf 79' lang='lat' dir='ltr'><strong>originale,</strong></span> <span class='ocrx_word' id='word_1_377' title='bbox 1998 3433 2101 3471; x_wconf 90' lang='lat' dir='ltr'><strong>non</strong></span> <span class='ocrx_word' id='word_1_378' title='bbox 2139 3420 2272 3480; x_wconf 88' lang='lat' dir='ltr'><strong>liiia,</strong></span> 
     </span>
    </p>
   </div>
   <div class='ocr_carea' id='block_1_60' title="bbox 706 3489 2275 3557">
    <p class='ocr_par' dir='ltr' id='par_1_60' title="bbox 706 3489 2275 3557">
     <span class='ocr_line' id='line_1_60' title="bbox 706 3489 2275 3557; baseline 0 -16"><span class='ocrx_word' id='word_1_379' title='bbox 706 3493 797 3543; x_wconf 74' lang='lat' dir='ltr'><strong>sed</strong></span> <span class='ocrx_word' id='word_1_380' title='bbox 858 3492 1046 3552; x_wconf 66' lang='lat' dir='ltr'><strong>Spinar.</strong></span> <span class='ocrx_word' id='word_1_381' title='bbox 1107 3490 1275 3541; x_wconf 71' lang='lat' dir='ltr'><strong>Favet.</strong></span> <span class='ocrx_word' id='word_1_382' title='bbox 1342 3491 1637 3543; x_wconf 77' lang='lat' dir='ltr'><strong>chericus</strong></span> <span class='ocrx_word' id='word_1_383' title='bbox 1701 3489 1911 3542; x_wconf 74' lang='lat' dir='ltr'><strong>Nausea</strong></span> <span class='ocrx_word' id='word_1_384' title='bbox 1988 3489 2275 3557; x_wconf 82' lang='lat' dir='ltr'><strong>episcopus</strong></span> 
     </span>
    </p>
   </div>
   <div class='ocr_carea' id='block_1_61' title="bbox 709 3558 2270 3629">
    <p class='ocr_par' dir='ltr' id='par_1_61' title="bbox 709 3558 2270 3629">
     <span class='ocr_line' id='line_1_61' title="bbox 709 3558 2270 3629; baseline -0.001 -17"><span class='ocrx_word' id='word_1_385' title='bbox 709 3560 1052 3623; x_wconf 85' lang='lat' dir='ltr'><strong>Viennensis,</strong></span> <span class='ocrx_word' id='word_1_386' title='bbox 1088 3562 1273 3613; x_wconf 89' lang='lat' dir='ltr'><strong>humil.</strong></span> <span class='ocrx_word' id='word_1_387' title='bbox 1298 3562 1383 3623; x_wconf 69' lang='lat'><strong>9|,</strong></span> <span class='ocrx_word' id='word_1_388' title='bbox 1412 3564 1537 3614; x_wconf 92' lang='lat' dir='ltr'><strong>dum</strong></span> <span class='ocrx_word' id='word_1_389' title='bbox 1577 3575 1857 3629; x_wconf 85' lang='lat' dir='ltr'><strong>exponens</strong></span> <span class='ocrx_word' id='word_1_390' title='bbox 1900 3558 1982 3612; x_wconf 90' lang='lat' dir='ltr'><strong>illa</strong></span> <span class='ocrx_word' id='word_1_391' title='bbox 2017 3560 2176 3611; x_wconf 85' lang='lat' dir='ltr'><strong>verba</strong></span> <span class='ocrx_word' id='word_1_392' title='bbox 2210 3576 2270 3611; x_wconf 72' lang='lat' dir='ltr'><strong>ex</strong></span> 
     </span>
    </p>
   </div>
   <div class='ocr_carea' id='block_1_62' title="bbox 707 3631 2275 3699">
    <p class='ocr_par' dir='ltr' id='par_1_62' title="bbox 707 3631 2275 3699">
     <span class='ocr_line' id='line_1_62' title="bbox 707 3631 2275 3699; baseline -0.003 -13"><span class='ocrx_word' id='word_1_393' title='bbox 707 3648 744 3686; x_wconf 90' lang='lat' dir='ltr'><strong>Il</strong></span> <span class='ocrx_word' id='word_1_394' title='bbox 794 3633 1001 3685; x_wconf 68' lang='lat' dir='ltr'><strong>liantie.</strong></span> <span class='ocrx_word' id='word_1_395' title='bbox 1038 3647 1157 3699; x_wconf 86' lang='lat' dir='ltr'><strong>cap.</strong></span> <span class='ocrx_word' id='word_1_396' title='bbox 1186 3631 1335 3684; x_wconf 84' lang='lat' dir='ltr'><strong>Sicut</strong></span> <span class='ocrx_word' id='word_1_397' title='bbox 1392 3632 1561 3683; x_wconf 81' lang='lat' dir='ltr'><strong>lilium</strong></span> <span class='ocrx_word' id='word_1_398' title='bbox 1604 3634 1739 3683; x_wconf 79' lang='lat' dir='ltr'><strong>inter</strong></span> <span class='ocrx_word' id='word_1_399' title='bbox 1770 3632 1968 3698; x_wconf 72' lang='lat' dir='ltr'><strong>spinas,</strong></span> <span class='ocrx_word' id='word_1_400' title='bbox 1999 3631 2075 3681; x_wconf 79' lang='lat' dir='ltr'><strong>sic</strong></span> <span class='ocrx_word' id='word_1_401' title='bbox 2104 3631 2275 3682; x_wconf 84' lang='lat' dir='ltr'><strong>amica</strong></span> 
     </span>
    </p>
   </div>
   <div class='ocr_carea' id='block_1_63' title="bbox 707 3701 2276 3769">
    <p class='ocr_par' dir='ltr' id='par_1_63' title="bbox 707 3701 2276 3769">
     <span class='ocr_line' id='line_1_63' title="bbox 707 3701 2276 3769; baseline 0.001 -18"><span class='ocrx_word' id='word_1_402' title='bbox 707 3719 821 3751; x_wconf 77' lang='lat' dir='ltr'><strong>mea</strong></span> <span class='ocrx_word' id='word_1_403' title='bbox 874 3707 1005 3753; x_wconf 75' lang='lat' dir='ltr'><strong>inter</strong></span> <span class='ocrx_word' id='word_1_404' title='bbox 1038 3703 1204 3768; x_wconf 78' lang='lat' dir='ltr'><strong>ﬁlias,</strong></span> <span class='ocrx_word' id='word_1_405' title='bbox 1238 3705 1311 3755; x_wconf 85' lang='lat' dir='ltr'><strong>ait</strong></span> <span class='ocrx_word' id='word_1_406' title='bbox 1342 3719 1354 3754; x_wconf 93' lang='lat'><strong>:</strong></span> <span class='ocrx_word' id='word_1_407' title='bbox 1403 3720 1419 3752; x_wconf 88' lang='grc'><strong>1</strong></span> <span class='ocrx_word' id='word_1_408' title='bbox 1460 3702 1569 3754; x_wconf 83' lang='lat' dir='ltr'><strong>E&#39;si</strong></span> <span class='ocrx_word' id='word_1_409' title='bbox 1614 3718 1677 3753; x_wconf 82' lang='lat' dir='ltr'><strong>cx</strong></span> <span class='ocrx_word' id='word_1_410' title='bbox 1711 3701 1825 3769; x_wconf 78' lang='lat' dir='ltr'><strong>lege</strong></span> <span class='ocrx_word' id='word_1_411' title='bbox 1854 3713 2057 3752; x_wconf 72' lang='lat' dir='ltr'><strong>natura:</strong></span> <span class='ocrx_word' id='word_1_412' title='bbox 2087 3701 2276 3753; x_wconf 83' lang='lat' dir='ltr'><strong>onines</strong></span> 
     </span>
    </p>
   </div>
   <div class='ocr_carea' id='block_1_64' title="bbox 708 3773 2278 3839">
    <p class='ocr_par' dir='ltr' id='par_1_64' title="bbox 708 3773 2278 3839">
     <span class='ocr_line' id='line_1_64' title="bbox 708 3773 2278 3839; baseline -0.001 -16"><span class='ocrx_word' id='word_1_413' title='bbox 708 3773 830 3823; x_wconf 69' lang='lat' dir='ltr'><strong>tilia:</strong></span> <span class='ocrx_word' id='word_1_414' title='bbox 899 3776 1146 3824; x_wconf 66' lang='lat' dir='ltr'><strong>humanae</strong></span> <span class='ocrx_word' id='word_1_415' title='bbox 1210 3773 1464 3839; x_wconf 72' lang='lat' dir='ltr'><strong>spinosae,</strong></span> <span class='ocrx_word' id='word_1_416' title='bbox 1518 3773 1566 3823; x_wconf 92' lang='lat' dir='ltr'><strong>id</strong></span> <span class='ocrx_word' id='word_1_417' title='bbox 1611 3780 1959 3838; x_wconf 82' lang='lat' dir='ltr'><strong>est,percato</strong></span> <span class='ocrx_word' id='word_1_418' title='bbox 2001 3781 2278 3837; x_wconf 67' lang='lat' dir='ltr'><strong>concepta:</strong></span> 
     </span>
    </p>
   </div>
   <div class='ocr_carea' id='block_1_65' title="bbox 708 3840 2275 3908">
    <p class='ocr_par' dir='ltr' id='par_1_65' title="bbox 708 3840 2275 3908">
     <span class='ocr_line' id='line_1_65' title="bbox 708 3840 2275 3908; baseline -0.003 -14"><span class='ocrx_word' id='word_1_419' title='bbox 708 3844 839 3905; x_wconf 89' lang='lat' dir='ltr'><strong>sint,</strong></span> <span class='ocrx_word' id='word_1_420' title='bbox 877 3843 1043 3895; x_wconf 81' lang='lat' dir='ltr'><strong>Maria</strong></span> <span class='ocrx_word' id='word_1_421' title='bbox 1098 3853 1274 3894; x_wconf 81' lang='lat' dir='ltr'><strong>tamen</strong></span> <span class='ocrx_word' id='word_1_422' title='bbox 1342 3843 1689 3896; x_wconf 77' lang='lat' dir='ltr'><strong>sanctiSsitna</strong></span> <span class='ocrx_word' id='word_1_423' title='bbox 1754 3840 1917 3907; x_wconf 59' lang='lat' dir='ltr'><strong>Virgo</strong></span> <span class='ocrx_word' id='word_1_424' title='bbox 1959 3856 2051 3907; x_wconf 85' lang='lat' dir='ltr'><strong>per</strong></span> <span class='ocrx_word' id='word_1_425' title='bbox 2108 3841 2275 3908; x_wconf 73' lang='lat' dir='ltr'><strong>legi-nt</strong></span> 
     </span>
    </p>
   </div>
   <div class='ocr_carea' id='block_1_66' title="bbox 710 3911 2278 3977">
    <p class='ocr_par' dir='ltr' id='par_1_66' title="bbox 710 3911 2278 3977">
     <span class='ocr_line' id='line_1_66' title="bbox 710 3911 2278 3977; baseline -0.001 -14"><span class='ocrx_word' id='word_1_426' title='bbox 710 3916 893 3977; x_wconf 67' lang='lat' dir='ltr'><strong>gratiae</strong></span> <span class='ocrx_word' id='word_1_427' title='bbox 941 3914 1286 3966; x_wconf 86' lang='lat' dir='ltr'><strong>inuuaculata</strong></span> <span class='ocrx_word' id='word_1_428' title='bbox 1327 3914 1544 3973; x_wconf 87' lang='lat' dir='ltr'><strong>mansit,</strong></span> <span class='ocrx_word' id='word_1_429' title='bbox 1574 3929 1679 3965; x_wconf 88' lang='lat' dir='ltr'><strong>non</strong></span> <span class='ocrx_word' id='word_1_430' title='bbox 1713 3928 1871 3965; x_wconf 89' lang='lat' dir='ltr'><strong>secus</strong></span> <span class='ocrx_word' id='word_1_431' title='bbox 1896 3927 1957 3965; x_wconf 88' lang='lat' dir='ltr'><strong>ac</strong></span> <span class='ocrx_word' id='word_1_432' title='bbox 1994 3911 2162 3963; x_wconf 90' lang='lat' dir='ltr'><strong>liliuttt</strong></span> <span class='ocrx_word' id='word_1_433' title='bbox 2196 3913 2278 3963; x_wconf 88' lang='lat' dir='ltr'><strong>iit-</strong></span> 
     </span>
    </p>
   </div>
   <div class='ocr_carea' id='block_1_67' title="bbox 711 3982 2275 4051">
    <p class='ocr_par' dir='ltr' id='par_1_67' title="bbox 711 3982 2275 4051">
     <span class='ocr_line' id='line_1_67' title="bbox 711 3982 2275 4051; baseline -0.003 -17"><span class='ocrx_word' id='word_1_434' title='bbox 711 3992 789 4034; x_wconf 87' lang='lat' dir='ltr'><strong>ter</strong></span> <span class='ocrx_word' id='word_1_435' title='bbox 840 3984 1045 4051; x_wconf 88' lang='lat' dir='ltr'><strong>spinas,</strong></span> <span class='ocrx_word' id='word_1_436' title='bbox 1104 3999 1223 4050; x_wconf 80' lang='lat' dir='ltr'><strong>qua:</strong></span> <span class='ocrx_word' id='word_1_437' title='bbox 1272 3984 1371 4036; x_wconf 87' lang='lat' dir='ltr'><strong>etsi</strong></span> <span class='ocrx_word' id='word_1_438' title='bbox 1418 3984 1524 4035; x_wconf 89' lang='lat' dir='ltr'><strong>sint</strong></span> <span class='ocrx_word' id='word_1_439' title='bbox 1570 3982 1966 4049; x_wconf 76' lang='lat' dir='ltr'><strong>quantumlibet</strong></span> <span class='ocrx_word' id='word_1_440' title='bbox 2022 3982 2275 4043; x_wconf 70' lang='grc' dir='ltr'><strong>Ιιοιτίύςυ,</strong></span> 
     </span>
    </p>
   </div>
   <div class='ocr_carea' id='block_1_68' title="bbox 709 4052 2276 4120">
    <p class='ocr_par' dir='ltr' id='par_1_68' title="bbox 709 4052 2276 4120">
     <span class='ocr_line' id='line_1_68' title="bbox 709 4052 2276 4120; baseline 0 -17"><span class='ocrx_word' id='word_1_441' title='bbox 709 4067 913 4118; x_wconf 63' lang='lat' dir='ltr'><strong>aspera:</strong></span> <span class='ocrx_word' id='word_1_442' title='bbox 969 4053 1261 4120; x_wconf 77' lang='lat' dir='ltr'><strong>rigida-que</strong></span> <span class='ocrx_word' id='word_1_443' title='bbox 1318 4063 1481 4119; x_wconf 89' lang='lat' dir='ltr'><strong>atque</strong></span> <span class='ocrx_word' id='word_1_444' title='bbox 1552 4052 1791 4113; x_wconf 65' lang='lat' dir='ltr'><strong>tumida},</strong></span> <span class='ocrx_word' id='word_1_445' title='bbox 1837 4052 2035 4103; x_wconf 77' lang='lat' dir='ltr'><strong>crescit</strong></span> <span class='ocrx_word' id='word_1_446' title='bbox 2097 4060 2276 4103; x_wconf 90' lang='lat' dir='ltr'><strong>tamen</strong></span> 
     </span>
    </p>
   </div>
   <div class='ocr_carea' id='block_1_69' title="bbox 710 4120 2278 4191">
    <p class='ocr_par' dir='ltr' id='par_1_69' title="bbox 710 4120 2278 4191">
     <span class='ocr_line' id='line_1_69' title="bbox 710 4120 2278 4191; baseline -0.001 -18"><span class='ocrx_word' id='word_1_447' title='bbox 710 4124 898 4175; x_wconf 80' lang='lat' dir='ltr'><strong>subter</strong></span> <span class='ocrx_word' id='word_1_448' title='bbox 931 4123 1077 4189; x_wconf 85' lang='lat' dir='ltr'><strong>ipsas</strong></span> <span class='ocrx_word' id='word_1_449' title='bbox 1118 4126 1235 4175; x_wconf 88' lang='lat' dir='ltr'><strong>sine</strong></span> <span class='ocrx_word' id='word_1_450' title='bbox 1266 4125 1476 4175; x_wconf 83' lang='lat' dir='ltr'><strong>macula</strong></span> <span class='ocrx_word' id='word_1_451' title='bbox 1506 4124 1678 4175; x_wconf 88' lang='lat' dir='ltr'><strong>lilium</strong></span> <span class='ocrx_word' id='word_1_452' title='bbox 1728 4125 1901 4191; x_wconf 87' lang='lat' dir='ltr'><strong>ipsum</strong></span> <span class='ocrx_word' id='word_1_453' title='bbox 1936 4120 2278 4190; x_wconf 78' lang='lat' dir='ltr'><strong>speciosissi-</strong></span> 
     </span>
    </p>
   </div>
   <div class='ocr_carea' id='block_1_70' title="bbox 712 4191 2281 4253">
    <p class='ocr_par' dir='ltr' id='par_1_70' title="bbox 712 4191 2281 4253">
     <span class='ocr_line' id='line_1_70' title="bbox 712 4191 2281 4253; baseline 0.001 -11"><span class='ocrx_word' id='word_1_454' title='bbox 712 4208 884 4253; x_wconf 88' lang='lat' dir='ltr'><strong>mum,</strong></span> <span class='ocrx_word' id='word_1_455' title='bbox 917 4195 1045 4245; x_wconf 81' lang='lat' dir='ltr'><strong>nihil</strong></span> <span class='ocrx_word' id='word_1_456' title='bbox 1082 4210 1190 4245; x_wconf 69' lang='lat' dir='ltr'><strong>sum</strong></span> <span class='ocrx_word' id='word_1_457' title='bbox 1235 4193 1449 4246; x_wconf 89' lang='lat' dir='ltr'><strong>virtutis</strong></span> <span class='ocrx_word' id='word_1_458' title='bbox 1498 4194 1774 4246; x_wconf 87' lang='lat' dir='ltr'><strong>amittens.</strong></span> <span class='ocrx_word' id='word_1_459' title='bbox 1819 4212 1835 4241; x_wconf 83' lang='lat' dir='ltr'><strong>t</strong></span> <span class='ocrx_word' id='word_1_460' title='bbox 1884 4191 1945 4243; x_wconf 69' lang='lat' dir='ltr'><strong>lit</strong></span> <span class='ocrx_word' id='word_1_461' title='bbox 1999 4192 2058 4244; x_wconf 92' lang='lat' dir='ltr'><strong>D.</strong></span> <span class='ocrx_word' id='word_1_462' title='bbox 2090 4191 2281 4244; x_wconf 81' lang='lat' dir='ltr'><strong>Ausel-</strong></span> 
     </span>
    </p>
   </div>
   <div class='ocr_carea' id='block_1_71' title="bbox 712 4262 2277 4331">
    <p class='ocr_par' dir='ltr' id='par_1_71' title="bbox 712 4262 2277 4331">
     <span class='ocr_line' id='line_1_71' title="bbox 712 4262 2277 4331; baseline 0.001 -19"><span class='ocrx_word' id='word_1_463' title='bbox 712 4278 835 4315; x_wconf 87' lang='lat' dir='ltr'><strong>tuus</strong></span> <span class='ocrx_word' id='word_1_464' title='bbox 875 4262 948 4315; x_wconf 85' lang='lat' dir='ltr'><strong>De</strong></span> <span class='ocrx_word' id='word_1_465' title='bbox 968 4276 1216 4327; x_wconf 79' lang='lat' dir='ltr'><strong>conceptu</strong></span> <span class='ocrx_word' id='word_1_466' title='bbox 1247 4264 1491 4331; x_wconf 78' lang='lat' dir='ltr'><strong>virginali</strong></span> <span class='ocrx_word' id='word_1_467' title='bbox 1522 4279 1639 4331; x_wconf 89' lang='lat' dir='ltr'><strong>cap.</strong></span> <span class='ocrx_word' id='word_1_468' title='bbox 1672 4264 1724 4323; x_wconf 69' lang='grc'><strong>4,</strong></span> <span class='ocrx_word' id='word_1_469' title='bbox 1765 4281 1782 4310; x_wconf 78' lang='grc'><strong>1</strong></span> <span class='ocrx_word' id='word_1_470' title='bbox 1823 4262 2044 4319; x_wconf 79' lang='lat' dir='ltr'><strong>Litium.</strong></span> <span class='ocrx_word' id='word_1_471' title='bbox 2080 4263 2277 4329; x_wconf 84' lang='lat' dir='ltr'><strong>inquit.</strong></span> 
     </span>
    </p>
   </div>
   <div class='ocr_carea' id='block_1_72' title="bbox 734 4332 2284 4401">
    <p class='ocr_par' dir='ltr' id='par_1_72' title="bbox 734 4332 2284 4401">
     <span class='ocr_line' id='line_1_72' title="bbox 734 4332 2284 4401; baseline 0.003 -21"><span class='ocrx_word' id='word_1_472' title='bbox 734 4344 889 4385; x_wconf 74' lang='lat' dir='ltr'><strong>totest</strong></span> <span class='ocrx_word' id='word_1_473' title='bbox 943 4335 1090 4385; x_wconf 87' lang='lat' dir='ltr'><strong>nasci</strong></span> <span class='ocrx_word' id='word_1_474' title='bbox 1143 4334 1283 4386; x_wconf 80' lang='lat' dir='ltr'><strong>inter</strong></span> <span class='ocrx_word' id='word_1_475' title='bbox 1338 4334 1540 4401; x_wconf 86' lang='lat' dir='ltr'><strong>spinas,</strong></span> <span class='ocrx_word' id='word_1_476' title='bbox 1570 4343 1623 4385; x_wconf 79' lang='lat' dir='ltr'><strong>et</strong></span> <span class='ocrx_word' id='word_1_477' title='bbox 1668 4333 1772 4384; x_wconf 85' lang='lat' dir='ltr'><strong>illis</strong></span> <span class='ocrx_word' id='word_1_478' title='bbox 1819 4349 1924 4385; x_wconf 90' lang='lat' dir='ltr'><strong>non</strong></span> <span class='ocrx_word' id='word_1_479' title='bbox 1976 4333 2169 4401; x_wconf 81' lang='lat' dir='ltr'><strong>pungi;</strong></span> <span class='ocrx_word' id='word_1_480' title='bbox 2204 4332 2284 4385; x_wconf 91' lang='lat' dir='ltr'><strong>sic</strong></span> 
     </span>
    </p>
   </div>
   <div class='ocr_carea' id='block_1_73' title="bbox 742 4402 2285 4470">
    <p class='ocr_par' dir='ltr' id='par_1_73' title="bbox 742 4402 2285 4470">
     <span class='ocr_line' id='line_1_73' title="bbox 742 4402 2285 4470; baseline 0.001 -18"><span class='ocrx_word' id='word_1_481' title='bbox 742 4402 883 4455; x_wconf 81' lang='lat' dir='ltr'><strong>later</strong></span> <span class='ocrx_word' id='word_1_482' title='bbox 933 4404 1132 4456; x_wconf 70' lang='lat' dir='ltr'><strong>Christi</strong></span> <span class='ocrx_word' id='word_1_483' title='bbox 1177 4404 1350 4470; x_wconf 88' lang='lat' dir='ltr'><strong>p0tuit</strong></span> <span class='ocrx_word' id='word_1_484' title='bbox 1394 4404 1600 4469; x_wconf 84' lang='lat' dir='ltr'><strong>concipi</strong></span> <span class='ocrx_word' id='word_1_485' title='bbox 1655 4405 1794 4456; x_wconf 86' lang='lat' dir='ltr'><strong>inter</strong></span> <span class='ocrx_word' id='word_1_486' title='bbox 1847 4413 2185 4469; x_wconf 77' lang='lat' dir='ltr'><strong>peccatores,</strong></span> <span class='ocrx_word' id='word_1_487' title='bbox 2231 4415 2285 4454; x_wconf 84' lang='lat' dir='ltr'><strong>ot</strong></span> 
     </span>
    </p>
   </div>
   <div class='ocr_carea' id='block_1_74' title="bbox 713 4472 2285 4543">
    <p class='ocr_par' dir='ltr' id='par_1_74' title="bbox 713 4472 2285 4543">
     <span class='ocr_line' id='line_1_74' title="bbox 713 4472 2285 4543; baseline 0.001 -22"><span class='ocrx_word' id='word_1_488' title='bbox 713 4485 940 4539; x_wconf 77' lang='lat' dir='ltr'><strong>peccan</strong></span> <span class='ocrx_word' id='word_1_489' title='bbox 983 4491 1088 4525; x_wconf 91' lang='lat' dir='ltr'><strong>non</strong></span> <span class='ocrx_word' id='word_1_490' title='bbox 1140 4477 1304 4543; x_wconf 73' lang='lat' dir='ltr'><strong>tangi.</strong></span> <span class='ocrx_word' id='word_1_491' title='bbox 1351 4492 1368 4523; x_wconf 81' lang='lat' dir='ltr'><strong>t</strong></span> <span class='ocrx_word' id='word_1_492' title='bbox 1404 4472 1537 4527; x_wconf 82' lang='lat' dir='ltr'><strong>llinc</strong></span> <span class='ocrx_word' id='word_1_493' title='bbox 1595 4475 1831 4543; x_wconf 73' lang='lat' dir='ltr'><strong>Adamus</strong></span> <span class='ocrx_word' id='word_1_494' title='bbox 1877 4474 1941 4526; x_wconf 88' lang='lat' dir='ltr'><strong>de</strong></span> <span class='ocrx_word' id='word_1_495' title='bbox 1979 4476 2035 4525; x_wconf 83' lang='lat' dir='ltr'><strong>S.</strong></span> <span class='ocrx_word' id='word_1_496' title='bbox 2071 4472 2285 4525; x_wconf 74' lang='lat' dir='ltr'><strong>Victore</strong></span> 
     </span>
    </p>
   </div>
   <div class='ocr_carea' id='block_1_75' title="bbox 715 4542 2281 4614">
    <p class='ocr_par' dir='ltr' id='par_1_75' title="bbox 715 4542 2281 4614">
     <span class='ocr_line' id='line_1_75' title="bbox 715 4542 2281 4614; baseline 0.003 -22"><span class='ocrx_word' id='word_1_497' title='bbox 715 4543 767 4593; x_wconf 91' lang='lat' dir='ltr'><strong>in</strong></span> <span class='ocrx_word' id='word_1_498' title='bbox 815 4544 931 4597; x_wconf 83' lang='lat' dir='ltr'><strong>suis</strong></span> <span class='ocrx_word' id='word_1_499' title='bbox 987 4543 1276 4614; x_wconf 72' lang='lat' dir='ltr'><strong>llhytlimis</strong></span> <span class='ocrx_word' id='word_1_500' title='bbox 1332 4553 1576 4598; x_wconf 87' lang='lat' dir='ltr'><strong>sanctant</strong></span> <span class='ocrx_word' id='word_1_501' title='bbox 1634 4542 1908 4614; x_wconf 75' lang='lat' dir='ltr'><strong>Virginem</strong></span> <span class='ocrx_word' id='word_1_502' title='bbox 1946 4544 2149 4597; x_wconf 86' lang='lat' dir='ltr'><strong>salutat</strong></span> <span class='ocrx_word' id='word_1_503' title='bbox 2198 4544 2281 4597; x_wconf 89' lang='lat' dir='ltr'><strong>his</strong></span> 
     </span>
    </p>
   </div>
   <div class='ocr_carea' id='block_1_76' title="bbox 713 4614 945 4669">
    <p class='ocr_par' dir='ltr' id='par_1_76' title="bbox 713 4614 945 4669">
     <span class='ocr_line' id='line_1_76' title="bbox 713 4614 945 4669; baseline 0.013 -5"><span class='ocrx_word' id='word_1_504' title='bbox 713 4614 892 4669; x_wconf 83' lang='lat' dir='ltr'><strong>verbis</strong></span> <span class='ocrx_word' id='word_1_505' title='bbox 929 4629 945 4667; x_wconf 91' lang='lat'><strong>:</strong></span> 
     </span>
    </p>
   </div>
   <div class='ocr_carea' id='block_1_77' title="bbox 1069 4704 1898 4771">
    <p class='ocr_par' dir='ltr' id='par_1_77' title="bbox 1069 4704 1898 4771">
     <span class='ocr_line' id='line_1_77' title="bbox 1069 4704 1898 4771; baseline -0.001 -12"><span class='ocrx_word' id='word_1_506' title='bbox 1069 4706 1251 4766; x_wconf 83' lang='lat' dir='ltr'><strong>Salve,</strong></span> <span class='ocrx_word' id='word_1_507' title='bbox 1288 4705 1441 4759; x_wconf 73' lang='lat' dir='ltr'><strong>Verbi</strong></span> <span class='ocrx_word' id='word_1_508' title='bbox 1473 4723 1627 4759; x_wconf 81' lang='lat' dir='ltr'><strong>sacra</strong></span> <span class='ocrx_word' id='word_1_509' title='bbox 1672 4704 1898 4771; x_wconf 78' lang='lat' dir='ltr'><strong>Parens,</strong></span> 
     </span>
    </p>
   </div>
   <div class='ocr_carea' id='block_1_78' title="bbox 1067 4775 1893 4845">
    <p class='ocr_par' dir='ltr' id='par_1_78' title="bbox 1067 4775 1893 4845">
     <span class='ocr_line' id='line_1_78' title="bbox 1067 4775 1893 4845; baseline 0.002 -17"><span class='ocrx_word' id='word_1_510' title='bbox 1067 4775 1186 4829; x_wconf 80' lang='lat' dir='ltr'><strong>Flos</strong></span> <span class='ocrx_word' id='word_1_511' title='bbox 1210 4777 1270 4828; x_wconf 84' lang='lat' dir='ltr'><strong>de</strong></span> <span class='ocrx_word' id='word_1_512' title='bbox 1297 4778 1471 4845; x_wconf 86' lang='lat' dir='ltr'><strong>spina,</strong></span> <span class='ocrx_word' id='word_1_513' title='bbox 1500 4778 1656 4845; x_wconf 81' lang='lat' dir='ltr'><strong>spina</strong></span> <span class='ocrx_word' id='word_1_514' title='bbox 1686 4793 1893 4841; x_wconf 77' lang='lat' dir='ltr'><strong>carens,</strong></span> 
     </span>
    </p>
   </div>
   <div class='ocr_carea' id='block_1_79' title="bbox 1143 4847 1704 4917">
    <p class='ocr_par' dir='ltr' id='par_1_79' title="bbox 1143 4847 1704 4917">
     <span class='ocr_line' id='line_1_79' title="bbox 1143 4847 1704 4917; baseline 0 -17"><span class='ocrx_word' id='word_1_515' title='bbox 1143 4847 1261 4900; x_wconf 80' lang='lat' dir='ltr'><strong>Flos</strong></span> <span class='ocrx_word' id='word_1_516' title='bbox 1285 4849 1476 4917; x_wconf 79' lang='lat' dir='ltr'><strong>spineti</strong></span> <span class='ocrx_word' id='word_1_517' title='bbox 1492 4849 1662 4917; x_wconf 83' lang='lat' dir='ltr'><strong>gloria</strong></span> <span class='ocrx_word' id='word_1_518' title='bbox 1687 4864 1704 4900; x_wconf 94' lang='lat'><em>:</em></span> 
     </span>
    </p>
   </div>
   <div class='ocr_carea' id='block_1_80' title="bbox 1063 4917 1831 4987">
    <p class='ocr_par' dir='ltr' id='par_1_80' title="bbox 1063 4917 1831 4987">
     <span class='ocr_line' id='line_1_80' title="bbox 1063 4917 1831 4987; baseline -0.001 -17"><span class='ocrx_word' id='word_1_519' title='bbox 1063 4917 1173 4970; x_wconf 79' lang='lat' dir='ltr'><strong>Nos</strong></span> <span class='ocrx_word' id='word_1_520' title='bbox 1196 4920 1483 4987; x_wconf 77' lang='lat' dir='ltr'><strong>spinetum,</strong></span> <span class='ocrx_word' id='word_1_521' title='bbox 1512 4934 1603 4969; x_wconf 82' lang='lat' dir='ltr'><strong>nos</strong></span> <span class='ocrx_word' id='word_1_522' title='bbox 1631 4927 1831 4984; x_wconf 80' lang='lat' dir='ltr'><strong>peccati</strong></span> 
     </span>
    </p>
   </div>
   <div class='ocr_carea' id='block_1_81' title="bbox 1072 4987 1755 5057">
    <p class='ocr_par' dir='ltr' id='par_1_81' title="bbox 1072 4987 1755 5057">
     <span class='ocr_line' id='line_1_81' title="bbox 1072 4987 1755 5057; baseline -0.004 -15"><span class='ocrx_word' id='word_1_523' title='bbox 1072 4987 1239 5057; x_wconf 85' lang='lat' dir='ltr'><strong>Spina</strong></span> <span class='ocrx_word' id='word_1_524' title='bbox 1267 5006 1447 5041; x_wconf 66' lang='lat' dir='ltr'><strong>manus</strong></span> <span class='ocrx_word' id='word_1_525' title='bbox 1472 4991 1755 5052; x_wconf 85' lang='lat' dir='ltr'><strong>cruentati,</strong></span> 
     </span>
    </p>
   </div>
   <div class='ocr_carea' id='block_1_82' title="bbox 1139 5058 1748 5128">
    <p class='ocr_par' dir='ltr' id='par_1_82' title="bbox 1139 5058 1748 5128">
     <span class='ocr_line' id='line_1_82' title="bbox 1139 5058 1748 5128; baseline -0.002 -16"><span class='ocrx_word' id='word_1_526' title='bbox 1139 5058 1241 5112; x_wconf 80' lang='lat' dir='ltr'><strong>Sed</strong></span> <span class='ocrx_word' id='word_1_527' title='bbox 1263 5068 1317 5110; x_wconf 83' lang='lat' dir='ltr'><strong>tu</strong></span> <span class='ocrx_word' id='word_1_528' title='bbox 1350 5074 1517 5128; x_wconf 75' lang='lat' dir='ltr'><strong>spina:</strong></span> <span class='ocrx_word' id='word_1_529' title='bbox 1554 5061 1748 5112; x_wconf 74' lang='lat' dir='ltr'><strong>nescia.</strong></span> 
     </span>
    </p>
   </div>
   <div class='ocr_carea' id='block_1_83' title="bbox 724 5169 2285 5241">
    <p class='ocr_par' dir='ltr' id='par_1_83' title="bbox 724 5169 2285 5241">
     <span class='ocr_line' id='line_1_83' title="bbox 724 5169 2285 5241; baseline 0.001 -17"><span class='ocrx_word' id='word_1_530' title='bbox 724 5170 867 5224; x_wconf 80' lang='lat' dir='ltr'><strong>Dixit</strong></span> <span class='ocrx_word' id='word_1_531' title='bbox 906 5169 1175 5241; x_wconf 71' lang='lat' dir='ltr'><strong>Virginem</strong></span> <span class='ocrx_word' id='word_1_532' title='bbox 1222 5172 1409 5225; x_wconf 85' lang='lat' dir='ltr'><strong>ﬂorent</strong></span> <span class='ocrx_word' id='word_1_533' title='bbox 1443 5174 1510 5226; x_wconf 87' lang='lat' dir='ltr'><strong>de</strong></span> <span class='ocrx_word' id='word_1_534' title='bbox 1556 5172 1735 5239; x_wconf 87' lang='lat' dir='ltr'><strong>spina.</strong></span> <span class='ocrx_word' id='word_1_535' title='bbox 1768 5173 1893 5240; x_wconf 90' lang='lat' dir='ltr'><strong>quia</strong></span> <span class='ocrx_word' id='word_1_536' title='bbox 1937 5172 2036 5226; x_wconf 81' lang='lat' dir='ltr'><strong>fuit</strong></span> <span class='ocrx_word' id='word_1_537' title='bbox 2073 5188 2139 5227; x_wconf 83' lang='lat' dir='ltr'><strong>ex</strong></span> <span class='ocrx_word' id='word_1_538' title='bbox 2171 5188 2285 5225; x_wconf 85' lang='lat' dir='ltr'><strong>nta-</strong></span> 
     </span>
    </p>
   </div>
   <div class='ocr_carea' id='block_1_84' title="bbox 722 5240 2285 5311">
    <p class='ocr_par' dir='ltr' id='par_1_84' title="bbox 722 5240 2285 5311">
     <span class='ocr_line' id='line_1_84' title="bbox 722 5240 2285 5311; baseline 0.003 -20"><span class='ocrx_word' id='word_1_539' title='bbox 722 5240 939 5307; x_wconf 88' lang='lat' dir='ltr'><strong>joribus</strong></span> <span class='ocrx_word' id='word_1_540' title='bbox 970 5240 1022 5295; x_wconf 86' lang='lat' dir='ltr'><strong>in</strong></span> <span class='ocrx_word' id='word_1_541' title='bbox 1056 5253 1274 5310; x_wconf 87' lang='lat' dir='ltr'><strong>peccato</strong></span> <span class='ocrx_word' id='word_1_542' title='bbox 1302 5245 1579 5311; x_wconf 83' lang='lat' dir='ltr'><strong>conceptis</strong></span> <span class='ocrx_word' id='word_1_543' title='bbox 1613 5243 1864 5301; x_wconf 87' lang='lat' dir='ltr'><strong>oriunda.</strong></span> <span class='ocrx_word' id='word_1_544' title='bbox 1894 5246 1984 5296; x_wconf 85' lang='lat' dir='ltr'><strong>sed</strong></span> <span class='ocrx_word' id='word_1_545' title='bbox 2019 5260 2124 5296; x_wconf 93' lang='lat' dir='ltr'><strong>non</strong></span> <span class='ocrx_word' id='word_1_546' title='bbox 2155 5244 2285 5296; x_wconf 89' lang='lat' dir='ltr'><strong>dicit</strong></span> 
     </span>
    </p>
   </div>
   <div class='ocr_carea' id='block_1_85' title="bbox 724 5312 2284 5381">
    <p class='ocr_par' dir='ltr' id='par_1_85' title="bbox 724 5312 2284 5381">
     <span class='ocr_line' id='line_1_85' title="bbox 724 5312 2284 5381; baseline -0.001 -16"><span class='ocrx_word' id='word_1_547' title='bbox 724 5313 868 5365; x_wconf 86' lang='lat' dir='ltr'><strong>illam</strong></span> <span class='ocrx_word' id='word_1_548' title='bbox 902 5312 1086 5365; x_wconf 80' lang='lat' dir='ltr'><strong>ﬂorem</strong></span> <span class='ocrx_word' id='word_1_549' title='bbox 1124 5316 1326 5366; x_wconf 79' lang='lat' dir='ltr'><strong>factum</strong></span> <span class='ocrx_word' id='word_1_550' title='bbox 1366 5328 1431 5366; x_wconf 79' lang='lat' dir='ltr'><strong>ex</strong></span> <span class='ocrx_word' id='word_1_551' title='bbox 1480 5313 1658 5379; x_wconf 85' lang='lat' dir='ltr'><strong>spina.</strong></span> <span class='ocrx_word' id='word_1_552' title='bbox 1684 5313 1808 5379; x_wconf 87' lang='lat' dir='ltr'><strong>quia</strong></span> <span class='ocrx_word' id='word_1_553' title='bbox 1862 5312 2025 5381; x_wconf 72' lang='lat' dir='ltr'><strong>Virgo</strong></span> <span class='ocrx_word' id='word_1_554' title='bbox 2072 5329 2284 5381; x_wconf 88' lang='lat' dir='ltr'><strong>semper</strong></span> 
     </span>
    </p>
   </div>
   <div class='ocr_carea' id='block_1_86' title="bbox 723 5382 2284 5452">
    <p class='ocr_par' dir='ltr' id='par_1_86' title="bbox 723 5382 2284 5452">
     <span class='ocr_line' id='line_1_86' title="bbox 723 5382 2284 5452; baseline 0 -17"><span class='ocrx_word' id='word_1_555' title='bbox 723 5385 822 5437; x_wconf 82' lang='lat' dir='ltr'><strong>llos</strong></span> <span class='ocrx_word' id='word_1_556' title='bbox 854 5398 950 5437; x_wconf 88' lang='lat' dir='ltr'><strong>seu</strong></span> <span class='ocrx_word' id='word_1_557' title='bbox 993 5382 1329 5452; x_wconf 26' lang='lat' dir='ltr'><strong>liliumﬂl‘uit,</strong></span> <span class='ocrx_word' id='word_1_558' title='bbox 1365 5384 1504 5436; x_wconf 85' lang='lat' dir='ltr'><strong>unde</strong></span> <span class='ocrx_word' id='word_1_559' title='bbox 1534 5384 1694 5435; x_wconf 85' lang='lat' dir='ltr'><strong>etiam</strong></span> <span class='ocrx_word' id='word_1_560' title='bbox 1726 5383 1857 5437; x_wconf 86' lang='lat' dir='ltr'><strong>dicit</strong></span> <span class='ocrx_word' id='word_1_561' title='bbox 1886 5386 2119 5438; x_wconf 85' lang='lat' dir='ltr'><strong>nesciam</strong></span> <span class='ocrx_word' id='word_1_562' title='bbox 2172 5385 2284 5452; x_wconf 91' lang='lat' dir='ltr'><strong>spi-</strong></span> 
     </span>
    </p>
   </div>
   <div class='ocr_carea' id='block_1_87' title="bbox 726 5451 2284 5523">
    <p class='ocr_par' dir='ltr' id='par_1_87' title="bbox 726 5451 2284 5523">
     <span class='ocr_line' id='line_1_87' title="bbox 726 5451 2284 5523; baseline 0.001 -20"><span class='ocrx_word' id='word_1_563' title='bbox 726 5469 828 5517; x_wconf 68' lang='lat' dir='ltr'><strong>nae,</strong></span> <span class='ocrx_word' id='word_1_564' title='bbox 862 5462 1119 5523; x_wconf 85' lang='lat' dir='ltr'><strong>tanquam</strong></span> <span class='ocrx_word' id='word_1_565' title='bbox 1163 5451 1323 5521; x_wconf 76' lang='lat' dir='ltr'><strong>Virgo</strong></span> <span class='ocrx_word' id='word_1_566' title='bbox 1369 5456 1433 5507; x_wconf 90' lang='lat' dir='ltr'><strong>de</strong></span> <span class='ocrx_word' id='word_1_567' title='bbox 1492 5468 1548 5505; x_wconf 86' lang='lat' dir='ltr'><strong>se</strong></span> <span class='ocrx_word' id='word_1_568' title='bbox 1606 5452 1737 5506; x_wconf 88' lang='lat' dir='ltr'><strong>nihil</strong></span> <span class='ocrx_word' id='word_1_569' title='bbox 1786 5455 1930 5507; x_wconf 82' lang='lat' dir='ltr'><strong>aliud</strong></span> <span class='ocrx_word' id='word_1_570' title='bbox 1987 5456 2140 5517; x_wconf 86' lang='lat' dir='ltr'><strong>sciat,</strong></span> <span class='ocrx_word' id='word_1_571' title='bbox 2191 5451 2284 5505; x_wconf 81' lang='lat' dir='ltr'><strong>aut</strong></span> 
     </span>
    </p>
   </div>
   <div class='ocr_carea' id='block_1_88' title="bbox 724 5524 2274 5593">
    <p class='ocr_par' dir='ltr' id='par_1_88' title="bbox 724 5524 2274 5593">
     <span class='ocr_line' id='line_1_88' title="bbox 724 5524 2274 5593; baseline -0.001 -18"><span class='ocrx_word' id='word_1_572' title='bbox 724 5524 864 5576; x_wconf 90' lang='lat' dir='ltr'><strong>scire</strong></span> <span class='ocrx_word' id='word_1_573' title='bbox 896 5524 1085 5593; x_wconf 84' lang='lat' dir='ltr'><strong>possit,</strong></span> <span class='ocrx_word' id='word_1_574' title='bbox 1117 5540 1280 5593; x_wconf 88' lang='lat' dir='ltr'><strong>quam</strong></span> <span class='ocrx_word' id='word_1_575' title='bbox 1314 5526 1455 5591; x_wconf 92' lang='lat' dir='ltr'><strong>quod</strong></span> <span class='ocrx_word' id='word_1_576' title='bbox 1491 5525 1655 5576; x_wconf 80' lang='lat' dir='ltr'><strong>fuerit</strong></span> <span class='ocrx_word' id='word_1_577' title='bbox 1686 5540 1898 5591; x_wconf 76' lang='lat' dir='ltr'><strong>Semper</strong></span> <span class='ocrx_word' id='word_1_578' title='bbox 1922 5526 2113 5589; x_wconf 88' lang='lat' dir='ltr'><strong>liliunt,</strong></span> <span class='ocrx_word' id='word_1_579' title='bbox 2144 5541 2274 5576; x_wconf 83' lang='grc'><strong>111111-</strong></span> 
     </span>
    </p>
   </div>
   <div class='ocr_carea' id='block_1_89' title="bbox 723 5593 2285 5661">
    <p class='ocr_par' dir='ltr' id='par_1_89' title="bbox 723 5593 2285 5661">
     <span class='ocr_line' id='line_1_89' title="bbox 723 5593 2285 5661; baseline 0.003 -20"><span class='ocrx_word' id='word_1_580' title='bbox 723 5609 890 5661; x_wconf 87' lang='lat' dir='ltr'><strong>quam</strong></span> <span class='ocrx_word' id='word_1_581' title='bbox 945 5596 1119 5661; x_wconf 80' lang='lat' dir='ltr'><strong>spina.</strong></span> <span class='ocrx_word' id='word_1_582' title='bbox 1162 5593 1289 5646; x_wconf 80' lang='lat' dir='ltr'><strong>Vide</strong></span> <span class='ocrx_word' id='word_1_583' title='bbox 1346 5595 1564 5647; x_wconf 74' lang='grc'><strong>11115111111</strong></span> <span class='ocrx_word' id='word_1_584' title='bbox 1603 5594 1653 5646; x_wconf 90' lang='grc'><strong>111</strong></span> <span class='ocrx_word' id='word_1_585' title='bbox 1711 5594 1913 5647; x_wconf 83' lang='lat' dir='ltr'><strong>Mariali</strong></span> <span class='ocrx_word' id='word_1_586' title='bbox 1960 5611 2122 5648; x_wconf 85' lang='lat' dir='ltr'><strong>serui.</strong></span> <span class='ocrx_word' id='word_1_587' title='bbox 2156 5594 2188 5645; x_wconf 87' lang='grc'><strong>5</strong></span> <span class='ocrx_word' id='word_1_588' title='bbox 2219 5596 2285 5646; x_wconf 82' lang='lat' dir='ltr'><strong>tle</strong></span> 
     </span>
    </p>
   </div>
   <div class='ocr_carea' id='block_1_90' title="bbox 726 5663 2286 5734">
    <p class='ocr_par' dir='ltr' id='par_1_90' title="bbox 726 5663 2286 5734">
     <span class='ocr_line' id='line_1_90' title="bbox 726 5663 2286 5734; baseline 0.001 -20"><span class='ocrx_word' id='word_1_589' title='bbox 726 5672 972 5732; x_wconf 84' lang='lat' dir='ltr'><strong>concept.</strong></span> <span class='ocrx_word' id='word_1_590' title='bbox 1001 5676 1147 5733; x_wconf 86' lang='lat' dir='ltr'><strong>parte</strong></span> <span class='ocrx_word' id='word_1_591' title='bbox 1188 5682 1267 5728; x_wconf 88' lang='lat' dir='ltr'><strong>Ill,</strong></span> <span class='ocrx_word' id='word_1_592' title='bbox 1304 5667 1389 5717; x_wconf 86' lang='lat' dir='ltr'><strong>tibi</strong></span> <span class='ocrx_word' id='word_1_593' title='bbox 1427 5666 1659 5732; x_wconf 87' lang='lat' dir='ltr'><strong>probans</strong></span> <span class='ocrx_word' id='word_1_594' title='bbox 1698 5663 1757 5717; x_wconf 82' lang='grc' dir='ltr'>Β.</span> <span class='ocrx_word' id='word_1_595' title='bbox 1791 5663 2056 5734; x_wconf 76' lang='lat' dir='ltr'><strong>Virginem</strong></span> <span class='ocrx_word' id='word_1_596' title='bbox 2084 5665 2137 5718; x_wconf 92' lang='grc'><strong>111</strong></span> <span class='ocrx_word' id='word_1_597' title='bbox 2173 5665 2286 5717; x_wconf 82' lang='grc'><strong>111111</strong></span> 
     </span>
    </p>
   </div>
   <div class='ocr_carea' id='block_1_91' title="bbox 728 5735 2286 5803">
    <p class='ocr_par' dir='ltr' id='par_1_91' title="bbox 728 5735 2286 5803">
     <span class='ocr_line' id='line_1_91' title="bbox 728 5735 2286 5803; baseline 0 -18"><span class='ocrx_word' id='word_1_598' title='bbox 728 5735 1010 5799; x_wconf 62' lang='lat' dir='ltr'><strong>liguratatn</strong></span> <span class='ocrx_word' id='word_1_599' title='bbox 1046 5738 1252 5789; x_wconf 76' lang='lat' dir='ltr'><strong>Cautic.</strong></span> <span class='ocrx_word' id='word_1_600' title='bbox 1291 5752 1348 5800; x_wconf 87' lang='lat' dir='ltr'><strong>Ii,</strong></span> <span class='ocrx_word' id='word_1_601' title='bbox 1392 5736 1537 5787; x_wconf 78' lang='lat' dir='ltr'><strong>Sicut</strong></span> <span class='ocrx_word' id='word_1_602' title='bbox 1586 5736 1755 5787; x_wconf 81' lang='lat' dir='ltr'><strong>lilium</strong></span> <span class='ocrx_word' id='word_1_603' title='bbox 1809 5736 1943 5788; x_wconf 87' lang='lat' dir='ltr'><strong>inter</strong></span> <span class='ocrx_word' id='word_1_604' title='bbox 1967 5738 2168 5803; x_wconf 82' lang='lat' dir='ltr'><strong>spinas,</strong></span> <span class='ocrx_word' id='word_1_605' title='bbox 2212 5737 2286 5785; x_wconf 62' lang='lat' dir='ltr'><strong>sic</strong></span> 
     </span>
    </p>
   </div>
   <div class='ocr_carea' id='block_1_92' title="bbox 730 5803 2288 5874">
    <p class='ocr_par' dir='ltr' id='par_1_92' title="bbox 730 5803 2288 5874">
     <span class='ocr_line' id='line_1_92' title="bbox 730 5803 2288 5874; baseline 0.002 -19"><span class='ocrx_word' id='word_1_606' title='bbox 730 5803 897 5858; x_wconf 56' lang='lat' dir='ltr'><strong>marica</strong></span> <span class='ocrx_word' id='word_1_607' title='bbox 955 5823 1067 5860; x_wconf 86' lang='lat' dir='ltr'><strong>mea</strong></span> <span class='ocrx_word' id='word_1_608' title='bbox 1103 5808 1235 5859; x_wconf 73' lang='lat' dir='ltr'><strong>inter</strong></span> <span class='ocrx_word' id='word_1_609' title='bbox 1279 5809 1437 5874; x_wconf 71' lang='lat' dir='ltr'><strong>ﬁlias,</strong></span> <span class='ocrx_word' id='word_1_610' title='bbox 1476 5808 1551 5861; x_wconf 84' lang='lat' dir='ltr'><strong>ait</strong></span> <span class='ocrx_word' id='word_1_611' title='bbox 1600 5808 1740 5861; x_wconf 82' lang='lat' dir='ltr'><strong>inter</strong></span> <span class='ocrx_word' id='word_1_612' title='bbox 1784 5808 1935 5861; x_wconf 84' lang='lat' dir='ltr'><strong>alia:</strong></span> <span class='ocrx_word' id='word_1_613' title='bbox 1975 5826 1991 5859; x_wconf 83' lang='lat' dir='ltr'><strong>t</strong></span> <span class='ocrx_word' id='word_1_614' title='bbox 2038 5807 2184 5861; x_wconf 80' lang='lat' dir='ltr'><strong>Licet</strong></span> <span class='ocrx_word' id='word_1_615' title='bbox 2227 5809 2288 5859; x_wconf 90' lang='grc'><strong>11-</strong></span> 
     </span>
    </p>
   </div>
   <div class='ocr_carea' id='block_1_93' title="bbox 2381 3348 3963 3414">
    <p class='ocr_par' dir='ltr' id='par_1_93' title="bbox 2381 3348 3963 3414">
     <span class='ocr_line' id='line_1_93' title="bbox 2381 3348 3963 3414; baseline -0.003 -11"><span class='ocrx_word' id='word_1_616' title='bbox 2381 3361 2436 3403; x_wconf 89' lang='lat' dir='ltr'><strong>et</strong></span> <span class='ocrx_word' id='word_1_617' title='bbox 2491 3358 2662 3401; x_wconf 91' lang='lat' dir='ltr'><strong>totum</strong></span> <span class='ocrx_word' id='word_1_618' title='bbox 2705 3349 2995 3401; x_wconf 82' lang='lat' dir='ltr'><strong>candidum</strong></span> <span class='ocrx_word' id='word_1_619' title='bbox 3049 3360 3211 3414; x_wconf 83' lang='lat' dir='ltr'><strong>atque</strong></span> <span class='ocrx_word' id='word_1_620' title='bbox 3260 3348 3591 3401; x_wconf 80' lang='lat' dir='ltr'><strong>odoi-il&#39;erutn</strong></span> <span class='ocrx_word' id='word_1_621' title='bbox 3625 3358 3847 3413; x_wconf 75' lang='lat' dir='ltr'><strong>exstat;</strong></span> <span class='ocrx_word' id='word_1_622' title='bbox 3884 3350 3963 3400; x_wconf 84' lang='lat' dir='ltr'><strong>sic</strong></span> 
     </span>
    </p>
   </div>
   <div class='ocr_carea' id='block_1_94' title="bbox 2383 3416 3963 3488">
    <p class='ocr_par' dir='ltr' id='par_1_94' title="bbox 2383 3416 3963 3488">
     <span class='ocr_line' id='line_1_94' title="bbox 2383 3416 3963 3488; baseline -0.001 -15"><span class='ocrx_word' id='word_1_623' title='bbox 2383 3420 2441 3473; x_wconf 84' lang='grc' dir='ltr'>Β.</span> <span class='ocrx_word' id='word_1_624' title='bbox 2469 3419 2634 3487; x_wconf 80' lang='lat' dir='ltr'><strong>Virgo</strong></span> <span class='ocrx_word' id='word_1_625' title='bbox 2681 3416 2869 3481; x_wconf 83' lang='lat' dir='ltr'><strong>Maria,</strong></span> <span class='ocrx_word' id='word_1_626' title='bbox 2916 3420 3163 3488; x_wconf 76' lang='lat' dir='ltr'><strong>quamvis</strong></span> <span class='ocrx_word' id='word_1_627' title='bbox 3193 3434 3221 3471; x_wconf 92' lang='lat' dir='ltr'><strong>a</strong></span> <span class='ocrx_word' id='word_1_628' title='bbox 3266 3420 3453 3486; x_wconf 90' lang='lat' dir='ltr'><strong>primis</strong></span> <span class='ocrx_word' id='word_1_629' title='bbox 3501 3421 3818 3484; x_wconf 84' lang='lat' dir='ltr'><strong>parentibus</strong></span> <span class='ocrx_word' id='word_1_630' title='bbox 3868 3434 3963 3487; x_wconf 69' lang='lat' dir='ltr'><strong>per</strong></span> 
     </span>
    </p>
   </div>
   <div class='ocr_carea' id='block_1_95' title="bbox 2385 3490 3963 3558">
    <p class='ocr_par' dir='ltr' id='par_1_95' title="bbox 2385 3490 3963 3558">
     <span class='ocr_line' id='line_1_95' title="bbox 2385 3490 3963 3558; baseline -0.001 -15"><span class='ocrx_word' id='word_1_631' title='bbox 2385 3499 2667 3558; x_wconf 83' lang='lat' dir='ltr'><strong>peccatum</strong></span> <span class='ocrx_word' id='word_1_632' title='bbox 2709 3490 2947 3557; x_wconf 85' lang='lat' dir='ltr'><strong>spinosis</strong></span> <span class='ocrx_word' id='word_1_633' title='bbox 2998 3491 3067 3542; x_wconf 92' lang='lat' dir='ltr'><strong>sit</strong></span> <span class='ocrx_word' id='word_1_634' title='bbox 3112 3498 3430 3556; x_wconf 68' lang='lat' dir='ltr'><strong>propagata,</strong></span> <span class='ocrx_word' id='word_1_635' title='bbox 3462 3497 3642 3540; x_wconf 84' lang='lat' dir='ltr'><strong>tamen</strong></span> <span class='ocrx_word' id='word_1_636' title='bbox 3677 3492 3795 3542; x_wconf 90' lang='lat' dir='ltr'><strong>sine</strong></span> <span class='ocrx_word' id='word_1_637' title='bbox 3845 3505 3963 3541; x_wconf 86' lang='lat' dir='ltr'><strong>ma-</strong></span> 
     </span>
    </p>
   </div>
   <div class='ocr_carea' id='block_1_96' title="bbox 2382 3559 3956 3628">
    <p class='ocr_par' dir='ltr' id='par_1_96' title="bbox 2382 3559 3956 3628">
     <span class='ocr_line' id='line_1_96' title="bbox 2382 3559 3956 3628; baseline 0 -17"><span class='ocrx_word' id='word_1_638' title='bbox 2382 3562 2503 3614; x_wconf 81' lang='lat' dir='ltr'><strong>cula</strong></span> <span class='ocrx_word' id='word_1_639' title='bbox 2543 3559 2662 3623; x_wconf 80' lang='lat' dir='ltr'><strong>fuit,</strong></span> <span class='ocrx_word' id='word_1_640' title='bbox 2694 3570 2747 3612; x_wconf 90' lang='lat' dir='ltr'><strong>et</strong></span> <span class='ocrx_word' id='word_1_641' title='bbox 2778 3575 2870 3627; x_wconf 89' lang='lat' dir='ltr'><strong>per</strong></span> <span class='ocrx_word' id='word_1_642' title='bbox 2911 3561 3233 3613; x_wconf 86' lang='lat' dir='ltr'><strong>munditiam</strong></span> <span class='ocrx_word' id='word_1_643' title='bbox 3273 3570 3325 3611; x_wconf 92' lang='lat' dir='ltr'><strong>et</strong></span> <span class='ocrx_word' id='word_1_644' title='bbox 3358 3559 3645 3628; x_wconf 85' lang='lat' dir='ltr'><strong>puritatem</strong></span> <span class='ocrx_word' id='word_1_645' title='bbox 3680 3570 3789 3613; x_wconf 85' lang='lat' dir='ltr'><strong>tota</strong></span> <span class='ocrx_word' id='word_1_646' title='bbox 3819 3576 3956 3614; x_wconf 80' lang='lat' dir='ltr'><strong>ean-</strong></span> 
     </span>
    </p>
   </div>
   <div class='ocr_carea' id='block_1_97' title="bbox 2382 3630 3686 3698">
    <p class='ocr_par' dir='ltr' id='par_1_97' title="bbox 2382 3630 3686 3698">
     <span class='ocr_line' id='line_1_97' title="bbox 2382 3630 3686 3698; baseline -0.005 -13"><span class='ocrx_word' id='word_1_647' title='bbox 2382 3631 2505 3685; x_wconf 85' lang='lat' dir='ltr'><strong>dida</strong></span> <span class='ocrx_word' id='word_1_648' title='bbox 2540 3640 2700 3697; x_wconf 86' lang='lat' dir='ltr'><strong>atque.</strong></span> <span class='ocrx_word' id='word_1_649' title='bbox 2731 3631 3000 3683; x_wconf 76' lang='lat' dir='ltr'><strong>odorifera</strong></span> <span class='ocrx_word' id='word_1_650' title='bbox 3036 3630 3355 3698; x_wconf 84' lang='lat' dir='ltr'><strong>permansit.</strong></span> <span class='ocrx_word' id='word_1_651' title='bbox 3398 3648 3415 3680; x_wconf 85' lang='lat' dir='ltr'><strong>t</strong></span> <span class='ocrx_word' id='word_1_652' title='bbox 3462 3631 3552 3682; x_wconf 83' lang='lat' dir='ltr'><strong>Sic</strong></span> <span class='ocrx_word' id='word_1_653' title='bbox 3578 3630 3686 3681; x_wconf 83' lang='lat' dir='ltr'><strong>ille.</strong></span> 
     </span>
    </p>
   </div>
   <div class='ocr_carea' id='block_1_98' title="bbox 2459 3699 3963 3762">
    <p class='ocr_par' dir='ltr' id='par_1_98' title="bbox 2459 3699 3963 3762">
     <span class='ocr_line' id='line_1_98' title="bbox 2459 3699 3963 3762; baseline -0.001 -8"><span class='ocrx_word' id='word_1_654' title='bbox 2459 3702 2625 3754; x_wconf 81' lang='lat' dir='ltr'><strong>Porro</strong></span> <span class='ocrx_word' id='word_1_655' title='bbox 2655 3699 2712 3751; x_wconf 90' lang='lat' dir='ltr'><strong>S.</strong></span> <span class='ocrx_word' id='word_1_656' title='bbox 2748 3700 2957 3754; x_wconf 81' lang='lat' dir='ltr'><strong>Salibas</strong></span> <span class='ocrx_word' id='word_1_657' title='bbox 2982 3700 3032 3752; x_wconf 92' lang='lat' dir='ltr'><strong>in</strong></span> <span class='ocrx_word' id='word_1_658' title='bbox 3056 3699 3271 3753; x_wconf 72' lang='lat' dir='ltr'><strong>Menaeis</strong></span> <span class='ocrx_word' id='word_1_659' title='bbox 3298 3701 3636 3762; x_wconf 69' lang='lat' dir='ltr'><strong>Grzccorum,</strong></span> <span class='ocrx_word' id='word_1_660' title='bbox 3662 3702 3749 3751; x_wconf 80' lang='lat' dir='ltr'><strong>die</strong></span> <span class='ocrx_word' id='word_1_661' title='bbox 3773 3703 3844 3754; x_wconf 69' lang='lat'><strong>‘29</strong></span> <span class='ocrx_word' id='word_1_662' title='bbox 3870 3699 3963 3753; x_wconf 81' lang='lat' dir='ltr'><strong>Ja-</strong></span> 
     </span>
    </p>
   </div>
   <div class='ocr_carea' id='block_1_99' title="bbox 2386 3769 3963 3841">
    <p class='ocr_par' dir='ltr' id='par_1_99' title="bbox 2386 3769 3963 3841">
     <span class='ocr_line' id='line_1_99' title="bbox 2386 3769 3963 3841; baseline 0 -18"><span class='ocrx_word' id='word_1_663' title='bbox 2386 3772 2585 3841; x_wconf 83' lang='lat' dir='ltr'><strong>nuarii,</strong></span> <span class='ocrx_word' id='word_1_664' title='bbox 2624 3772 2724 3821; x_wconf 79' lang='lat' dir='ltr'><strong>ode</strong></span> <span class='ocrx_word' id='word_1_665' title='bbox 2756 3773 2808 3833; x_wconf 80' lang='lat' dir='ltr'><strong>ti,</strong></span> <span class='ocrx_word' id='word_1_666' title='bbox 2834 3772 2975 3836; x_wconf 88' lang='lat' dir='ltr'><strong>qtiod</strong></span> <span class='ocrx_word' id='word_1_667' title='bbox 3006 3772 3166 3823; x_wconf 87' lang='lat' dir='ltr'><strong>etiam</strong></span> <span class='ocrx_word' id='word_1_668' title='bbox 3208 3771 3293 3822; x_wconf 91' lang='lat' dir='ltr'><strong>hic</strong></span> <span class='ocrx_word' id='word_1_669' title='bbox 3342 3770 3540 3823; x_wconf 83' lang='lat' dir='ltr'><strong>asserit</strong></span> <span class='ocrx_word' id='word_1_670' title='bbox 3568 3769 3625 3822; x_wconf 91' lang='lat' dir='ltr'><strong>S.</strong></span> <span class='ocrx_word' id='word_1_671' title='bbox 3664 3769 3963 3841; x_wconf 62' lang='lat' dir='ltr'><strong>Just‘plius.</strong></span> 
     </span>
    </p>
   </div>
   <div class='ocr_carea' id='block_1_100' title="bbox 2387 3840 3964 3911">
    <p class='ocr_par' dir='ltr' id='par_1_100' title="bbox 2387 3840 3964 3911">
     <span class='ocr_line' id='line_1_100' title="bbox 2387 3840 3964 3911; baseline 0 -18"><span class='ocrx_word' id='word_1_672' title='bbox 2387 3841 2447 3894; x_wconf 78' lang='grc'><strong>11.</strong></span> <span class='ocrx_word' id='word_1_673' title='bbox 2500 3840 2771 3909; x_wconf 71' lang='lat' dir='ltr'><strong>Virginem</strong></span> <span class='ocrx_word' id='word_1_674' title='bbox 2832 3843 3003 3894; x_wconf 79' lang='lat' dir='ltr'><strong>solam</strong></span> <span class='ocrx_word' id='word_1_675' title='bbox 3055 3858 3085 3894; x_wconf 90' lang='lat' dir='ltr'><strong>a</strong></span> <span class='ocrx_word' id='word_1_676' title='bbox 3136 3841 3355 3894; x_wconf 80' lang='lat' dir='ltr'><strong>Christo</strong></span> <span class='ocrx_word' id='word_1_677' title='bbox 3424 3854 3647 3906; x_wconf 91' lang='lat' dir='ltr'><strong>sponso,</strong></span> <span class='ocrx_word' id='word_1_678' title='bbox 3702 3853 3964 3911; x_wconf 81' lang='lat' dir='ltr'><strong>laitqtlattt</strong></span> 
     </span>
    </p>
   </div>
   <div class='ocr_carea' id='block_1_101' title="bbox 2389 3911 3964 3980">
    <p class='ocr_par' dir='ltr' id='par_1_101' title="bbox 2389 3911 3964 3980">
     <span class='ocr_line' id='line_1_101' title="bbox 2389 3911 3964 3980; baseline 0.003 -21"><span class='ocrx_word' id='word_1_679' title='bbox 2389 3912 2739 3979; x_wconf 86' lang='lat' dir='ltr'><strong>purissimum</strong></span> <span class='ocrx_word' id='word_1_680' title='bbox 2800 3911 2968 3963; x_wconf 89' lang='lat' dir='ltr'><strong>lilium</strong></span> <span class='ocrx_word' id='word_1_681' title='bbox 3025 3911 3078 3965; x_wconf 93' lang='lat' dir='ltr'><strong>in</strong></span> <span class='ocrx_word' id='word_1_682' title='bbox 3140 3911 3317 3964; x_wconf 87' lang='lat' dir='ltr'><strong>medio</strong></span> <span class='ocrx_word' id='word_1_683' title='bbox 3354 3911 3633 3980; x_wconf 82' lang='lat' dir='ltr'><strong>Spiuarunt</strong></span> <span class='ocrx_word' id='word_1_684' title='bbox 3683 3911 3964 3965; x_wconf 83' lang='lat' dir='ltr'><strong>iuventam</strong></span> 
     </span>
    </p>
   </div>
   <div class='ocr_carea' id='block_1_102' title="bbox 2390 3981 2974 4037">
    <p class='ocr_par' dir='ltr' id='par_1_102' title="bbox 2390 3981 2974 4037">
     <span class='ocr_line' id='line_1_102' title="bbox 2390 3981 2974 4037; baseline 0.007 -3"><span class='ocrx_word' id='word_1_685' title='bbox 2390 3992 2618 4036; x_wconf 86' lang='lat' dir='ltr'><strong>testatur</strong></span> <span class='ocrx_word' id='word_1_686' title='bbox 2646 3981 2729 4034; x_wconf 92' lang='lat' dir='ltr'><strong>his</strong></span> <span class='ocrx_word' id='word_1_687' title='bbox 2757 3982 2935 4037; x_wconf 83' lang='lat' dir='ltr'><strong>verbis</strong></span> <span class='ocrx_word' id='word_1_688' title='bbox 2962 4000 2974 4037; x_wconf 89' lang='lat'>:</span> 
     </span>
    </p>
   </div>
   <div class='ocr_carea' id='block_1_103' title="bbox 2390 4072 3965 4143">
    <p class='ocr_par' dir='ltr' id='par_1_103' title="bbox 2390 4072 3965 4143">
     <span class='ocr_line' id='line_1_103' title="bbox 2390 4072 3965 4143; baseline -0.001 -17"><span class='ocrx_word' id='word_1_689' title='bbox 2390 4073 2473 4126; x_wconf 76' lang='lat' dir='ltr'><strong>Ex</strong></span> <span class='ocrx_word' id='word_1_690' title='bbox 2505 4084 2551 4128; x_wconf 86' lang='lat' dir='ltr'><strong>te</strong></span> <span class='ocrx_word' id='word_1_691' title='bbox 2575 4073 2709 4135; x_wconf 76' lang='lat' dir='ltr'><strong>sola,</strong></span> <span class='ocrx_word' id='word_1_692' title='bbox 2738 4089 2893 4142; x_wconf 84' lang='lat' dir='ltr'><strong>quant</strong></span> <span class='ocrx_word' id='word_1_693' title='bbox 2928 4073 3212 4143; x_wconf 77' lang='lat' dir='ltr'><strong>purissimo</strong></span> <span class='ocrx_word' id='word_1_694' title='bbox 3234 4073 3345 4126; x_wconf 84' lang='lat' dir='ltr'><strong>lilio</strong></span> <span class='ocrx_word' id='word_1_695' title='bbox 3381 4072 3433 4124; x_wconf 86' lang='lat' dir='ltr'><strong>in</strong></span> <span class='ocrx_word' id='word_1_696' title='bbox 3467 4073 3634 4125; x_wconf 83' lang='lat' dir='ltr'><strong>medio</strong></span> <span class='ocrx_word' id='word_1_697' title='bbox 3687 4075 3965 4137; x_wconf 77' lang='lat' dir='ltr'><strong>spinarum</strong></span> 
     </span>
    </p>
   </div>
   <div class='ocr_carea' id='block_1_104' title="bbox 3710 4143 3966 4212">
    <p class='ocr_par' dir='ltr' id='par_1_104' title="bbox 3710 4143 3966 4212">
     <span class='ocr_line' id='line_1_104' title="bbox 3710 4143 3966 4212; baseline -0.008 -18"><span class='ocrx_word' id='word_1_698' title='bbox 3710 4143 3966 4212; x_wconf 68' lang='lat' dir='ltr'><strong>liuentia,</strong></span> 
     </span>
    </p>
   </div>
   <div class='ocr_carea' id='block_1_105' title="bbox 2394 4212 3966 4284">
    <p class='ocr_par' dir='ltr' id='par_1_105' title="bbox 2394 4212 3966 4284">
     <span class='ocr_line' id='line_1_105' title="bbox 2394 4212 3966 4284; baseline -0.001 -16"><span class='ocrx_word' id='word_1_699' title='bbox 2394 4213 2863 4269; x_wconf 77' lang='lat' dir='ltr'><strong>Uterumincolens</strong></span> <span class='ocrx_word' id='word_1_700' title='bbox 2900 4223 3068 4278; x_wconf 84' lang='lat' dir='ltr'><strong>tuum,</strong></span> <span class='ocrx_word' id='word_1_701' title='bbox 3113 4212 3348 4284; x_wconf 80' lang='lat' dir='ltr'><strong>Sponsus</strong></span> <span class='ocrx_word' id='word_1_702' title='bbox 3396 4214 3484 4267; x_wconf 79' lang='lat' dir='ltr'><strong>ille</strong></span> <span class='ocrx_word' id='word_1_703' title='bbox 3514 4222 3632 4266; x_wconf 81' lang='lat' dir='ltr'><strong>tuus</strong></span> <span class='ocrx_word' id='word_1_704' title='bbox 3686 4215 3966 4281; x_wconf 75' lang='lat' dir='ltr'><strong>processit.</strong></span> 
     </span>
    </p>
   </div>
   <div class='ocr_carea' id='block_1_106' title="bbox 2393 4326 3970 4398">
    <p class='ocr_par' dir='ltr' id='par_1_106' title="bbox 2393 4326 3970 4398">
     <span class='ocr_line' id='line_1_106' title="bbox 2393 4326 3970 4398; baseline -0.001 -16"><span class='ocrx_word' id='word_1_705' title='bbox 2393 4328 2483 4383; x_wconf 88' lang='lat' dir='ltr'><strong>Sic</strong></span> <span class='ocrx_word' id='word_1_706' title='bbox 2515 4330 2624 4381; x_wconf 89' lang='lat' dir='ltr'><strong>ille.</strong></span> <span class='ocrx_word' id='word_1_707' title='bbox 2654 4326 2920 4381; x_wconf 81' lang='lat' dir='ltr'><strong>Nimirum</strong></span> <span class='ocrx_word' id='word_1_708' title='bbox 2963 4328 3042 4398; x_wconf 89' lang='lat' dir='ltr'><strong>(ut</strong></span> <span class='ocrx_word' id='word_1_709' title='bbox 3090 4328 3142 4380; x_wconf 93' lang='lat' dir='ltr'><strong>in</strong></span> <span class='ocrx_word' id='word_1_710' title='bbox 3198 4327 3445 4381; x_wconf 82' lang='lat' dir='ltr'><strong>Mariana</strong></span> <span class='ocrx_word' id='word_1_711' title='bbox 3480 4327 3701 4380; x_wconf 68' lang='lat' dir='ltr'><strong>Pietate</strong></span> <span class='ocrx_word' id='word_1_712' title='bbox 3753 4326 3970 4380; x_wconf 72' lang='grc' dir='ltr'><strong>(ἶνα-εο-</strong></span> 
     </span>
    </p>
   </div>
   <div class='ocr_carea' id='block_1_107' title="bbox 2392 4398 3969 4467">
    <p class='ocr_par' dir='ltr' id='par_1_107' title="bbox 2392 4398 3969 4467">
     <span class='ocr_line' id='line_1_107' title="bbox 2392 4398 3969 4467; baseline -0.002 -16"><span class='ocrx_word' id='word_1_713' title='bbox 2392 4417 2505 4451; x_wconf 82' lang='grc'><strong>1·11111</strong></span> <span class='ocrx_word' id='word_1_714' title='bbox 2537 4401 2709 4467; x_wconf 81' lang='lat' dir='ltr'><strong>inquit</strong></span> <span class='ocrx_word' id='word_1_715' title='bbox 2736 4399 2794 4452; x_wconf 83' lang='grc' dir='ltr'>Ρ.</span> <span class='ocrx_word' id='word_1_716' title='bbox 2833 4401 3022 4451; x_wconf 68' lang='lat' dir='ltr'><strong>Simon</strong></span> <span class='ocrx_word' id='word_1_717' title='bbox 3049 4398 3372 4466; x_wconf 78' lang='lat' dir='ltr'><strong>Wagnerck)</strong></span> <span class='ocrx_word' id='word_1_718' title='bbox 3419 4415 3481 4449; x_wconf 73' lang='lat' dir='ltr'><strong>ex</strong></span> <span class='ocrx_word' id='word_1_719' title='bbox 3520 4408 3699 4450; x_wconf 84' lang='lat' dir='ltr'><strong>mente</strong></span> <span class='ocrx_word' id='word_1_720' title='bbox 3733 4398 3790 4449; x_wconf 82' lang='lat' dir='ltr'><strong>S.</strong></span> <span class='ocrx_word' id='word_1_721' title='bbox 3829 4399 3969 4449; x_wconf 73' lang='lat' dir='ltr'><strong>Salt-</strong></span> 
     </span>
    </p>
   </div>
   <div class='ocr_carea' id='block_1_108' title="bbox 2393 4469 3970 4536">
    <p class='ocr_par' dir='ltr' id='par_1_108' title="bbox 2393 4469 3970 4536">
     <span class='ocr_line' id='line_1_108' title="bbox 2393 4469 3970 4536; baseline -0.002 -12"><span class='ocrx_word' id='word_1_722' title='bbox 2393 4470 2471 4524; x_wconf 78' lang='lat' dir='ltr'><strong>ba-</strong></span> <span class='ocrx_word' id='word_1_723' title='bbox 2514 4470 2764 4524; x_wconf 82' lang='lat' dir='ltr'><strong>Christus</strong></span> <span class='ocrx_word' id='word_1_724' title='bbox 2834 4469 3055 4522; x_wconf 81' lang='lat' dir='ltr'><strong>Mariam</strong></span> <span class='ocrx_word' id='word_1_725' title='bbox 3118 4473 3259 4521; x_wconf 88' lang='lat' dir='ltr'><strong>inter</strong></span> <span class='ocrx_word' id='word_1_726' title='bbox 3318 4470 3569 4522; x_wconf 83' lang='lat' dir='ltr'><strong>homines</strong></span> <span class='ocrx_word' id='word_1_727' title='bbox 3628 4469 3679 4520; x_wconf 86' lang='lat' dir='ltr'><strong>in</strong></span> <span class='ocrx_word' id='word_1_728' title='bbox 3726 4472 3970 4536; x_wconf 79' lang='lat' dir='ltr'><strong>peccatis</strong></span> 
     </span>
    </p>
   </div>
   <div class='ocr_carea' id='block_1_109' title="bbox 2393 4539 3966 4609">
    <p class='ocr_par' dir='ltr' id='par_1_109' title="bbox 2393 4539 3966 4609">
     <span class='ocr_line' id='line_1_109' title="bbox 2393 4539 3966 4609; baseline -0.001 -16"><span class='ocrx_word' id='word_1_729' title='bbox 2393 4549 2687 4609; x_wconf 73' lang='lat' dir='ltr'><strong>conceptos</strong></span> <span class='ocrx_word' id='word_1_730' title='bbox 2740 4540 2966 4603; x_wconf 82' lang='lat' dir='ltr'><strong>invenit,</strong></span> <span class='ocrx_word' id='word_1_731' title='bbox 3011 4556 3113 4592; x_wconf 85' lang='lat' dir='ltr'><strong>non</strong></span> <span class='ocrx_word' id='word_1_732' title='bbox 3167 4547 3424 4607; x_wconf 86' lang='lat' dir='ltr'><strong>tanquam</strong></span> <span class='ocrx_word' id='word_1_733' title='bbox 3468 4539 3701 4592; x_wconf 81' lang='lat' dir='ltr'><strong>similem</strong></span> <span class='ocrx_word' id='word_1_734' title='bbox 3754 4539 3882 4601; x_wconf 88' lang='lat' dir='ltr'><strong>illis,</strong></span> <span class='ocrx_word' id='word_1_735' title='bbox 3914 4541 3966 4591; x_wconf 89' lang='grc'><strong>111</strong></span> 
     </span>
    </p>
   </div>
   <div class='ocr_carea' id='block_1_110' title="bbox 2392 4609 3969 4678">
    <p class='ocr_par' dir='ltr' id='par_1_110' title="bbox 2392 4609 3969 4678">
     <span class='ocr_line' id='line_1_110' title="bbox 2392 4609 3969 4678; baseline -0.001 -14"><span class='ocrx_word' id='word_1_736' title='bbox 2392 4621 2493 4673; x_wconf 82' lang='lat' dir='ltr'><strong>est,</strong></span> <span class='ocrx_word' id='word_1_737' title='bbox 2538 4622 2793 4675; x_wconf 79' lang='lat' dir='ltr'><strong>tanquam</strong></span> <span class='ocrx_word' id='word_1_738' title='bbox 2845 4612 3054 4678; x_wconf 88' lang='lat' dir='ltr'><strong>spinam</strong></span> <span class='ocrx_word' id='word_1_739' title='bbox 3110 4610 3251 4662; x_wconf 88' lang='lat' dir='ltr'><strong>inter</strong></span> <span class='ocrx_word' id='word_1_740' title='bbox 3306 4611 3512 4677; x_wconf 85' lang='lat' dir='ltr'><strong>spinas,</strong></span> <span class='ocrx_word' id='word_1_741' title='bbox 3553 4609 3631 4661; x_wconf 89' lang='lat' dir='ltr'><strong>sic</strong></span> <span class='ocrx_word' id='word_1_742' title='bbox 3690 4609 3838 4662; x_wconf 91' lang='lat' dir='ltr'><strong>enim</strong></span> <span class='ocrx_word' id='word_1_743' title='bbox 3900 4627 3969 4663; x_wconf 75' lang='lat' dir='ltr'><strong>ex</strong></span> 
     </span>
    </p>
   </div>
   <div class='ocr_carea' id='block_1_111' title="bbox 2394 4680 3969 4750">
    <p class='ocr_par' dir='ltr' id='par_1_111' title="bbox 2394 4680 3969 4750">
     <span class='ocr_line' id='line_1_111' title="bbox 2394 4680 3969 4750; baseline -0.001 -16"><span class='ocrx_word' id='word_1_744' title='bbox 2394 4682 2547 4750; x_wconf 87' lang='lat' dir='ltr'><strong>spina</strong></span> <span class='ocrx_word' id='word_1_745' title='bbox 2584 4682 2862 4734; x_wconf 80' lang='lat' dir='ltr'><strong>debuisset</strong></span> <span class='ocrx_word' id='word_1_746' title='bbox 2909 4684 3139 4748; x_wconf 86' lang='lat' dir='ltr'><strong>primum</strong></span> <span class='ocrx_word' id='word_1_747' title='bbox 3169 4680 3355 4750; x_wconf 60' lang='lat' dir='ltr'><strong>facere</strong></span> <span class='ocrx_word' id='word_1_748' title='bbox 3390 4680 3583 4741; x_wconf 84' lang='lat' dir='ltr'><strong>lilium,</strong></span> <span class='ocrx_word' id='word_1_749' title='bbox 3615 4695 3739 4731; x_wconf 85' lang='lat' dir='ltr'><strong>cum</strong></span> <span class='ocrx_word' id='word_1_750' title='bbox 3779 4695 3969 4733; x_wconf 71' lang='lat' dir='ltr'><strong>revera</strong></span> 
     </span>
    </p>
   </div>
   <div class='ocr_carea' id='block_1_112' title="bbox 2397 4749 3969 4819">
    <p class='ocr_par' dir='ltr' id='par_1_112' title="bbox 2397 4749 3969 4819">
     <span class='ocr_line' id='line_1_112' title="bbox 2397 4749 3969 4819; baseline -0.001 -14"><span class='ocrx_word' id='word_1_751' title='bbox 2397 4749 2502 4805; x_wconf 89' lang='lat' dir='ltr'><strong>non</strong></span> <span class='ocrx_word' id='word_1_752' title='bbox 2560 4752 2731 4803; x_wconf 88' lang='lat' dir='ltr'><strong>hlium</strong></span> <span class='ocrx_word' id='word_1_753' title='bbox 2788 4753 3082 4804; x_wconf 76' lang='lat' dir='ltr'><strong>invenisset</strong></span> <span class='ocrx_word' id='word_1_754' title='bbox 3136 4749 3383 4811; x_wconf 84' lang='lat' dir='ltr'><strong>Mariam,</strong></span> <span class='ocrx_word' id='word_1_755' title='bbox 3413 4752 3505 4804; x_wconf 87' lang='lat' dir='ltr'><strong>sed</strong></span> <span class='ocrx_word' id='word_1_756' title='bbox 3537 4767 3600 4819; x_wconf 86' lang='lat' dir='ltr'><strong>sp</strong></span> <span class='ocrx_word' id='word_1_757' title='bbox 3629 4766 3778 4802; x_wconf 83' lang='lat' dir='ltr'><strong>nam.</strong></span> <span class='ocrx_word' id='word_1_758' title='bbox 3807 4750 3969 4814; x_wconf 79' lang='lat' dir='ltr'><strong>Quod</strong></span> 
     </span>
    </p>
   </div>
   <div class='ocr_carea' id='block_1_113' title="bbox 2390 4820 3971 4889">
    <p class='ocr_par' dir='ltr' id='par_1_113' title="bbox 2390 4820 3971 4889">
     <span class='ocr_line' id='line_1_113' title="bbox 2390 4820 3971 4889; baseline -0.001 -14"><span class='ocrx_word' id='word_1_759' title='bbox 2390 4833 2566 4875; x_wconf 91' lang='lat' dir='ltr'><strong>autem</strong></span> <span class='ocrx_word' id='word_1_760' title='bbox 2592 4824 2828 4876; x_wconf 77' lang='lat' dir='ltr'><strong>artifices</strong></span> <span class='ocrx_word' id='word_1_761' title='bbox 2854 4820 3083 4884; x_wconf 79' lang='lat' dir='ltr'><strong>iaciunt,</strong></span> <span class='ocrx_word' id='word_1_762' title='bbox 3118 4823 3220 4875; x_wconf 89' lang='lat' dir='ltr'><strong>hoc</strong></span> <span class='ocrx_word' id='word_1_763' title='bbox 3253 4823 3563 4889; x_wconf 69' lang='lat' dir='ltr'><strong>excogitare</strong></span> <span class='ocrx_word' id='word_1_764' title='bbox 3588 4836 3682 4872; x_wconf 79' lang='lat' dir='ltr'><strong>sco</strong></span> <span class='ocrx_word' id='word_1_765' title='bbox 3717 4822 3971 4873; x_wconf 82' lang='lat' dir='ltr'><strong>invenite</strong></span> 
     </span>
    </p>
   </div>
   <div class='ocr_carea' id='block_1_114' title="bbox 2390 4890 3971 4961">
    <p class='ocr_par' dir='ltr' id='par_1_114' title="bbox 2390 4890 3971 4961">
     <span class='ocr_line' id='line_1_114' title="bbox 2390 4890 3971 4961; baseline 0.001 -18"><span class='ocrx_word' id='word_1_766' title='bbox 2390 4893 2666 4945; x_wconf 88' lang='lat' dir='ltr'><strong>dicuntur.</strong></span> <span class='ocrx_word' id='word_1_767' title='bbox 2701 4892 2966 4944; x_wconf 80' lang='lat' dir='ltr'><strong>Asseruut</strong></span> <span class='ocrx_word' id='word_1_768' title='bbox 3022 4892 3249 4961; x_wconf 90' lang='lat' dir='ltr'><strong>proinde</strong></span> <span class='ocrx_word' id='word_1_769' title='bbox 3272 4892 3329 4944; x_wconf 89' lang='lat' dir='ltr'><strong>S.</strong></span> <span class='ocrx_word' id='word_1_770' title='bbox 3375 4892 3681 4952; x_wconf 73' lang='lat' dir='ltr'><strong>Sabbas,et</strong></span> <span class='ocrx_word' id='word_1_771' title='bbox 3720 4890 3779 4943; x_wconf 90' lang='lat' dir='ltr'><strong>S.</strong></span> <span class='ocrx_word' id='word_1_772' title='bbox 3807 4890 3971 4945; x_wconf 60' lang='grc' dir='ltr'><strong>ιπ-</strong></span> 
     </span>
    </p>
   </div>
   <div class='ocr_carea' id='block_1_115' title="bbox 2392 4962 3972 5031">
    <p class='ocr_par' dir='ltr' id='par_1_115' title="bbox 2392 4962 3972 5031">
     <span class='ocr_line' id='line_1_115' title="bbox 2392 4962 3972 5031; baseline 0.003 -20"><span class='ocrx_word' id='word_1_773' title='bbox 2392 4965 2528 5031; x_wconf 83' lang='lat' dir='ltr'><strong>pltns</strong></span> <span class='ocrx_word' id='word_1_774' title='bbox 2552 4962 2829 5015; x_wconf 79' lang='lat' dir='ltr'><strong>Christum</strong></span> <span class='ocrx_word' id='word_1_775' title='bbox 2857 4963 2996 5014; x_wconf 87' lang='lat' dir='ltr'><strong>inter</strong></span> <span class='ocrx_word' id='word_1_776' title='bbox 3022 4964 3229 5030; x_wconf 87' lang='lat' dir='ltr'><strong>spinas,</strong></span> <span class='ocrx_word' id='word_1_777' title='bbox 3256 4962 3305 5015; x_wconf 87' lang='lat' dir='ltr'><strong>id</strong></span> <span class='ocrx_word' id='word_1_778' title='bbox 3329 4974 3430 5019; x_wconf 80' lang='lat' dir='ltr'><strong>est.</strong></span> <span class='ocrx_word' id='word_1_779' title='bbox 3458 4978 3651 5015; x_wconf 87' lang='lat' dir='ltr'><strong>ontnes</strong></span> <span class='ocrx_word' id='word_1_780' title='bbox 3672 4962 3927 5015; x_wconf 85' lang='lat' dir='ltr'><strong>homines</strong></span> <span class='ocrx_word' id='word_1_781' title='bbox 3955 5003 3972 5024; x_wconf 90' lang='lat'><strong>,</strong></span> 
     </span>
    </p>
   </div>
   <div class='ocr_carea' id='block_1_116' title="bbox 2392 5032 3970 5101">
    <p class='ocr_par' dir='ltr' id='par_1_116' title="bbox 2392 5032 3970 5101">
     <span class='ocr_line' id='line_1_116' title="bbox 2392 5032 3970 5101; baseline -0.001 -17"><span class='ocrx_word' id='word_1_782' title='bbox 2392 5033 2481 5099; x_wconf 89' lang='lat' dir='ltr'><strong>qui</strong></span> <span class='ocrx_word' id='word_1_783' title='bbox 2507 5034 2885 5101; x_wconf 81' lang='lat' dir='ltr'><strong>concipiuntur</strong></span> <span class='ocrx_word' id='word_1_784' title='bbox 2912 5034 2963 5086; x_wconf 90' lang='lat' dir='ltr'><strong>in</strong></span> <span class='ocrx_word' id='word_1_785' title='bbox 3002 5043 3240 5101; x_wconf 82' lang='lat' dir='ltr'><strong>peccato,</strong></span> <span class='ocrx_word' id='word_1_786' title='bbox 3274 5048 3378 5086; x_wconf 92' lang='lat' dir='ltr'><strong>non</strong></span> <span class='ocrx_word' id='word_1_787' title='bbox 3406 5035 3640 5101; x_wconf 88' lang='lat' dir='ltr'><strong>spinam,</strong></span> <span class='ocrx_word' id='word_1_788' title='bbox 3671 5032 3765 5086; x_wconf 83' lang='lat' dir='ltr'><strong>sed</strong></span> <span class='ocrx_word' id='word_1_789' title='bbox 3793 5033 3970 5085; x_wconf 87' lang='lat' dir='ltr'><strong>lilium</strong></span> 
     </span>
    </p>
   </div>
   <div class='ocr_carea' id='block_1_117' title="bbox 2394 5103 3969 5172">
    <p class='ocr_par' dir='ltr' id='par_1_117' title="bbox 2394 5103 3969 5172">
     <span class='ocr_line' id='line_1_117' title="bbox 2394 5103 3969 5172; baseline -0.001 -17"><span class='ocrx_word' id='word_1_790' title='bbox 2394 5104 2668 5157; x_wconf 84' lang='lat' dir='ltr'><strong>invenisse</strong></span> <span class='ocrx_word' id='word_1_791' title='bbox 2728 5103 2971 5166; x_wconf 81' lang='lat' dir='ltr'><strong>Mariam,</strong></span> <span class='ocrx_word' id='word_1_792' title='bbox 3015 5104 3142 5172; x_wconf 89' lang='lat' dir='ltr'><strong>quia</strong></span> <span class='ocrx_word' id='word_1_793' title='bbox 3200 5104 3346 5157; x_wconf 89' lang='lat' dir='ltr'><strong>illam</strong></span> <span class='ocrx_word' id='word_1_794' title='bbox 3405 5104 3546 5155; x_wconf 72' lang='lat' dir='ltr'><strong>inter</strong></span> <span class='ocrx_word' id='word_1_795' title='bbox 3594 5104 3805 5171; x_wconf 83' lang='lat' dir='ltr'><strong>spinas,</strong></span> <span class='ocrx_word' id='word_1_796' title='bbox 3859 5121 3969 5155; x_wconf 89' lang='lat' dir='ltr'><strong>ttou</strong></span> 
     </span>
    </p>
   </div>
   <div class='ocr_carea' id='block_1_118' title="bbox 2392 5172 3971 5243">
    <p class='ocr_par' dir='ltr' id='par_1_118' title="bbox 2392 5172 3971 5243">
     <span class='ocr_line' id='line_1_118' title="bbox 2392 5172 3971 5243; baseline 0.001 -18"><span class='ocrx_word' id='word_1_797' title='bbox 2392 5174 2627 5240; x_wconf 88' lang='lat' dir='ltr'><strong>spinam,</strong></span> <span class='ocrx_word' id='word_1_798' title='bbox 2661 5190 2759 5227; x_wconf 88' lang='lat' dir='ltr'><strong>nec</strong></span> <span class='ocrx_word' id='word_1_799' title='bbox 2792 5190 2854 5227; x_wconf 79' lang='lat' dir='ltr'><strong>ex</strong></span> <span class='ocrx_word' id='word_1_800' title='bbox 2907 5174 3058 5243; x_wconf 91' lang='lat' dir='ltr'><strong>spina</strong></span> <span class='ocrx_word' id='word_1_801' title='bbox 3103 5175 3298 5236; x_wconf 86' lang='lat' dir='ltr'><strong>lilium,</strong></span> <span class='ocrx_word' id='word_1_802' title='bbox 3335 5174 3426 5227; x_wconf 89' lang='lat' dir='ltr'><strong>sed</strong></span> <span class='ocrx_word' id='word_1_803' title='bbox 3466 5175 3534 5225; x_wconf 88' lang='lat' dir='ltr'><strong>ab</strong></span> <span class='ocrx_word' id='word_1_804' title='bbox 3582 5172 3740 5228; x_wconf 91' lang='lat' dir='ltr'><strong>initio</strong></span> <span class='ocrx_word' id='word_1_805' title='bbox 3793 5175 3971 5226; x_wconf 87' lang='lat' dir='ltr'><strong>liliuin</strong></span> 
     </span>
    </p>
   </div>
   <div class='ocr_carea' id='block_1_119' title="bbox 2393 5244 3973 5326">
    <p class='ocr_par' dir='ltr' id='par_1_119' title="bbox 2393 5244 3973 5326">
     <span class='ocr_line' id='line_1_119' title="bbox 2393 5244 3973 5326; baseline 0.001 -29"><span class='ocrx_word' id='word_1_806' title='bbox 2393 5244 2541 5326; x_wconf 56' lang='lat' dir='ltr'><strong>fecit,</strong></span> <span class='ocrx_word' id='word_1_807' title='bbox 2573 5248 2623 5297; x_wconf 92' lang='lat' dir='ltr'><strong>id</strong></span> <span class='ocrx_word' id='word_1_808' title='bbox 2668 5255 2770 5307; x_wconf 90' lang='lat' dir='ltr'><strong>est,</strong></span> <span class='ocrx_word' id='word_1_809' title='bbox 2808 5246 2925 5299; x_wconf 86' lang='lat' dir='ltr'><strong>sine</strong></span> <span class='ocrx_word' id='word_1_810' title='bbox 2998 5244 3105 5297; x_wconf 88' lang='lat' dir='ltr'><strong>ulla</strong></span> <span class='ocrx_word' id='word_1_811' title='bbox 3152 5245 3380 5313; x_wconf 82' lang='lat' dir='ltr'><strong>originis</strong></span> <span class='ocrx_word' id='word_1_812' title='bbox 3424 5244 3638 5297; x_wconf 74' lang='lat' dir='ltr'><strong>macula</strong></span> <span class='ocrx_word' id='word_1_813' title='bbox 3695 5246 3973 5299; x_wconf 76' lang='lat' dir='ltr'><strong>exsistere</strong></span> 
     </span>
    </p>
   </div>
   <div class='ocr_carea' id='block_1_120' title="bbox 2417 5326 3797 5368">
    <p class='ocr_par' dir='ltr' id='par_1_120' title="bbox 2417 5326 3797 5368">
     <span class='ocr_line' id='line_1_120' title="bbox 2417 5326 3797 5368; baseline -0.003 -3"><span class='ocrx_word' id='word_1_814' title='bbox 2417 5326 2574 5368; x_wconf 82' lang='lat' dir='ltr'><strong>llSSll.</strong></span> <span class='ocrx_word' id='word_1_815' title='bbox 3789 5352 3797 5361; x_wconf 73' lang='lat'><strong>.</strong></span> 
     </span>
    </p>
   </div>
   <div class='ocr_carea' id='block_1_121' title="bbox 2388 5330 3969 5455">
    <p class='ocr_par' dir='ltr' id='par_1_121' title="bbox 2388 5330 3969 5455">
     <span class='ocr_line' id='line_1_121' title="bbox 2388 5330 3969 5455; baseline 0.036 -73"><span class='ocrx_word' id='word_1_816' title='bbox 2388 5330 2574 5453; x_wconf 49' lang='grc' dir='ltr'><strong>111ἷῧιὶῑ</strong></span> <span class='ocrx_word' id='word_1_817' title='bbox 2613 5386 2668 5439; x_wconf 67' lang='lat' dir='ltr'><strong>Si</strong></span> <span class='ocrx_word' id='word_1_818' title='bbox 2701 5386 2898 5441; x_wconf 52' lang='lat' dir='ltr'><strong>doceﬂs</strong></span> <span class='ocrx_word' id='word_1_819' title='bbox 2925 5384 3045 5447; x_wconf 61' lang='lat' dir='ltr'><strong>fuit,</strong></span> <span class='ocrx_word' id='word_1_820' title='bbox 3076 5396 3135 5438; x_wconf 82' lang='grc' dir='ltr'><strong>ιιι</strong></span> <span class='ocrx_word' id='word_1_821' title='bbox 3186 5388 3392 5455; x_wconf 80' lang='lat' dir='ltr'><strong>peccati</strong></span> <span class='ocrx_word' id='word_1_822' title='bbox 3428 5384 3656 5437; x_wconf 79' lang='lat' dir='ltr'><strong>veniatis</strong></span> <span class='ocrx_word' id='word_1_823' title='bbox 3685 5352 3969 5439; x_wconf 51' lang='lat' dir='ltr'><strong>levis-siina</strong></span> 
     </span>
    </p>
   </div>
   <div class='ocr_carea' id='block_1_122' title="bbox 2395 5456 3968 5525">
    <p class='ocr_par' dir='ltr' id='par_1_122' title="bbox 2395 5456 3968 5525">
     <span class='ocr_line' id='line_1_122' title="bbox 2395 5456 3968 5525; baseline 0.001 -18"><span class='ocrx_word' id='word_1_824' title='bbox 2395 5460 2605 5510; x_wconf 88' lang='lat' dir='ltr'><strong>macula</strong></span> <span class='ocrx_word' id='word_1_825' title='bbox 2638 5474 2666 5509; x_wconf 90' lang='lat' dir='ltr'><strong>a</strong></span> <span class='ocrx_word' id='word_1_826' title='bbox 2696 5458 2941 5510; x_wconf 86' lang='lat' dir='ltr'><strong>Mariano</strong></span> <span class='ocrx_word' id='word_1_827' title='bbox 2974 5458 3215 5525; x_wconf 84' lang='lat' dir='ltr'><strong>speculo,</strong></span> <span class='ocrx_word' id='word_1_828' title='bbox 3248 5466 3307 5510; x_wconf 89' lang='lat' dir='ltr'><strong>ut</strong></span> <span class='ocrx_word' id='word_1_829' title='bbox 3348 5456 3710 5509; x_wconf 65' lang='lat' dir='ltr'><strong>tersissimum</strong></span> <span class='ocrx_word' id='word_1_830' title='bbox 3745 5467 3799 5508; x_wconf 86' lang='lat' dir='ltr'><strong>et</strong></span> <span class='ocrx_word' id='word_1_831' title='bbox 3830 5458 3968 5508; x_wconf 87' lang='lat' dir='ltr'><strong>luct-</strong></span> 
     </span>
    </p>
   </div>
   <div class='ocr_carea' id='block_1_123' title="bbox 2393 5527 3973 5595">
    <p class='ocr_par' dir='ltr' id='par_1_123' title="bbox 2393 5527 3973 5595">
     <span class='ocr_line' id='line_1_123' title="bbox 2393 5527 3973 5595; baseline -0.001 -16"><span class='ocrx_word' id='word_1_832' title='bbox 2393 5527 2679 5579; x_wconf 85' lang='lat' dir='ltr'><strong>tlissimum</strong></span> <span class='ocrx_word' id='word_1_833' title='bbox 2738 5544 2859 5580; x_wconf 86' lang='lat' dir='ltr'><strong>vero</strong></span> <span class='ocrx_word' id='word_1_834' title='bbox 2889 5528 3143 5595; x_wconf 86' lang='lat' dir='ltr'><strong>appellari</strong></span> <span class='ocrx_word' id='word_1_835' title='bbox 3185 5538 3386 5595; x_wconf 83' lang='lat' dir='ltr'><strong>posset,</strong></span> <span class='ocrx_word' id='word_1_836' title='bbox 3428 5528 3613 5594; x_wconf 89' lang='lat' dir='ltr'><strong>procul</strong></span> <span class='ocrx_word' id='word_1_837' title='bbox 3648 5530 3837 5589; x_wconf 86' lang='lat' dir='ltr'><strong>tieret;</strong></span> <span class='ocrx_word' id='word_1_838' title='bbox 3883 5529 3973 5578; x_wconf 88' lang='lat' dir='ltr'><strong>di-</strong></span> 
     </span>
    </p>
   </div>
   <div class='ocr_carea' id='block_1_124' title="bbox 2394 5598 3971 5666">
    <p class='ocr_par' dir='ltr' id='par_1_124' title="bbox 2394 5598 3971 5666">
     <span class='ocr_line' id='line_1_124' title="bbox 2394 5598 3971 5666; baseline 0.001 -20"><span class='ocrx_word' id='word_1_839' title='bbox 2394 5599 2551 5663; x_wconf 75' lang='lat' dir='ltr'><strong>gnius</strong></span> <span class='ocrx_word' id='word_1_840' title='bbox 2586 5607 2729 5650; x_wconf 79' lang='lat' dir='ltr'><strong>certe</strong></span> <span class='ocrx_word' id='word_1_841' title='bbox 2776 5606 2830 5650; x_wconf 85' lang='lat' dir='ltr'><strong>et</strong></span> <span class='ocrx_word' id='word_1_842' title='bbox 2878 5598 3158 5651; x_wconf 79' lang='lat' dir='ltr'><strong>decentius</strong></span> <span class='ocrx_word' id='word_1_843' title='bbox 3206 5601 3361 5666; x_wconf 74' lang='lat' dir='ltr'><strong>longe</strong></span> <span class='ocrx_word' id='word_1_844' title='bbox 3410 5599 3533 5657; x_wconf 78' lang='lat' dir='ltr'><strong>fuit,</strong></span> <span class='ocrx_word' id='word_1_845' title='bbox 3583 5605 3640 5648; x_wconf 86' lang='lat' dir='ltr'><strong>tit</strong></span> <span class='ocrx_word' id='word_1_846' title='bbox 3685 5598 3971 5663; x_wconf 75' lang='lat' dir='ltr'><strong>urigin;:|is</strong></span> 
     </span>
    </p>
   </div>
   <div class='ocr_carea' id='block_1_125' title="bbox 2394 5666 3968 5735">
    <p class='ocr_par' dir='ltr' id='par_1_125' title="bbox 2394 5666 3968 5735">
     <span class='ocr_line' id='line_1_125' title="bbox 2394 5666 3968 5735; baseline 0.002 -19"><span class='ocrx_word' id='word_1_847' title='bbox 2394 5668 2565 5735; x_wconf 79' lang='lat' dir='ltr'><strong>culpa:</strong></span> <span class='ocrx_word' id='word_1_848' title='bbox 2595 5668 2744 5721; x_wconf 84' lang='lat' dir='ltr'><strong>labes</strong></span> <span class='ocrx_word' id='word_1_849' title='bbox 2778 5668 2845 5720; x_wconf 89' lang='lat' dir='ltr'><strong>ab</strong></span> <span class='ocrx_word' id='word_1_850' title='bbox 2870 5668 3058 5721; x_wconf 83' lang='lat' dir='ltr'><strong>eodem</strong></span> <span class='ocrx_word' id='word_1_851' title='bbox 3103 5684 3268 5729; x_wconf 89' lang='lat' dir='ltr'><strong>quam</strong></span> <span class='ocrx_word' id='word_1_852' title='bbox 3317 5666 3631 5733; x_wconf 74' lang='lat' dir='ltr'><strong>longissime</strong></span> <span class='ocrx_word' id='word_1_853' title='bbox 3661 5678 3968 5720; x_wconf 85' lang='lat' dir='ltr'><strong>arceretur.</strong></span> 
     </span>
    </p>
   </div>
   <div class='ocr_carea' id='block_1_126' title="bbox 2396 5736 3966 5806">
    <p class='ocr_par' dir='ltr' id='par_1_126' title="bbox 2396 5736 3966 5806">
     <span class='ocr_line' id='line_1_126' title="bbox 2396 5736 3966 5806; baseline 0 -17"><span class='ocrx_word' id='word_1_854' title='bbox 2396 5736 2679 5791; x_wconf 76' lang='lat' dir='ltr'><strong>Peccatum</strong></span> <span class='ocrx_word' id='word_1_855' title='bbox 2732 5740 2877 5791; x_wconf 84' lang='lat' dir='ltr'><strong>enim</strong></span> <span class='ocrx_word' id='word_1_856' title='bbox 2925 5739 3134 5792; x_wconf 86' lang='lat' dir='ltr'><strong>veniale</strong></span> <span class='ocrx_word' id='word_1_857' title='bbox 3180 5741 3391 5792; x_wconf 86' lang='lat' dir='ltr'><strong>macula</strong></span> <span class='ocrx_word' id='word_1_858' title='bbox 3425 5738 3671 5806; x_wconf 58' lang='lat' dir='ltr'><strong>quadam</strong></span> <span class='ocrx_word' id='word_1_859' title='bbox 3727 5750 3831 5795; x_wconf 83' lang='lat' dir='ltr'><strong>cst.</strong></span> <span class='ocrx_word' id='word_1_860' title='bbox 3869 5740 3966 5791; x_wconf 80' lang='lat' dir='ltr'><strong>sed</strong></span> 
     </span>
    </p>
   </div>
   <div class='ocr_carea' id='block_1_127' title="bbox 2395 5808 3964 5881">
    <p class='ocr_par' dir='ltr' id='par_1_127' title="bbox 2395 5808 3964 5881">
     <span class='ocr_line' id='line_1_127' title="bbox 2395 5808 3964 5881; baseline -0.002 -19"><span class='ocrx_word' id='word_1_861' title='bbox 2395 5808 2687 5877; x_wconf 75' lang='lat' dir='ltr'><strong>lcrissima,</strong></span> <span class='ocrx_word' id='word_1_862' title='bbox 2750 5818 2957 5879; x_wconf 86' lang='lat' dir='ltr'><strong>utpote,</strong></span> <span class='ocrx_word' id='word_1_863' title='bbox 3018 5826 3139 5881; x_wconf 76' lang='lat' dir='ltr'><strong>qua:</strong></span> <span class='ocrx_word' id='word_1_864' title='bbox 3211 5810 3405 5864; x_wconf 73' lang='lat' dir='ltr'><strong>uniuni:</strong></span> <span class='ocrx_word' id='word_1_865' title='bbox 3472 5808 3964 5879; x_wconf 80' lang='lat' dir='ltr'><strong>pulchritudinem,</strong></span> 
     </span>
    </p>
   </div>
  </div>
