4180 6450
245 389 382 466 13Ιῶ

1629 404 1732 464 MA
1745 403 1994 469 RIALE.

3359 410 3497 476 1946

308 510 545 564 Φύσεσιν
573 510 852 583 ὁρώμενον
872 513 1074 576 διτταῖς
1101 515 1336 586 Χριστὸν
1362 516 1658 587 ἐγέννησας
1691 517 1800 586 μία·

2000 519 2211 590 Duplici
2268 521 2551 591 prmJitum
2599 532 2816 587 natura,
2851 522 3069 579 unicam
3123 539 3249 579 vero
3295 542 3494 595 geren-

238 607 478 674 φέροντα
523 606 710 675 σαφῶς
756 606 1056 662 ὑπόστασιν
1110 609 1364 663 σύνθετον
1392 652 1404 672 ,
1444 609 1822 681 άνθρωπὸτητι

236 696 492 765 θεότητος
523 698 1024 770 συνεισδραμούσης
1063 704 1297 773 φυσικὴν
1327 703 1494 766 ὅντως
1532 702 1656 757 καθ’
1687 703 1822 757 ἕνω-

238 803 324 839 σιν
345 805 359 817 ·
393 788 519 842 ὅθεν
545 790 748 856 πάντες
776 810 836 846 σε
867 794 1217 865 εὐλογοῦμεν,
1252 795 1439 867 Μαρία
1472 796 1774 867 Θεόνυμφε.

303 971 481 1041 Σαρκὶ
512 973 849 1045 ἐπιδημῆσαι
888 976 1121 1049 θελήσας
1156 981 1185 1032 ό
1221 979 1595 1052 διακοσμήσας
1644 982 1822 1037 πάντα

230 1061 407 1129 Λόγος
436 1065 494 1117 ὲν
526 1066 608 1118 σοὶ
639 1068 1043 1139 κατεσκήνωσε,
1066 1071 1236 1143 μόνην
1269 1073 1576 1145 ἀγιωτέραν
1604 1075 1819 1135 πάντων

229 1153 559 1223 εὑράμενος,
590 1158 686 1211 καὶ
721 1158 986 1217 θεοτόκον
1015 1162 1218 1232 ἔδειξεν
1246 1166 1333 1219 ἐπ’
1362 1165 1617 1238 ἀληθείας
1640 1210 1655 1233 ,
1695 1169 1815 1238 Μη-

226 1246 591 1317 τροπάρθενε.

241 1359 347 1415 Ἐκ
386 1362 493 1416 τοῦ
545 1367 815 1444 Κανόνος
866 1370 954 1444 εἰς
998 1372 1105 1424 τόν
1137 1372 1312 1444 ὅσιον
1354 1375 1682 1444 Γρηγόριον
1714 1377 1821 1431 τὸν

652 1440 1091 1509 Δεκαπολίτην,
1114 1442 1303 1512 ἡμέρᾳ
1331 1451 1400 1499 κ’.

312 1547 379 1602 Ἦ
404 1549 514 1603 ἀπὸ
543 1552 649 1622 γῆς
681 1554 821 1624 πρὸς
851 1556 1084 1627 οὐρανὸν
1123 1558 1389 1630 διήκουσα
1415 1562 1618 1633 κλίμαξ
1650 1562 1817 1633 οὐρά-

227 1657 365 1704 νιος,
394 1641 461 1695 δι’
496 1638 565 1717 ἧς
600 1644 738 1698 θεοῦ
763 1647 935 1716 Λόγος
972 1651 1084 1714 τοῖς
1109 1650 1319 1722 βροτοῖς
1361 1653 1635 1725 ὡμίλησε,
1666 1655 1818 1708 εὐλο-

226 1733 452 1806 γημένη
479 1738 748 1806 πάναγνε,
780 1740 1185 1811 άνερμήνευτον
1212 1742 1415 1815 θαῦμα,
1448 1745 1819 1816 ἀκατανόητον

224 1825 434 1897 ὅραμα,
468 1828 606 1895 σῶζε
631 1832 758 1894 τοὺς
781 1833 861 1896 εἰς
893 1833 952 1886 σὲ
976 1833 1448 1905 καταφεύγοντας.

297 2017 491 2089 Χαῖρε,
520 2018 903 2091 μόνητεκοῦσα
922 2021 1012 2075 τὸν
1032 2021 1126 2075 τοῦ
1147 2024 1347 2089 παντὸς
1373 2024 1600 2096 Κύριον·
1629 2028 1807 2098 χαῖρε,

222 2109 326 2177 τὴν
372 2109 518 2182 ζωὴν
563 2115 677 2176 τοῖς
728 2114 1039 2185 ἀνθρώποις
1090 2117 1125 2187 ή
1181 2118 1599 2189 προξενήσασαο
1629 2124 1806 2194 χαῖρε,

221 2204 522 2258 κατάσκιον
558 2207 653 2260 καὶ
680 2206 1028 2280 ἀλατόμητον
1051 2209 1199 2281 ὅρος,
1225 2213 1337 2266 τῶν
1365 2213 1573 2266 πιστῶν
1595 2215 1655 2268 τὸ
1678 2218 1809 2284 στή-

222 2311 423 2365 ριγμα⁹
447 2299 631 2368 χαῖρε,
665 2299 997 2371 πανάμωμε.

294 2389 487 2460 Μῆτερ
525 2389 683 2453 Θεοῦ,
719 2392 1058 2464 εὐλογημένη
1080 2434 1095 2458 ,
1131 2394 1440 2465 πανάμωμε
1463 2438 1477 2463 ,
1504 2397 1604 2467 τῆς
1630 2398 1808 2469 ψυχῆς

222 2494 329 2544 μου
373 2479 669 2549 τραύματα
699 2483 1060 2555 θεράπευσον,
1102 2485 1201 2548 τὰς
1242 2486 1434 2554 ἡδονὰς
1476 2487 1664 2541 σὸέσον
1709 2490 1809 2559 τῆς

220 2572 425 2641 σαρκῆς
448 2613 461 2632 ,
494 2574 595 2645 τὴν
625 2577 1022 2648 ὲσκοτισμένην
1055 2579 1285 2650 καρδίαν
1328 2598 1430 2648 μου
1468 2582 1808 2653 φωταγὼγη-

220 2680 338 2729 σον,
369 2666 687 2736 εἰρηνευσον
719 2671 811 2723 τὸν
852 2671 977 2724 νοῦν
1010 2690 1111 2743 μου
1149 2676 1243 2727 καὶ
1274 2674 1536 2740 παντοίας
1575 2678 1640 2729 ὲκ
1674 2676 1807 2747 βλά-

222 2752 344 2824 ϐης,
374 2758 468 2809 καὶ
494 2757 705 2830 ἐχθρῶν
733 2761 999 2831 ἐπηρείας
1033 2781 1101 2834 με
1129 2764 1425 2835 λύτρωσαι.

293 2847 612 2917 Προστασεα
652 2850 751 2905 τοῦ
791 2853 1032 2925 κόσμου,
1073 2857 1265 2929 Μῆτερ
1304 2858 1653 2928 Ἀειπάρθενε
1678 2901 1693 2925 ,
1739 2860 1803 2912 σὺ

221 2954 295 3008 με
331 2940 691 3014 κυϐέρνησον,
726 2945 823 2999 καὶ
868 2948 1135 3019 ὁδήγησόν
1176 2967 1243 3020 με
1278 2952 1357 3013 εἰς
1392 2952 1607 3004 εὐθεῖαν
1645 2952 1799 3017 ὁδὸν,

218 3030 317 3083 καὶ
352 3032 684 3088 κατεύθυνον
714 3039 849 3105 πρθις
880 3037 1226 3112 δικαιοσύνης
1261 3041 1479 3112 τρίϐους
1510 3041 1677 3113 ὀρθὰς
1711 3044 1803 3095 τὸν

216 3115 479 3195 λογισμόν
516 3144 642 3194 μου,
676 3131 769 3182 καὶ
793 3130 972 3202 ψυχῆς
1002 3132 1101 3196 τὰς
1127 3130 1353 3205 πορείιίς
1377 3134 1694 3191 εύθύνουσα.

292 3218 580 3320 hilarata-1?.
609 3222 849 3294 καθαρὸν
884 3224 1150 3295 βασιλέως
1185 3225 1467 3291 παλάτιον,
1509 3226 1801 3296 γενόμενόν
1827 3262 1871 3320 C

220 3326 291 3379 με
337 3309 553 3381 λῃστῶν
596 3312 909 3386 ἀκάθαρτον
952 3316 1220 3386 σπήλαιον
1268 3319 1458 3387 εὐχαῖς
1499 3334 1593 3371 σου
1632 3317 1801 3370 καθά-

219 3417 387 3471 ρασα,
432 3401 529 3456 τοῦ
568 3406 633 3458 ἐκ
678 3404 773 3460 σοῦ
822 3406 1103 3478 τεχθέντος
1141 3409 1269 3463 ναὸν
1308 3409 1464 3479 ἆγιον
1502 3409 1799 3474 ἀνάδειξον.

287 3586 501 3659 Νεκρὸν
521 3590 934 3660 χρηματίσαντα
952 3594 1018 3663 τῇ
1036 3592 1281 3665 ἁμαρτίᾳ
1301 3593 1393 3646 καὶ
1407 3592 1801 3663 ἀπολλύμενον,

213 3679 317 3749 τὴν
346 3679 495 3751 ζωὴν
522 3682 556 3751 ἡ
585 3680 839 3750 τεκοῦσα,
862 3684 1002 3753 ἁγνὴ
1035 3682 1301 3755 Παρθένε,
1332 3684 1550 3748 ζώωσον
1574 3687 1667 3740 καὶ
1694 3686 1803 3738 σῶ-

218 3775 314 3827 σόν
344 3792 433 3846 με,
465 3776 562 3829 καὶ⁸
588 3776 688 3846 τῆς
717 3778 945 3847 γεέννης
977 3780 1289 3851 ἑξάρπασον
1312 3780 1602 3851 ψάλλοντα·
1634 3782 1800 3836 Εύλο-

216 3866 383 3938 γητδς
402 3869 432 3922 ό
457 3868 614 3935 θεὸς,
644 3872 671 3923 ὁ
699 3870 811 3924 τῶν
842 3870 1097 3938 πατέρων
1129 3874 1305 3945 ἡμῶν.

296 3957 361 4013 'll
403 3960 497 4014 τὸν
535 3961 730 4033 κριτὴν
761 3962 857 4015 καὶ
895 3964 1102 4034 Κύριον
1141 3966 1279 4036 ὑπὲρ
1305 3966 1465 4034 λόγον
1502 3966 1757 4037 κυήσασα
1783 4008 1798 4033 ,

214 4049 429 4118 τοῦτον,
466 4050 543 4117 ὡς
570 4052 702 4107 Υίόν
733 4071 851 4119 σου,
868 4055 1146 4124 παναγία,
1181 4057 1403 4127 αῖτησαι
1440 4057 1498 4110 ὲν
1539 4056 1658 4129 ὥρᾳ
1699 4057 1801 4127 τῆς

215 4144 491 4216 κρίσεως,
524 4148 623 4217 τῆς
663 4148 1000 4221 καταδίκης,
1039 4150 1133 4203 καὶ
1171 4149 1266 4203 τοῦ
1310 4151 1482 4221 πυρὸς
1505 4193 1521 4217 ,
1577 4150 1799 4213 σκότους

216 4238 517 4307 ἀφεγγοῦς,
539 4241 634 4294 καὶ
656 4240 749 4294 τοῦ
773 4240 1020 4313 βρυγμοῦ
1043 4242 1149 4296 τῶν
1168 4242 1398 4295 ὀδόντων
1421 4240 1799 4313 λυτρώσασθαι

214 4332 344 4394 τοὺς
411 4333 590 4386 πίστει
635 4334 875 4397 εύσεὸῶς
931 4335 1300 4407 μελῳδοῦντας
1345 4335 1543 4401 λαούς·
1592 4335 1796 4407 ’Υπερ-

216 4422 423 4492 υψοῦτε
456 4428 536 4488 εἰς
570 4428 696 4491 τοὺς
729 4427 996 4492 αἰῶνας...

282 4517 471 4590 cum
504 4535 585 4572 σοι
611 4518 704 4572 τοῦ
730 4520 970 4593 Γαϐριὴλ
997 4522 1047 4575 οί
1073 4522 1252 4575 πιστοὶ
1278 4520 1590 4594 περιχαρῶς
1624 4538 1796 4593 προσ-

1929 623 2034 666 tem
2060 629 2344 682 personam
2375 614 2492 668 sine
2522 613 2688 667 dubio
2719 614 2998 671 Christum
3027 616 3297 686 genuisti;
3330 634 3486 672 com-

1925 704 2184 775 positum,
2217 720 2315 775 per
2338 704 2774 760 concurrentiam
2804 706 3105 763 divinitatis
3135 723 3260 762 cum
3292 709 3489 761 buma-

1923 796 2112 860 nitate,
2142 795 2364 867 physica
2396 810 2621 864 prorsus
2660 811 2724 851 ac
2766 812 2891 851 vera
2924 798 3146 853 unione.
3183 796 3338 854 Unde
3376 802 3494 853 uni-

1923 889 2064 944 versi
2102 900 2153 943 te
2181 889 2576 951 benedicimus,
2615 905 2649 945 o
2681 890 2848 944 Maria
2886 906 3083 959 sponsa
3132 891 3245 945 Dei.

2002 983 2140 1038 Cum
2176 981 2433 1049 Verbum,
2480 983 2625 1051 quod
2673 984 2927 1038 universa
2978 985 3219 1038 condidit
3250 995 3303 1039 et
3336 1000 3494 1038 exor-

1925 1078 2092 1142 navit,
2117 1076 2184 1131 ad
2211 1090 2429 1130 carnem
2464 1076 2721 1132 accedere
2754 1076 3038 1139 voluisset,
3080 1079 3131 1131 in
3185 1091 3235 1133 te
3266 1079 3487 1133 habita-

1923 1171 2017 1235 vit,
2073 1186 2236 1240 quam
2274 1169 2443 1223 solam
2489 1169 2746 1224 omnibus
2789 1170 3124 1224 sanetiorcm
3174 1170 3401 1234 invenit,
3437 1180 3493 1224 ct

1922 1263 2206 1333 Dciparam
2243 1272 2293 1316 te
2321 1263 2497 1317 ellecit
2533 1278 2745 1327 revera,
2793 1260 2961 1316 Mater
2988 1272 3043 1317 et
3072 1262 3257 1331 Virgo.

1921 1380 2080 1451 223
2113 1379 2196 1433 E1:
2239 1377 2448 1434 Cauane
2476 1378 2527 1431 in
2559 1379 2689 1451 festa
2843 1374 3082 1449 Gregorii
3142 1376 3485 1444 Decapolilw,

2585 1450 2668 1502 die
2711 1447 2801 1502 20.

1989 1563 2033 1621 Ο
2071 1565 2216 1621 scala
2257 1563 2517 1627 caelestis,
2566 1578 2684 1630 quae
2708 1578 2735 1616 a
2764 1571 2906 1616 terra
2958 1562 3022 1615 ad
3058 1563 3255 1617 caelum
3288 1564 3492 1631 pertin-

1919 1658 2025 1727 gis,
2050 1672 2144 1725 per
2172 1671 2339 1725 quam
2378 1655 2519 1709 Deus
2552 1653 2788 1708 Verbum
2822 1670 2947 1709 cum
3004 1656 3316 1709 hominibus
3343 1671 3479 1709 cnu-

1920 1760 2169 1804 versatus
2190 1758 2294 1812 est,
2348 1747 2630 1802 benedicta
2674 1746 2833 1817 Virgo
2868 1747 3201 1807 castissima.
3250 1748 3487 1802 miracu-

1923 1842 2030 1897 lum
2062 1841 2462 1912 inexplicabile,
2480 1841 2851 1911 spectaculum
2877 1839 3295 1910 inintelligibile,
3335 1840 3486 1895 salva

1918 1933 2298 2004 confugientes
2332 1934 2396 1987 ad
2430 1943 2500 1988 te.

1988 2028 2121 2095 Ave,
2152 2044 2182 2084 ο
2212 2037 2268 2083 ιιι
2304 2041 2425 2097 quae
2453 2027 2568 2082 sola
2594 2024 2836 2080 universi
2866 2024 3155 2079 Dominum
3189 2024 3444 2095 peperisti
3470 2044 3483 2079 :

1916 2121 2084 2185 salve,
2132 2137 2255 2190 quae
2293 2121 2455 2174 vitam
2511 2118 2827 2173 hominibus
2889 2118 3244 2173 conciliasti:
3304 2118 3474 2180 salve,

1916 2230 2077 2270 mons
2102 2216 2377 2280 umbrose,
2409 2222 2464 2268 et
2493 2229 2521 2267 a
2556 2212 2800 2281 lapicidae
2826 2227 2992 2264 manu
3020 2211 3225 2265 intacte
3268 2228 3281 2264 :
3317 2209 3489 2276 salve,

1917 2308 2153 2362 ﬁdelium
2186 2305 2586 2369 lulcimentum,
2620 2322 2653 2358 ο
2682 2304 2750 2359 ab
2774 2304 2922 2358 onmi
2957 2303 3079 2357 labe
3109 2302 3388 2356 immunis.

1978 2398 2213 2455 OMater
2234 2398 2350 2462 Dei,
2379 2399 2687 2461 benedicta,
2723 2404 2831 2450 tota
2857 2396 3233 2460 immaculata,
3272 2397 3491 2448 medere

1914 2491 2231 2548 vulneribus
2259 2491 2456 2545 animm
2480 2506 2643 2554 mem;
2674 2489 2856 2543 carnis
2881 2488 3135 2541 libidines
3165 2488 3486 2556 exstinguc:

1913 2577 2324 2633 obtenebratum
2356 2593 2452 2631 cor
2484 2593 2665 2632 memn
2697 2577 2945 2630 illumina
2987 2596 2999 2630 :
3034 2589 3268 2630 mentem
3309 2593 3484 2630 meam

1912 2670 2162 2739 paciﬁca,
2198 2680 2250 2724 et
2285 2671 2353 2723 ab
2388 2669 2538 2723 omni
2576 2670 2846 2723 malorum
2896 2679 3062 2739 atque
3122 2669 3360 2723 hostium
3399 2670 3484 2722 in-

1913 2759 2201 2816 fcstatione
2226 2762 2375 2831 eripe
2409 2777 2515 2816 me.

1979 2851 2025 2909 0
2074 2853 2265 2908 mundi
2323 2854 2661 2924 praesidium,
2714 2853 2882 2908 Mater
2917 2869 3136 2924 semper
3168 2854 3349 2925 virgo,
3432 2864 3489 2909 tu

1911 2959 1996 2998 me
2022 2944 2283 3015 guberna,
2332 2956 2384 2998 et
2425 2944 2602 2999 deduc
2649 2960 2735 2998 me
2786 2946 2836 2998 in
2878 2946 3017 2998 viam
3063 2955 3304 3008 rectam,
3340 2956 3393 3001 et
3421 2947 3487 3001 ad

1910 3046 2085 3091 rectas
2103 3036 2328 3106 justitiae
2355 3038 2578 3092 semitas
2613 3038 2789 3107 dirige
2823 3049 3057 3091 mentem
3092 3055 3270 3092 meam
3322 3048 3488 3109 atque

1910 3129 2103 3181 animm
2135 3143 2268 3181 mete
2302 3129 2500 3182 itinera
2528 3169 2542 3194 ,
2578 3146 2610 3184 υ
2642 3130 3171 3185 immaculatissima.

1974 3221 2018 3275 Ο
2051 3221 2220 3275 Maria
2244 3222 2595 3290 purissimum
2627 3222 2768 3293 regis
2793 3222 3077 3291 palatium.
3110 3238 3217 3284 me,
3246 3223 3488 3291 impuro~

1907 3329 2028 3367 rum
2069 3313 2348 3367 latronum
2384 3312 2700 3382 speluncam
2756 3312 3033 3380 ell‘ectum,
3069 3315 3321 3379 precibus
3377 3314 3485 3368 tuis

1902 3406 2178 3472 emunda,
2212 3414 2267 3460 et
2299 3403 2423 3459 Filii
2464 3406 2541 3460 tui
2587 3407 2847 3476 templum
2900 3419 3151 3461 sanctum
3212 3422 3298 3460 me
3348 3422 3478 3460 cono

1906 3497 2096 3552 stituc.
3116 3570 3120 3577 ν

1973 3594 2078 3657 Me,
2118 3591 2187 3646 ob
2221 3602 2503 3662 peccatum
2562 3601 2838 3645 mortuum
2884 3606 2949 3644 ac
3000 3590 3292 3660 perditum,
3327 3599 3407 3657 tu,
3449 3609 3482 3643 o

1901 3696 2051 3742 casta
2073 3685 2261 3755 Virgo,
2284 3699 2407 3754 qua:
2446 3681 2625 3738 Vitam
2651 3683 2932 3753 peperisti,
2956 3683 3479 3749 viviﬁca,etsalvum

1902 3794 1987 3833 me
2021 3776 2105 3832 fac
2131 3817 2146 3838 .
2176 3785 2232 3832 et
2263 3791 2293 3830 a
2326 3776 2573 3846 gebenna
2602 3775 2751 3846 eripe
2780 3789 2865 3830 me
2898 3775 3216 3846 psallentem
3249 3793 3261 3829 :
3300 3774 3475 3831 Bene-

1901 3870 2079 3925 dictus
2102 3868 2268 3931 Deus,
2293 3876 2399 3921 etc.

1970 3961 2052 4016 Tu
2082 3960 2461 4032 quaijudicem
2485 3974 2549 4014 ac
2580 3958 2871 4013 Dominum
2903 3958 3138 4028 genuisti
3175 3958 3473 4013 ineﬂ‘abili-

1903 4063 2010 4120 ter,
2045 4052 2294 4107 eumdem
2329 4062 2587 4120 tanquam
2613 4049 2812 4105 Filium
2858 4061 3083 4115 tuum,o
3112 4050 3480 4117 sanctissima,

1901 4160 2142 4216 precare,
2183 4154 2239 4197 ut
2268 4144 2321 4198 in
2350 4142 2485 4198 hora
2504 4143 2722 4213 judicii,
2768 4158 2798 4198 a
2833 4144 3204 4207 damnatione,
3230 4145 3299 4198 ab
3328 4145 3477 4215 igne,

1901 4255 1930 4293 a
1965 4239 2205 4294 tenebris
2262 4237 2698 4301 obscurissimis,
2746 4245 2798 4290 et
2844 4251 2872 4290 a
2930 4234 3177 4290 dentium
3239 4236 3479 4291 stridore

1902 4332 2202 4386 liberentur
2232 4330 2267 4384 ii
2305 4330 2398 4398 qui
2438 4344 2562 4384 cum
2591 4328 2711 4416 .ﬁde
2742 4344 2805 4384 ac
2830 4328 3027 4399 pietate
3058 4331 3359 4385 concinunt
3387 4348 3401 4383 :
3436 4333 3476 4383 0

1903 4426 2109 4499 populi,
2141 4423 2564 4493 superexaltate,
2596 4432 2708 4477 etc.

1966 4519 2114 4575 Voce
2163 4515 2430 4572 Gabrielis
2459 4530 2561 4570 nos
2596 4515 2821 4577 ﬁdeles.
2873 4515 2942 4568 ad
3000 4523 3051 4568 te
3106 4530 3230 4569 cum
3276 4514 3475 4584 gaudio

213 4609 599 4681 φθεγγόμεθα·
628 4613 819 4685 Χαῖρε,
862 4615 1177 4685 παράδεισε,
1220 4614 1364 4685 ζωῆς
1390 4616 1451 4668 τὸ
1481 4614 1636 4680 ξύλον
1664 4616 1796 4668 άνα-

1903 4613 2222 4673 clatuautes.
2272 4608 2577 4664 salutamus
2635 4624 2648 4660 :
2699 4607 2882 4672 Salve,
2944 4607 3223 4676 paradise,
3270 4607 3482 4675 qumli-

213 4702 604 4773 ϐλαστήσασαο
639 4708 832 4775 χαῖρε,
868 4708 900 4777 ἡ
938 4706 1090 4773 λύσις
1140 4707 1242 4779 τῆς
1287 4707 1457 4779 ἀράς,
1508 4706 1802 4780 μαρτύρων

213 4882 445 4952 gratiam
477 4881 746 4947 videlicet,
771 4892 1047 4951 extenuat,
1076 4900 1184 4941 non
1213 4895 1395 4940 tamen
1434 4885 1736 4954 corrumpit
1767 4899 1781 4936 :

213 4968 309 5019 per
334 4967 507 5028 quam
524 4953 807 5028 citat-italis
853 4955 1043 5028 fervor
1086 4958 1371 5025 intepescit
1422 4953 1671 5028 quidem,
1690 4957 1784 5010 sed

213 5038 322 5096 non
367 5023 738 5096 exstinguitur
765 5041 924 5096 τίμιαι
964 5023 1328 5082 valetudinem
1363 5023 1637 5082 imininuit
1669 5028 1789 5080 ani-

212 5094 337 5157 mis,
366 5095 462 5149 sed
492 5094 855 5169 mortein‘no'n
890 5099 1216 5169 consciscit:
1245 5114 1367 5169 qua:
1408 5098 1499 5169 Dei
1529 5112 1657 5168 erga
1686 5112 1786 5169 nos

215 5180 462 5219 amorem
494 5164 871 5234 prad'ervidum
910 5166 1138 5223 fortasse
1166 5164 1328 5223 etiam
1363 5164 1647 5224 defervere
1694 5167 1773 5221 fa-

211 5238 307 5309 cit,
338 5237 528 5290 odium
585 5251 745 5309 vero
785 5238 1008 5293 minime
1066 5240 1283 5295 lacessit
1357 5250 1452 5294 aut
1504 5247 1781 5309 provocat.

209 5305 417 5381 Contra
445 5322 572 5361 vero
614 5308 1108 5381 originalisiculpa:
1148 5312 1297 5367 labes
1330 5305 1518 5365 animi'
1546 5310 1788 5381 pulchri-

213 5375 462 5431 tudinem
515 5375 837 5447 corrumpit,
873 5375 1198 5437 charitatem
1251 5382 1515 5447 excludit,
1546 5375 1783 5436 mortem

212 5447 388 5511 atl'ert,
422 5456 478 5501 et
530 5446 626 5501 Dei
681 5449 804 5517 Upt.
843 5449 985 5506 Max.
1040 5454 1222 5508 odium
1271 5446 1782 5507 bominiaceersit.

209 5517 615 5593 immunditiam
660 5519 905 5589 legalem,
937 5522 1081 5577 illam
1115 5524 1342 5587 scilicet,
1378 5539 1540 5593 quam
1573 5522 1788 5577 l'etninze

210 5599 435 5662 propter
463 5590 673 5662 sordes,
709 5593 908 5660 quibus
931 5608 995 5648 ex
1042 5604 1196 5662 partu
1229 5590 1634 5659 imbuebantur,
1661 5609 1788 5648 con-

208 5659 434 5735 trahere
482 5659 753 5735 solebant,
781 5679 809 5716 a
832 5659 1164 5719 nitidissiqu
1197 5665 1384 5721 Matris
1418 5681 1531 5721 sua:
1561 5667 1785 5735 speculo

208 5728 355 5808 gens
387 5731 582 5808 abi-sse
617 5734 807 5808 voluit,
834 5736 1081 5808 utrdocet
1104 5737 1408 5808 Cyprianus
1440 5738 1491 5791 in
1535 5728 1785 5808 serimde

203 5798 461 5881 ﬁalis-rt"
496 5798 836 5881 Augustinus
880 5807 946 5881 de
972 5823 1021 5881 v-
1068 5798 1399 5871 Hm'resibus,
1449 5807 1784 5881 Epiphanius

204 5875 263 5927 in
321 5875 657 5945 Cotupeudiu
685 5878 866 5944 Dect.,
892 5876 1270 5936 Nazianzenus
1303 5889 1445 5938 orat.
1471 5875 1619 5937 wet
1666 5878 1778 5933 alii.

1900 4720 2067 4776 gnum
2106 4705 2230 4758 vita:
2290 4700 2567 4773 protulisti
2622 4699 2777 4771 (95):
2843 4701 3015 4767 salve,
3070 4699 3474 4756 maledictionis

1893 4883 1950 4939 Si
1977 4897 2109 4953 ergo
2137 4878 2283 4953 Deus
2307 4881 2469 4953 hujus
2504 4878 2709 4953 speculi
2739 4878 3060 4953 munditiem
3094 4890 3149 4934 et
3177 4879 3473 4953 candorem

1892 4970 1985 5024 per
2032 4950 2375 5007 umbratilem
2419 4950 2604 5024 legalis
2641 4950 2999 5024 immunditiaa
3036 4952 3313 5019 maculam,
3353 4966 3461 5024 non

1892 5021 2080 5093 parum
2121 5023 2235 5076 laedi
2294 5030 2389 5075 aut
2420 5021 2605 5093 violari
2660 5022 2889 5093 putavit,
2929 5035 3003 5093 ac
3040 5032 3321 5091 propterea
3374 5022 3478 5093 im-

1891 5091 2213 5149 munditiam
2250 5095 2408 5145 istam
2441 5091 2507 5144 ab
2552 5092 2643 5144 illo
2689 5091 2986 5159 prohibuit.
3022 5108 3255 5161 quOuam
3312 5091 3476 5147 modo

1891 5166 2094 5235 peccati
2144 5164 2426 5235 originalis
2477 5163 2784 5215 teterrimas
2831 5162 3026 5235 sordes
3057 5173 3108 5217 et
3158 5162 3470 5231 squalorem

1890 5232 1965 5291 illi
1992 5236 2203 5305 aspergi
2237 5232 2289 5289 et
2322 5234 2595 5305 adligerere
2622 5233 2905 5305 permisit?
2937 5232 3064 5305 Vide
3106 5249 3234 5305 qua:
3264 5236 3331 5305 de
3372 5235 3475 5305 hoc

1893 5301 2118 5375 speculo
2151 5301 2259 5359 dixi
2318 5305 2369 5356 in
2423 5301 2801 5357 Vindicatione
2844 5304 2987 5358 sacri
3020 5301 3230 5359 ordinis
3270 5302 3479 5375 Praedi-,

1891 5373 2062 5433 cator.
2123 5378 2259 5430 libro
2300 5392 2338 5434 ι.
2382 5383 2532 5442 parte
2591 5390 2626 5435 ι,
2672 5384 2998 5442 argumento
3055 5376 3108 5439 8,
3160 5390 3325 5443 super
3382 5373 3471 5426 illa

1892 5451 2051 5503 verba
2085 5452 2142 5501 Β.
2176 5446 2420 5508 Τιιοιιιαξ,
2456 5443 2612 5497 Fecit
2646 5460 2889 5499 summus
2935 5445 3144 5501 Artifex
3188 5443 3470 5515 speculum

1896 5536 2060 5575 unum
2087 5529 2191 5573 etc.

1970 5590 2078 5662 (95)
2123 5590 2370 5662 DBJIGC,
2409 5585 2661 5662 paradiso
2710 5584 3137 5662 loguenshinter
3200 5586 3335 5662 alios
3379 5582 3474 5662 vir

1895 5654 2091 5732 pietate
2120 5669 2174 5714 et
2198 5654 2447 5732 doctrina
2491 5659 2724 5732 inclytus
2752 5655 2913 5710 Pater
2941 5656 3336 5732 ‘lldephousius
3373 5654 3465 5707 Gi-

1893 5726 2014 5795 ron,
2039 5732 2156 5786 0rd.
2193 5730 2638 5787 Prazdicatorum.
2672 5727 2725 5780 in
2759 5742 2861 5782 suo
2928 5726 3303 5788 Promptuario
3340 5743 3469 5778 cou-

1893 5806 2126 5868 cionum,
2155 5803 2422 5855 concione
2443 5801 2497 5862 '2,
2520 5799 2585 5851 tle
2614 5798 2968 5867 conceptione
2990 5798 3050 5851 Β.
3079 5798 3314 5867 Virginis
3357 5796 3467 5849 ait:

1899 5896 1917 5928 ‹
1955 5869 2701 5943 Custodivitquoqucl’iltus
2758 5868 2852 5926 Dei
2907 5871 3220 5940 paradisum
3282 5882 3468 5930 suum,
