4180 6450
697 318 830 383 1247

1819 317 1878 375 S.
1920 312 2233 378 JOSEPHI
2272 312 2829 373 l-IYMNOGRAPIII

3807 304 3948 384 ιω

695 430 1004 492 dissolutio,
1056 438 1357 498 martyrum
1410 441 1636 491 corona,
1669 425 1833 496 224
1877 418 2300 485 eonfessoruni,

2408 426 2730 494 τεφάνωμα,
2761 423 2923 478 ὁσίων
2953 424 3212 495 καύχημα
3242 424 3336 479 καὶ
3374 423 3678 496 ἀνθρώπων
3707 426 3949 482 εὐσεϐῶν

697 524 893 588 gloria,
933 533 1096 592 atque
1121 520 1405 574 hominum
1439 520 1655 589 piorum
1691 521 2125 572 ﬁrmamentum.

699 637 1014 691 E.rl..'anone
1045 635 1099 686 in
1137 635 1267 704 festo
1293 632 1346 686 S.
1388 632 1708 686 Philemonis
1749 632 1977 701 apostoli
2003 642 2052 685 et
2095 633 2270 685 socio-

1292 721 1430 768 rum,
1465 707 1548 757 die
1579 705 1670 757 ἓξ.

769 821 990 875 Divinus
1014 821 1143 874 olim
1174 819 1561 888 prophetarum
1605 819 1885 886 catalogus
1916 817 2274 871 multiformi-

706 916 803 968 bus
855 913 1116 984 symbolis
1163 921 1214 965 te
1281 926 1404 965 vere
1448 926 1476 963 a
1528 911 1687 980 longe
1751 909 2276 980 praedescripserunt

704 1008 877 1062 solam
909 1005 1210 1075 parituram
1249 1019 1370 1059 esse
1402 1003 1715 1057 Dominum.

777 1100 910 1152 Cum
957 1099 1305 1168 apparuisses
1332 1113 1488 1164 pura,
1539 1112 1601 1150 ac
1659 1106 1766 1148 tota
1815 1095 2190 1158 immaculata,
2244 1108 2278 1148 ο

712 1193 874 1261 Virgo
896 1234 910 1257 ,
955 1193 1240 1261 suscepisti
1279 1193 1330 1244 in
1357 1192 1657 1246 visceribus
1693 1190 1799 1243 tuis
1820 1190 1985 1244 Deum
2019 1189 2278 1254 Verbum,

707 1289 801 1357 qui
827 1300 1072 1342 naturam
1107 1295 1352 1339 nostram
1387 1294 1730 1354 peccatorqu
1755 1283 2073 1336 exeCSsihus
2097 1282 2281 1350 inqui-

708 1390 892 1433 natam
923 1378 1256 1447 puriﬁeavit.

765 1472 950 1526 Laudo
979 1481 1052 1533 te,
1085 1486 1211 1525 vere
1237 1468 1383 1525 omni
1405 1467 1560 1520 laude
1587 1467 1934 1537 dignissima,
1967 1481 2088 1533 qum
2114 1464 2279 1519 Deum

711 1564 946 1620 Verbum
1015 1564 1163 1618 omni
1229 1561 1385 1616 laude
1442 1560 1780 1627 superiorem
1841 1574 2007 1626 supra
2078 1570 2284 1612 natura:

713 1658 935 1712 modum
974 1655 1228 1725 peperisti
1265 1673 1278 1709 :
1316 1663 1369 1707 et
1401 1669 1592 1721 precor
1626 1661 1697 1717 te,
1729 1660 1788 1704 ut
1818 1651 2052 1705 infelicis
2086 1650 2282 1704 anima:

2376 524 2433 573 τδ
2467 519 2808 590 κραταίωμα.

2387 634 2487 686 Ἐκ
2515 631 2622 685 τοῦ
2647 632 2912 696 Κανόνος
2937 633 3024 694 εὶς
3057 630 3164 682 τὸν
3190 629 3364 697 ἄτιον
3397 630 3743 683 ἀπόστολον
3764 629 3953 697 Φιλή-

2591 719 2750 772 μονα
2770 703 2867 756 καὶ
2897 702 3034 767 τοὺς
3059 701 3180 754 σὺν
3202 699 3382 765 αὐτῷ,
3406 701 3596 770 ἡμέρᾳ
3623 701 3728 770 κβ’.

2449 814 2515 866 Σὲ
2539 815 2830 886 προφητῶν
2856 815 3024 869 πάλαι
3047 816 3075 867 ὁ
3099 815 3240 878 θεῖος
3264 815 3562 883 κατάλογος
3591 813 3952 875 πολυειδέσιν.

2378 910 2613 979 ἄχραντε
2639 950 2654 974 ,
2695 909 2984 979 συμϐόλοις
3033 909 3316 981 πόρρωθεν
3346 908 3725 978 προεκήρυξεν
3761 906 3950 968 ὅντως.

2378 1003 2478 1071 τὴν
2504 1003 2672 1072 μόνην
2693 1002 2784 1057 τὸν
2810 1003 3086 1072 Δεσπότην
3119 1003 3533 1072 ἀποκυήσασαν.

2452 1096 2687 1148 Φανετσα
2713 1095 2930 1164 καθαρὰ
2960 1094 3054 1147 καὶ
3080 1096 3468 1163 πανακήρατος
3501 1092 3665 1155 ὲδέξω
3687 1092 3746 1144 ἐν
3772 1091 3958 1160 μήτρᾳ

2381 1188 2473 1239 τὸν
2525 1186 2697 1254 Λόγον
2739 1186 2904 1251 Θεὸν,
2940 1185 3032 1238 τὸν
3085 1185 3400 1256 καθάραντα
3446 1185 3544 1256 τὴν
3594 1183 3756 1253 φύσιν
3797 1181 3960 1252 ἡμῶν

2389 1280 2750 1354 ρυπωθείσαν,
2777 1281 3038 1353 Ιιαρθένε,
3065 1280 3430 1351 άτοπὴμασιν.

2469 1471 2654 1543 ’Υμνῶ
2684 1487 2743 1523 σε
2775 1469 3010 1541 άληθῶς.
3041 1468 3379 1537 πανύμνητε,
3415 1464 3800 1533 ὑπερύμνητον
3828 1461 3964 1516 Θεὸν

2388 1568 2561 1636 Λόγον
2591 1564 2882 1636 ὑπερφυῶς
2910 1563 3164 1625 τέξασαν.
3195 1562 3289 1615 καὶ
3325 1561 3514 1626 δέομαι
3555 1560 3657 1628 τῆς
3695 1559 3960 1621 ταπεινῆς

2393 1679 2493 1730 μου
2511 1660 2688 1729 ψυχῆς
2709 1656 3131 1728 θεραπεῦσαιτᾰ
3159 1656 3284 1725 νοσὴ
3295 1671 3463 1724 ματα,
3486 1653 3561 1716 ὡς
3582 1651 3761 1723 ἀγαθὴ
3784 1651 3965 1720 ὑπάρ-

711 1768 847 1806 meae
871 1751 1090 1805 morbos
1117 1764 1298 1814 cures,
1331 1748 1529 1818 quippe
1552 1761 1671 1816 qua:
1699 1745 1934 1816 benigna
1961 1760 2042 1807 es,
2063 1761 2094 1796 ο
2119 1758 2284 1814 spon-

2408 1769 2576 1822 ζουσα,
2606 1751 2905 1822 Θεόνυμφε.

715 1862 772 1898 sa
812 1845 926 1898 Dei.

777 1934 822 1990 Ο
875 1934 1128 2000 Domina,
1161 1933 1309 1988 salva
1368 1948 1471 1986 nos
1542 1931 1863 1999 gravissima
1912 1929 2284 1984 tentationum

715 2037 1036 2098 tempestate
1079 2029 1336 2095 jartatos,
1371 2034 1424 2079 et
1477 2025 1836 2078 Barbarornm
1883 2024 2286 2079 immitissimo-

718 2140 835 2176 rum
873 2123 1211 2186 incursibus,
1245 2133 1299 2175 et
1348 2121 1657 2174 crudelibus
1699 2119 2006 2174 da‘mouum
2053 2118 2292 2172 invasio-

719 2220 878 2273 nibus
913 2218 1165 2272 alllictos.

787 2311 1144 2379 Corporatum
1181 2317 1263 2362 est
1297 2306 1532 2361 Verbum
1588 2305 1642 2357 iu
1674 2315 1862 2357 ventre
1915 2311 2010 2356 tuo
2043 2319 2054 2355 :
2087 2309 2141 2355 et
2168 2315 2293 2370 pro-

719 2413 836 2470 pler
865 2419 1020 2456 suam
1059 2400 1493 2455 misericordiam
1547 2398 1767 2466 agnosci
1801 2396 1970 2449 voluit
2019 2394 2205 2458 homo,
2237 2399 2294 2445 ut

725 2495 1001 2546 hominem
1029 2493 1262 2548 elliceret.
1319 2492 1510 2554 Deum,
1548 2503 1581 2542 o
1631 2489 1808 2558 puella
1855 2489 1920 2539 ab
1955 2487 2104 2541 omni
2139 2499 2295 2539 naevo

725 2583 986 2635 immttnis
1011 2581 1143 2650 (96).

790 2673 1076 2727 Fortitudo
1106 2673 1421 2736 humilium,
1452 2679 1506 2724 et
1537 2671 1756 2725 lucerna
1795 2671 1996 2732 lucida,
2028 2679 2080 2723 et
2112 2683 2296 2723 mensa

725 2769 905 2821 «bvina
943 2787 955 2820 :
1008 2784 1185 2828 mons.
1241 2776 1291 2821 et
1325 2776 1476 2835 porta
1530 2766 1792 2835 impervia
1858 2783 1870 2818 :
1913 2766 2144 2818 thronus
2181 2762 2294 2824 Dei,

725 2872 779 2914 rt
832 2860 1136 2929 palatium:
1176 2859 1325 2927 virga
1383 2859 1593 2919 Aaron,
1641 2867 1694 2912 ct
1728 2871 1862 2910 urna
1923 2871 2060 2909 auro
2095 2855 2298 2924 fulgida

729 2953 868 3004 laeta
895 2968 974 3015 es,
1000 2966 1032 3004 ο
1061 2951 1244 3019 Virgo,
1276 2965 1398 3020 quae
1434 2947 1737 3014 Christum,
1769 2949 1891 3002 vita:
1920 2964 2141 3011 manna,
2171 2963 2298 3017 por-

731 3044 882 3097 tavit.

2463 1942 2766 2005 Δέσποινα,
2823 1938 2996 1993 σῶσον
3052 1940 3201 2008 ἡμᾶς
3256 1934 3690 2007 χειμαζομένους
3746 1932 3970 2002 χαλεπῷ

2395 2033 2619 2087 κλύδωνι
2644 2032 2752 2085 τῶν
2783 2030 3122 2102 πειρασμῶν,
3157 2029 3252 2081 καὶ
3280 2028 3387 2079 τῶν
3417 2025 3709 2096 ἀνημέρων
3748 2024 3968 2093 Βαρσα-

2395 2144 2504 2197 ρων
2533 2123 2846 2194 ἐκδρομαῖς.
2878 2123 2972 2175 καὶ
2998 2124 3116 2184 ταῖς
3142 2120 3250 2174 τῶν
3273 2119 3544 2190 δαιμόνων
3565 2117 3765 2179 δειναῖς
3792 2115 3973 2169 ἐπιθέο

2396 2234 2566 2270 σεσιν.

2467 2303 2820 2375 Σιοματοῦται
2871 2305 2900 2357 ὁ
2951 2303 3123 2372 Λόγος
3167 2306 3223 2356 ὲν
3261 2304 3442 2374 μήτρᾳ
3484 2319 3578 2354 σου
3603 2341 3618 2364 ,
3651 2302 3746 2354 καὶ
3772 2301 3842 2354 δι’
3881 2301 3974 2352 εὗο

2396 2401 2642 2469 σπλαγχν
2655 2400 2738 2451 ίαν
2764 2399 3088 2468 γνωρίζεται
3137 2397 3440 2468 ἅνθρωπος,
3477 2397 3566 2449 ἵνα
3599 2395 3733 2448 Θεὸν
3762 2393 3855 2446 τὸν
3882 2393 3977 2446 ἇν-

2397 2496 2614 2567 ορωπον
2640 2493 3042 2565 ἀπεργάσηται,
3072 2492 3224 2563 Κόρη
3255 2491 3587 2559 πανάμωμε.

2482 2681 2657 2750 ’ἰσχὺς
2703 2669 3010 2742 ταπεινῶν,
3057 2677 3153 2732 καὶ
3195 2674 3384 2745 λυχνία
3425 2673 3686 2743 φωτεινὴ,
3731 2671 3826 2725 καὶ
3863 2671 3985 2724 θεία

2399 2773 2649 2845 τράπεζα
2677 2813 2692 2832 .
2729 2772 2856 2842 ὅρος
2892 2772 2985 2824 καὶ
3036 2769 3181 2838 πύλη
3222 2768 3560 2829 άδιόδευτος,
3616 2765 3806 2836 θρόνος
3843 2763 3982 2817 Θεοῦ

2401 2866 2493 2919 καὶ
2519 2864 2799 2925 παλάτιον,
2837 2863 3028 2933 ῥάϐδος
3076 2860 3288 2930 Ἀαρών
3322 2877 3382 2911 τε
3417 2859 3512 2911 καὶ
3535 2857 3773 2926 στάμνος
3810 2871 3982 2926 χρυσ-

2402 2958 2701 3026 αυγξζουσι
2767 2956 3046 3023 πέφυκας,
3079 2953 3314 3024 Χριττὸν
3345 2951 3437 3005 τὸν
3480 2950 3655 3021 μάννα
3681 2950 3781 3019 τῆς
3811 2947 3984 3015 C1071;-

2405 3049 2646 3118 ιιαροὲνε
2665 3089 2679 3113 ,
2705 3046 2964 3116 φέρουσα.

797 3133 983 3189 Novus
1007 3133 1295 3201 paradisus
1325 3147 1451 3187 vere
1475 3131 1632 3187 nobis
1659 3141 1848 3186 venter
1877 3141 2001 3185 tuus
2029 3130 2299 3198 apparuit,

2475 3139 2608 3204 Νέος
2633 3139 2957 3206 παράδεισος
2983 3140 3116 3207 ἡμῖν
3138 3138 3170 3206 ἠ
3198 3137 3416 3206 γαστήρ
3441 3152 3533 3188 σου
3555 3131 3793 3202 άληθῶς,
3816 3129 3985 3200 ἁγνὴ,

732 3244 765 3282 o
796 3239 944 3282 casta
973 3225 1226 3294 Deipara,
1260 3228 1308 3278 iu
1352 3240 1460 3293 quo
1511 3224 1839 3292 germinavit
1901 3224 2024 3279 vita:
2072 3224 2299 3293 lignum,

733 3335 828 3390 per
859 3317 1004 3388 quod
1039 3317 1112 3370 illi
1143 3317 1236 3386 qui
1281 3315 1460 3371 fructu
1497 3317 1624 3384 ligni
1650 3323 1869 3386 gustato
1893 3317 2092 3370 mortui
2121 3323 2300 3380 erant,

731 3411 930 3466 iterum
965 3410 1221 3464 vivilicati
1249 3410 1313 3462 ad
1347 3408 1666 3477 paradisum
1698 3408 2056 3462 reducuntur.

820 3504 952 3558 Fers
998 3503 1265 3557 ferentem
1321 3502 1528 3566 omnia,
1555 3509 1609 3554 et
1656 3501 1988 3556 nutrientem
2040 3503 2236 3566 nutris,
2273 3517 2306 3554 ο

739 3594 1298 3653 immaculatissima:
1334 3607 1433 3646 nec
1469 3604 1657 3661 partus
1689 3592 1766 3648 tui
1811 3592 2076 3646 rationem
2127 3603 2308 3647 mente

737 3689 953 3757 assequi
994 3697 1170 3757 poles.
1206 3686 1678 3754 Sttperatomncm
1712 3694 1950 3741 mentem
1982 3687 2305 3740 miraculum

739 3794 915 3844 tuum,
946 3780 1092 3850 qttod
1124 3779 1347 3848 angelos
1382 3777 1543 3848 225
1580 3788 1743 3847 atque
1804 3779 2053 3833 homines
2085 3790 2310 3848 stupore

742 3874 1023 3941 percellit,
1067 3873 1196 3927 dum
1237 3872 1421 3925 vident
1460 3879 1512 3923 te
1559 3869 1731 3925 solam
1770 3870 2046 3941 Virginem
2079 3869 2310 3925 Matrem

745 3966 860 4021 Dei.

747 4081 827 4135 Ea:
869 4097 1065 4136 canone
1095 4077 1148 4131 in
1181 4079 1310 4147 festo
1348 4075 1405 4130 S.
1444 4076 1621 4129 Patris
1654 4078 1821 4147 nostri
1866 4076 2104 4147 Gregorii
2142 4083 2312 4133 Acm-

1055 4150 1257 4219 gantini
1294 4145 1692 4218 [Agrigentini],
1725 4149 1808 4201 die
1838 4148 1925 4202 25.

815 4264 890 4320 Te
927 4280 1050 4319 vere
1096 4279 1158 4317 ac
1212 4261 1424 4330 proprie
1477 4261 1758 4329 Deiparam
1796 4263 2098 4329 confiteor;
2129 4265 2314 4319 Domi-

746 4375 872 4411 num
938 4359 1081 4411 enim
1115 4357 1476 4427 inexplicabili
1515 4356 1676 4409 modo
1710 4357 1990 4424 peperisti,
2023 4373 2058 4410 ο
2091 4358 2311 4427 lleipara

749 4451 1036 4513 inviolata,
1070 4449 1162 4517 qui
1203 4451 1252 4502 in
1299 4449 1512 4504 duabus
1561 4448 1917 4512 substantiis_
1945 4463 2011 4503 ac
2061 4450 2316 4503 volunta-

747 4543 891 4595 tibus
924 4540 1262 4609 intelligitur.

823 4630 994 4686 Verba
1022 4632 1485 4702 diviniloquorum
1511 4645 1818 4700 prazcouuut
1846 4632 2111 4703 completa
2141 4639 2271 4688 sunt
2299 4648 2313 4686 :

747 4787 876 4841 dum
931 4786 1151 4841 domum
1211 4787 1527 4854 virginalem
1575 4788 1892 4842 deliciarum
1951 4803 2315 4842 suarnmser-

751 4858 893 4911 vavit
940 4859 1008 4911 ab
1053 4857 1201 4910 omni
1253 4859 1432 4924 enlpa.
1469 4858 1650 4926 Neque
1706 4859 1756 4910 in
1813 4861 1952 4912 hunc
2000 4861 2311 4923 paradisum

750 4930 994 4982 invenire
1050 4929 1222 4996 potuit
1280 4929 1580 4994 ingressum
1647 4930 1868 4980 callidus
1927 4929 2317 4996 serpens;fuit

751 4999 895 5050 enim
945 5001 1238 5052 conclusus
1286 5000 1496 5054 hortus.
1530 5000 1637 5051 imo
1691 5001 1802 5063 ipsa
1853 4997 2011 5064 Virgo
2062 5000 2320 5053 contrivit

751 5078 921 5138 caput
955 5072 1244 5137 setpentis.
1286 5088 1302 5118 ι
1351 5071 1439 5122 Sic
1492 5069 1598 5124 ille.
1627 5068 1690 5121 Et
1716 5069 1772 5122 l’.
1809 5068 1857 5121 J.
1903 5070 2166 5124 Eusebius
2199 5068 2319 5121 Nie-

755 5139 1021 5208 remherg.
1056 5140 1106 5192 in
1162 5141 1275 5193 suis
1327 5138 1691 5206 Exeo-ptionib.
1727 5156 1846 5206 cap.
1885 5141 1965 5201 l3,
2012 5156 2136 5194 cum
2182 5151 2327 5192 retu-

756 5212 907 5263 lisse!
945 5225 972 5262 a
1008 5209 1065 5262 S.
1101 5211 1395 5263 Athanasio
1445 5211 1494 5262 iu
1534 5210 1756 5262 humilia
1793 5215 1841 5262 in
1871 5208 2170 5264 Occursum
2226 5209 2328 5262 Do-

758 5281 891 5332 mini
948 5279 1008 5332 Β.
1055 5278 1331 5349 Virginem
1381 5277 1715 5346 paradisum
1785 5283 1965 5333 divina
2031 5283 2325 5347 plautatum

760 5366 925 5403 manu
981 5350 1149 5422 fuisse
1213 5350 1554 5417 appellatam,
1625 5351 1848 5422 subdit:
1883 5369 1900 5400 ι
1947 5350 2005 5404 Β.
2042 5351 2202 5422 Virgo
2248 5353 2328 5403 di-

761 5422 902 5492 citur
950 5420 1234 5484 paradisus
1272 5423 1542 5488 plantatus
1578 5437 1737 5472 manu
1798 5421 2028 5480 Domini.
2072 5420 2326 5492 quoniam

764 5491 818 5542 in
853 5491 1186 5557 plantatione
1222 5507 1334 5543 suae
1374 5493 1690 5552 creationis,
1733 5492 1844 5545 sola
1897 5491 2101 5545 manus
2137 5492 2251 5550 Dei,
2278 5503 2329 5545 et

763 5561 934 5632 gratia
985 5563 1100 5617 eius
1156 5562 1336 5614 locum
1393 5562 1598 5621 habuit.
1648 5578 1756 5614 non
1801 5573 1979 5616 autem
2043 5565 2325 5632 vestigium

765 5629 965 5683 diaboli
991 5641 1042 5684 t-t
1065 5632 1304 5695 ejusdem
1343 5635 1588 5684 serv‘Jns.
1635 5653 1652 5682 ι

841 5701 949 5768 (96)
986 5701 1124 5766 Quid
1183 5702 1746 5773 ltac__cxel;nnatioue
1817 5703 2178 5772 opportunius
2232 5719 2328 5773 pro

771 5773 1117 5828 immaculata
1175 5773 1231 5824 Β.
1282 5771 1516 5840 Virginis
1576 5771 1931 5844 conceptione
1999 5771 2329 5832 astrncnda?

2344 4509 2398 4571 D

2405 3233 2591 3303 ὡράθη
2616 3272 2630 3292 .
2664 3232 2808 3301 ζωῆς
2843 3231 2999 3296 ξύλον
3050 3230 3364 3298 βλαστάνωυ
3391 3271 3406 3293 ,
3441 3229 3535 3280 καὶ
3565 3227 3690 3288 τοὺς
3722 3225 3991 3286 θανέντας

2405 3323 2606 3394 καρπῷ
2637 3323 2729 3376 τοῦ
2775 3323 2936 3389 ξύλου
2970 3323 3133 3375 πάλιν
3174 3321 3313 3392 πρὸς
3349 3320 3680 3390 παράδεισον
3719 3318 3994 3385 ζωοποιηο

2408 3417 2598 3479 θέντας
2629 3416 2867 3482 εἰσάγον,
2899 3414 3149 3468 Θεοτόκε.

2477 3509 2669 3579 Φέρεις
2703 3510 2794 3562 τὸν
2826 3508 3060 3578 φέροντα
3087 3506 3288 3569 πάντα,
3330 3504 3424 3557 καὶ
3451 3503 3544 3556 τὸν
3568 3502 3840 3572 τρέφοντα
3859 3503 3993 3574 τρέ-

2407 3617 2548 3668 φεις,
2578 3602 2670 3653 τδν
2701 3599 2902 3670 τρόπον
2938 3599 3040 3669 τῆς
3069 3598 3282 3668 λοχείας
3312 3598 3563 3667 οὐδαμῶς
3603 3597 3948 3667 ἐπισταμένη
3973 3639 3990 3663 ,

2410 3692 2738 3762 πανάμωμε·
2772 3691 2913 3761 ὑπὲρ
2943 3691 3067 3744 νοῦν
3100 3689 3161 3744 τὸ
3192 3689 3286 3744 σοῦ
3319 3690 3504 3760 θαῦμα
3529 3690 3794 3758 ἀγγέλους
3820 3707 3994 3743 κατα-

2410 3784 2645 3854 πλῆττον
2674 3783 2766 3838 καὶ
2793 3783 3021 3855 βροτοὺς
3043 3783 3169 3847 τοὺς
3189 3783 3397 3846 usam;
3425 3800 3482 3835 σε
3517 3782 3686 3852 μόνην
3715 3782 3996 3853 Παρθένον

2411 3877 2754 3948 Θεομήτορα.

2425 4075 2526 4128 Ἐκ
2570 4073 2679 4127 τοῦ
2733 4074 3002 4139 Κανόνος
3037 4073 3125 4138 εἰς
3172 4072 3278 4126 τὸν
3325 4071 3496 4137 ἅγιον
3542 4070 3772 4138 Πατέρα
3825 4069 4002 4140 ἡμῶν

2518 4144 2847 4212 Γρηγόριον
2885 4143 2993 4197 τὸν
3031 4143 3519 4212 Ἀκραταιτῐνον,
3546 4141 3734 4210 ἡμέρᾳ
3771 4147 3881 4210 κγ’.

2484 4257 2744 4311 Θεοτόκον
2769 4274 2828 4310 σε
2855 4256 3069 4327 ἀληθῶς
3099 4256 3348 4326 ὁμολογῶ
3370 4273 3383 4285 ·
3401 4257 3627 4319 τέτοειας
3647 4256 3758 4325 γὰρ
3791 4255 4001 4326 Κύριον

2415 4348 2833 4420 ἀνερμηνεύτως
2879 4351 2936 4402 ἐν
2973 4350 3124 4402 δυσὶν
3162 4349 3394 4416 οὐσίαις,
3429 4351 3663 4420 ἄχραντε
3707 4349 3959 4421 Παρθένε
3982 4390 3998 4414 ,

2421 4443 2512 4495 καὶ
2543 4441 2794 4512 θελήσεσι
2820 4441 3266 4512 κατανοούμενον.

2504 4632 2688 4703 Ῥῆσις
2718 4630 2974 4702 κηρύκων
3009 4630 3286 4701 θεηγὸρων
3315 4629 3707 4701 ἀνεπληρὼθτγ
3745 4629 3858 4683 ἰδοὺ
3891 4630 4003 4698 γάρ

2422 4787 2562 4853 Quid
2593 4788 2735 4841 enim
2770 4787 2932 4842 fuerit
2973 4787 3241 4842 aﬂirmare
3265 4785 3546 4856 Deiparam
3576 4787 3644 4841 ab
3666 4789 3815 4843 omni
3844 4805 4004 4844 naevo

2425 4862 2593 4912 luisse
2657 4859 2973 4917 immunem.
3003 4875 3167 4925 quam
3225 4873 3441 4911 onmem
3491 4874 3716 4926 prorsus
3763 4861 3834 4914 ab
3886 4861 4004 4925 ipsa

2427 4929 2654 4997 peccati,
2682 4929 2797 4985 sive
2842 4929 3096 4993 aetualis,
3129 4931 3243 4999 sive
3292 4930 3573 4998 originalis
3619 4945 3830 4984 meum]
3883 4947 4008 4999 pro.

2427 4999 2981 5068 pulsarc?Consonat
3040 5001 3096 5053 S.
3145 4998 3351 5053 Sahbas
3407 5000 3458 5053 in
3510 4999 3726 5053 Menaeis
3781 4998 4002 5055 Graeco-

2426 5089 2568 5152 rum,
2585 5068 2672 5125 die
2690 5070 2724 5124 3
2749 5069 3017 5137 Januarii,
3041 5071 3144 5125 ode
3169 5070 3366 5136 5,dum
3396 5069 3682 5139 Deiparam
3712 5071 4006 5143 alloquens

2429 5155 2551 5197 all:

2573 5235 2761 5300 Nemo,
2793 5244 2851 5289 ut
2881 5247 2956 5296 tu,
2989 5233 3236 5293 Domina.
3261 5235 3562 5301 inculpata:
3589 5244 3666 5289 est
3691 5254 3858 5306 a'que,

2433 5305 2543 5360 Nec
2571 5319 2760 5376 prwter
2783 5319 2829 5361 te
2851 5307 3299 5361 incontaminatus
3323 5308 3621 5377 quisquam,
3641 5323 3671 5360 ο
3697 5305 3844 5361 nm
3870 5311 4010 5364 nulli

3723 5377 4007 5451 [subjecta

2433 5469 2497 5523 Et
2532 5469 2751 5534 ibidem,
2781 5469 2868 5524 die
2893 5469 2918 5522 1
2975 5467 3246 5532 Januarii,
3275 5466 3388 5524 Ode
3419 5469 3472 5535 9,

2576 5584 2673 5646 Tu,
2701 5602 2815 5654 qua:
2843 5585 2906 5638 ab
2938 5585 3080 5638 omni
3106 5601 3159 5639 es
3191 5602 3334 5639 metm
3357 5587 3578 5640 intacta.

2435 5701 2568 5757 Vide
2607 5700 2925 5771 .Velasquez
2993 5701 3064 5755 De
3124 5698 3304 5756 Maria
3358 5700 3698 5757 immaculata
3753 5712 4010 5771 concepta

2435 5774 2556 5831 libr.
2588 5789 2660 5840 tv,
2692 5774 2909 5830 dissert.
2933 5773 2986 5842 5,
3019 5783 3205 5829 auuot.
3243 5773 3294 5827 1.
