4180 6450
201 392 334 457 1939

1558 405 1918 467 MARIALE.

2312 475 2326 497 δ
3294 426 3425 493 1250

195 516 381 564 Ξεεκεν
409 516 439 583 ή
468 515 742 584 Παρθένος
777 516 895 569 νέον
923 517 1121 586 βρέφος
1150 516 1244 570 τοῦ
1284 518 1453 589 Ἀδὰμ
1485 519 1748 573 παλαιότε

1834 538 1997 584 ,εσσε
2035 525 2180 616 enim
2239 524 2399 597 Virgo
2458 531 2666 599 peperit
2719 533 2980 589 infantem
3040 552 3277 608 norum,
3341 547 3435 616 qui

193 621 371 674 τερον,
398 608 490 658 καὶ
513 607 801 677 σύνθρονον
823 609 916 662 τοῦ
959 611 1307 679 Γεννήτορος.

262 696 422 759 Γένος
450 698 657 767 βροτῶν
680 699 945 753 σέσωσται
966 703 1032 770 τῇ
1051 700 1192 772 ὑπὲρ
1218 702 1340 754 νοῦν
1362 720 1455 756 σου
1479 706 1763 777 κυοφορία,

1869 616 2078 673 Adamo
2112 600 2195 692 est
2227 624 2524 692 antiquior,
2559 635 2610 678 et
2640 629 2865 696 aequalis
2896 633 3143 686 considet
3172 634 3336 693 Patri.

1938 710 2119 767 Genus
2145 708 2425 795 hominum
2458 718 2725 772 salvatum
2759 730 2840 775 est
2869 738 2963 791 per
3000 734 3213 793 partum
3252 738 3425 795 tuum,

194 788 281 839 καὶ
311 789 362 839 οξ
389 790 447 839 ἐν
478 792 659 843 σκότει
685 793 912 864 φθορᾶς,
951 793 1193 860 παναγία
1224 795 1510 858 Δέσποινα,
1540 792 1678 850 εἶδον
1706 798 1748 849 τε

1868 804 1961 875 qui
1996 779 2217 875 superat
2243 822 2459 862 omnem
2502 812 2907 880 cogitationem,
2956 825 3009 870 et
3065 816 3100 870 ii
3134 819 3226 886 qui
3263 821 3315 874 in
3352 832 3433 876 te-

191 879 305 944 φῶς
338 880 401 931 τὸ
430 881 714 952 ἐκλάμψαι)
757 889 819 937 ὲκ
863 886 1097 957 γαστρός
1139 902 1269 949 σου,
1311 887 1407 957 τῆς
1447 888 1625 952 αἰτίας
1667 890 1765 960 τῆς

191 969 368 1038 ἡμῶν,
385 972 556 1044 Κόρη,
580 976 953 1041 ἀναπλάσεως.

278 1156 339 1210 Ὀ
370 1157 603 1223 κόλπους
652 1162 746 1215 τοῦ
791 1165 1000 1234 Πατρὸς
1039 1166 1113 1236 μὴ
1152 1165 1396 1229 κενώσας
1428 1167 1484 1217 ὲν
1522 1165 1599 1237 τῷ
1633 1184 1762 1239 σαρ-

187 1250 454 1315 κοῦσθαι,
496 1252 837 1322 πανάμωμε,
883 1254 977 1306 σοῦ
1026 1258 1083 1307 ὲν
1121 1259 1230 1319 τοῖς
1278 1257 1497 1319 κόλποις
1536 1259 1758 1325 ὁρᾶται,

186 1344 557 1414 κρατούμενος
596 1334 681 1407 ὡς
706 1346 906 1415 βρέφος
927 1388 942 1410 ,
967 1348 1026 1399 ὃν
1053 1348 1333 1413 έξιλέωσαι
1371 1351 1485 1413 τοῖς
1523 1351 1759 1415 εὐσεϐῶς

186 1451 243 1485 σε
266 1435 521 1503 τιμῶσιν,
551 1436 793 1506 Παρυενε
824 1438 1125 1509 Θεὸνυμφε.

249 1615 396 1681 Νοῦς
445 1618 695 1690 ἐννοῆσαι
738 1621 799 1673 τὸ
856 1622 997 1692 μέγα
1043 1624 1239 1693 ἀπορεί
1297 1624 1391 1677 τοῦ
1461 1625 1553 1679 σοῦ
1599 1626 1755 1680 τόκου

185 1713 483 1780 μυστήριον
504 1728 519 1741 ο
550 1712 683 1763 Θεὸν
713 1712 821 1784 γάρ
853 1713 1090 1782 ἐκύησας
1112 1714 1397 1784 ἄνθρωπον
1429 1715 1717 1786 γενόμενον
1738 1758 1752 1782 ,

193 1798 564 1872 Ἀειπάροενε,
595 1804 686 1856 τὸν
717 1806 1090 1877 ἀπερινόητον.

244 1978 667 2049 Μητροπρεπῶς
720 1980 812 2033 τὸν
862 1983 1079 2037 πάντων
1118 1984 1435 2056 άπεκύησας
1470 1988 1744 2058 κτίστην,

175 2075 268 2123 καὶ
303 2073 362 2123 ἐν
393 2073 581 2143 χερσὶν
612 2074 940 2138 ἐϐάστασας,
975 2077 1293 2145 χερουϐικὸς
1323 2080 1397 2142 ὡς
1420 2078 1625 2148 θρόνος,
1658 2083 1745 2135 τὸν

176 2168 405 2231 συνοχὲα
442 2164 533 2217 τοῦ
568 2168 788 2228 παντὸς,
830 2168 1196 2238 άπειρόγαμε.

251 2256 311 2306 Ὀ
349 2255 645 2323 παράδοξος
682 2256 839 2319 τόκος
870 2274 962 2309 σου
990 2260 1087 2321 τὰς
1118 2259 1355 2324 διανοίας
1383 2261 1538 2332 ἡμῶν
1571 2280 1744 2316 κατα-

173 2347 418 2414 πλήττει,
456 2349 594 2417 μόνη
631 2350 993 2420 εὐλογημένη.
1030 2351 1159 2413 Θεὸς
1196 2353 1303 2423 γὰρ
1332 2355 1394 2406 ὲκ
1422 2355 1514 2408 σοῦ
1559 2357 1743 2426 σάρέα

173 2439 579 2511 προίσμλαϐεν,
617 2442 751 2513 ὅπερ
773 2439 839 2513 ἦν
860 2424 1162 2514 διαμείνας,
1193 2446 1442 2514 Θεοτόκε,
1478 2424 1742 2519 ἄτρεπτος

170 2536 230 2603 τῇ
260 2533 425 2600 φύσει
507 2534 566 2587 ὃν
596 2535 985 2606 ὑπερυψοῦμεν
1011 2539 1090 2602 είς
1121 2539 1330 2603 πάντας
1357 2543 1483 2604 τοὺς
1516 2544 1737 2605 αἰῶνας.

233 2715 353 2777 ¹θῶς
382 2718 413 2785 ὴ
445 2716 674 2768 τεκοῦσα
706 2718 931 2788 ἄχρονον
950 2759 965 2784 ,
992 2720 1053 2771 τὸ
1082 2720 1369 2790 ὲκλάμψαν
1402 2724 1467 2775 ὲκ
1497 2724 1738 2793 Πατρὶς,

169 2806 398 2873 eorum
433 2826 558 2877 μου,
603 2810 775 2879 Κόρη,
825 2812 923 2881 τὴν
957 2811 1152 2883 ψυχὴν,
1192 2815 1292 2867 καὶ
1330 2814 1421 2866 τὸν
1460 2815 1603 2879 νοῦν,
1634 2834 1735 2885 μα-

166 2901 299 2969 κρὰν
332 2901 431 2954 ἀπ’
474 2900 609 2969 ὲμοῦ
654 2902 988 2956 έκδιώκουσα
1022 2906 1081 2957 τὸ
1128 2906 1318 2968 σκότος
1360 2906 1468 2959 τῶν
1517 2908 1735 2971 παθῶν,

167 2992 248 3044 ῖνα
302 3010 359 3044 σε
396 2995 720 3065 μακαρίζω,
767 2996 867 3065 τὴν
909 2996 1341 3068 ἀειμακάριστον
1380 2999 1489 3052 τῶν
1531 3001 1737 3053 πιστῶν

167 3083 370 3137 ἐλπίδα.

177 3176 263 3229 Ἐκ
296 3178 407 3232 τοῦ
443 3180 712 3247 Κανόνας
746 3182 833 3245 εἰς
868 3180 977 3234 τὸν
1021 3181 1197 3234 ὅσιον
1228 3179 1543 3248 Κλήμεντα
1600 3183 1735 3235 Ῥώ-

701 3268 849 3320 μης,
880 3253 1071 3319 ἡμέρᾳ
1098 3250 1195 3309 κδ’.

242 3358 526 3426 Ἀγίασον,
561 3359 859 3425 Δέσποινα,
894 3362 993 3432 τὴν
1024 3364 1285 3433 ταπεινήν
1319 3380 1421 3431 μου
1454 3363 1691 3417 διάνοιαν
1713 3404 1728 3426 ,

167 3450 193 3517 ἡ
243 3451 330 3502 τὸν
363 3451 693 3521 ὑπερούσιον
741 3452 913 3519 Λόγον
961 3453 1231 3523 κυήσασα,
1271 3455 1366 3507 καὶ
1417 3456 1732 3527 ὑπάρχουσα

164 3542 344 3595 πατῶν
370 3544 649 3613 ἀγιωτέρα
672 3544 780 3596 τῶν
802 3546 915 3598 ἀνω
935 3546 1241 3616 δυνάμεων,
1269 3546 1650 3619 θεοχαρίτωτε.

233 3729 537 3801 Κυριοτόκε
559 3770 575 3795 ,
605 3733 637 3800 ἡ
681 3729 813 3783 Θεὸν
845 3731 1172 3803 άπορῤήτως
1203 3733 1454 3802 κυήσασα
1488 3734 1577 3786 τὸν
1611 3735 1725 3789 Σω-

164 3819 291 3888 τῆρα
327 3820 428 3873 τοῦ
464 3822 686 3885 παντὸς,
728 3821 887 3875 αὐτὸν
916 3822 1153 3875 δυσώπει
1188 3823 1425 3894 σωθῆναί
1463 3842 1530 3893 με
1560 3826 1727 3879 πάθε-

166 3924 239 3961 σιν
263 3911 527 3963 ὲκάστοτε
558 3912 1069 3982 περιαντλούμενον.

240 4003 632 4068 Ἀναπλάττεις
680 4006 1055 4077 συντριϐεῖσαν
1104 4005 1200 4059 καὶ
1232 4007 1405 4078 φθορᾷ
1442 4009 1727 4078 ὑποκύψα-

164 4111 253 4147 σαν
279 4098 377 4167 τὴν
431 4096 680 4170 βροτείαν
722 4098 916 4167 φύσιν,
970 4098 1241 4169 ἁχραντε,
1293 4100 1425 4153 Θεὸν
1466 4101 1728 4171 curua-ub.

165 4203 313 4250 σασα,
344 4189 442 4240 καὶ
468 4188 609 4259 ὑπὲρ
629 4188 788 4256 φύσιν
816 4188 1072 4254 τεκοῦσα,
1096 4190 1437 4260 ἀπειρόγαμε
1460 4208 1472 4220 ·
1498 4185 1541 4259 ᾧ
1560 4209 1728 4262 κραυ-

163 4281 414 4355 γὰξομεν·
449 4282 609 4348 Δόξα,
639 4283 862 4354 Χριστὲ,
894 4285 961 4353 τῇ
991 4283 1214 4353 δυνάμει
1245 4300 1361 4338 σου.

229 4476 336 4547 Τὴν
384 4474 561 4547 ἁγνὴν
613 4473 895 4544 ἁγνεύοντι
946 4474 1265 4545 τιμήσωμεν
1308 4473 1421 4539 νοῒ,
1468 4474 1727 4546 καλλονὴν

1867 892 2050 945 nebris
2096 896 2465 965 corruptionis
2520 902 2909 965 Versabantur,
2952 906 3204 960 viderunt
3250 910 3431 964 lumen

1864 981 2005 1049 quod
2035 988 2337 1041 coruscmit
2363 1004 2424 1042 ex
2448 998 2599 1044 utero
2627 1003 2741 1058 tuo,
2772 1009 2805 1045 o
2842 995 3063 1050 lhnnina
3086 1003 3429 1055 sanctissima

1863 1074 2059 1141 puella,
2096 1090 2257 1130 causa
2291 1082 2649 1149 reparationis
2681 1098 2902 1141 nostrae.

1868 1159 1871 1165 ’
1934 1163 1983 1219 ls
2016 1168 2108 1236 qui
2142 1168 2437 1226 Paternum
2482 1174 2664 1229 sinum
2706 1194 2812 1232 non
2853 1180 3143 1249 reliquerat
3194 1201 3428 1245 vacuum

1863 1256 1915 1309 in
1948 1274 2046 1312 sua
2082 1261 2485 1332 incarnatione,
2523 1267 2576 1321 in
2611 1270 2731 1324 sinu
2764 1281 2856 1325 tuo
2872 1275 3026 1330 visus
3055 1284 3158 1343 est,
3190 1294 3222 1332 ο
3247 1281 3428 1349 puris-

1861 1351 2020 1412 sima,
2068 1362 2309 1409 arctatus
2360 1365 2614 1428 tanquam
2658 1360 2869 1425 infans,
2920 1382 3081 1435 quem
3130 1351 3423 1439 protritium

1860 1443 2023 1497 redde
2057 1445 2142 1509 iis,
2190 1448 2283 1517 qui
2335 1459 2383 1502 te
2426 1453 2675 1522 religiose
2719 1456 3027 1523 honorant,
3063 1476 3095 1513 o
3135 1460 3299 1529 Virgo
3332 1462 3421 1517 Dei

1859 1550 2076 1601 sponsa.

1931 1627 2147 1683 llaesitat
2201 1648 2355 1687 mens
2413 1638 2719 1707 recogitans
2783 1656 3041 1717 magnum
3097 1654 3286 1714 partus
3345 1652 3421 1703 tui

1856 1724 2195 1790 mysterium,
2217 1742 2248 1775 o
2280 1724 2441 1797 Virgo
2470 1748 2481 1782 :
2504 1729 2666 1784 Deum
2692 1734 2835 1787 enim
2862 1736 3113 1804 peperisti
3145 1738 3419 1796 hominem

1855 1810 2095 1875 factum,
2153 1832 2312 1885 quem
2376 1822 2521 1875 nulla
2591 1839 2742 1878 mens
2800 1829 3134 1896 cogitatione
3204 1836 3421 1903 assequi

1782 1886 1825 1946 Β
1858 1917 2048 1974 potest.

1919 2001 2169 2055 Omnium
2205 2001 2515 2060 Creatorem
2563 2012 2838 2079 peperisti,
2883 2023 2940 2067 ut
2983 2016 3204 2072 Matrem
3261 2019 3418 2074 talem

1845 2085 2100 2153 decebat;
2133 2100 2185 2143 et
2211 2092 2354 2147 velut
2380 2094 2608 2152 thronus
2641 2100 2993 2168 cherubicus,
3027 2108 3258 2175 portasti
3292 2127 3417 2164 eum

1846 2192 1937 2244 qm
1971 2190 2207 2234 continet
2238 2198 2301 2237 ac
2330 2194 2510 2254 portat
2540 2190 2875 2257 universum,
2909 2209 2942 2247 0
2974 2194 3226 2265 innupta.

1916 2270 2284 2329 Admirandus
2310 2287 2500 2345 partus
2530 2291 2675 2345 tuus,
2710 2297 2743 2335 ο
2772 2276 2886 2338 sola
2923 2286 3227 2354 benedicta,
3261 2305 3417 2345 mene

1846 2370 1926 2414 tes
1980 2375 2197 2420 nostras
2254 2378 2478 2438 stupore
2530 2374 2773 2441 percellit
2815 2393 2828 2429 :
2864 2375 3003 2433 Deus
3058 2381 3199 2434 enim
3250 2397 3312 2436 ex
3367 2392 3419 2437 te

1843 2468 2063 2507 carnem
2104 2460 2386 2526 suscepit,
2444 2476 2475 2512 ο
2509 2460 2733 2530 Deipara
2758 2504 2772 2527 ,
2815 2481 3137 2534 permanens
3172 2471 3223 2525 id
3270 2477 3416 2543 quod

1841 2557 1977 2607 erat,
2019 2547 2375 2606 immutabilis
2420 2563 2611 2606 natura
2666 2573 2677 2607 :
2730 2573 2887 2625 quem
2940 2563 3413 2629 superexaltamus

1843 2635 1895 2688 in
1930 2637 2115 2688 omnia
2150 2640 2373 2692 saecula.
2826 2651 2844 2658 “

1907 2726 1949 2780 Ο
1984 2730 2157 2797 puella
2188 2748 2309 2799 quae
2336 2732 2507 2787 lucem
2538 2724 2795 2791 mternam
2835 2755 2897 2792 ex
2934 2739 3087 2795 Patre
3117 2758 3413 2799 coruscan-

1840 2826 1943 2869 tetn
1981 2822 2261 2889 peperisti,
2296 2823 2541 2878 illumiua
2573 2828 2810 2881 animam
2845 2845 2907 2883 ac
2941 2842 3174 2886 mentem
3210 2850 3410 2894 meam.

1838 2922 1870 2959 ο
1894 2906 2077 2978 Virgo,
2121 2911 2284 2984 226
2317 2915 2473 2985 longe
2511 2917 2778 2985 repellens
2818 2935 2845 2972 a
2888 2937 2970 2974 mc
3007 2925 3257 2980 tenebras
3294 2943 3415 2995 pas-

1836 2999 2073 3063 sionum,
2109 3013 2164 3056 ut
2190 3006 2488 3059 beatilicetn
2515 3017 2588 3071 te,
2622 3025 2833 3078 semper
2863 3012 3232 3069 beatissimam
3257 3035 3408 3087 spem

1840 3094 2101 3152 ﬁdelium.

1910 3182 1991 3235 Ex
2017 3202 2214 3238 canone
2236 3188 2284 3239 in
2320 3188 2449 3256 [mlo
2472 3188 2529 3244 S.
2560 3190 2839 3245 Clementis
2870 3192 3112 3259 Romani,
3140 3198 3223 3250 die
3241 3198 3333 3252 24.

1904 3373 2228 3437 Sanctilica,
2288 3373 2514 3429 Domina
2547 3417 2559 3440 ,
2610 3379 2860 3431 miseram
2909 3389 3143 3434 mentem
3200 3398 3410 3448 meam,

1833 3479 1952 3532 quae
2011 3468 2539 3535 supersubstantiale
2595 3469 2830 3524 Verbum
2865 3475 3135 3540 genuisti,
3186 3485 3241 3529 et
3286 3481 3410 3528 uni-

1833 3558 2007 3611 versis
2059 3560 2314 3627 supernis
2375 3563 2735 3629 potestatibus
2783 3568 3019 3618 sanctior
3067 3582 3161 3632 es,
3218 3582 3251 3621 ο
3301 3566 3413 3621 Deo

1832 3650 2177 3705 charissima.

1901 3741 1944 3795 Ο
1986 3740 2350 3808 Dominipara,
2385 3759 2506 3813 quae
2554 3744 2721 3797 Deum
2772 3746 3117 3801 iuelTabtliter
3147 3751 3404 3818 genuisri.

1830 3836 2069 3889 universi
2110 3836 2468 3901 Salvatorem,
2515 3841 2763 3891 eumdem
2824 3841 3115 3905 deprecare
3151 3852 3207 3893 ut
3239 3841 3409 3895 salvet

1831 3943 1916 3981 me
1943 3927 2162 3981 assidue
2192 3928 2535 3995 passionibus
2566 3931 2982 3985 eireunnlatmu.

1901 4019 2238 4074 Restaurasti
2304 4019 2592 4072 humanam
2659 4033 2907 4072 naturam
3000 4022 3289 4076 contritam
3354 4030 3408 4075 et

1830 4112 2163 4179 corruptioni
2207 4110 2529 4179 subiectam,
2566 4127 2598 4163 ο
2648 4112 2901 4165 inviolata
2941 4126 3101 4181 atque
3138 4113 3360 4182 innupta
3386 4155 3402 4175 ,

1828 4206 1955 4257 dum
2008 4205 2175 4258 Deum
2219 4206 2561 4273 corporasti,
2620 4220 2681 4258 ac
2722 4220 2884 4274 supra
2929 4216 3135 4258 natura:
3182 4206 3402 4258 modum

1829 4301 2133 4368 peperisti:
2192 4301 2255 4351 a;|
2292 4315 2453 4368 quem
2508 4300 2814 4353 clamamus
2863 4318 2874 4352 :
2927 4298 3132 4362 Gloria,
3166 4299 3404 4367 Christe,

1828 4396 2081 4461 putentia:
2109 4404 2233 4444 tua).

1899 4483 2114 4539 Castam
2146 4496 2295 4538 casta
2323 4493 2501 4553 mente
2525 4485 2864 4540 honoremus
2892 4503 2905 4539 :
2935 4486 3398 4555 pulchritudinem

165 4570 251 4624 τοῦ
310 4570 512 4626 Ἰακὼϐ
570 4573 692 4633 ταῖς
756 4568 961 4632 ἐνθέοις
1020 4567 1251 4639 πράξεσι
1305 4566 1723 4638 καλλυνόμενοι,

1834 4575 1993 4630 Jacob
2040 4576 2237 4630 divinis
2270 4576 2575 4631 actionibus
2619 4577 2943 4632 decorantes
2986 4579 3237 4648 religiose
3283 4579 3404 4633 lau-

165 4662 391 4726 εὺσεϐὦς
422 4663 758 4733 ὑμνήσωμεν
789 4662 864 4725 ὡς
896 4663 1124 4734 Μητέρα
1152 4662 1247 4715 τοῦ
1277 4661 1411 4713 Θεοῦ
1441 4661 1618 4732 ὴμῶν.

228 4758 526 4827 Μεμύηται
566 4756 795 4820 Ἦσαῒας
826 4756 887 4808 τὸ
927 4755 1088 4826 βάθος
1130 4756 1224 4809 τοῦ
1254 4755 1413 4809 τόκου
1460 4772 1551 4807 σου
1574 4796 1589 4819 ,
1631 4755 1726 4808 καὶ

171 4849 431 4919 παρθένον
481 4851 543 4903 ὲν
586 4850 783 4918 γαστρί
828 4865 923 4901 σου
959 4847 1223 4919 ἐκήρυξεν
1269 4849 1493 4919 ἔχουσαν
1532 4849 1622 4900 τὸν
1659 4847 1724 4900 δι’

168 4942 563 5013 ιὺσπλαγχνίαν
593 4942 943 5013 σαρκωθέντα
972 4943 1037 4994 ὲκ
1074 4941 1189 5006 σοῦ,
1220 4942 1583 5013 ἀπειρόγαμε.

242 5128 296 5182 ὐ
341 5131 456 5191 τοῖς
514 5130 647 5182 πᾶσι
696 5127 1068 5199 παρεχόμενος
1109 5125 1406 5197 βουλήματι
1445 5128 1507 5180 τὸ
1550 5123 1723 5194 εἶναι,

171 5221 418 5290 πάναγνε,
454 5224 521 5274 ὲκ
565 5221 660 5275 σοῦ
688 5223 862 5292 ἀρχὴν
901 5222 1160 5292 χρονικὴν
1225 5220 1489 5289 λαμϐάνει
1520 5221 1612 5273 καὶ
1641 5221 1725 5271 τί-

171 5333 361 5384 κτεται,
384 5317 532 5370 λύων
562 5317 630 5369 τὰ
650 5318 841 5386 χρόνια
876 5315 1295 5386 παραπτώματα
1324 5315 1423 5385 τῆς
1463 5330 1724 5384 συμπτω-

170 5412 361 5482 6είσης,
397 5415 658 5484 ἄχραντε,
697 5411 807 5463 τῶν
838 5409 1042 5481 βροτῶν
1078 5410 1309 5481 ῥευστῆς
1338 5409 1546 5469 οὐσίας.

233 5505 293 5555 Ὢ
326 5502 559 5574 φρικτοῦ
591 5505 681 5556 καὶ
705 5504 944 5574 ἀρρήτου
972 5502 1258 5571 θεάματοςῑ
1290 5503 1348 5552 ὲν
1372 5501 1568 5570 γαστρὶ
1597 5516 1725 5551 κατ-

170 5598 295 5647 οικεῖ
329 5597 357 5647 ό
384 5596 691 5665 ἀχώρητος,
729 5596 822 5649 καὶ
855 5594 992 5667 σὰρξ
1052 5593 1335 5665 ἀτρέπτως
1364 5593 1592 5661 γίνεται,
1632 5594 1726 5643 καὶ

172 5687 273 5741 θεοῖ
317 5707 381 5759 με
430 5690 501 5743 δι’
534 5686 748 5756 οἶκτον,
796 5690 893 5743 καὶ
938 5691 1037 5760 τὴν
1086 5686 1354 5743 τεκοῦσαν
1397 5686 1533 5759 μετὰ
1568 5685 1725 5738 τόκον

175 5785 411 5851 φυλάττει
448 5783 800 5853 ἀγνέύουσαν.

1829 4671 2052 4732 demus,
2092 4678 2351 4739 tanquam
2389 4668 2484 4723 Dei
2517 4670 2690 4724 nostri
2730 4670 2978 4724 Matrem.

1901 4762 2147 4815 lnitiatus
2194 4772 2278 4816 cst
2329 4762 2495 4817 Isaias
2544 4763 2829 4832 profundis
2882 4764 3155 4834 mysteriis
3213 4773 3403 4833 partus

1831 4856 1932 4919 tui,
1982 4864 2034 4908 et
2064 4855 2375 4923 prtedicavit
2403 4864 2454 4909 te
2491 4856 2775 4925 virginem,
2817 4872 2936 4924 qua:
2969 4857 3018 4907 iu
3050 4866 3205 4909 utero
3245 4857 3402 4907 hahi-

1832 4957 1953 5000 tura
1988 4962 2109 4999 eras
2141 4962 2265 5000 eum
2294 4949 2385 5016 qui
2418 4958 2642 5016 propter
2683 4964 2835 5001 suam
2870 4948 3303 5001 misericordiam
3336 4963 3401 5001 ex

1832 5050 1883 5092 te
1919 5038 2231 5091 incarnatus
2260 5047 2363 5104 est,
2400 5054 2431 5090 ο
2464 5038 2642 5092 nescia
2673 5039 2795 5092 τίτί.

1902 5132 1995 5183 Ille
2035 5130 2126 5199 qui
2154 5130 2412 5184 omnibus
2453 5131 2671 5184 decreto
2714 5146 2810 5183 suo
2836 5130 3036 5199 przebet
3062 5144 3204 5193 (ξε-ο,
3228 5144 3293 5183 ex
3328 5141 3398 5193 te,

1828 5238 1861 5277 ο
1898 5231 2003 5276 tota
2035 5231 2181 5276 casta
2215 5232 2377 5290 atque
2426 5221 2701 5281 inviolata,
2736 5220 3065 5289 principium
3107 5221 3401 5288 temporale

1830 5315 2068 5382 suscepit
2133 5328 2196 5366 ac
2259 5321 2419 5365 natus
2473 5322 2588 5373 est,
2636 5314 2863 5379 expiatis
2921 5311 3114 5364 dclirta
3193 5322 3398 5365 natoru-

1832 5408 2111 5460 hominum
2144 5405 2322 5465 ﬂuxa},
2352 5420 2470 5472 qum
2500 5414 2801 5457 corruerat.

1901 5497 1945 5551 Ο
2002 5498 2369 5565 sportaculum
2431 5495 2831 5548 formidandum
2878 5505 3043 5562 atque
3099 5492 3401 5546 ineﬂ'ahile!

1829 5593 1887 5643 ln
1929 5602 2114 5643 ventre
2150 5589 2355 5641 habitat
2402 5587 2467 5649 is,
2519 5602 2679 5654 quem
2718 5585 2849 5638 nihil
2881 5600 3074 5653 capere
3106 5592 3317 5652 potest,
3350 5597 3402 5635 et

1830 5686 1947 5738 sine
1996 5684 2101 5735 ulla
2150 5680 2453 5733 mutatione
2489 5682 2545 5731 lit
2598 5692 2762 5742 caro;
2812 5690 3006 5743 meque
3053 5690 3149 5727 sua
3188 5673 3402 5726 deilicat

1829 5774 2246 5837 llliSQl'lHll'tiltl;
2306 5782 2360 5826 et
2425 5770 2751 5826 Geuitrieem
2812 5784 2965 5823 suam
3020 5775 3140 5837 post
3188 5774 3401 5835 partum

1835 5876 2038 5920 ("astant
2072 5873 2375 5917 conservat.
