4180 6450
739 404 867 468 1251

1864 401 1925 458 S.
1966 395 2279 458 JOSEl’lll
2323 391 2881 453 IlYMNOGRAl‘III

3834 387 3976 452 1252

806 520 933 573 Fers
994 518 1047 571 in
1106 519 1248 573 ulnis
1291 518 1488 582 Deum,
1540 531 1573 571 ο
1618 514 2003 576 sanctissima,
2043 521 2300 581 tanquam

2476 510 2667 577 Φέρεις
2693 508 2752 559 ἐν
2786 506 3052 575 ἀγκάλαις
3095 503 3187 557 τὸν
3214 503 3367 567 Θεὸν,
3405 502 3481 563 ὡς
3543 502 3791 573 πύρινος,
3835 521 3981 556 παν-

731 621 963 665 tnronus
995 612 1184 682 igneus
1227 610 1545 675 inviolatus,
1590 608 1681 678 qui
1730 607 2021 661 humanam
2062 607 2301 674 suscepit

2422 604 2553 670 ιγία,
2586 601 2771 671 Ορὸνος
2791 602 3077 669 ἄχραντος,
3102 597 3264 666 φύσιν
3291 596 3542 667 βροτείαν
3571 595 3853 666 εἰληφότα,
3884 598 3984 649 καὶ

731 717 1005 768 naturam,
1054 713 1107 756 et
1137 705 1296 773 227
1340 704 1543 757 unione
1575 701 1832 755 incﬂ'abili
1880 702 1948 755 ob
1980 700 2301 753 immensam

2422 695 2607 763 ταύτης
2661 691 3052 762 συμπλακέντα
3098 689 3221 743 καθ’
3266 689 3463 742 ἕνωσιν
3508 688 3858 759 ἀπόρρητον,
3911 688 3983 739 δι’

732 796 1161 850 tuisericordiam
1194 810 1348 849 suam
1374 795 1549 848 eidem
1588 792 1874 863 copulatus
1898 803 1980 848 est
2001 809 2014 857 ;
2035 791 2303 863 quamob-

732 904 845 943 rem
878 902 1069 941 omnes
1108 897 1159 941 te
1187 887 1619 958 magniﬁcamus.

806 1000 886 1056 Ex
915 1019 1109 1056 unione
1132 1003 1183 1055 in
1211 1003 1344 1072 [esto
1372 1003 1433 1057 S.
1460 1001 1712 1055 Mercurii
1742 1000 2012 1069 martyris,
2037 999 2119 1051 die
2140 998 2231 1052 2⁵5.

808 1186 847 1238 Ε
872 1184 1081 1252 virgine
1117 1185 1298 1252 puclla
1327 1184 1643 1237 incarnatus
1668 1182 1816 1236 visus
1840 1191 1944 1246 est,
1971 1180 2062 1250 qui
2090 1189 2309 1249 propter

734 1294 832 1329 nos
866 1276 1032 1329 homo
1088 1277 1287 1331 similis
1336 1276 1492 1330 nobis
1537 1277 1714 1329 factus
1742 1283 1856 1338 est,
1889 1280 1942 1327 et
1970 1273 2305 1327 Mercurium

732 1385 959 1423 suarum
994 1368 1314 1437 passionum
1347 1376 1574 1430 testem,
1620 1367 1879 1419 athletam
1910 1381 2067 1419 sumn
2100 1364 2306 1428 eﬂeeit,

2404 783 2585 840 οἶκτον
2607 785 2914 856 ἀμέτρητον
2942 799 2956 812 ⁸
2985 782 3108 838 ὅθεν
3134 800 3193 837 σε
3226 783 3430 846 πάντες
3459 779 3859 852 μεγαλύνομεν.

2419 999 2519 1052 Ἐκ
2556 996 2662 1051 τοῦ
2703 997 2972 1060 Ιιανὶινος
3016 993 3104 1058 εἰς
3146 991 3255 1044 τὸν
3285 991 3456 1060 ἅγιον
3478 987 3985 1059 μεταλομὰρτυρα

2824 1066 3211 1134 Μερκούριον,
3238 1063 3427 1131 ἡμέρᾳ
3457 1068 3556 1114 κε’.

2479 1182 2665 1254 Κόρης
2706 1178 2979 1251 παρθένου
3026 1178 3216 1250 ὼράοη
3254 1175 3624 1247 σαρκούμενος
3655 1191 3684 1228 ο
3722 1193 3772 1228 υι
3835 1176 3988 1246 ἡμᾶς

2409 1275 2532 1329 καθ’
2563 1276 2710 1345 ἡμᾶς
2729 1274 3014 1345 ἄνθρωπος
3043 1272 3357 1342 γενόμενος,
3388 1270 3481 1322 καὶ
3517 1268 3771 1340 μάρτυρα
3794 1268 3989 1319 πιστὸν

2410 1368 2598 1421 παθῶν
2668 1366 2888 1420 οἰκείων
2943 1365 3179 1419 δείκνυσι
3238 1362 3583 1435 Μερκούριον
3654 1361 3988 1430 γενόμενον,

734 1463 897 1515 enixe
949 1462 1050 1514 sibi
1105 1462 1479 1514 conciucutcm
1518 1478 1531 1513 :
1571 1460 1864 1514 Cantemus
1897 1458 2149 1525 Domino,
2191 1458 2308 1529 glo-

2422 1460 2575 1514 ιύτοῦ
2615 1460 2705 1513 τὸν
2746 1459 3007 1529 ἀθλητὴν,
3052 1457 3203 1527 αὐτῷ
3244 1456 3525 1525 συντόμως
3557 1454 3861 1524 ψάλλοντα·
3896 1451 3990 1522 Τῷ

736 1555 877 1605 riuse
910 1570 1053 1606 enim
1098 1553 1490 1607 houoriticatus
1521 1566 1624 1607 est.

807 1640 875 1695 Ut
929 1644 1340 1712 conceptionem
1397 1654 1581 1705 tuam,
1637 1659 1757 1712 qua:
1804 1657 2022 1695 omnem
2074 1653 2308 1696 mentem

732 1734 939 1785 excedit
966 1774 979 1798 ,
1022 1736 1190 1786 rubus
1224 1732 1626 1802 praeliguraret,
1658 1750 1689 1783 υ
1727 1742 1898 1794 casta,
1943 1734 2192 1802 apparuit
2220 1748 2310 1785 ar-

735 1829 870 1877 dens
900 1826 951 1876 in
986 1825 1129 1893 igne,
1166 1840 1262 1878 nec
1294 1835 1473 1879 tamen
1507 1825 1955 1878 comburebatur.

807 1915 863 1967 lr.
914 1925 962 1967 te
1015 1914 1359 1970 salutiferum
1416 1914 1650 1969 Verbum
1706 1916 2014 1980 descendit,
2060 1930 2092 1968 ο
2142 1912 2307 1985 Virgo

736 2007 994 2073 perennis
1015 2046 1028 2069 ,
1058 2015 1319 2076 tanquam
1359 2008 1553 2072 imber,
1608 2009 1700 2078 qui
1734 2008 2069 2063 inﬁdelitatis
2100 2009 2311 2078 pluvias

736 2108 1056 2151 CXSlCCilVIl.

812 2190 1084 2254 lnterime,
1140 2206 1172 2243 ο
1215 2188 1398 2259 Virgo,
1442 2194 1623 2245 vivum
1666 2200 1951 2261 peccatum
1998 2207 2203 2255 meum,
2256 2201 2311 2245 tu

737 2300 860 2354 qua:
890 2284 1054 2336 vitam
1084 2286 1365 2353 peperisti,
1400 2302 1521 2353 qua:
1552 2287 1711 2339 morti
1748 2286 1970 2339 tradidit
2000 2297 2250 2339 mortem.

817 2377 1146 2443 Concepisti,
1193 2390 1225 2427 o
1275 2376 1487 2443 puella,
1520 2393 1619 2445 per
1670 2393 1856 2432 vocem
1893 2378 2103 2447 angeli,
2136 2378 2313 2447 magni

739 2467 957 2519 C'msilii
1000 2466 1288 2534 Angelum,
1359 2478 1411 2520 et
1441 2485 1504 2521 ex
1545 2471 1652 2523 tuis
1688 2471 2054 2523 sanctissimis
2093 2470 2316 2539 sangui-

743 2561 906 2611 nibus
940 2560 1281 2610 iurmuatuut
1316 2561 1599 2628 peperisti,
1632 2577 1664 2615 ο
1694 2562 2010 2630 purissima,
2049 2562 2197 2614 illum
2223 2561 2315 2630 qui

744 2653 863 2703 vitse
896 2651 1076 2703 aditus
1127 2651 1399 2705 universis
1445 2653 1683 2706 ostendit
1732 2664 1954 2723 pr0pter
1988 2652 2316 2707 iueti‘abilcm

743 2744 1177 2796 miscricordiam
1209 2759 1386 2795 suam.

814 2836 1145 2901 Attgclorulu
1205 2835 1428 2887 ordines
1486 2844 1710 2904 stupore
1760 2835 2008 2904 percellit
2073 2836 2316 2905 mysterii

743 2927 819 2980 tui
852 2926 1217 2995 profunditas,
1248 2940 1281 2978 ο
1316 2924 1546 2994 Βιιίικηό
1575 2944 1586 2980 :
1622 2925 1764 2981 Deus
1797 2930 1940 2981 enim
1969 2944 2035 2981 ex
2068 2940 2117 2982 te
2142 2929 2320 2982 incar-

742 3033 905 3073 natus
952 3018 1223 3088 apparuit,
1284 3020 1372 3072 eui
1423 3019 1769 3093 concinituus
1810 3037 1823 3074 :
1875 3019 2201 3074 Benedictus
2236 3035 2317 3085 cs,

741 3113 968 3168 Domine
1008 3106 1175 3166 Deus.

810 3205 920 3261 Nos
959 3220 1151 3260 omnes
1188 3204 1375 3259 ﬁdeles
1409 3213 1459 3258 te
1492 3212 1751 3272 tanquam
1816 3204 2180 3273 reparationis
2227 3219 2323 3257 no-

745 3310 871 3355 stne
924 3314 1148 3354 causam
1198 3297 1515 3359 laudamus,
1555 3310 1587 3348 0
1617 3296 1873 3350 inviolata
1919 3319 1932 3349 :
1981 3295 2144 3349 Deum
2179 3296 2321 3349 enim

742 3393 988 3446 omnium
1045 3406 1226 3445 rerum
1265 3404 1486 3445 causam
1538 3403 1705 3459 supra
1757 3404 1979 3444 causam
2032 3386 2320 3457 peperisti,

741 3485 835 3554 qui
878 3483 1171 3553 imaginem
1203 3497 1358 3536 suam
1388 3480 1592 3534 malitia
1618 3482 1933 3543 contritam,
1968 3478 2190 3550 propria
2223 3479 2324 3532 mi-

742 3571 1039 3625 sericordia
1075 3568 1504 3639 redintegravit,
1536 3584 1568 3621 ο
1620 3570 1736 3623 sola
1788 3568 2240 3638 superbenedieta
2269 3575 2323 3622 et

749 3663 923 3732 gratia
957 3663 1139 3729 plena.

821 3754 1095 3818 lllumiua,
1132 3770 1165 3809 ο
1209 3764 1362 3825 porta
1408 3756 1567 3819 lucis,
1607 3754 1849 3808 animam
1890 3767 2067 3806 meam
2111 3750 2322 3820 passio-

745 3865 876 3903 num
924 3850 1155 3916 caligiue
1198 3860 1528 3905 excaacatam
1556 3891 1569 3915 ,
1610 3848 1900 3917 pravisque
1973 3843 2321 3912 cogitationi-

746 3943 848 3995 bus
879 3941 1253 4007 obscuratam,
1283 3951 1446 4009 atque
1484 3942 1534 3994 iu
1572 3939 1889 3993 discrimine
1920 3936 2176 4006 positam,
2209 3945 2258 3990 et
2291 3950 2321 3989 a

747 4032 1179 4097 tcutationibus,
1236 4033 1495 4101 periculis
1553 4031 1719 4100 228
1765 4045 1828 4085 ac
1873 4028 2322 4082 tribulationibus

745 4140 877 4179 erue
909 4139 996 4179 me
1016 4163 1031 4189 ,
1064 4135 1122 4178 ut
1152 4125 1446 4195 gloriﬁcent
1479 4134 1531 4177 te
1562 4138 1712 4192 spem
1750 4123 2024 4188 roburque
2054 4120 2318 4175 fidelium.

751 4261 832 4314 Ex
860 4277 1060 4315 canone
1087 4262 1143 4314 in
1175 4260 1306 4331 festo
1339 4257 1397 4314 S.
1423 4258 1489 4312 P.
1528 4257 1602 4312 N.
1638 4257 1815 4327 Alypii
1848 4258 2087 4323 Cionitw,
2115 4257 2199 4312 die
2230 4255 2322 4312 26.

823 4464 996 4519 Verba
1035 4461 1332 4517 venerandi
1378 4460 1655 4530 propheta:
1691 4460 1851 4514 ﬁnem
1886 4460 2145 4516 habuere.
2189 4458 2328 4515 Ecce

2412 1554 2600 1623 Κυρίῳ
2619 1554 2839 1624 ᾆσωμεν
2864 1570 2878 1583 ο
2906 1553 3133 1619 ἐνδόξως
3154 1553 3263 1622 γὰρ
3289 1549 3621 1614 δεδόξασται.

2485 1647 2607 1701 Ἰνα
2631 1644 2969 1718 προτυπώσῃ
2994 1661 3086 1697 σου
3110 1645 3209 1713 τὴν
3237 1644 3376 1714 ὑπὲρ
3398 1642 3543 1704 νοῦν,
3577 1640 3740 1711 ἁγνὴ,
3765 1636 3989 1709 κύησιν,

2414 1740 2571 1811 βάτος
2610 1741 2742 1811 πυρὶ
2769 1738 2929 1810 ὤφθη
2964 1737 3252 1809 καιομένη,
3287 1736 3539 1807 οὗδαμῶς
3567 1733 3901 1804 φλεγομένη.

2495 1926 2618 1981 Ἐπὶ
2656 1926 2716 1980 σὲ
2745 1928 2773 1980 ὁ
2802 1927 3068 1997 σωτήριος
3096 1925 3268 1993 Λόγος
3301 1922 3702 1993 καταϐέϐηκεν,
3734 1920 3995 1991 Ἀειπάρ·

2413 2020 2555 2082 θενε,
2586 2020 2775 2090 ὥσπερ
2802 2018 3029 2090 ὄμϐρος,
3057 2018 3153 2072 καὶ
3193 2017 3424 2089 ἐξήρανε
3465 2017 3566 2088 τῆς
3602 2014 3895 2077 πώυθεῖας
3923 2013 3997 2066 τὰ

2413 2112 2769 2183 ὀμϐρήματα.

2484 2203 2829 2264 Θανάτωσον,
2874 2200 3142 2271 Παρθένε,
3180 2199 3280 2269 τήν
3329 2197 3511 2263 ζῶσάν
3544 2214 3646 2268 μου
3692 2197 3994 2269 ἁμαρτίαν,

2415 2295 2561 2367 ζωὴν
2590 2296 2622 2365 ή
2653 2294 2906 2364 κυήσασα
2937 2294 3038 2361 τὴν
3071 2291 3464 2346 θανατώσασαν
3494 2291 3743 2346 θάνατον.

2486 2384 2786 2447 Συνὲλαϐες
2829 2386 2897 2455 τῇ
2931 2387 3084 2455 φωνῇ
3124 2380 3219 2435 τοῦ
3258 2382 3493 2451 ἀγγέλου
3538 2383 3631 2436 τὸν
3659 2380 3857 2451 βουλῆς
3896 2397 4000 2448 με-

2418 2479 2589 2547 γάλης
2624 2477 2909 2545 Ἄγγελον,
2960 2476 3137 2546 Κόρη,
3172 2476 3267 2529 καὶ
3299 2476 3363 2528 ὲκ
3403 2474 3513 2527 τῶν
3562 2474 3671 2527 σῶν
3713 2474 4002 2541 παναγίων

2417 2570 2664 2639 αἱμάτων
2718 2567 3159 2637 σεσαρκωμένον,
3220 2566 3554 2634 πανὰμωμε,
3608 2566 3836 2628 τέτοκας
3906 2564 4003 2622 τὸν

2418 2662 2669 2726 δείξαντα
2694 2662 2826 2714 πᾶσι
2853 2660 2999 2735 ξωῇς
3030 2660 3130 2723 τὰς
3157 2659 3395 2722 εἰσόδους
3415 2657 3484 2711 δι’
3513 2657 3719 2724 ἄφατον
3747 2656 3917 2719 ἕλεος.

2492 2844 2685 2912 Τάξεις
2728 2845 2978 2915 ἀγγέλων
3030 2843 3402 2915 καταπλήττει
3454 2840 3755 2913 μυστηρίου
3791 2857 3887 2894 σου
3929 2840 3999 2893 τὸ

2423 2937 2622 3009 βάθος,
2671 2937 2932 2991 Θεοτόκε’
2981 2939 3010 2990 ὁ
3040 2935 3174 2999 Θεὸς
3225 2934 3333 3007 γὰρ
3369 2937 3433 2989 ἐκ
3479 2933 3575 2986 σοῦ
3625 2933 4008 3002 σαρκούμενος

2419 3032 2633 3104 ὼράοη,
2666 3025 2710 3099 ᾧ
2740 3029 3084 3102 μελῳδοῦμεν
3108 3045 3121 3058 ⁸
3159 3027 3332 3100 Κύριε
3365 3030 3393 3081 ὁ
3416 3028 3567 3093 Θεὸς,
3601 3027 3898 3099 εὐλογητὸς
3930 3025 4007 3084 εἰ.

2508 3216 2595 3279 Ὠς
2636 3215 2736 3284 τῆς
2769 3213 2928 3284 ἡμῶν
2967 3212 3286 3283 ὑπάρχουσα
3316 3212 3694 3275 ἁναπλάσεως,
3740 3212 4009 3286 ἇχραντε,

2426 3308 2665 3371 ἅπαντες
2716 3306 2899 3360 αἰτίαν
2935 3307 2984 3358 οἰ
3034 3305 3217 3358 πιστοὶ
3259 3302 3538 3375 ύμνοῦμέν
3589 3320 3668 3357 σε.
3714 3303 3849 3356 Θεὸν
3896 3306 4012 3374 γὰρ

2426 3400 2709 3452 παναίτιον
2733 3398 2874 3468 ὑπὲρ
2900 3399 3076 3450 αἰτίαν
3096 3397 3344 3461 τέτοκας,
3377 3396 3469 3449 τὸν
3498 3395 3597 3466 τὴν
3623 3396 4012 3465 συντριϐεῖσαν

2426 3494 2483 3545 ὲν
2533 3491 2703 3560 κακίᾳ
2737 3490 2923 3544 εἰκόνα
2966 3490 3143 3561 οἰκείᾳ
3187 3489 3560 3560 εὐσπλαγχνίᾳ
3591 3490 4009 3556 ἀναπλάσαντα.

2428 3587 2563 3655 μόνη
2595 3582 3083 3653 ὑπερευλογημένη
3113 3582 3209 3636 καὶ
3239 3584 3674 3654 κεχαριτωμένη.

2493 3768 2762 3831 Φώτισον,
2821 3767 2964 3838 πύλη
3020 3766 3115 3821 τοῦ
3169 3767 3380 3837 φωτὸς,
3431 3767 3533 3840 τὴν
3583 3769 4012 3839 τυφλώττουσαν

2422 3862 2602 3933 ψυχήν
2656 3878 2758 3930 μου
2812 3862 2925 3923 τοῖς
2976 3859 3209 3925 πάθεσι,
3266 3863 3359 3914 καὶ
3415 3864 3671 3932 πονηροῖς
3726 3863 4015 3934 λογισμοῖς

2424 3952 2844 4023 ἀμαυρωθεῖσαν
2894 3953 2989 4004 καὶ
3044 3950 3495 4017 κινδυνεύουσαν,
3550 3952 3645 4005 καὶ
3705 3953 3894 4018 ἐξελοῦ
3941 3973 4011 4024 με

2426 4044 2772 4115 πειρασμῶν,
2818 4044 3080 4097 κινδύνων
3110 4046 3206 4096 καὶ
3252 4043 3510 4113 Θλίψεων,
3549 4045 3636 4098 ἴνα
3678 4046 3892 4110 δοξάζω
3925 4064 4009 4115 σε,

2423 4138 2522 4208 τὴν
2550 4137 2742 4190 ἐλπίδα
2769 4137 2879 4189 τῶν
2912 4135 3119 4189 πιστῶν
3149 4136 3245 4189 καὶ
3273 4137 3622 4207 κραταίωμα.

2439 4280 2540 4332 Ἐκ
2594 4277 2699 4332 τοῦ
2749 4276 3023 4350 Κανόνοςν
3060 4277 3147 4341 εἰς
3193 4276 3298 4329 τὸν
3335 4276 3509 4350 ὅσιον
3538 4277 3794 4350 *Πατέρα
3834 4278 4012 4350 ἡμῶν

2661 4349 2939 4401 ’Δλύπιον
2964 4348 3073 4400 τὸν
3102 4350 3403 4416 Κισνιτην,
3434 4348 3624 4418 ἡμέρᾳ
3653 4356 3768 4411 κς⁴.

2513 4460 2697 4531 Ῥῆσις
2749 4459 2949 4512 σεπτοῦ
3004 4460 3285 4529 προφήτου
3340 4460 3515 4530 πέρας
3584 4461 3841 4526 ἐδέξατο·
3898 4464 4011 4519 ἰδοὺ

751 4558 897 4610 cnim
946 4555 1107 4625 Virgo
1159 4555 1324 4609 Deum
1366 4554 1420 4607 iu
1469 4570 1632 4608 carne
1667 4554 1896 4624 peperit,
1942 4555 2035 4622 qui
2076 4553 2318 4608 homines

2428 4553 2536 4624 γὰρ
2575 4556 2609 4625 ή
2671 4552 2945 4625 Παρθένος
2988 4552 3153 4622 σαρκί¹
3193 4552 3325 4605 Θεὸν
3368 4552 3568 4621 ἐκύησε
3608 4553 3836 4623 βροτοὺς
3879 4558 4014 4610 ἀνα-

747 4650 963 4704 delictis
990 4663 1054 4702 ac
1084 4648 1320 4718 peccatis
1349 4656 1473 4701 ante
1508 4646 1778 4700 coutritos
1816 4647 2228 4716 redintegravit.

815 4830 859 4885 Ο
890 4829 1083 4900 Virgo,
1132 4828 1394 4883 mundum
1446 4829 1605 4883 Verbi
1636 4828 1923 4898 palatium,
1962 4827 2047 4883 fac
2081 4829 2319 4884 animam

748 4940 924 4977 meam
963 4924 1183 4977 domum
1227 4922 1467 4990 Spiritus
1516 4921 1690 4975 sancti
1740 4939 1753 4975 :
1808 4919 1956 4974 fonte
1992 4935 2167 4990 aquai,
2202 4937 2323 4991 qua:

746 5032 829 5073 cst
861 5018 1190 5090 principium
1214 5021 1356 5081 vitae,
1382 5028 1507 5087 pota
1533 5033 1639 5081 me,
1672 5019 1884 5085 peccati
1906 5017 2086 5072 calore
2117 5016 2324 5071 inﬂam-

748 5124 977 5177 matum,
1012 5122 1071 5165 ut
1102 5126 1201 5181 pro
1232 5111 1415 5165 debito
1450 5122 1498 5163 te
1523 5111 1841 5179 gloritieem.

818 5206 1056 5272 Medere,
1086 5205 1335 5267 Domina,
1378 5203 1728 5275 passionibus
1768 5203 1963 5256 animae
1990 5217 2143 5264 meae,
2181 5218 2325 5254 men-

750 5313 967 5367 temque
1023 5308 1078 5353 et
1112 5314 1206 5353 cor
1251 5313 1431 5351 meum
1482 5297 1753 5361 illumiua,
1788 5306 1841 5349 tu
1891 5312 2013 5365 qua:
2056 5295 2192 5350 lucis
2229 5297 2325 5349 da-

750 5406 922 5448 torem
957 5394 1237 5462 peperisti,
1268 5391 1547 5445 Christum
1578 5390 1868 5444 Dominum
1901 5390 2048 5443 omni
2085 5390 2324 5443 bonitate

748 5488 1110 5555 superiorem.

819 5579 864 5633 0
898 5579 1074 5648 puella
1113 5587 1335 5644 sancta,
1397 5576 1568 5632 Deum
1620 5583 1872 5632 sanctum
1922 5578 2215 5647 peperisti,
2258 5594 2325 5633 ex

750 5688 847 5726 sua
890 5672 1265 5727 misericordia
1310 5671 1584 5725 hominem
1616 5671 1821 5726 factum
1846 5711 1860 5734 ,
1895 5674 1985 5742 qui
2025 5672 2326 5727 sanctiﬁcat

749 5780 943 5820 oumes
975 5768 1152 5832 ipsum
1182 5779 1304 5817 cum
1340 5764 1442 5816 lide
1473 5780 1536 5817 ac
1569 5764 1761 5818 timore
1792 5764 2215 5820 sanctiﬁcantes.

816 5855 951 5923 Nos,
995 5857 1087 5926 qui
1130 5856 1181 5909 iu
1227 5857 1577 5913 tribulatione
1611 5873 1913 5923 versamur,
1949 5856 2143 5912 fortem
2191 5871 2324 5912 con-

2422 4648 2763 4709 πλάττοντα,
2812 4645 3198 4717 συντριϐέντας
3248 4644 3513 4717 πρότερον
3571 4647 3875 4717 ἁμαρτίαις
3917 4652 4015 4703 καὶ

2424 4742 2918 4811 πλημμελὴμασιν.

2495 4834 2759 4905 Παρθένε,
2773 4833 2833 4885 τὸ
2852 4832 3091 4902 καθαρὸν
3103 4831 3196 4885 τοῦ
3217 4833 3391 4903 Λόγου
3412 4833 3693 4896 παλάτιον,
3711 4834 3812 4906 τὴν
3827 4836 4017 4908 ψυχήν

2428 4943 2527 4995 μου
2555 4925 2724 4989 δεῖξον
2755 4920 2902 4977 οἰκον
2926 4924 3019 4975 τοῦ
3061 4922 3219 4990 ἁγίου
3266 4925 3584 4994 Πνεύματος
3607 4941 3623 4957 ⁶
3662 4925 3857 4990 ὓδατος
3890 4948 4017 4998 πη-

2426 5022 2527 5088 γῆς
2558 5017 2869 5088 ζωαρχικῆς
2910 5017 3127 5069 πότισόν
3155 5035 3226 5087 με
3260 5019 3325 5087 τῇ
3359 5017 3549 5071 καύσει
3591 5019 3691 5087 τῆς
3732 5020 4017 5092 ἁμαρτίας

2428 5111 2838 5181 φλογιξόμενον,
2872 5110 3019 5171 ὅπως
3052 5109 3374 5180 καταχρέως
3396 5110 3609 5175 δοξάζω
3640 5128 3721 5165 σε.

2494 5204 2573 5255 Τὰ
2606 5202 2755 5272 πάθη
2786 5202 2882 5270 τῆς
2926 5200 3106 5270 ψυχῆς
3144 5218 3245 5270 μου
3292 5201 3665 5272 Θεράπευσον,
3712 5204 3806 5258 καὶ
3866 5224 4020 5275 φωτ-

2426 5295 2714 5366 αγώγησον
2769 5294 2862 5345 τὸν
2890 5293 3014 5345 νοῦν
3042 5294 3136 5345 καὶ
3166 5294 3265 5363 τὴν
3299 5295 3527 5365 καρδίαν
3552 5312 3677 5366 μου,
3719 5298 4016 5365 Δέσποινα,

2427 5392 2459 5459 ή
2522 5388 2831 5457 φωτοδὸτην
2906 5386 3139 5440 τεκοῦσα
3203 5389 3437 5458 Χριστὸν
3496 5390 3588 5443 τὸν
3660 5392 4017 5463 ύπερὰγαθον

2429 5482 2654 5553 Κύριον.

2499 5576 2688 5641 Ἃγιον
2715 5571 2955 5643 ὲκύησας
2985 5570 3118 5625 Θεὸν
3158 5575 3449 5648 γενόμενον
3483 5577 3674 5650 βροτὸν
3712 5579 3782 5633 δι’
3803 5578 4012 5649 οἶκτον,

2429 5673 2562 5742 ἁγία
2591 5671 2765 5743 Κόρη,
2817 5671 2909 5723 τὸν
2939 5671 3345 5739 καθαγιάζοντα
3385 5673 3511 5734 τοὺς
3549 5673 3709 5726 αὐτὸν
3743 5675 3804 5727 εν
3824 5676 4015 5730 πίστει

2428 5766 2520 5816 καὶ
2550 5763 2700 5833 φόϐῳ
2732 5764 3078 5831 ἁγιάζοντας.

2516 5857 2767 5929 Ἰσχυρὰν
2811 5857 3157 5930 παράκλησιν
3192 5859 3241 5914 οἰ
3268 5853 3328 5916 ἓν
3372 5858 3547 5933 θλίψει
3587 5859 3808 5935 ἔχομεν,
3842 5862 4011 5937 ἁγνὴ,
