4180 6450
212 447 351 510 1258

1585 428 1952 489 MARIALE.
3320 418 3459 485 1254

206 564 299 612 καὶ
347 555 569 627 βεϐαίαν
592 556 794 616 πάντες
834 567 893 603 σε
930 548 1238 619 ἀντίληψιν,
1269 545 1462 616 Μῆτερ
1487 542 1645 609 Θεοῦ,
1682 559 1795 594 κιν-

1911 538 2219 596 solationem
2263 535 2544 599 habemus,
2578 528 2631 585 ct
2671 532 2919 587 stabilem
2951 530 3345 597 defensionem,
3385 546 3463 606 te,

204 651 380 702 ὀύνων
419 648 558 711 σῶζε
588 647 713 708 τοὺς
742 643 961 705 δούλους
1001 658 1120 695 σου.

309 835 353 884 0
382 831 766 903 ἁπεριόριστος
807 829 988 899 σάρκα
1034 826 1330 881 ἁνελὰὁετο
1375 823 1560 879 ἔννουν
1595 840 1654 876 τε
1697 823 1788 875 καὶ

210 922 457 992 ἔμψυχον
486 923 548 974 ὲκ
578 920 696 986 σοῦ,
742 917 1121 989 Ἀειπάροενε,
1147 915 1240 971 τοῦ
1271 916 1442 969 σῶσαι
1473 914 1591 977 τοὺς
1621 913 1787 983 βοῶν-

212 1029 336 1077 ταςο
378 1015 438 1067 '0
470 1014 622 1077 Θεὸς,
654 1011 941 1081 εὐλογητὸς
977 1005 1045 1065 εἷ.

284 1182 389 1236 Σοῦ
415 1184 444 1237 ὁ
468 1184 687 1245 τοκετὸς
717 1182 816 1253 τὴν
850 1181 1176 1251 τικτομένην
1211 1179 1415 1250 βλάϐην
1467 1178 1636 1250 κακίᾳ
1697 1177 1789 1231 τοῦ

212 1276 392 1344 ιφεως
426 1275 520 1327 νῦν
551 1274 922 1344 ἀπεστείρωσε
946 1314 960 1339 ,
1008 1274 1142 1343 μόνη
1194 1272 1437 1341 κατάρας
1483 1270 1789 1340 ἀναίρεσις,

218 1369 463 1439 ΙΙαρϐἐνε
485 1383 500 1396 ·
535 1368 658 1421 ὅθεν
683 1384 742 1420 σε
771 1367 1023 1436 τιμῶμεν
1058 1369 1136 1429 είς
1176 1367 1387 1428 πάντας
1411 1365 1536 1428 τοὺς
1567 1363 1789 1425 αἰῶνας.

290 1561 577 1630 Φωτισμόν
621 1576 715 1629 μοι
746 1558 1013 1629 ”δώρησαι
1061 1555 1135 1627 τῷ
1186 1558 1244 1608 ὲν
1300 1556 1480 1609 σκότει
1528 1556 1639 1610 ὄντι
1690 1556 1794 1610 τῶν

219 1652 414 1706 παθῶν
438 1694 452 1717 ,
492 1654 584 1705 καί
623 1652 783 1723 ῥῦσαί
822 1668 887 1720 με
915 1649 1172 1720 πονηρῶν
1210 1648 1420 1718 ἔργων,
1470 1650 1564 1702 καὶ
1602 1648 1795 1716 φλογὸς

217 1742 653 1810 ὲναποκειμένης
685 1756 774 1811 μοι
798 1740 873 1809 τῷ
895 1739 1059 1810 ἀθλίῳ
1081 1739 1176 1793 καὶ
1199 1738 1529 1810 ἁμαρτωλῷ,
1562 1738 1795 1809 ἁχραντε

218 1834 510 1890 Δέσποινα,
550 1833 851 1889 ποοστασία
876 1833 984 1885 τῶν
1021 1830 1338 1902 ὑμνοῦντων
1368 1847 1449 1885 σε.

234 2041 337 2096 Ἐιι
380 2041 485 2097 τοῦ
528 2042 796 2105 Κανόνος
847 2042 937 2106 εἰς
978 2041 1085 2096 τὸν
1137 2041 1312 2095 ὅσιον
1355 2037 1587 2107 Πατέρα
1630 2037 1801 2108 ἡμῶν

520 2114 829 2183 Στέφανον
858 2116 963 2166 τὸν
988 2112 1147 2169 νέον.
1181 2114 1365 2180 ἡμέρᾳ
1390 2115 1495 2179 κη’.

293 2227 406 2300 Τὴν
448 2229 749 2282 ἀδιόὸευτον
793 2228 1002 2297 πύλην.
1059 2230 1118 2281 τὸ
1156 2226 1398 2297 καθαρὸν
1442 2226 1539 2295 τῆς
1579 2226 1801 2294 ἁγνείας

224 2322 491 2393 τέμενος,
526 2323 625 2391 τὴν
656 2322 827 2386 καλην
858 2325 917 2374 ἐν
955 2323 1206 2387 γυναιξὶ,
1254 2323 1349 2388 τὴν
1382 2321 1542 2389 ἁγίαν
1572 2322 1799 2374 Δέσποι-

228 2432 328 2470 ναν
358 2422 562 2484 φωναίς
596 2424 769 2486 tapete
799 2424 827 2469 0
854 2418 995 2504 ἱερυς
1027 2416 1148 2479 λαὸς
1175 2416 1509 2484 δοξάςωμεν.

309 2510 406 2563 Ἐκ
448 2509 540 2563 σοῦ
595 2512 692 2581 τῆς
752 2512 919 2582 μόνης
973 2513 1218 2582 καθαρᾶς
1252 2515 1279 2563 ὁ
1322 2511 1585 2580 ὑπέροεος
1633 2509 1800 2576 Λόγος

222 2600 540 2672 ὲσαρκώθη,
586 2602 660 2666 ὡς
690 2601 821 2666 οἶδε,
851 2606 943 2656 καὶ
986 2605 1241 2657 διέσωσεν
1271 2605 1438 2675 ἡμᾶς,
1472 2606 1596 2664 τοὺς
1623 2621 1797 2673 προσ-

228 2695 527 2757 κυνοῦντας
574 2696 741 2751 αὐτοῦ
794 2698 894 2767 τὴν
974 2698 1042 2752 δι’
1091 2693 1268 2753 οἶκτον
1322 2699 1471 2751 θείαν
1525 2699 1798 2766 συγκατά-

226 2786 411 2842 σασιν.

314 2880 405 2934 Ἐν
437 2880 542 2945 σοὶ,
585 2881 915 2951 πανὰμωμε,
943 2880 1043 2951 τῆς
1085 2881 1357 2951 σωτηρίας
1390 2899 1491 2951 μου
1525 2884 1621 2945 τὰς
1655 2882 1807 2935 ἑλπί-

225 2972 322 3035 δας
365 2972 607 3043 ἐθέμην,
644 2973 740 3027 ἐπὶ
783 2975 881 3044 τὴν
917 2974 1014 3043 σὴν
1066 2974 1279 3043 σκέπην
1323 2976 1672 3042 κατέφευγα·
1709 2991 1805 3043 γε·

228 3063 323 3116 νοῦ
358 3081 471 3134 μοι,
500 3065 671 3134 Κόρη,
706 3065 920 3135 βοηθὸς,
948 3066 1056 3117 τῶν
1087 3065 1276 3118 δε.νῶν
1308 3066 1670 3136 ἑξαιρουμένη
1715 3082 1806 3135 με.

314 3159 643 3230 ’Υπεραγία,
675 3164 709 3231 ἡ
747 3160 840 3213 τὸν
880 3160 1012 3212 Θεὸν
1046 3160 1183 3230 μόνη
1215 3161 1309 3213 ἐπὶ
1349 3160 1453 3228 γῆς
1486 3161 1559 3223 ὡς
1593 3158 1808 3229 ἀληθῶς

1892 632 2135 700 inquam.
2168 644 2199 684 ο
2231 637 2401 683 casta.
2447 626 2659 681 Libera.
2698 639 2731 678 o
2770 624 2937 681 Mater
2977 624 3094 691 Dei,
3129 641 3158 679 a
3202 629 3460 697 periculis

1891 740 2077 781 servos
2108 734 2253 779 ιιιοε.

1961 818 2051 873 Ille
2084 818 2176 888 qui
2209 825 2292 871 est
2344 813 2847 881 incircumscriptus
2887 823 3051 882 atque
3097 812 3449 879 indelinitus,

1890 927 2107 967 carnem
2144 909 2383 978 suscepit
2414 916 2595 962 mente
2640 917 2803 976 atque
2843 907 3021 960 anima
3052 906 3354 976 prteditam,
3394 923 3462 961 ex

1894 1014 1965 1069 te,
1992 1019 2023 1057 ο
2054 1003 2216 1074 Virgo
2246 1012 2523 1072 perpetua,
2571 1012 2627 1052 ιιι
2655 1015 2749 1054 cos
2779 999 3036 1066 salvaret,
3065 1001 3155 1071 qui
3188 1000 3460 1056 clamant:

1893 1096 2211 1153 Benedictus
2240 1111 2321 1159 es,
2355 1094 2518 1160 Deus,
2550 1105 2652 1149 etc.

1962 1194 2155 1248 Partus
2186 1200 2313 1244 tuus
2355 1204 2497 1244 nunc
2535 1189 2771 1243 sterilem
2817 1188 3053 1243 reddidit
3080 1203 3298 1251 noxam,
3342 1202 3465 1257 qua!

1893 1300 1956 1339 ex
1987 1285 2189 1338 malitia
2220 1284 2486 1353 serpentis
2522 1291 2646 1336 nata
2687 1291 2824 1345 erat,
2861 1297 2892 1335 0
2928 1280 3117 1350 Virgo,
3151 1281 3308 1334 unica
3348 1294 3465 1333 nta-

1896 1376 2200 1432 ledictionis
2246 1375 2663 1441 exterminatio;
2703 1376 3057 1444 quamobrem
3102 1374 3240 1428 tein
3286 1358 3465 1427 omnia

1895 1469 2091 1524 srecula
2124 1469 2385 1523 honoratn
2397 1484 2479 1522 us.

1970 1561 2424 1616 lllumiuationem
2451 1562 2643 1630 largire
2674 1561 2835 1625 mihi,
2874 1562 2927 1614 in
2962 1561 3270 1630 passionum
3320 1570 3471 1613 tene-

1898 1657 2012 1710 bris
2051 1656 2407 1710 eomtnoranti
2432 1698 2446 1719 ,
2486 1665 2538 1708 et
2588 1655 2751 1707 libera
2787 1668 2873 1707 me
2912 1668 2941 1706 a
2986 1654 3162 1722 pravis
3192 1653 3468 1722 operibus,

1898 1756 1952 1802 et
2004 1763 2032 1801 a
2079 1746 2295 1801 ﬂamma
2345 1763 2464 1816 qua:
2516 1759 2824 1801 reservatur
2870 1747 3003 1801 mihi
3060 1747 3353 1800 miserabili
3407 1759 3472 1798 ac

1900 1841 2191 1909 peccatori,
2221 1853 2254 1894 ο
2291 1840 2512 1893 Domina
2558 1840 2845 1904 inviolata,
2875 1855 3063 1895 eorum
3088 1878 3102 1903 ,
3137 1839 3229 1910 qui
3260 1848 3310 1893 te
3354 1840 3473 1891 lau-

1828 1914 1872 1974 Β
1902 1938 2060 1998 dant,
2096 1934 2481 2004 patrocinium.

1901 2071 2063 2142 229
2128 2070 2214 2125 Ea:
2263 2087 2460 2125 canone
2499 2072 2551 2124 in
2592 2068 2848 2195 ἑςδηέὃις.
2906 2068 3162 2138 Stephani
3215 2068 3472 2133 Junioris,

2630 2158 2674 2195 te
2780 2180 2794 2195 .

2630 2158 2674 2195 ιε
2705 2158 2794 2195 Ζδ.

1974 2254 2191 2308 Portam
2226 2254 2574 2319 itnperviam,
2601 2253 2864 2306 mundum
2893 2252 3161 2306 castitatis
3188 2237 3473 2319 templum,

1904 2348 2335 2418 pulcherrimam
2386 2349 2525 2401 inter
2571 2347 2853 2409 mulieres,
2887 2345 3167 2400 Dominam
3206 2354 3477 2407 sanctam,

1904 2443 2079 2496 sacris
2116 2442 2346 2494 vocibus
2381 2455 2537 2494 sacct-
2568 2439 2801 2507 portulus
2835 2437 3224 2507 glorilicemus.

1977 2534 2054 2586 Ex
2089 2542 2139 2587 te
2172 2533 2287 2585 sola
2321 2546 2459 2600 pura
2500 2528 2731 2582 Verbum
2778 2527 3191 2597 superdivinum
3223 2525 3479 2578 incarna-

1908 2640 2018 2681 tum
2052 2636 2154 2690 est,
2179 2640 2243 2677 eo
2272 2624 2435 2678 modo
2467 2637 2576 2692 quo
2605 2622 2745 2675 idem
2784 2621 2956 2685 novit,
3020 2629 3073 2674 et
3098 2618 3327 2673 salvavit
3354 2632 3478 2681 nos,

1905 2720 2000 2789 qui
2036 2719 2185 2771 illius
2216 2716 2542 2769 descensum
2576 2714 2822 2767 divinum
2870 2711 2940 2765 ob
2980 2724 3134 2764 suam
3170 2709 3483 2762 misericor-

1909 2813 2052 2866 diam
2086 2810 2286 2863 faetum
2317 2809 2635 2862 adoramus.

1985 2903 2039 2953 In
2076 2911 2146 2960 te.
2202 2915 2233 2952 o
2266 2896 2801 2961 immaculatissima,
2840 2894 3034 2950 salutis
3066 2908 3199 2948 mea:
3239 2907 3363 2962 spes
3394 2907 3483 2945 rc-

1908 2994 2091 3065 posui,
2126 2993 2230 3047 sub
2261 3002 2408 3045 tuam
2445 2990 2838 3059 proteitionem
2889 2986 3110 3057 confugi
3142 3005 3155 3041 :
3193 2997 3311 3041 esto
3350 2986 3482 3039 mihi

1912 3087 2171 3154 adjutrix,
2209 3101 2241 3139 o
2275 3084 2479 3163 puella,
2516 3094 2569 3136 et
2596 3099 2624 3136 a
2659 3084 2821 3137 rebus
2851 3082 3092 3135 molestis
3128 3083 3274 3149 eripe
3309 3095 3391 3133 me
3415 3118 3434 3136 .

1982 3181 2024 3236 Ο
2051 3188 2425 3250 Sllpcrsmtclzl,
2476 3194 2596 3247 qum
2623 3186 3041 3246 supersanctmn
3086 3176 3251 3229 lteum
3281 3176 3396 3228 sola
3432 3173 3484 3227 in

227 3251 323 3304 τὸν
355 3253 655 3323 ὑπεράγων
681 3252 904 3318 τέξασα,
935 3253 1064 3317 τούς
1102 3271 1160 3307 σε
1205 3254 1464 3307 Θεοτόκον
1491 3256 1576 3305 ἀεὶ
1606 3254 1806 3323 κηρύτ-

1912 3283 2057 3329 terra
2096 3275 2382 3329 verissime
2438 3272 2729 3341 peperisti,
2782 3286 2897 3334 eos,
2951 3269 3044 3339 qui
3101 3279 3151 3323 te
3201 3268 3488 3337 Di-iparam

228 3362 423 3409 ⁴ιιοντας
462 3348 691 3415 ἁγίασον
721 3346 819 3400 καὶ
849 3347 1022 3401 σῶσον
1050 3350 1116 3418 τῇ
1153 3348 1402 3418 μεσιτεία
1434 3363 1549 3401 σου.

302 3538 417 3608 Τὴν
468 3537 639 3609 μόνην
687 3537 1070 3608 πανύμνητον,
1121 3537 1219 3604 τὴν
1257 3537 1431 3607 καλὴν
1467 3540 1525 3590 ὲν
1560 3537 1805 3605 γυναιξὶ,

228 3632 333 3703 τὴν
382 3630 477 3685 τοῦ
509 3631 647 3685 Θεοῦ
681 3631 1029 3702 λοχεύτριαν,
1064 3614 1406 3701 Χριστιανῶν
1437 3632 1496 3683 τὸ
1525 3634 1701 3702 τεῖχος
1747 3632 1810 3684 τὸ

231 3724 497 3798 ἁρῥαγὲς,
526 3724 626 3794 τὴν
654 3724 923 3795 ἄχραντον
965 3727 1263 3779 Δέσποιναν
1294 3724 1571 3795 ἁδικὰστῳ
1613 3726 1810 3797 καρδίᾳ.

234 3819 650 3888 μακαρίσωμεν.

317 4001 623 4073 Ἱερώτατοι
653 4000 930 4070 προφῆται
962 4000 1370 4071 προεδήλωσαν,
1408 4000 1572 4070 ἁγνὴ,
1602 4004 1811 4070 ἐκφαν-

231 4096 511 4149 τικώτατα
538 4096 598 4147 τὸ
638 4099 936 4164 μυστήριον
961 4097 1057 4162 τῆς
1090 4094 1291 4162 σεπτής
1325 4094 1540 4164 λοχείας
1570 4110 1686 4157 σου,
1720 4094 1815 4145 καὶ

232 4187 333 4243 νῦν
394 4190 555 4258 ἡμεῖς
607 4189 706 4250 τὰς
767 4189 1023 4249 ὲκόἁσεις
1084 4186 1373 4257 τηλαυγῶς
1423 4186 1813 4249 κατανοοῦντες

233 4277 477 4340 εὐσεϐῶς
521 4294 580 4329 σε
621 4276 1023 4347 μακαρίζομεν.

322 4370 635 4439 Ῥαντισμῴ
670 4371 816 4422 οείου
861 4370 1082 4439 λύτρον,
1134 4369 1516 4440 θεοχαρίτωτε,
1552 4369 1616 4421 ὲκ
1651 4367 1814 4421 πλευ-

241 4468 343 4539 ρᾶς
374 4465 702 4527 κινωθέντος
727 4463 822 4518 τοῦ
877 4463 970 4516 σοῦ
1005 4462 1134 4515 Υίοῦ
1166 4464 1260 4516 καὶ
1291 4460 1451 4524 θεοῦ,
1482 4461 1573 4513 τὸν
1608 4462 1672 4514 ἐκ
1721 4477 1818 4513 πο-

237 4561 414 4631 νηρᾶς
462 4555 739 4628 ἁμαρτίας
783 4555 1058 4627 προσόντα
1111 4570 1200 4625 μοι
1239 4555 1432 4625 ῥύπον,
1464 4550 1699 4606 δυσωπῶ
1735 4568 1814 4617 σε,

236 4652 574 4719 ἀπόπλυνον,
608 4650 688 4703 [ια
697 4650 872 4721 ρθένε.
1752 4672 1757 4676 -

309 4748 491 4811 mal);
523 4747 747 4817 δοχεϊον,
780 4743 1163 4815 θεοχαρίτωτε,
1192 4740 1301 4796 τῶν
1331 4740 1493 4813 ἱερῶν
1525 4738 1818 4812 μαρτύρων

241 4841 464 4913 ἀληθῶς
497 4841 558 4894 τὸ
582 4838 913 4911 κραταίωμα
933 4879 947 4905 ,
974 4836 1083 4891 τῶν
1117 4839 1280 4891 ὁσίων
1311 4837 1563 4890 ἁπάντων
1597 4836 1659 4888 τὸ
1689 4834 1821 4888 καύ-

240 4953 420 5008 χημα,
459 4934 633 4987 σῶσον
666 4934 811 5003 ἡμᾶς
843 4931 1128 4994 κινδύνων,
1164 4931 1258 4983 καὶ
1302 4929 1699 4999 περιστάσεων,
1728 4926 1823 4979 καὶ

240 5030 344 5100 τῆς
370 5028 479 5083 τῶν
502 5025 715 5098 ἐχθρῶν
745 5024 1047 5097 ἐπιδρομῆς
1077 5022 1204 5085 τοὺς
1236 5020 1606 5093 ἀνυμνοῦντὰς
1634 5036 1713 5074 σε.

255 5243 357 5297 Ἐκ
390 5238 496 5294 τοῦ
544 5238 810 5303 Κανόνι-ος
839 5239 924 5303 εις
956 5234 1063 5289 τὸν
1109 5235 1282 5303 ἅγιον
1322 5234 1595 5305 μάρτυρα
1635 5231 1825 5300 Παρὰ-

310 5328 504 5382 μονοκν
544 5311 641 5364 καὶ
668 5309 775 5362 τὸν
807 5308 977 5378 ἅγιον
1006 5310 1396 5375 Φιλούμενον,
1430 5307 1619 5376 ἡμέρᾳ
1649 5305 1751 5358 κεν.

332 5429 424 5481 Ἐν
462 5429 641 5497 χρόνῳ
671 5426 764 5479 τὸν
811 5425 915 5492 ἔξω
961 5426 1152 5497 χρόνου
1186 5426 1411 5487 τέτοκας
1453 5422 1642 5493 βροτὸν
1672 5421 1825 5489 γενό-
1886 5426 1889 5429 ’

250 5540 436 5594 μενον,
468 5522 528 5574 ὃν
576 5521 808 5583 ἐκτενῶς
855 5519 1080 5583 ἱκέτευε,
1125 5520 1285 5587 ἁγνὴ,
1317 5518 1389 5579 ὡς
1428 5517 1551 5569 Υἱόν
1600 5533 1692 5568 σου
1733 5513 1828 5567 καὶ

248 5619 477 5689 Κύριον,
517 5615 586 5669 τὰ
629 5616 725 5686 τῆς
762 5615 939 5686 ψυχῆς
971 5631 1073 5685 μου
1109 5612 1299 5683 χρόνια
1346 5610 1492 5682 πάθη
1546 5609 1825 5677 ἰάσασθαι,

248 5713 585 5782 παναμωμε.

319 5907 633 5981 Στερέωσόν
682 5925 782 5981 μου
820 5906 912 5962 τὸν
941 5924 1076 5978 ,νουν
1114 5904 1577 5976 περιτρεπῦμενον
1611 5900 1826 5965 πολλοῖς

1910 3382 2125 3436 semper
2156 3367 2453 3435 praedicant
2495 3366 2777 3419 sanctilica
2831 3378 2894 3416 ac
2955 3362 3103 3415 salva
3157 3361 3487 3413 melliatione

1911 3469 2022 3514 tua.
2684 3438 2685 3441 Ἴ

1982 3548 2163 3602 Solam
2198 3548 2347 3600 illam
2377 3547 2527 3601 omni
2563 3546 2722 3600 laude
2771 3544 3177 3613 dignissimam,
3236 3541 3492 3611 pulcher-

1913 3644 2107 3698 rimam
2146 3643 2291 3696 illam
2331 3643 2471 3695 inter
2502 3640 2780 3700 mulieres,
2820 3638 2911 3690 Dei
2950 3636 3305 3697 (leniti-iectu,
3338 3632 3492 3687 Chri-

1914 3738 2215 3791 stianorum
2266 3750 2485 3788 murttm
2534 3730 3034 3801 inexpugnabilem.
3088 3727 3371 3781 Dmuinam
3405 3725 3491 3778 itt-

1913 3828 2195 3889 violatam,
2220 3826 2451 3880 immoto
2509 3824 2846 3894 minimeque
2876 3822 3143 3876 dubitanti
3175 3820 3340 3874 corde
3368 3819 3495 3874 bea-

1916 3922 2207 3976 tilicemus.

1987 4009 2356 4066 Sacratissimi
2398 4008 2676 4078 pi-Ophctze
2717 4005 3165 4060 manifestissime
3194 4012 3351 4057 antea
3394 4001 3491 4055 ilc-

1916 4104 2265 4159 claraverunt
2326 4100 2645 4169 mysterittm
2709 4098 3002 4152 venerandi
3055 4107 3244 4165 partus
3302 4094 3399 4155 tui,
3460 4107 3494 4145 ο

1917 4206 2103 4261 casta;
2133 4205 2187 4250 et
2218 4209 2361 4248 nunc
2383 4208 2482 4245 nos
2509 4190 2752 4244 vaticinii
2785 4204 3079 4244 successus
3111 4196 3297 4256 aperte
3329 4199 3499 4254 agun-

1918 4298 2153 4351 seentcs,
2187 4297 2236 4341 te
2264 4287 2458 4339 devote
2489 4283 2896 4340 beatiﬁcamus.

1977 4380 2304 4452 Asper-sario
2349 4379 2519 4433 divini
2570 4377 2794 4439 lavacri,
2849 4374 2995 4445 quod
3049 4389 3113 4427 ex
3169 4373 3337 4427 latere
3372 4368 3495 4424 Filii

1922 4476 2128 4546 Deique
2159 4477 2238 4527 tui
2281 4472 2513 4527 ell'usum
2541 4482 2658 4536 est,
2690 4472 2871 4535 ablue,
2906 4485 2956 4524 te
3010 4483 3223 4539 precor,
3255 4482 3288 4520 ο
3334 4464 3500 4533 Virgo

1925 4558 2036 4623 Deo
2069 4566 2418 4627 charissima,
2461 4564 2677 4628 sordes,
2710 4577 2776 4617 ex
2824 4558 3272 4631 peccatimalitia
3322 4554 3496 4608 inhae-

1923 4674 2103 4717 rentes
2133 4660 2289 4715 milti.
2988 4672 2991 4675 ·

1992 4754 2036 4809 Ο
2071 4754 2179 4808 Deo
2206 4752 2554 4813 charissima,
2609 4748 2744 4803 lucis
2780 4743 3220 4815 receptaculum,
3251 4754 3377 4793 vere
3411 4754 3501 4791 sa-

1921 4863 2141 4902 crorum
2195 4854 2494 4916 martyrum
2534 4842 2721 4904 robur,
2760 4850 2812 4894 et
2845 4836 3224 4893 confessorum
3250 4831 3497 4886 omnium

1925 4938 2196 5010 gloriatio,
2227 4936 2409 4991 salvos
2441 4936 2527 4988 fac
2555 4947 2657 4987 nos
2690 4947 2718 4985 ο
2749 4928 3029 5000 periculis,
3059 4934 3113 4979 et
3141 4924 3505 4979 circumstan-

1926 5032 2074 5086 tibus
2099 5028 2527 5092 calamitatibus,
2549 5035 2710 5095 atque
2724 5024 2793 5077 ab
2815 5021 3052 5076 hostium
3073 5014 3503 5073 incursionibus.

1926 5128 2053 5179 dum
2084 5135 2135 5177 te
2162 5122 2418 5177 laudibus
2444 5121 2807 5175 celebramus.

1927 5243 2088 5314 230
2115 5240 2196 5295 Ea:
2224 5256 2421 5295 cauom
2444 5241 2494 5293 in
2525 5238 2658 5306 festo
2684 5228 3106 5314 SS.-l’ar‘anmoni
3128 5237 3174 5281 et
3205 5221 3504 5277 Philumeni

2420 5303 2739 5378 martyrum,
2777 5306 2860 5358 die
2908 5303 2997 5356 29.

2004 5429 2059 5482 In
2088 5437 2329 5495 tempore
2355 5422 2612 5494 peperisti
2665 5436 2813 5483 cum,
2851 5416 2943 5487 qui
2976 5422 3058 5468 est
3088 5420 3243 5466 extra
3267 5417 3505 5475 tempus,

1928 5522 2208 5579 hominem
2244 5520 2446 5573 factum
2485 5535 2497 5570 :
2536 5532 2697 5586 quem
2753 5512 2913 5568 enixe
2951 5509 3265 5578 deprecare.
3294 5518 3326 5554 o
3357 5509 3504 5555 casta

1930 5633 1993 5672 ac
2027 5626 2137 5669 tota
2172 5612 2549 5674 immaculata,
2583 5618 2839 5675 tanquam
2875 5602 3071 5655 Filium
3111 5610 3264 5651 tuum
3303 5608 3363 5647 ac
3404 5590 3509 5643 Do-

1934 5713 2166 5773 tnittum,
2204 5706 2556 5777 temporariis
2586 5702 2782 5757 anima:
2829 5713 2962 5753 mea:
3005 5691 3354 5765 passionibus
3392 5702 3509 5740 tne-

1932 5807 2142 5859 deatur.

2001 5896 2274 5954 Conﬁrma
2327 5909 2390 5949 ac
2443 5888 2692 5948 stabilem
2752 5884 2903 5942 ellicc
2953 5890 3190 5938 mentem
3246 5888 3445 5938 meam,
3478 5885 3513 5925 o
