4180 6450
760 418 895 480 1255

1874 416 1932 473 S.
1977 414 2289 473 JOSEPHI
2333 412 2642 473 HYMNOG
2654 413 2887 471 ltAPllI

3854 413 3986 476 1256

756 533 925 587 Mater
955 530 1045 585 Dei
1078 528 1406 592 castissima,
1470 526 1653 581 multis
1697 522 2042 595 passionihus
2079 523 2316 577 circum-
2348 531 2380 584 Λ

2432 520 2651 586 πάθεσι,
2702 522 2895 592 Μῆτερ
2949 520 3083 575 Θεοῦ
3142 521 3421 591 πάναγνε,
3481 523 3626 586 ὅπως
3671 524 3989 594 καταχρέως

757 622 1035 691 agitatam,
1068 630 1127 675 nt
1159 633 1206 674 te
1245 632 1344 688 pro
1377 617 1557 671 debito
1581 617 1895 688 gloriticem.

819 711 1082 767 Homines
1139 712 1209 765 ob
1258 710 1716 779 trangressioncm
1794 716 2040 761 mortuos
2109 705 2321 759 viviﬁeo

760 818 916 872 partu
954 816 1046 858 tuo
1090 819 1281 858 omnes
1310 803 1678 867 resuscitasti,
1700 818 1733 857 ο
1764 800 1925 869 Virgo
1946 799 2114 854 Maria
2150 818 2163 854 :
2190 815 2317 870 pro-

756 906 933 965 pterea
971 907 1022 951 te
1063 895 1454 966 glorificamus,
1501 904 1555 948 et
1587 896 1784 950 divinis
1812 892 2065 949 laudibus
2106 892 2318 947 beatam

755 990 1112 1057 appellamus.

825 1079 925 1144 Qui
951 1077 1095 1133 Patri
1130 1095 1194 1135 ac
1246 1078 1471 1149 Spiritui
1508 1089 1697 1134 sancto
1722 1078 1982 1147 :equalem
2023 1077 2185 1131 habet
2225 1077 2321 1133 ho-

752 1187 942 1227 norem
974 1172 1263 1237 Dominus,
1291 1190 1355 1226 ex
1378 1174 1544 1227 castis
1567 1171 1922 1241 sanguinibus
1945 1169 2071 1235 tuis,
2090 1170 2319 1239 oVirgo,

753 1264 1076 1318 incarnatus
1110 1272 1194 1317 est
1223 1275 1276 1317 et
1309 1264 1488 1317 factus
1512 1266 1696 1317 homo.

823 1359 867 1409 A
900 1356 1172 1409 seandalis
1208 1355 1331 1408 vita:
1381 1355 1547 1407 libera
1585 1369 1707 1417 me,
1745 1368 1777 1403 ο
1813 1349 2316 1413 intemeratissinta,

751 1462 849 1516 qm
905 1447 958 1500 in
1021 1456 1182 1500 nocte
1223 1447 1497 1505 cmcitalis,
1557 1444 1878 1497 deformium
1936 1441 2318 1511 cogitationum

754 1541 1016 1605 tenebris,
1043 1538 1115 1592 ob
1152 1538 1361 1591 inimici
1416 1537 1716 1598 malitiam,
1754 1548 1966 1602 semper
2023 1544 2322 1602 occupatus

751 1648 893 1685 Slllll.

822 1724 1013 1778 Gaude
1050 1734 1130 1785 tu,
1171 1738 1293 1792 qua:
1335 1722 1453 1776 sola
1505 1720 1818 1774 hominibus
1863 1717 2120 1785 gaudium
2156 1732 2320 1787 pepe-

753 1819 870 1872 risti
914 1836 925 1869 :
962 1818 1157 1886 gaude,
1204 1815 1424 1876 ('(lzllllli,
1453 1823 1505 1866 ct
1534 1812 1725 1865 lhr0nc
1758 1812 2084 1875 Clieruhicc,
2125 1819 2177 1862 et
2210 1810 2321 1878 glo-

2422 614 2625 678 δοξάζω
2665 630 2744 666 σε.

2492 706 2878 775 Νεκρωοὲντας
2910 707 3035 769 τοὺς
3074 705 3397 776 ἀνθρώπους
3427 709 3490 777 τῇ
3536 706 3871 776 παραϐάσει,
3913 708 3989 778 τῷ

2425 797 2694 868 ζωηφόρῳ
2755 798 2900 851 τόκω
2947 814 3077 862 σου,
3112 798 3357 871 Παρθένε
3394 800 3606 872 Μαρία,
3650 799 3860 861 πάντας
3892 800 3988 850 άν-

2423 887 2673 959 ἑστησας.
2712 888 2802 942 Διὸ
2836 904 2897 945 σε
2920 889 3242 961 δοξάζομεν,
3276 892 3370 945 καὶ
3399 890 3721 962 Θεοπρεπῶς
3748 890 3988 960 μακαρί-

2424 979 2611 1051 ζομεν.

2503 1074 2795 1144 Ὀμότιμος
2850 1071 3021 1141 Πατρὶ
3068 1073 3391 1142 ἐνυπάρχων
3449 1074 3543 1126 καὶ
3596 1074 3907 1144 Πνεύματι,
3963 1073 3991 1125 ὀ

2421 1165 2621 1237 Κύριος
2650 1168 2710 1231 ὲξ
2748 1165 2926 1234 ἁγνῶν
2948 1182 3042 1218 σου
3071 1166 3359 1237 ἐσαρκώθη
3386 1167 3654 1236 αἱμάτων,
3679 1167 3841 1234 ἁγνὴ,
3871 1167 3993 1237 βρο-

2420 1260 2511 1323 τὸς
2544 1263 2847 1331 γινόμενος.

2504 1352 2693 1404 Ῥὖσαί
2728 1370 2792 1421 με
2826 1351 2935 1404 τῶν
2986 1352 3297 1405 σκανδάλων
3327 1352 3421 1404 τοῦ
3451 1352 3588 1422 βίου,
3625 1352 3990 1422 πανάχραντε,

2423 1445 2520 1512 τῆς
2569 1448 2623 1497 ἐν
2656 1450 2809 1499 νυκτὶ
2840 1444 3099 1513 ἀϐλεψίας
3155 1444 3427 1514 λογισμῶν
3470 1446 3684 1498 ἀτόπων
3718 1461 3990 1513 κεκρατη-

2427 1538 2608 1607 μένον,
2644 1541 2709 1606 τῇ
2743 1537 2912 1608 κακίᾳ
2952 1536 3045 1590 τοῦ
3077 1537 3375 1607 δυσμενοῦς
3401 1538 3489 1590 ἀεὶ
3520 1536 3920 1607 σκοτιζόμενον.

2494 1726 2683 1797 Χαῖρε,
2715 1726 2747 1794 ἡ
2786 1725 2921 1794 μόνη
2952 1723 3127 1795 χαρὰν
3156 1722 3463 1792 ἀνθρώποις
3489 1723 3765 1792 κυήσασα,
3816 1724 3991 1794 χαῖρε,

2425 1819 2641 1887 οὖρανὲ,
2677 1817 2771 1870 καὶ
2799 1817 2955 1887 Θρὸνε
2998 1816 3324 1887 Χερουϐικὲ,
3370 1816 3466 1867 καὶ
3494 1816 3776 1885 περίδοξον
3818 1816 3993 1869 παλά-

753 1906 1117 1957 riosissininni
1181 1903 1442 1972 palatium
1511 1901 1836 1970 Regttatm'is
1889 1902 2231 1965 saeculorum,
2292 1893 2380 1953 οΙ

2432 1926 2538 1962 τιον
2574 1908 2668 1961 τοῦ
2710 1909 3079 1978 βασιλεύοντος
3123 1907 3230 1959 τῶν
3276 1905 3507 1970 αἰώνων,
3544 1907 3851 1975 πανάμωμε
3902 1907 3995 1957 Δέ-

754 1999 979 2051 Domina
1014 1998 1081 2049 ab
1113 1998 1261 2049 omni
1296 1997 1507 2049 macula
1540 1995 1822 2047 immunis.

823 2090 981 2159 Legis
1019 2091 1248 2152 umbrae,
1278 2099 1332 2142 et
1360 2089 1747 2156 prophetarum
1780 2088 2085 2141 veneranda
2116 2103 2320 2156 praieo-

754 2180 861 2242 nia,
895 2182 1309 2250 praetigurarunt
1341 2190 1390 2234 te
1432 2179 1672 2232 futuram
1727 2182 2067 2234 ineﬂ'abihter
2094 2179 2185 2233 Dei
2220 2198 2319 2234 no-

754 2273 847 2325 stri
887 2271 1240 2335 Grnitrieetn,
1274 2289 1306 2326 ο
1360 2283 1531 2333 casta,
1585 2274 1766 2324 divina
1800 2275 1968 2339 gratia
2000 2275 2319 2327 cumulatis-

755 2363 911 2424 siina,
964 2364 1049 2415 rui
1089 2377 1281 2415 omnes
1327 2364 1671 2417 concinimns
1720 2362 2097 2428 :Benedicite,
2142 2366 2322 2418 omnia

754 2470 914 2523 opera
954 2454 1187 2519 Domini,
1224 2456 1537 2516 Dominum,
1569 2467 1671 2509 etc.

816 2549 1065 2601 lllumina
1116 2548 1349 2617 pupillas
1402 2548 1542 2601 oeuli
1605 2549 1706 2601 mei
1764 2550 2004 2603 excitate
2057 2548 2321 2601 mortiferi

755 2642 957 2707 peccati
1027 2641 1448 2705 obtenebratas,
1510 2639 1661 2693 oDei
1714 2640 1984 2705 Genitrix,
2018 2641 2323 2695 castissima

756 2734 1005 2783 “Olllilla.
1045 2730 1123 2783 Tu
1150 2731 1295 2784 enim
1327 2748 1387 2786 es
1433 2731 1675 2786 ﬁdelium
1708 2732 1973 2786 auxilium
2015 2740 2070 2785 et
2120 2732 2325 2787 illumi-

757 2824 924 2888 natio,
963 2837 995 2875 ο
1028 2823 1310 2878 inviolata.

1109 2935 1265 3005 231
1301 2935 1549 2991 MENSIS
1587 2937 1973 2993 DECEMBER.

2427 2020 2641 2058 σποινα.

2496 2098 2684 2167 Νόμου
2744 2113 2804 2150 σε
2853 2096 3036 2162 σκιαὶ,
3090 2096 3185 2150 καὶ
3224 2094 3519 2166 προφητῶν
3562 2092 3995 2164 πρῖδιεχάραξαν

2427 2190 2599 2242 σεπτὰ
2626 2189 2992 2259 κηρύγματα,
3022 2190 3275 2261 ἀρρήτως
3306 2187 3603 2258 μέλλουσαν
3645 2186 3861 2238 ἔσεσθαι
3898 2184 3993 2236 τοῦ

2425 2283 2560 2335 ﬂeo]
2587 2282 2742 2354 ἡμῶν
2764 2283 3102 2353 λοχεύτριαν,
3127 2282 3487 2354 θξοχαρίτωτε
3526 2280 3687 2351 ἁγνὴ,
3726 2275 3769 2348 ᾧ
3799 2279 3997 2340 πάντες

2430 2374 2708 2445 μέλπομεν
2740 2391 2755 2405 ο
2806 2376 3117 2443 Εὑλογεῖτε,
3176 2376 3356 2427 πάντα
3399 2358 3467 2425 τὰ
3492 2372 3628 2444 ἔργα
3652 2372 3877 2440 Κυρίου,
3906 2368 3999 2422 τὸν

2426 2467 2648 2537 Κύριον.

2495 2560 2736 2611 Φὼτισον
2794 2558 2971 2629 ψυχῆς
3039 2576 3139 2630 μου
3189 2556 3288 2619 τὰς
3347 2556 3515 2626 κόρας
3577 2554 4002 2626 ἀμαυρωθείσας

2425 2653 2658 2725 ἀϐλεψέᾳ
2711 2655 2809 2723 τῆς
2862 2654 3190 2727 φθοροποιοῦ
3245 2654 3543 2724 ἁμαρτίας,
3600 2649 4003 2720 Θεογεννῆτορ,

2426 2747 2669 2813 πάναγνε
2720 2748 3022 2800 Δέσποινὲν
3085 2748 3150 2800 σὺ
3207 2747 3314 2817 γὰρ
3365 2746 3572 2798 πιστῶν
3622 2744 3846 2813 βοήθεια
3902 2742 4002 2796 καὶ

2428 2839 2706 2910 φωτισμὸς
2741 2839 3030 2910 ὑπάρχεις,
3070 2838 3332 2910 άχραντε.

2884 2954 3034 3010 ΜΒΝ
3075 2953 3535 3011 ΔΕΚΕΜΒΡΙΟΣ.

1629 3057 1710 3109 Ea:
1744 3075 1942 3112 canone
1969 3062 2023 3112 in
2052 3057 2110 3114 S.
2137 3056 2459 3130 Sophoniam
2496 3073 2800 3142 prophetam
2826 3071 2994 3143 (96‘),
3037 3073 3123 3126 die
3145 3070 3197 3125 '5.

825 3170 1139 3225 Humanum
1187 3187 1358 3241 genus
1390 3188 1486 3241 per
1517 3183 1569 3227 te
1609 3174 1661 3226 in
1714 3183 1917 3229 sortem
1978 3177 2190 3244 accepit
2251 3192 2332 3229 το·
2358 3168 2402 3228 C
2437 3181 2614 3236 Vitam
2637 3184 2917 3253 peperisti,
2952 3196 3116 3254 atque
3143 3185 3196 3238 in
3222 3184 3361 3237 viam
3392 3182 3546 3253 pacis
3575 3180 3749 3250 dirige
3780 3180 4009 3236 semitas

753 3264 1160 3332 demptionem;
1213 3266 1412 3318 etenim
1462 3266 1879 3335 Redemptor-ein
1926 3269 2173 3320 omnium
2215 3270 2330 3321 sola

756 3356 1057 3425 peperisti;
1111 3367 1394 3424 propterea
1444 3358 1659 3428 beatam
1695 3367 1746 3411 te
1789 3357 2043 3424 dicimus,
2098 3374 2131 3413 o
2166 3356 2331 3428 Virgo

757 3444 1010 3515 Deipara,
1036 3459 1381 3515 peccatorum
1402 3426 1689 3515 auxilium,
1710 3458 1764 3502 et
1782 3451 2091 3503 cadentium
2108 3452 2329 3504 erectio.

825 3539 1145 3607 Conspecta:
1170 3550 1296 3594 sunt
1330 3542 1383 3593 in
1421 3550 1474 3594 te
1522 3544 1731 3594 semitae
1780 3542 2074 3595 desiderati
2108 3542 2177 3595 ab
2215 3557 2333 3596 om-

757 3632 937 3686 nibus.
972 3632 1065 3686 llle
1096 3635 1240 3686 enim
1282 3634 1372 3702 qui
1426 3634 1576 3687 sedet
1614 3635 1664 3685 in
1702 3635 1916 3687 sinibus
1978 3634 2245 3696 Patentis,
2279 3632 2333 3686 in

759 3723 881 3776 sinu
919 3737 1034 3790 tuo,
1070 3740 1102 3778 0
1141 3737 1311 3791 casta,
1350 3726 1400 3779 in
1444 3742 1650 3780 morem
1708 3725 1954 3786 infantis,
2018 3728 2245 3790 residet,
2279 3735 2334 3779 et

759 3816 1071 3871 voluntarie
1102 3818 1185 3871 lac
1217 3819 1386 3887 sugit,
1419 3819 1511 3887 qui
1550 3826 1721 3870 nutrit
1756 3819 2029 3872 universa.

830 3910 1042 3963 Novum
1078 3910 1235 3964 nobis
1282 3910 1431 3963 velut
1463 3911 1749 3979 puerulum
1788 3910 2081 3981 peperisti,
2120 3910 2333 3964 szeculis

757 4001 1015 4053 omnibus
1066 4001 1455 4069 antiquiorem,
1485 4002 1896 4055 adulescentula
1933 3991 2091 4054 unica
2125 4004 2335 4071 specio-

760 4093 1015 4155 sissima,
1058 4093 1284 4161 gignens
1318 4093 1661 4147 inetl'abilitcr
1696 4094 2052 4157 Creatorem,
2106 4110 2139 4145 ο
2173 4093 2333 4163 Virgo

766 4186 1135 4248 sanctissima,
1158 4186 1477 4252 angelorum
1500 4186 1850 4250 miraculum,
1868 4198 2029 4256 atque
2054 4186 2330 4241 hominum

761 4276 1005 4330 lidelium
1040 4277 1210 4332 salus.

833 4370 1131 4424 Diuturnas
1175 4372 1369 4423 anima:
1400 4386 1535 4424 mea:
1582 4372 1867 4440 passiones
1912 4388 2065 4437 cura,
2093 4388 2126 4427 ο
2162 4373 2305 4426 invio

758 4460 890 4525 lata,
923 4471 972 4514 te
1003 4476 1195 4530 precor
1224 4474 1421 4531 :atque
1443 4463 1683 4516 omnium
1705 4474 2048 4532 peccatorum
2086 4480 2331 4518 meorum

2433 3277 2629 3329 anima:
2658 3291 2791 3330 mea:
2823 3275 3236 3341 infelicissimae,
3266 3275 3540 3330 deducens
3566 3288 3651 3327 me
3670 3272 3737 3327 ad
3760 3272 4007 3325 divinam

2436 3367 2528 3423 Dei
2563 3368 2892 3423 voluntatem
2930 3367 3259 3423 faciendam.

2504 3460 2641 3515 Ecce
2671 3476 2816 3515 nunc
2843 3462 3063 3530 impleta
3088 3469 3172 3515 est
3193 3459 3471 3530 prophetia
3489 3440 3762 3529 'przeeonis
3795 3457 4009 3513 divini:

2434 3566 2558 3605 nam
2591 3549 2753 3621 Virgo
2798 3552 3007 3621 peperit
3042 3552 3215 3615 illum,
3246 3551 3338 3621 qui
3366 3550 3563 3605 saecula
3594 3551 3888 3620 produxit;
3918 3552 4010 3604 cui

2435 3645 2774 3700 modulantes
2800 3646 3019 3701 assidue
3050 3648 3321 3711 canimus,
3342 3645 3589 3700 dicentes
3627 3662 3642 3698 :
3682 3642 4012 3699 Benedictus

2433 3751 2513 3801 es,
2554 3736 2692 3791 Deus
2720 3748 2929 3807 patrum
2958 3747 3298 3793 nostrorum.

2505 3827 2603 3891 Te,
2641 3828 2730 3882 Dei
2763 3830 3008 3884 omnium
3056 3831 3276 3885 Domini
3313 3829 3561 3893 Matrem,
3611 3830 3883 3885 universa:
3921 3847 4015 3901 ge-

2434 3918 2749 3974 nerationes
2775 3920 2935 3989 232
2969 3920 3385 3990 generationum
3429 3936 3644 3990 semper
3673 3922 4013 3987 beatificauit,

2434 4023 2467 4061 o
2490 4010 2801 4077 purissima.
2849 4022 2903 4065 et
2959 4011 3130 4066 sacris
3160 4012 3337 4065 modis
3367 4012 3671 4081 gloriﬁcant
3704 4030 3722 4066 ς
3761 4014 4012 4066 οιιιιιίιιιιι

2435 4098 2636 4167 quippe
2664 4100 2902 4154 fidelium
2935 4101 3146 4170 asylum
3180 4100 3319 4154 facta
3353 4116 3434 4166 es,
3462 4103 3551 4171 qui
3584 4118 3707 4155 cum
3740 4103 3846 4156 [ide
3877 4119 4018 4156 con-

2437 4194 2626 4247 cinunt
2665 4210 2677 4246 :
2713 4193 3097 4263 f‘acerdotes,
3157 4192 3495 4261 benedicite;
3554 4195 3763 4263 populi,
3816 4209 4016 4263 super-

2436 4289 2672 4342 exaltate
2709 4289 2758 4341 in
2792 4288 2974 4342 omnia
3001 4287 3225 4342 saecula.

2498 4378 2774 4432 Bonorum
2828 4379 3002 4433 amica
3056 4378 3239 4447 Virgo,
3271 4395 3393 4450 qua:
3422 4377 3660 4433 Verbum
3707 4378 3914 4433 bonum
3949 4394 4017 4432 ac

2439 4470 2725 4524 Dominum
2750 4470 3000 4540 peperisti
3022 4512 3036 4535 ,
3068 4472 3305 4525 animant
3326 4487 3524 4536 meam,
3553 4486 3675 4541 quae
3697 4472 3916 4527 assidue
3943 4474 4016 4527 ob

768 4550 1191 4619 chirographum
1220 4553 1667 4605 diseindelanbea
1698 4551 1819 4607 Filii
1852 4554 1952 4617 tui,
1981 4570 2155 4623 neque
2183 4555 2334 4609 sinas
2367 4537 2410 4592 θ
2440 4564 2711 4629 serpentis
2751 4537 2991 4618 assultus
3038 4573 3201 4633 atque
3240 4565 3383 4618 ictus
3413 4565 3477 4617 ad
3512 4537 3654 4617 mala
3689 4566 4015 4633 prOpendet,

763 4643 944 4712 perire
973 4659 1058 4698 me
1093 4655 1404 4713 sperantem
1443 4645 1494 4698 in
1525 4656 1597 4710 te,
1638 4660 1672 4700 o
1701 4646 2014 4715 purissima.

833 4735 1030 4789 Carnis
1062 4751 1194 4791 mea:
1219 4738 1491 4805 appetitus
1537 4738 1827 4802 inortitica,
1857 4754 1889 4792 o
1933 4738 2183 4808 Deipara,
2212 4755 2333 4809 quae

760 4858 845 4913 Ex
874 4876 1071 4914 canone
1100 4863 1155 4915 in
1188 4864 1324 4932 festo
1361 4862 1416 4917 S.
1455 4864 1723 4987 syngrmii
1758 4863 1985 4934 episcopi
2013 4862 2329 4927 Mediolau.,

1496 4952 1541 4987 re
1610 4976 1623 4987 .

1496 4952 1541 4988 re
1577 4952 1623 4989 Ι.

834 5045 962 5099 Sine
1021 5048 1229 5101 semine
1278 5047 1472 5101 Filium
1518 5048 1634 5113 Dei,
1675 5064 1739 5104 ex
1773 5050 1989 5106 decreto
2030 5049 2229 5116 Patris,
2264 5049 2331 5103 de

760 5136 969 5204 Spiritu
1006 5139 1192 5192 divino
1224 5143 1547 5211 concepisti,
1580 5153 1745 5210 atque
1789 5146 2130 5198 inearnatnni
2167 5158 2329 5214 pepe-

761 5232 915 5293 risti,
950 5232 1043 5300 qui
1069 5247 1132 5285 ex
1173 5232 1330 5287 Patre
1372 5238 1489 5288 sine
1521 5248 1710 5301 matre,
1750 5247 1806 5291 et
1847 5254 1912 5291 ex
1950 5248 1999 5292 te
2034 5240 2149 5291 sine
2182 5248 2331 5307 patre

762 5335 984 5391 propter
1019 5339 1119 5378 nos
1146 5336 1309 5379 natus
1348 5338 1449 5381 est.

833 5416 1018 5471 Genus
1066 5419 1343 5472 hominum
1400 5424 1694 5487 renovasti,
1748 5424 1860 5477 sola
1897 5434 2102 5479 natura:
2138 5433 2333 5480 nostra

762 5507 1116 5564 Conditorem
1143 5528 1205 5567 ac
1252 5512 1537 5568 Dominum
1570 5518 1761 5583 enixa;
1793 5534 1962 5588 quare
1985 5530 2035 5573 te
2063 5520 2336 5588 gloriﬁca-

766 5619 910 5668 mus,
940 5621 972 5657 o
1011 5603 1121 5659 Deo
1154 5607 1503 5663 charissima.

836 5695 926 5749 ille
959 5699 1050 5767 qui
1084 5702 1336 5755 universa
1375 5706 1651 5758 voluntate
1684 5720 1778 5758 sua
1834 5706 2109 5774 formavit,
2145 5719 2335 5779 sponte

836 5848 969 5924 (96')
998 5850 1158 5910 Deest
1181 5856 1236 5911 in
1267 5855 1485 5913 Menaeis
1517 5860 1812 5929 impressis.

2438 4655 2707 4707 t'esrinans
2758 4656 2957 4709 bonam
3006 4653 3113 4719 fac,
3165 4669 3199 4708 ο
3245 4654 3421 4720 bona,
3478 4662 3738 4723 tanquam
3786 4655 4016 4709 unicum

2440 4748 2754 4817 praesidium
2791 4748 3081 4811 lassorum,
3113 4755 3166 4799 et
3196 4747 3345 4801 salus
3374 4746 3711 4800 laudantium
3743 4757 3816 4800 te.

2450 4875 2542 4926 Ἐκ
2584 4873 2687 4927 τοῦ
2722 4874 2989 4939 Κανόνος
3018 4875 3104 4938 εις
3142 4872 3247 4925 τὸν
3290 4871 3462 4926 ὅσιον
3502 4873 3859 4941 Ἀμϐρόσιον
3889 4874 4017 4928 ἐπί-

2719 4961 2955 4998 σκοπον
2988 4943 3370 4997 Μεδιολάνων
3390 4984 3407 5009 ,
3443 4944 3631 5012 ἡμέρᾳ
3665 4946 3731 5007 ζ’.

2522 5058 2803 5129 Ἀσπόρως
2861 5057 2936 5127 τῷ
2985 5058 3078 5111 τοῦ
3136 5059 3347 5128 [ἰατρὸς
3401 5056 3701 5127 βουλήματι
3749 5059 3817 5111 ὲκ
3866 5059 4017 5112 Θείου

2442 5154 2761 5222 Πνεύματος
2790 5152 2881 5205 τὸν
2908 5152 3003 5205 τοῦ
3031 5151 3167 5205 Θεοῦ
3201 5151 3524 5220 συνείληφας
3548 5150 3698 5213 Υἱὸν,
3732 5151 3828 5203 καὶ
3854 5156 4020 5224 σαρκὶ

2438 5247 2760 5316 ἀπεκύησας
2812 5246 2904 5299 τὸν
2948 5247 3011 5299 ἐκ
3051 5244 3260 5317 Πατρδς
3306 5246 3580 5316 άμήτορα,
3613 5244 3705 5297 καί
3757 5243 3827 5297 δι’
3864 5248 4018 5316 ἡμᾶς

2434 5342 2496 5393 ὲκ
2528 5338 2619 5392 σοῦ
2654 5339 2923 5409 ἀπάτορα.

2508 5431 2668 5493 Γένος
2714 5429 3016 5501 ἀνθρώπων
3064 5430 3519 5500 ὲκαινούργησας,
3574 5430 3709 5499 μόνη
3762 5432 4018 5501 κυήσασα

2436 5526 2527 5581 τὸν
2574 5526 2673 5594 τῆς
2705 5525 2918 5594 φύσεως
2959 5524 3116 5596 ἡμῶν
3162 5526 3502 5597 Δημιουργόν
3549 5542 3609 5578 τε
3644 5526 3738 5579 καὶ
3770 5524 4021 5596 Κύριον·

2433 5617 2556 5670 ὅθεν
2587 5634 2644 5668 σε
2675 5616 2988 5686 δοξάζομεν,
3021 5617 3402 5689 θεοχαρίτωτε.

2524 5712 2583 5764 ὐ
2609 5710 2873 5782 Θελήματι
2905 5711 2975 5764 τὰ
3005 5712 3181 5767 πάντα
3220 5712 3627 5784 δημιουργήσας
3662 5710 4023 5783 δημιουργεῖ,
