4180 6450
254 410 277 474 1
290 411 390 474 257

1619 399 1982 459 MARIALE.

3340 388 3476 454 1258

243 543 336 578 ται
377 527 546 578 θέλων
585 523 644 588 ἐξ
671 522 849 591 ἁγνῶν
876 538 970 575 σου
995 521 1263 592 αἱμάτων,
1291 519 1478 583 σώζων
1516 516 1640 580 τούς
1668 517 1807 570 είδὸο

1921 514 2187 568 formatur
2219 526 2286 566 ex
2328 512 2497 567 castis
2538 511 2898 582 sanguinihus
2935 513 3064 578 tuis,
3113 513 3332 568 salvans
3380 528 3478 569 eos

241 633 341 679 τας
370 635 428 668 σε
456 618 627 686 ἁγνὴν
655 616 993 686 Θεομήτορα.

318 707 631 776 Βουλήματι
660 707 720 758 τὸ
759 707 867 759 πᾶν
915 706 944 757 ὀ
978 705 1156 772 σοφῶς
1190 701 1578 772 ἐργαςόμενος,
1626 699 1810 771 βουλό-

247 815 412 866 μενος
436 798 745 852 ἀναπλάσαι
775 798 898 860 τοὺς
928 795 1270 868 ἀνθρώπους,
1293 793 1558 865 Παρθένε.
1589 793 1687 862 τὴν
1713 791 1811 862 σὴν

243 891 490 963 γαστέρα
511 891 745 962 ᾤκησεν.

322 983 504 1036 Ἰασαι
551 984 650 1053 τῆς
702 981 882 1052 ψυχῆς
919 998 1042 1050 μου,
1093 978 1358 1050 Παρθένε,
1404 977 1471 1030 τά
1523 976 1811 1047 τραύματα

245 1075 558 1126 ἐπισκιάσει
609 1092 704 1127 σου
745 1073 862 1142 θείᾳ
886 1115 901 1138 ,
933 1074 1027 1126 καὶ
1062 1072 1154 1125 τὸν
1200 1072 1322 1124 νοῦν
1354 1088 1454 1140 μου
1499 1068 1813 1137 λάμπρυνον

248 1167 600 1220 σκοτισθέντα
629 1166 860 1236 ἀμελείᾳ
887 1165 982 1218 καὶ
1009 1164 1176 1234 κακίᾳ⁸
1199 1162 1392 1234 ἐχθροῦ
1419 1161 1544 1214 πολε
1555 1163 1809 1232 μήτορος.

331 1351 486 1416 Ἰδοὺ,
535 1349 798 1421 Παρθένε,
842 1351 900 1403 ὲν
929 1351 995 1420 τῇ
1038 1348 1233 1420 γαστρί
1284 1364 1377 1400 σου
1414 1347 1476 1400 σὺ
1524 1343 1812 1405 συνέλαόες

246 1444 439 1510 Λόγον,
460 1442 556 1495 τοῦ
585 1444 796 1511 Πατρὸς
814 1442 1167 1511 συνάναρχον,
1191 1439 1282 1492 καὶ
1307 1441 1471 1508 σαρκί
1495 1438 1812 1506 ἀπεκύησας

246 1535 590 1604 δωρούμενον
647 1537 812 1588 πᾶσιν
868 1533 1188 1603 ἀνάκλησιν,
1233 1531 1344 1593 τοῖς
1389 1532 1444 1582 ἐν
1495 1528 1666 1599 Ἀδὰμ
1719 1544 1813 1580 πε-

249 1625 425 1688 σοῦσι,
457 1626 793 1696 πανάμωμε.

325 1718 535 1788 Ὠφθης
583 1719 859 1789 ὐπερτέρα
889 1715 1166 1786 οὐρανῶν,
1214 1716 1343 1768 Θεὸν
1383 1712 1632 1784 οὐρανίου
1676 1711 1810 1763 ἁπο-

250 1812 504 1878 κυήσασα
524 1809 615 1861 τὸν
649 1811 716 1862 τά
742 1810 980 1878 ἐπίγεια,
1014 1808 1276 1876 πάναγνε,
1313 1807 1581 1877 οὐρανίοις
1599 1807 1814 1857 ἐπισυν-

1915 606 2006 675 qni
2047 614 2096 659 te
2123 618 2306 658 veram
2349 602 2440 657 Dei
2478 603 2703 658 Matrem
2733 615 3055 674 agnoscunt.

1983 696 2085 762 Qui
2121 695 2346 750 consilio
2391 711 2492 751 suo
2523 696 2836 753 universum
2880 699 3123 754 condidit
3165 699 3476 768 sapienter,

1916 787 2104 843 volens
2137 787 2387 842 homines
2420 787 2738 854 reformare,
2771 799 2984 845 uterum
3021 799 3196 856 tuum,
3224 804 3256 844 ο
3287 787 3475 860 Virgo,

1911 877 2252 933 inltabitavit.

1989 969 2220 1035 Medet‘e,
2275 967 2464 1040 Virgo,
2519 972 2834 1026 vulneribus
2884 975 3079 1029 anima!
3127 989 3260 1028 mete
3295 973 3476 1026 divina

1913 1061 2222 1115 visitationc
2261 1071 2383 1125 tua,
2435 1074 2778 1134 mentemque
2827 1081 3000 1118 meam
3041 1065 3363 1136 negligentia
3417 1082 3479 1117 ac

1913 1154 2114 1206 malitia
2146 1153 2424 1208 bellatoris
2468 1154 2640 1209 hostis
2669 1157 3102 1222 obtenebratam,
3145 1158 3263 1212 luce
3282 1172 3474 1212 serena

1912 1242 2191 1313 perfunde.

1979 1335 2141 1401 Ecce,
2177 1352 2210 1392 ο
2259 1336 2421 1408 Virgo
2471 1337 2998 1404 immaculatissima,
3059 1341 3111 1395 in
3175 1350 3329 1394 utero
3385 1351 3479 1395 tuo

1913 1430 2213 1499 concepisti
2240 1428 2474 1484 Verbum
2501 1431 2643 1485 Patri
2672 1442 3028 1497 comtcrnutn,
3051 1442 3104 1486 et
3136 1434 3478 1486 int-arnatunt

1913 1519 2195 1588 peperisti,
2227 1535 2256 1573 a
2285 1537 2393 1590 quo
2424 1523 2692 1577 universis
2739 1539 2802 1577 ex
2843 1522 3015 1576 Adam
3059 1524 3200 1577 natis
3227 1523 3338 1592 jam
3370 1524 3482 1578 eol-

1914 1611 2084 1680 lapsis
2111 1613 2345 1666 donatur
2374 1616 2667 1683 reparatio.

1984 1700 2279 1760 thlimior
2310 1706 2466 1760 ccelis
2491 1706 2601 1760 visa
2629 1721 2714 1771 es,
2747 1706 2915 1760 Deum
2944 1707 3207 1761 caelorum
3235 1706 3416 1773 enixa,
3449 1722 3481 1760 ο

1915 1797 2244 1866 castissima,
2301 1801 2394 1870 qui
2425 1800 2739 1857 caelestibus
2782 1813 2992 1856 terrena
3025 1803 3329 1872 conjunxit,
3365 1803 3480 1855 sui-

248 1903 484 1970 ἁψαντα.
545 1902 640 1955 καὶ
680 1903 779 1973 τὴν
812 1902 1106 1969 ἐπίγνωσιν
1139 1900 1302 1954 αὐτοῦ
1341 1902 1473 1953 πᾶσι
1511 1898 1813 1967 παρέχοντα

1918 1906 2024 1958 que
2049 1893 2411 1961 cognitionem
2461 1894 2619 1966 233
2659 1896 2888 1964 praebuit
2915 1896 3168 1950 omnibus
3198 1895 3482 1950 clamanti-

248 1998 361 2058 τοῖς
387 1994 573 2064 βοῶσι⁹
609 1995 790 2049 Πάντα
822 1995 890 2048 τά
926 1993 1083 2065 ἔργα,
1110 1995 1329 2064 ὑμνεῖτε
1364 1991 1452 2046 τὸν
1483 1991 1704 2063 Κύριον.

319 2088 510 2156 Φωνὴν
566 2104 649 2139 σοι
705 2085 936 2157 βοῶμεν,
1008 2086 1274 2156 Παρθένε,
1343 2084 1655 2154 περιχαρῶς
1719 2079 1813 2133 τοῦ

247 2180 592 2250 ἀρχαγγέλου
617 2196 632 2211 ο
685 2180 876 2248 Χαῖρε,
902 2179 1000 2247 τῆς
1030 2177 1276 2246 κατάρας
1328 2178 1362 2247 ἡ
1399 2175 1551 2238 λύσις
1573 2193 1586 2206 ο
1624 2172 1813 2226 δεινῶν

249 2271 544 2336 παντοίων,
566 2273 792 2343 χαῖρε.ή
818 2271 1154 2341 λύτρωσις,ὴ
1177 2272 1298 2333 τοὺς
1320 2269 1542 2340 βροτοὺς
1567 2267 1814 2319 θεὼσασα

245 2369 315 2435 τῇ
343 2364 486 2435 ὑπὲρ
524 2363 648 2417 νοῦν
679 2366 942 2436 κυοφορίςρ.
973 2381 1088 2418 σου.

261 2488 364 2542 Ἐκ
397 2488 505 2542 τοῦ
547 2489 796 2553 κανόνος
824 2489 912 2554 είς
935 2487 1073 2554 τοὺς
1100 2488 1164 2555 ἀγ
1178 2487 1308 2551 ίους
1344 2484 1650 2552 μάρτυρας
1682 2485 1810 2549 Μη-

341 2559 479 2623 νᾶν,
527 2559 908 2627 Ἑρμογένην,
941 2558 1039 2611 καὶ
1075 2559 1411 2626 Εὕγγδαερον,
1446 2555 1633 2623 ἡμέρᾳ
1675 2559 1726 2606 ι’.

331 2703 648 2771 Ῥυσθῆναι,
674 2704 822 2773 Κόρη
867 2703 1199 2772 πανάμωμε,
1237 2700 1422 2755 παθῶν
1461 2699 1813 2770 ἐπικρατείας

246 2798 373 2860 τοὺς
391 2797 610 2860 δούλους
637 2813 752 2860 σου,
770 2797 861 2849 τὸν
880 2795 972 2849 σὸν
993 2795 1225 2857 ἐκτενῶς
1253 2793 1462 2847 ἱκέτευε
1488 2793 1691 2863 Κύριον
1720 2792 1812 2845 καὶ

243 2889 545 2960 Δεσπότην,
565 2889 624 2941 ὃν
649 2892 712 2941 ὲκ
742 2889 851 2941 τῶν
877 2887 1005 2952 σῶν,
1035 2889 1295 2957 πάναγνε,
1325 2888 1571 2957 αἱμάτων
1600 2886 1812 2954 ἐσωμά-

245 2998 424 3044 τωσας
460 2983 592 3052 ἡμῖν
631 2982 1130 3052 προσομιλήσαντα.

315 3165 504 3236 Μόνην
534 3165 749 3233 γυναιξί
783 3182 842 3220 σε
877 3163 976 3236 τὴν
1006 3163 1218 3235 ὡραίαν
1250 3162 1326 3234 τῷ
1364 3163 1548 3217 κάλλει
1575 3163 1809 3235 εὑράμε-

1920 1983 2021 2038 bus
2055 1981 2284 2039 :Otnnia
2315 2001 2501 2054 opera,
2531 1987 2751 2042 laudate
2778 1986 3089 2042 Dominum.

1988 2075 2123 2131 Cum
2153 2093 2288 2132 voce
2327 2079 2635 2149 archangeli
2670 2080 2734 2134 ad
2783 2088 2836 2134 te
2876 2079 3119 2134 lzetanter
3153 2079 3478 2145 clamamus,

1919 2185 1951 2224 ο
1985 2169 2184 2240 Virgo:
2210 2171 2342 2238 Ave,
2388 2172 2782 2226 maledictionis
2813 2173 3014 2226 solutio
3042 2187 3198 2233 :ave,
3233 2173 3478 2226 omnium

1921 2265 2184 2317 malorum
2219 2264 2541 2333 redemptio,
2577 2280 2695 2335 qua:
2725 2273 2883 2334 partu
2937 2272 3031 2318 tuo
3075 2264 3482 2335 inexcogitahili

1921 2355 2167 2410 homines
2208 2356 2496 2410 deiﬁcasti.

1920 2481 2003 2535 Ex
2032 2499 2229 2537 canone
2263 2483 2318 2535 in
2352 2463 2484 2551 festo
2515 2481 2618 2537 SS.
2667 2494 2855 2550 Mente,
2897 2484 3241 2555 Hermogenis
3288 2494 3337 2540 et
3371 2484 3484 2540 Ett-

2314 2555 2497 2623 graplu'
2532 2565 2844 2624 martyrum,
2868 2554 2951 2608 die
2981 2557 3065 2610 10.

1991 2697 2060 2753 Ut
2086 2699 2225 2753 servi
2258 2700 2332 2753 ttti
2382 2715 2412 2754 a
2457 2701 2775 2770 passionum
2821 2701 3111 2771 tyrannide
3162 2702 3480 2770 liberentur,

1917 2807 2104 2857 exora,
2126 2809 2159 2847 ο
2187 2794 2670 2848 intetneratissima
2691 2792 2897 2856 Puella,
2922 2795 3167 2864 impense
3193 2795 3482 2850 Dominum

1919 2898 1982 2938 ac
2037 2882 2327 2953 Despotam
2366 2893 2552 2945 tuum.
2588 2900 2746 2953 quem
2794 2901 2862 2939 ex
2905 2887 3074 2939 castis
3123 2888 3483 2956 sanguinibus

1919 2975 2026 3028 tuis
2081 2976 2423 3043 corporasti,
2475 2991 2509 3030 ο
2544 2977 2887 3041 castissima,
2939 2979 3146 3034 uuiuue
3197 2980 3482 3035 nobiscum

1918 3075 2271 3120 conversatus
2297 3077 2400 3120 65L

1991 3157 2172 3211 Solam
2206 3169 2257 3212 te
2289 3158 2431 3214 inter
2471 3159 2725 3214 mulieres
2755 3162 3159 3230 pulchritudine
3184 3166 3484 3233 speciosam

245 3273 363 3322 νος,
393 3254 780 3325 σωματοφόρος
808 3257 872 3308 ἐκ
888 3255 1119 3324 γαστρός
1144 3270 1236 3306 σου
1268 3252 1619 3323 προελήλυθε,
1641 3253 1812 3324 Κόρη,

1922 3249 2203 3304 inveniens
2234 3249 2509 3315 Christus,
2541 3267 2574 3304 ο
2599 3251 2805 3317 Puella,
2865 3253 3175 3309 incarnatus
3223 3260 3488 3325 processit

246 3347 504 3415 Χριστὸς,
537 3345 710 3407 θείαις
761 3346 1059 3416 ὡραιότησι
1132 3343 1613 3414 καταφαιδρύνασα
1663 3345 1816 3413 γένος

244 3437 406 3508 ἡμῶν
429 3452 442 3464 ·
473 3436 597 3489 ὅθεν
626 3452 685 3488 σε
715 3435 1064 3506 γεραίρομεν.

331 3528 554 3592 Ῥάϐδος
594 3532 658 3581 ἐκ
685 3529 779 3598 τῆς
817 3526 972 3598 ῥίζης
1022 3525 1216 3580 Ἰεσσαὶ
1256 3526 1350 3582 καὶ
1373 3526 1552 3589 ἄνθος,
1586 3527 1815 3581 ἀνεϐλά-

248 3638 454 3692 στησας
482 3622 572 3675 τὸν
596 3620 898 3691 φυτουργὸν
921 3621 1210 3690 πάσηςητῆς
1228 3621 1478 3685 κτίσεως,
1501 3621 1819 3690 μαράναντα

244 3715 318 3767 τὰ
348 3713 494 3782 φυτά
521 3713 622 3781 τῆς
652 3713 904 3782 ἀκάρπου
938 3712 1211 3780 γνώσεως,
1233 3711 1414 3762 πίστιν
1448 3727 1507 3763 σε
1529 3713 1659 3780 ἡμῖν
1685 3713 1819 3781 ἀλη-

245 3807 516 3875 θεστάτην
568 3803 913 3875 φυτεύσαντα
961 3801 1220 3867 εὐσεϐῶς,
1280 3802 1516 3872 άχραντε
1578 3803 1815 3872 ιιαρθένε

245 3897 392 3951 πανύ
403 3915 593 3967 μνητε.

330 3990 528 4057 Ἀγίων
586 3989 874 4056 ἀγγέλων,
940 3988 1185 4058 Παρθένε
1241 3988 1415 4058 ἁγνὴ,
1481 3989 1821 4057 ὑπερέχουσα

243 4081 461 4151 ὤφθης,
493 4082 747 4152 κυήσασα
779 4080 974 4151 βουλῆς
1002 4079 1245 4150 μεγάλης
1275 4079 1503 4146 ἄγγελοι
1523 4078 1656 4131 Θεὸν
1694 4078 1821 4147 Ἐμ-

249 4175 521 4242 μανουὴλ,
565 4173 791 4244 βροτοὺς
830 4173 1188 4243 ὲπουρανίους
1221 4171 1386 4225 αὐτοῦ
1427 4174 1492 4241 τῇ
1525 4170 1821 4223 καταῦάσει

244 4265 651 4334 ἐργασάμενον,
678 4264 850 4335 Κόρη,
875 4264 941 4318 δι’
976 4263 1374 4332 εὐσπλαγχνίαν
1403 4263 1714 4331 ἀδιήγητον.

329 4452 503 4521 Ἕστη
542 4452 706 4520 μέχρι
745 4449 862 4514 σοῦ,
897 4450 1162 4520 Παρθένε,
1192 4450 1218 4500 ὁ
1250 4448 1478 4511 θάνατος
1504 4465 1516 4480 ο
1544 4448 1686 4518 ζωὴν
1715 4449 1822 4518 γὰρ

256 4544 500 4616 Χριστὸν
532 4544 904 4613 ἐκυοφόρησας
950 4544 1040 4597 τὸν
1077 4543 1413 4613 δωρούμενον
1443 4542 1694 4613 καθαρῶς
1742 4542 1821 4604 είς

249 4637 419 4691 αὐτὸν
472 4637 599 4700 τοὺς
656 4635 1006 4698 πιστεύοντας
1050 4635 1148 4705 τὴν
1195 4636 1460 4689 ἀθάνατον
1516 4635 1606 4688 καὶ
1671 4633 1821 4686 θείαν

251 4731 680 4801 ἀπολύτρωσιν
716 4729 926 4795 τοῦτον,
983 4729 1244 4797 παναγὶα,
1283 4730 1506 4800 αῖτησαι
1539 4729 1820 4800 λυιρ-ωθῆ-

250 4841 344 4877 ναι
394 4822 755 4891 πταισμάτων
786 4823 908 4884 τοὺς
941 4820 1158 4882 δούλους
1200 4837 1314 4873 σου.

323 4915 400 4968 Οὐ
435 4913 636 4983 φλέξας
674 4930 768 4965 σου
803 4914 901 4983 τὴν
947 4915 1183 4983 μήτραν,
1211 4914 1271 4966 οὐ
1311 4912 1574 4977 σαλεύσας
1624 4912 1823 4983 παρθε-

247 5009 372 5070 νίας
405 5007 696 5078 σήμαντρα
743 5006 771 5058 ὁ
824 5007 1124 5076 σαρκωθεὶς
1162 5006 1333 5073 Λόγος
1368 5010 1431 5059 ὲκ
1468 5007 1560 5059 σοῦ
1595 5009 1826 5079 προελή-

251 5098 407 5162 λυθε,
465 5096 726 5168 παρέχων
770 5095 901 5166 ἡμῖν
949 5097 1262 5167 ἀφθαρσίαν
1302 5098 1396 5150 καὶ
1443 5097 1608 5168 ζωὴν,
1651 5100 1824 5170 Κόρη,

250 5193 364 5255 τοῖς
391 5189 688 5260 μέλπουσιν
707 5205 722 5219 ο
757 5189 818 5243 ὐ
839 5188 946 5242 τῶν
976 5189 1227 5257 πατέρων
1258 5189 1358 5242 Θεὸ
1395 5229 1410 5255 ,
1435 5190 1722 5259 εὐλογητὸς
1753 5189 1823 5244 εἷ.

324 5375 570 5445 Στάμνον
615 5390 674 5425 σε
710 5373 772 5425 τὸ
837 5372 1012 5443 μάννα
1057 5373 1400 5445 κεκτημένην
1445 5376 1544 5446 τῆς
1579 5376 1827 5448 θεότητος

254 5470 526 5540 ἔγνωμεν,
557 5467 731 5536 Κόρη.
760 5465 1014 5530 κιϐωτὸν,
1033 5467 1128 5519 καὶ
1151 5466 1450 5536 τράπεζαν,
1473 5472 1567 5524 καὶ
1583 5470 1826 5542 λυχνίαν,

257 5566 351 5616 καὶ
388 5561 582 5632 θρόνον
622 5559 780 5625 Θεοῦ,
823 5560 916 5613 καὶ
958 5560 1241 5627 παλάτιον,
1290 5565 1383 5615 καὶ
1427 5562 1668 5634 γέφυραν
1704 5582 1830 5634 μετ-

256 5659 500 5724 άγουσαν
533 5653 666 5722 πρὸς
685 5653 834 5707 θείαν
869 5654 1012 5724 ζωὴν
1042 5657 1167 5718 τοὺς
1200 5657 1614 5727 ἀναμέλποντας
1635 5675 1647 5687 ·
1667 5659 1829 5712 Εὐλο-

255 5747 423 5814 γείτω
455 5747 487 5816 ἡ
530 5745 708 5808 κτίσις
745 5747 897 5800 πᾶσα
952 5748 1042 5800 τὸν
1088 5748 1312 5819 Κύριον,
1350 5752 1441 5804 καὶ
1473 5752 1831 5823 ὐπερυψούτω

256 5844 336 5908 εἰς
369 5842 580 5903 πάντας
615 5841 739 5902 τούς
768 5840 989 5905 αἰῶνας.

583 5940 850 6001 Ρηιιοι..
891 5940 1004 6002 Gtt.
1041 5941 1163 6002 CV.

1917 3355 1980 3394 ex
2013 3349 2167 3394 utero
2202 3352 2315 3407 tuo,
2363 3343 2544 3395 divina
2585 3344 2992 3413 pulchritudine
3023 3347 3285 3401 decorans
3313 3363 3486 3417 genus

1921 3443 2202 3500 nostrum;
2235 3436 2594 3503 quamobrem
2635 3447 2686 3490 te
2719 3453 3063 3492 veneramur.

1997 3523 2151 3595 Virga
2187 3542 2252 3580 ex
2278 3528 2461 3581 radice
2487 3527 2657 3594 Jesse,
2695 3528 2882 3584 liorem
2917 3532 3190 3601 protttlisti
3223 3533 3490 3589 universa:

1919 3627 2184 3671 creatura:
2209 3628 2445 3673 satorcm
2472 3662 2484 3681 ,
2519 3621 2610 3689 qui
2643 3620 2976 3690 infrugil'eru:
3011 3623 3254 3678 scientiae
3277 3625 3489 3693 plantas

1919 3709 2165 3775 arefecit,
2206 3710 2364 3764 ﬁdem
2392 3724 2572 3764 autem
2606 3714 2947 3767 verissimam
2991 3717 3146 3770 nobis
3170 3732 3294 3771 cum
3325 3720 3490 3773 devo-

1922 3802 2071 3856 tione
2101 3803 2385 3871 plantavit,
2422 3819 2453 3857 ο
2484 3802 2647 3875 Virgo
2699 3805 2979 3873 inviolata,
3011 3809 3160 3862 omni
3212 3811 3370 3866 laude
3405 3813 3490 3866 di-

1923 3894 2206 3963 gnissima.

1994 3986 2210 4040 Sanctis
2260 3989 2469 4057 angelis
2517 3989 2847 4044 eminentior
2900 3994 3223 4061 apparuisti,
3267 4010 3301 4049 υ
3331 3995 3492 4066 Virgo

1922 4089 2094 4145 casta,
2126 4082 2307 4150 magni
2347 4082 2562 4136 consilii
2603 4084 2894 4153 Angelum,
2941 4084 3110 4140 Deum
3172 4087 3490 4145 Emmanuel

1926 4173 2111 4236 enixa,
2140 4175 2234 4241 qui
2274 4173 2632 4230 descensione
2661 4184 2824 4246 atque
2857 4177 3237 4235 humiliatione
3267 4197 3364 4237 sua
3398 4183 3494 4237 ho-

1927 4266 2101 4320 mines
2136 4265 2262 4321 feeit
2311 4269 2584 4332 caelestes,
2627 4283 2658 4321 ο
2700 4267 2906 4334 Puella,
2957 4281 3174 4343 propter
3210 4275 3494 4330 inenarra-

1926 4358 2087 4412 bilem
2122 4359 2549 4413 misericordiam
2578 4376 2755 4415 suam.

2003 4452 2184 4521 Usque
2231 4453 2296 4506 ad
2347 4462 2400 4507 te
2438 4469 2588 4508 mors
2638 4457 2966 4524 perduravit,
3018 4473 3052 4512 ο
3098 4457 3292 4529 Virgo;
3329 4459 3490 4514 vitam

1853 4582 1899 4640 Β
1925 4542 2068 4594 enint
2101 4543 2378 4596 Christum
2429 4542 2685 4612 genuisti,
2719 4547 2812 4613 qui
2871 4562 3004 4615 pure
3036 4549 3088 4600 in
3127 4564 3184 4602 se
3219 4549 3491 4602 credenti-

1927 4634 2029 4688 bus
2078 4634 2439 4688 immortalem
2481 4651 2544 4688 at:
2575 4635 2813 4690 divinam
2859 4640 3280 4709 redemptionem
3316 4641 3491 4694 dona-

1927 4729 2023 4783 vit.
2059 4727 2235 4792 llunc,
2269 4743 2302 4782 ο
2334 4729 2704 4793 sanctissima,
2743 4731 3054 4800 deprecare,
3091 4743 3148 4787 ut
3180 4733 3323 4788 servi
3354 4735 3428 4786 tui
3461 4754 3490 4787 a

1925 4819 2165 4888 lapsibus
2191 4820 2506 4874 liherentur.

2005 4909 2238 4965 Verbum
2296 4928 2360 4966 ex
2422 4923 2472 4967 te
2527 4914 2891 4981 incarnatum,
2937 4931 2970 4969 ο
3015 4915 3224 4983 Puella,
3280 4932 3492 4993 uterum

1929 5015 2082 5058 tuum
2111 5021 2220 5060 non
2250 5007 2600 5070 comburens,
2643 5007 2970 5078 virginitatis
3012 5011 3164 5078 signa
3207 5026 3315 5064 non
3344 4993 3498 5065 cont-

1929 5118 2174 5167 movens,
2257 5104 2563 5170 processit,
2621 5104 2869 5172 prtebens
2927 5104 3389 5173 incorruptionem
3438 5117 3498 5161 et

1929 5197 2093 5250 vitam
2126 5196 2285 5250 nobis
2329 5197 2745 5251 concinentibus
2789 5214 2802 5249 :
2848 5197 3011 5268 235
3055 5197 3375 5255 Benedictus
3413 5215 3495 5263 es,

1919 5284 2074 5344 Deus
2106 5302 2319 5359 patrum
2351 5301 2682 5344 nostrorum.

2001 5383 2077 5437 Te
2113 5399 2326 5445 ttrttant,
2359 5382 2660 5437 divinitatis
2692 5397 2890 5436 manna
2925 5385 3294 5437 continentem
3327 5397 3497 5453 agno-

1930 5477 2134 5536 vimus,
2163 5489 2196 5527 ο
2219 5474 2402 5527 Puella
2431 5492 2444 5526 :
2471 5485 2523 5527 te
2552 5487 2734 5527 arcam
2761 5483 2815 5528 et
2849 5490 3115 5539 mensam,
3143 5485 3192 5526 te
3218 5475 3495 5527 lucernam

1933 5581 1995 5620 ac
2035 5568 2290 5618 thronum
2325 5564 2416 5617 Dei
2443 5604 2456 5624 .
2483 5574 2532 5618 te
2563 5563 2820 5632 palatium
2847 5572 2897 5617 et
2922 5573 3136 5632 pontem
3165 5563 3230 5616 ad
3260 5565 3497 5616 divinam

1935 5659 2100 5711 vitam
2135 5655 2576 5710 transducentcm
2601 5671 2696 5711 eos
2720 5656 2814 5725 qui
2845 5656 3143 5709 concinunt
3169 5672 3181 5708 :
3211 5652 3502 5708 Benedieat

1933 5750 2110 5805 omnis
2163 5758 2412 5803 creatuta
2449 5748 2700 5816 Domino,
2757 5757 2810 5804 et
2859 5749 3226 5817 superexaltct
3270 5762 3396 5802 eum
3447 5747 3498 5797 in

1938 5844 2117 5898 omnia
2147 5841 2366 5897 saecula.

2995 5934 3073 5994 1ιο
