4180 6450
710 403 848 473 1259

1845 407 1903 467 S.
1944 405 2255 468 JOSEPHI
2295 406 2849 469 HYMNOGRAPHI

3806 413 3945 478 1260

773 519 1128 593 Splendorcm
1162 516 1467 588 fulgureum
1498 525 1685 586 partus
1729 518 1808 571 tui
1855 530 2047 573 natura
2091 527 2272 573 nostra

2457 527 2664 591 Φέγγος
2682 522 2968 593 ἀστραπῆς
2990 521 3086 575 τοῦ
3106 522 3264 576 τόκου
3294 540 3386 577 σου
3414 525 3447 594 ἠ
3477 523 3756 578 ἀπωθείσα
3786 528 3949 593 φύσις

704 616 913 685 abiecta
940 611 1097 675 vidit,
1118 628 1153 664 ι)
1184 610 1564 681 purissima,et
1586 626 1614 664 a
1633 619 1789 664 nocte
1820 610 2143 681 ignorantize
2166 621 2219 665 et
2242 627 2271 664 a

710 708 998 761 tenebrosa
1033 704 1349 774 passionum
1383 702 1704 758 confusione
1736 704 1960 759 liberata
1991 714 2071 758 est
2100 723 2111 757 :
2147 720 2273 774 pro-

706 808 886 865 pterea
908 806 958 850 te
974 808 1229 865 tanquam
1245 794 1439 850 salutis
1457 803 1656 849 nostra:
1673 810 1895 850 causam
1923 811 2273 852 veneramur.

706 908 790 961 Ea:
814 925 1011 963 canone
1042 909 1094 961 in
1124 906 1259 975 [esto
1290 905 1347 960 Si
1384 906 1621 960 Danielis
1652 907 1859 977 Stylilw
1884 911 2045 979 conﬂ,
2068 909 2153 963 die
2184 910 2271 965 11.

772 1090 942 1145 Totus
974 1091 1139 1143 homo
1172 1104 1236 1145 ac
1263 1088 1539 1159 perfectus
1558 1090 1829 1159 apparuit,
1862 1104 2189 1159 permanens
2221 1092 2274 1147 id

703 1184 849 1253 quod
892 1191 1011 1237 erat
1041 1183 1203 1235 etiam
1238 1188 1358 1249 post
1416 1180 1879 1245 incarnationem,
1917 1180 2276 1237 immutabilis

704 1274 993 1339 Dominus,
1024 1275 1115 1343 qni
1141 1288 1205 1326 ex
1222 1282 1281 1329 .te
1308 1280 1471 1328 natus
1506 1281 1609 1339 est,
1643 1287 1675 1325 o
1711 1271 1963 1343 Deipara.

774 1364 969 1419 Libera
1022 1381 1129 1429 me,
1164 1363 1415 1431 Domina,
1452 1381 1481 1419 a
1524 1364 1841 1435 passionum
1896 1367 2177 1431 violentia.
2221 1379 2276 1424 ct

702 1475 950 1531 expugna
1000 1475 1148 1515 nunc
1186 1462 1371 1514 hostes
1403 1460 1787 1529 impugnantes
1838 1476 1922 1514 me
1960 1478 1973 1515 :
2024 1462 2273 1517 stabilem

702 1570 788 1609 me
811 1554 965 1608 lirma
997 1554 1048 1608 in
1073 1563 1221 1623 petra
1246 1554 1444 1607 divina:
1472 1554 1804 1621 voluntatis;
1828 1556 2067 1610 animam
2096 1572 2273 1612 meam

703 1648 975 1713 illumina,
1002 1662 1034 1701 ο
1065 1646 1380 1716 portalucis
1413 1646 1633 1702 divinae.

770 1740 987 1794 Naturae
1029 1742 1173 1810 leges
1201 1741 1255 1795 in
1283 1749 1332 1795 te
1372 1739 1646 1796 innovatze
1671 1751 1833 1809 sunt;
1864 1740 2100 1797 Verbum
2128 1742 2272 1797 enim

702 1834 1093 1905 legislatorem,
1138 1848 1171 1888 ο
1210 1834 1542 1900 castissima,
1582 1851 1707 1890 vere
1752 1850 1917 1902 supra
1956 1848 2179 1891 causam
2212 1851 2275 1891 ac

703 1929 1002 1993 rationem,
1061 1927 1320 1998 genuisti,
1354 1928 1497 1997 quod
1524 1930 1592 1982 ab
1634 1930 2048 1986 irrationalitate
2076 1931 2275 1985 libera-

706 2020 776 2071 vit
802 2034 973 2088 genus
1003 2018 1310 2083 hominum,
1343 2020 1433 2088 qui
1470 2019 1702 2074 ﬁdeliter
1722 2021 2019 2077 concinunt
2048 2040 2061 2075 :
2092 2021 2273 2078 Gloria

701 2113 957 2181 potentia:
990 2123 1118 2175 tua),
1159 2127 1191 2165 o
1228 2123 1442 2167 amator
1473 2114 1779 2169 hominum.

778 2206 1068 2260 Dominum
1094 2207 1282 2273 enixa,
1318 2209 1574 2277 supernis
1604 2209 1965 2277 potestatibus
1990 2210 2276 2265 sublimior

705 2298 843 2351 laeta
894 2313 976 2361 es,
1035 2298 1436 2368 hominumque
1471 2311 1719 2353 naturam
1759 2300 2043 2367 deiﬁcasti,
2075 2316 2108 2357 o
2158 2303 2274 2357 sola

701 2390 849 2444 υιιιιιί
885 2390 1041 2445 laude
1091 2391 1434 2460 dignissima.
1476 2390 1635 2447 Unde
1688 2400 1740 2446 te
1771 2393 2112 2449 verissimam
2150 2392 2275 2449 Dei-

705 2500 917 2553 param,
959 2500 992 2537 υ
1034 2482 1219 2554 Virgo,
1262 2500 1362 2539 nos
1412 2484 1597 2540 ﬁdeles
1631 2486 1795 2540 corde
1839 2498 1895 2540 et
1938 2501 2034 2542 ore
2071 2488 2274 2557 gloriﬁ-

701 2592 912 2630 C'JIIIUS.

773 2668 851 2724 Te
876 2669 1239 2739 patrocinium
1272 2684 1335 2724 ac
1369 2670 1838 2740 prOpuguaculum
1866 2686 2058 2727 omnes
2090 2671 2275 2726 ﬁdeles

702 2763 990 2827 habemus,
1046 2763 1138 2831 qui
1180 2763 1232 2816 in
1294 2762 1567 2832 profundo
1603 2764 1897 2828 malorum,
1938 2774 1992 2819 et
2048 2763 2102 2817 in
2158 2764 2274 2820 salo

703 2855 1117 2909 tribulationum
1172 2870 1388 2924 semper
1455 2854 1853 2925 periclitamur,
1914 2870 1947 2910 o
2011 2854 2272 2925 Deipara,

703 2949 817 3003 sola
852 2948 1131 3002 hominum
1160 2949 1495 3017 prazsidium.

775 3039 1014 3109 Propitia
1051 3050 1170 3093 esto
1210 3039 1368 3101 mihi,
1406 3037 1607 3108 Virgo;
1641 3048 1693 3093 et
1740 3053 1825 3093 me
1855 3038 2060 3108 peccati
2091 3039 2274 3093 rhom-

702 3133 852 3200 phma
889 3132 1232 3186 vulneratum
1267 3131 1429 3202 235
1466 3131 1709 3185 fomento
1735 3132 2146 3187 intercessionis
2170 3143 2275 3187 tua!

2377 618 2553 686 ἡμῶν,
2611 615 2943 684 πανάμωμε,
3001 610 3131 675 εἶδε,
3188 616 3280 669 καὶ
3312 617 3504 680 νυκτὸς
3559 616 3618 682 ἐξ
3672 618 3948 684 ἀγνωσίας

2376 710 2729 780 λελύτρωται,
2762 709 2858 761 καὶ
2890 707 3076 761 παθῶν
3118 709 3216 779 τῆς
3259 711 3561 774 σκοτώδους
3593 710 3909 780 συγχύσεως
3929 729 3943 739 ·

2375 804 2455 856 διό
2490 818 2548 854 σε
2580 802 2654 864 ὡς
2684 800 2865 854 αἰτίαν
2892 800 2992 871 τῆς
3027 801 3301 870 σωτηρίας
3340 801 3499 873 ἡμῶν
3531 802 3784 872 σέϐομεν.

2388 916 2487 966 Ἐκ
2522 913 2629 966 τοῦ
2673 915 2933 979 κανόνος
2957 914 3043 977 εις
3068 912 3175 963 τὸν
3215 910 3388 964 ὅσιον
3418 910 3645 979 Δανιὴλ
3672 911 3777 964 τὸν
3798 913 3950 965 Στυ-

2902 983 3101 1050 λίτην,
3143 982 3335 1051 ἡμέρᾳ
3361 988 3451 1037 ια’.

2448 1096 2608 1157 Ὀλος
2641 1094 2925 1167 ἄνθρωπος
2957 1092 3140 1163 ὤφθη,
3188 1095 3377 1163 μείνας
3402 1095 3538 1165 ὅπερ
3564 1089 3650 1164 ἦν,
3682 1095 3775 1149 καὶ
3810 1095 3949 1164 μετὰ

2378 1190 2675 1260 σάρκωσιν,
2727 1190 2755 1241 ὀ
2804 1190 2868 1241 ὲκ
2916 1185 3009 1240 σοῦ
3071 1185 3205 1250 Θεὸς
3256 1187 3537 1258 γεννηθεὶς
3584 1186 3949 1249 ἀναλλοίωτος

2377 1283 2597 1351 Κύριος.

2463 1371 2656 1426 Ῥὖσαι
2694 1372 2795 1441 τῆς
2823 1372 2933 1425 τῶν
2966 1372 3156 1426 παθῶν
3190 1389 3255 1443 με
3288 1372 3609 1444 ἐπαγωγῆς,
3640 1373 3907 1426 Δέσποινα
3931 1412 3946 1434 ,

2376 1467 2469 1520 καὶ
2503 1466 2627 1530 τοὺς
2656 1464 3033 1537 πολεμοῦντας
3062 1464 3291 1535 ἐχθρούς
3317 1482 3384 1535 με
3415 1464 3511 1517 νῦν
3546 1463 3946 1535 ἐκπολέμησον·

2378 1558 2635 1629 στήριξον
2689 1557 2867 1629 πέτρᾳ
2898 1575 2967 1629 με
3012 1560 3079 1628 τῇ
3126 1557 3221 1609 τοῦ
3258 1556 3395 1610 Θεοῦ
3451 1556 3794 1628 θελημάτων·
3851 1556 3954 1625 τὴν

2375 1652 2555 1722 ψυχήν
2590 1669 2691 1722 μου
2716 1650 2972 1719 φώτισον,
3008 1650 3151 1721 πύλη
3177 1649 3270 1703 τοῦ
3300 1650 3444 1704 θείου
3474 1649 3671 1718 φωτός,

2446 1741 2622 1810 Νόμοι
2650 1741 2706 1792 ὲν
2736 1739 2817 1792 σοὶ
2846 1739 3064 1808 φύσεως
3095 1740 3615 1810 κεκαινοτόμηνταιο
3653 1737 3951 1808 νομοδότην

2378 1833 2551 1902 Λόγον
2583 1833 2691 1903 γάρ
2718 1832 3017 1904 ἐγέννησας
3046 1833 3186 1903 ὑπὲρ
3208 1832 3387 1886 αἰτίαν
3421 1833 3498 1896 ὡς
3537 1831 3773 1900 άληθῶς,
3812 1831 3952 1883 πάν-

2378 1942 2534 1993 αγνε,
2571 1925 2667 1978 καὶ
2720 1925 2900 1995 λόγον,
2944 1926 3043 1997 τῆς
3079 1925 3302 1994 ἀλογίας
3348 1926 3655 1996 ῥυσάμενον
3702 1924 3765 1978 τὺ
3796 1924 3952 1993 γένος

2376 2019 2484 2072 τῶν
2514 2019 2611 2071 ἀνθ
2622 2018 2841 2087 ρώπων,
2867 2019 2975 2098 τῶν
3003 2018 3212 2082 πιστῶς
3242 2018 3654 2089 μελῳδούντων
3678 2019 3723 2071 Τ
3725 2021 3759 2089 ᾖ
3792 2018 3952 2072 δυνά-

2380 2128 2469 2181 μει
2504 2128 2596 2163 σου
2626 2111 2775 2177 δόξα,
2809 2111 3160 2183 φιλάνθρωπε

2449 2205 2553 2257 Τὸν
2579 2205 2864 2274 Δεσπότην
2897 2205 3135 2259 τεκοῦσα
3168 2205 3359 2277 ὤφθης
3389 2206 3665 2277 ὑπερτιρα
3698 2201 3806 2255 τῶν
3839 2202 3955 2256 ἄνω

2376 2296 2689 2366 δυνάμεων,
2712 2298 2805 2351 καὶ
2836 2297 3046 2369 βροτῶν
3076 2299 3174 2370 τὴν
3202 2299 3362 2369 φύσιν
3388 2297 3782 2367 ὲθεούργησαςν
3814 2294 3953 2363 μόνη

2376 2389 2733 2460 πανύμνητε”
2786 2391 3049 2443 Θεοτόκον
3122 2391 3248 2445 ὅθεν
3301 2390 3605 2459 παναληθεῖ
3654 2387 3800 2456 ψυχῇ
3858 2387 3956 2438 καὶ

2376 2480 2599 2553 γλώσσῃ
2628 2483 2677 2535 οἱ
2702 2484 2882 2537 πιστοί
2916 2502 2998 2549 σε,
3036 2485 3302 2554 Παρθένε,
3333 2481 3649 2551 δοξάζομεν.

2447 2669 2513 2721 Σὲ
2555 2666 2891 2736 προστασίαν
2923 2666 3121 2720 πιστοὶ.
3138 2667 3232 2721 καὶ
3284 2666 3463 2735 τεῖχος
3503 2666 3705 2730 πάντες
3755 2668 3956 2736 κεκτή-

2378 2760 2541 2830 μεθα,
2576 2763 2625 2812 οἱ
2656 2760 2715 2812 ὲν
2744 2758 2892 2829 βυθῷ
2930 2758 3037 2811 τῶν
3070 2759 3256 2813 κακῶν
3282 2760 3375 2813 καὶ
3406 2758 3553 2829 σάλῳ
3572 2760 3683 2812 τῶν
3718 2759 3955 2827 θλίψεων

2375 2848 2463 2902 ἀεὶ
2510 2848 2934 2912 κινδυνεύοντες,
2972 2848 3203 2902 Θεοτόκε
3261 2849 3423 2920 μόνη,
3471 2848 3580 2902 τῶν
3630 2849 3843 2919 βροτῶν
3890 2850 3958 2901 τὸ

2376 2959 2551 3010 καταφ
2562 2941 2733 3010 ύγιον.

2447 3034 2615 3095 Ἴλεος
2646 3034 2736 3087 ἔσο
2761 3051 2874 3103 μοι,
2911 3034 3173 3106 Παρθένε,
3207 3037 3298 3089 καὶ
3324 3036 3599 3106 πληγέντα
3619 3053 3685 3107 με
3705 3035 3958 3106 ῥομφαία

2374 3127 2647 3198 ἁμαρτίας
2698 3131 2755 3181 ὲν
2802 3129 3088 3198 μωττώσει
3146 3130 3246 3197 τῆς
3295 3130 3391 3199 σῆς
3441 3129 3781 3201 θεράπευσον
3816 3144 3957 3198 πρε-

700 3241 832 3279 cura
870 3241 933 3280 ac.
962 3240 1118 3290 sana,
1143 3225 1271 3279 dum
1298 3226 1507 3280 clamo:
1547 3224 1872 3279 Benedictus
1905 3224 2114 3280 fructus
2145 3240 2272 3279 ven-

2380 3221 2569 3285 σὸείας
2605 3221 2916 3291 κράζοντα·
2947 3220 3327 3291 Εὐλογημένος
3374 3222 3403 3274 ὁ
3445 3220 3656 3290 καρπὸς
3701 3220 3800 3290 τῆς
3850 3219 3956 3288 σῆς

703 3316 799 3370 tris
833 3315 933 3369 tui.

770 3408 850 3463 Illi
904 3410 994 3479 qui
1057 3418 1107 3463 te
1145 3407 1427 3479 Deiparani
1486 3424 1607 3463 esse
1656 3408 1919 3473 sentiunt,
1973 3403 2269 3463 oDomina

702 3504 1051 3559 sanetiSsitna
1089 3512 1253 3572 atque
1313 3502 1462 3556 omni
1494 3502 1655 3557 laude
1698 3501 2043 3566 celebranda,
2096 3500 2271 3556 verbis

704 3597 811 3650 tuis
862 3597 1186 3650 inhairentes
1232 3610 1378 3648 nunc
1424 3594 1637 3649 beatam
1674 3604 1725 3647 te
1760 3595 1970 3657 dicunt,
2011 3595 2268 3663 quoniam

706 3683 921 3741 beatum
973 3687 1140 3741 Deum
1197 3687 1351 3741 nobis
1403 3686 1685 3756 peperisti,
1753 3701 1911 3755 quem
1966 3685 2019 3739 in
2060 3686 2273 3742 duabus

707 3779 916 3831 naturis
953 3787 1116 3847 atque
1149 3777 1306 3831 unica
1334 3791 1563 3846 persona
1598 3776 1888 3831 laudantes
1927 3776 2228 3830 clamamus
2256 3792 2270 3830 :

700 3872 743 3925 0
776 3870 949 3939 pueri,
1001 3870 1338 3936 benedicite;
1382 3871 1715 3930 sacerdotes,
1772 3869 2029 3935 laudate;
2062 3868 2268 3939 populi,

700 3964 1101 4032 supei‘esaltate
1125 3977 1247 4016 eum
1286 3963 1339 4015 in
1371 3963 1553 4015 omnia
1585 3962 1804 4017 saecula.

772 4054 939 4110 Parce
972 4056 1127 4119 mihi,
1168 4054 1441 4119 Salvator,
1478 4054 1571 4124 qui
1622 4064 1811 4119 natus,
1844 4042 2065 4109 illaesam
2109 4064 2271 4124 atque

705 4143 1076 4216 incorruptam
1147 4145 1480 4200 Genitricem
1532 4155 1680 4199 tuam
1751 4147 2090 4200 conservasti
2148 4156 2273 4216 post

703 4250 942 4308 partum,
996 4252 1122 4291 cum
1156 4237 1391 4300 SCtlebiS,
1418 4248 1474 4290 ut
1494 4237 1706 4304 judices
1736 4253 1896 4306 opera
1924 4253 2078 4299 mea;
2106 4238 2269 4291 dissi-

704 4331 917 4385 mulans
948 4330 1267 4396 iniquitates
1313 4345 1460 4382 meas
1501 4341 1557 4383 et
1584 4340 1804 4397 peccata
1835 4345 1975 4394 mea,
2010 4315 2268 4399 tanquam

704 4422 1096 4491 impcccabilis,
1127 4430 1386 4491 tanquam
1421 4422 1563 4476 Deus
1590 4423 1883 4477 miscrator
1900 4432 2063 4490 atque
2094 4423 2270 4477 homi-

705 4530 833 4568 lllllll
872 4522 1105 4567 amator.

2379 3313 2609 3375 κοιλίας.

2450 3406 2818 3469 υίΘεοτόκον,
2856 3406 3125 3459 Δέσποινα
3181 3406 3447 3474 παναγία,
3494 3405 3818 3477 φρονοῦντές
3868 3421 3953 3470 σε,

2385 3500 2629 3569 ῥήμασιν
2660 3499 2921 3569 ἑπόμενοι
2953 3500 3068 3561 τοῖς
3098 3500 3230 3563 σοῖς,
3262 3497 3582 3568 πανύμνητε
3617 3497 3812 3567 σεμνὴ,
3845 3515 3955 3567 μα-

2379 3589 2697 3659 καρίζομεν,
2732 3589 2816 3642 ὅτι
2870 3587 3003 3642 Θεὸν
3040 3589 3311 3658 μακάριον
3366 3589 3549 3653 ἔτεκες
3596 3591 3753 3660 ἡμῖν,
3798 3586 3860 3642 ὃν
3894 3591 3963 3640 ὲν

2377 3678 2499 3732 δυσὶ
2559 3679 2680 3742 ταῖς
2711 3680 2951 3744 οὐσίαις,
3007 3682 3105 3750 μιᾷ
3147 3680 3203 3733 δὲ
3236 3680 3532 3735 ὑποστάσει
3586 3678 3955 3749 ἀωμνοῦνπς

2380 3771 2611 3842 βοῶμεν·
2641 3772 2705 3822 Ol.
2732 3771 3249 3839 παῖδες,εὑλογείτε,
3270 3772 3781 3844 ίερεῐς,ἀνυμνεῖτε,
3800 3772 3954 3835 λαὸς,

2380 3862 2726 3934 ὑπερυψοῦτε
2754 3864 2835 3926 είς
2870 3863 3076 3926 πάντας
3107 3863 3232 3927 τοὺς
3254 3864 3478 3927 αἰῶνας.

2450 4042 2638 4098 Φεῖσαί
2672 4060 2796 4113 μου,
2839 4041 3020 4113 Σῶτερ
3050 4044 3077 4095 ὁ
3102 4042 3315 4112 τεχθεὶς
3348 4043 3443 4094 καὶ
3463 4042 3702 4111 φυλάξας
3724 4043 3825 4114 τὴν
3861 4060 3958 4095 τε-

2379 4134 2582 4188 κοῦσάν
2624 4150 2681 4185 σε
2710 4132 2944 4203 ἄφθορον
2979 4133 3118 4202 μετὰ
3148 4132 3244 4202 τὴν
3283 4135 3499 4203 κύησιν,
3539 4135 3669 4186 ὅταν
3721 4134 3955 4205 καθίσῃς

2378 4231 2563 4299 κρῖναι
2588 4228 2655 4279 τά
2690 4226 2824 4297 ἔργα
2875 4244 2999 4294 μου,
3024 4226 3121 4288 τὰς
3154 4226 3382 4295 ἀνομίας
3422 4226 3701 4298 παρορῶν,
3730 4227 3825 4280 καὶ
3852 4229 3953 4291 τὰς

2378 4318 2651 4390 ἁμαρτίας
2698 4335 2797 4389 μου
2832 4318 2906 4381 ὡς
2940 4318 3346 4389 ἀναμάρτητος,
3400 4319 3646 4389 ἐλεήμων
3684 4319 3761 4382 ὡς
3794 4320 3955 4385 Θεὸς,

2378 4417 2471 4468 καὶ
2500 4413 2900 4484 φιλάνθρωπος.

701 4605 786 4660 Ea:
812 4623 1007 4660 canone
1043 4606 1095 4658 in
1141 4604 1416 4659 Dominica
1444 4606 1497 4659 in
1534 4622 1635 4675 qua
1679 4607 1972 4660 celebratur
2018 4608 2269 4662 memoria

2391 4608 2492 4661 Ἐκ
2527 4606 2632 4659 τοῦ
2660 4607 2921 4671 κανόνος
2964 4606 3051 4670 εἰς
3082 4605 3197 4672 τὴν
3224 4604 3528 4671 Κυριακὴν
3560 4602 3672 4675 τῆς
3704 4603 3951 4673 μνήμης

1027 4677 1317 4744 primorum
1349 4691 1555 4745 patrum
1583 4678 1711 4731 Adae
1733 4688 1779 4730 et
1808 4676 1949 4732 Era).

771 4782 982 4838 Divinis
1020 4783 1263 4837 oraculis
1294 4799 1480 4837 aurem
1521 4785 1883 4853 prmbeamus,
1922 4785 2126 4839 Christi
2170 4802 2269 4856 ap—

703 4877 1028 4945 paritioncin
1090 4877 1469 4931 reboantibus.
1530 4876 1667 4931 Ecce
1706 4878 1850 4931 enim
1897 4878 1951 4932 in
2012 4880 2269 4947 spelunca

705 4970 971 5035 nascitur,
1013 4984 1076 5022 ex
1104 4969 1313 5037 virgine
1348 4970 1524 5040 puella
1556 4969 1665 5033 ille,
1715 4971 1875 5039 cujus
1909 4983 2120 5039 partum
2142 4972 2271 5026 hor-

702 5078 825 5115 rore
855 5062 1073 5131 plenum
1100 5062 1393 5132 astrologis
1412 5078 1679 5132 apparens
1697 5064 1848 5117 stella
1867 5072 2267 5133 prannonstrat.

772 5154 929 5209 Nunc
958 5157 1291 5226 exspectatio
1321 5158 1562 5225 gentium
1614 5173 1681 5211 ex
1718 5156 1933 5227 Virgine
1979 5159 2220 5222 procedit
2254 5177 2266 5213 :

705 5256 759 5301 ct
789 5248 1063 5303 Bethleem
1094 5259 1407 5318 opportune
1439 5249 1613 5318 aperit
1644 5250 1955 5319 paradisum
1986 5249 2150 5306 Edem
2176 5253 2267 5321 qui

703 5340 923 5395 clausus
951 5351 1091 5403 erat,
1120 5340 1423 5409 suscipiens
1453 5338 1691 5395 Verbum
1723 5353 2096 5410 corporatum,
2129 5353 2183 5396 et
2216 5345 2267 5395 in

701 5432 982 5499 praesepio,
1011 5431 1311 5485 secundum
1345 5446 1586 5495 carnem,
1616 5431 1956 5485 reclinatum.

770 5521 924 5577 Nunc
953 5524 1257 5592 redemptio
1302 5533 1487 5578 nostra
1536 5524 1588 5577 in
1638 5524 1901 5593 prmsepio
1953 5525 2266 5589 rcclinatur,

700 5627 750 5669 et
782 5628 1037 5685 tanquam
1069 5616 1249 5671 infans
1280 5617 1460 5672 fasciis
1489 5618 1785 5671 involvitur
1818 5636 1829 5671 :
1863 5630 1914 5671 et
1946 5617 2083 5689 Magi
2115 5636 2269 5688 reges

701 5710 923 5763 \eniunt
968 5710 1036 5764 ab
1079 5708 1299 5765 Oriente
1352 5711 1417 5764 ad
1469 5711 1759 5767 videndum
1814 5713 1964 5765 illum
2008 5724 2266 5782 tanquam

694 5798 864 5854 Deum
893 5818 954 5855 ac
989 5818 1166 5872 regem
1206 5814 1390 5856 natum
1418 5819 1582 5872 super
1613 5814 1832 5872 terram,
1862 5817 1910 5857 et
1944 5806 2009 5860 ad
2036 5807 2268 5859 adoran-

702 5897 828 5947 dum
874 5896 1025 5948 illum
1060 5910 1186 5949 cum
1218 5897 1379 5951 donis
1413 5897 1664 5950 ﬁdeliter.

2514 4678 2634 4730 τῶν
2649 4676 2835 4745 ἁγίων
2860 4679 3252 4745 προπατόρων
3298 4675 3469 4745 Ἀδὰμ
3500 4674 3595 4727 καί
3622 4676 3787 4739 Εὔας

2458 4786 2667 4856 Ῥητῶν
2688 4785 2886 4837 ἐνθέων
2920 4782 3265 4852 ἀκούσωμεν,
3300 4782 3548 4851 βοώντων
3576 4782 3673 4836 τοῦ
3707 4783 3952 4852 Χριστοῦ

2371 4878 2470 4948 τὴν
2508 4871 2812 4941 ἀνάδειξιν
2870 4874 2979 4929 ίδοὺ
3026 4875 3136 4945 γὰρ
3190 4873 3441 4944 σπηλαίῳ
3460 4875 3727 4940 τίκτεται,
3766 4877 3952 4946 Κόρης

2373 4971 2433 5036 ἐξ
2462 4970 2863 5041 ἀπειρογάμου,
2910 4963 2972 5023 οὗ
3014 4968 3106 5020 τὸν
3159 4968 3386 5038 φρικτὸν
3439 4969 3597 5023 τόκον
3639 4971 3953 5041 προμηνύει

2373 5065 2723 5135 ἀστρολόγοις
2759 5064 2787 5115 ὁ
2811 5062 2986 5132 ἀστὴρ
3015 5061 3459 5130 ἐπιφαινόμενος.

2443 5157 2557 5211 Νῦν
2585 5161 2618 5229 ἡ
2649 5156 2944 5227 προσδοκία
2962 5156 3070 5208 τῶν
3098 5155 3267 5208 ἐθνῶν
3292 5158 3353 5207 ἐκ
3386 5154 3662 5225 Παρθένου
3684 5158 3954 5228 προέρχε-

2372 5266 2482 5312 ται,
2522 5249 2617 5300 καὶ
2641 5246 2890 5316 Βηθλεὲμ
2917 5247 3015 5316 τὴν
3044 5244 3439 5315 κεκλεισμένην
3466 5246 3750 5313 ὑπανοίγει
3777 5264 3955 5317 προσ-

2374 5344 2554 5413 φόρως
2588 5341 2771 5412 Ἐδὲμ,
2802 5341 2972 5409 Λόγον
2990 5340 3413 5410 σωματούμενον
3430 5339 3836 5411 είσδεδεγμένη,
3859 5344 3953 5394 καὶ

2374 5427 2547 5507 φάτνῃ
2577 5436 2744 5506 σαρκὶ
2773 5434 3280 5505 ἐπανακλινόμενον.

2442 5529 2555 5581 Νῦν
2587 5530 2617 5597 ἠ
2649 5526 3027 5596 ἀπολύτρωσις
3068 5526 3224 5598 ἡμῶν
3258 5529 3315 5578 ὲν
3359 5525 3532 5595 φάτνῃ
3577 5516 3950 5592 ἁνακλῖνεται,

2374 5622 2465 5674 καὶ
2499 5620 2908 5691 σπαργανοῦται
2936 5619 3126 5689 ῶσπερ
3162 5620 3371 5687 νήπιον,
3418 5620 3514 5669 καὶ
3544 5619 3723 5685 Μάγοι
3754 5620 3953 5672 ἀνατο-

2374 5713 2479 5765 λῶν
2519 5712 3068 5782 βασιλεῑᾴάφίκοντο,
3092 5711 3282 5763 τοῦτον
3321 5710 3396 5770 ὼς
3431 5709 3565 5762 Θεὸν
3596 5711 3689 5761 καὶ
3721 5710 3949 5780 βασιλέα

2374 5806 2629 5873 τεχθέντα
2677 5804 2769 5856 ἐπὶ
2822 5804 2919 5875 τῆς
2986 5806 3086 5875 γῆς
3136 5803 3352 5875 βλέψαι,
3413 5804 3788 5875 προσκυνῆσαι
3850 5810 3949 5859 σὺν

2373 5901 2564 5970 δώροις
2602 5896 2826 5961 πιστῶς.
