4180 6450
227 376 353 445 1261

1586 384 1949 445 MARIALE.

3313 383 3449 451 1262

300 492 360 546 '0
391 492 604 562 πλήρης
647 491 896 547 κενοῦται
942 496 1106 564 σαρκὶ
1135 496 1201 549 δι’
1228 499 1396 568 ἡμᾶς,
1433 497 1526 550 καὶ
1560 499 1734 569 ἀρχὴν
1766 502 1789 552 ὀ

1964 498 2067 564 Qui
2093 497 2285 568 plenus
2306 507 2441 562 erat,
2467 507 2686 568 propter
2706 498 3130 555 unacxiiianitur
3148 500 3447 553 secundum

224 586 561 655 προάναρχος
576 586 812 656 δέχεται,
836 588 1108 658 πτωχεύει
1126 590 1182 642 δὲ
1199 592 1225 643 ὁ
1240 591 1491 654 πλούσιος
1510 594 1602 644 καὶ
1621 593 1787 660 Λόγος

216 675 295 729 ὥν
328 675 467 729 Θεοῦ
514 678 571 729 ἑν
601 679 777 749 φάτνῃ
832 678 942 730 τῶν
978 680 1211 749 ἀλόγων,
1269 684 1654 751 προσκλίνεται
1713 685 1790 746 ὡς

219 768 443 839 βρέφος,
480 769 591 824 τῶν
623 770 840 830 πάντων
870 770 1173 827 ἀνάπλασιν
1201 774 1296 828 ἀπ’
1329 774 1523 836 αἰῶνος
1554 775 1788 847 ’ἐργαζό-

220 878 396 930 μενος.

287 1048 427 1103 Νέον
452 1052 545 1105 ἐπὶ
576 1052 678 1123 γῆς
713 1054 930 1107 παιδίον
954 1056 1283 1125 γνωρίζεται
1310 1057 1338 1109 ὁ
1369 1054 1445 1109 ὣν
1474 1057 1573 1109 σὺν
1612 1057 1788 1129 “arpi.

214 1142 299 1193 ἀεὶ
357 1145 450 1196 καὶ
503 1145 802 1215 Πνεῦματι,
873 1147 1292 1217 σπαργανοῦται
1343 1148 1399 1201 δὲ
1450 1149 1479 1199 ὁ
1528 1150 1627 1219 τὴν
1683 1148 1787 1217 γῆν

218 1235 621 1304 σπαργανώσας
670 1238 865 1313 ὁμίχλῃ
919 1239 1129 1309 σαφῶς.
1176 1240 1270 1292 καὶ
1325 1242 1383 1293 ὲν
1447 1240 1623 1310 φάτνῃ
1678 1240 1788 1293 τῶν

218 1326 432 1392 ἀλόγων
486 1330 883 1384 ἀνακέκλιταν
935 1332 1128 1384 τούτου
1178 1332 1274 1385 νῦν
1327 1333 1787 1404 προεορτὰσωμεν

219 1420 516 1489 γεγηθότες
540 1423 639 1475 τὴν
677 1423 918 1495 ἄσπορον
954 1425 1227 1491 γέννησιν.

297 1607 467 1669 Ἰδοὺ,
504 1607 689 1670 καθὼς
737 1612 1001 1680 προεῖπεν
1048 1613 1076 1664 ὁ
1110 1609 1428 1679 προφήτης,
1481 1609 1541 1662 ἐν
1589 1625 1787 1677 γαστρι

219 1698 509 1752 συνέλαϐεν
546 1700 579 1769 ἡ
614 1701 989 1770 ἀπειρόγαμος
1034 1700 1184 1763 Θεὸν,
1232 1700 1324 1752 καὶ
1365 1702 1546 1753 τεκεῖν
1602 1699 1786 1768 σαφῶς

217 1790 499 1857 ἐπείγεται
518 1792 575 1844 ὲν
600 1792 851 1862 σπηλαίῳ
882 1793 1149 1863 Βηθλεὲμ,
1178 1786 1223 1861 ᾧ
1246 1792 1451 1856 πάντες
1469 1792 1745 1864 ψαλλομεν
1767 1809 1781 1823 ⁸

226 1882 281 1933 ὐ
323 1881 431 1934 τῶν
464 1884 720 1954 πατέρων
750 1884 905 1951 Θεὸς,
942 1886 1230 1955 εὐλογητὸς
1257 1880 1328 1940 εἴ.

284 2066 502 2138 Ὠφθης
532 2068 598 2121 ἐκ
628 2068 993 2140 παρθενικῶν,
1028 2071 1256 2142 Χριστὲ.
1307 2073 1557 2143 αἱμάτων
1606 2091 1784 2145 σωμα-

214 2161 479 2228 τούμενος
513 2162 740 2233 ἀρρήτῳ
779 2162 942 2233 λόγῳ,
980 2165 1075 2217 καὶ
1121 2163 1195 2228 ὡς
1245 2164 1441 2235 βρέφος
1485 2166 1689 2220 τέλειον
1727 2168 1786 2220 ὲν

217 2251 491 2323 σπηλαίῳ,
522 2254 799 2326 ὑπερϐολῇ
817 2255 1237 2326 εὐσπλαγχνίας,
1268 2258 1464 2327 Ἰησοῦ,
1499 2259 1786 2312 ἀποτικτὸ-

217 2362 375 2413 μενος
396 2362 412 2377 ⁸
438 2346 612 2419 ἀστὴρ
632 2349 689 2401 δέ
718 2365 779 2401 σε
802 2350 1084 2421 πόρρωθεν
1106 2351 1378 2421 ἐμήνυσεν
1404 2351 1751 2422 ἀστρολόγοις
1769 2370 1782 2384 ·

226 2437 499 2507 ’Υμνεῖτε,
575 2440 755 2493 πίστει
816 2441 1224 2512 κραυγάζουσι,
1296 2443 1390 2496 καὶ
1444 2442 1785 2515 ὑπερυψοῠτε

213 2529 450 2598 Χριστὸν
482 2532 563 2593 εἰς
593 2532 719 2597 τοὺς
748 2532 969 2597 αἰῶνας.

280 2623 522 2693 Φορέσας
564 2642 632 2695 με
680 2626 744 2677 ἐκ
793 2627 893 2695 τῆς
946 2625 1222 2697 Παρθένου
1280 2626 1636 2697 προέρχεται,
1693 2631 1788 2683 καὶ

215 2714 468 2786 σπηλαίῳ
497 2717 742 2770 τίκτεται
769 2718 941 2785 Λόγος
968 2721 997 2771 ὁ
1040 2718 1132 2772 τοῦ
1173 2720 1384 2788 Πατρδς
1429 2722 1749 2792 ἀσυγχύτως
1767 2758 1788 2787 ,

212 2808 428 2877 χὸρευε,
461 2809 715 2879 ἠκτίσις,
753 2812 957 2880 φωναῖς
1010 2810 1348 2882 εὐχαρίστως
1403 2812 1785 2881 μεγαλύνουσα

213 2901 379 2954 αὐτοῦ
409 2901 509 2972 τὴν
536 2901 605 2954 δι’
629 2898 808 2957 οἶκτον
837 2906 1111 2973 παναγίαν
1145 2906 1575 2973 συγκατάὸασιν.

221 3118 314 3172 ἐκ
345 3119 457 3174 τοῦ
500 3123 757 3187 κανόνος
770 3124 863 3186 εις
891 3122 997 3176 τὸν
1023 3122 1195 3195 ἅγιον
1217 3123 1487 3195 μάρτιψα
1520 3126 1787 3182 Ἐλευθέ-

732 3210 890 3262 ριον,
941 3193 1128 3263 ἡμέρᾳ
1175 3202 1254 3249 ιε’.

289 3302 379 3368 Ὦς
411 3303 605 3375 θρόνος
634 3305 1002 3376 πυρίμορφος,
1044 3306 1136 3358 τὸν
1168 3306 1408 3377 κτίστην
1469 3307 1673 3378 φέρεις,
1708 3307 1782 3369 ὡς

212 3394 459 3466 ἔμψυχος
483 3394 727 3467 Θάλαμος
750 3397 847 3450 καὶ
876 3397 1108 3468 τερπνὸν
1136 3398 1419 3475 παλατιον,
1439 3399 1529 3452 τὸν
1558 3399 1781 3469 βασιλέα

210 3492 409 3560 χωρεῖς
452 3490 743 3560 γενόμενον
780 3491 917 3560 ὅπερ
939 3490 1121 3561 ἡμεῖς,
1148 3490 1540 3563 Θεοχαρίτωτε.

292 3695 524 3759 Ῥἀὸδος
556 3695 841 3766 δυνάμεως
873 3697 1211 3767 ὲὸλάστησας
1246 3697 1337 3750 τὸν
1375 3696 1627 3767 Χριστὸν,
1658 3700 1715 3751 ἐν
1740 3690 1785 3765 ᾧ

211 3788 624 3858 στηριζόμεθα·
663 3789 721 3841 σὲ
761 3788 870 3857 γὰρ
917 3787 1118 3840 ἐτύπου
1157 3787 1367 3860 Ἀαρὼν
1415 3787 1609 3856 ῥάϐδος
1650 3788 1783 3841 ποτὲ

210 3880 582 3951 βλαστήσασα,
601 3879 922 3952 ἀγεώργητε
947 3881 1108 3950 ἁγνὴ,
1124 3880 1419 3952 περιστερὰ
1435 3879 1782 3948 ἀειπὰρθενε.

278 4132 398 4204 (97)
436 4132 656 4204 Deliae
689 4132 940 4187 columba
974 4133 1138 4204 verba
1162 4131 1388 4204 faciens
1420 4131 1788 4187 Bernardinns

205 4200 474 4258 deBuSto
524 4203 577 4255 in
610 4200 814 4273 Mariali
860 4219 1023 4257 serm.
1059 4203 1114 4273 fi,
1142 4203 1209 4257 de
1248 4202 1507 4272 Couccpl.
1545 4210 1694 4273 parte
1724 4217 1785 4264 ιι,

206 4275 276 4327 ait
315 4277 466 4328 inter
509 4274 613 4343 alia
646 4292 659 4326 :
702 4291 720 4324 ι
767 4272 1015 4329 Gloriosa
1043 4272 1208 4343 Virgo
1236 4274 1304 4326 ab
1337 4276 1485 4327 omni
1538 4272 1655 4328 labe
1684 4275 1786 4325 im-

206 4346 514 4409 maculata,
555 4342 658 4397 fuit
706 4343 931 4413 figurata
994 4360 1091 4414 per
1147 4342 1452 4397 columbam
1511 4346 1684 4399 albam
1734 4352 1788 4396 et

208 4416 659 4476 mundissimam,
693 4429 815 4482 qua:
869 4416 937 4469 de
976 4431 1101 4469 arca
1142 4414 1256 4469 Noe
1294 4416 1596 4483 egrediens,
1626 4425 1789 4483 atque

206 4486 345 4540 nilnil
404 4485 678 4541 laeditatis
710 4498 989 4557 plangens,
1022 4502 1145 4540 cum
1194 4500 1345 4539 ramo
1375 4485 1602 4540 virentis
1632 4486 1788 4557 υἱέι-ω

1891 604 2144 653 carnem;
2176 599 2229 643 et
2257 590 2348 660 qui
2373 600 2496 644 erat
2522 601 2644 644 ante
2682 591 3033 660 principium,
3066 592 3251 660 incipit
3276 606 3399 645 esse
3433 609 3447 642 :

1890 682 1980 749 qui
2000 682 2151 736 dich
2171 692 2311 745 erat,
2336 682 2395 735 lit
2425 683 2743 747 mendicus;
2770 693 2824 738 ct
2846 683 2937 754 qni
2961 693 3044 736 est
3071 681 3305 737 Verbum
3332 684 3449 749 Dei,

1890 772 1943 825 in
1977 773 2243 842 praesepio
2292 774 2455 845 236
2489 776 2770 829 bruioruni
2803 777 3199 830 irrationalium
3226 776 3451 829 reclina-

1893 876 1999 928 tur,
2036 876 2087 918 nt
2118 865 2319 930 infans,
2359 868 2602 921 omnium
2652 868 2742 938 qui
2772 884 2804 922 a
2841 872 3041 924 saeculo
3071 878 3201 925 sunt
3233 883 3453 937 repara-

1888 957 2088 1011 tionem
2119 957 2345 1012 far-iens.

1961 1048 2140 1104 Novus
2176 1049 2228 1103 in
2265 1058 2407 1103 terra
2441 1066 2574 1119 puer
2608 1054 2947 1121 agnoscitur.
2984 1055 3074 1123 qui
3109 1070 3329 1126 semper
3371 1068 3454 1112 est

1889 1156 2012 1194 cum
2060 1140 2219 1198 Patre
2268 1153 2320 1196 et
2350 1143 2607 1213 Spiritu:
2666 1146 2848 1200 fasciis
2911 1156 3093 1201 autem
3159 1151 3456 1205 involvitur

1891 1232 1978 1285 ille
2008 1234 2099 1303 qui
2135 1241 2391 1304 tanquam
2446 1235 2650 1297 fasciis,
2684 1238 2875 1289 nebula
2907 1246 3109 1292 terram
3171 1243 3455 1295 manifeste

1889 1322 2229 1387 circumdat;
2259 1330 2312 1375 et
2354 1324 2406 1376 in
2442 1324 2657 1379 stabulo
2696 1326 3090 1379 irrationalinm
3132 1328 3452 1384 rei-linatur.

1890 1412 2063 1483 llnjus
2120 1432 2262 1471 nunc
2322 1415 2616 1471 laetabundi
2687 1417 3059 1488 incorrUptam
3112 1422 3452 1477 nativitatem

1890 1506 2041 1562 festis
2079 1510 2300 1563 Vocibus
2332 1510 2752 1578 praeveniamus.

1960 1604 2117 1666 Ecce,
2153 1601 2609 1670 quemadmodum
2667 1603 2916 1673 pra'dixit
2955 1605 3240 1674 propheta,
3292 1604 3457 1675 Virgo

1892 1698 2057 1751 Deum
2085 1696 2333 1767 concepit
2367 1696 2419 1750 in
2455 1706 2629 1759 utero,
2671 1707 2724 1751 ct
2768 1698 3013 1764 proxima
3044 1708 3128 1752 est
3182 1698 3251 1753 ad
3302 1699 3453 1753 illum

1888 1790 2181 1843 manifeste
2220 1789 2540 1858 pariendum
2591 1788 2645 1842 in
2690 1790 2949 1859 spelunca
2988 1789 3263 1845 Bethleem
3318 1809 3331 1847 :
3366 1792 3455 1848 cui

1889 1896 2078 1936 omnes
2113 1882 2438 1951 psallimus:
2471 1881 2791 1938 Benedictus
2820 1897 2901 1948 es,
2934 1881 3077 1938 Deus
3106 1893 3322 1953 patrum
3355 1899 3455 1939 no-

1886 1982 2144 2026 strorum.

1958 2066 2297 2135 Apparttisti,
2321 2065 2538 2120 Christe
2566 2064 2722 2131 Jesu,
2760 2064 3076 2121 incarnatus
3096 2082 3161 2122 ex
3196 2068 3455 2140 virgineis

1888 2158 2274 2227 sanguinibus,
2316 2157 2576 2212 incﬂabili
2625 2158 2832 2213 verbo:
2867 2171 2921 2214 et
2969 2168 3228 2230 tanquam
3281 2161 3458 2232 perfe-

1886 2258 2007 2303 ctus
2053 2248 2254 2312 infans,
2321 2257 2543 2318 propter
2594 2264 2883 2305 excessum
2936 2251 3322 2307 misericordiae
3400 2254 3455 2309 in

1887 2344 2144 2413 spelunca
2181 2353 2343 2397 natus
2370 2359 2450 2397 es.
2492 2345 2661 2398 Stella
2687 2355 2867 2399 autem
2893 2357 2943 2401 te
2974 2362 3008 2400 a
3046 2348 3201 2418 longe
3228 2348 3451 2403 astroln-

1889 2438 1976 2506 gis
2022 2436 2415 2501 tnanifcstavit,
2467 2451 2591 2491 cum
2628 2439 2730 2493 fide
2769 2438 3135 2497 clamantibus
3171 2462 3182 2496 :
3216 2440 3458 2497 Laudate

1886 2538 1941 2584 et
1970 2529 2369 2597 superexaltate
2398 2528 2678 2585 Christum
2709 2533 2763 2585 in
2794 2532 2995 2587 saecula

1960 2618 2191 2674 Portans
2243 2635 2330 2674 me
2376 2627 2635 2689 tanquam
2696 2621 3104 2690 vestimentum,
3135 2638 3200 2678 cx
3234 2621 3456 2693 Virgine

1889 2712 2157 2781 procedit,
2197 2714 2335 2767 etin
2386 2714 2647 2783 spelunca
2692 2715 2938 2769 nascitur
2993 2713 3231 2770 Verbum
3279 2714 3458 2771 Patris

1889 2806 2006 2858 sine
2055 2804 2463 2859 commistione.
2500 2804 2838 2875 Tripudiatc,
2868 2816 3156 2871 creaturar,
3202 2815 3256 2862 et
3286 2808 3457 2877 gratis

1889 2897 2115 2953 vocibus
2159 2899 2557 2953 sanctissimam
2609 2899 2754 2954 illius
2805 2900 3212 2968 demissionem,
3245 2916 3366 2971 qua:
3390 2917 3457 2954 ex

1892 2990 2267 3045 misericordia
2300 2992 2589 3060 processit,
2622 2991 2987 3060 magnilicatc.

1924 3120 2008 3175 E1
2041 3138 2239 3175 canone
2268 3123 2319 3175 in
2347 3122 2482 3190 festo
2505 3119 2563 3175 S.
2593 3120 2889 3176 Eicutlierii
2918 3122 3193 3193 martyris,
3223 3122 3309 3177 die
3334 3123 3422 3177 15.

1961 3321 2246 3391 Tanquam
2281 3328 2513 3375 thronus
2546 3319 2855 3389 igniformis
2892 3330 3079 3391 portas
3106 3321 3455 3391 Creatorem;

1891 3424 2151 3485 tanquam
2174 3414 2444 3470 thalamus
2459 3414 2754 3478 animatus,
2773 3415 3181 3484 jucundumqne
3200 3418 3457 3486 palatium

1893 3510 2093 3580 Regem
2118 3508 2370 3563 contines
2407 3506 2613 3563 factum
2648 3507 2884 3562 similem
2923 3508 3103 3573 nobis,
3131 3523 3166 3563 o
3193 3507 3304 3563 Deo
3327 3512 3458 3565 cha-

1892 3604 2134 3659 rissima.

1964 3694 2125 3762 Virga
2170 3693 2387 3748 virtutis
2410 3692 2725 3763 germinasti
2774 3692 3076 3759 Christum,
3100 3693 3155 3748 iu
3195 3709 3309 3764 quo
3345 3703 3461 3749 sta-

1891 3788 2029 3843 biles
2058 3786 2353 3853 efficimur;
2390 3797 2441 3841 te
2476 3788 2620 3840 enim
2651 3787 2780 3841 olim
2812 3787 2962 3857 virga
3015 3788 3249 3843 Aaronis
3276 3789 3461 3859 pullu-

1893 3881 2011 3935 laus
2061 3880 2334 3949 figuravit,
2374 3894 2407 3934 o
2442 3888 2616 3944 casta,
2665 3879 2897 3935 culturae
2950 3882 3154 3936 nescia.
3208 3881 3459 3936 columba

1893 3987 2107 4042 semper
2134 3972 2283 4043 virgo
2310 3971 2445 4041 (97).

1886 4144 2015 4201 ergo
2074 4129 2299 4184 Matrem
2362 4131 2583 4198 eligeret
2626 4145 2841 4196 semper
2886 4146 3201 4185 mansuram
3266 4148 3457 4187 novom

1888 4202 2154 4255 mensium
2194 4201 2513 4255 claustrum.
2546 4215 2667 4267 (ποτε
2706 4201 2999 4267 aliquando
3036 4204 3136 4256 sub
3186 4202 3326 4263 felle,
3354 4206 3458 4260 sub

1887 4272 2027 4331 labe,
2060 4283 2112 4325 et
2140 4271 2369 4324 dedititii
2398 4270 2590 4325 luisset
2615 4272 2830 4341 generis
2868 4272 3328 4338 consors?Quid?
3353 4274 3462 4331 Ve-

1888 4346 1974 4416 nis
1998 4342 2374 4416 ad__|iominem
2431 4343 2484 4395 in
2531 4350 2780 4416 _se_rpente
2807 4341 3032 4416 callidus
3053 4344 3237 4416 hostis
3260 4345 3463 4416 (inquit

1888 4412 2041 4485 llngo
2066 4412 2375 4485 Victorinus
2404 4412 2544 4485 apud
2576 4411 2883 4485 Tilmanum
2912 4413 2964 4465 in
2989 4411 3332 4485 _Allegoriis),
3360 4411 3458 4483 qui

1889 4480 2148 4548 fortasse,
2181 4483 2223 4535 si
2270 4483 2567 4552 permissus
2614 4480 2828 4543 fuisset,
2871 4483 2923 4534 in
2982 4480 3155 4539 forma
3194 4480 3460 4544 columba:

203 4568 286 4611 cst
322 4571 578 4622 reversa,
612 4567 669 4609 ut
708 4553 937 4609 habétur
962 4556 1160 4611 Cenes.
1189 4571 1284 4609 νισι
1343 4571 1486 4624 (ορ,
1516 4558 1659 4625 quod
1684 4554 1785 4607 fuit
1819 4556 1861 4611 D
1892 4555 2075 4607 venire
2104 4554 2401 4625 maluisset,
2427 4553 2519 4625 sed
2564 4553 2665 4625 hoc
2706 4568 2799 4606 vas
2822 4553 2922 4607 sibi
2956 4553 3191 4623 Spiritus
3236 4568 3461 4614 sanctus

204 4627 257 4680 in
307 4629 538 4698 signum
591 4627 851 4690 victoriae.
886 4627 1008 4681 ideo
1042 4642 1147 4680 non
1183 4628 1341 4680 debet
1370 4642 1563 4681 corvus
1592 4636 1783 4681 contra

204 4714 321 4750 eam
381 4699 682 4757 crocitare,
717 4698 838 4751 licet
878 4713 944 4752 eo
992 4709 1328 4751 mortuorum
1359 4711 1648 4766 c0rporum
1689 4712 1786 4766 pii-

206 4770 418 4823 tredine
460 4768 690 4829 fcedato,
733 4770 845 4837 ipsa
901 4769 1192 4838 purissima
1244 4769 1491 4822 columba
1540 4770 1591 4822 in
1642 4769 1787 4821 nullo

207 4841 430 4906 penitus
479 4839 648 4893 fuerit
698 4841 989 4893 maculata.
1025 4858 1043 4890 ι
1077 4840 1166 4893 Sic
1225 4840 1330 4896 ille.
1375 4838 1539 4892 Favet
1594 4838 1650 4893 S.
1678 4840 1789 4891 An-

205 4912 369 4966 dreas
403 4912 694 4981 Cretensis
729 4910 781 4962 in
829 4925 1038 4965 canone
1073 4912 1147 4965 De
1180 4910 1532 4981 conceptione
1577 4909 1637 4963 Β.
1667 4909 1789 4964 Vir-

206 4983 348 5047 ginis
377 4985 488 5035 ode
521 4980 578 5045 6,
605 4981 733 5033 dum
765 4982 941 5050 inquit
974 4999 986 5034 :

204 5093 358 5146 Anna
415 5089 739 5148 Columbam
770 5090 1170 5145 immaculatum
1212 5092 1508 5161 concipiens
1549 5091 1603 5145 in
1641 5100 1791 5145 utero

276 5164 517 5233 [inpleta
581 5163 685 5231 fuit
736 5165 1003 5217 verissimo
1056 5163 1328 5231 spirituali
1395 5164 1610 5234 gaudio.

207 5271 423 5337 Quibus
470 5268 659 5324 verbis
696 5283 819 5323 cum
870 5267 1144 5340 Virginem
1176 5269 1353 5337 primo
1398 5270 1581 5325 statim
1636 5270 1794 5324 initio

209 5358 310 5395 suo
343 5343 561 5397 dixerit
584 5340 894 5393 columbam
925 5339 1353 5405 immaculatam,
1381 5340 1592 5412 negarit
1627 5339 1793 5412 fuisse

210 5414 386 5483 primo
424 5428 499 5467 ex
550 5420 777 5480 peccato
805 5412 1058 5483 originali
1090 5426 1336 5466 corvum.
1371 5411 1633 5480 Apparuit
1673 5411 1795 5480 Spi-

211 5488 348 5539 ritus
409 5492 649 5539 sanetus
694 5483 747 5535 in
806 5483 1073 5536 columba:
1125 5484 1322 5552 specie,
1364 5498 1484 5535 cum
1541 5483 1794 5537 Christus

213 5554 481 5610 Dominus
532 5554 590 5607 in
625 5553 863 5608 ﬂuminis
891 5553 1112 5608 Jordani
1149 5555 1310 5607 undis
1344 5552 1570 5621 eﬂigiem
1603 5568 1794 5622 pecca-

213 5629 345 5682 toris
405 5624 698 5681 abluebat.
730 5624 858 5679 Post
906 5624 1148 5680 lustralis
1201 5624 1358 5677 undae
1405 5623 1609 5677 ﬂuxum
1668 5643 1797 5679 eva-

212 5700 324 5751 nuit
350 5695 840 5759 columba,solum
873 5696 1151 5752 elformata
1185 5695 1250 5748 ad
1284 5696 1518 5765 signum,
1543 5707 1595 5751 ct
1620 5708 1795 5750 tamen

216 5780 320 5824 iam
351 5771 467 5825 cito
506 5767 837 5829 transitura,
881 5768 1070 5821 sedulo
1107 5768 1317 5821 delectu
1365 5766 1612 5836 seligitur
1658 5770 1798 5821 inn-i-

217 5842 371 5899 alites
432 5837 746 5905 candidior,
778 5839 1043 5895 sincerior
1099 5839 1302 5907 absque
1365 5836 1505 5892 felle.
1540 5841 1799 5896 Dominus

1889 4624 2207 4696 reservavit,
2222 4625 2346 4691 quia
2368 4621 2609 4696 profecto
2628 4623 2851 4696 dignum
2874 4640 2978 4678 non
2993 4621 3127 4689 erat,
3147 4636 3205 4681 ut
3236 4628 3460 4696 spiritus

1890 4695 2159 4769 malignus
2182 4693 2411 4769 formam
2446 4692 2651 4769 homini
2682 4692 2925 4748 odio~am
2982 4696 3202 4760 faceret,
3241 4692 3293 4751 in
3351 4716 3459 4769 qua

1889 4767 2238 4837 postmodum
2278 4764 2711 4837 idem_Spirnus
2774 4773 2999 4820 sanctus
3044 4783 3308 4837 apparere
3361 4764 3458 4824 dc-

1892 4838 2157 4889 buisset.»
2188 4834 2278 4889 Sic
2304 4834 2410 4888 ille.
2434 4833 2502 4887 Et
2524 4833 2780 4905 Magister
2806 4833 3208 4893 Sententiarum
3244 4838 3363 4897 libr.
3401 4856 3460 4901 ii,

1889 4906 2015 4959 dist.
2033 4906 2095 4958 21
2110 4925 2155 4979 ς(
2170 4906 2445 4959 Volnisset
2463 4907 2681 4979 quidem
2702 4910 2910 4979 daemon
2926 4911 2975 4961 in
2999 4909 3179 4979 specie
3194 4912 3461 4966 columba:

1890 4979 2096 5050 venire;
2117 4978 2234 5050 haec
2247 4988 2522 5050 ne_in_pe,nt
2539 4976 2736 5031 animal
2758 4976 3102 5034 innoxiumet
3118 4980 3369 5050 simplex,
3392 4984 3458 5036 ad

1892 5049 2170 5101 mulierem
2206 5040 2584 5115 decipiendum
2645 5052 3202 5117 congruentissimum
3228 5040 3459 5106 'diiibolo

1893 5118 2086 5173 fuisset
2103 5118 2523 5173 instrumentum
2548 5134 2561 5181 ;
2582 5119 2674 5172 sed
2696 5135 2802 5172 non
2829 5130 2943 5174 erat
2960 5131 3385 5178 consentaneum
3404 5132 3459 5177 et

1893 5189 2245 5263 conveniens,
2282 5198 2340 5242 nt
2370 5204 2464 5263 per
2497 5189 2837 5263 immundum
2870 5200 2923 5244 et
2956 5193 3255 5261 malignum
3302 5195 3463 5263 spiri-

1896 5270 2009 5313 tum
2038 5260 2587 5315 redderetur-homini
2612 5260 2864 5314 columba
2896 5263 3069 5316 invisa
3096 5260 3153 5316 et
3178 5260 3367 5324 exosa,
3403 5265 3455 5317 in

1893 5332 2052 5399 cujus
2085 5340 2271 5401 postea
2297 5331 2473 5401 specie
2495 5328 2729 5398 Spiritus
2755 5344 2980 5386 sanctus
3006 5333 3315 5386 hominibus
3341 5347 3462 5387 erat

1897 5398 2264 5471 appariiurus.
2296 5419 2314 5451 ι
2340 5398 2464 5455 "me
2492 5402 2763 5472 Magister.
2789 5402 3018 5472 Dignum
3051 5403 3214 5470 igitur
3236 5404 3463 5457 nonfuit

1896 5488 1959 5526 ex
1996 5473 2240 5541 Hugoue,
2264 5472 2595 5536 columbam,
2621 5474 2673 5525 in
2706 5488 2812 5539 qua
2844 5482 2923 5526 tot
2955 5484 3077 5527 ante
3108 5476 3307 5527 Saecula
3345 5487 3464 5529 erat

1898 5546 2247 5613 apparitnrns
2287 5542 2546 5613 Spiritus,
2575 5558 2604 5595 a
2644 5544 2840 5597 callido
2866 5547 3019 5597 ItOSle
3065 5544 3218 5610 prius
3258 5547 3460 5607 invadi,

1899 5630 1965 5667 ne
1989 5616 2068 5668 sic
2093 5615 2280 5668 odiosa
2320 5615 2632 5667 lnnninibus
2665 5614 2834 5671 ﬁeret,
2859 5624 2913 5668 et
2948 5615 3204 5667 inhabilis
3231 5615 3458 5683 Spiritui

1900 5695 2089 5738 sancto
2126 5686 2399 5754 portando
2419 5686 2757 5737 redderetur.
2786 5684 2849 5736 Et
2876 5688 3097 5754 dignum
3122 5685 3227 5738 erit
3258 5686 3467 5738 colum-

1901 5758 2022 5809 bam
2064 5767 2326 5822 nostram,
2366 5753 2639 5825 Virginem
2680 5753 2987 5823 Deiparam,
3024 5754 3114 5809 Dei
3151 5754 3287 5808 Filio
3342 5772 3470 5822 por-

1904 5828 2067 5881 tando
2110 5828 2179 5879 ab
2231 5837 2434 5883 icterno
2466 5828 2812 5888 destmalam,
2843 5841 2872 5879 a
2916 5831 3090 5895 prima
3128 5827 3211 5881 sui
3259 5828 3473 5896 origine
