4180 6450
236 385 260 449 1
272 385 376 449 265

1602 390 1962 451 MARIALE.

3342 385 3475 452 1266

231 493 647 564 συννοούμενον,
713 490 928 562 φύσεως
987 491 1282 546 καινίσασα
1345 495 1538 567 νόμους
1566 536 1580 563 ,
1638 499 1794 568 ἁγνὴ,

1906 498 2102 556 saecula
2157 498 2318 554 simul
2371 512 2492 553 esse
2547 495 2900 568 intelligitur;
2957 511 3021 552 ac
3081 503 3286 551 natura:
3325 495 3471 565 leges

232 585 653 656 ΠαρθενομῆτΟρ
692 585 960 655 ἀχραντε,
1013 587 1071 638 ἐν
1104 587 1171 657 τῇ
1220 585 1362 657 ὑπὲρ
1408 587 1570 657 φύσιν
1625 593 1798 661 σεπτῇ

231 676 323 728 καὶ
357 674 477 746 θείᾳ
503 675 754 746 γεννήσει
777 692 896 729 σου.

307 860 584 930 Ἀγίασμα
615 860 805 931 ὤφθης
840 861 1030 932 νοητὸν
1060 863 1156 918 τοῦ
1193 864 1404 928 πάντας
1455 863 1798 932 ἀγιάζοντος,

226 953 320 1004 καὶ
348 953 607 1023 καθαρὸν,
635 954 965 1022 πανάμωμε,
989 955 1274 1025 σκήνωμα·
1308 960 1372 1012 ὲκ
1402 957 1494 1010 σοῦ
1515 958 1622 1027 γὰρ
1647 955 1800 1026 ὤφθη

226 1042 358 1104 Θεὸς
383 1042 776 1114 σαρκούμενος,
806 1046 900 1098 καὶ
920 1043 1139 1107 διπλοῦς
1169 1046 1365 1115 φύσεσι
1393 1047 1582 1118 κόσμῳ
1606 1063 1802 1116 γνωρι-

226 1133 456 1202 ζόμενος
494 1135 554 1186 ὲν
584 1134 683 1204 μιᾷ
720 1133 1040 1199 ὑποστάσει,
1078 1135 1379 1206 Θεόνυμφε.

293 1318 479 1388 Mdv-qv
498 1335 557 1372 σε
573 1317 764 1371 πασῶν
783 1317 848 1371 ὲκ
882 1317 1087 1388 γενεῶν
1113 1317 1398 1384 ἐξελέξατο
1426 1318 1454 1371 ὁ
1480 1319 1802 1388 ὑπερούσιος

223 1409 377 1474 Θεὸς,
425 1412 521 1464 καὶ
561 1410 801 1481 οὑσιὼθη
829 1411 898 1465 δι’
943 1411 1092 1481 ἡμᾶς
1139 1411 1431 1482 γενόμενος
1462 1413 1747 1485 ἄνθρωπος
1775 1416 1804 1467 ό

223 1504 602 1573 πλαστουργὸς
615 1503 716 1585 τῆς
729 1503 1078 1574 ἀνθρωπίνης
1094 1505 1402 1577 ὑπάρξεως,
1415 1507 1800 1578 Θεογεννῆτορ,

226 1615 294 1650 πα
304 1598 533 1667 νάμωμε
561 1597 847 1651 Δέσποινα.

301 1683 626 1752 ’Υπέρφωτε
652 1684 746 1738 τοῦ
791 1684 943 1755 ἡλίου
975 1686 1198 1755 νεφέλη,
1232 1686 1563 1757 πανάμωμε,
1596 1687 1799 1742 ἀπέλα-

225 1790 316 1826 σον
339 1773 445 1842 τῆς
482 1774 664 1845 ψυχῆς
703 1793 805 1847 μου
845 1778 914 1831 τὰ
949 1778 1085 1847 νέφη
1120 1779 1387 1850 πρεσϐείᾳ
1427 1797 1541 1843 σου,
1586 1780 1800 1834 καὶτὸν

222 1866 345 1917 νοῦν
396 1883 499 1935 μου
547 1867 780 1935 φάνατον
830 1872 896 1941 τῇ
949 1870 1180 1943 ἀμελείᾳ
1228 1872 1600 1939 σκοτισθέντα,
1652 1875 1798 1938 ὅπως
1833 1867 1871 1920 Β

222 1958 374 2028 ὑμνῶ
416 1975 495 2024 σε,
536 1960 879 2032 πανύμνητε.

285 2148 592 2219 Φθαρεῐσαν
625 2149 723 2220 τὴν
749 2150 905 2219 ἡμῶν
950 2151 1012 2202 ὲκ
1052 2151 1416 2220 παραϐάσεως
1450 2155 1644 2208 οὐσίαν
1677 2155 1800 2207 ἀνε-

219 2241 489 2306 καίνισας,
533 2241 623 2294 τὸν
649 2243 957 2306 καινίζοντα
979 2244 1045 2297 τὰ
1099 2245 1279 2299 πάντα
1325 2249 1500 2318 θεῖκῷ
1552 2249 1698 2318 μόνῳ
1724 2248 1800 2318 τῷ

220 2328 522 2400 βουλήματι
553 2335 823 2403 κυήσασα,
849 2335 906 2387 ὲν
939 2334 1185 2402 γυναιξὶν
1222 2337 1562 2408 εὐλογημένη
1589 2337 1796 2406 Θεοχα-

221 2442 245 2491 ρ
257 2423 437 2475 ίτωτε.

287 2515 537 2585 Στάμνον
593 2518 822 2588 χρυσῆν,
890 2521 1163 2589 παναγίαν
1221 2523 1500 2592 τράπεζαν
1523 2523 1617 2576 τοῦ
1664 2523 1797 2576 Θεοῦ

219 2605 382 2675 ἄρτου
414 2609 512 2678 τῆς
547 2610 712 2678 ζωῆς,
747 2611 1086 2683 ὀνομάζομεν
1120 2632 1203 2679 σε,
1231 2615 1392 2686 ἁγνὴ,
1428 2617 1591 2670 τόπον
1638 2617 1801 2685 ἀγιά-

220 2721 449 2774 σματος,
477 2703 667 2774 θρόνον
702 2704 1065 2774 ὑψηλότατον,
1100 2711 1158 2762 έν
1187 2703 1232 2776 ᾧ
1265 2708 1396 2774 Θεὸς
1420 2711 1797 2778 ἀνεπαύσατο,

215 2799 242 2849 ό
265 2795 476 2858 αἰνετὸς
502 2796 610 2849 τῶν
648 2797 902 2867 πατέρων
935 2799 1092 2863 Θεός.

303 2885 605 2957 Ὠραιώθης
633 2888 834 2952 τέεασα
867 2888 998 2942 Θεὸν
1027 2890 1228 2961 ὡραῖον
1254 2891 1347 2946 καὶ
1383 2893 1656 2963 Δεσπότην
1707 2894 1798 2948 τὸν

217 2978 387 3042 θείαις
419 2979 934 3050 καταφαιδρύναντα
966 2982 1146 3034 ἀκτῖσι
1180 2986 1305 3047 τοὺς
1346 2984 1590 3053 βροτοὺς,
1625 2986 1798 3054 ἁγνὴ,

215 3061 257 3135 ᾧ
316 3068 741 3140 κραυγάζομεν·
775 3070 1080 3140 Εὑλογείτε,
1123 3074 1298 3127 πάντα
1354 3074 1421 3127 τά
1479 3074 1636 3144 ἔργα,
1709 3075 1801 3127 τὸν

218 3160 444 3230 Κύριον.

277 3251 498 3322 Φρίττει
525 3253 686 3323 νοερά
719 3253 1101 3326 στρατεύματα
1126 3258 1185 3308 τὸ
1205 3254 1297 3308 τοῦ
1342 3256 1554 3337 Πατρὸς
1586 3256 1797 3327 ὁρῶντα

216 3341 356 3395 θεῖον
389 3342 760 3416 ἀπαύγασμα,
799 3346 891 3400 σοῦ
919 3350 975 3400 ὲν
999 3349 1118 3410 ταῖς
1145 3348 1328 3419 χερσὶν
1373 3347 1793 3418 ἀνερμηνεύτως

215 3432 608 3504 κρατούμενον,
656 3436 748 3489 καὶ
777 3437 837 3489 τὸ
873 3437 963 3491 σὸν
1009 3439 1354 3510 κεκτημένον
1391 3438 1667 3507 ὁμοίωμα,
1710 3437 1795 3490 ἵνα

215 3525 445 3594 βροτοὺς
477 3525 676 3601 θεὼσῃ.
712 3530 1145 3600 Παρθενομῆτορ
1177 3530 1546 3602 ἀπειρόγαμε.

225 3655 325 3708 Ἐκ
372 3653 484 3709 τοῦ
516 3656 775 3722 κανόνος
799 3658 885 3722 εις
920 3658 1025 3711 τὸν
1051 3658 1220 3727 ἅγιον
1251 3657 1519 3728 μάρτυρα
1543 3659 1799 3727 Βονιφιί-

762 3744 908 3794 τιον,
937 3729 1123 3798 ἡμέρᾳ
1159 3728 1244 3784 ιϐ’.

283 3852 360 3905 Τὸ
386 3853 518 3923 ὅρος
543 3852 639 3906 τοῦ
673 3852 831 3918 Θεοῦ,
881 3854 1078 3925 Δανιὴλ
1124 3855 1152 3906 ὃ
1183 3855 1417 3925 προεῖδε,
1459 3853 1556 3927 τὴν
1593 3855 1796 3924 σκηνὴν

211 3941 308 4013 τὴν
364 3947 590 4015 νοητὴν,
639 3945 735 4014 τὴν
781 3945 967 3998 πλάκα
1006 3945 1104 4016 τὴν
1146 3947 1369 4017 σεπτὴν,
1416 3947 1476 4000 τὸ
1509 3947 1608 4016 τῆς
1641 3945 1797 4013 δόξης

213 4036 486 4108 ἀγίασμα,
516 4038 794 4108 τράπεζαν
831 4037 922 4091 τὸν
948 4038 1090 4092 θεῖον
1115 4037 1276 4109 ἄρτον
1308 4040 1409 4110 τὴν
1445 4041 1792 4110 χωρήσασαυ,

213 4127 422 4198 ᾅτμασι
453 4130 550 4199 τὴν
591 4130 753 4197 ἀγίαν
784 4129 1061 4201 Παρθένον
1102 4132 1458 4202 ὑμνήσωμεν.

290 4309 526 4363 Ἑαυτὸν
553 4311 814 4363 ἐκένωσεν
840 4313 899 4364 ὲν
943 4315 1009 4384 τῇ
1047 4312 1244 4382 γαστρί
1272 4329 1387 4376 σου,
1441 4312 1517 4384 μὴ
1550 4312 1792 4375 κενώσας

208 4403 331 4467 τοὺς
366 4403 678 4472 Πατρικοίις
705 4403 938 4468 κόλπους
959 4406 987 4456 ό
1032 4404 1356 4474 ὑπερούσιος
1389 4406 1542 4470 Θεὸς,
1577 4404 1671 4459 καὶ
1703 4407 1793 4467 σὸς

211 4495 320 4557 υίὸς
363 4493 612 4563 ὲγένετο,
644 4495 979 4567 πανάμωμε,
1019 4497 1206 4561 σώζων
1233 4497 1296 4550 τὸ
1325 4496 1684 4568 ἀνθρώπινον.

273 4677 591 4749 Παρθενίαν
620 4680 756 4750 μετά
778 4679 937 4733 τόκον
964 4679 1408 4751 ὲσφραγισμένην
1430 4678 1784 4744 κατανοοῦσα,

207 4773 379 4843 Κόρη,
405 4775 500 4826 τὸν
531 4773 822 4844 ἀφράστως
841 4775 1098 4846 τεχθέντα
1121 4775 1294 4843 Λόγον
1321 4775 1384 4828 ἐκ
1412 4773 1655 4843 λαγόνων
1695 4790 1788 4827 σου

209 4866 411 4930 πιστῶς
441 4865 793 4935 ὲμεγάλυνες.

273 5120 384 5193 (98)
419 5120 485 5175 P.
519 5119 677 5176 Joan.
706 5120 906 5193 Euseb.
939 5117 1382 5190 Nierembergius
1417 5121 1472 5174 in
1518 5121 1633 5193 suis
1681 5120 1785 5174 Ex-

205 5191 556 5263 ceptiOnibus
587 5208 730 5263 Neap.
765 5192 852 5255 15,
886 5208 1009 5263 cum
1049 5208 1114 5246 ex
1155 5207 1429 5263 anonymo
1465 5191 1646 5262 prisco
1679 5207 1782 5263 gau-

205 5260 349 5318 ctore
364 5265 564 5318 Graeco
587 5260 874 5333 Deiparam
890 5260 1779 5333 Virginemlappellasset_tahulnm

204 5353 231 5387 a
273 5336 381 5389 Deo
431 5331 718 5400 scriptam,
745 5332 962 5388 subdit:
1001 5353 1019 5384 ι
1063 5331 1328 5386 Nimirum
1373 5348 1471 5402 per
1515 5331 1777 5400 Spiritum

204 5405 481 5467 sanctum,
525 5406 618 5472 qui
655 5407 772 5460 suis
799 5404 928 5459 Eam
958 5404 1366 5459 characteribus
1393 5405 1462 5457 ab
1490 5404 1604 5472 ipsa
1641 5418 1774 5457 con-

205 5478 482 5544 ceptione.
515 5490 624 5543 qua
671 5473 903 5529 formata
935 5474 1058 5539 fuit,
1090 5476 1394 5537 exornavit,
1418 5489 1516 5528 nec
1543 5474 1687 5544 enim
1723 5474 1773 5544 in

209 5541 302 5602 illa'
339 5547 497 5616 prius
539 5541 740 5616 aliquid
791 5547 1082 5615 scripserat
1134 5546 1366 5600 daemon.
1405 5563 1422 5595 ›
1469 5543 1668 5616 Alludit
1708 5541 1776 5616 ad

207 5612 419 5672 tabulas
453 5616 591 5686 legis
620 5612 788 5686 digito
817 5612 919 5670 Dei
940 5617 1193 5686 scriptas,
1234 5631 1465 5685 quarum
1497 5612 1780 5684 perfectio,

208 5698 425 5758 propter
471 5702 639 5756 quam
686 5688 1015 5758 diciturilex
1055 5687 1170 5758 Dei“
1201 5687 1781 5758 immaculata,_typum

207 5756 478 5813 referebat
508 5758 870 5813 sanctissima:
898 5757 1097 5811 Marize.
1134 5756 1244 5812 lloc
1287 5758 1458 5827 magis
1480 5756 1787 5827 declaratur

204 5847 264 5885 ex
298 5829 523 5886 Menaeis
556 5828 761 5886 Graecis
791 5830 878 5884 die
916 5828 976 5882 l0
1005 5827 1173 5896 Junii,
1196 5829 1298 5885 ode
1320 5825 1466 5893 9,‘de
1496 5826 1550 5882 S.
1581 5825 1790 5882 Metho-

1905 592 2197 654 innovasti,
2230 606 2262 644 ο
2293 601 2442 645 casta
2491 587 2671 658 Virgo,
2700 600 2872 644 mater
2913 587 3169 642 inviolata
3209 589 3263 642 in
3310 600 3466 659 partu

1905 693 1999 738 tuo
2031 682 2214 738 divino
2241 698 2302 737 ac
2335 680 2645 736 venerando
2666 723 2680 744 ,
2725 682 2815 750 qui
2847 679 2948 734 fuit
2978 694 3142 748 supra
3171 687 3335 734 totam
3370 693 3471 731 na-

1905 785 2106 831 turam.

1975 867 2140 922 Facta
2173 880 2232 921 es
2263 866 2521 935 spiritalis
2557 863 2914 920 sanctiﬁcatio
2947 865 3096 919 illius
3142 864 3231 934 qni
3264 863 3472 918 sancti-

1905 961 2030 1014 ficat
2063 959 2337 1022 universa,
2366 973 2428 1012 ac
2457 958 2721 1011 mundum
2761 956 3003 1025 ejusdem
3035 955 3468 1013 tabernaculum.

1903 1068 1935 1107 o
1983 1051 2485 1107 immaculatissima
2533 1050 2695 1120 239
2738 1049 2828 1103 Dei
2867 1064 3099 1118 sponsa;
3133 1064 3197 1102 ex
3239 1056 3289 1102 te
3321 1046 3466 1101 enim

1903 1146 2155 1215 apparuit
2210 1143 2354 1198 Deus
2394 1144 2712 1198 incarnatus
2767 1140 2861 1212 qui
2916 1141 2968 1194 in
3021 1139 3221 1209 duplici
3275 1148 3470 1194 natura

1903 1247 2064 1305 atque
2100 1235 2260 1290 unica
2307 1231 2584 1305 hypostasi
2622 1232 2824 1286 mundo
2858 1231 3188 1286 notilicatur.

1974 1327 2050 1382 Te
2084 1327 2256 1383 solam
2288 1340 2352 1380 ex
2394 1323 2668 1380 universis
2704 1322 3146 1392 generationibus
3177 1321 3340 1388 elegit
3381 1335 3474 1375 su-

1904 1417 2386 1491 persubstantlalis
2419 1416 2594 1480 Deus,
2649 1424 2705 1470 et
2743 1414 3117 1471 substantialis
3167 1413 3346 1469 factus
3391 1423 3474 1468 est

1902 1522 2125 1584 propter
2151 1527 2251 1566 nos
2281 1518 2443 1565 natus
2471 1511 2633 1563 homo
2653 1550 2668 1574 ,
2709 1506 3033 1563 substantiae
3076 1507 3327 1561 humanae
3359 1505 3475 1576 pla-

1904 1615 2133 1669 smator,
2159 1620 2190 1657 ο
2220 1602 2312 1657 Dei
2343 1600 2611 1662 Genitrix,
2647 1597 2940 1670 purissima
2972 1596 3220 1652 Domina.

1974 1696 2017 1750 Ο
2073 1704 2182 1749 tota
2237 1693 2619 1756 immaculata,
2676 1690 3012 1746 lucidissima
3080 1689 3212 1744 solis
3265 1688 3471 1753 nubes,

1904 1786 2111 1855 depelle
2166 1786 2362 1838 animae
2408 1798 2542 1838 more
2589 1783 2762 1837 nubes
2804 1780 3294 1836 intercessionibus
3340 1781 3470 1840 tuis.

1899 1890 1953 1933 et
2007 1887 2241 1932 mentem
2292 1892 2466 1932 meam
2521 1877 2805 1938 illumina,
2852 1873 3196 1946 negligentiae
3232 1874 3472 1929 tenebris

1901 1970 2190 2025 obductam
2213 2013 2225 2036 ,
2261 1979 2319 2024 ut
2353 1969 2576 2022 laudare
2629 1967 2836 2037 possim
2881 1975 2966 2031 te,
2998 1981 3032 2020 ο
3061 1966 3315 2021 omnibus
3350 1967 3470 2020 lau-

1901 2063 2059 2118 dibus
2087 2063 2270 2133 digna.

1974 2155 2348 2212 Substantiam
2396 2154 2758 2217 nostram,ob
2807 2151 3295 2223 transgressionem
3348 2163 3478 2204 cor.

1902 2258 2142 2318 ruptam,
2176 2249 2470 2311 renovasti,
2506 2248 2655 2301 illum
2688 2247 2869 2311 enixa,
2902 2245 3127 2316 quigsola
3161 2243 3341 2297 divina
3376 2258 3475 2296 vo-

1902 2341 2111 2397 luntate
2168 2357 2265 2397 sua
2314 2342 2539 2394 innovat
2585 2339 2864 2401 universa,
2922 2352 2955 2392 ο
3002 2336 3286 2391 benedicta
3332 2336 3472 2390 inter

1901 2434 2178 2497 mulieres,
2211 2432 2396 2487 divina
2420 2430 2593 2500 gratia
2625 2427 3083 2484 cumulatissima.

1970 2525 2048 2580 Te
2098 2538 2288 2578 urnam
2342 2537 2601 2585 auream,
2652 2531 2702 2575 te
2763 2535 3005 2573 mensam
3066 2518 3470 2574 sanctissimam

1901 2614 2070 2668 divini
2096 2613 2250 2684 panis
2274 2613 2421 2679 vitae,
2448 2621 2498 2666 te
2529 2611 2706 2664 locum
2734 2608 3206 2668 sanctiﬁcationis.
3235 2624 3266 2661 ο
3297 2616 3470 2667 casta.

1901 2709 2274 2770 nominamus,
2310 2721 2373 2760 ac
2398 2706 2658 2758 thronum
2685 2701 3013 2757 altissimum
3045 2701 3097 2753 in
3124 2715 3232 2768 quo
3257 2699 3474 2768 requie-

1899 2802 1977 2856 vit
2003 2800 2292 2855 laudabilis
2325 2798 2467 2853 Deus
2503 2807 2715 2866 patrum
2748 2804 3086 2848 nostrorum.

1973 2893 2229 2964 Speciosa
2271 2890 2411 2945 facta
2444 2905 2523 2956 es,
2558 2905 2591 2942 ο
2624 2895 2770 2942 casta
2794 2928 2808 2950 ,
2843 2887 3149 2959 speciosum
3196 2885 3360 2938 Deum
3407 2899 3472 2939 ac

1901 2985 2190 3040 Dominum
2257 2983 2454 3045 enixa,
2511 2983 2601 3052 qui
2667 2978 2869 3033 divinis
2919 2977 3299 3045 Splemloi-ibus
3358 2976 3473 3030 suis

1901 3080 2160 3134 mortales
2217 3079 2490 3141 illustrat;
2558 3075 2648 3130 cui
2712 3073 3014 3128 clamamus
3069 3088 3081 3123 :
3137 3068 3468 3130 Bmedicite,

1901 3171 2082 3224 omnia
2118 3184 2303 3239 Opera,
2337 3166 2654 3226 Dominum.

1972 3263 2306 3317 llorreswnt
2335 3259 2611 3330 spiritales
2647 3256 2919 3312 exercitus
2947 3253 3190 3307 videntes
3223 3251 3468 3305 divinum
3574 3265 3578 3269 '

1898 3352 2076 3409 Patris
2127 3353 2512 3422 Splendorem,
2547 3351 2599 3404 in
2649 3350 2756 3403 tuis
2809 3346 3062 3403 manibus
3103 3343 3466 3412 inexplicabili

1899 3447 2062 3502 modo
2101 3446 2401 3509 detentum,
2456 3453 2509 3497 et
2549 3440 2962 3497 similitudinem
3005 3446 3148 3491 tuam
3185 3435 3474 3506 possiden-

1901 3547 2029 3603 tem,
2061 3546 2118 3590 ut
2149 3536 2395 3591 homines
2426 3533 2658 3595 deilicct.
2688 3548 2721 3586 ο
2753 3531 2918 3601 Virgo
2949 3537 3122 3583 mater
3148 3527 3398 3597 innupta.

1901 3663 1984 3717 Ea:
2033 3680 2232 3718 canone
2267 3664 2321 3716 in
2357 3663 2490 3732 festo
2519 3658 2577 3716 S.
2612 3659 2880 3728 Bonifacii
2925 3657 3204 3725 martyris,
3241 3653 3328 3708 die
3382 3654 3467 3708 19.

1972 3861 2205 3916 Montem
2241 3860 2358 3923 Dei,
2392 3873 2554 3928 quem
2601 3855 2788 3910 Daniel
2821 3855 3091 3924 praevidit,
3141 3853 3468 3907 tabcmacu-

1900 3957 2012 4010 lum
2060 3953 2337 4023 spiritale,
2394 3951 2634 4005 tabulam
2675 3947 3037 4002 venerandam
3083 3946 3242 4014 (98),
3283 3945 3476 4014 glorias

1899 4045 2417 4108 sanctilicationem,
2485 4055 2725 4094 mensam
2789 4039 2989 4105 inqua
3043 4037 3198 4106 panis
3247 4036 3472 4089 divinus

1895 4139 2234 4200 continetur,
2307 4144 2552 4190 sanctam
2622 4131 2902 4201 Virginem
2967 4130 3198 4185 canticis
3257 4129 3468 4182 collau-

1895 4233 2104 4286 demus.

1965 4324 2128 4394 2m
2157 4323 2408 4392 Seipsum
2453 4319 2750 4375 exinanivit
2791 4317 2843 4370 in
2877 4327 3032 4370 utero
3067 4325 3199 4380 tuo,
3241 4328 3341 4369 nec
3391 4322 3471 4367 ta-

1897 4431 2020 4469 men
2053 4415 2341 4469 Paternum
2376 4409 2673 4464 exinanivit
2712 4409 2893 4463 sinum
2926 4403 3470 4476 supersubstantialis

1901 4507 2061 4569 Dens,
2087 4513 2140 4559 et
2173 4514 2300 4558 tuus
2361 4500 2506 4555 illius
2536 4499 2735 4563 factus,
2769 4513 2802 4552 ο
2830 4496 3233 4568 purissima,-ut
3259 4494 3473 4549 salvum

1819 4605 1862 4657 D
1892 4598 2096 4653 laceret
2129 4609 2299 4666 genus
2335 4595 2661 4646 humanum.

1962 4690 2096 4745 Cum
2151 4687 2502 4756 intelligeres,
2549 4699 2584 4738 ο
2617 4683 2832 4748 Puella,
2887 4681 3256 4751 virginitatem
3315 4687 3465 4733 tuam

1901 4789 2026 4851 post
2069 4786 2281 4847 partum
2319 4776 2612 4844 sigillatam
2669 4772 3074 4844 permansisse,
3127 4769 3363 4824 Verbum
3400 4783 3467 4822 ex

1901 4869 2202 4926 visceribus
2234 4867 2342 4923 tuis
2373 4866 2718 4922 ineﬂabiliter
2751 4872 2938 4918 natum
3004 4860 3231 4916 ﬁdeliter
3260 4857 3470 4928 magni-

1901 4962 2124 5016 ﬁcabas.

1893 5117 2005 5182 dio,
2038 5117 2128 5174 ubi
2161 5116 2396 5172 dicitur:

2176 5223 2245 5278 Te
2279 5237 2420 5276 nocte
2460 5221 2590 5291 legis
2643 5235 2852 5291 arcam_
2895 5232 3166 5291 uocamus,

2173 5293 2387 5360 Unaque
2441 5287 2736 5360 noiuelegis
2781 5287 3040 5351 tabulam,

2161 5365 2239 5416 Ab
2287 5365 2399 5430 ipso
2439 5361 2669 5416 Numine
2695 5360 2983 5430 scalptum,

2173 5434 2274 5488 Cui
2308 5427 2467 5487 suum
2496 5433 2636 5485 Deus
2670 5428 2893 5484 Verbum
2925 5427 3221 5495 inscripsit,

1888 5541 2136 5603 Pulchre,
2179 5554 2326 5593 nocte
2360 5537 2491 5606 legis
2521 5534 2730 5598 tabula,
2757 5549 2786 5588 a
2811 5531 2984 5606 veteri
3011 5529 3240 5606 peccati_
3267 5527 3382 5606 lege
3409 5533 3472 5578 et

1889 5598 2164 5667 communi
2185 5608 2391 5678 antiqui
2412 5598 2594 5661 delicti
2621 5604 2901 5660 consortio
2919 5598 3130 5678 aliena;
3150 5598 3432 5678 pulchrius
3450 5611 3468 5648 :

1893 5685 1960 5738 ab
1993 5685 2108 5752 ipso
2140 5669 2370 5752 Numine
2391 5679 2623 5752 sculpta,
2660 5685 2716 5730 ut
2744 5673 3116 5744 conceptionis
3149 5669 3328 5725 Mariae
3359 5680 3467 5722 non

1896 5747 2174 5810 nisi'Deus
2205 5749 2399 5806 artifex
2435 5747 2622 5805 fuerit.
