4180 6450
768 365 908 428 1267

1897 371 1957 431 S.
1998 371 2313 432 JOSEPIII
2354 375 2885 442 HYMNOGRAPH
2891 383 2918 442 Ι

832 480 1022 536 Clamo
1057 479 1122 534 ad
1158 489 1228 546 te,
1286 496 1318 535 0
1374 481 1556 552 Virgo,
1605 484 1840 537 emumla
1895 486 1962 539 ab
2002 487 2148 540 omni
2178 488 2334 540 sorde
2365 490 2410 548 A

3880 389 4013 452 1268

2522 492 2721 546 Ῥύπου
2771 495 2971 560 πάντος
3035 496 3368 562 ἁπόπλυνον,
3433 498 3698 568 Παρθένε,
3747 500 3849 568 τὴν
3880 503 4016 570 ἐμὴν

766 576 1005 627 animam
1058 591 1269 640 meam,
1311 589 1362 630 et
1393 576 1601 631 salvum
1659 578 1742 632 fac
1791 594 1896 639 me,
1933 595 1966 631 ο
2009 593 2179 642 casta,
2214 597 2330 650 qum

2436 586 2636 654 ψυχὴν.
2670 587 2778 656 βοῶ
2838 605 2941 653 σοι,
2972 591 3066 642 καὶ
3115 589 3288 644 σῶσόν
3341 609 3431 662 με,
3459 593 3616 663 ἁγνὴ,
3653 595 3686 664 ἡ
3718 593 3810 646 τὸν
3839 594 4015 660 ἀληθῆ

765 669 1097 723 Salvatorem
1141 667 1306 722 Deum
1349 685 1534 723 verum
1572 671 1623 723 in
1663 680 1798 723 terra
1834 672 2158 740 corporasti.

838 760 1026 815 ltubus
1057 771 1106 814 te
1127 770 1252 815 ante
1281 762 1678 830 przeligurahat,
1704 779 1735 814 ο
1761 764 1908 816 οηιηὶ
1932 764 2088 816 laude
2119 763 2328 830 dignis-

762 853 920 915 sima,
953 861 1006 907 et
1033 853 1359 916 castissima,
1388 852 1517 909 dum
1549 854 1772 907 ardebat
1804 866 1858 909 et
1890 870 1996 908 non
2040 854 2328 908 combure-

766 947 922 997 halur
976 961 990 998 :
1039 946 1237 999 etenim
1297 954 1352 998 tu
1415 945 1672 1001 similiter
1727 962 1832 999 non
1893 962 1952 1001 es
2009 947 2327 1008 combusta,

761 1038 1010 1107 quamvis
1043 1038 1184 1094 Deus
1209 1055 1274 1094 ex
1305 1050 1354 1094 te
1389 1041 1702 1095 incarnatus
1740 1040 1920 1094 fuerit.

830 1132 899 1188 Ut
949 1133 1085 1189 laetis
1139 1135 1362 1189 vocibus
1417 1135 1636 1189 laudare
1689 1135 1891 1203 possim
1937 1146 2010 1198 te,
2048 1151 2085 1189 ο
2127 1134 2326 1205 puella,

761 1228 923 1280 libera
961 1242 1047 1280 me
1089 1228 1575 1282 intercessionibus
1620 1228 1726 1281 tuis
1759 1243 1787 1278 a
1822 1228 2114 1297 periculis,
2159 1226 2329 1280 tribu-

758 1319 1072 1381 lationibus,
1095 1329 1148 1372 et
1178 1318 1361 1388 pravis
1390 1318 1832 1388 cegitationibus,
1867 1335 1987 1389 quae
2015 1334 2101 1372 me
2132 1333 2328 1371 vexare

754 1420 1042 1469 conantur.

826 1506 880 1559 In
910 1515 983 1568 te,
1014 1506 1178 1578 Virgo
1208 1517 1355 1561 casta
1377 1550 1389 1566 ,
1426 1507 1763 1563 descendens
1795 1506 1882 1560 ille
1921 1503 2324 1573 superdivinus,

756 1599 1073 1654 incarnatus
1113 1613 1196 1654 est
1241 1616 1308 1654 co
1355 1601 1520 1656 modo
1569 1616 1726 1669 quem
1786 1600 1900 1668 ipse
1940 1598 2120 1660 novit,
2166 1609 2328 1666 atque

756 1693 1005 1748 homines
1059 1692 1362 1759 deificavit,
1427 1695 1518 1762 qui
1585 1693 1916 1747 coneinunt:
1983 1690 2322 1752 Benedicite,

752 1787 937 1841 omnia
967 1802 1152 1856 opera,
1188 1796 1241 1840 et
1269 1788 1483 1840 laudate
1516 1784 1826 1839 Dominum.

2437 677 2570 729 Θεὸν
2600 675 2845 750 Σωτῆρα
2865 681 2958 732 ἐπὶ
2981 681 3085 751 γῆς
3115 681 3515 752 σωματὼσασα.

2521 768 2582 820 'H
2620 767 2779 837 βάτος
2834 788 2893 823 σε
2952 773 3285 843 προετύπου,
3340 775 3684 843 πανύμνητε,
3744 775 4014 844 πρῦτερον

2435 861 2723 933 καιομένη,
2755 863 3023 935 μηδαμῶς
3040 867 3096 919 δὲ
3126 865 3455 937 φλεγομένη,
3484 867 3730 934 πάναγνε
3750 884 3763 898 ·
3792 868 3888 921 καὶ
3911 867 4015 935 γὰρ

2432 957 2507 1020 ὠς
2539 956 2718 1029 ἐκείνη
2750 959 2849 1012 οὐκ
2878 959 3145 1032 ὲτλέχθης
3177 959 3311 1014 Θεὸν
3335 961 3737 1030 σωματώσασα.

2505 1145 2619 1197 Ἴνα
2643 1148 2846 1212 φωναῖς
2862 1147 3066 1211 αἰσέαις
3087 1147 3371 1217 ὐμνολογῶ
3406 1166 3487 1213 σε,
3515 1149 3688 1220 Κόρη,
3717 1147 3914 1200 παθῶν
3950 1165 4013 1217 με

2434 1235 2592 1307 ῥῦσαι
2637 1239 2757 1300 ταῖς
2789 1237 3109 1306 πρεσϐείαις
3140 1256 3255 1302 σου,
3283 1238 3564 1302 κινδύνων,
3615 1242 3707 1292 καὶ
3755 1239 4013 1308 θλίψεων,

2433 1329 2530 1381 καὶ
2555 1329 2805 1401 πονηρῶν
2835 1329 3134 1402 λογισμῶν,
3168 1331 3418 1386 κακῶσαί
3452 1350 3517 1402 με
3540 1331 3874 1402 ζητούντων.

2515 1514 2635 1565 Ἐπὶ
2662 1514 2721 1566 σὲ
2754 1514 2852 1586 τὴν
2881 1515 3054 1586 ἁγνὴν
3090 1516 3121 1568 ὁ
3163 1515 3432 1585 ὑπέρθεος
3482 1516 3784 1580 κατελθὼν,
3825 1516 4012 1585 ὥσπερ

2429 1603 2554 1670 οἶδε,
2583 1608 2946 1677 σεσάρκωται,
2969 1609 3060 1661 καὶ
3081 1611 3206 1672 τοὺς
3231 1608 3453 1680 βροτοὺς
3480 1610 3679 1663 ὲθέωσε
3706 1610 4012 1680 μελῳδοῦν-

2429 1717 2547 1762 τας,
2591 1699 2873 1770 Παρθένεο
2923 1701 3106 1756 Πάντα
3150 1701 3217 1755 τὰ
3275 1701 3433 1771 ἔργα,
3460 1702 3758 1771 εὐλογεῖτε,
3790 1703 4009 1772 ὑμνεῖτε

2426 1790 2518 1842 τὸν
2544 1790 2767 1858 Κύριον.

826 1881 972 1936 Luce
1025 1893 1114 1936 tua
1164 1882 1413 1936 illumina
1468 1896 1590 1943 me,
1633 1897 1665 1935 0
1705 1878 1998 1949 purissima
2058 1878 2321 1947 Deipara,

2497 1855 2642 1936 Φωτέ
2683 1901 2751 1954 με
2795 1884 3142 1950 ωταὺγασον
3191 1885 3273 1955 τῷ
3297 1885 3394 1954 σῷ,
3452 1888 3785 1956 πανάμωμε,
3836 1886 3927 1938 τὸν
3955 1888 4012 1937 tv

753 1978 956 2043 peccati
1007 1976 1250 2030 tenebris
1299 1984 1663 2044 occupatum,
1703 1982 1758 2028 et
1819 1972 2058 2028 concede
2090 1972 2245 2032 mihi,
2291 1987 2324 2024 ο

752 2084 952 2137 sponsa
991 2069 1104 2134 Dei,
1134 2079 1190 2121 nt
1224 2067 1496 2121 ambulem
1538 2066 1590 2119 in
1618 2066 1706 2119 die
1736 2064 2046 2118 divinorum
2099 2063 2325 2116 manda-

754 2172 956 2228 torum,
998 2170 1053 2214 ut
1107 2159 1330 2214 laudare
1372 2157 1579 2229 possim
1637 2168 1687 2212 te
1732 2155 1879 2210 omni
1916 2153 2073 2210 laude
2122 2155 2326 2226 dignis-

753 2271 970 2311 snnam.

758 2386 840 2441 Ea:
870 2403 1068 2441 canone
1098 2387 1149 2438 in
1190 2383 1476 2453 pervigiliis
1507 2399 1596 2437 seu
1640 2380 2120 2449 prmparationibus
2148 2379 2215 2432 ad
2247 2377 2324 2444 fe-

1044 2468 1186 2510 stum
1215 2455 1531 2509 Nativitatis
1564 2454 1793 2517 Domini,
1829 2453 1913 2505 die
1942 2453 2033 2506 20.

823 2589 1116 2645 Paradisus
1146 2587 1311 2642 Edem
1345 2596 1644 2651 reseratur,
1678 2592 1933 2639 nascente
1966 2591 2036 2646 te,
2079 2582 2322 2646 Domine,

751 2698 816 2736 ex
858 2683 1033 2752 puella
1084 2679 1175 2735 Dei
1213 2681 1344 2746 lilia,
1395 2677 1696 2733 secundum
1734 2690 1956 2730 carnem
2013 2675 2066 2728 in
2105 2675 2328 2729 civitate

754 2773 1052 2827 Bethleem.
1090 2770 1490 2826 Providentiam
1527 2776 1674 2821 tuam
1702 2765 2076 2820 admirabilem
2109 2766 2326 2837 hymnis

752 2866 1146 2921 collaudamus.

822 2956 940 3010 Jam
979 2957 1131 3011 stella
1177 2963 1360 3008 exorta
1399 2963 1484 3009 est
1509 2969 1574 3008 ex
1621 2954 1764 3009 tribu
1792 2951 1948 3012 Juda,
1989 2964 2150 3018 quam
2200 2963 2322 3002 cum

756 3051 1104 3122 agnovissent
1145 3064 1321 3116 reges,
1376 3063 1442 3102 ex
1481 3046 1703 3102 Oriente
1738 3047 2074 3099 advenerunt
2116 3042 2324 3097 accele~

759 3154 944 3199 rantes
976 3143 1099 3208 iter,
1133 3141 1289 3212 241
1326 3152 1384 3195 ut
1432 3143 1677 3196 viderent
1721 3139 1998 3194 Christum
2042 3143 2227 3189 natum
2270 3134 2321 3186 in

757 3237 1028 3292 Bethleem
1062 3235 1365 3291 secundum
1403 3249 1643 3288 carnem.

825 3329 1132 3396 Quomodo,
1167 3343 1199 3381 ο
1244 3325 1501 3388 Verbum,
1539 3323 1799 3393 suscipiet
1840 3331 1892 3375 te
1938 3319 2191 3388 spelunca
2223 3332 2322 3370 an-

754 3421 1065 3492 gustissima
1095 3435 1158 3472 ac
1188 3418 1478 3482 vilissima,
1519 3427 1703 3470 natum
1729 3416 1781 3468 in
1815 3428 1973 3467 carm-
1993 3412 2015 3464 ?
2038 3411 2322 3477 Quomodo

754 3513 940 3568 fasciis
984 3510 1304 3574 involveris,
1352 3517 1407 3563 tu
1445 3508 1539 3578 qui
1580 3507 1818 3562 nubibus
1865 3503 2174 3560 circumdas
2224 3517 2320 3569 po-

755 3608 903 3663 lum?
937 3605 1218 3673 Quomodo
1264 3614 1522 3673 tanquam
1569 3600 1749 3656 infans
1789 3600 1842 3654 in
1884 3599 2165 3653 brutorum
2209 3605 2319 3650 sta-

756 3702 884 3757 bulo
917 3695 1304 3755 reclinaberis?

823 3797 867 3848 υ
893 3795 1056 3847 Edcm
1102 3793 1230 3845 olim
1275 3790 1404 3844 mihi
1444 3789 1655 3851 clausa,
1685 3785 1899 3856 aperire
1933 3785 1984 3837 in
2023 3791 2318 3852 posterum,

753 3887 944 3939 videns
971 3884 1246 3939 Christum
1295 3881 1556 3934 infantem
1605 3879 1969 3939 incarnatum,
2001 3883 2055 3927 et
2101 3873 2154 3925 in
2181 3871 2318 3925 civi-

756 3987 867 4032 tate
910 3976 1206 4038 Bethleem,
1253 3971 1713 4043 quemadmodum
1767 3969 1842 4023 illi
1893 3967 2152 4039 placitum
2198 3963 2319 4028 fuit,

755 4086 823 4123 cx
849 4069 1025 4138 puella
1064 4065 1287 4135 Virgine
1313 4073 1520 4119 natum.

828 4163 886 4214 ln
945 4161 1202 4229 spelunca
1268 4157 1542 4212 Bethleem
1607 4155 1783 4225 puella
1842 4153 2130 4208 manifeste
2187 4152 2326 4220 parit

757 4253 928 4306 Deum
987 4251 1245 4304 factorem
1297 4248 1560 4312 universi,
1619 4256 1674 4301 et
1734 4255 1988 4315 tanquam
2045 4244 2321 4297 hominem

757 4345 942 4399 fasciis
975 4343 1303 4407 involutum,
1331 4341 1561 4396 reclinat
1584 4355 1732 4394 nunc
1758 4339 1811 4394 in
1840 4338 2124 4408 prmsepio.

825 4441 1025 4491 Aurem
1060 4436 1402 4505 praebeamus
1435 4431 1782 4488 sermonibus
1822 4430 2029 4493 sacris;
2067 4427 2325 4481 Dominus

757 4530 1000 4584 nascitur
1031 4544 1166 4597 puer
1192 4537 1413 4598 propter
1437 4541 1561 4589 nos,
1585 4525 1742 4594 cujus
1775 4523 2116 4592 principatus
2146 4520 2324 4574 factus

754 4632 836 4677 est
870 4637 1034 4692 super
1060 4622 1345 4674 humerum
1377 4619 1516 4688 ejus,
1544 4628 1600 4673 et
1624 4626 1849 4672 vocatur
1874 4616 2112 4685 Angelus
2144 4616 2324 4684 magni

755 4717 967 4771 consilii
1001 4715 1215 4776 Patris,
1256 4714 1509 4783 princeps
1539 4711 1690 4781 pacis
1722 4710 2002 4769 Christus.

828 4809 979 4863 Sicut
1008 4809 1215 4878 iuravit
1260 4806 1540 4864 Dominus.
1582 4820 1709 4859 ecce
1734 4801 2026 4872 complevit
2049 4800 2326 4869 jusjuran-

755 4905 908 4968 dum,
944 4903 1081 4957 dans
1123 4902 1282 4956 nobis
1327 4915 1391 4953 ex
1425 4899 1632 4953 semine
1676 4896 1843 4950 David
1897 4894 2169 4966 Virginem
2212 4909 2323 4946 ma-

759 5009 892 5049 trem
943 5011 1123 5056 suam,
1180 5010 1244 5047 ex
1295 5009 1402 5060 qua
1461 5001 1622 5044 natus
1662 4998 1746 5043 est
1795 4987 1976 5042 inlans
2022 4985 2322 5041 secundum

755 5103 975 5141 carnem
1009 5087 1061 5140 in
1091 5086 1311 5141 civitate
1359 5084 1654 5150 Bethleem,
1689 5095 1856 5151 supra
1881 5093 2097 5134 omnem
2128 5093 2323 5132 concc-

755 5193 906 5252 plum
934 5182 1248 5235 verborum.

827 5276 1014 5344 Virgo,
1067 5275 1400 5327 alabastrum
1449 5270 1712 5339 spiritale,
1766 5269 1871 5322 fert
1907 5267 2185 5322 Christum
2219 5282 2321 5318 un-

756 5374 1015 5433 guentum
1055 5363 1463 5427 inexhaustum,
1495 5361 1641 5430 quod
1675 5361 1726 5412 in
1755 5359 2013 5428 spelunca
2050 5357 2320 5410 Bethleem

753 5457 1029 5526 egreditur
1086 5464 1146 5510 ut
1202 5457 1254 5508 in
1309 5454 1502 5524 spiritu
1562 5451 1847 5505 manifeste
1898 5458 2214 5512 evacuetur,
2267 5457 2324 5501 ut

754 5549 1022 5602 suavitate
1054 5548 1241 5603 odoris
1271 5547 1356 5600 sui
1392 5547 1594 5611 repleat
1628 5543 1840 5597 animas
1870 5551 2108 5597 nostras.

754 5673 839 5729 Ex
861 5691 1057 5729 canone
1085 5675 1138 5727 in
1165 5676 1296 5744 festo
1330 5671 1385 5727 S.
1417 5671 1651 5797 {inlitam
1683 5670 1934 5737 martyris
1973 5662 2319 5736 Nicomediw,

1469 5761 1513 5797 re
1619 5786 1632 5797 .

1469 5761 1513 5797 ιε
1543 5761 1632 5798 ‘ZI.

827 5874 989 5943 Virgo
1037 5883 1244 5929 natura:
1291 5873 1639 5929 Conditorem
1706 5889 1896 5943 parere
1981 5870 2199 5928 festinat
2266 5874 2318 5926 in

2431 1976 2613 2028 σκότει
2673 1977 3027 2047 συνεχόμενον
3085 1978 3186 2044 τῆς
3234 1980 3530 2049 ἁμαρτιας,
3604 1981 3856 2043 Θεότοκε,
3917 1981 4013 2036 καὶ

2428 2070 2569 2123 δίδου
2598 2073 2654 2124 tv
2683 2072 2868 2142 ἡμέρᾳ
2915 2071 3243 2141 πορεύεσθαι
3301 2074 3500 2126 ἐνθέων
3547 2074 4010 2144 προσταγμάτων,

2428 2164 2731 2234 Θεόνυμφε,
2762 2165 2910 2228 ὅπως
2943 2166 3095 2236 ὑμνῶ
3127 2183 3186 2218 σε
3208 2166 3307 2236 τὴν
3334 2164 3709 2237 πανύμνητον.

2442 2389 2539 2442 Ἐκ
2563 2387 2669 2442 τοῦ
2688 2388 2944 2452 κανόνος
2969 2389 3052 2453 εἰς
3073 2387 3469 2452 τίιπροεόρτια
3487 2386 3596 2451 τῆς
3641 2387 3790 2440 κατὰ
3815 2387 4015 2453 σάρκα

2683 2461 3026 2528 γεννήσεως
3052 2460 3156 2513 τοῦ
3189 2460 3430 2526 Κυρίου,
3454 2457 3642 2526 ἡμέρᾳ
3677 2459 3744 2512 κ’.

2511 2582 2670 2652 Ἐδὲμ
2706 2583 3057 2650 διανοίγεται,
3101 2583 3196 2637 σοῦ
3253 2583 3547 2653 γενομένου
3594 2586 3660 2637 ὲκ
3691 2585 3862 2656 κόρης
3898 2585 4014 2637 ϐεδ-

2427 2674 2616 2737 παιδος
2639 2675 2697 2726 tv
2729 2679 2795 2746 τῇ
2827 2675 3000 2742 πόλει,
3029 2676 3298 2737 Δέσποτα,
3335 2679 3402 2747 τῇ
3437 2677 3687 2747 Βηθλεὲμ
3719 2679 3776 2730 tv
3809 2680 3976 2750 cetpr
3999 2697 4011 2709 ·

2428 2767 2832 2841 ὐμνολογοῦμεν
2859 2769 2955 2840 τὴν
2987 2771 3222 2841 φρικτὴν
3249 2770 3565 2840 οἰκονομίαν
3609 2788 3724 2824 σου.

2503 2958 2736 3026 Ἀττρον
2767 2955 2868 3026 ἢδη
2900 2955 3268 3010 ἀνατέταλκεν
3314 2958 3378 3010 ὲκ
3415 2958 3587 3026 φυλῆς
3641 2959 3830 3022 Ἰούδα,
3878 2963 4016 3030 ὅπερ

2425 3047 2743 3115 ἐπιγνόντες
2769 3046 3009 3116 βασιλεῖς
3031 3051 3273 3117 κινήσεις
3292 3050 3566 3101 ἀνατολῶν
3593 3051 3892 3109 ποιοῦνται,
3919 3058 4014 3107 κν).

2427 3135 2630 3201 φθάσαι
2666 3137 2995 3202 ἐπείγονται,
3025 3137 3175 3200 ὅπως
3202 3137 3504 3192 Θεὰσωνται
3551 3142 3786 3211 Χριστὸν
3815 3145 3872 3195 ἐν
3905 3146 4012 3213 Βη-

2354 3215 2396 3273 C
2431 3225 2599 3295 θλεὲμ
2637 3228 2804 3295 σαρκὶ
2827 3227 3168 3294 τικτόμενον.

2495 3319 2618 3382 Πῶς
2651 3319 2864 3384 δέξεταί
2901 3337 2982 3382 σε,
3019 3321 3178 3388 Λὸγε,
3215 3323 3534 3393 τικτόμενον
3576 3326 3741 3393 σαρκὶ
3775 3326 3836 3378 τὸ
3874 3328 4007 3396 σπή-

2424 3413 2573 3465 λαιον
2624 3413 2954 3484 μικρότατον
3001 3415 3095 3466 καὶ
3146 3415 3266 3467 λῖαν
3313 3416 3559 3480 εὑτελέςς
3604 3417 3722 3479 πῶς
3762 3419 4013 3488 εἰλιοήσῃ

2426 3503 2782 3573 σπαργάνοις,
2816 3507 2843 3556 ὁ
2869 3504 3211 3572 περιϐάλλων
3271 3507 3433 3558 πόλον
3467 3506 3755 3574 νεφέλαις;
3804 3509 3921 3571 πῶς
3959 3511 3996 3560 ἐι

2425 3594 2601 3667 φάτνῃ
2630 3593 2738 3647 τῶν
2768 3595 2980 3664 ἀλόγων
3018 3597 3434 3668 ὲπανακλιΘήσῃ
3468 3602 3541 3662 ὡς
3567 3600 3798 3670 νήπιον;

3804 3509 3921 3571 πῶς
3959 3511 4015 3560 ἐν

2509 3780 2666 3849 Ἐδὲμ
2714 3780 2880 3833 πάλαι
2941 3780 3254 3834 κλεισθεῖσᾶ.
3306 3799 3395 3851 μοι
3465 3782 3744 3852 ἀνοίχθητι
3799 3782 4013 3836 λοιπὸν.

2426 3870 2698 3939 βλέπουσα
2753 3871 2996 3940 Χριστὸν
3049 3874 3216 3940 σαρκὶ
3246 3873 3610 3941 νηπιάσαντα.
3674 3875 3770 3927 καὶ
3825 3878 3883 3927 tv
3947 3880 4014 3946 τῇ

2426 3963 2601 4027 πόλει,
2647 3963 2723 4026 ὡς
2764 3964 3056 4034 ηὑδόκησε,
3081 3967 3178 4034 τῆς
3229 3965 3477 4036 Βηθλεὲμ
3516 3969 3582 4020 ὲκ
3625 3968 3794 4039 κόρης
3830 3972 4016 4022 τικτὸ-

2429 4073 2592 4124 μενον
2619 4056 2922 4127 Παρθένου.

2513 4150 2601 4202 Ἐν
2652 4151 2902 4222 σπηλαίῳ
2941 4152 3187 4222 Βηθλεὲμ
3222 4153 3372 4224 Κόρη
3415 4154 3591 4207 τίκτει
3626 4157 3889 4224 ἐμφανῶς
3923 4160 4017 4212 τὸν

2426 4244 2556 4296 Θεὸν
2589 4244 2678 4296 τὸν
2697 4245 2790 4297 τοῦ
2823 4247 3022 4309 παντὸς
3050 4248 3302 4316 ποιητὴν,
3324 4249 3506 4311 καὶὼς
3527 4248 3714 4319 βροτὸν
3748 4251 4015 4317 εἱλίξασα

2428 4338 2762 4407 σπαργάνοις
2785 4338 2958 4410 φάτνῃ
2981 4339 3327 4392 ἑπανακλίνει
3358 4339 3473 4396 νῦν.

2510 4427 2948 4496 Ἀκουτισθῶμεν
2991 4430 3168 4498 λόγων
3205 4431 3365 4501 ἱερῶν
3390 4446 3406 4461 ο
3445 4432 3473 4484 ὁ
3506 4431 3710 4502 Κύριος
3763 4433 4016 4487 τίκτεται

2430 4521 2639 4574 παιδίον
2664 4522 2732 4574 δι’
2761 4523 2930 4591 ἡμᾶς,
2957 4516 3018 4576 οὗ
3049 4525 3080 4592 ἡ
3114 4524 3256 4592 ἀρχὴ
3293 4525 3386 4576 ἐπὶ
3405 4524 3502 4578 τοῦ
3534 4524 3686 4594 ὦμον
3719 4527 4013 4596 ἐγεννήθη,

2432 4617 2525 4667 καὶ
2581 4613 2828 4668 καλεῖται
2887 4616 3150 4681 Ἀγγελος
3212 4616 3409 4686 βουλῆς
3473 4617 3716 4688 μεγάλης
3775 4619 4014 4688 Πατρὸς,

2432 4707 2614 4777 ἄρχων
2643 4708 2864 4778 εἰρήνης
2900 4708 3154 4778 Χριστός.

2512 4801 2599 4862 Ὠς
2621 4799 2801 4869 ὤμοσε
2830 4800 3052 4871 Κύριος,
3092 4802 3477 4872 πεπλήρωκεν·
3496 4803 3627 4867 ἰδοὺ,
3655 4805 3721 4857 ὲκ
3756 4806 4013 4876 σπέρμα-

2430 4911 2520 4955 τος
2557 4893 2680 4954 δοὺς
2710 4895 2839 4963 ἡμῖν
2890 4894 3056 4946 Δαδὶδ
3085 4895 3184 4960 τὴν
3214 4896 3413 4947 ἑαυτοῦ
3445 4895 3670 4965 Μητέρα
3703 4898 4011 4966 Παρθένον,

2431 4985 2490 5050 ἐξ
2515 4980 2580 5056 ἧς
2611 4987 2806 5054 βρέφος
2833 4988 2997 5057 σαρκὶ
3049 4987 3241 5058 ἐτέχθη
3277 4989 3334 5040 tv
3383 4988 3534 5042 πόλει
3575 4989 3834 5059 Βηθλεὲμ
3869 4993 4013 5062 ὑπὲρ

2430 5078 2607 5146 λόγον.

2499 5264 2657 5334 Φέρει
2686 5265 2920 5334 Χριστὸν
2954 5264 3144 5336 ὥσπερ
3198 5265 3371 5336 μῦρον
3410 5266 3684 5321 ἁκένωτον
3714 5285 3776 5320 το
3816 5270 4011 5338 νοητὸν

2429 5356 2763 5426 ήΠαρΘένος
2789 5355 3152 5426 ἀλάϐαστρον,
3211 5356 3502 5410 καὶτοῦτο
3558 5359 3896 5430 προέρχεται
3951 5363 4013 5412 tv

2431 5450 2702 5519 σπηλαίῳ,
2732 5448 3005 5517 πνεύματι
3040 5450 3389 5503 ἀποκενῶσαι
3419 5449 3630 5519 σαφῶς,
3663 5451 3815 5515 ὅπως
3864 5453 4009 5522 πλη-

2433 5542 2579 5613 ρώσῃ
2611 5541 2707 5610 τῆς
2736 5539 2962 5602 εὐωδίας
2993 5539 3160 5595 αὑτοῦ
3193 5542 3291 5605 τὰς
3335 5542 3512 5612 ψυχὰς
3540 5541 3719 5613 ἡμῶν.

2441 5669 2544 5723 Ἐκ
2577 5666 2683 5720 τοῦ
2723 5667 2983 5739 κανόνος
3011 5671 3098 5734 εις
3131 5667 3244 5736 τὴν
3292 5670 3472 5736 ἁγίαν
3521 5670 3797 5739 μάρτυρα
3852 5670 4004 5727 Ἴου-

2591 5737 2835 5802 λιανὴν,
2875 5740 2989 5807 τὴν
3015 5739 3085 5792 ἐν
3103 5741 3457 5809 Νικομηδίᾳ,
3489 5737 3681 5810 ἡμέρᾳ
3704 5737 3808 5796 κα’.

2511 5869 2574 5921 Ἦ
2605 5863 2876 5938 Παρθένος
2903 5868 2990 5920 τδν
3018 5868 3396 5941 Πλαςτουργδν
3452 5870 3544 5940 τῆς
3575 5868 3785 5938 φύσεως
3815 5873 3999 5923 τεκεῖν
