4180 6450
231 401 370 465 Ιὲθθ
468 437 477 442 -

1603 391 1967 453 MARIALE.

3314 383 3446 448 1270

223 510 508 578 ἐπείγεται
563 505 623 560 ἐν
659 506 737 574 τῷ
783 505 1058 576 σπηλαίῳ,
1119 503 1298 574 σάρκα
1345 503 1404 567 ἐξ
1455 502 1622 574 αὐτῆς
1673 503 1792 555 καθ’

1899 502 2181 574 spelunca;
2213 503 2305 574 qui
2347 518 2411 558 ex
2443 502 2553 572 ipsa
2587 499 2886 557 secundum
2919 498 3245 554 ineffabilem
3281 498 3454 569 hypo-

224 600 525 654 ὑπόστασιν
579 597 818 669 ἇρρητον
887 595 1183 667 ὑπερφυῶς
1252 595 1581 666 φορέσαντα,
1648 594 1796 655 ὅπως

223 691 407 762 θεώσῃ
427 691 490 743 τὸ
509 687 872 758 ἀνθρώπινον.

307 780 603 850 Ῥυόμενος
637 779 764 842 τοὺς
792 775 1018 848 βροτοὺς
1069 777 1098 830 6
1127 775 1417 844 συμπαθὴς
1464 775 1528 827 ἐκ
1557 776 1676 845 τῆς,
1699 774 1798 842 ἀγ-

229 873 331 944 νῆς
359 873 601 926 τίκτεται
629 873 686 926 ἐν
735 869 1008 941 Βηθλεέμ,
1044 868 1336 941 σπάργανα
1393 866 1642 938 καθάπερ
1698 867 1796 938 νή-

228 981 355 1017 πιον
383 963 696 1034 δεχόμενος.

308 1057 616 1127 Παρθενίαν
649 1056 786 1127 μετὰ
815 1055 975 1109 τόκον
1001 1054 1446 1125 ὲσφραγισμένην
1470 1056 1503 1126 ἡ
1539 1053 1797 1117 Θεοτόκος

227 1149 520 1219 βλέπουσα,
541 1147 736 1217 θάμϐει
756 1147 1098 1216 συσχεθεῖσα,
1125 1165 1142 1196 ι
1163 1144 1385 1213 Τέκνον,
1399 1144 1794 1215 ἀνεκραύγασε,

227 1243 346 1302 πῦς
377 1241 471 1294 νῦν
505 1239 882 1311 σπαργανὼσω
907 1255 989 1303 σε,
1031 1237 1244 1308 ψάμμῳ
1264 1236 1679 1307 σπαργανοῦντα
1699 1234 1799 1308 τὴν

226 1331 504 1388 θάλασσαν
521 1351 536 1400 ;
577 1351 597 1384 ι

299 1424 498 1494 Θαῦμα
544 1423 942 1492 καινοπρεπέςί
988 1421 1053 1475 Ἡ
1111 1422 1387 1493 Παρθένος
1433 1421 1713 1488 ἐπείγεται
1764 1420 1799 1489 ἠ

228 1518 500 1588 ἄχραντος
542 1519 600 1571 ἐν
652 1516 900 1588 σπηλαίῳ
957 1516 1207 1587 Βηθλεέμ
1267 1516 1363 1569 τοῦ
1416 1516 1615 1585 κυῆσαι
1668 1513 1800 1567 Θεὸν

229 1610 752 1681 ἐνανθρωπήσαντα.

304 1703 591 1755 Θάλασσαν
620 1704 1018 1774 σπαργανώσας
1049 1703 1250 1775 ὁμίχλῃ
1278 1701 1577 1772 βουλήματι
1602 1717 1800 1767 κυοφο-

1897 597 2089 661 stasin,
2110 609 2350 658 carnem,
2383 605 2639 661 tanquam
2670 598 2872 648 vestem
2912 605 3074 661 supra
3109 601 3314 645 natura:
3344 605 3461 644 mo-

1897 687 2048 753 dum,
2082 687 2309 757 aceepit,
2342 697 2401 740 ut
2426 685 2704 740 deitiearet
2734 699 2908 753 genus
2939 685 3256 738 humanum.

1967 779 2036 837 Ut
2061 781 2307 837 homines
2335 781 2608 845 liberaret,
2645 779 2786 835 Deus
2806 780 2893 835 ille
2926 776 3208 849 piissimus
3235 792 3301 831 ex
3329 775 3458 830 Vir-

1898 872 2023 942 gine
2045 884 2191 928 casta
2218 871 2380 944 242
2413 872 2657 926 nascitur
2686 871 2739 926 in
2775 871 3073 932 Bethleem,
3110 877 3163 924 et
3201 877 3458 939 tanquam

1900 965 2083 1020 infans
2110 966 2300 1035 recipit
2332 963 2553 1026 fascias.

1969 1056 2106 1112 Cum
2133 1056 2358 1127 Deipara
2392 1056 2758 1128 virginitatem
2795 1069 2949 1110 suam
2993 1064 3116 1125 post
3147 1062 3359 1126 partum
3389 1057 3462 1111 si-

1899 1150 2138 1219 gillatam
2190 1150 2416 1213 videret,
2459 1160 2682 1218 stupore
2725 1155 3001 1218 correpta,
3053 1148 3365 1203 clamabat:
3416 1151 3459 1200 tl

1899 1241 2022 1309 Fili,
2072 1243 2345 1312 quomodo
2391 1257 2538 1297 nunc
2581 1240 2767 1297 fasciis
2811 1251 2860 1297 te
2892 1241 3186 1308 involvam,
3220 1242 3313 1312 qui
3343 1249 3462 1296 tan-

1900 1352 2061 1407 quam
2095 1338 2301 1402 fasciis,
2324 1338 2672 1391 arenismare
2707 1335 3052 1390 circumdas?

1969 1430 2013 1486 0
2069 1445 2268 1485 novum
2319 1429 2675 1484 miraculum!
2731 1427 2898 1497 Virgo
2949 1427 3210 1482 inviolata
3247 1425 3466 1481 festinat

1902 1535 2089 1590 parere
2119 1521 2171 1574 in
2202 1521 2460 1591 spelunca
2506 1518 2908 1576 Bethleemitica
2963 1518 3128 1574 Deum
3181 1520 3460 1574 hominem

1902 1612 2126 1669 factum.

1971 1701 2077 1768 Qui
2123 1712 2256 1757 nutu
2304 1702 2602 1757 voluntatis
2633 1719 2746 1758 sua:
2776 1717 2946 1767 mare,
2977 1710 3239 1773 tanquam
3275 1702 3462 1767 fascia,

233 1801 414 1869 ρεῖται
435 1799 462 1850 ὁ
489 1797 728 1866 Κτίστης
764 1800 827 1851 ἐκ
859 1797 1137 1867 Παρθένου
1174 1796 1363 1868 κόρης,
1389 1797 1483 1850 καὶ
1511 1795 1798 1864 σπάργανα

1903 1796 2097 1851 nebula
2145 1797 2473 1859 circumdat,
2525 1811 2648 1850 cum
2692 1797 2762 1852 sit
2799 1795 3064 1861 Creator,
3121 1796 3360 1850 nascitur
3400 1812 3466 1850 ex

227 1895 422 1962 ῶσπερ
451 1892 653 1964 βρέφος
678 1891 1036 1962 καταδέχεται
1063 1890 1268 1960 κόσμον
1300 1888 1685 1958 λυτρούμενος.

304 2055 502 2140 Χαῖρε,
523 2066 719 2140 χωρίον
740 2067 835 2122 τοῦ
867 2069 1180 2141 ἀχωρήτου,
1205 2069 1653 2142 Μητροπάρθενε’
1682 2067 1805 2122 τοῦ·

229 2179 326 2216 τον
353 2163 464 2232 γάρ
503 2161 843 2232 σαρκοφόρον
896 2161 1110 2230 μέλλεις
1159 2161 1226 2214 δι’
1257 2163 1404 2232 ἡμᾶς
1453 2163 1511 2215 ἐν
1555 2158 1804 2231 σπηλαίῳ

229 2255 460 2316 τίκτειν,
486 2255 743 2324 ᾷχραντε,
768 2253 1245 2324 ἐπανορθούμενον
1289 2254 1399 2308 τῶν
1440 2256 1656 2308 οίκείων
1687 2270 1804 2324 χει-

235 2346 348 2418 ρῶν
373 2345 436 2399 τὸ
471 2345 821 2416 πλαστούργη
829 2363 925 2415 μα.

307 2439 482 2508 Νέφει
534 2438 634 2508 τὴν
686 2437 941 2492 ἐπίϐασιν
986 2436 1154 2492 αὐτοῦ
1184 2437 1353 2501 τιθεὶς
1409 2439 1436 2490 6
1466 2437 1670 2506 Κύριος
1715 2437 1804 2490 διὰ

234 2529 472 2598 νεφέλης
525 2528 658 2600 ἡμῖν
693 2529 972 2600 Παρθένου
1032 2527 1311 2582 τίκτεσθαι
1353 2528 1599 2599 ἔρχεται,
1652 2530 1800 2593 ὅπως

231 2622 375 2694 λύσῃ
406 2623 513 2676 τῶν
536 2619 724 2691 ψυχῶν
750 2621 910 2691 ἡμῶν
957 2621 1054 2691 τῆς
1078 2619 1350 2691 ἁμαρτίας
1405 2618 1606 2689 ζοφερὰ
1642 2621 1801 2691 νέφη,

234 2713 478 2784 βοῶντας
525 2712 674 2784 αύτῷ
701 2730 715 2745 ·
743 2712 1049 2782 Εύλογεῖτε,
1087 2713 1266 2767 πάντα
1303 2711 1372 2764 τὰ
1402 2711 1539 2782 ἔργα
1569 2713 1804 2782 Κυρίου,

230 2809 332 2860 τὸν
357 2804 587 2875 Κύριον.

305 2897 551 2967 Φέρουσα
577 2895 668 2948 τὸν
694 2895 930 2966 φέροντα
961 2896 1156 2962 πάντα,
1192 2896 1327 2966 πρὸς
1363 2895 1566 2966 Βηθλεέ
1578 2913 1616 2964 μ
1645 2894 1802 2966 ἔρχῃ,

237 2991 505 3060 Παρθένε,
535 2989 724 3042 τοῦτον
760 2989 854 3042 καὶ
903 2990 1126 3058 κυῆσαι,
1169 2992 1261 3042 καὶ
1310 2989 1486 3062 φάτνῃ
1529 3005 1805 3059 προσανα-

234 3083 415 3135 κλῖναι
448 3080 704 3148 καθάπερ
730 3082 947 3151 νήπιον,
978 3081 1076 3152 τὴν
1105 3082 1214 3135 τῶν
1267 3081 1475 3152 βροτῶν
1523 3081 1806 3134 άνάκλισιν

235 3172 604 3243 διαφερόντως
635 3171 1024 3241 ἐργαζόμενον.

1829 1863 1872 1918 Β
1909 1886 2125 1957 Virgine
2166 1888 2365 1957 puella,
2415 1897 2470 1941 et
2501 1886 2699 1943 fascias
2741 1897 2996 1956 tanquam
3041 1886 3220 1941 infans
3255 1885 3465 1956 recipit,

1906 1988 1964 2035 ut
2000 1979 2232 2034 redimat
2253 1979 2537 2034 mundum.

1976 2073 2158 2135 Salve,
2190 2088 2223 2127 ο
2258 2071 2427 2142 Virgo
2457 2069 2649 2132 Mater,
2681 2070 3080 2140 receptaculum
3106 2069 3274 2132 illius,
3304 2083 3466 2139 quem

1905 2163 2038 2217 nihil
2071 2177 2265 2232 capere
2307 2171 2507 2231 potest.
2557 2159 2713 2215 Hunc
2756 2168 2834 2225 tu,
2869 2175 2902 2214 ο
2935 2155 3215 2223 inviolata,
3256 2159 3309 2212 in
3344 2171 3470 2228 spe-

1902 2256 2065 2310 lunca
2111 2255 2350 2324 paritura
2396 2269 2454 2308 es
2499 2254 2839 2307 incarnatum
2873 2261 3093 2321 propter
3130 2264 3251 2313 nos,
3287 2257 3346 2304 ιιι
3384 2265 3471 2304 re-

1902 2355 2111 2403 ειευιει
2141 2361 2278 2416 opus
2304 2359 2563 2400 manuum
2590 2359 2841 2399 suarum.

1973 2438 2254 2499 Dominus,
2283 2437 2375 2507 qui
2406 2437 2554 2505 ponit
2585 2436 2791 2491 nubem
2830 2448 3124 2491 ascensum
3159 2448 3342 2498 suum,
3376 2448 3475 2502 per

1902 2533 2103 2587 nubem
2137 2530 2375 2602 Virginis
2406 2529 2553 2584 venit
2584 2528 2651 2583 ad
2689 2543 2786 2584 nos
2830 2529 3145 2584 nasciturus
3173 2543 3238 2582 ex
3273 2527 3380 2589 illa,
3416 2537 3475 2580 ut

1903 2624 2326 2681 obscurissimas
2372 2624 2577 2693 peccati
2616 2623 2785 2678 nubes
2817 2621 3123 2676 animarum
3157 2628 3469 2677 nostrarum

1906 2717 2158 2787 dissipet,
2191 2715 2322 2770 dum
2353 2716 2530 2770 eidem
2561 2715 2892 2770 clamamus:
2926 2713 3256 2778 Benedicite,
3287 2714 3470 2768 omnia

1906 2824 2072 2882 Opera
2099 2809 2338 2871 Domini,
2376 2807 2688 2870 Dominum.
2715 2816 2820 2864 etc.

1978 2903 2181 2958 Ferens
2221 2901 2486 2958 ferentem
2532 2903 2739 2967 omnia,
2798 2902 2864 2958 ad
2906 2901 3181 2958 Bethleem
3223 2901 3396 2966 venis,
3443 2915 3476 2955 ο

1908 2997 2093 3067 Virgo,
2129 2996 2202 3050 ibi
2243 2994 2493 3050 eumdem
2525 2995 2789 3064 paritura,
2823 3001 2877 3048 et
2917 3003 3176 3064 tanquam
3209 2992 3472 3047 infantem

1909 3090 2264 3152 reclinatum,
2307 3097 2367 3142 ut
2400 3087 2684 3143 hominum
2716 3087 3120 3144 revocationem
3155 3086 3477 3142 mirabiliter

1834 3200 1879 3264 ρ
1909 3192 2186 3254 Operetur.

245 3269 350 3322 Ἐκ
381 3264 488 3320 τοῦ
527 3265 787 3354 κατ’ρνος
833 3265 1063 3354 ειςιτὴν
1107 3267 1285 3354 ᾴγξαν
1312 3264 1806 3354 μξγαλομάρτυρα

1914 3275 1996 3328 Ex
2035 3290 2233 3328 canone
2262 3275 2462 3342 duplici
2504 3275 2558 3327 in
2606 3271 2827 3354 [ςειρήε.
2866 3272 3163 3328 Αηαειαεὶω
3204 3271 3474 3342 martyris,

619 3335 1038 3400 Ἀναστασίαν,
1091 3335 1277 3404 ἡμέρᾳ
1325 3335 1431 3405 κβ’.

308 3444 585 3513 Πτωχεύει
611 3445 639 3496 ό
673 3442 924 3505 πλούσιος
957 3442 1026 3497 δι’
1063 3444 1466 3514 εὐσπλαγχνίαν
1498 3445 1560 3497 ἐκ
1598 3444 1807 3513 Παρθέ-

232 3555 329 3592 νου
388 3538 726 3606 τικτὸμενος·
789 3536 970 3605 Μάγοι
1031 3536 1446 3609 εὐτρεπίζονται
1511 3537 1809 3591 Ἀνατολῶν

235 3625 481 3696 βασιλεῖς
509 3627 699 3680 τοῦτον
725 3626 1024 3680 θεάσασθαι
1048 3628 1277 3692 πιστῶς,
1307 3629 1401 3680 καὶ
1434 3628 1808 3699 προσκυνῆσαι

235 3719 426 3788 σαρκί.
928 3777 933 3781 ,

310 3811 490 3882 Ὠφθη
551 3812 582 3865 6
639 3811 869 3882 ἀόρατος
947 3811 1078 3874 Θεὸς
1135 3811 1430 3882 ὑπερφυῶς
1468 3811 1805 3881 τικτόμενος,

231 3903 303 3957 δι’
365 3902 770 3974 εὐσπλαγχνιαν
832 3902 1033 3970 πολλὴν
1086 3903 1152 3955 ἐκ
1191 3901 1306 3967 σοῦ,
1360 3893 1805 3973 Παρθενομῆτορ,

235 3996 567 4066 πτωχεύσας
595 3998 624 4050 6
645 3995 920 4058 πλούσιος,
949 3995 1099 4057 ὅπως
1131 3995 1431 4048 ἀθανασίαν
1459 3994 1568 4048 τῶν
1593 3996 1808 4065 ἀνθρὼ-

235 4104 358 4141 πων
393 4086 457 4142 τὸ
494 4085 652 4150 γένος
683 4084 981 4159 πλουτήσῃ.

308 4259 477 4330 Οὗτος
518 4267 676 4335 μόνος
706 4266 734 4317 6
789 4264 923 4328 Θεὸς
953 4265 1130 4334 ἡμῶν,
1160 4268 1188 4318 6
1244 4267 1309 4318 ὲκ
1360 4265 1480 4328 σοῦ,
1541 4267 1805 4337 Παρθένε,

237 4359 420 4429 σάρκα
455 4359 594 4427 ὑπὲρ
630 4357 791 4424 λόγον
846 4355 1063 4426 ἀληθῶς
1121 4356 1382 4427 φορέσας,
1443 4358 1700 4428 τεχθῆναι
1750 4361 1808 4412 ἐν

237 4449 494 4518 σπηλαίῳ
539 4449 841 4514 ἐπείγεται,
879 4448 1028 4511 ὅπως
1083 4465 1171 4517 με,
1203 4443 1352 4502 οἷκον
1387 4450 1675 4520 γενόμενον
1718 4451 1810 4524 λῃ-

238 4544 404 4606 στῶν,
436 4541 586 4615 δείξῃ
618 4542 742 4595 ναὸν
772 4539 866 4594 τοῦ
902 4541 1048 4594 θείου
1081 4541 1416 4612 Πνεύματος.

323 4635 696 4705 Ἀπειρόγαμε
723 4634 898 4704 Κόρη,
926 4633 1020 4686 τὸν
1050 4636 1116 4705 τῇ
1139 4635 1284 4704 χειρὶ
1314 4637 1548 4705 φέροντα
1588 4636 1808 4690 ἃπασαν

235 4728 337 4797 τὴν
365 4725 563 4790 κτίσιν,
618 4726 675 4777 ἐν
708 4724 894 4795 μήτρᾳ
942 4726 1126 4794 φέρεις
1173 4726 1568 4798 σαρκούμενον,
1623 4727 1681 4781 ὃν
1716 4729 1811 4781 καὶ

234 4820 557 4888 τικτόμενον
588 4817 895 4880 ἁνακλινεῖς
928 4818 987 4870 ἐν
1011 4821 1078 4889 τῇ
1103 4819 1279 4890 φάτνῃ
1313 4820 1511 4891 βρέφος
1562 4820 1810 4893 καθορὼ-

239 4928 406 4981 μενον
429 4910 521 4962 τὸν
548 4910 895 4980 προαιώνιον.

323 5001 539 5071 Ῥήσεις
566 5000 666 5072 ῆδη
704 5001 1093 5072 πεπλήρωνται
1121 5001 1229 5074 τῶν
1272 5002 1723 5072 προφητευόντων
1753 5005 1808 5056 ἐν

235 5094 370 5164 θείῳ
396 5095 676 5164 Πνεύματι
702 5109 716 5123 ·
743 5094 776 5164 ἡ
806 5093 1077 5162 Παρθένος
1098 5095 1207 5164 γὰρ
1252 5093 1531 5162 ἐπείγεται
1563 5096 1619 5148 ἐν
1675 5113 1811 5167 σπη-

236 5187 376 5258 λαίῳ
409 5186 617 5239 τίκτειν
640 5186 732 5239 τὸν
761 5185 1090 5239 παντέλειον.

311 5279 659 5350 Σαρκοφόρος
689 5279 1017 5350 προέρχεται
1048 5282 1110 5332 ἐκ
1135 5278 1234 5348 σῆς
1258 5282 1576 5352 φωτοφόρου
1597 5280 1811 5352 νηδύος,

237 5374 506 5443 άχραντε,
540 5372 801 5436 Βασιλεὺς
825 5371 853 5425 6
881 5372 1222 5443 ἐπουράνιος,
1253 5372 1328 5436 ὡς
1355 5375 1414 5425 ἐν
1437 5373 1612 5445 θρόνῳ
1635 5370 1812 5447 φάτνῃ

238 5464 537 5537 πρόσκλινὸ
546 5481 724 5534 μενος.

312 5557 428 5610 Νῦν
461 5551 625 5628 ἦλθεν
660 5558 739 5618 είς
766 5557 833 5612 τὰ
866 5557 992 5624 ἴδια,
1024 5559 1080 5609 ἐν
1106 5557 1244 5629 ξένῳ
1281 5557 1485 5627 τοκετῷ
1521 5557 1692 5626 Λόγος
1716 5557 1809 5610 τοῦ

241 5649 462 5720 Πατρὸς
519 5649 942 5720 σωματούμενος
996 5653 1060 5704 ἐκ
1101 5652 1198 5721 τῆς
1231 5651 1530 5725 Παρθένου,
1591 5651 1683 5706 καὶ
1737 5651 1812 5713 ὼς

239 5744 437 5813 νήπιον
481 5743 675 5814 ὁρᾶται
705 5744 765 5798 ἐν
787 5744 1036 5816 σπηλαίῳ
1069 5745 1135 5799 δι’
1166 5746 1342 5815 ἄκραν
1378 5743 1808 5817 εὐσπλαγχνίαν.

2589 3346 2677 3397 die
2707 3343 2799 3398 ξε.

1983 3455 2251 3511 Μοιιόὶεαι
2289 3457 2378 3509 ille
2419 3455 2511 3524 qui
2544 3455 2695 3510 dives
2725 3464 2828 3519 est,
2855 3461 3078 3522 prepter
3114 3466 3268 3507 suam
3308 3452 3479 3507 mise-

1912 3549 2200 3603 ricordiam
2251 3564 2280 3602 e
2305 3546 2527 3616 Virgine
2570 3556 2767 3600 natus:
2804 3559 2956 3615 reges
2995 3542 3131 3616 “agi
3174 3544 3478 3599 discessum

1913 3653 2220 3712 praeparant
2258 3642 2328 3696 ab
2391 3642 2632 3704 Oriente,
2666 3651 2725 3695 ut
2759 3639 2909 3693 illum
2951 3638 3265 3694 intueantur
3301 3637 3480 3692 incar-

1913 3743 2122 3798 natum,
2155 3744 2207 3788 et
2231 3734 2461 3788 fideliter
2495 3734 2743 3787 adorent.

1982 3824 2249 3894 Apparuit
2284 3823 2426 3879 Deus
2460 3824 2554 3893 qui
2584 3834 2702 3878 erat
2731 3822 3045 3887 invisibilis,
3083 3837 3250 3893 supra
3283 3822 3479 3876 huma-

1912 3932 2041 3971 num
2079 3931 2282 3971 morem
2320 3927 2481 3971 natus
2521 3932 2586 3970 ex
2621 3925 2691 3978 te,
2739 3931 2771 3969 ο
2826 3915 2990 3985 Virgo
3039 3915 3227 3980 Mater,
3264 3925 3480 3984 propter

1913 4010 2139 4063 multam
2173 4009 2604 4064 misericordiam
2644 4008 2804 4080 25.3
2835 4024 3012 4071 suam,
3049 4023 3254 4078 pauper
3300 4007 3478 4063 factus

1911 4094 2003 4162 qui
2039 4103 2156 4149 erat
2184 4095 2360 4159 dives,
2413 4103 2472 4150 ut
2507 4097 2918 4152 immortalitate
2968 4097 3266 4152 humanum
3307 4112 3478 4168 genus

1910 4184 2122 4240 ditaret.

1983 4275 2083 4332 Hic
2125 4277 2278 4333 solus
2311 4276 2455 4333 Deus
2489 4286 2694 4342 noster,
2731 4279 2825 4349 qui
2856 4294 2920 4333 ex
2960 4288 3028 4343 te,
3063 4295 3096 4333 o
3128 4278 3310 4349 Virgo,
3351 4293 3476 4332 vera

1911 4387 2077 4427 carne
2105 4370 2449 4427 ineffabiliter
2488 4371 2733 4434 indutus,
2768 4371 2822 4424 in
2853 4369 3110 4440 spelunca
3141 4369 3292 4426 nasci
3329 4370 3477 4424 festi-

1912 4474 2026 4529 nat,
2053 4473 2112 4517 nt
2135 4477 2242 4528 me,
2272 4462 2585 4532 speluncam
2613 4461 2884 4515 latronum
2911 4460 3187 4522 effectum.
3217 4462 3476 4532 templum

1841 4544 1882 4597 D
1912 4559 2080 4613 divini
2109 4558 2343 4628 Spiritus
2368 4556 2587 4611 efliciat.

1983 4650 2028 4705 0
2062 4651 2237 4720 puella
2273 4649 2374 4702 viri
2427 4647 2633 4710 nescia,
2670 4646 2779 4701 fers
2831 4647 3172 4702 incarnatum
3227 4647 3280 4700 in
3325 4656 3479 4701 utero

1913 4752 2008 4798 tuo
2060 4741 2210 4795 illum
2264 4738 2356 4808 qui
2423 4737 2730 4791 universam
2787 4736 2890 4790 fert
2938 4744 3276 4802 creaturam;
3315 4751 3477 4806 quem

1913 4835 2078 4890 etiam
2110 4847 2175 4886 ex
2219 4843 2268 4884 te
2304 4838 2490 4883 natum
2526 4828 2580 4882 in
2614 4828 2877 4898 prmsepio
2917 4827 3176 4896 reclinas;
3219 4837 3273 4884 et
3304 4829 3482 4884 ρει-ιιίς

1915 4939 2002 4982 tur
2032 4937 2091 4981 ut
2125 4925 2327 4986 infans,
2367 4923 2456 4976 ille
2486 4922 2579 4990 qui
2614 4929 2698 4976 est
2731 4933 2855 4975 ante
2882 4922 3098 4975 sarcula.
3342 4985 3349 4993 η

1981 5019 2099 5075 Jam
2133 5016 2400 5087 completa
2435 5023 2560 5070 sunt
2595 5014 2756 5069 verba
2786 5029 2999 5080 eorum,
3035 5015 3128 5083 qui
3181 5014 3232 5067 in
3270 5005 3478 5083 Spiritu

1913 5119 2104 5166 saneto
2138 5109 2640 5179 prophetaverunt:
2687 5104 2852 5175 Virgo
2901 5106 3046 5160 enim
3081 5104 3349 5160 accelerat
3388 5119 3482 5174 pa-

1917 5216 2034 5258 rere
2065 5203 2118 5257 in
2151 5202 2405 5272 spelunca
2436 5198 2897 5269 perfecﬁssimum
2935 5198 3127 5254 Deum.

1988 5297 2059 5351 Ex
2104 5305 2259 5350 utero
2300 5303 2393 5347 tuo
2432 5289 2660 5347 lucifero
2704 5291 2950 5361 procedit
3001 5296 3318 5345 tnearnatus
3364 5290 3478 5345 Rex

1917 5391 2174 5454 caelestis,
2214 5405 2246 5442 ο
2289 5387 2571 5450 inviolata,
2622 5396 2677 5440 et
2704 5385 2756 5438 in
2809 5383 3071 5454 praesepio
3114 5391 3381 5453 tanquam
3426 5384 3481 5437 in

1914 5483 2116 5537 throno
2147 5479 2466 5535 reclinatur.

1987 5572 2143 5627 Nune
2166 5572 2218 5626 in
2243 5569 2461 5640 propria
2489 5579 2635 5624 venit
2655 5583 2797 5622 novo
2827 5576 2982 5639 partu
3006 5565 3212 5622 editum
3240 5563 3482 5620 Verbum.

1914 5660 2094 5715 Patris
2129 5660 2470 5713 incarnatum
2518 5671 2583 5711 ex
2617 5657 2870 5726 Virgine;
2906 5665 2960 5711 et
3001 5665 3259 5726 tanquam
3301 5653 3486 5712 infans

1917 5753 2156 5808 cernitur
2198 5752 2252 5807 in
2290 5751 2549 5822 spelunca
2597 5761 2817 5821 propter
2858 5764 3130 5806 summam
3167 5748 3481 5805 misericor-

1916 5845 2058 5899 diam
2089 5858 2262 5899 suam.
