4180 6450
782 301 912 362 1271

771 504 1046 561 (.hristus.
1077 506 1322 566 Exsultet
1354 515 1606 571 universa
1644 531 1918 581 creatura.

841 687 1047 746 Civitas
1095 691 1189 748 Dei
1221 696 1482 764 animata,
1510 700 1564 754 in
1600 703 1819 759 civitate
1854 704 2138 766 Bethleem
2190 713 2336 782 paris

770 779 1075 849 Christum,
1116 800 1151 840 ο
1196 786 1445 859 Deipara.
1495 793 1867 863 ineﬂ'abiliter,
1930 810 2147 872 prapter
2176 779 2333 862 suam

772 876 1227 942 misericordiam,
1268 882 1569 951 perfectum
1614 888 1887 946 hominem
1933 892 2163 973 factum.

784 1008 795 1019 .
841 967 1149 1028 Sanaturus
1183 973 1475 1031 humanam
1510 992 1761 1037 naturam
1795 986 1865 1039 ob
1896 967 2175 1061 antiquam
2199 1007 2337 1061 prae-
2414 991 2420 1003 ’

768 1061 1157 1118 varicationem
1213 1079 1548 1139 corruptam,
1608 1074 1727 1131 sine
1775 1082 2124 1149 corruptione
2160 1099 2335 1141 novus

771 1153 1011 1208 nascitur
1038 1155 1239 1224 infans,
1269 1170 1323 1213 et
1358 1163 1409 1215 in
1437 1164 1558 1217 sinu
1587 1176 1702 1229 tuo,
1730 1184 1763 1222 o
1792 1170 2039 1239 innupta,
2072 1184 2330 1245 tanquam

767 1245 819 1297 in
861 1246 1057 1303 throno
1080 1251 1300 1319 residet,
1328 1270 1435 1309 non
1469 1258 1752 1316 discedens
1783 1277 1814 1316 a
1848 1279 2111 1320 consessu
2146 1267 2333 1323 Pater-

764 1354 844 1391 na:
870 1336 1109 1398 ileitatis.

834 1433 1070 1490 Verbum
1105 1438 1450 1497 incarnatum
1493 1459 1557 1497 ex
1597 1446 1900 1503 visceribus
1932 1450 2039 1505 tuis
2070 1450 2328 1508 ineffabili

762 1712 1061 1781 involutus,
1131 1718 1438 1776 dissolvens
1515 1723 1733 1779 vincula
1807 1736 2155 1795 peccatorum
2223 1746 2325 1786 no-

758 1815 1015 1861 stt‘orttm.

829 1896 874 1953 Ο
920 1901 1268 1970 miraculum,
1303 1906 1446 1977 quod
1490 1919 1729 1965 mentem
1775 1921 1999 1982 stupore
2044 1916 2321 1984 percellit!

757 1988 1061 2048 Perfectum
1084 1994 1248 2050 Deum
1280 2014 1343 2053 ex
1364 2010 1435 2065 te,
1465 2016 1499 2055 o
1521 2000 1683 2073 Virgo
1722 2002 1912 2071 Mater,
1954 2007 2191 2075 paritura
2225 2023 2324 2075 es;

758 2097 809 2137 et
846 2085 898 2139 in
926 2090 1186 2157 praesepio
1205 2090 1368 2163 244
1391 2095 1718 2150 rcclinatura
1750 2112 1875 2152 eum
1900 2098 1991 2169 qui
2026 2099 2159 2167 ipsis
2187 2100 2327 2169 Che-

756 2177 937 2232 rubim
972 2190 1055 2235 est
1081 2181 1492 2251 inaeeessihilis,
1526 2196 1577 2241 et
1607 2188 1933 2244 immortalis
1962 2200 2177 2247 natura.
2236 2178 2241 2183 ’

827 2269 981 2325 Nunc
1013 2274 1161 2327 venit
1187 2274 1473 2340 Dominus,
1505 2280 1600 2348 qui
1633 2280 1835 2349 ubique
1864 2298 2103 2352 prazsens
2125 2294 2229 2349 est,
2257 2301 2320 2340 ex

758 2364 979 2434 Virgine
1031 2376 1194 2421 natus
1247 2369 1299 2422 iu
1371 2371 1592 2427 civitate
1654 2372 1951 2428 Bethleem.
2022 2377 2319 2439 Exsultate,

755 2469 1021 2521 creatura:
1052 2472 1405 2518 occurrentes
1437 2464 1535 2529 illi,
1583 2472 1631 2520 et
1666 2467 1852 2536 gloria:
1894 2468 2105 2523 cantica
2136 2470 2321 2525 conci-

754 2558 945 2603 nentes
986 2550 1037 2603 in
1072 2552 1255 2606 omnia
1290 2554 1510 2607 smcula.

824 2644 1064 2712 Upuella
1094 2643 1203 2699 Deo
1233 2648 1565 2716 gratissima,
1600 2648 1779 2717 paries
1809 2648 2071 2705 infantem
2098 2651 2323 2707 Creato-

755 2750 868 2789 rem
924 2736 1273 2802 sazculorutn,
1328 2739 1421 2807 qui
1453 2754 1680 2809 prorsus
1722 2750 1805 2795 est
1838 2741 2217 2807 immutabilis,
2265 2745 2320 2799 in

751 2828 969 2883 civitate
1021 2828 1328 2897 Bethleem,
1379 2843 1601 2902 propter
1634 2832 1961 2889 ineffabilem
2005 2836 2320 2892 misericor-

750 2918 896 2972 diam
920 2935 1103 2987 suam,

824 3012 997 3076 Paris.
1026 3029 1073 3085 ο,
1094 3013 1255 3085 Virgo
1273 3016 1445 3072 Mater
1467 3027 1677 3084 sancta,
1699 3002 1753 3072 in
1781 3019 2001 3074 civitate
2020 3019 2315 3085 Bethleem,

750 3105 1155 3161 divinissimum
1188 3107 1448 3176 Verbum,
1486 3109 1663 3166 ferens
1695 3112 1988 3166 humanam
2030 3124 2316 3179 naturam;

749 3209 803 3255 ct
842 3208 902 3253 ut
931 3200 1119 3256 matris
1148 3212 1233 3257 est
1264 3218 1483 3267 munus,
1520 3205 1656 3258 lacte
1688 3205 1863 3259 nutris
1898 3206 2049 3259 illum
2079 3208 2171 3276 qui
2213 3224 2311 3260 nuo
2345 3183 2389 3241 ο

753 3294 846 3347 trit
882 3294 1135 3349 universa
1170 3314 1181 3348 :
1218 3305 1383 3366 atque
1418 3305 1477 3349 ut
1512 3298 1741 3350 tln'ouus
1785 3298 1974 3367 igneus
2002 3299 2109 3354 fers
2139 3300 2314 3365 illum,

750 3402 786 3435 υ
813 3385 1184 3447 sanctissima,
1212 3386 1345 3453 ipsis
1378 3385 1671 3441 Cherubim
1700 3387 2007 3442 sublimior.

812 3476 967 3532 Nunc
1003 3478 1245 3547 iocunde
1272 3480 1508 3534 exsultet
1535 3481 1713 3534 omnis
1754 3489 2005 3535 creatura
2052 3498 2066 3534 :
2112 3481 2314 3534 etenim

750 3588 893 3626 mute
944 3570 1172 3641 Deipara
1218 3582 1473 3641 properat
1512 3588 1706 3642 parere
1761 3573 1997 3629 Verbum
2036 3571 2202 3628 Deum
2247 3574 2315 3629 de

748 3664 873 3727 Deo,
902 3662 1104 3717 laetum
1131 3665 1429 3718 liotuinem.

748 3775 831 3829 Ea:
869 3792 1065 3829 canone
1105 3776 1158 3827 in
1188 3776 1475 3845 pervigiliis
1512 3794 1601 3831 seu
1641 3778 2119 3847 prwparatianibus
2154 3779 2313 3833 Nati-

1202 3849 1381 3900 t'itatis
1412 3848 1645 3913 Domini,
1668 3851 1755 3903 die
1792 3850 1881 3905 25.

813 3938 988 4009 Reges
1014 3937 1301 3994 Persarum
1333 3953 1456 3993 cum
1491 3940 1877 4009 cognovissent
1903 3950 1975 4005 te,
2004 3956 2036 3994 ο
2072 3938 2309 3993 Verbum

748 4034 861 4099 llei,
900 4033 1097 4103 Regem
1137 4033 1189 4086 itt
1228 4041 1368 4087 terra
1395 4042 1582 4087 natum
1617 4048 1685 4094 ex
1719 4032 1963 4104 Virgine,
1998 4050 2121 4088 cum
2148 4034 2309 4089 donis

744 4134 1008 4180 venerunt
1038 4124 1356 4199 festinantes
1388 4135 1444 4177 ut
1480 4124 1772 4179 adorarent
1794 4136 1867 4180 te.

815 4217 1114 4286 Erepturus
1145 4232 1249 4270 nos
1288 4217 1538 4271 Christus
1576 4233 1606 4271 e
1628 4217 1868 4273 tenebris
1907 4218 2147 4283 malitiae,
2180 4234 2321 4289 μεθ-ρ

739 4309 883 4363 redit
912 4309 1208 4364 secundum
1241 4325 1460 4364 carnem
1498 4311 1741 4364 oriturus
1767 4323 1826 4364 ut
1854 4311 2040 4365 homo.

811 4401 1208 4470 Redempturus
1248 4400 1509 4455 Dominus
1552 4403 1621 4456 ab
1664 4404 1887 4472 antiqua
1927 4405 2309 4460 maledictione

1907 322 1965 382 S-
2008 326 2321 390 JOSEPHI
2364 334 2926 405 IIYMNOGRAPIII

848 413 903 466 In
934 414 1190 484 spelunca
1222 420 1575 478 subterranea
1607 444 1636 480 e
1660 427 1883 499 Virgine
1906 437 2057 491 nasci
2086 451 2337 511 properat
2371 452 2411 503 Α

3870 368 4009 432 ῙΞἸΞ

2514 450 2770 523 Σπηλαίῳ
2844 457 3091 529 ύπογαίῳ
3139 463 3395 535 τεχθῆναι
3438 470 3502 524 ἐκ
3550 474 3651 543 τῆς
3703 476 4005 549 Παρθένου,

2442 542 2675 611 Χριστὸς
2740 552 3145 621 κατεπείγεται.
3212 558 3667 639 ’Δγαλλιάσθωή
3745 542 4009 642 σύμπασα

2313 619 2319 630 ’
2362 664 2369 673 α
2442 635 2636 699 κτίσις.

2509 731 2670 796 Πόλις
2717 734 2925 807 ἔμψυχε
2959 739 3117 807 Θεοῦ,
3172 744 3231 798 ὲν
3258 736 3512 817 τῇπόλει
3565 752 3817 826 Βηθλεὲμ
3865 760 4005 812 ἁπο-

2434 821 2637 886 τίκτεις
2656 825 2749 918 τοῦ
2774 829 3028 897 Χριστὸν,
3065 832 3316 898 Θεοτόκε.
3354 839 3496 912 ὑπὲρ
3549 821 3675 900 νοῦν
3710 821 4005 918 γενόμενον

2434 913 2505 967 δι’
2540 897 2945 990 εὐσπλαγχνίαν
2971 925 3175 981 τέλειον
3204 897 3517 1002 ἄνθρωπον.

2521 1007 2769 1078 Ἰὡμενος
2799 1014 2907 1067 τῶν
2948 1016 3254 1089 ἀνθρώπων
3304 1023 3402 1095 τὴν
3450 1028 3615 1096 φύσιν
3670 1034 3737 1103 τῇ
3798 1034 4004 1106 ἀρχαίᾳ

2436 1103 2748 1170 παραῦάσει
2795 1106 3116 1177 φθαρεῖσαν,
3172 1113 3295 1184 δίχα
3346 1118 3553 1187 φθορᾶς
3602 1123 3720 1176 νέον
3753 1103 4000 1181 τίκτεται

2436 1191 2655 1263 βρέφος,
2717 1198 2811 1251 καὶ
2845 1199 2938 1252 σοῦ
2968 1203 3027 1254 ὲν
3065 1204 3287 1270 κόλποις
3320 1208 3394 1273 ῶς
3446 1210 3623 1283 θρόνῳ
3675 1216 3997 1284 καθέζεται,

2432 1284 2766 1355 ἀνύμφευτε,
2792 1289 2890 1361 τῆς
2923 1293 3205 1364 Πατρικῆς
3236 1298 3312 1370 μὴ
3348 1300 3549 1366 ἐκστὰς
3586 1305 3840 1379 συνεδρίᾳ
3874 1308 4003 1363 θεό-

2431 1394 2615 1447 τητος.

2504 1473 2923 1547 Σεσαρκωμένος
2946 1480 3118 1549 Λόγος
3140 1483 3204 1535 ὲκ
3224 1484 3323 1553 σῆς
3351 1486 3702 1558 προέρχεται,
3736 1492 3999 1563 ἄχραντε,

2433 1564 2622 1633 νηδύος
2661 1567 2803 1639 ὑπὲρ
2832 1569 2977 1637 νοῦν,
3038 1573 3131 1625 καὶ
3162 1574 3390 1645 ἄρχεται
3442 1579 3470 1631 ὁ
3506 1581 3852 1650 προαιάΜος,
3906 1588 4003 1640 καὶ

2429 1656 2607 1729 φάτνῃ
2642 1662 2817 1713 κεῖται
2853 1664 3361 1735 σπαργανούμενος,
3407 1673 3502 1726 καὶ
3546 1673 3752 1730 διαλύει
3806 1681 4000 1752 σειρὰς

2430 1748 2539 1802 τῶν
2576 1751 2934 1823 ἐγκλημάτων
2959 1759 2991 1827 ὴ
3002 1759 3136 1827 μῶν.

2498 1934 2696 2005 Θαῦμα
2749 1940 2988 1996 διάνοιαν
3048 1945 3373 2018 ἐκπλῆττον,
3439 1950 3500 2005 τὸ
3556 1953 3884 2026 τελούμενον
3934 1961 4000 2013 ὲκ

2431 2025 2547 2089 σοῦ,
2585 2029 3046 2107 Παρθενομῆτορ·
3088 2038 3241 2092 κύειν
3293 2042 3510 2111 μέλλεις
3539 2044 3693 2111 Θεὸν,
3724 2025 3842 2101 καὶ
3894 2052 3999 2119 φά.-

2425 2135 2526 2191 τνῃ
2567 2121 2851 2179 ἀνακλῖναι
2900 2130 2991 2182 τὸν
3019 2131 3305 2205 Χερουϐὶμ
3339 2133 3655 2206 ἀπρόσιτον,
3709 2144 3804 2195 καὶ
3853 2145 3997 2213 ἀχώ-

2429 2228 2592 2282 ρητον
2626 2214 2689 2286 τῇ
2722 2218 2903 2287 φύσει.

2496 2307 2610 2359 Νῦν
2626 2305 2787 2380 ἦλθεν
2802 2313 3106 2385 ὁΚύριος,ὁ
3128 2325 3403 2393 πανταχοῦ
3429 2343 3504 2379 πα
3516 2327 3762 2399 ρῶν,[ὲκ]
3784 2329 3999 2399 Παρθέ-

2424 2416 2516 2451 νου
2546 2404 2862 2473 τικτόμενος
2882 2409 2941 2461 ἐν
2971 2411 3122 2465 πόλει
3140 2413 3388 2485 Βηθλεέμ
3407 2433 3421 2448 ο
3450 2420 3707 2486 ἀγάλλον,
3733 2422 3765 2488 ή
3794 2423 3995 2485 κτίσις,

2426 2492 2719 2547 ὑπαντῶσα
2746 2499 2917 2571 αὐτῷ,
2948 2505 3042 2556 καὶ
3088 2505 3445 2575 δοξολογοῦσα
3491 2512 3571 2573 εἰς
3602 2511 3810 2574 πάντας
3866 2514 3995 2573 τοὺς

2424 2587 2645 2649 αἰῶνας.

2496 2675 2565 2733 Ὦ
2595 2681 2955 2754 θεοχαρίτωτε
2993 2688 3167 2759 Κόρη,
3212 2691 3383 2756 τέξεις
3419 2693 3617 2764 βρέφος
3678 2698 3769 2749 τὸν
3824 2698 3995 2765 Ποιη-

2420 2771 2521 2839 τὴν
2555 2773 2662 2825 τῶν
2696 2776 2929 2843 αἰώνων,
2967 2782 3061 2832 καὶ
3098 2782 3476 2851 ἀναλλοίωτον,
3529 2788 3587 2840 ὲν
3623 2788 3870 2858 Βηθλεὲμ
3926 2794 3995 2861 τῇ

2422 2864 2597 2929 πόλει,
2628 2867 2694 2920 δι’
2718 2868 2927 2939 ἄφατον
2955 2873 3105 2938 ἔλεος

2488 3048 2729 3119 Φέροντα
2780 3053 2943 3121 φύσιν
3000 3055 3280 3127 βροτείαν,
3345 3060 3769 3133 Παρθενομῆτορ
3834 3062 3992 3130 ἁγία.

2422 3140 2625 3203 τίκτεις
2656 3144 2712 3194 ὲν
2749 3144 2900 3198 πόλει
2934 3148 3183 3218 Βηθλεὲμ
3215 3151 3308 3203 τὸν
3337 3151 3604 3221 ὑπέρθεον
3656 3155 3847 3218 Λόγον,
3894 3155 3992 3206 καὶ

2425 3232 2711 3303 γαλουχεῖς
2750 3240 3155 3311 μητροπρεπῶς
3198 3241 3290 3295 τὸν
3317 3243 3583 3311 τρέφοντα
3614 3244 3832 3298 ἃπασαν
3881 3246 3995 3297 κτί-

2423 3342 2505 3377 σιν
2528 3343 2543 3358 ο
2581 3328 2657 3390 ὠς
2684 3329 2741 3381 δὲ
2775 3329 2998 3401 πύρινος
3034 3332 3221 3402 θρόνος
3250 3334 3438 3388 τοῦτον
3479 3337 3686 3407 φέρεις,
3719 3339 3990 3407 παναγῐα,

2419 3419 2665 3489 ἀνωτέρα
2714 3422 3015 3494 Χερουϐίμ.
3644 3422 3655 3427 ’

2486 3511 2729 3581 Φαιδρῶς
2758 3516 2907 3567 πᾶσα
2959 3517 2992 3586 ἡ
3028 3516 3202 3579 κτίσις
3235 3516 3335 3571 νῦν
3362 3519 3709 3586 ἀγαλλιάσθω
3738 3537 3751 3550 ·
3787 3523 3821 3592 ἡ
3850 3523 3987 3575 Θεο-

2416 3603 2574 3665 τόκος
2606 3607 2784 3658 τεκεῖν
2830 3607 2925 3660 νῦν
2954 3609 3234 3679 ἐπείγεται
3256 3611 3346 3663 τὸν
3377 3612 3441 3665 ὲκ
3469 3612 3605 3666 Θεοῦ
3636 3613 3769 3667 Θεδν
3788 3615 3988 3683 Λόγον,

2418 3696 2447 3765 β
2455 3696 2609 3765 ροτὸν
2638 3700 2950 3769 γενόμενον.

2428 3788 2527 3840 Ἐκ
2572 3787 2679 3841 τοῦ
2725 3790 2981 3864 κανόνος
3015 3791 3099 3864 ἐν,
3138 3794 3453 3860 προεορτίᾳ
3505 3792 3611 3864 τῆς
3642 3794 3989 3864 γεννήσεως

2832 3861 2937 3913 τοῦ
2956 3863 3193 3928 Κυρίου,
3226 3866 3414 3932 ἡμέρῃ
3434 3863 3537 3932 κγ’.

2486 3948 2709 4012 Γνόντες
2742 3968 2801 4002 σε
2826 3951 3051 4020 βασιλέα
3080 3956 3138 4006 ἐν
3170 3958 3238 4026 γῇ
3268 3957 3696 4026 ἀποτικτὸμενον
3738 3962 3804 4012 ἐκ
3835 3961 3985 4029 Πιρ-

2413 4035 2589 4099 θένου,
2627 4038 2675 4089 οί
2718 4038 2957 4106 βασιλεῖς
2992 4041 3239 4110 Περσῶν,
3291 4044 3431 4110 Λόγε
3473 4033 3632 4110 Θεοῦ,
3691 4047 3833 4115 μετὰ
3882 4047 3989 4099 δώ-

2414 4144 2524 4197 ρων
2560 4128 2850 4181 σπεύδουσι
2872 4128 2965 4182 τοῦ
2998 4134 3379 4211 προσκυνῆσαί
3418 4152 3525 4188 σοι.

2483 4220 2655 4289 Ζόφου
2701 4211 3107 4293 ’ἐξαιρούμενος
3165 4226 3327 4295 ἡμᾶς’
3381 4228 3577 4291 κακεας
3633 4229 3662 4281 ὁ
3722 4229 3987 4300 Χριστὸς,

2412 4314 2742 4383 προέρχεται
2765 4318 2930 4386 σαρκὶ
2956 4316 3216 4386 τεχθῆναι
3246 4320 3322 4381 ῶς
3353 4318 3660 4390 ἄνθρωπος.

2430 4444 2446 4463 ι
2484 4406 2745 4481 Κατὰρας
2795 4408 3030 4471 παλαιᾶς
3088 4411 3450 4481 λυτρούμενος
3486 4414 3548 4465 τὸ
3581 4415 3925 4485 ἀνθρώπινον
3958 4421 3990 4470 ὁ

740 4510 912 4561 genus
948 4496 1268 4559 humanum,
1290 4495 1533 4549 nascitur
1555 4511 1619 4549 cx
1648 4505 1698 4549 te
1725 4498 2027 4552 secundum
2060 4514 2303 4565 carnem,
2342 4526 2352 4580 ι

2421 4500 2689 4578 Δεσπότης
2726 4504 2791 4554 ἐκ
2816 4503 2911 4554 σοῦ
2962 4506 3128 4575 σαρκὶ
3167 4507 3433 4570 τίκτεται,
3470 4508 3843 4577 πανάχραντε,
3895 4514 3988 4563 εὐ-

738 4607 775 4643 o
794 4604 1004 4643 summe
1060 4588 1313 4641 inviolata
1360 4589 1786 4656 aclbenedicta;
1842 4583 2126 4660 propterea
2180 4608 2303 4646 cum

742 4680 994 4735 laudibus
1033 4679 1406 4751 glorificamus
1446 4687 1522 4744 te,
1551 4680 1797 4749 gloriam.
1825 4694 1879 4735 et
1925 4683 2303 4750 gloriatione")

742 4783 1007 4828 nostram.
1563 4799 1572 4822 ι

808 4864 964 4919 Nunc
1031 4864 1176 4918 venit
1226 4865 1479 4921 Christus
1522 4867 1577 4920 in
1630 4868 1845 4937 propria
1905 4883 2027 4922 cum
2079 4856 2307 4937 corpore

738 4959 916 5013 alieno
952 4976 966 5013 '.
1001 4961 1411 5029 peregriuemur
1439 4939 1643 5030 {omitas
1691 4978 1721 5015 a
1767 4963 2114 5031 passionibus
2149 4963 2307 5017 inho-

739 5053 931 5119 nestis,
973 5062 1026 5106 et
1060 5054 1215 5107 illum
1257 5063 1443 5108 natum
1482 5055 1534 5109 in
1579 5070 1744 5110 carne
1783 5056 2171 5126 suscipiamus.

807 5144 968 5218 245
1006 5147 1291 5212 Quomodo
1334 5150 1727 5221 angustissima
1750 5151 2008 5218 Spelunca
2044 5152 2307 5222 suscipiet

741 5248 812 5303 te,
844 5254 877 5291 ο
904 5238 1037 5304 Rex,
1066 5239 1259 5307 Spiritu
1297 5256 1613 5309 pauperem,
1634 5250 1689 5298 et
1714 5242 1973 5297 universa
2002 5245 2308 5300 ditantem?

740 5328 1033 5392 Quomodo
1067 5330 1296 5398 aspiciet
1320 5340 1371 5385 te
1400 5333 1634 5387 humana
1666 5342 1857 5387 natura
1887 5348 2113 5405 corpore
2140 5337 2306 5391 vesti-

742 5420 895 5471 tum?
919 5418 1225 5475 Adorautns
1263 5423 1690 5495 humiliatiouem
1722 5435 1890 5481 tuam.

809 5509 1121 5568 Laudamus
1154 5524 1225 5579 te,
1262 5530 1294 5569 ο
1331 5517 1484 5571 unice
1537 5528 1710 5583 casta,
1752 5521 1995 5575 omnium
2036 5524 2301 5579 bonorum

736 5616 960 5675 causam
986 5622 999 5656 :
1030 5607 1230 5659 etenim
1258 5609 1599 5663 incarnatum
1630 5610 1891 5676 Verbum,
1919 5615 1990 5668 ob
2017 5631 2302 5672 excessum

739 5696 1090 5764 benignitatis
1120 5699 1387 5765 eiusdem,
1438 5704 1729 5772 peperisti;
1766 5707 1925 5773 cujus
1965 5709 2299 5766 nativitatem

746 5791 798 5844 in
822 5790 1037 5847 civitate
1061 5792 1333 5848 Bethleem
1362 5797 1514 5849 stella
1550 5802 2011 5867 praemonstravit.

2412 4592 2686 4663 λογημένη
2707 4610 2721 4623 ⁸
2756 4594 2837 4647 διδ
2865 4596 2924 4647 ὲν
2944 4596 3150 4650 αίνέσει
3185 4615 3245 4651 σε
3268 4599 3586 4671 δοξάζομεν,
3628 4601 3791 4666 δόξαν
3822 4606 3855 4673 ἡ
3866 4604 3986 4674 μῶν

2410 4685 2505 4737 καὶ
2540 4678 2642 4739 κάύ
2647 4703 2716 4757 χη
2724 4704 2800 4756 μα
2827 4689 3228 4759 τυγχάνουσαν.

2480 4878 2595 4931 Νῦν
2628 4880 2753 4949 ἥκει
2776 4881 2835 4933 ὲν
2866 4882 3133 4953 ἀλλοτρίῳ
3163 4886 3189 4936 ὁ
3222 4885 3457 4953 Χριστὸς
3492 4885 3707 4955 σώματι
3761 4889 3821 4941 ἐν
3868 4893 3985 4952 τοῖς

2413 4971 2561 5036 ίδίοις
2583 4990 2597 5005 ·
2633 4973 2953 5045 ξενωθῶμεν
2984 4976 3225 5040 ἅπαντες
3250 4979 3360 5032 τῶν
3389 4981 3600 5049 ἀτίμων
3630 4980 3841 5050 παθῶν,
3889 4987 3988 5038 καὶ

2408 5064 2595 5118 τοῦτον
2615 5066 2897 5143 δεξώμεθα
2932 5071 3096 5139 σαρκὶ
3117 5072 3461 5141 τικτόμενον.

2479 5155 2601 5218 Πῶς
2634 5155 2863 5222 δέξεται,
2904 5158 3156 5223 Βασιλεῦ,
3190 5161 3248 5214 σὲ
3281 5162 3647 5233 σμικρότατον
3691 5166 3982 5235 σπήλαιον,

2409 5248 2603 5322 γνώμῃ
2630 5251 3032 5321 πτωχεύσαντα
3052 5253 3144 5306 τὸν
3179 5254 3537 5319 πλουτίζοντα
3558 5258 3627 5309 τὰ
3650 5258 3981 5330 σύμπαντας

2408 5341 2523 5402 πῶς
2556 5341 2740 5412 βλέψει
2768 5360 2828 5395 σε
2864 5342 3073 5413 βροτῶν
3102 5345 3264 5413 φύσις
3292 5347 3746 5419 σωματούμενον;
3802 5354 3843 5405 ιι
3858 5370 3985 5423 ροσ-

2408 5434 2676 5505 κυνοῦμεν
2693 5436 2791 5508 τὴν
2822 5438 2922 5508 σὴν
2955 5439 3386 5506 συγκατὰὁασιν.

2488 5529 2799 5601 ’Υμνοῦμέν
2845 5548 2903 5584 σε
2936 5532 3034 5602 τὴν
3090 5534 3310 5587 πάντων
3352 5538 3532 5590 αἰτίαν
3586 5538 3695 5590 τῶν
3729 5538 3982 5607 ἀγαθῶν,

2409 5623 2543 5694 μόνη
2574 5624 2711 5691 ἁγνή
2739 5640 2753 5656 ο
2783 5626 3172 5696 σωματοφόρον
3196 5628 3305 5698 γὰρ
3337 5629 3509 5696 Λόγον
3540 5630 3812 5702 ύπερὸολῇ
3836 5651 3944 5702 χρη
3962 5665 3977 5672 -

2407 5718 2662 5787 στότητος
2718 5718 2971 5785 τέτοκας,
3029 5716 3090 5773 οὗ
3142 5722 3243 5792 τήν
3276 5724 3526 5796 γέννησιν
3589 5729 3973 5797 προεμήννσςν

2406 5808 2583 5882 ἀστὴρ
2623 5811 2679 5861 ἐν
2711 5810 2957 5882 Βηθλεὲμ
2987 5814 3052 5883 τῇ
3078 5811 3249 5868 πόλει.
