4180 6450
242 429 380 494 1273

1612 434 1983 496 MARIALE.

3354 430 3486 496 1274

338 544 536 615 Opa‘io;
560 543 623 595 ὲκ
654 543 892 613 γαστρός
918 560 1012 597 σου
1050 544 1380 617 προέρχεται
1402 544 1660 616 τεχθῆναι
1709 545 1804 615 ἀρ·

1986 543 2283 613 Speciosus
2344 542 2628 609 Dominus,
2702 543 2971 599 bonorum
3028 542 3184 597 dator
3236 546 3487 613 procedit

238 642 393 708 ρήτῳ
422 638 588 708 λόγῳ,
637 637 979 711 καθωραῖσαι
1030 639 1090 692 τὸ
1122 637 1467 709 ἀνθρώπινον
1512 637 1811 709 ἀφθαρσίᾳ,

237 728 508 799 Παρθένε,
558 727 727 781 θέλων
770 730 799 782 ὁ
832 728 1167 797 ἁγαθοδότης
1216 729 1443 801 Κύριος,
1477 723 1522 800 ᾧ
1574 728 1667 783 νῦν
1714 746 1812 799 με·

236 815 559 887 λῳδοῦμεν·
603 816 877 886 ’Υμνείτω
903 818 995 870 τὸν
1021 818 1229 890 Κύριον
1276 821 1428 874 πᾶσα
1479 820 1681 887 κτίσις,
1718 820 1815 875 καὶ

237 906 605 978 ὑπερυψοὺτω
633 908 712 972 είς
744 908 955 972 πάντας
975 911 1101 991 τους
1130 910 1355 975 αίῶνας.

307 1001 523 1072 Φέρεις,
554 1000 651 1055 Υίέ
692 1018 817 1073 μου,
845 1003 976 1073 ὅλην
1009 1003 1105 1058 τοῦ
1139 1005 1465 1076 πνεύματος
1494 1007 1595 1077 τὴν
1643 1006 1810 1071 ἰδέαν,

238 1093 337 1146 καὶ
372 1092 491 1155 πῶς
518 1111 578 1147 σε
626 1095 779 1164 φέρω
829 1096 1017 1165 ὅμοιον
1062 1098 1186 1166 ἐμοὶ
1232 1100 1371 1152 κατὰ
1426 1099 1603 1154 πάντα
1656 1115 1812 1168 γεγο-

236 1184 407 1249 νότα;
437 1185 621 1254 ἔλεγεν
650 1188 683 1254 ἡ
726 1187 1102 1259 ἀπειρόγαμος
1131 1190 1555 1261 ἑμπληττομένη
1582 1207 1598 1222 ο
1638 1191 1705 1262 ἢν
1736 1191 1812 1254 ὠς

235 1275 375 1330 Θεοῦ
427 1278 657 1348 Μητέρα
694 1281 1038 1350 τιμήσωμεν,
1090 1283 1293 1347 πιστοὶ,
1353 1284 1574 1349 πάντες,
1622 1284 1716 1338 καὶ
1754 1284 1812 1336 ὲν

232 1370 444 1424 αίνέσει
473 1371 777 1442 συμφώνως
802 1372 1263 1445 ὁοξολογήσωμεν.

247 1515 346 1571 Ἐκ
392 1522 501 1576 τοῦ
538 1521 794 1583 κανόνος
822 1516 892 1591 ἐν
925 1514 1000 1591 τῇ
1033 1520 1299 1590 κυριακῇ
1331 1522 1483 1591 μετὰ
1524 1520 1638 1588 τὴν
1671 1523 1809 1591 Χρι-

303 1592 459 1669 οςτοῦ
490 1594 803 1669 γέννησιν,
842 1588 912 1669 ἐν
942 1586 978 1655 ᾗ
1010 1586 1405 1669 ἐπιτελοῧμὲν
1434 1586 1685 1669 μνήμην
1703 1586 1810 1669 {of}

307 1659 509 1730 drlov—
548 1659 772 1728 Ἰωσὴφ
801 1659 909 1713 τοῦ
952 1659 1303 1734 μνήστορος
1324 1659 1449 1732 τῆς
1484 1659 1813 1733 ὑπερατίας

308 1732 621 1789 Θεοτόκουο

1918 642 2240 692 nasciturus
2273 652 2340 691 ex
2367 645 2524 691 utero
2550 644 2665 700 tuo,
2698 652 2732 691 o
2756 635 2942 707 Virgo,
2985 636 3198 690 ratione
3232 635 3487 690 ineﬂabi-

1916 729 1975 793 li,
2010 730 2199 784 volens
2223 730 2519 783 humanum
2549 743 2722 797 genus
2763 728 3175 797 incorruptione
3198 726 3481 783 decorare.

1915 819 1995 875 Illi
2030 837 2174 876 nunc
2229 822 2576 875 concinimus
2637 838 2651 874 :
2705 818 2911 875 Laudet
2961 820 3252 874 Dominum
3303 818 3485 874 omnis

1915 927 2184 979 creatura,
2216 921 2271 966 et
2306 914 2673 982 superexaltet
2708 928 2832 968 eum
2866 913 2917 967 in
2949 914 3169 969 sarcula.

1985 1005 2138 1068 Fers,
2158 1023 2190 1061 ο
2213 1007 2311 1061 Fili
2330 1007 2425 1071 mi,
2452 1015 2619 1061 totam
2640 1008 2871 1078 spiritus
2895 1007 3091 1071 ideam,
3119 1016 3175 1063 et
3208 1007 3484 1077 quomodo

1912 1115 2013 1169 ego
2044 1099 2157 1155 fero
2188 1112 2259 1164 te,
2287 1100 2340 1153 in
2395 1100 2653 1154 omnibus
2706 1100 2840 1153 mihi
2890 1100 3122 1154 similem
3189 1099 3487 1155 eﬂ'ectum?

1914 1191 1986 1246 Ita
2021 1192 2347 1261 loquebatur
2385 1190 2548 1262 Virgo
2571 1202 2792 1261 stupore
2840 1194 3116 1261 perculsa,
3160 1210 3323 1263 quam
3359 1204 3483 1247 tan-

1911 1300 2075 1355 quam
2131 1284 2219 1338 Dei
2255 1284 2481 1338 Matrem
2535 1284 2721 1340 lideles
2776 1300 2965 1340 omnes
3028 1287 3383 1353 honoremus,
3427 1292 3485 1340 et

1912 1376 2172 1431 consonis
2206 1378 2433 1432 vocibus
2467 1377 2685 1432 laudum
2717 1378 3104 1450 glorittccmus.

1913 1520 1996 1575 Ea:
2025 1538 2222 1577 canone
2260 1524 2313 1577 in
2356 1523 2635 1578 Dominira
2684 1536 2800 1593 post
2854 1524 3051 1580 Christi
3103 1525 3477 1587 Nativilatem,

1981 1593 2032 1668 ᾐι
2065 1610 2170 1668 qua
2208 1594 2502 1668 celebratur
2560 1598 2812 1651 memoria
2882 1595 2939 1650 S.
3010 1595 3223 1667 Iosephi
3303 1599 3482 1668 sponsi

1982 1662 2048 1719 Β.
2090 1663 2277 1719 Maria:
2314 1664 2567 1735 Virginis.

306 1863 482 1935 Σαρκὶ
526 1865 759 1936 Χριστὸν
788 1846 1134 1937 ἀπεκύησας,
1194 1864 1355 1935 ἁγνὴ,
1409 1866 1470 1917 ἐν
1534 1864 1804 1935 Βηθλεὲμ,

1984 1862 2260 1918 Christum
2309 1864 2651 1918 incarnatum
2695 1864 2750 1919 in
2806 1863 3075 1920 Bethleem
3120 1864 3398 1933 peperisti.
3448 1880 3482 1919 ο

231 1953 601 2026 ἀπειρόγαμε,
658 1957 995 2027 σπαργάνοις
1057 1957 1221 2011 αὐτὸν
1282 1955 1552 2022 είλὶξασα,
1598 1950 1657 2009 οὗ
1713 1955 1804 2025 τὴν

1916 1954 2343 2026 Virgoinnupta.
2369 1958 2732 2026 cumdetnque
2758 1956 2942 2011 fasciis
2977 1956 3294 2021 involvisti;
3324 1955 3483 2025 cujus

230 2046 531 2116 ἐπιδημίαν
553 2049 926 2119 καταπλαγεὶς
965 2049 1165 2121 Ἰωσὴφ
1194 2051 1290 2103 σὺν
1313 2049 1463 2118 φόὸῳ
1484 2048 1804 2120 μεγαλύνει,

236 2139 541 2207 προσκυνεῖ
566 2139 666 2203 τὴν
703 2140 892 2195 τούτου
923 2140 1174 2211 δύναμιν.

304 2230 497 2300 Σάρκα
528 2231 789 2303 είληφότα
833 2233 893 2298 ἐξ
923 2234 1103 2302 ἁγνῶν
1135 2251 1228 2288 σου
1260 2234 1529 2305 αἱμάτων,
1563 2234 1805 2305 Παρθένε

232 2322 397 2394 ἁγνὴ,
437 2326 532 2377 καὶ
583 2328 642 2379 ὲν
691 2326 940 2397 σπηλαίῳ
982 2326 1331 2398 γεννηθέντα,
1380 2331 1474 2382 καὶ
1516 2332 1575 2382 ἐν
1631 2329 1805 2400 φάτνῃ

230 2413 460 2468 τεθέντα
496 2414 619 2469 ίδὼν
663 2417 862 2487 Ἰωσὴφ
896 2418 924 2470 ὁ
958 2417 1165 2482 δίκαιος
1208 2418 1301 2471 τὸν
1329 2419 1450 2471 καθ’
1500 2421 1649 2490 ἡμᾶς
1676 2422 1805 2490 ὁρα-

237 2506 405 2561 θέντα
431 2507 565 2562 Θεὸν
597 2506 787 2580 ὕμνοις
816 2510 1171 2579 ἐμεγάλυνεν.

309 2694 470 2750 At.in
510 2697 603 2749 τοῦ
642 2700 759 2760 νοός
799 2715 893 2751 σου
930 2699 1221 2768 προφανῶς
1274 2699 1475 2770 ἐπέστη
1508 2702 1536 2753 ὁ
1576 2701 1805 2766 ἀόρατος

230 2788 567 2857 ἀμφιϐολίαν
602 2790 803 2851 πᾶσαν,
830 2790 1001 2859 λέγων
1028 2806 1127 2843 σοι·
1161 2790 1252 2860 Μὴ
1287 2792 1546 2862 ᾳοῦηθῇς,
1588 2792 1804 2862 Ἰωσὴφ,

230 2879 470 2948 Μαριὰμ
513 2877 613 2949 τὴν
642 2878 907 2950 ἄχραντον
938 2880 1032 2932 νῦν
1072 2880 1430 2951 παραλαϐεῖν.
1466 2883 1670 2952 Γαστρὶ
1699 2884 1807 2954 γάρ

230 2970 389 3041 φέρει
422 2971 513 3022 τὸν
556 2970 793 3039 φέροντα
827 2969 980 3042 θεῖκῇ
1042 2971 1234 3025 τούτου
1266 2972 1480 3045 [αὐτοῦ]
1517 2973 1807 3046 δυναστείᾳ.

226 3066 299 3114 τὰ
329 3062 643 3129 σύμπαντα.

298 3154 538 3225 εὑρέθη,
586 3154 663 3218 ὡς
710 3155 814 3224 ἔφη
875 3156 1165 3226 προφήτης
1219 3155 1406 3221 Δαόὶδ,
1441 3159 1500 3211 ὲν
1534 3160 1805 3230 γαστρὶή

1909 2051 2199 2103 adventum
2242 2047 2442 2119 Ioseph
2473 2059 2697 2118 stupore
2760 2050 3043 2119 perculsus
3098 2065 3222 2104 cum
3283 2049 3482 2103 timore

1910 2142 2240 2211 magniticat.
2279 2153 2331 2196 et
2362 2142 2555 2196 adorat
2586 2142 2730 2197 illius
2760 2141 3078 2212 potentiam.

1978 2235 2114 2288 Cum
2148 2235 2372 2290 vidisset
2401 2233 2600 2304 Joseph
2637 2235 2821 2304 justus
2860 2237 3026 2289 Deum
3063 2236 3339 2304 accepisse
3362 2251 3482 2287 car-

1909 2341 2031 2381 nem
2062 2341 2129 2380 ex
2162 2326 2328 2382 castis
2364 2326 2669 2381 visceribus
2711 2327 2839 2387 tuis.
2880 2342 2913 2379 ο
2946 2326 3109 2395 Virgo
3149 2342 3305 2394 pura,
3338 2335 3391 2379 et
3425 2326 3477 2378 in

1908 2419 2165 2488 Spelunca
2200 2430 2383 2472 uatum
2416 2429 2581 2487 atque
2608 2419 2661 2471 in
2698 2418 2965 2487 praisepio
2994 2418 3320 2471 collocatum
3349 2416 3481 2470 fuis-

1910 2528 1989 2577 se,
2040 2511 2420 2581 magnilicabat
2472 2526 2595 2565 eum
2648 2511 2887 2581 hymnis,
2939 2510 3034 2581 qui
3070 2510 3268 2564 similis
3321 2511 3481 2565 nobis

1910 2604 2225 2675 apparebat.

1985 2693 2051 2749 Ut
2084 2708 2300 2748 omnem
2335 2692 2532 2746 mentis
2574 2701 2680 2746 tua:
2716 2693 3126 2760 ambiguitatem
3173 2702 3358 2762 aperte
3392 2708 3478 2747 re-

1913 2784 2444 2852 ntoveret,apparuit
2472 2784 2565 2837 tibi
2584 2785 2829 2853 angelus.
2852 2783 3039 2839 dicens
3066 2802 3078 2838 :
3106 2805 3122 2836 ι
3155 2783 3229 2838 Ne
3264 2785 3478 2849 timeas,

1906 2875 2131 2948 Joseph,
2162 2879 2412 2946 accipere
2442 2893 2584 2930 nunc
2618 2876 2844 2930 Mariam
2884 2877 3329 2942 immaculatam;
3368 2892 3483 2932 ete-

1910 2971 2020 3024 nim
2065 2969 2165 3022 lcrt
2197 2970 2249 3022 in
2279 2977 2433 3022 utero
2462 2967 2627 3039 246
2675 2968 2827 3021 illutn
2872 2968 2966 3036 qui
3015 2969 3199 3023 divina
3242 2969 3480 3039 potentia

1909 3077 2005 3117 Sua
2032 3060 2134 3114 fert
2167 3061 2444 3114 universa.

1977 3151 2198 3204 Inventa
2237 3160 2339 3213 est,
2404 3150 2546 3204 sicut
2576 3148 2713 3203 dixit
2767 3148 3027 3219 propheta
3080 3148 3271 3215 David,
3314 3151 3475 3221 Virgo

231 3247 513 3318 Παρθένος
554 3249 852 3319 χωρήσασα
881 3248 973 3301 τὸν
1021 3249 1182 3317 φύσει
1224 3251 1635 3320 ἀπερίγραπτον
1664 3251 1799 3305 Θεὸν

1908 3242 1962 3296 in
2019 3252 2173 3297 utero
2229 3241 2704 3311 comprehendens
2753 3241 2927 3305 illum,
2991 3243 3083 3311 qui
3148 3257 3339 3297 natura
3394 3256 3477 3299 est

241 3340 615 3410 Ἑμμανουὴλ,
662 3344 799 3413 ὅπερ
858 3343 933 3415 μὴ
979 3344 1239 3413 ἐννοήσας
1298 3344 1325 3396 ὁ
1379 3343 1520 3407 θεῖος
1549 3344 1798 3415 ἐδιδάχθη

240 3434 440 3502 Ἰωσὴφ
469 3434 563 3485 ὑπ’
589 3433 845 3503 ἀγγέλου,
884 3433 1039 3488 νυκτὶ
1072 3433 1348 3487 καθεύδων
1368 3435 1632 3505 ἀοίδιμος.

303 3622 444 3676 Νέον
479 3622 573 3675 ἐπὶ
612 3622 714 3691 γῆς
767 3621 978 3674 παιδίον
1019 3620 1269 3689 ἑώρακας
1310 3621 1588 3692 Παρθένου
1630 3622 1801 3691 ἁγνῆς

224 3715 661 3783 ἀποτικτόμενον
697 3714 788 3768 τὸν
812 3714 1123 3785 προτέλειον
1157 3716 1251 3767 καὶ
1280 3716 1384 3785 πρὸ
1419 3716 1640 3769 πάντων
1672 3713 1802 3768 αίὼ-

225 3824 333 3859 νων
365 3804 609 3873 ἐπιφύντα
652 3805 884 3871 Πατρὸς.
958 3806 1052 3859 καὶ
1110 3806 1360 3873 ἀγγέλων
1418 3807 1799 3877 άνυμνούντων

224 3896 416 3949 τοῦτον
439 3896 677 3965 ήκουσας
695 3894 843 3949 ἔνδον
858 3895 952 3949 τοῦ
978 3894 1243 3966 σπηλαίου
1261 3894 1535 3966 κείμενον,
1575 3898 1797 3967 Ἰωσὴφ,

224 3989 321 4042 ἐπὶ
348 3988 577 4058 φάτνης,
603 3987 851 4056 πανεύφη
861 4005 925 4057 με
937 4028 949 4040 .

294 4079 594 4149 Συμϐὀλοις
622 4080 783 4149 ἱεροῖς
814 4096 874 4131 σε
910 4080 1259 4151 τυπουμένην
1292 4079 1488 4148 Ἰωσὴφ
1511 4082 1538 4133 ὁ
1568 4081 1795 4145 δίκαιος,

223 4168 589 4239 θερχαρίτωτε
635 4169 796 4239 ἁγνὴ,
844 4171 1099 4237 ἐγνωκὼς
1151 4171 1333 4240 ῥάϐδῳ
1370 4170 1669 4240 κληροῦταί
1704 4190 1796 4224 σου

222 4263 326 4330 τὴν
352 4261 648 4331 μνηστείαν
676 4262 773 4331 τὴν
805 4261 1029 4331 σεπτὴν,
1053 4262 1415 4332 ἐπιμνησθεὶς
1463 4262 1677 4333 Ἀαρὼν
1701 4265 1799 4333 τῆς

224 4354 612 4423 βλαστησάσης
644 4354 773 4406 ποτὲ
806 4354 964 4421 ἁγίας
1001 4354 1224 4423 ῥάϐδου.

310 4540 496 4608 Νόμου
525 4539 621 4601 τὰς
652 4536 810 4600 σκιὰς
837 4531 975 4601 εἶδες
1030 4535 1289 4600 ποθείσας
1351 4541 1418 4608 τῇ
1452 4539 1549 4607 τῆς
1577 4538 1797 4609 χάριτος

1914 3336 2450 3403 incircumscriptus,
2524 3332 2692 3388 Deum
2750 3332 3090 3389 Emmanuel.
3150 3338 3304 3401 Quod
3357 3355 3477 3389 cum

1907 3427 2124 3482 divinus
2153 3425 2353 3496 Joseph
2406 3441 2513 3479 non
2572 3424 2918 3495 intelligeret,
2951 3424 3019 3479 ab
3061 3427 3256 3495 angelo
3313 3440 3476 3483 noctu

1908 3519 2136 3572 edoctus
2169 3526 2251 3571 est
2281 3519 2406 3569 dum
2440 3516 2723 3570 dormiret.

1978 3611 2188 3666 Novum
2253 3612 2306 3665 in
2356 3620 2497 3664 terra
2534 3626 2759 3679 puerum
2798 3609 3003 3671 vidisti,
3049 3626 3081 3663 ο
3136 3612 3480 3666 nobilissime

1905 3704 2127 3774 Joscph,
2198 3720 2265 3758 ex
2313 3702 2533 3774 Virgine
2565 3711 2716 3758 easta
2765 3712 2974 3767 natum,
3007 3704 3099 3771 qui
3141 3714 3266 3758 ante
3296 3706 3479 3760 omnia

1907 3799 2106 3853 szecula
2153 3807 2314 3851 natus
2366 3806 2449 3851 est
2480 3812 2544 3850 ex
2612 3794 2799 3861 Patre;
2860 3806 2914 3849 et
2968 3796 3223 3851 audivisti
3257 3798 3479 3867 angelos

1907 3889 2284 3944 collaudantes
2343 3887 2493 3941 illum
2548 3887 2690 3941 intra
2743 3888 3057 3956 speluncam
3110 3888 3164 3941 in
3217 3892 3481 3957 praesepio

1903 3983 2194 4051 jarentem.

1975 4076 2109 4131 Cum
2159 4086 2210 4130 te
2264 4077 2438 4131 sacris
2490 4074 2754 4146 symbolis
2826 4075 3110 4145 liguratam
3161 4074 3477 4141 agnovisset

1904 4169 2103 4238 Joseplt
2126 4170 2331 4237 justus,
2366 4183 2398 4221 ο
2437 4167 2599 4237 Virgo
2629 4167 2738 4221 Deo
2771 4167 3094 4221 charissima
3118 4206 3134 4230 ,
3183 4183 3276 4232 per
3317 4168 3478 4233 virga:

1908 4274 2109 4318 sortem
2145 4264 2518 4317 venerandum
2578 4259 2893 4330 cenjuginm
2950 4269 3101 4314 tuum
3159 4262 3385 4327 accepit,
3423 4260 3475 4312 in

1908 4357 2228 4414 memoriam
2263 4357 2532 4410 reducens
2562 4364 2807 4410 sanctam
2837 4354 3044 4423 virgam
3070 4353 3328 4418 Aaronis,
3353 4370 3477 4423 qua;

1906 4450 2035 4504 olim
2069 4448 2491 4517 germinaverat.

1978 4542 2135 4610 Legis
2166 4541 2386 4595 umbras
2436 4540 2617 4593 vidisti
2650 4540 2985 4595 abundantia
3022 4540 3247 4594 luminis
3290 4539 3477 4607 gratia:

224 4606 542 4701 φωτογυσία
574 4647 591 4662 ο
622 4629 889 4699 φωτεινὴν
937 4630 1189 4699 νεφέλην,
1229 4630 1329 4700 τὴν
1384 4606 1675 4698 Παρθένον,
1705 4631 1798 4683 τὸν

1907 4632 2189 4703 perfusas;
2222 4642 2274 4684 et
2320 4646 2350 4685 e
2388 4628 2628 4699 Vii'gine,
2663 4631 2804 4685 nube
2848 4630 3051 4697 lucida,
3110 4631 3377 4684 orientem
3420 4630 3472 4682 in

223 4726 419 4793 νοητὸν
471 4724 870 4777 ἀνατέλλουσαν
920 4722 1085 4793 σαρκὶ
1144 4722 1334 4774 ’Ἥλιον
1385 4722 1643 4791 ἔϐλεψας,
1705 4723 1799 4775 καὶ

221 4820 418 4883 ὥσπερ
452 4817 628 4888 ἀστὴρ
654 4816 860 4878 πάντας
890 4814 1162 4884 έφώτισας
1196 4816 1319 4878 τοὺς
1351 4815 1613 4884 βοῶντας,
1667 4816 1799 4885 σοφὲ

1904 4741 2070 4780 carne
2100 4724 2521 4779 intellectualem
2572 4723 2745 4779 solem
2784 4723 3046 4794 aspexisti
3082 4738 3096 4777 :
3129 4733 3183 4778 et
3214 4732 3471 4792 tanquam

1903 4830 2109 4875 astrum
2168 4819 2511 4881 illuminasti,
2544 4833 2576 4871 0
2625 4817 2844 4886 sapiens
2882 4816 3110 4888 Joseph,
3164 4833 3355 4871 omnes
3380 4819 3472 4885 qui

234 4912 461 4980 Ἰωσὴφ,
507 4911 789 4963 ἑκάστων
851 4909 1219 4979 Εὑλογείτωή
1260 4907 1438 4972 κτίσις
1490 4911 1645 4962 πᾶσα
1705 4909 1800 4961 τὸν

1907 4916 2142 4969 clamant
2180 4912 2399 4967 assidue
2433 4928 2447 4966 :
2505 4910 2802 4965 Benedicat
2836 4910 3017 4965 omnis
3069 4921 3318 4964 creatura
3366 4907 3497 4965 Do-.

225 5005 452 5073 Ιίὺριον.

288 5094 676 5147 ⁴Ιιυλάττουσσιν
706 5092 805 5163 τὴν
831 5091 1131 5163 παρθενίαν
1165 5092 1461 5163 ἀκήρατον,
1494 5092 1591 5163 τὴν
1620 5092 1793 5162 ἁγνὴν

222 5187 524 5259 ὲςρύλαξας,
576 5188 637 5253 ἐξ
666 5183 732 5259 ἦς
779 5187 911 5251 Θεὸς
970 5188 1141 5254 Λόγος
1191 5188 1503 5258 ὲσαρκώθη,
1553 5187 1797 5256 φυλάξας

223 5283 497 5353 παρθένον
521 5282 689 5353 αὐτὴν
721 5282 859 5351 μετὰ
886 5282 1137 5351 γέννησιν
1166 5282 1499 5355 ἀπόρρητον,
1537 5279 1656 5351 μεθ’
1692 5276 1759 5351 ἦς
1779 5322 1795 5349 ,

224 5376 457 5447 θεοφόρε
512 5375 731 5446 Ἰωσὴφ,
763 5374 922 5448 ἡμῶν
960 5375 1287 5447 μνημόνευε.

237 5622 337 5676 ἐκ
386 5619 493 5674 τοῦ
545 5620 803 5683 κανόνος
855 5622 942 5685 εἰς
1000 5618 1141 5684 τοὺς
1180 5618 1396 5689 ,ἁγίους
1439 5618 1797 5689 δισμυρίους

292 5691 625 5761 μάρτυρας,
656 5690 795 5756 τοὺς
830 5692 897 5745 ὲν
931 5688 1296 5760 Νικομηδεῖς,
1337 5688 1612 5759 καέντας,
1654 5694 1796 5763 ἡμέ-

288 5781 370 5832 po
400 5768 503 5831 κη’-

309 5891 498 5963 Ὕμνῶ
548 5908 631 5959 σε,
677 5889 991 5963 πανύμνητε
1044 5889 1404 5961 εὐλογημένη,
1438 5889 1571 5944 Θεὸν
1622 5890 1789 5963 ὑπερ.

1903 5023 2134 5061 ηιιιιιιηι.

1966 5098 2289 5165 Custodisti,
2348 5113 2382 5151 o
2461 5096 2672 5151 Deifere
2717 5095 2941 5164 Joseph,
2995 5092 3298 5163 Virginem,
3350 5107 3472 5162 qua:

1902 5193 2264 5263 virginitatem
2334 5192 2707 5257 incorruptam
2794 5187 3173 5251 conservavit;
3236 5200 3299 5238 ex
3360 5199 3467 5253 qua

1890 5287 2039 5341 Deus
2093 5284 2330 5339 Verbum
2391 5286 2707 5337 incarnatus
2765 5290 2869 5346 est,
2924 5296 3258 5334 conservans
3316 5279 3463 5332 illaut

1899 5380 2163 5449 virginem
2184 5388 2533 5448 postpartum
2559 5375 2909 5429 iueﬂ‘abilem.
2934 5371 3039 5439 Tu,
3067 5371 3336 5441 oJoscph,
3361 5387 3467 5425 una

1899 5490 2022 5529 cum
2060 5474 2147 5526 illa
2187 5486 2394 5525 memor
2416 5476 2535 5524 esto
2562 5468 2757 5525 nostri.

1902 5620 1985 5676 Ex
2007 5635 2201 5673 canone
2242 5618 2294 5669 in
2345 5614 2602 5686 fe..toSS.
2638 5622 2933 5686 martyrum
2966 5612 3192 5686 duorum
3217 5608 3467 5686 millium,

1963 5694 2050 5761 qui
2086 5694 2139 5741 in
2178 5681 2386 5741 civitate
2437 5681 2797 5739 Nicomediw’
2830 5684 2950 5753 igne
3004 5681 3271 5751 absumpti
3319 5689 3466 5744 sunt,

1972 5764 2057 5815 die
2074 5762 2162 5814 28.

1975 5888 2184 5944 Laudes
2230 5888 2324 5943 tibi
2352 5886 2607 5953 concino,
2648 5901 2681 5943 ο
2728 5884 2879 5941 omni
2930 5882 3090 5938 laude
3121 5879 3466 5952 dignissima,
