4180 6450
708 377 846 442 12³15

1838 378 1898 437 S.
1940 378 2252 438 JOSEPIII
2295 376 2853 439 HYMNOGRAPHI

3811 376 3941 439 1216

704 510 767 547 ac
802 489 1106 552 benedicta,
1138 502 1261 558 quae
1302 486 1354 541 in
1396 499 1560 541 carne
1604 487 1862 555 peperisti
1898 487 2063 543 Deum
2093 487 2270 542 omni-

2398 489 2614 558 ἱμνητον
2643 490 2700 541 έν
2734 488 2898 559 σαρκὶ
2943 489 3219 559 κυήσασα,
3255 487 3347 541 τὸν
3402 486 3782 559 μεγαλύναντα
3816 488 3945 549 τοὺς

706 586 808 639 bus
837 582 1091 638 laudibus
1120 582 1479 651 superiorem,
1510 579 1602 649 qui
1640 580 2067 651 triumphatores
2097 597 2161 636 ac
2190 582 2270 636 vi-

704 687 885 730 ctores
914 676 1087 729 hostis
1114 674 1498 744 magnilicavit.

775 765 846 821 Ut
902 768 1196 821 humanam
1249 766 1531 821 deificaret
1582 775 1857 829 naturam,
1915 765 2059 822 Deus
2110 767 2275 821 homo

708 858 883 913 factus
929 868 1109 914 estex
1166 867 1242 927 te,
1272 875 1306 914 ο
1345 860 1508 927 Virgo
1565 870 1738 927 casta,
1797 861 1959 915 modo
2015 860 2275 915 ineﬂ‘abili

707 962 871 1020 atque
902 951 1307 1020 inexcogitabili
1341 971 1354 1006 :
1403 952 1562 1023 247
1595 961 1881 1022 propterea
1936 967 2036 1006 nos
2094 953 2278 1008 ﬁdeles

709 1045 1071 1099 concordibus
1108 1047 1331 1099 vocibus
1356 1056 1406 1099 te
1438 1044 1652 1100 beatam
1686 1048 2049 1115 appellamus.

774 1134 909 1189 Cum
935 1136 1199 1207 redempti
1245 1138 1509 1193 fuerimus
1547 1155 1642 1208 per
1674 1149 1889 1208 partum
1918 1148 2093 1203 tuum,
2117 1152 2150 1192 ο
2184 1137 2277 1191 be-

712 1226 946 1291 nedicta,
977 1227 1047 1281 ab
1096 1229 1318 1297 antiqua
1368 1230 1767 1291 inaledictione,
1819 1230 2276 1294 benedictionem,

716 1317 877 1371 vitam
913 1334 978 1372 ac
1035 1319 1465 1390 redemptionem
1524 1322 1869 1391 accepimus,
1918 1338 2020 1377 nos
2077 1323 2171 1393 qui
2228 1333 2280 1377 te

713 1409 997 1478 Deiparam
1024 1411 1415 1481 gloriﬁcamus.

788 1501 854 1556 Ut
885 1501 1030 1558 Deus
1057 1520 1181 1558 cum
1216 1506 1470 1575 supernis
1498 1505 1783 1574 spiritibus
1810 1508 2163 1579 coniungeret
2188 1522 2282 1561 eos

711 1592 803 1660 qui
842 1592 896 1647 in
928 1610 1182 1663 magnum
1227 1597 1693 1665 praavaricationis
1740 1600 2060 1652 barathrum
2103 1600 2283 1669 prola-

714 1686 793 1754 psi
822 1698 993 1751 erant,
1022 1697 1403 1745 uternmtuum
1426 1690 2275 1760 inhabitavit,oinviolatissima‘,

711 1789 764 1833 et
791 1794 919 1834 caro
949 1779 1124 1835 factus
1156 1791 1257 1837 est.

2375 580 2731 652 ἀθλοφόρους,
2770 581 2976 635 καὶτὸν
3015 580 3208 653 ἐχθρὸν
3232 582 3741 636 καταπαλαίσαντα.

2449 766 2564 822 Ἴνα
2587 764 2767 838 θεὼσῃ
2788 764 2850 821 τὸ
2885 766 3250 839 ἀνθρώπινον,
3275 769 3304 821 ὀ
3323 766 3456 832 Θεὸς
3487 765 3701 829 ἐγένετο
3729 764 3946 837 ἄνθρω-

2377 879 2476 924 πος
2511 861 2575 913 ὲκ
2612 858 2731 922 σοῦ,
2780 859 3045 927 Παρθένε,
3076 860 3174 930 τῆς
3213 860 3410 930 άγνῆς,
3454 859 3601 929 ὑπὲρ
3656 857 3815 925 λόγον
3853 857 3951 909 καὶ

2376 955 2602 1009 ἔννοιαν·
2636 953 2726 1007 διὰ
2769 952 2925 1007 τοῦτό
2958 971 3017 1007 σε
3059 952 3367 1025 συμφώνως
3397 953 3448 1006 οἱ
3492 951 3676 1005 πιστοὶ⁵
3709 949 3947 1021 μακαρί-

2380 1050 2571 1118 ζομεν.

2445 1141 2827 1212 Λυτρωθέντες
2865 1140 2943 1211 τῷ
2974 1139 3120 1210 τόκῳ
3148 1156 3266 1205 σου,
3295 1138 3659 1208 εὐλογημένη,
3682 1135 3782 1205 τῆς
3816 1133 3949 1203 πρὶν

2378 1235 2619 1304 κατάρας
2650 1232 2905 1301 εὐλογίαν
2958 1231 3363 1301 ἀπειλήφαμεν,
3422 1228 3517 1282 καὶ
3561 1226 3706 1299 ζωὴν
3736 1227 3830 1281 καὶ
3858 1224 3950 1277 λύ-

2377 1343 2601 1396 τρωσιν,
2628 1327 2676 1378 οἱ
2705 1327 2764 1379 σὲ
2786 1325 3050 1379 Θεοτόκον
3075 1323 3415 1390 δοξάζοντες,

2482 1519 2571 1565 ινα
2607 1512 2740 1575 Θεὸς
2767 1512 2880 1574 τοῖς
2908 1511 3025 1565 ἄνω
3084 1508 3342 1579 συνάψειε
3398 1508 3525 1570 τοὺς
3550 1505 3953 1577 ὀλισθήσαντας

2383 1604 2747 1673 παραϐάσεως
2784 1604 2863 1667 είς
2906 1604 3049 1673 μέγα
3089 1602 3384 1675 βάραθρον,
3434 1602 3533 1673 τὴν
3582 1600 3681 1671 σὴν
3706 1598 3954 1669 γαστέρα

2383 1697 2587 1769 ᾤκησε,
2625 1697 2995 1769 πανάχραντε,
3024 1702 3118 1749 καὶ
3143 1694 3282 1766 σὰρξ
3325 1694 3714 1766 ἐχρημάτισεν.

788 1872 890 1929 Per
916 1873 1170 1931 virtutem
1205 1875 1355 1939 Jcsu,
1402 1878 1492 1948 qui
1546 1894 1609 1933 ex
1665 1888 1716 1934 te
1769 1880 2084 1934 incarnatus
2116 1888 2219 1945 est,
2250 1894 2282 1933 ο

2456 1882 2610 1938 Μετὰ
2651 1883 2810 1935 τόκον
2870 1878 3090 1952 άληθῶς
3138 1896 3215 1941 ως
3245 1880 3353 1950 πρὸ
3389 1880 3573 1941 τόκου,
3622 1875 3837 1946 Μαρία,
3887 1878 3953 1946 τῇ

713 1966 903 2034 Maria,
943 1970 1291 2038 permansisti
1318 1986 1440 2027 vere
1476 1972 1629 2042 virgo
1661 1983 1782 2042 post
1820 1986 2056 2043 partum,
2090 1987 2282 2042 quem-

713 2059 1005 2113 admodum
1057 2060 1241 2118 fueras
1264 2074 1389 2118 ante
1412 2077 1645 2136 partum.
1668 2067 1713 2122 Ο
1747 2066 2092 2131 miraculum,
2137 2065 2283 2135 (ιιιοά

716 2152 1010 2208 humanam
1043 2156 1201 2209 fidem
1237 2159 1597 2213 transcendit!

802 2247 1083 2303 Excelsior
1108 2252 1261 2307 cmlis
1292 2255 1613 2322 apparuisti,
1646 2270 1679 2307 o
1711 2264 1819 2309 tota
1880 2262 2067 2308 sancta
2122 2261 2286 2321 atque

718 2338 1000 2403 inviolata,
1032 2341 1161 2397 dum
1198 2342 1484 2398 Dominum
1512 2360 1575 2400 ac
1610 2345 1777 2399 Deum
1820 2348 2066 2399 omnium
2124 2358 2285 2412 pepe-

717 2432 859 2497 risti,
888 2448 1047 2501 quem
1072 2433 1315 2503 impense
1339 2447 1504 2504 atque
1529 2436 1689 2490 enixe
1706 2435 1982 2504 deprecari
2010 2450 2075 2489 ne
2103 2448 2286 2488 cesses

718 2539 817 2591 pro
847 2524 1024 2580 salute
1054 2541 1243 2579 eorum
1280 2527 1373 2597 qui
1404 2536 1453 2581 te
1487 2544 1609 2583 cum
1648 2528 1751 2583 fide
1807 2526 2035 2582 ferventi
2078 2525 2287 2596 glorifi-

715 2626 861 2670 rant.

790 2710 936 2765 Vidit
970 2719 1020 2765 te
1044 2711 1317 2776 Ezechiel,
1357 2728 1389 2768 0
1416 2710 1607 2785 Virgo,
1634 2724 1844 2783 portam
1887 2713 2151 2776 clausam,
2184 2727 2282 2782 per

717 2818 883 2870 quam
917 2805 1175 2859 transivit
1213 2804 1397 2871 Jesus,
1452 2808 1543 2876 qui
1582 2808 1845 2861 habitavit
1902 2807 1954 2859 in
2000 2815 2152 2859 utero
2176 2814 2288 2870 tuo,

717 2904 771 2947 et
799 2911 1017 2950 carnem
1071 2900 1280 2966 accepit
1309 2914 1375 2953 ex
1432 2899 1787 2968 sanguinibus
1843 2898 1952 2953 tuis
2007 2898 2125 2954 sine
2181 2898 2289 2951 ulla

722 2988 1080 3058 permistione
1114 2997 1210 3043 aut
1233 2990 1575 3045 confusione.

790 3080 834 3135 0
890 3092 1003 3135 tota
1050 3083 1400 3137 immaculata
1439 3092 1492 3137 et
1547 3091 1720 3147 easta,
1775 3098 1897 3153 qum
1929 3082 2102 3136 lucem
2142 3080 2287 3133 illam

717 3174 957 3229 divinam
996 3177 1252 3246 peperisti
1289 3192 1410 3246 qua:
1456 3193 1520 3231 ex
1558 3177 1716 3230 Patre
1774 3176 2005 3243 refulsit,
2051 3176 2288 3229 animam

2384 1974 2728 2048 δυνάμειτοῧ
2761 1978 2824 2031 ὲκ
2880 1977 2973 2030 σοῦ
3004 1973 3387 2061 σαρκωθὲντος
3447 1970 3646 2042 Ἰησοῦ,
3679 1969 3957 2041 διέμεινας

2387 2072 2654 2143 παρθένος
2676 2072 2866 2134 ὅντως,
2898 2069 3084 2141 θαῦμα
3117 2065 3439 2139 παράδοξον.

2468 2252 2809 2325 ’Υψηλοτέρα
2859 2253 3048 2320 ὤφθης
3100 2251 3371 2321 οὐρανῶν,
3427 2249 3683 2320 κυήσασα
3740 2246 3962 2300 πάντων

2386 2348 2477 2401 τὸν
2502 2348 2778 2418 Δεσπότην
2816 2349 2911 2400 καὶ
2970 2345 3124 2411 Θεὸν,
3148 2346 3207 2399 ὃν
3249 2344 3485 2407 ἐκτενῶς
3531 2341 3962 2396 καθικετεύουσα

2392 2440 2467 2510 μὴ
2511 2438 2717 2509 παύσῃ.
2764 2439 3005 2505 παναγία
3056 2438 3314 2509 ἄχραντε,
3368 2435 3542 2490 σῶσαι
3588 2434 3715 2496 τοὺς
3772 2433 3963 2485 πίστει

2388 2531 2564 2602 θερμῇ
2590 2530 3013 2600 δοξολογοῦντάς
3045 2547 3129 2583 σε.

2475 2712 2738 2783 Ἰεζεκιηλ
2761 2713 2937 2783 πύλην
2990 2710 3181 2782 βλέπει
3222 2708 3641 2779 κεκλεισμένην,
3688 2706 3965 2778 Παρθένε,

2388 2806 2459 2859 δι’
2486 2799 2553 2877 ἧς
2580 2804 2868 2858 διώδευσεν
2923 2802 3133 2871 Ἰησοῦς
3165 2804 3193 2855 ὁ
3222 2801 3509 2871 σκηνώσας
3531 2801 3590 2853 ὲν
3622 2800 3807 2870 μήτρᾳ.
3843 2814 3965 2860 σου,

2391 2900 2485 2953 καὶ
2520 2899 2698 2969 σάρκα
2748 2899 2812 2950 ὲκ
2862 2895 2970 2949 τῶν
3007 2895 3116 2948 σῶν
3145 2893 3394 2965 αἱμάτων
3434 2891 3672 2963 φορέσας
3710 2888 3968 2959 ἀσυγχύ-

2454 3008 2518 3050 ις.

2390 3007 2579 3143 τι,Φῶς
2609 3080 2642 3151 ἡ
2675 3076 2909 3131 τεκοῦσα
2934 3076 2995 3129 τὸ
3027 3074 3191 3140 θεῖον,
3212 3072 3276 3128 τδ
3306 3075 3370 3127 ὲκ
3396 3072 3611 3144 Harpe;
3633 3070 3970 3140 ἀναλάμψαν

2392 3170 2491 3236 τὴν
2522 3169 2900 3223 σκοτισθεῖσάν
2940 3185 3040 3237 μου
3066 3166 3245 3236 ψυχὴν
3273 3167 3393 3228 ταῖς
3422 3164 3660 3225 ἀπάταις
3691 3161 3787 3215 τοῦ
3825 3162 3972 3231 βίου,

720 3280 894 3319 meam
954 3267 1237 3323 erroribus
1276 3269 1400 3321 vita:
1455 3268 1888 3329 obtenebratam.
1960 3276 2014 3321 et
2054 3266 2286 3319 hostium

2398 3264 2492 3318 καὶ
2541 3264 2831 3332 γεγονυῖαν
2885 3260 2991 3313 τῶν
3028 3258 3262 3331 ἐχθρῶν,
3302 3256 3633 3326 πανάμωμε,
3685 3254 3969 3321 παίγνιον,

719 3354 1016 3410 ludibrium
1048 3356 1269 3424 factam,
1294 3360 1575 3421 miserare,
1600 3368 1654 3413 et
1678 3357 1935 3414 salutaris
1955 3357 2290 3429 paenitentia:

723 3451 842 3505 luce
874 3451 1094 3521 dignam
1129 3450 1215 3506 fac
1243 3453 1412 3505 illam.

2397 3357 2767 3426 οίκτείρησον,
2794 3355 2891 3407 καὶ
2921 3351 3061 3421 φωτὶ⁸
3088 3348 3375 3421 μετανοίας
3393 3346 3663 3417 σωτηρίου
3695 3345 3973 3413 καταξίιιι-

2402 3463 2515 3513 σον,
2542 3446 2708 3516 άγνή.

2077 3656 3961 3685 *Μ

1299 3831 1878 3920 ΘΕΟΤΟΚΙΑ
1949 3834 2104 3919 ΕΚ
2175 3829 2393 3917 ΤΗΣ
2468 3824 3383 3917 ΠΑΡΑΚΛΗΤΙΚΗΣ.

1968 4188 2709 4283 THEO'I‘OCIA.’

1772 4385 1860 4445 Ex
1917 4382 2298 4446 Paracletica
2348 4383 2715 4446 Grmcorum
2762 4382 2915 4461 (99).

838 4710 919 4763 Ιίτ
950 4723 1148 4761 canone
1180 4706 1324 4775 feria:
1356 4722 1414 4770 ιι,
1454 4705 1524 4757 ad
1577 4700 1924 4758 Matutinum.
1968 4702 2100 4757 Toni
2125 4699 2188 4758 .I.

801 4887 966 4959 248
983 4886 1216 4941 Ordines
1250 4887 1697 4955 incorporearum
1728 4885 2010 4939 nobiscum
2049 4882 2143 4936 tibi
2168 4897 2301 4936 con-

731 4980 918 5035 cinunt
966 4979 1219 5049 hymnos,
1277 4992 1312 5032 o
1368 4977 1531 5047 Virgo
1568 4975 1821 5030 omnibus
1861 4972 2112 5029 laudibus
2148 4974 2297 5027 cele-

806 5136 919 5206 t99)
954 5136 1115 5190 Liber
1150 5134 1517 5206 Paraclcticus
1552 5132 1635 5200 (ut
1680 5132 1861 5206 inquit
1915 5129 2024 5185 Leo
2073 5129 2305 5206 Al_lat_i_us

733 5210 789 5264 in
809 5200 911 5262 suo
931 5222 1093 5276 opere
1131 5209 1202 5261 De
1222 5206 1371 5258 libris
1398 5200 1773 5276 ecclesiasticis
1803 5200 2155 5276 ercorum.)
2193 5200 2301 5276 dif-

739 5279 841 5334 fert
865 5279 933 5331 ah
962 5270 1085 5332 aliis
1114 5280 1423 5333 Grmcorum
1457 5276 1609 5329 libris
1636 5273 2042 5333 ecclesiasticis,
2066 5270 2211 5341 quod
2247 5270 2301 5323 in

737 5349 861 5407 aliis
899 5358 1049 5403 certa
1095 5361 1221 5404 sunt
1258 5349 1420 5401 certis
1462 5346 1659 5399 diebus
1707 5346 1925 5399 decreta
1976 5343 2174 5404 ollicia.
2213 5357 2304 5395 ca-

739 5434 931 5482 nones,
969 5435 1063 5473 seu
1120 5419 1354 5485 troparia
1405 5432 1527 5485 qua:
1582 5417 1797 5470 recitari
1858 5414 2056 5480 solent,
2104 5413 2305 5482 quibus

741 5490 911 5544 linitis
946 5498 1287 5559 reponuntur
1326 5490 1503 5542 donec
1530 5488 1719 5540 eadem
1752 5496 2001 5559 tempora
2040 5495 2305 5559 remeent,

742 5576 866 5614 cum
894 5552 1109 5613 rursum
1141 5561 1204 5614 ad
1242 5559 1582 5613 recitandum
1617 5557 2028 5625 suscipiuntur;
2065 5564 2121 5607 nt
2150 5552 2308 5625 Trio-

743 5632 891 5688 (lion.
939 5630 1083 5698 quod
1125 5628 1561 5700 Quadragesimm
1613 5624 1881 5700 pratci'pne
1922 5624 2308 5700 ofﬁcioil’eu-

746 5696 1119 5770 tecostaiiurii,
1148 5696 1294 5770 quod
1339 5696 1371 5753 εἰ
1407 5701 1491 5751 die
1528 5696 1966 5770 liciurreCti-inis
2012 5696 2085 5770 ad
2113 5697 2307 5770 Pente-

748 5780 991 5834 costem;
1021 5766 1243 5836 Menam,
1272 5788 1394 5842 qua:
1442 5770 1670 5837 singulis
1705 5769 2020 5822 mensibus:
2056 5766 2307 5842 Paracle—

2309 4570 2373 4588 ο-

2411 4702 2509 4756 Ὲκ
2533 4700 2640 4756 τοῦ
2667 4701 2930 4767 κανόνος
2969 4698 3397 4840 τῇιςὶῗέἕτὶρας
3424 4702 3512 4768 εις
3540 4699 3651 4755 τὸν
3696 4702 3982 4769 Ὄρθρον.

2475 4878 2670 4962 Τάξεις
2696 4878 3005 4949 ἀσωμάτων
3026 4879 3122 4933 σὺν
3144 4880 3276 4949 ἡμῖν
3305 4894 3366 4931 σε
3396 4878 3714 4949 ἀνυμνοῦσι,
3741 4878 3989 4949 Παρθένε

2404 4970 2755 5059 ξττιινύμνητε,⁹
2784 4971 2875 5024 τὸν
2906 4970 3012 5042 γάρ
3049 4971 3421 5041 ἀπερίληπτον
3454 4972 3511 5026 ὲν
3543 4974 3608 5042 σῇ
3636 4974 3839 5045 γαστρὶ
3879 4989 3990 5025 σω·

2411 5127 2603 5184 diebus
2632 5127 2836 5198 aliquid
2869 5128 2922 5181 in
2953 5142 3019 5184 eo
3047 5126 3342 5198 invenitur,
3372 5128 3517 5198 quod
3555 5128 3673 5183 sive
3708 5129 3761 5183 in
3799 5128 3986 5193 Missa.

2413 5200 2529 5254 sive
2575 5200 2627 5253 in
2683 5197 2939 5267 Vesperis
2993 5200 3109 5253 sive
3160 5198 3214 5252 in
3274 5197 3559 5260 Matutino.
3594 5200 3712 5253 sive
3760 5200 3815 5254 in
3866 5202 3989 5257 aliis

2410 5270 2605 5325 olliciis
2635 5270 2918 5324 recitatur.
2944 5267 3177 5335 Quando
3204 5270 3349 5325 enim
3394 5269 3448 5322 in
3481 5270 3603 5325 aliis
3632 5272 3827 5325 oﬂiciis
3865 5286 3989 5338 pro.

2411 5342 2526 5410 pria
2572 5340 2975 5410 desiderantur,
3008 5356 3130 5407 quae
3196 5341 3263 5394 ad
3316 5340 3777 5410 complementum
3829 5340 3990 5397 ofﬁcii

2409 5411 2735 5535 pertineant,
2758 5409 2825 5463 ad
2840 5411 2981 5464 hunc
3007 5410 3173 5464 lector
3197 5410 3511 5464 remittitur.
3531 5409 3758 5475 Dicitur,
3778 5422 3989 5482 utpote,

2459 5481 2805 5535 aracleticus.
2843 5481 3000 5535 quasi
3066 5480 3450 5533 consolatorius
3472 5497 3491 5535 :
3541 5483 3792 5534 videntur
3842 5484 3989 5535 enim

2459 5481 2805 5543 aracleticus,
2843 5481 3000 5550 quasi
3066 5480 3491 5545 consolatoriua;
3541 5483 3792 5534 videntur
3842 5480 3989 5537 enim

2413 5553 2616 5615 omnia,
2654 5566 2775 5620 qua:
2816 5551 2960 5604 ineo
3015 5562 3163 5613 sunt,
3210 5567 3277 5606 eo
3330 5553 3564 5605 maxime
3616 5562 3866 5620 spectare
3933 5564 3993 5605 ut

2414 5622 3147 5694 peccatorerncensolentur,
3181 5622 3486 5694 hortentur,
3515 5631 3571 5694 et
3594 5624 3751 5694 quasi
3776 5624 3826 5676 vi
3856 5638 3993 5693 qua-

2415 5692 2538 5749 dam
2564 5693 2891 5761 compellant
2918 5698 2975 5745 ut
3003 5692 3069 5746 de
3093 5692 3405 5763 commissis
3430 5693 3803 5762 pmnitcntiam
3840 5704 3989 5763 agat,

2416 5776 2466 5819 et
2508 5763 2699 5827 Deum,
2733 5778 2892 5830 quem
2921 5762 3198 5831 peccando
3229 5762 3550 5832 oﬂ‘enderat,
3583 5762 3907 5832 paenitentia
3941 5777 3993 5819 et

750 5843 892 5903 ticus
938 5831 1148 5899 tantum
1213 5831 1422 5912 semper
1463 5831 1573 5910 pri:
1623 5855 1784 5895 inanu
1823 5848 1927 5904 est,
1962 5847 2013 5893 et
2056 5836 2312 5892 omnibus
2420 5835 2675 5907 precibus
2725 5834 2827 5889 sibi
2870 5834 3160 5904 propitium
3214 5834 3421 5888 reddat.
3453 5831 3596 5889 llinc’
3627 5835 3793 5889 modo
3825 5850 3991 5906 augeo
