4180 6450
724 368 858 431 1279

1850 375 1912 436 S.
1952 375 2263 436 JOSEPHI
2302 374 2864 436 HYMNOGRAPHI

3818 370 3959 435 1380

784 480 1005 536 Natura:
1035 479 1177 548 leges
1199 479 1253 535 in
1282 488 1334 535 te
1360 479 1719 537 iunovantur:
1751 497 1876 536 nam
1913 482 2279 553 legislaturem

2457 482 2632 550 Νόμοι
2671 484 2728 536 ὲν
2755 481 2838 534 σοὶ
2873 482 3088 549 φύσεως
3126 479 3479 544 καινεζονται.
3527 480 3632 534 Τὸν
3672 482 3969 554 νομοδότην

713 574 1018 636 Christum,
1053 572 1261 643 legibus
1310 573 1620 627 carnalibus
1666 574 1889 630 minime
1920 576 2154 629 obnoxia
2191 592 2255 644 pe

724 666 928 737 periSti,
960 681 994 719 o
1022 665 1470 719 innocentissima
1502 665 1580 735 (4)
1615 685 1627 720 :
1660 666 1836 732 illum,
1896 669 2143 736 inquam,
2189 668 2282 736 qui

725 756 1107 827 redemptionis
1140 756 1283 825 leges
1316 757 1768 813 sancitomnibus
1800 758 1888 823 iis,
1912 758 2006 828 qui
2032 768 2236 813 canunt
2268 776 2284 814 :

718 846 1032 904 Laudabilis
1063 857 1118 902 et
1139 848 1603 920 supergloriosus,
1638 849 1784 906 Deus
1820 860 2035 921 patrum
2068 861 2287 907 nostro-

724 958 864 1004 rum,
893 949 998 995 etc.

784 1035 963 1090 Sacrae
1010 1036 1394 1106 prophetarmn
1446 1052 1609 1094 voces
1657 1039 1832 1092 multo
1872 1049 2000 1094 ante
2042 1048 2289 1110 tempore

725 1129 1225 1197 prmnuntiaverunt
1251 1139 1303 1184 te
1338 1128 1580 1184 futuram
1631 1146 1753 1186 esse
1785 1130 2011 1185 Matrem
2045 1131 2159 1198 Dei,
2191 1131 2284 1201 qui

722 1219 973 1273 universa
1007 1220 1237 1285 creavit,
1268 1220 1358 1275 cui
1395 1220 1667 1285 canimus,
1706 1234 1740 1273 o
1770 1220 2122 1275 immaculata
2149 1222 2226 1292 (5)
2272 1240 2285 1276 :

726 1311 1050 1373 lieuedicite,
1075 1322 1179 1368 etc.

791 1402 943 1457 lllum
974 1403 1107 1468 fers,
1130 1406 1223 1474 qui
1255 1404 1358 1461 fert
1384 1408 1639 1462 universa
1676 1408 1884 1462 :-illum
1920 1406 2055 1462 lacte
2087 1416 2287 1476 nutris,

726 1495 815 1557 qui
858 1497 1073 1551 cunctis
1119 1499 1300 1552 cibum
1351 1500 1707 1569 suppeditat:
1743 1516 1997 1569 magnum
2058 1513 2287 1556 tremen-

720 1588 962 1658 tlumque
994 1592 1333 1660 mySIerium,
1373 1592 1520 1661 quod
1562 1593 1892 1648 intellectum
1942 1604 2096 1647 tuum
2127 1609 2288 1649 exce-

722 1680 823 1744 dit,
856 1663 889 1737 6
920 1697 1048 1736 arca
1080 1685 1405 1739 veneranda:
1439 1685 1908 1750 sanctiﬁcationis,
1958 1684 2125 1755 Virgo
2166 1685 2291 1740 Dei-

726 1789 854 1842 para
888 1792 902 1829 :
935 1776 1292 1845 quamobrem
1318 1785 1368 1830 te
1399 1792 1522 1831 cum
1550 1775 1652 1832 ﬁde
1685 1777 1897 1832 beatam
1932 1778 2266 1846 appellamus

975 1885 1055 1940 Ea:
1082 1903 1277 1941 canone
1305 1888 1451 1956 feria:
1475 1903 1557 1955 III,
1589 1888 1658 1941 ad
1698 1887 2046 1942 Matutinum.

795 2048 1082 2120 Tanquam
1126 2049 1357 2105 thronus
1389 2051 1581 2119 igneus
1629 2049 1738 2105 fers
1778 2050 2093 2105 Creatorem
2128 2066 2141 2102 :
2179 2057 2296 2103 tan-

732 2158 899 2211 quam
933 2143 1209 2196 animatus
1260 2143 1557 2205 thalamus,
1607 2159 1669 2197 ac
1697 2143 1997 2211 jucundum
2036 2142 2295 2212 palatium

730 2233 930 2304 Regem
993 2235 1247 2288 contines
1294 2234 1495 2287 factum
1544 2235 1773 2287 similent
1827 2234 2005 2300 nobis,
2050 2234 2141 2289 sed
2180 2233 2299 2288 sine

729 2328 1033 2381 mutatione
1086 2336 1180 2381 aut
1219 2326 1625 2396 perturbatione
1643 2327 1725 2381 sui
1765 2327 1961 2395 ipsius.

791 2417 837 2472 Ο
866 2417 1215 2473 sanctissima
1248 2418 1495 2481 Domina,
1516 2432 1635 2484 qu:P
1658 2418 1771 2472 sola
1801 2416 1993 2470 Filium
2026 2426 2297 2471 carentem

731 2520 973 2579 tempore
1002 2510 1053 2563 in
1099 2517 1343 2578 tempore
1376 2511 1715 2563 incarnatum
1768 2509 2044 2579 peperisti,
2084 2509 2301 2563 medere

730 2600 986 2653 omnibus
1027 2600 1371 2667 passionibus
1433 2600 1756 2653 miserrima:
1807 2600 2002 2653 animm
2063 2616 2194 2654 mea:
2236 2615 2302 2654 ex

732 2694 993 2745 diuturno
1025 2703 1265 2762 tempore
1286 2693 1605 2747 Contractis.

799 2784 953 2838 illum
992 2786 1155 2853 paris,
1193 2801 1352 2854 quem
1386 2786 1543 2841 Pater
1576 2788 1765 2856 genuit
1815 2795 1940 2841 ante
1978 2786 2162 2842 omnia
2197 2802 2302 2841 sae-

736 2877 857 2931 cula
892 2895 904 2930 :
933 2876 1109 2931 nutris
1142 2881 1458 2933 nntritorem
1484 2918 1498 2943 ,
1540 2880 1687 2933 nulla
1727 2880 1897 2934 virilis
1916 2882 2123 2950 copulae
2162 2880 2303 2934 facta

733 2970 1089 3038 experientia.
1150 2971 1470 3025 Miraculum
1531 2972 1897 3041 paradoxum!
1981 2974 2302 3043 mysterium

734 3063 973 3122 novum!
1011 3070 1297 3133 propterea
1330 3080 1522 3119 omnes
1582 3065 1821 3120 ﬁdelium
1870 3065 2065 3119 anima:
2100 3078 2151 3120 te
2184 3066 2303 3137 sle-

733 3155 967 3218 riﬁcant,
999 3172 1031 3209 ο
1065 3154 1173 3210 Deo
1203 3157 1544 3211 charissima.

796 3245 991 3300 Totum
1036 3248 1227 3310 Adam,
1253 3258 1511 3315 tanquam
1564 3256 1788 3313 vestem,
1830 3250 2130 3319 assumpsit
2174 3245 2379 3337 Ver-‘1

737 3340 886 3403 bum,
946 3355 1009 3394 ex
1044 3349 1116 3403 te,
1147 3357 1179 3393 ο
1212 3340 1460 3411 Deipara,
1494 3350 1664 3394 totqu
1695 3356 1860 3395 carne
1893 3344 2153 3397 amictum
2187 3360 2305 3411 pro-

735 3434 953 3488 cedens.
990 3432 1172 3504 Ipsum
1195 3451 1343 3502 ergo,
1378 3450 1411 3488 o
1451 3433 1700 3503 Deipara,
1758 3435 2074 3505 suppliciter
2113 3452 2302 3501 exora,

736 3537 796 3579 ut
828 3526 896 3580 ab
924 3512 1073 3580 omni
1107 3528 1468 3582 tentationum
1518 3542 1713 3596 genere
1745 3535 1799 3581 et
1827 3528 1895 3581 ab
1933 3527 2051 3597 igne
2103 3539 2306 3584 aeterno

741 3632 842 3671 nos
869 3618 1085 3686 eripiat.

809 3706 971 3777 250
1000 3709 1232 3779 Stupcre
1258 3711 1524 3781 perculsa:
1539 3721 1721 3768 mente
1751 3721 2107 3769 excesserunt
2135 3728 2304 3785 ange-

739 3798 918 3853 lorum
991 3801 1254 3871 legiones,
1309 3803 1583 3859 intuentes
1633 3804 1909 3874 quomodo
1949 3804 2038 3859 ille
2087 3804 2180 3873 qui
2224 3812 2308 3858 est

739 3891 1049 3958 invisibilis,
1086 3893 1137 3948 in
1180 3894 1416 3949 humana
1453 3895 1626 3951 forma
1674 3912 1740 3951 ex
1772 3907 1823 3951 te
1853 3907 2134 3967 assumpta
2169 3896 2305 3952 visi-

742 3984 866 4039 bilis
900 3994 1229 4054 appareret:
1285 4001 1445 4054 quem
1496 3996 1575 4049 tu,
1620 4002 1653 4039 ο
1690 3985 1853 4058 Virgo
1888 3987 1981 4041 Dei
2029 3986 2303 4052 Genitrix,

740 4078 967 4145 supplex
998 4092 1241 4146 precare,
1284 4086 1341 4131 ut
1369 4093 1559 4134 omnes
1611 4081 1704 4149 qui
1757 4091 1809 4135 te
1852 4079 2081 4135 ﬁdeliter
2102 4080 2306 4151 gloriﬁ-

740 4177 869 4223 cant
899 4169 1076 4225 salute
1110 4170 1305 4239 dignos
1335 4170 1550 4226 efﬁciat.

810 4262 1095 4332 Templum
1128 4263 1528 4318 sanctilicatum
1559 4262 1673 4329 Dei,
1706 4264 1796 4335 qui
1830 4265 1883 4319 in
1921 4272 1972 4320 te
2014 4264 2302 4331 habitavit,

742 4354 907 4408 modo
940 4354 1220 4419 ineffabili,
1254 4353 1395 4409 facta
1426 4371 1505 4420 es,
1530 4372 1563 4409 o
1589 4354 1770 4426 Virgo.
1804 4354 2068 4411 Eumdem
2116 4357 2307 4427 depre-

739 4463 888 4512 care,
920 4458 979 4503 ut
1012 4463 1115 4503 nos
1154 4464 1185 4503 a
1230 4459 1579 4517 peccatorum
1617 4450 1872 4505 sordibus
1922 4449 2203 4515 emundet,
2252 4457 2309 4502 ut

2392 574 2498 643 γὰρ
2532 574 2764 644 Χριστὸν
2780 573 2901 643 δίχα
2926 573 3106 644 νόμων
3134 573 3243 626 τῶν
3262 572 3543 642 σαρκικῶν
3571 572 3794 637 τίκτεις,
3827 592 3967 627 παν-

2393 664 2683 735 αμὼμητε,
2734 668 2898 719 πᾶσιν
2953 666 3331 735 ἀπολύτρωσιν
3390 664 3784 734 νομοθετοῦντα
3855 669 3969 729 τοῖς

2397 758 2692 827 μέλπουσιν
2713 774 2726 788 ·
2762 759 2820 813 '0
2846 759 3056 823 αἰνετός
3088 758 3197 811 τῶν
3224 757 3477 828 πατέρων
3513 756 3645 821 Θεὸς
3667 758 3763 812 καὶ
3796 758 3968 828 ὕπερ-

2395 847 2623 912 ἔνδοξος.

2477 1028 2643 1099 ἰεραὶ
2669 1047 2729 1082 σε
2758 1027 3043 1100 πόρρωθεν
3078 1029 3250 1098 φωναὶ
3281 1029 3605 1100 γενήσεσθαι
3633 1031 3845 1103 μητέρα
3872 1032 3967 1086 τοῦ

2398 1118 2577 1174 πάντα
2626 1119 3011 1189 έκτειναμένου
3050 1118 3528 1189 προκατήγγειλαν
3570 1118 3732 1187 Θεοῦ,
3761 1113 3807 1189 ᾧ
3839 1120 3971 1190 μέλ⁸

2396 1228 2591 1282 πομεν,
2622 1212 2894 1283 ἄχραντεο
2929 1210 3290 1278 Εὑλογεῖτε...

2464 1397 2657 1468 Φέρεις
2690 1396 2781 1451 τὸν
2828 1395 2897 1449 τὰ
2944 1396 3121 1450 πάντα
3159 1395 3393 1467 φέροντα
3430 1395 3526 1450 καὶ
3558 1395 3847 1466 γαλουχεῖς
3880 1397 3971 1450 τὸν

2397 1491 2532 1543 πᾶσι
2564 1489 2771 1559 τροφὴν
2798 1488 3129 1559 παρέχοντα,
3169 1488 3314 1557 μέγα
3352 1489 3445 1541 καὶ
3473 1488 3701 1557 φρικτὸν
3733 1490 3795 1542 τὸ
3826 1490 3969 1560 ὑπὲρ

2396 1580 2521 1634 νοῦν
2551 1598 2645 1633 σου
2680 1581 3000 1651 μυστήριον,
3034 1580 3233 1633 κιϐωτὲ
3258 1580 3351 1634 τοῦ
3380 1580 3581 1635 σεπτοῦ
3604 1583 3971 1653 ἁγιάσματος,

2398 1672 2635 1743 Παρθένε
2662 1672 2913 1739 Θεοτόκε,
2933 1673 3057 1728 ὅθεν
3085 1690 3143 1726 σε
3170 1673 3353 1726 πίστει
3380 1674 3781 1746 μακαρίζομεν.

2325 1858 2366 1912 Β
2409 1879 2504 1940 Ἐκ
2552 1877 2657 1931 τοῦ
2711 1876 2930 1933 διπλοῦ
2993 1877 3250 1943 κανόνος
3307 1876 3415 1945 τῆς
3464 1876 3667 1947 τρίτης
3715 1880 3805 1943 εις
3864 1879 3972 1933 τόν

3034 1949 3306 2019 Ὅρθρον.

2476 2043 2565 2104 Ὠς
2599 2041 2786 2113 θρόνος
2813 2029 3156 2112 πυριμὸρφος
3202 2042 3397 2111 φέρεις
3452 2041 3545 2095 τὸν
3593 2042 3855 2110 κτίστην,
3900 2041 3975 2103 ὡς

2401 2131 2644 2202 ἔμψυχος
2676 2130 2917 2200 θάλαμος
2946 2129 3043 2183 καὶ
3084 2131 3314 2200 τερπνὸν
3340 2131 3599 2198 παλάτδον
3632 2133 3722 2184 τὸν
3750 2131 3974 2202 βασιλέα

2400 2227 2622 2295 χωρεῖς,
2681 2224 2973 2295 γενόμενον
3028 2224 3162 2294 ὅπερ
3201 2224 3387 2294 ἐσμὲν,
3443 2224 3565 2296 δίχα
3615 2224 3827 2295 τροπῆς
3880 2223 3977 2277 καὶ

2402 2314 2645 2384 φορμοῦ.

2493 2405 2557 2457 Ἡ
2607 2405 2740 2475 μόνη
2798 2402 2890 2456 τὸν
2941 2402 3169 2473 ἄχρονον
3224 2403 3353 2456 Υἱδν
3406 2406 3463 2457 έν
3506 2405 3683 2475 χρόνῳ
3738 2405 3977 2459 τεκοῦσα

2405 2495 2797 2565 σαρκούμενον,
2837 2495 3078 2560 παναγία
3111 2496 3401 2557 Δέσποινα,
3444 2496 3621 2549 πάντα
3665 2497 3736 2549 τὰ
3777 2502 3971 2567 χρόνια

2402 2592 2502 2662 τῆς
2530 2588 2830 2651 παναθλίας
2858 2605 2959 2659 μου
2984 2587 3162 2658 ψυχῆς
3193 2586 3342 2658 πάθη
3378 2588 3737 2659 Θεράπευσον.

2476 2778 2695 2840 Τίκτεις
2728 2776 2786 2829 ὃν
2820 2775 3011 2846 Πατὴρ
3048 2776 3307 2845 ἐγέννησε
3342 2775 3562 2828 πάντων
3601 2776 3706 2845 πρὸ
3741 2777 3977 2840 αἰώνων,

2403 2870 2622 2942 τρέφεις
2650 2871 2741 2923 τὸν
2765 2869 2992 2939 τροφέα,
3026 2871 3219 2939 πεῖραν
3253 2868 3442 2940 ἀνδρὸς
3478 2868 3552 2939 μὴ
3590 2868 3817 2936 γνοῦσα.
3874 2886 3983 2923 suo

2408 2964 2627 3034 ράδοξον
2662 2962 2724 3016 τὸ
2769 2962 2976 3033 Θαῦμα,
3024 2961 3213 3015 καινὸν
3252 2960 3312 3013 τὸ
3364 2961 3685 3031 μυστήριον,
3728 2960 3982 3033 Θεοχαρί-

2406 3073 2541 3109 τωτε
2571 3072 2585 3087 ο
2612 3056 2693 3109 διδ
2716 3057 2867 3109 πᾶσα
2902 3055 3107 3108 πιστῶν
3126 3054 3271 3123 ψυχὴ
3300 3052 3513 3121 δοξάζει
3541 3070 3620 3108 σε.

2482 3244 2643 3297 Ὄλον
2674 3244 2766 3297 τδν
2810 3243 2983 3312 Ἀδὰμ
3015 3242 3276 3314 ὲφόρεσεν
3313 3245 3375 3296 ἐκ
3415 3240 3534 3307 σοῦ,
3574 3241 3829 3305 Θεοτόκε,
3862 3243 3981 3307 ὅλος

2410 3335 2751 3405 σαρκοφόρος
2786 3333 3066 3405 προελθὼν
3097 3334 3126 3385 ὁ
3154 3332 3358 3399 Λόγος·
3390 3331 3552 3383 αὑτὸν
3582 3331 3696 3396 οὖν,
3728 3331 3984 3393 Θεοτὸκε.

2408 3426 2647 3478 δυσώπει
2694 3425 2788 3478 τοῦ
2820 3424 3085 3496 ῥύσασθαι
3125 3426 3193 3478 ὲκ
3241 3423 3563 3493 πειρασμῶν
3597 3424 3988 3489 παντοδαπῶν,

2409 3518 2501 3571 καὶ
2528 3517 2622 3571 τοῦ
2658 3517 2829 3589 πυρὸς
2858 3516 2955 3570 τοῦ
2982 3515 3345 3579 αἱωνίζοντος.

2492 3704 2822 3775 Ἐξέστησαν
2878 3704 3084 3775 ὁρῶσαι
3139 3705 3389 3773 ἀγγέλων
3455 3705 3732 3773 στρατιαὶ,
3789 3703 3909 3763 πῶς
3960 3703 3988 3755 ὁ

2410 3796 2723 3866 ἀθεώρητος
2775 3800 2956 3867 μορφῇ
3016 3800 3081 3866 τῇ
3110 3797 3233 3850 καθ’
3295 3798 3446 3867 ἡμᾶς
3501 3798 3565 3850 ἐκ
3622 3796 3715 3849 σοῦ
3770 3795 3985 3867 ὼράθη,

2411 3890 2654 3960 Παρθένε
2678 3890 3010 3960 Θεοκυῆτορ·
3044 3889 3104 3942 ὃν
3123 3889 3425 3943 ὲκδυσώπει
3453 3890 3727 3960 σωτηρίας
3753 3887 3988 3953 ἀξιιῖισαι

2412 3982 2621 4047 πάντας
2658 3984 2783 4046 τοὺς
2813 3982 3023 4046 πιστῶς
3050 3999 3109 4036 σε
3135 3981 3478 4047 δοξάζοντας.

2483 4263 2629 4325 Ναδς
2665 4258 2995 4331 ἡγιασμένος
3036 4256 3282 4327 ἐδείχθης
3331 4255 3427 4311 τοῦ
3478 4254 3614 4310 Θεοῦ
3649 4255 3745 4309 τοῦ
3796 4256 3856 4309 ἐν
3903 4259 3989 4312 σοὶ

2410 4348 2753 4424 οἰκήσαντος,
2809 4351 3078 4421 Παρθένε,
3136 4350 3279 4421 ὑπὲρ
3337 4348 3483 4403 νοῦν
3542 4348 3705 4403 αὐτὸν
3745 4348 3989 4405 δυσὼπει

2414 4446 2697 4518 ἁμαρτιῶν
2754 4444 2903 4514 ἡμᾶς
2969 4442 3144 4512 ῥύπου
3197 4440 3575 4513 ἁποκαθᾶραι,
3632 4442 3781 4506 ὅπως
3839 4438 3991 4507 οἶκος

735 4542 936 4597 domus
965 4551 1019 4597 et
1046 4541 1417 4598 habitaculum
1474 4543 1715 4613 Spiritus
1758 4544 1930 4598 sancti
1977 4558 2096 4598 esse
2130 4558 2303 4613 agno-

2411 4537 2805 4610 γνωρισθῶμεν
2834 4536 2927 4589 καὶ
2948 4535 3369 4606 κατοικητήριον
3398 4532 3738 4603 Πνεύματος.

738 4651 979 4691 scamur.

811 4726 990 4782 Unum
1025 4724 1315 4784 Trinitatis
1350 4728 1670 4783 veneranda:
1718 4728 1769 4782 in
1812 4727 2026 4782 duabus
2060 4728 2310 4782 volunta-

738 4819 887 4874 tibus
920 4825 1082 4874 unam
1135 4821 1452 4891 hypostasin
1509 4822 1796 4876 habentem
1856 4820 2137 4891 peperisti,
2168 4836 2202 4876 ο
2236 4821 2305 4874 ab

739 4912 886 4966 omni
927 4914 1139 4967 macula
1170 4914 1431 4969 immunis
1457 4914 1532 4986 (6)
1587 4932 1599 4968 :
1653 4930 1814 4983 quem
1863 4916 2024 4970 enixe
2079 4928 2307 4984 precare

738 5020 839 5075 pro
871 5007 1117 5060 onmium
1156 5016 1407 5062 nostrum
1440 5008 1642 5062 salute.
1746 5074 1750 5077 γ

811 5124 889 5195 (4)
920 5124 1143 5195 Optime
1158 5124 1528 5181 Bernardinus
1559 5126 1626 5180 de
1660 5126 1828 5181 Busto
1864 5125 1916 5179 in
1964 5140 2065 5180 suo
2097 5123 2306 5179 Μαι-ἰαΙί

740 5194 907 5251 serm.
931 5195 986 5259 9,
1015 5195 1082 5249 de
1118 5194 1485 5265 Conceptinne
1533 5206 1792 5263 partem,
1831 5214 1848 5245 ι
1886 5196 2055 5258 Sicut,
2104 5196 2307 5264 inquit,

741 5267 880 5334 ignis
896 5282 1173 5334 nunquam
1207 5266 1304 5320 fuit
1338 5266 1455 5320 sine
1486 5268 1686 5331 calore,
1712 5280 1809 5320 nec
1842 5282 1981 5335 aqua
2012 5265 2307 5335 aliquando

746 5338 846 5391 fuit
895 5340 1010 5391 sine
1068 5337 1327 5400 humore,
1362 5336 1434 5390 ita
1490 5337 1545 5390 Β.
1584 5335 1673 5389 Dei
1733 5336 1977 5391 Genitrix
2030 5351 2305 5405 nunquam

745 5408 847 5463 fuit
877 5408 1345 5478 sineinuom-ntia_._
1366 5425 1383 5456 ι
1414 5407 1502 5461 Sic
1526 5408 1629 5463 ille.
1652 5406 1715 5459 Et
1738 5408 1931 5462 merito
1954 5408 2167 5478 quidem
2182 5422 2305 5478 cum

747 5480 1055 5533 innocentia
1111 5479 1181 5532 sit
1212 5475 1268 5529 Β.
1304 5476 1560 5545 Virginis,
1592 5486 1859 5547 quatenus
1914 5475 2027 5533 hzrc
2074 5485 2153 5531 est
2214 5476 2307 5547 Dei

748 5549 939 5612 Mater,
966 5551 1208 5616 quaedam
1247 5550 1547 5617 proprietas
1576 5546 1630 5604 et
1654 5547 1847 5609 forma,
1874 5558 1930 5602 ut
1964 5550 2016 5615 in
2048 5564 2143 5617 sua
2180 5546 2312 5602 Um-

751 5622 846 5675 bra
873 5621 1102 5691 virginea
1146 5634 1200 5672 n.
1230 5616 1359 5691 2L5,
1398 5620 1651 5691 observat
1686 5618 1754 5691 _P.
1792 5620 2044 5691 Alnysius
2090 5616 2317 5672 Novari-

752 5708 875 5745 uus.
910 5689 1041 5743 Jure
1081 5690 1304 5756 proinde
1335 5690 1393 5743 Β.
1432 5688 1591 5759 Virgo
1623 5706 1651 5744 a
1681 5688 1919 5759 Jusepbo
1965 5699 2148 5743 nostro
2193 5701 2316 5743 tun—

754 5777 915 5829 quam
974 5761 1415 5817 innocentissima
1443 5762 1790 5831 agnoscitur,
1824 5770 1880 5818 et
1932 5762 2198 5818 salutatur
2232 5759 2317 5816 :0

757 5831 1226 5888 innocentissima.

2501 4723 2589 4776 Ἐν
2631 4721 2724 4776 δύο
2777 4723 2898 4781 ταῖς
2930 4720 3186 4791 θελήσεσι
3223 4720 3320 4773 ἕνα
3360 4718 3460 4789 τῆς
3513 4722 3719 4791 σεπτῆς
3760 4719 3993 4785 τέτοκας

2413 4816 2668 4886 Τριάδος,
2708 4815 3080 4885 πανάχραντε,
3108 4813 3343 4883 φέροντα
3373 4811 3504 4881 μίαν
3534 4812 3632 4882 τὴν
3663 4812 3991 4881 ὑπόστασιν,

2414 4910 2473 4965 ὂν
2496 4910 2728 4973 ἐκτενῶς
2756 4907 2995 4963 δυσὼπει
3028 4906 3233 4971 πάντας
3268 4906 3417 4976 ἡμᾶς
3452 4905 3714 4976 σωθῆναι.

2488 5121 2565 5193 (5)
2593 5120 2698 5193 Per
2735 5117 3209 5193 praeservationem
3239 5115 3539 5193 praesertim
3574 5130 3602 5169 a
3637 5116 3851 5193 macula
3877 5116 3996 5193 pri-

2414 5186 2611 5276 pinati.
2649 5186 3129 5276 [indeuhiarsilit‘t‘s
3156 5187 3377 5276 doctor
3421 5187 3587 5276 ἧρξεν-
3630 5186 3997 5276 εξιιοξαεξιιξοξ

2414 5255 2736 5334 insignisju
2775 5259 2930 5334 _libr.
2963 5276 3002 5334 ιι
3066 5259 3401 5334 S_entent:__q.
3428 5256 3530 5334 20.
3563 5256 3702 5334 at},
3738 5255 3816 5308 ait
3855 5258 3997 5310 inter

2414 5325 2565 5388 alia':
2601 5352 2617 5382 ι
2651 5330 2819 5396 Magis
2851 5330 3033 5383 decuit
3081 5328 3245 5381 Deum
3296 5327 3569 5397 Virginem
3602 5325 3827 5379 Matrem
3852 5342 3996 5395 pne-

2414 5420 2631 5459 servare
2662 5418 2690 5454 a
2728 5400 2942 5454 macula
2990 5399 3206 5461 mentis,
3243 5413 3404 5466 quam
3433 5413 3462 5450 a
3504 5398 3693 5450 dolore
3722 5399 3997 5464 corporis.

2416 5475 2569 5529 Patet
2599 5492 2611 5527 :
2640 5472 2766 5541 quia
2797 5470 2975 5524 anima
3009 5470 3243 5522 hominis
3266 5478 3347 5541 est
3370 5467 3714 5541 praestantiqr
3740 5482 3997 5541 cqrpqna;

2418 5546 2569 5605 item,
2602 5533 2728 5613 quia
2769 5541 2955 5613 anima
2979 5550 3063 5593 est
3095 5533 3405 5613 expressior
3440 5533 3951 5613 imago_Trinit'ati-s
3981 5556 3995 5592 :

2424 5617 2547 5670 item
2572 5657 2587 5679 ,
2618 5607 2745 5683 quia
2784 5612 2995 5683 macula
3031 5611 3232 5683 mentis
3261 5611 3380 5664 sine
3400 5607 3753 5679 proportione
3780 5610 4001 5678 gravior

2423 5694 2504 5743 est
2530 5680 2718 5739 dolore
2740 5682 2942 5737 carnis.
2976 5699 2993 5731 ι
3024 5681 3115 5734 Sic
3152 5680 3263 5733 ille.

2499 5757 2574 5839 (6)
2612 5752 2818 5839 Hebraei
2880 5754 2981 5806 hoc
3028 5751 3283 5839 religiose
3313 5757 3625 5812 servanant,
3661 5758 3721 5829 ut_
3752 5746 3998 5839 Thephi-

2428 5819 2521 5885 lini
2555 5819 2609 5882 in
2646 5824 2959 5882 membrana
3016 5819 3367 5889 scriberetur,
3400 5834 3522 5890 qua:
3576 5819 3724 5875 omni
3784 5820 3997 5875 macula
