4180 6450
241 401 377 466 1281

1604 410 1967 472 MARIALE.

3331 420 3468 488 1282

310 519 637 573 Βασίλισσαν
703 520 984 591 Παρθένον
1066 538 1125 574 σε
1193 538 1452 592 κηρυττει
1514 523 1543 575 ὁ
1620 524 1805 589 Δασιδ,
1835 534 1879 588 Α

1835 534 1879 588 Α
1986 527 2244 600 Reginam
2276 530 2555 603 Virginem
2578 534 2834 604 praedicat
2860 542 2911 590 te
2929 533 3118 604 David,
3142 552 3176 591 ο
3198 537 3468 598 immacu-

233 613 467 681 ἄχραντε
495 611 668 681 ἁγνή·
708 613 789 667 διὸ
836 614 1063 667 ἱκετεύω
1110 630 1194 679 σε,
1238 616 1336 685 τῆς
1366 615 1620 685 οὐρανίου
1652 616 1808 685 βασι-

234 702 385 768 λείας
429 720 497 774 με
542 705 768 776 ποίησον
824 705 1186 778 κληρονόμον,
1238 706 1326 762 ἵνα
1380 724 1439 761 σε
1496 707 1805 781 μακαρίζω.

318 887 687 961 Ἀγιάσματος
742 893 916 964 σκηνὴ
973 893 1312 965 δεδειγμένη,
1377 897 1588 966 Μαρία,
1645 915 1805 968 μιαν-

233 986 419 1040 Osismi
457 989 670 1059 ἡδοναῖς
719 990 816 1063 τὴν
847 990 1039 1046 ἀθλίαν
1076 1010 1178 1062 μου
1220 994 1396 1066 ψυχὴν
1432 995 1680 1063 ἁγίασον,
1714 998 1805 1051 καὶ

231 1080 389 1144 θείας
412 1082 571 1151 δόξης
605 1083 833 1154 μέτοχον
864 1085 1111 1155 ποίησον.

304 1265 416 1336 Τὴν
450 1264 675 1337 Μητέρα
706 1265 800 1320 τοῦ
840 1266 977 1322 Θεοῦ
1018 1270 1113 1323 καὶ
1144 1270 1315 1343 καλὴν
1335 1273 1394 1325 ἐν
1428 1272 1641 1341 γυναιξὶ
1674 1275 1802 1329 δυσ-

230 1357 368 1411 ωπῶ
430 1376 489 1411 σε
554 1360 808 1424 ἐκτενῶς,
873 1362 947 1430 μὴ
1022 1364 1255 1435 παρίδῃς
1313 1383 1403 1436 με,
1470 1368 1632 1439 ἁγνὴ,
1682 1369 1800 1423 ἀλλ’

228 1449 520 1519 οἶκτειρον,
543 1451 638 1503 καὶ
666 1452 845 1522 πάσης
878 1452 1081 1522 gnatam
1115 1455 1249 1508 σῶον
1275 1459 1631 1529 συντήρησον.

316 1630 409 1686 Ἐκ
443 1632 645 1699 γενεῶν
680 1634 869 1688 πασῶν
902 1653 960 1689 σε
990 1638 1018 1689 ὁ
1043 1638 1295 1707 Χριστὸς,
1326 1639 1669 1711 πανύμνητε,
1704 1643 1800 1713 μό-

227 1740 329 1792 νην
346 1724 636 1794 ᾑρετίσατο
656 1724 822 1794 αὐτῷ,
844 1720 931 1779 οἷα
954 1744 1013 1779 σε
1022 1728 1270 1798 μνὴνααὶ
1284 1728 1550 1799 καθαρὰν,
1573 1733 1652 1794 είς
1671 1749 1798 1786 κατ-

225 1817 428 1881 οικὶαν,
459 1818 552 1870 καὶ
599 1819 663 1871 ἐκ
714 1819 807 1872 σοῦ
851 1820 926 1883 ὡς
981 1820 1132 1891 ἥλιος
1164 1820 1507 1888 ὲξανατείλας
1552 1826 1649 1878 τὴν
1692 1825 1797 1897 γῆν

225 1911 411 1963 πᾶσαν
455 1908 738 1977 ἐφώτισεν.

308 2001 630 2072 Ἰκετηρίαν,
666 2002 924 2072 ἄχραντε,
971 2004 1091 2074 Θεῷ
1122 2006 1463 2077 προσάγαγε,
1505 2010 1651 2073 ὅπως
1683 2029 1790 2065 πα-

226 2093 567 2165 ραὸλέψηται
603 2093 758 2165 ἡμῶν
794 2097 859 2149 τά
892 2098 1228 2168 πταίσματα,
1269 2101 1362 2153 καὶ
1392 2102 1491 2165 τὰς
1522 2105 1793 2175 ἀμέτρους

224 2185 696 2255 ἀμαρτίας.,καὶ
752 2187 1148 2253 διαιωνίξοντος
1222 2190 1585 2263 ἐλευθερῶσαι
1645 2197 1792 2267 ἡμᾶς

222 2278 397 2349 πυρὸς
431 2278 745 2343 κολάζοντος
756 2319 769 2333 .

308 2369 397 2432 Ὠς
431 2370 615 2440 κρίνον
638 2371 907 2425 κοιλάδεσι
933 2371 1027 2426 τοῦ
1049 2372 1163 2443 βίου
1188 2375 1435 2447 εὑρηκὼς
1467 2379 1525 2432 ἐν
1549 2380 1631 2433 σοὶ
1652 2398 1787 2434 κατ-

218 2460 535 2529 εσκήνωσεν
580 2460 609 2512 ὁ
652 2461 869 2514 πάντων
900 2463 1200 2533 φυτουργὸς
1225 2480 1238 2494 ο
1274 2464 1463 2535 ὀδμαῖς
1515 2470 1793 2539 ἐναρέτοις

218 2553 314 2605 καὶ
360 2553 688 2623 σεμνότητος
736 2553 829 2607 νῦν
878 2555 1276 2609 κατευωδίασον
1335 2561 1501 2629 ἡμᾶς,
1563 2561 1790 2632 Θεογεν-

216 2661 405 2717 νητορ.

303 2736 494 2790 Ῥῦσαί
527 2756 595 2807 με
623 2738 828 2793 ἀτόπου
854 2741 1130 2810 ἁμαρτίας
1157 2743 1249 2795 καὶ
1268 2741 1464 2810 φλογὸς
1488 2743 1784 2816 ἁμαρτίας,

216 2827 444 2892 σκότους
476 2831 815 2897 κολάζοντος.
856 2836 953 2887 καὶ
989 2834 1235 2905 βρυγμοῦ
1267 2835 1375 2889 τῶν
1415 2837 1659 2903 ὀδόντων,
1694 2839 1789 2891 καὶ

218 2920 521 2991 σκώληκος,
553 2925 817 2996 Παρθένε,
853 2928 987 2998 μόνη
1021 2930 1325 2999 προστασία
1352 2929 1445 2984 τοῦ
1474 2931 1659 2999 γένους
1680 2933 1788 2985 τῶν

214 3014 316 3065 ἀνθ
326 3015 543 3083 ρώπων.

287 3107 650 3173 Φωτιστικαῖς
696 3110 1004 3182 λαμπηδὸσι
1053 3112 1147 3166 τοῦ
1198 3112 1575 3175 ἀνατείλαντος
1608 3112 1784 3182 Λόγου

1910 619 2016 673 lata
2049 631 2103 675 et
2137 638 2268 690 pura
2305 634 2625 694 :pi-Opterea
2656 627 2751 680 tibi
2793 626 3041 696 supplico
3087 639 3145 682 ut
3189 645 3274 687 me
3303 633 3469 689 cmle-

1908 712 2008 767 stis
2040 712 2188 784 regni
2218 712 2479 771 han-edem
2498 714 2719 783 et'licias,
2744 726 2803 771 ut
2824 718 3029 789 possim
3051 725 3104 774 te
3129 719 3339 778 beatam
3366 740 3466 795 ap-

1908 805 2127 873 pellarc.

1979 896 2022 949 υ
2054 896 2243 962 Maria,
2267 912 2387 967 quae
2412 898 2863 954 sanctiﬁcationis
2889 899 3302 956 tabernaculum
3329 902 3465 957 facta

1905 1001 1987 1051 es,
2020 989 2300 1042 sanctilica
2346 990 2603 1044 misiiram
2650 991 2888 1044 animam
2916 1007 3112 1057 meam,
3150 995 3464 1061 passionum

1906 1081 2297 1147 cupiditatibus
2335 1082 2701 1152 inquinatam,
2736 1092 2790 1139 et
2822 1084 3019 1139 divina:
3046 1087 3228 1156 gloria?
3246 1092 3466 1156 partici-

1907 1186 2026 1239 pem
2057 1172 2226 1227 eﬂice.

1977 1263 2051 1319 Te
2084 1265 2176 1319 Dei
2216 1264 2459 1330 Matrem,
2489 1276 2543 1320 et
2568 1266 2985 1336 pulcherrimam
3020 1268 3157 1323 inter
3188 1270 3464 1330 mulieres.

1904 1355 2101 1410 obnixe
2128 1357 2414 1425 deprecer,
2438 1374 2470 1412 ο
2504 1358 2687 1427 Virgo,
2717 1373 2782 1411 ne
2809 1360 3076 1429 despicias
3100 1374 3207 1423 me.
3238 1361 3329 1415 sed
3360 1363 3464 1416 mi-

1903 1462 2083 1502 serere
2127 1447 2255 1515 mei,
2304 1460 2357 1503 et
2410 1449 2478 1504 ab
2507 1448 2654 1504 omni
2700 1450 2919 1506 laesione
2969 1453 3295 1507 incolumem
3330 1469 3463 1508 con-

1900 1555 2074 1594 εει-νει.

1972 1630 2047 1684 Ex
2105 1631 2358 1687 omnibus
2412 1634 2853 1703 generationibus
2895 1643 2947 1689 te
2990 1650 3152 1688 unam
3211 1636 3463 1691 Christus

1900 1723 2003 1777 sibi
2028 1723 2081 1776 in
2111 1724 2476 1778 habitaculum
2508 1726 2779 1796 elegit(7),
2815 1742 2847 1781 o
2881 1727 3330 1795 laudabilissima,
3372 1744 3462 1784 ut-

1901 1825 2021 1884 pote
2052 1818 2417 1870 venerandam
2453 1831 2517 1871 ac
2545 1833 2766 1887 puram;
2801 1830 2854 1874 et
2895 1836 2958 1875 ex
3001 1830 3052 1875 te
3079 1829 3335 1892 tanquam
3381 1824 3462 1879 sol

1899 1917 2139 1973 exortus,
2173 1917 2375 1963 terram
2410 1909 2714 1964 universam
2743 1912 3087 1968 illuminavit.

1972 2000 2409 2071 Supplicationcs
2465 2000 2575 2057 Deo
2613 2002 2765 2067 oll‘cr,
2811 2018 2843 2059 ο
2879 2006 3153 2072 inviolata,
3212 2017 3268 2062 ut
3307 2007 3463 2063 nobis

1897 2094 2081 2164 lapsus
2114 2105 2333 2151 nostros
2368 2096 2633 2165 ignoscat,
2663 2107 2716 2151 et
2762 2106 3002 2168 peccata,
3030 2114 3149 2169 qua:
3194 2100 3314 2154 sine
3358 2116 3460 2153 nu-

1895 2202 2044 2241 mero
2073 2190 2533 2259 perpetravimus,
2563 2191 2702 2245 etab
2733 2190 2875 2262 ignis
2905 2191 3223 2261 sempiterni
3252 2194 3460 2263 suppli-

1894 2278 1977 2332 cio
2005 2279 2196 2334 liberet
2232 2295 2351 2335 nos.

1962 2370 2098 2425 Cum
2136 2379 2184 2427 te
2209 2380 2465 2442 tanquam
2495 2373 2663 2427 lilium
2699 2373 2754 2427 in
2789 2372 2951 2442 hujus
2999 2374 3183 2427 mundi
3227 2374 3460 2429 vallibus

1892 2463 2126 2517 Creator
2160 2464 2406 2518 omnium
2443 2466 2757 2531 invenisset,
2784 2465 2838 2518 in
2873 2476 2944 2530 te,
3005 2480 3039 2519 ο
3067 2464 3159 2519 Dei
3188 2465 3456 2526 Genitrix.

1894 2554 2195 2609 habitavit:
2224 2572 2368 2610 nunc
2393 2556 2558 2626 igitur
2593 2556 2807 2612 virtutis
2852 2572 2917 2612 ac
2951 2558 3168 2627 pictatis
3196 2558 3458 2614 odoribus

1892 2662 1991 2701 nos
2026 2646 2308 2715 perfunde.

1966 2738 2158 2793 Libera
2188 2756 2273 2793 me
2306 2755 2335 2793 a
2390 2739 2708 2795 [tedismmis
2748 2739 3003 2809 peccatis,
3047 2748 3102 2795 et
3150 2754 3178 2794 a
3237 2738 3456 2795 ﬂamma

1894 2833 2206 2892 tenebrosa.
2238 2832 2393 2903 251
2429 2848 2532 2903 qua
2564 2833 2868 2903 puniuntur
2904 2833 3092 2888 eadem
3122 2843 3367 2902 peccata,
3402 2844 3457 2887 et

1890 2941 1918 2978 a
1951 2925 2184 2979 stridore
2205 2923 2473 2989 dentium,
2499 2934 2661 2995 atque
2687 2940 2717 2979 a
2738 2940 2946 2994 verme,
2970 2939 3004 2980 ο
3024 2924 3211 2996 Virgo,
3232 2925 3453 2981 unicum

1890 3016 2108 3070 humani
2138 3016 2349 3085 generis
2369 3016 2700 3085 priesidium.

1968 3107 2349 3165 llluminativis
2386 3109 2769 3179 splendoribus
2802 3108 2983 3175 Verbi,
3019 3109 3163 3180 quod
3196 3125 3262 3166 ex
3299 3120 3455 3167 utero

214 3200 281 3251 ἐκ
323 3199 422 3268 τῆς
472 3201 631 3266 ἁγίας
667 3219 759 3256 σου
804 3204 1061 3273 γαστρὸς,
1104 3204 1335 3257 Θεοτόκε
1385 3205 1654 3275 Παρθένε,
1690 3208 1783 3259 καὶ
1808 3221 1852 3284 C

1808 3221 1852 3284 ρ
1889 3208 1983 3254 ιιιο
2009 3208 2201 3254 sancto
2245 3210 2496 3254 exortum
2547 3211 2651 3267 est,
2695 3217 2729 3256 o
2762 3198 2925 3271 Virgo
2980 3203 3227 3270 Deipara,
3284 3213 3451 3275 atque

215 3294 666 3361 καταυγάσαντος
711 3297 808 3364 τῆς
857 3298 960 3367 γῆς
998 3298 1065 3349 τὰ
1116 3298 1347 3367 πέρατα,
1396 3296 1627 3366 φώτισον
1683 3299 1782 3371 τὴν

208 3382 392 3453 ψυχήν
426 3401 545 3454 μου,
573 3385 775 3456 ἡδονῶν
794 3387 1108 3459 ἀμαυρώσει
1136 3389 1530 3451 σκοτισϐεἰσαν,
1553 3389 1781 3460 ἀμελείᾳ

207 3475 320 3526 τῶν
349 3474 558 3536 παθῶν,

279 3568 472 3638 Φέρεις
497 3570 591 3623 τὸν
621 3572 1069 3643 φέρονταπάντα,
1097 3572 1409 3644 χερουϐικδς
1439 3572 1627 3645 ὥσπερ
1652 3572 1777 3646 096-

208 3677 321 3723 νος,
353 3661 577 3730 τρέφεις
618 3665 708 3715 τὸν
737 3664 1004 3733 τρέφοντα
1051 3666 1217 3733 ἡμᾶς,
1258 3665 1316 3743 ὃν
1344 3665 1636 3724 ἀπαύστως
1686 3668 1776 3718 δυ-

207 3753 406 3817 σὼπει,
452 3754 834 3827 Θεοχαρίτωτε,
869 3757 1018 3828 ἡμᾶς
1059 3757 1286 3827 σεισμοῦ
1353 3757 1770 3822 κατα-πτώσεως,

205 3845 489 3909 ἁλώδεως,
531 3849 623 3899 καὶ
662 3850 920 3912 παντοίας
958 3849 1223 3919 ἀνάγκης,
1260 3847 1354 3902 σοῦ
1384 3850 1483 3919 τὴν
1537 3848 1774 3919 ποίμνην

201 3937 653 4005 ἐκλυτρὼσασθαι
687 3940 793 3993 ἀεί.

215 4045 314 4098 Ἐκ
343 4046 451 4100 τοῦ
484 4048 747 4128 κανόνος
780 4047 882 4116 τῆς
916 4047 1219 4117 τετάρτης,
1251 4052 1338 4115 εις
1363 4048 1470 4103 τὸν
1510 4050 1771 4118 Ὀρθρον.

287 4155 582 4227 Ῥομφαίᾳ.
615 4157 877 4226 πάναγνε,
905 4158 1196 4229 τέτρωσαι,
1227 4160 1288 4213 τὸ
1318 4160 1486 4223 πάθος
1517 4159 1608 4213 τοῦ
1642 4160 1771 4213 Υίοῦ

200 4262 321 4309 σου,
366 4245 442 4309 ὡς
479 4246 712 4317 ἔϐλεψας
754 4249 915 4302 αὐτὸν
963 4252 1029 4320 τῇ
1072 4251 1242 4323 λόγχῃ
1284 4250 1629 4320 νυττόμενον,
1681 4253 1773 4304 καὶ

196 4339 301 4409 τὴν
333 4340 393 4393 ἐν
417 4340 729 4412 παραδείσῳ
756 4342 1058 4413 κωλυτικὴν
1083 4342 1335 4413 εἷργοντα
1366 4344 1662 4414 ῥομφαίαν,
1695 4347 1769 4415 μὴ

196 4431 453 4486 διδοῦσαν
478 4435 590 4495 τοῖς
620 4436 825 4497 πιστοῖς
860 4436 957 4507 τὴν
985 4434 1133 4488 θείαν
1152 4435 1374 4490 εἴσοδον.

1892 3294 2180 3349 universos
2212 3304 2371 3347 terrae
2401 3293 2537 3348 lines
2589 3294 2711 3349 luce
2754 3295 3014 3366 perfudit,
3053 3297 3300 3351 illumina
3333 3300 3453 3352 ani-

1892 3402 2034 3440 mam
2074 3401 2249 3439 meam
2287 3387 2648 3457 cupiditatum
2690 3388 2971 3458 nigredine
3018 3390 3449 3453 obtcnebratam.

1887 3494 1954 3534 eo
1977 3479 2121 3546 quod
2156 3481 2440 3547 paSsiones
2468 3495 2615 3534 meas
2646 3479 2899 3534 cohibere
2932 3482 3283 3550 neglexerini.

1956 3569 2109 3623 lllum
2144 3568 2256 3624 fers
2300 3570 2391 3638 qui
2457 3568 2563 3624 fert
2607 3572 2883 3632 universa,
2932 3578 3189 3640 tanquam
3221 3573 3449 3627 thronus

1882 3660 2221 3714 Cberubicus
2256 3679 2267 3713 :
2303 3661 2501 3724 nutris,
2532 3662 2861 3715 nutrientem
2916 3676 3049 3728 nos;
3102 3678 3264 3732 quem
3328 3664 3447 3719 sine

1881 3752 2193 3807 cessatione
2226 3768 2417 3817 exora,
2440 3769 2472 3805 o
2492 3752 2603 3807 Deo
2632 3753 2977 3815 charissima,
3007 3762 3066 3808 ut
3100 3769 3199 3809 nos
3231 3770 3445 3825 gregem

1880 3854 2033 3897 tuum
2059 3859 2088 3897 a
2121 3851 2460 3898 terr-semotus
2487 3843 2641 3896 ruina
2670 3882 2683 3907 ,
2714 3843 2781 3897 ab
2810 3841 2992 3897 host‘li
3020 3843 3446 3912 oppugnatione,

1879 3950 1933 3995 et
1971 3940 2040 3995 ab
2056 3940 2205 3994 omni
2241 3942 2569 3995 necessitate
2596 3955 2813 4008 semper
2839 3939 3042 3994 liberos
3060 3939 3353 3993 custodiat.

2126 4048 2210 4102 Ea:
2246 4065 2444 4103 canone
2467 4048 2615 4118 ferite
2648 4064 2720 4112 iv,
2752 4048 2821 4101 ad
2852 4047 3197 4102 Matutinum.

1950 4155 2142 4211 Gladio
2170 4157 2449 4210 vulnerata
2501 4171 2584 4220 es,
2621 4171 2654 4211 ο
2696 4156 3028 4221 castissima,
3084 4156 3138 4210 in
3188 4156 3444 4227 passione

1880 4247 2000 4303 Filii
2031 4249 2129 4313 tui,
2168 4258 2226 4302 ut
2251 4248 2403 4301 illum
2451 4248 2629 4303 vidisti
2660 4248 2848 4303 lancea
2885 4247 3218 4318 perfossum,
3271 4259 3439 4318 atque

1878 4350 2246 4396 removentem
2306 4340 2541 4410 gladium
2575 4339 2726 4395 illum
2768 4343 2862 4411 qui
2903 4341 3152 4398 ﬁdelibus
3184 4341 3438 4398 divinum

1876 4438 2181 4508 ingressum
2217 4436 2270 4489 in
2304 4434 2613 4506 paradisum
2646 4434 2989 4505 prohibebat.

196 4595 411 4642 careret
443 4586 856 4659 :quiagscilicet
912 4588 963 4642 in
1019 4605 1080 4643 ea
1126 4589 1370 4659 quasdam
1400 4589 1597 4643 divina:
1635 4589 1767 4659 legis
1803 4594 1846 4648 D
1876 4590 1975 4644 lice
2025 4598 2403 4659 praeservatns.
2444 4609 2461 4641 ι
2497 4590 2558 4642 Et
2612 4590 2675 4643 de
2722 4591 2911 4645 eodem
2977 4591 3028 4644 in
3080 4606 3181 4644 suo
3234 4589 3437 4648 Mariali

197 4660 366 4713 verba
393 4657 664 4711 exaranda
706 4668 880 4713 erant.
916 4660 990 4714 lta
1044 4657 1184 4713 inter
1216 4660 1352 4714 alios
1390 4661 1554 4714 tradit
1580 4675 1643 4714 ex
1675 4657 1770 4714 eo-

199 4743 323 4800 rum
359 4727 559 4800 ritibus
606 4726 849 4783 Olcaster
899 4732 950 4783 in
1000 4746 1119 4800 cap.
1153 4746 1249 4783 xm
1305 4730 1476 4785 Exod.
1523 4730 1677 4796 Quod
1725 4730 1771 4784 si

198 4797 413 4853 llebra‘i
446 4808 646 4869 tantam
671 4801 956 4865 puritatem
984 4797 1329 4869 requirebam
1351 4802 1404 4854 in
1430 4805 1769 4865 Inetnbrana,

196 4871 252 4923 in
294 4883 403 4936 qua
459 4866 549 4940 Dei
603 4870 764 4922 verba
801 4866 1082 4924 scribenda
1124 4881 1300 4933 erant,
1332 4872 1606 4940 quomodo
1645 4887 1771 4940 per.

198 4940 445 4993 misisset
486 4939 623 5011 Deus
648 4941 959 5011 turpissima
988 4942 1270 5011 originalis
1316 4939 1516 5009 peccati
1556 4939 1769 4995 macula

194 5008 553 5079 conspurcari
590 5008 646 5060 Β.
687 5006 982 5079 Virginem,
1011 5006 1212 5079 in'qna
1267 5006 1373 5065 non
1410 5013 1552 5065 nuda
1584 5013 1765 5076 verba,

195 5084 291 5135 sed
329 5077 565 5132 Verbum
604 5077 804 5147 ipsum,
843 5097 947 5135 non
977 5077 1281 5143 hominum,
1314 5082 1409 5136 sed
1462 5081 1552 5135 Dei
1603 5096 1766 5134 manu

193 5160 316 5204 erat
365 5148 899 5221 scribendum?Fuit
957 5153 1118 5221 igitur
1173 5153 1229 5205 li.
1280 5152 1442 5219 Virgo
1492 5153 1561 5206 ab
1618 5151 1767 5205 omni

194 5220 416 5274 macula
462 5217 745 5292 immunis,
775 5232 827 5275 et
863 5217 999 5292 talis
1024 5224 1166 5292 quod
1204 5217 1769 5292 Verboiiresponderit

195 5293 249 5344 in
287 5293 375 5344 illa
428 5289 726 5415 εὲξρηιιόο.
764 5292 891 5347 Vide
917 5289 1247 5347 Novarinnm
1280 5293 1333 5346 in
1377 5289 1575 5346 Umbra
1608 5293 1768 5361 virgi—

195 5378 314 5415 nea.
349 5378 404 5415 ιι.
477 5381 528 5415 ο.

192 5378 314 5425 nea,
349 5378 404 5416 n.
440 5378 528 5415 uo.

266 5434 346 5503 (7)
386 5430 459 5483 De
500 5435 602 5487 hoc
645 5435 955 5490 babitaculo
1000 5434 1212 5488 locutus
1247 5433 1673 5487 Bartholomteus
1701 5433 1766 5487 de

191 5505 339 5559 Pisis
385 5502 436 5555 in
474 5519 634 5571 opere
668 5506 740 5561 De
769 5505 919 5559 laud.
951 5503 1015 5559 Β.
1071 5503 1319 5571 Virginis,
1352 5505 1472 5558 libr.
1510 5520 1546 5567 ι,
1586 5504 1763 5557 fructu

193 5576 249 5638 7,
274 5578 395 5628 ait:
432 5593 449 5625 ι
494 5574 873 5632 Habitaculum
923 5574 1015 5629 Dei
1049 5576 1176 5639 vivi,
1206 5577 1388 5627 anima
1413 5576 1619 5628 scilicet
1642 5588 1762 5626 cor-

190 5661 405 5714 pusque
454 5645 654 5709 Mariae.
692 5648 840 5701 nullo
886 5648 1090 5715 peccati
1140 5648 1392 5713 contagio
1437 5646 1761 5704 maculatur;

189 5722 286 5771 sed
321 5733 371 5769 ιιι
422 5716 689 5770 inlusione
749 5719 920 5786 ipsius
977 5720 1171 5770 anima:
1218 5720 1428 5785 corpori
1473 5719 1552 5769 sic
1590 5716 1762 5781 gratia

190 5788 453 5857 praevenit
501 5788 704 5851 divina,
739 5801 795 5841 ut
838 5788 956 5855 ejus
985 5804 1137 5841 sacer
1170 5798 1461 5855 conceptus
1488 5788 1555 5838 ah
1596 5786 1763 5852 o:igi-

188 5862 334 5912 nalis
370 5859 579 5928 peccati
616 5861 825 5914 macula
864 5866 946 5929 (ut
977 5863 1061 5929 pie
1111 5860 1369 5927 crediltr)
1413 5858 1575 5910 fuerit
1610 5858 1762 5909 tuni-

1876 4657 2041 4715 sermL
2080 4662 2134 4723 6,
2164 4660 2229 4714 de
2249 4657 2506 4727 Concept.
2548 4671 2697 4728 parte
2747 4678 2784 4725 ι,
2817 4662 2934 4717 Ιιίεο
2977 4660 3277 4727 scripsitB.
3308 4662 3438 4715 Ber-

1874 4733 2137 4785 nardiuns
2162 4734 2227 4784 de
2256 4729 2459 4784 anto:
2497 4750 2515 4781 ι
2552 4732 2726 4786 Locus
2772 4734 2931 4787 debet
2956 4746 3077 4785 esse
3124 4733 3435 4800 proportiuc

1873 4812 2036 4855 natus
2073 4802 2267 4866 locato,
2302 4810 2361 4854 ut
2400 4801 2473 4854 ait
2501 4801 2883 4869 PhilosOphus,
2942 4811 3000 4856 et
3042 4811 3440 4855 commentator

1872 4871 1926 4925 in
1988 4887 2027 4926 ιι
2059 4871 2128 4926 de
2173 4872 2387 4941 Anima,
2418 4881 2471 4925 et
2540 4886 2590 4924 Iv
2637 4870 2799 4941 Phys.
2852 4872 2999 4926 Facit
3025 4873 3090 4924 ad
3146 4872 3248 4925 hoc
3305 4872 3433 4924 illud

1870 4945 2013 5010 quod
2069 4940 2454 5009 inquitGlossa
2509 4942 2560 4994 in
2594 4957 2642 4994 c.
2675 4940 2886 4997 Dudum
2924 4945 2992 4997 de
3026 4942 3163 4996 deci.
3194 4941 3381 4996 dicens
3417 4962 3432 4998 :

1877 5031 1893 5062 ι
1916 5012 2105 5078 Qualia
2122 5022 2250 5064 sunt
2264 5012 2572 5080 praedicata,
2596 5013 2721 5065 talia
2748 5015 3000 5067 convenit
3018 5027 3142 5066 esse
3160 5012 3430 5078 subjecta.

1870 5082 1973 5137 Sed
2034 5081 2205 5151 Virgo
2236 5082 2469 5151 gloriosa
2507 5083 2607 5135 luit
2650 5083 2914 5136 habitatio
2964 5082 3085 5135 Filii
3119 5081 3254 5145 Dei:
3291 5084 3434 5135 unde

1872 5152 1985 5232 ipsa
2019 5155 2212 5232 inquit,
2244 5151 2450 5232 Eccles.
2474 5169 2615 5232 sfw:
2649 5151 2711 5232 Et
2742 5155 2829 5232 qui
2858 5156 3049 5206 creavit
3080 5170 3158 5206 me
3187 5153 3431 5232 requievit

1869 5224 1922 5274 in
1961 5224 2296 5276 tabernaculo
2334 5239 2466 5275 meo.
2500 5224 2638 5289 Ergo
2668 5224 2991 5277 debuitesse
3025 5224 3430 5291 proportionata

1872 5294 1972 5362 ipsi
2002 5296 2312 5355 habitatori,
2339 5293 2427 5363 qu_i
2483 5292 2586 5345 fuit
2634 5294 2753 5346 sine
2787 5295 2893 5346 ulla
2931 5295 3154 5363 peccati
3194 5295 3429 5363 macula.

1868 5360 2165 5417 Purissimo
2215 5360 2524 5433 ergo’Filio
2563 5378 2669 5415 non
2717 5364 2901 5416 debuit
2931 5360 3060 5417 esse
3106 5360 3279 5415 Mater
3326 5362 3430 5415 nisi

1867 5435 2180 5501 purissima,
2210 5450 2307 5488 nec
2350 5433 2532 5486 decuit
2570 5433 2661 5486 Dei
2712 5434 3044 5502 Sapientiam
3091 5436 3427 5485 sordidatum

1868 5519 1897 5556 a
1924 5515 2145 5573 peccato
2174 5516 2227 5559 et
2261 5504 2688 5558 contaminatum
2718 5504 2818 5555 sibi
2861 5503 3225 5556 habitaculum
3259 5505 3429 5573 depu-

1869 5570 2012 5629 tare:
2037 5578 2187 5646 quia,
2208 5585 2267 5627 ut
2296 5573 2493 5646 dicitur
2516 5575 2645 5646 δην.
2681 5588 2739 5637 ιι,
2781 5572 2843 5627 In
2863 5570 3428 5646 Vmalepolemanimum

1867 5662 1969 5699 non
2021 5644 2239 5700 intrabit
2304 5644 2596 5710 Sapientia,
2635 5660 2725 5696 nec
2778 5644 3039 5696 habitabit
3097 5644 3154 5693 iit
3210 5656 3427 5708 corpore

1865 5718 2074 5770 subdito
2100 5717 2347 5785 peccatis.
2375 5716 2431 5769 Si
2459 5716 2620 5783 igitur
2646 5714 2704 5766 B.
2734 5712 2895 5782 Virgo
2926 5711 3173 5785 Originuli
3209 5719 3431 5785 peccato

1866 5782 2144 5857 deturpaia
2202 5788 2413 5853 luisset,
2449 5782 2577 5857 non,
2604 5785 2796 5837 fuisset
2842 5784 3170 5838 conveniens
3219 5782 3431 5834 habita-

1866 5856 2045 5915 culum
2069 5859 2192 5914 Filii
2231 5857 2345 5914 Dei.
2387 5877 2407 5910 ι
2446 5858 2534 5911 Sic
2567 5856 2786 5909 Bustus.
