4180 6450
180 412 319 479 1285

1538 408 1901 469 MARIALE.

3271 401 3410 466 1286

174 530 265 579 ἀεὶ
322 523 625 596 μεταλῦναι
678 525 737 577 ἐν
789 524 913 591 ἐμοὶ
962 523 1031 577 τὰ
1089 522 1322 577 πλούσια
1372 521 1540 576 αὐτοῦ
1594 522 1739 591 tam,

1848 520 2021 581 sima;
2048 530 2207 585 quem
2236 522 2290 571 tu
2310 529 2534 585 precare
2556 514 2797 579 assidue,
2828 522 2885 569 ut
2909 516 3215 587 magnillcct
3247 518 3411 575 inme

176 617 540 686 θεοχαρίτωτε
551 655 563 669 .

245 710 335 771 Σὲ,
366 710 629 777 παναγία,
681 709 941 781 ἂχραντε,
972 707 1131 776 ἁγνὴ,
1167 707 1216 760 οἱ
1260 706 1435 761 δοῦλοί
1464 724 1559 759 σου
1607 706 1738 760 πάν·

170 818 292 853 τοτε
322 803 534 874 ἡμέρας
567 804 661 856 καὶ
702 803 895 862 νυκτὸς
923 800 1357 872 συντετριμμένῃ
1383 798 1592 869 διανοίᾳ
1619 800 1744 852 δυσ-

170 895 454 963 ωποῦμεν,
509 894 779 964 λύτρωσιν
842 893 1258 966 ἁμαρτημάτων
1332 891 1543 944 πολλῶν
1603 891 1745 945 δίδου

173 989 328 1056 ἡμῖν,
361 986 564 1059 ἀγαθή.

249 1077 587 1149 ιἰἀτρευσον,
624 1081 843 1149 δέομαι,
893 1083 961 1135 τὰ
1003 1083 1148 1155 πάθη
1198 1084 1296 1154 τῆς
1330 1083 1467 1153 ἐμῆς
1495 1081 1740 1151 καρδίας.

171 1173 434 1240 κυήσασα
472 1172 565 1225 τὸν
608 1174 830 1227 πάντων
867 1175 1069 1246 ίατρὸν,
1110 1178 1204 1228 καὶ
1247 1175 1345 1244 τῆς
1386 1175 1493 1227 τῶν
1524 1173 1745 1226 δικαίων

168 1262 348 1325 δεῖξον
383 1263 632 1334 μέτοχον,
694 1265 959 1335 Παρθένε,
998 1268 1237 1337 μερίδος,
1270 1265 1503 1337 Χριστὸν
1551 1266 1742 1318 ἐκδυσ-

170 1370 422 1407 ωπουσα.

238 1447 360 1509 Φῶς
395 1449 428 1517 ἠ
459 1446 687 1501 τεκοῦσα
711 1448 802 1500 τὸν
830 1449 986 1511 Θεὸν,
1020 1451 1404 1521 ἐσκοτισμένον
1444 1469 1509 1522 με
1543 1453 1746 1515 πάσαις

168 1541 291 1601 ταῖς
325 1538 629 1608 μεθοδείαις
666 1540 757 1593 τοῦ
803 1543 1018 1613 ἐχθροῦ,
1059 1545 1150 1597 καὶ
1192 1544 1452 1616 ῥαθύμως
1502 1545 1742 1616 βιοῦντα,

166 1630 264 1682 καὶ
300 1632 707 1702 παροργίζοντα
742 1634 898 1697 Θεὸν,
946 1637 1278 1706 πανάμωμε,
1325 1638 1582 1705 φώτισον,
1623 1636 1745 1706 ὁδηο

165 1720 265 1787 ’ίοῧ
280 1738 351 1773 σα
385 1723 523 1793 πρὸς
552 1723 720 1787 καλὰς
755 1727 1039 1798 ἐργασίας,
1068 1727 1144 1791 ὡς
1177 1729 1324 1782 αἰτία
1357 1727 1493 1781 οὖσα
1524 1727 1743 1780 πάντων

161 1830 275 1865 των
308 1830 513 1870 καλων.

178 2038 285 2092 Ἐκ
348 2037 456 2093 τοῦ
520 2040 779 2107 κανόνος
818 2039 962 2167 ,ἱῆςὸ
1008 2038 1428 2112 Παρωκευιῖς,
1487 2041 1578 2107 εἰς
1637 2039 1743 2092 τὸν

890 2130 926 2167 ο
964 2130 1092 2167 oar.

884 2130 1092 2181 ιρσρον.

238 2255 455 2328 Ὠσπερ
508 2257 678 2327 ἀμνὸν
727 2258 819 2310 ἐπὶ
866 2256 1105 2329 σταυροῦ
1157 2258 1446 2329 καθορῶσα
1487 2260 1520 2329 ή
1566 2259 1743 2328 ἀμνὰς

164 2349 560 2419 ἀπαρτηθέντα
606 2350 698 2402 τὸν
732 2351 989 2420 Χριστὸν,
1043 2350 1301 2415 ἀλαλάζει
1335 2353 1427 2405 καὶ
1462 2351 1560 2422 βοᾷ
1586 2369 1599 2383 ”
1631 2352 1741 2406 Ποῦ

163 2457 261 2492 σου
293 2441 417 2493 ἔθου
445 2440 506 2493 τὸ
536 2441 752 2507 κάλλος,
785 2442 1109 2513 μακρόθυμε
1140 2442 1235 2496 Υἱὲ
1280 2443 1589 2514 προάναρχε
1621 2460 1635 2508 ;

236 2618 620 2690 Εὐλογημένος
650 2623 749 2690 τῆς
783 2623 991 2687 κοιλίας
1033 2641 1126 2677 σου
1166 2625 1195 2678 ὁ
1226 2624 1458 2697 καρπὸς,
1502 2624 1743 2694 Παρθένε

162 2710 509 2782 πανύμνητε,
541 2716 568 2765 ὁ
598 2714 722 2777 τοὺς
766 2714 1073 2786 φθαρέντας
1112 2717 1189 2788 τῷ
1223 2718 1442 2787 καρπῷ,
1472 2718 1560 2771 διὰ
1587 2718 1742 2783 ξύλου

162 2803 404 2875 σταυροῦ
462 2805 628 2857 αὐτοῦ
693 2806 999 2878 ἀφθαρσίας
1058 2810 1409 2880 καταστήσας
1450 2811 1741 2875 κοινωνοὺς

165 2896 287 2965 θείᾳ
314 2896 527 2967 χάριτι.

249 2988 317 3040 υἱ
377 3007 488 3057 μοι,
532 2991 749 3044 τέκνονί
808 2993 926 3056 πῶς
976 2993 1157 3063 βλέψω
1204 3013 1263 3048 σε
1306 2997 1399 3049 ἐπὶ
1435 2997 1529 3050 τοῦ
1586 2996 1741 3062 ξύλου

164 3079 569 3149 ἀνηρτημένον,
615 3082 708 3135 καὶ
748 3083 949 3145 ἀδίκως
990 3083 1413 3154 θανατούμενον,
1466 3086 1565 3157 τὴν
1599 3087 1743 3158 ζωὴν

162 3171 518 3242 παρέχοντας
555 3174 587 3243 ή
620 3173 895 3244 Παρθένος
928 3175 1193 3230 κλαίουσα
1220 3176 1425 3247 ἔλεγεν.

252 3361 472 3425 Ῥἁῦδος
512 3362 545 3431 ἡ
570 3361 785 3431 ἔντιμος
813 3364 846 3432 ή
886 3363 1236 3434 βλαστήσασα
1262 3365 1459 3421 κλάδον
1487 3366 1741 3437 ἀμάραν-

161 3473 280 3518 τον,
322 3455 701 3525 ἀνυψούμενον
742 3456 905 3508 αὑτὸν
936 3456 1011 3519 ὡς
1047 3456 1278 3509 ἔϐλεπεν
1312 3457 1405 3509 ἐπὶ
1432 3457 1528 3511 τοῦ
1560 3457 1741 3525 ξύλου,

158 3549 416 3600 Δέσποτα
465 3546 798 3616 ἑκοαύγαζε,
848 3546 923 3618 μὴ
954 3549 1179 3603 ἄτεκνον
1202 3548 1381 3621 δείξῃς
1416 3566 1505 3619 με.

235 3828 396 3880 Μετὰ
421 3827 600 3889 τόκον,
635 3826 968 3895 πανάμωμε,
996 3825 1071 3887 ὡς
1102 3824 1207 3897 πρὸ
1237 3826 1397 3879 τόκου
1426 3825 1698 3896 διέμεινας
1723 3843 1736 3858 ”

159 3920 299 3973 Θεὸν
326 3919 436 3989 γὰρ
461 3919 697 3988 ὲκύησιις
729 3918 872 3989 ξύλῳ
899 3919 992 3972 τὸν
1014 3918 1305 3989 Δἄνθρωπον
1337 3922 1610 3973 σώσαντα.

235 4191 654 4263 Σταυρούμενον
721 4189 905 4262 ὁρῶσα
954 4189 1046 4244 τὸν
1104 4190 1308 4261 Κύριον
1366 4192 1398 4260 ὴ
1454 4190 1741 4258 ἄμεμπτος

236 4377 317 4449 (8)
351 4377 435 4431 An
478 4376 535 4432 Β.
594 4375 867 4445 Virginem
924 4372 1073 4449 omni
1116 4371 1301 4449 _laude
1352 4369 1739 4449 dignissimam

157 4440 437 4519 judicent,
468 4449 557 4517 qui
598 4440 738 4508 cani,
763 4454 930 4519 totam
988 4440 1274 4519 pulchram
1313 4448 1367 4492 et
1423 4440 1740 4519 formosam,

167 4509 223 4573 in
258 4535 365 4572 sun
409 4509 671 4587 conceptu
726 4509 1055 4569 maculosam
1102 4512 1476 4587 constituunt;
1503 4509 1594 4587 qui
1624 4525 1740 4587 eam

163 4592 427 4647 liberam,
454 4578 790 4657 magistram,
823 4587 1128 4657 daemonum
1161 4582 1462 4643 victricem,
1508 4578 1743 4633 dat-moui

161 4662 474 4729 subjectam
507 4652 757 4729 faciunt:
789 4657 881 4724 qui
924 4652 1259 4729 benedictam
1304 4667 1398 4720 per
1440 4665 1629 4729 omnes
1650 4665 1745 4718 ge-

162 4721 507 4793 nerationes,
550 4738 609 4783 ut
639 4721 875 4797 reliquos
916 4724 1049 4777 Adae
1083 4731 1329 4797 posteros
1380 4721 1744 4783 maledictum,

162 4800 396 4857 sceleris
450 4792 816 4866 purissimam,
874 4806 1095 4864 peccato
1123 4792 1345 4866 originis
1403 4801 1742 4866 temeratam,

166 4873 401 4925 Hatram
428 4862 663 4940 denique
693 4862 899 4940 gratiae,
934 4866 1033 4940 ipsi
1065 4865 1285 4940 Auctori
1313 4862 1500 4940 gratia:
1526 4875 1748 4913 exosam

164 4936 590 5013 ingratamque_
623 4936 719 5011 pro
787 4939 879 5013 illo
934 4938 1108 5013 primo
1180 4936 1399 5013 instanti
1447 4940 1746 5013 asserunt:

165 5000 350 5073 ιιιῖιιιι,
382 5000 675 5075 ιιιίἸεοιυΤ,
701 5022 818 5064 esto
860 5000 1148 5077 judicium.
1172 5005 1330 5077 Certe
1367 5001 1569 5077 homini
1617 5000 1752 5077 lide-

165 5070 390 5139 lissiuio
433 5087 585 5136 iteret
627 5070 925 5154 inju'riafsi
958 5076 1024 5154 de
1076 5079 1165 5131 illo
1211 5076 1334 5144 quis
1384 5070 1751 5154 dicerenlste

165 5168 257 5209 est
316 5169 528 5223 magna:
582 5142 881 5224 liilelitatis,
905 5151 1032 5224 quia
1072 5142 1378 5224 nunquam,
1401 5143 1510 5224 nisi
1557 5142 1749 5221 semel,

164 5230 277 5280 fuit
306 5218 663 5294 proditorsui
693 5222 836 5291 regis
863 5237 875 5294 ς
917 5221 997 5294 vel
1039 5223 1081 5294 si
1108 5219 1175 5271 de
1204 5218 1608 5292 sapientiSsimo
1633 5218 1751 5294 viro

162 5291 491 5353 diceretur:
530 5293 629 5349 Hic
658 5303 740 5348 est
762 5291 1219 5359 sapientissimus,
1253 5300 1510 5359 «promam
1548 5292 1751 5359 tantum

166 5367 346 5423 semel
378 5368 482 5421 fuit
515 5366 733 5420 stultus.
771 5353 1056 5433 Quomodo
1082 5361 1244 5433 igitur
1267 5355 1336 5433 B_._
1367 5353 1527 5433 Virgo
1561 5355 1752 5407 lauda-

168 5441 349 5499 bitur,
395 5440 441 5492 si
468 5440 533 5490 tle
581 5437 669 5490 illa
708 5425 961 5489 dicatur:
995 5425 1269 5484 Landetur
1304 5428 1363 5481 Β.
1402 5425 1589 5495 Virgo,
1634 5438 1754 5492 quae

168 5510 401 5563 nonnisi
451 5523 543 5579 per
601 5509 812 5579 instans
866 5502 968 5556 fuit
1043 5499 1411 5556 contaminata
1490 5506 1750 5579 peccato:

167 5573 662 5635 laudetur'blater
706 5573 839 5637 ﬁci,
894 5588 1015 5640 qua:
1073 5586 1240 5642 parvo
1294 5581 1538 5642 tempore
1607 5575 1756 5642 stetit

166 5667 336 5706 serva
366 5650 568 5705 diaboli
597 5652 619 5702 ?
649 5646 780 5701 Vide
814 5638 1035 5701 [iustum
1073 5638 1125 5697 in
1168 5641 1373 5695 Mariali
1400 5642 1577 5694 Serm.
1607 5639 1658 5701 9,
1688 5638 1754 5689 de

164 5725 442 5790 Concept.
473 5730 623 5789 parte
651 5735 707 5773 ιι.
771 5789 776 5790 γ
989 5787 997 5790 _
1087 5787 1095 5790 _
1301 5786 1311 5790 _
1695 5779 1724 5790 __

252 5796 330 5863 (9)
368 5781 508 5846 ’νει-δ
540 5789 782 5863 abomni
826 5787 1035 5863 macula
1083 5786 1348 5863 immunis
1381 5792 1490 5863 tam
1529 5781 1752 5863 actuali,

164 5852 345 5938 quam
377 5862 650 5935 originali,
682 5876 845 5931 quam
892 5859 1131 5915 Ecclesia
1180 5858 1234 5911 in
1280 5858 1515 5927 quodam
1549 5852 1755 5907 Missali

1779 4490 1819 4543 D

1847 608 2064 664 divitias
2102 608 2493 664 misericordia“.
2522 624 2650 663 sum.

1917 700 1962 756 Ο
1986 704 2332 758 sanctissima
2371 702 2535 773 Virgo
2568 701 2816 771 Dcipara,
2851 717 2952 757 nos
2983 700 3123 758 servi
3160 702 3234 756 tui
3269 714 3412 757 sent-

1844 809 1943 863 per
1990 806 2151 850 noctu
2211 795 2416 865 diuque
2476 796 2715 850 contrito
2768 798 2931 851 corde
2992 806 3043 851 te
3096 795 3412 865 suppliciter

1843 902 2168 953 exoramus,
2217 896 2275 941 ut
2320 887 2708 959 indulgentiam
2757 888 3115 957 plurimorum
3164 898 3414 959 peccato-

1845 995 1967 1033 rum
2000 988 2316 1034 nostrorum
2349 980 2504 1034 nobis
2537 980 2768 1050 benigna
2795 980 3124 1048 impertiaris

1919 1070 2153 1133 Medere,
2183 1086 2389 1140 quaeso,
2420 1072 2601 1140 pravis
2642 1071 3021 1127 aﬂ‘ectionibns
3063 1072 3245 1127 cordis
3278 1086 3407 1131 mei,

1844 1172 1923 1222 tu,
1950 1179 1982 1215 ο
2019 1163 2201 1232 Virgo,
2233 1176 2355 1231 qua:
2382 1163 2626 1215 omnium
2662 1164 2932 1217 medicum
2966 1163 3324 1232 progenuisti,
3355 1170 3408 1215 ct

1846 1256 2014 1323 partis
2034 1255 2308 1324 justorum
2344 1253 2428 1308 fac
2463 1269 2549 1307 me
2580 1264 2906 1321 consortem,
2938 1255 3158 1325 placans
3196 1269 3293 1325 pro
3325 1270 3409 1308 me

1844 1344 2117 1400 Chrismm
2149 1344 2494 1398 orationibus
2526 1344 2655 1399 tuis.

1914 1436 1956 1489 0
1982 1436 2482 1501 intemeratissima,
2508 1452 2628 1507 qua:
2662 1437 2903 1491 divinam
2930 1436 3103 1491 lucem
3132 1437 3411 1508 peperisti,

1847 1528 2093 1583 illumina
2126 1544 2212 1582 me
2256 1538 2477 1597 propter
2506 1531 2827 1601 omnigcnas
2867 1529 3041 1584 hostis
3072 1530 3299 1586 insidias
3336 1540 3415 1586 te-

1843 1622 2025 1676 nebris
2057 1621 2386 1685 involutum,
2424 1621 2553 1675 dum
2590 1637 2861 1677 summam
2894 1637 2992 1692 per
3023 1622 3294 1692 ignaviam
3336 1624 3416 1675 vi-

1842 1722 1953 1768 tam
1989 1713 2241 1779 traduco,
2269 1724 2321 1767 et
2358 1713 2525 1768 Deum
2560 1716 2623 1773 ad
2656 1715 2789 1768 iram
2828 1730 3065 1786 provoco
3096 1732 3109 1769 :
3144 1724 3195 1769 et
3226 1730 3418 1769 mann-

1843 1808 1949 1861 duc
1984 1823 2068 1861 me
2096 1807 2161 1861 ad
2188 1808 2447 1862 honestas
2474 1817 2805 1877 sanctasque
2829 1809 3202 1879 Operationes,
3231 1817 3415 1879 utpote

1847 1916 1969 1971 quae
1996 1900 2265 1955 bonorum
2292 1899 2538 1953 omnium
2563 1916 2620 1955 es
2645 1914 2830 1956 causa.

2083 2043 2168 2098 Ea;
2205 2059 2404 2097 canone
2434 2041 2483 2095 F
2485 2044 2611 2098 cria:
2643 2043 2696 2110 6,
2730 2044 2800 2097 ad
2826 2041 3173 2098 Matutinum.

1914 2263 2192 2317 Christum
2244 2263 2296 2316 in
2344 2276 2509 2317 cruce
2555 2277 2883 2332 suspensum
2923 2274 3181 2332 tanquam
3215 2276 3415 2333 agnum

1842 2369 1968 2409 cum
2008 2356 2161 2423 Agna
2204 2354 2431 2415 videret,
2491 2354 2702 2422 eiulans
2749 2355 3058 2409 clamabat:
3114 2352 3214 2409 Ubi
3258 2355 3417 2423 periit

1844 2444 2195 2513 pulchritudo
2244 2453 2357 2508 tua,
2399 2458 2432 2498 ο
2479 2444 2872 2512 patientissime
2913 2442 3035 2509 Fili,
3067 2453 3193 2499 ante
3232 2444 3416 2498 munia

1845 2534 2044 2589 saecula
2075 2536 2297 2601 genite?

1918 2623 2242 2679 Benedictus
2283 2624 2498 2681 fructus
2556 2626 2763 2679 ventris
2817 2625 2916 2688 tui,
2960 2638 2993 2676 ο
3054 2623 3216 2692 Virgo
3268 2625 3417 2678 omni

1847 2718 2005 2772 laude
2034 2717 2356 2784 dignissima
2390 2718 2490 2787 (8),
2536 2717 2629 2786 qui
2677 2725 2964 2784 corruptos
3008 2730 3105 2785 per
3156 2714 3417 2779 fructum,

1845 2810 1990 2880 ligno
2058 2810 2242 2864 crucis
2308 2825 2421 2864 suae
2489 2810 2916 2879 incorruptionis
2978 2809 3269 2878 participes
3337 2809 3419 2863 di-

1844 2898 1969 2957 vina
2007 2903 2180 2968 gratia
2220 2902 2417 2957 eﬂ'ecit.

1914 2996 2268 3050 Gcmebnmla
2344 2996 2511 3065 Virgo
2569 2996 2666 3049 has
2728 3009 2891 3050 voces
2948 2994 3261 3048 fundebat:
3324 2992 3420 3048 ΙΙοί

1847 3086 2002 3150 mihi,
2042 3085 2141 3140 Fili
2167 3088 2182 3141 ι
2213 3088 2489 3155 quomodo
2530 3087 2778 3140 intuebor
2808 3086 2860 3140 in
2894 3085 3041 3156 ligno
3073 3083 3418 3151 pendentem,

1846 3191 1899 3233 ρι
1947 3180 2147 3249 injusta
2195 3190 2369 3234 morte
2417 3180 2749 3236 exstinctum
2798 3189 2849 3234 te
2896 3181 2991 3250 qui
3040 3194 3100 3234 es
3151 3181 3274 3233 vita:
3306 3177 3420 3233 lar-

1761 3279 1806 3340 ρ
1840 3270 2020 3342 gitur?

1920 3359 2079 3430 Virga
2116 3360 2455 3413 honorabilis
2487 3374 2551 3414 ac
2599 3360 2857 3430 pretiosa,
2906 3379 3029 3433 quae
3074 3380 3285 3419 ramum
3333 3366 3421 3419 in-

1839 3452 2247 3520 corruptibilem
2283 3451 2649 3519 germinavit,
2689 3452 2882 3506 videns
2908 3454 3159 3508 eumdem
3193 3455 3245 3508 in
3275 3456 3421 3526 ligno

1839 3542 2135 3596 exaltatum
2166 3581 2181 3605 ,
2220 3542 2272 3595 in
2319 3542 2417 3595 has
2458 3556 2619 3595 voces
2651 3544 2968 3610 erumpebat
3001 3562 3015 3597 :
3064 3544 3315 3610 Domine,
3351 3560 3421 3599 ne

1842 3649 1929 3688 me
1980 3634 2184 3703 absque
2237 3633 2425 3689 liberis
2478 3649 2541 3687 ac
2588 3632 2752 3705 254
2789 3634 2955 3689 veluti
3004 3637 3245 3691 sterilem
3297 3653 3422 3693 esse

1847 3728 2093 3799 patiaris.

1918 3822 1961 3873 Ο
2014 3819 2082 3871 ab
2130 3818 2279 3871 omni
2319 3818 2534 3871 macula
2573 3817 2832 3872 immunis
2870 3818 2984 3891 (9),
3035 3832 3155 3889 post
3202 3830 3419 3891 partum

1848 3913 2209 3983 perseverasti
2283 3913 2463 3983 qualis
2530 3913 2711 3966 fueras
2781 3922 2905 3967 ante
2937 3925 3193 3984 partum:
3250 3915 3418 3968 Deum

1848 4007 1992 4060 enim
2047 4006 2305 4077 genuisti,
2360 4007 2453 4075 qui
2501 4022 2595 4076 per
2642 4006 2847 4076 lignum
2889 4005 3161 4060 hominem
3208 4006 3419 4059 salvum

1848 4095 1997 4151 fecit.

1926 4191 2152 4259 Dcipara
2202 4190 2360 4258 culpa
2408 4189 2623 4259 penitus
2656 4203 2847 4243 carens
2885 4188 3017 4259 (10),
3052 4203 3283 4244 cernens
3314 4187 3420 4241 Do-

1851 4368 2076 4435 antiquo
2112 4368 2254 4436 apud
2291 4368 2610 4438 Baliughem
2656 4368 2710 4423 in
2753 4368 3023 4423 Parnasso
3064 4366 3311 4421 Mariano
3341 4380 3426 4420 sa-

1850 4440 1985 4493 lutat
2017 4440 2100 4493 his
2132 4438 2311 4492 verbis
2349 4455 2363 4491 :

2268 4525 2393 4590 Ave,
2427 4543 2456 4579 0
2490 4527 2663 4581 dulcis
2694 4527 2896 4594 Maria,

2311 4598 2511 4651 Christi
2544 4598 2715 4652 Mater
2740 4612 2786 4653 et
2817 4600 2983 4667 Filia,

2312 4667 2435 4720 Ulla
2468 4670 2582 4721 sine
2614 4670 2844 4735 macula,

2276 4739 2353 4792 Tu
2389 4758 2419 4792 a
2454 4740 2558 4793 Deo
2590 4741 2853 4809 fabricata

2313 4809 2378 4863 In
2403 4824 2650 4876 conceptu
2680 4822 2999 4879 pra'servata

2315 4881 2483 4934 Nulla
2516 4884 2684 4935 trahis
2711 4883 2929 4947 scelera,

1854 4978 1908 5022 et
1934 4970 2186 5042 qnamS.
2208 4968 2514 5024 Casiniirus
2543 4969 2594 5022 in
2626 4985 2728 5026 suo
2767 4971 2969 5042 hymno
3000 4971 3068 5026 «le
3116 4971 3175 5026 Β.
3206 4969 3430 5042 Virgine

1854 5048 1991 5109 part.
2029 5056 2065 5094 ιι
2097 5040 2184 5096 his
2207 5041 2383 5094 Verbis
2417 5043 2715 5109 alloquntttr
2743 5060 2757 5095 :

2280 5112 2517 5165 Pulchra
2552 5122 2664 5163 tota
2697 5114 2811 5166 sine
2837 5124 2964 5165 nota

2315 5182 2681 5251 Cujuscunque
2716 5184 2959 5237 macula’.

1928 5287 2039 5357 (10)
2077 5289 2263 5362 Patres
2290 5290 2567 5362 communi
2620 5305 2888 5362 consensu
2940 5292 3258 5362 dignitatem
3292 5289 3429 5345 divi-

1856 5374 1940 5413 me
1986 5360 2350 5413 maternitalis
2402 5361 2474 5413 ita
2525 5361 2813 5420 extollunt.
2846 5372 2905 5416 nt
2937 5360 3096 5418 exiea
3141 5363 3429 5431 Deiparam

1856 5432 2102 5484 caruisse
2125 5432 2271 5484 omni
2320 5431 2474 5499 culpa
2527 5433 2691 5485 etiam
2749 5434 2941 5485 veniali
2975 5435 3260 5494 deducant,
3300 5432 3431 5501 quia

1856 5515 1923 5553 ex
1952 5502 2068 5570 ipso
2101 5501 2243 5571 quod
2276 5515 2337 5554 ea
2376 5502 2429 5554 in
2481 5517 2641 5556 sacro
2691 5512 2839 5556 textu
2872 5503 3042 5557 Mater
3073 5504 3160 5557 Dei
3188 5504 3429 5557 declara-

1858 5581 1965 5635 tur,
1999 5587 2117 5625 eam
2160 5587 2351 5641 puram
2400 5582 2453 5625 et
2500 5574 2723 5625 liberam
2778 5576 2846 5627 ab
2890 5576 3035 5629 omni
3074 5575 3231 5642 culpa
3262 5574 3429 5628 etiam

1860 5643 2054 5715 veniali
2092 5642 2353 5715 inierunt.
2383 5642 2519 5697 Cum
2579 5654 2760 5697 autem
2792 5647 2948 5715 culpa
2993 5647 3274 5714 originalis
3308 5655 3430 5698 tur-

1860 5712 1981 5781 pior
2012 5714 2100 5772 sit,
2129 5722 2181 5765 et
2205 5712 2460 5767 feminam
2499 5714 2664 5767 Deum
2717 5712 3013 5783 parituram
3051 5712 3218 5784 magis
3262 5714 3429 5771 dede-

1860 5794 1999 5845 ceat,
2038 5784 2197 5852 igitur
2231 5784 2375 5839 sicut
2429 5786 2684 5855 praedicta
2721 5790 3072 5855 praerogativa
3116 5791 3181 5841 de
3225 5789 3429 5840 immn-

1860 5856 2031 5909 uitate
2070 5870 2099 5908 a
2132 5855 2288 5926 culpa
2316 5854 2566 5925 eriglnali
2609 5858 2661 5909 in
2695 5854 2955 5928 dignitate
2986 5858 3182 5913 divina:
3231 5871 3430 5914 mater-
