4180 6450
775 395 796 462 1
808 398 908 462 287

1897 396 1957 453 S.
2000 394 2316 454 JOSEPIII
2357 392 2917 458 IIYMNOGRAPIII

3886 388 4027 455 1288

774 514 982 564 mitium
1037 507 1185 562 cruci
1212 506 1452 573 aﬂixum,
1486 507 1699 562 aiebat:
1735 506 1829 561 llei
1862 506 2017 569 mihi,
2051 505 2174 572 Fili,
2206 522 2343 576 quo-
2376 562 2379 571 Α

2474 507 2712 572 δεοτόκος
2767 508 2991 577 ἔλεγεν·
3047 508 3116 562 Οἵ
3166 523 3277 579 μοι,
3318 507 3450 561 Υίέΐ
3497 507 3615 572 πῶς
3660 507 3947 580 θνήσκεις,
3997 513 4031 578 ἡ

776 606 936 661 modo
961 601 1211 667 moreris,
1247 603 1357 657 vita
1392 617 1627 670 spesque
1660 597 1936 656 ﬁdelium?

846 696 940 748 Illa
987 710 1109 765 qua:
1155 695 1311 749 cmlis
1340 702 1423 749 est
1470 695 1780 762 sublimior,
1812 696 2005 751 videns
2044 694 2347 759 Christum,

775 788 867 856 qui
904 788 1053 843 solus
1082 796 1166 843 est
1195 786 1517 849 altissimus.
1548 790 1603 843 in
1632 789 1777 859 ligno
1811 789 2130 852 exaltatum,
2157 798 2213 842 et
2253 788 2354 841 ini-

778 880 900 934 miei
930 881 1275 936 altitudinem
1306 881 1675 951 dejicientem,
1710 869 1964 936 eumdem
1998 896 2193 951 magna
2221 896 2352 936 voce

780 970 1054 1024 laudabat.

853 1062 1159 1129 Spleudnre
1216 1062 1385 1129 Illius,
1425 1064 1514 1131 qui
1558 1079 1621 1118 ex
1676 1075 1727 1119 te
1777 1066 2077 1120 secundum
2131 1078 2353 1119 carnem

783 1161 1008 1207 exortus
1034 1163 1139 1219 est,
1165 1171 1198 1205 o
1225 1154 1389 1223 Virgo
1440 1154 1648 1209 illustra
1685 1166 1917 1209 mentem
1950 1171 2143 1218 meam,
2178 1165 2233 1209 et
2261 1169 2356 1209 cor

784 1262 962 1300 meum
1018 1248 1286 1312 illumina,
1337 1248 1588 1303 tenebras
1631 1251 1839 1318 peccati
1884 1250 2201 1319 dispellens,
2237 1263 2357 1303 om-

780 1355 1015 1410 nemque
1050 1341 1317 1395 socordia:
1350 1358 1485 1396 mea:
1522 1343 1776 1396 nebulam
1813 1342 2107 1412 dissipans.

1031 1487 1112 1541 Ea:
1146 1504 1342 1541 canone
1398 1486 1624 1542 Sabbati
1665 1489 1734 1542 ad
1766 1488 2105 1542 Matutinum.

853 1611 935 1666 Me
968 1629 1185 1683 semper
1232 1614 1510 1682 proposito
1544 1614 1911 1674 excidentem,
1958 1625 2243 1683 menteque
2280 1616 2359 1669 iu-

785 1706 1060 1766 stabilem,
1102 1706 1392 1773 pravisque
1432 1705 1858 1774 cngitationibus
1910 1706 2268 1770 abstracmm,
2306 1717 2361 1759 et

787 1801 1048 1861 illectum,
1086 1808 1138 1851 et
1168 1798 1259 1867 qui
1286 1813 1371 1851 me
1400 1798 1575 1866 ipsum
1602 1812 1693 1866 per
1724 1812 1995 1851 summam
2027 1797 2355 1851 dementiam

2452 600 2565 671 ζωὴ
2597 602 2693 656 καὶ
2722 602 2875 665 ἐλπὶς
2899 601 3009 656 τῶν
3037 602 3247 655 πιστῶν

2535 691 2600 744 Ἦ
2642 693 2751 746 τῶν
2778 692 3024 763 οὐρανῶν
3061 692 3391 766 ὑψηλοτέρα,
3433 692 3717 764 ὑψωθέντα
3772 691 3834 744 ἐν
3886 687 4034 757 ξύλῳ

2453 784 2547 837 καὶ
2611 786 3028 855 καταράσσοντα
3098 787 3200 848 τὰς
3251 785 3494 856 ὑψώσεις
3556 783 3755 855 ἐχθροῦ
3815 782 4034 854 θεωρή-

2454 892 2590 929 σασα
2634 876 2727 930 τὸν
2776 877 2938 949 μόνον
2988 876 3234 945 ὕψιστον,
3285 878 3517 951 ἀνύμνει
3568 877 3805 948 Χριστὸν
3852 892 4035 946 μεγα-

2454 966 2728 1036 λοφώνως.

2526 1060 2743 1129 Φὲγγει,
2775 1060 3045 1132 Παρθένε,
3074 1061 3170 1115 τοῦ
3197 1062 3262 1116 ἐκ
3308 1060 3405 1115 σοῦ
3431 1061 3812 1123 ἀνατείλαντος
3840 1058 4033 1127 σαρκὶ,

2454 1153 2547 1207 τὸν
2576 1152 2700 1206 νοῦν
2727 1171 2830 1222 μου
2860 1154 3229 1224 καταύγασον,
3266 1156 3362 1208 καὶ
3391 1155 3490 1226 τὴν
3515 1154 3740 1225 καρδίαν
3771 1151 4039 1220 φώτισον,

2457 1245 2552 1296 καὶ
2608 1246 2795 1310 σκότος
2848 1246 3120 1300 διώκουσα
3164 1247 3265 1316 τῆς
3317 1246 3615 1317 ἁμαρτίας,
3659 1244 3753 1297 καὶ
3790 1243 3896 1313 τῆς
3944 1243 4043 1312 ῥᾳ-

2458 1334 2659 1407 θυμίας
2693 1354 2796 1408 μου
2822 1328 3045 1393 ἅπασαν
3072 1336 3171 1410 τὴν
3198 1339 3365 1408 ἀχλὺν
3387 1338 3790 1393 ἁπελαύνουσα.

2471 1482 2573 1536 Ἐκ
2608 1481 2713 1536 τοῦ
2743 1483 3001 1550 κανόνος
3036 1483 3141 1538 τοῦ
3164 1483 3494 1551 Σαόσὰτου,
3526 1487 3614 1549 εις
3632 1485 3739 1538 τὸν
3761 1486 4043 1552 Ὄρθρον.

2532 1610 2726 1681 Γνώμῃ
2775 1612 3147 1667 ὀλισθαίνοντα
3193 1614 3282 1667 ἀεὶ
3322 1614 3417 1668 καὶ
3455 1612 3741 1683 λογισμοῖς
3780 1617 4045 1683 πονηροῖς

2459 1703 2837 1773 ἐξελκόμενον,
2885 1705 2981 1757 καὶ
3038 1704 3445 1774 δελεαζόμενον,
3504 1705 3888 1776 φρενοϐλασιπ
3935 1709 4050 1774 γὲρ

2460 1799 2573 1857 τοῖς
2613 1796 2827 1865 ἐχθροῖς
2855 1796 3180 1868 εὐχείρωτον
3198 1798 3317 1851 ὃλον
3350 1799 3634 1867 γεγονότα,
3670 1796 3746 1869 μὴ
3773 1798 4046 1870 ύπερίδῃς

789 1903 959 1947 totum
992 1893 1231 1947 inimicis
1262 1892 1445 1947 dedidi
1483 1900 1540 1947 ut
1573 1909 1659 1949 me
1693 1893 1949 1948 facillime
1979 1904 2256 1964 caperent,
2292 1911 2359 1951 ne

2474 1904 2553 1959 ue,
2587 1890 2872 1944 Δέσποινα.

786 1985 1080 2054 despicias,
1109 2000 1142 2037 ο
1177 1984 1426 2039 Domina.

858 2078 901 2132 Ο
934 2077 1347 2131 tabernaculum
1376 2076 1535 2131 cmlis
1584 2076 1719 2145 ipsis
1766 2077 2069 2145 augustius,
2106 2077 2365 2148 populum

790 2180 942 2224 tuum
976 2171 1030 2222 in
1074 2169 1175 2223 hoc
1202 2182 1297 2223 tuo
1336 2168 1690 2223 tabernaculo
1727 2169 1792 2222 ad
1821 2179 1943 2222 tuas
1974 2169 2160 2224 laudes
2183 2169 2367 2223 com-i-

791 2263 999 2316 nendas
1040 2262 1475 2326 convenientem,
1529 2261 1833 2315 caelestium
1889 2262 2367 2316 tabernaculorum

790 2354 875 2408 fac
936 2352 1277 2420 participem,
1333 2351 1672 2405 let-velitibus
1741 2351 1993 2418 precibus
2055 2351 2162 2405 tuis
2228 2350 2369 2420 apud

789 2446 1093 2509 Christum,
1136 2460 1295 2512 quem
1338 2443 1597 2514 genuisti,
1648 2448 1895 2498 omnium
1955 2445 2241 2497 Dominum
2304 2457 2371 2498 ac

791 2539 1215 2593 dominatorem.

868 2628 1114 2683 δοὶι-ιιιοδ
1144 2637 1196 2682 ιο
1222 2642 1345 2682 esse
1377 2626 1637 2697 templum
1686 2626 1893 2696 glori-.2,
1923 2641 1956 2680 ο
1989 2627 2370 2689 immaculata,

797 2723 849 2774 in
883 2721 1085 2791 templo
1135 2730 1229 2774 tuo
1278 2718 1587 2773 venerande
1635 2718 1970 2788 congregati,
2018 2718 2373 2774 devotissinte

800 2815 1158 2884 imploramus
1193 2812 1456 2865 auxilium
1494 2821 1671 2872 tuum,
1722 2820 1997 2879 quatenus
2028 2826 2124 2879 per
2147 2825 2375 2864 venera-

801 2908 962 2961 bilem
998 2905 1447 2959 intercessionem
1484 2912 1632 2957 tuam
1679 2903 1910 2957 salutem
1952 2918 2372 2972 consequamur,

801 3014 834 3052 o
863 3008 1012 3053 casta
1050 2994 1235 3065 Virgo.

871 3092 1246 3159 Agnesccntes
1280 3096 1332 3141 te
1359 3094 1584 3138 matrem
1632 3083 1799 3146 illius,
1836 3083 1929 3153 qui
1971 3082 2246 3139 voluntate
2276 3098 2377 3138 sua

804 3185 1058 3237 universa
1111 3178 1337 3240 creavit,
1395 3176 1463 3231 ad
1510 3175 1755 3231 divinum
1811 3177 2070 3245 templum
2126 3185 2303 3239 tuum,
2345 3190 2379 3230 ο

2540 2073 2723 2143 Σκηνὴ
2754 2072 3065 2146 πλατυτέρα
3090 2074 3357 2147 οὐρανῶν,
3404 2075 3533 2129 λαόν
3573 2093 3667 2129 σου
3709 2076 4051 2147 συνερχόμε-

2468 2183 2557 2219 νον
2592 2169 2649 2219 ὲν
2677 2170 2744 2237 τῇ
2779 2170 2951 2240 σκηνῇ
2984 2186 3079 2222 σου
3118 2169 3291 2240 ταύτῃ
3322 2168 3558 2240 ὑμνῆσαι
3599 2186 3659 2221 σε
3704 2169 3919 2239 σκηνῶν
3949 2169 4053 2221 ἀΰ·-

2468 2258 2577 2311 λων
2610 2259 2835 2328 μέτοχον
2863 2261 3089 2331 ποίησον
3115 2264 3183 2332 τῇ
3218 2262 3395 2333 θερμῇ
3425 2260 3607 2331 δεήσει
3643 2278 3735 2314 σου
3758 2261 3896 2332 πρὸς
3921 2260 4053 2330 Χρι·

2469 2351 2561 2405 τὸν
2619 2352 2678 2405 ὃν
2705 2351 2921 2420 ἔτεκες,
2944 2354 3036 2409 τὸν
3061 2355 3338 2427 Δεσπότην
3369 2356 3629 2411 ἁπάντων
3667 2355 3763 2409 καὶ
3820 2355 4053 2426 Κύριον.

2546 2625 2696 2680 Ναόν
2731 2643 2793 2680 σε
2826 2626 2927 2697 τῆς
2969 2627 3129 2697 δόξης
3177 2628 3555 2701 ἐπιστάμενοι,
3586 2630 3847 2702 ᾶχραντε,
3891 2632 3952 2684 ἐν
3978 2633 4059 2700 τῷ

2478 2720 2664 2791 σεπτῷ
2696 2719 3171 2793 συναθροιζόμενοι
3195 2724 3423 2791 πιστῶς,
3450 2724 3549 2795 τὴν
3570 2724 3669 2795 σὴν
3691 2723 4061 2793 ἐξαιτούμεθα

2478 2810 2822 2883 θεοπρεπῶς,
2856 2813 2997 2883 ἁγνὴ
3023 2812 3293 2884 Παρθένε,
3336 2812 3612 2887 βοήθειαν,
3644 2814 3737 2869 καὶ
3770 2817 3839 2886 τῇ
3880 2818 4057 2885 σεπτῇ

2478 2919 2575 2956 σου
2606 2902 2874 2975 πρεσϐείᾳ
2901 2904 3207 2974 σωζόμεθα.

2550 3087 2778 3160 Μητέρα
2826 3105 2887 3142 σε
2939 3087 3036 3143 τοῦ
3084 3089 3152 3143 τὰ
3206 3089 3387 3143 πάντα
3429 3090 3680 3159 βουλήσει
3730 3094 4062 3162 ποιήσαντος

2480 3178 2842 3247 γινώσκοντες
2871 3197 2948 3250 τῳ
2973 3178 3088 3250 ναῷ
3117 3196 3211 3233 σου
3253 3180 3332 3250 τῷ
3362 3180 3490 3251 θείῳ
3530 3183 3970 3254 προστρέχομεν,
4002 3189 4061 3239 ὲν

804 3278 985 3345 Virgo,
1014 3272 1376 3335 accurrimns,
1414 3280 1575 3339 atque
1608 3269 1661 3323 in
1694 3282 1760 3322 eo
1798 3283 2108 3337 precamur,
2144 3276 2202 3321 ut
2224 3282 2379 3322 erro-

2486 3272 2635 3341 αύτῷ
2687 3270 3013 3342 αίτούμενοι-
3040 3274 3108 3343 τῇ
3158 3272 3406 3344 μεσιτεία
3442 3290 3557 3337 σου,
3594 3274 3863 3346 Παρθένε,
3908 3277 4065 3331 λύσιν

807 3386 925 3422 rum
965 3377 1282 3421 nostrorum
1314 3366 1470 3419 venia
1494 3378 1586 3433 per
1619 3373 1766 3416 tuam
1799 3360 2185 3416 mediationem
2219 3360 2379 3415 nobis

804 3459 1154 3517 concedatur.

876 3552 1039 3622 255
1070 3549 1326 3613 OMaria,
1364 3547 1719 3617 purissimum
1758 3543 1915 3598 Verbi
1950 3542 2379 3605 tabernaculum,

807 3649 1030 3715 puu‘ilica
1064 3661 1091 3697 a
1119 3643 1299 3713 pravis
1325 3640 1706 3695 adeetionibus
1735 3654 1829 3693 eor
1861 3652 2066 3700 meum,
2095 3635 2380 3702 divinique

804 3736 1040 3806 Spiritus
1064 3752 1157 3790 ras
1182 3733 1445 3788 mundum
1486 3729 1617 3783 illud
1642 3730 1811 3791 ellice,
1840 3736 1898 3780 ut
1932 3724 2143 3779 laudem
2180 3724 2248 3778 et'
2268 3738 2385 3775 ma-

805 3831 1055 3900 gniiiecm
1100 3837 1149 3880 te
1184 3824 1333 3880 omni
1366 3824 1525 3877 laude
1559 3822 1960 3891 dignissimam.

886 3919 1014 3972 Esto
1046 3917 1178 3971 mihi
1218 3914 1528 3978 mediatrix,
1561 3927 1594 3966 ο
1626 3912 2037 3981 benignissima,
2096 3909 2237 3977 apud
2282 3906 2387 3960 Do-

809 4012 1015 4065 minum
1044 4013 1135 4077 qui
1170 4024 1233 4062 ex
1284 4018 1336 4061 te
1369 4018 1528 4059 natus
1561 4016 1668 4067 est,
1717 4013 1829 4056 uta
1859 4003 2122 4071 gehenua:
2150 4001 2388 4054 ﬂammis

807 4105 1004 4171 eripiat
1031 4117 1136 4165 me,
1195 4116 1258 4152 ac
1308 4098 1517 4153 cwlesti
1581 4111 1745 4166 regno
1782 4096 2009 4165 dignum
2052 4091 2237 4158 taeia‘l,
2272 4095 2387 4147 cla-

811 4202 1091 4248 mantem:
1126 4189 1442 4245 Laudabilis
1489 4198 1545 4244 et
1591 4187 2031 4257 supergluriosus
2099 4184 2241 4241 Deus
2288 4185 2391 4239 Pa-

810 4300 954 4343 trum
967 4333 978 4349 ,
1014 4299 1121 4341 etc.

885 4382 929 4433 0
961 4377 1124 4447 Virgo
1160 4386 1269 4430 tota
1296 4374 1499 4437 lucida,
1532 4387 1653 4441 qua:
1682 4370 1820 4426 locis
1847 4370 2091 4425 datorem
2127 4369 2296 4425 Deum
2337 4373 2391 4425 in

810 4473 987 4528 lueem
1021 4469 1261 4530 edidisti,
1310 4467 1556 4521 illumiua
1590 4466 1778 4520 oculos
1800 4464 1981 4518 cordis
2038 4464 2141 4518 mei
2188 4465 2394 4518 lumine

809 4568 1012 4621 divinae
1047 4560 1400 4631 cognitionis,
1437 4567 1493 4612 ut
1534 4566 1749 4612 cantem
1782 4574 1795 4610 :
1823 4554 2017 4609 Omnia
2056 4569 2244 4624 Opera,
2277 4554 2395 4607 lau-

810 4658 935 4711 date
972 4654 1286 4714 Dominum,
1317 4658 1402 4703 etc

890 4834 1229 4888 llorrcscunt
1263 4827 1518 4884 caelestes
1551 4826 1845 4893 exercitus,
1877 4826 2125 4882 videntes
2145 4825 2390 4881 divinum

817 4928 995 4983 Patris
1024 4923 1370 4994 splendorem
1399 4917 1748 4973 iuetl‘abiliter
1776 4919 1827 4971 in
1849 4918 2103 4973 manibus
2131 4919 2238 4975 tuis
2263 4935 2395 4974 cono

820 5020 1048 5081 tiueri.o
1072 5016 1237 5086 Virgo
1264 5021 1437 5067 mater
1453 5010 1769 5080 purissima,
1791 5009 2207 5065 similitudinem
2232 5019 2395 5080 atque

820 5111 1111 5177 imaginem
1143 5119 1292 5162 tuam
1324 5103 1638 5169 habentem,
1668 5112 1730 5156 ut
1753 5103 2004 5157 homines
2036 5100 2151 5157 Deo
2185 5102 2395 5158 similes

818 5202 1034 5259 elIieiat.

926 5325 1011 5380 Ea:
1038 5341 1235 5381 canone
1271 5327 1419 5397 ferite
1468 5326 1525 5395 2,
1557 5326 1625 5381 ad
1657 5324 2001 5379 Matutinum.
2034 5326 2167 5383 Toni
2209 5328 2236 5384 Ι
2246 5328 2293 5384 1.

895 5510 935 5558 0
963 5508 1120 5561 unica
1154 5506 1265 5562 Deo
1302 5508 1623 5565 charissima
1660 5511 1858 5581 puella,
1890 5529 2012 5582 qua:
2055 5512 2258 5567 fontem
2288 5514 2395 5568 im-

828 5690 1020 5765 nitatis
1042 5690 1700 5765 virtualiterpincluditur,
1724 5693 2226 5765 itapimmunitatem
2258 5697 2409 5765 ejus-

824 5763 947 5813 dem
977 5762 1042 5814 ab
1069 5762 1317 5829 originali
1366 5762 1418 5815 in
1469 5779 1530 5817 ea
1575 5763 1823 5818 denotari
1859 5780 2085 5821 necesse
2132 5777 2235 5820 est.
2278 5762 2409 5823 Vide

824 5830 1295 5900 Nterembcrgium
1359 5833 1410 5887 iu
1459 5834 1846 5905 Sacrosyllabo
1882 5834 1909 5906 §
1944 5834 2006 5905 7,
2063 5836 2153 5890 ubi
2222 5838 2407 5908 plures

2486 3365 2827 3433 σφαλμάτων
2860 3364 3210 3436 κομίσασθαι.

2556 3552 2765 3622 Μαρία,
2839 3551 3082 3623 καθαρὸν
3137 3551 3229 3605 τοῦ
3288 3552 3465 3621 Λόγου
3525 3554 3813 3623 σκήνωμα,
3871 3554 4064 3608 παθῶν

2486 3644 2901 3716 ἑναποκάθαρον
2931 3645 3030 3714 τὴν
3056 3646 3282 3715 καρδίαν
3309 3662 3433 3715 μου,
3472 3648 3567 3699 καὶ
3598 3647 3794 3707 σκεῦος
3820 3646 4065 3718 καθαρὸν

2488 3738 2804 3805 Πνεύματος
2829 3735 2921 3790 τοῦ
2952 3736 3097 3790 θείου
3122 3737 3472 3802 ἀποτέλεσυν,
3511 3736 3599 3791 ίνα
3643 3735 3800 3796 ὑμνῶ
3830 3739 3929 3790 καὶ
3965 3755 4063 3807 μεο

2487 3828 2704 3896 γαλύνω
2737 3844 2795 3881 σε
2826 3827 2925 3898 τὴν
2953 3826 3303 3896 πανύμνητον

2564 3920 2705 3990 Πρὸς
2727 3919 2819 3972 τδν
2848 3921 2912 3974 ἐκ
2944 3919 3039 3973 σοῦ
3070 3917 3399 3988 γεννηθέντα
3430 3916 3636 3988 Κύριον
3665 3918 3824 3985 γενοῦ
3854 3919 4070 3989 μεσξτις

2490 4009 2692 4081 ἀγαθὴ,
2743 4008 2843 4079 τῆς
2897 4008 3123 4076 γεέννης
3172 4010 3267 4061 καὶ
3322 4006 3414 4061 τοῦ
3458 4008 3627 4079 πυρὸς
3661 4009 3809 4073 ὅπως
3860 4026 3931 4080 με
3980 4010 4069 4063 λος

2488 4100 2699 4171 τρώσῃ,
2736 4102 2828 4154 καὶ
2878 4098 3191 4173 καταξιώσῃ
3238 4116 3305 4170 με
3340 4099 3439 4171 τῆς
3484 4101 3762 4172 βασιλείας
3818 4104 4069 4171 κραυγά-

2492 4193 2654 4259 ζοντα
2679 4210 2693 4225 ο
2741 4193 2799 4253 ’.0
2831 4194 3039 4257 αίνετὸς
3082 4193 3190 4247 τῶν
3224 4194 3478 4264 πατέρων
3529 4193 3661 4257 Θεὸς
3701 4194 3794 4247 καὶ
3835 4194 4069 4264 ὐπερέν-

2492 4284 2662 4351 δοξος.

2565 4375 2878 4446 Φωτοδότην
2930 4375 3129 4440 τέξασα
3180 4373 3346 4437 Θεὸν,
3401 4374 3641 4443 ὁλόφωτε
3694 4373 3965 4444 Παρθένε,
4006 4376 4071 4427 τὰ

2494 4469 2721 4540 δμματα
2769 4467 2869 4538 τῆς
2924 4467 3153 4538 καρδίας
3192 4485 3293 4538 μου
3341 4468 3688 4535 καταύγασον
3742 4470 3883 4536 φωτὶ
3936 4467 4071 4521 Θεοῦ

2499 4558 2869 4627 ἐπιγνώσεως,
2922 4559 3002 4621 είς
3038 4556 3099 4610 τὸ
3149 4557 3401 4627 μέλπειν,
3441 4557 3623 4610 Πάντα
3670 4557 3738 4610 τὰ
3787 4558 3949 4629 ἔργα,
3983 4560 4073 4611 τὸν

2420 4626 2467 4681 D
2500 4651 2704 4722 Κύριον
2737 4651 2977 4721 ὑμνεῖτε,
3018 4648 3115 4702 καὶ
3167 4649 3509 4720 ὑπερυψοῦτε
3531 4687 3545 4711 ,
3586 4650 3665 4713 είς
3696 4626 3903 4712 πάντας
3949 4653 4072 4714 τοὺς

2497 4742 2723 4797 αἰῶνας.

2569 4760 2670 4795 ωνα
2708 4783 2723 4797 .

2569 4760 2784 4906 Φρίξτει
2814 4832 2975 4905 νοερὰ
3004 4834 3387 4906 στρατεύματα
3411 4836 3471 4889 τὸ
3497 4835 3590 4888 τοῦ
3626 4835 3838 4906 Πατρδς
3864 4835 4075 4906 δρῶντι

2501 4928 2645 4981 θεῖον
2676 4926 3021 4997 ἀπαύγασμα
3066 4944 3162 4981 σου
3194 4928 3253 4981 ὲν
3280 4930 3401 4990 ταῖς
3436 4928 3626 5000 χερσὶν
3654 4928 4076 4999 ἀνερμηνεύτως

2504 5016 2896 5088 κρατούμενον,
2943 5017 3038 5070 καὶ
3087 5018 3149 5071 τὸ
3184 5019 3277 5072 σὺν
3312 5020 3652 5090 κεκτημένον
3677 5021 3955 5091 ὁμοίωμα,
3988 5022 4076 5074 ἶνα

2502 5108 2726 5181 βροτοὺς
2760 5111 2961 5181 ϐιώσῃ,
2999 5110 3420 5184 Παρθενομῆτορ
3450 5113 3784 5183 πανάμωμε.

2518 5330 2619 5385 Ἕκ
2648 5329 2755 5385 τοῦ
2782 5332 3041 5397 κανόνος
3072 5330 3513 5475 τῆςΗδευτὶρας,
3551 5336 3640 5402 εις
3672 5336 3781 5390 τὸν
3804 5336 4077 5406 Ὀρθρον.

3218 5421 3328 5472 χος
3396 5410 3429 5460 ’.

3218 5421 3328 5472 χος
3365 5410 3429 5472 βύ

2593 5510 2656 5563 Ἦ
2688 5511 2786 5584 τήν
2814 5514 2997 5584 πηγὴν
3029 5516 3127 5585 τῆς
3165 5515 3434 5582 ἀπαθείας
3464 5519 3740 5589 κυήσασα,
3774 5536 4079 5593 τραυματι-

2517 5696 2674 5752 atl‘ert
2730 5699 2917 5755 Patres
2969 5701 3548 5761 incontaminationem
3596 5716 3651 5760 et
3712 5707 4080 5762 omnimodam

2517 5770 2759 5851 Virginis
2785 5772 3076 5851 puritatem
3117 5774 3185 5829 ab
3232 5776 3379 5832 omni
3414 5776 3589 5848 culpae
3637 5792 3839 5849 genere
3892 5780 4083 5835 divinare

2519 5843 2851 5898 maternitati
2882 5843 3203 5902 tribuentes.
