4180 6450
209 427 339 491 1289

1568 409 1927 471 MARIALE.

3287 387 3423 455 1290

210 541 402 593 σθέντα
434 537 650 601 πάθεσι,
698 537 871 609 Κόρη,
904 533 1260 606 θεράπευσον,
1304 547 1398 583 και
1432 532 1598 598 πυρὸς
1635 526 1765 577 αἱω-
1795 580 1796 584 η

1892 519 2245 576 ιοςεὶὺὶιίιοιίε
2307 514 2583 588 peperisti,
2635 511 2830 566 animae
2896 523 3029 563 meae
3080 503 3427 578 passionibus

208 634 312 685 νξου
339 630 646 700 ἐξάρπασόν
687 646 778 700 με,
815 630 953 698 μόνη
983 625 1375 696 Θεοχαρίτωτε.

285 814 487 885 Ἀρχὴν
535 813 642 866 ὑπὸ
670 813 860 884 χρόνον
906 811 1141 883 εἰληφὼς
1190 811 1504 865 πιστεύεται
1555 813 1618 864 ἐκ
1675 806 1770 861 σοῦ

206 904 233 957 δ
259 904 467 977 χρόνων
496 904 860 977 Δημιουργὸς,
897 902 1464 975 Μῆτερὰὰειπάρθενε.

272 1086 581 1158 Σαρκοῦται
606 1085 667 1151 ἐξ
700 1084 880 1154 ἁγνῶν
911 1086 1159 1158 αἱμάτων
1189 1102 1307 1151 σου,
1339 1085 1434 1139 καὶ
1466 1083 1773 1158 ἀνθρώποις

208 1179 421 1234 ἑνοῦται
456 1179 625 1233 θέλων
656 1180 685 1233 ὀ
717 1181 942 1251 Κύριος,
993 1178 1255 1249 ἄχραντε,
1297 1180 1390 1232 καὶ
1426 1179 1643 1250 δέχεται
1678 1195 1774 1249 με·

208 1274 529 1338 τανοοῦντας
558 1276 687 1337 τοὺς
716 1276 848 1345 πρ’.ν
877 1271 1215 1343 ὑπαχθέντας
1246 1271 1624 1343 ἁμαρτήμασι,
1655 1272 1772 1334 ταῖς

210 1371 329 1432 σαῖς
366 1368 541 1430 λιταῖς
575 1368 665 1420 ἀεὶ
701 1364 1255 1435 κατακαμπτόμενος.

273 1459 413 1512 Νέον
438 1459 515 1520 ὡς
554 1456 753 1527 βρέφος
796 1457 927 1526 ἡμῖν
958 1453 1049 1508 τὸν
1088 1454 1413 1525 προαιώνιον
1464 1453 1591 1507 Υἱὸν
1626 1455 1774 1507 τέτο-

209 1565 327 1614 ιιας,
353 1546 666 1617 θελητικαῖς
686 1545 839 1599 δυσὶν
864 1542 1173 1616 ἐνεργείαις
1200 1541 1511 1612 ὑπάρχοντα
1531 1539 1773 1609 διπλοῦν,

207 1643 277 1705 ὡς
310 1640 600 1711 ἄνθρωπον
634 1640 750 1709 ἅμα
775 1636 907 1691 Θεὸν
934 1653 1016 1702 τε,
1054 1635 1386 1707 πανὰμωμε.

284 1832 381 1884 Ἐκ
431 1827 622 1883 πασῶν
670 1827 874 1898 γενεῶν
921 1824 1033 1890 eis)
1048 1823 1207 1889 ἑξατό
1253 1839 1311 1876 σε
1356 1823 1458 1894 τὴν
1512 1821 1775 1892 καλλονὴν

1871 613 2126 667 sanciatte
2185 609 2451 664 medicam
2503 620 2723 659 mamun
2772 601 3022 665 admove,
3085 608 3140 655 et
3185 600 3252 655 ab
3301 599 3426 672 igne

1869 714 2069 761 azterno
2098 704 2245 773 eripe
2275 717 2382 757 me.

1945 801 2034 854 Ille
2063 798 2156 869 qui
2191 806 2277 853 est
2308 805 2501 852 auctor
2538 802 2591 848 et
2620 790 2870 847 conditor
2904 802 3231 859 temporum,
3254 787 3417 844 credi-

1875 907 1963 950 tur
1981 910 2088 948 acc
2115 893 2258 962 pisse
2297 906 2361 944 ex
2415 897 2487 952 te,
2531 902 2566 942 o
2612 884 2780 939 Mater
2824 893 2879 939 et
2931 883 3094 956 Virgo
3147 890 3405 954 perpetua

1874 985 2165 1055 temporale
2192 982 2536 1053 principium.

1946 1082 2268 1133 lncarnatur
2297 1092 2362 1131 ex
2390 1075 2560 1131 eaStis
2600 1071 2961 1144 sanguinibus
2983 1072 3112 1135 tuis,
3141 1087 3207 1127 ac
3236 1070 3431 1126 volun-

1876 1171 2011 1226 tat-ie
2037 1168 2350 1223 hominibus
2374 1166 2579 1229 unitur,
2604 1179 2667 1220 ac
2698 1164 2925 1234 suscipit
2942 1162 3008 1217 ad
3061 1164 3432 1234 paenitentiam

1875 1275 1970 1315 eos
1991 1259 2084 1329 qni
2125 1270 2281 1313 antea
2332 1256 2569 1327 peccatis
2612 1254 2843 1324 subjecti
2902 1254 3142 1318 fuerant,
3197 1254 3435 1309 assiduis

1877 1348 2254 1420 precibustuis
2274 1358 2532 1403 exoratus
2564 1346 2896 1409 Dominus,o
2926 1343 3276 1399 immaculata
3302 1345 3437 1417 (ll).

1946 1439 2154 1494 Novum
2186 1438 2634 1503 velutlnl‘antem,
2681 1437 2840 1491 nobis
2881 1437 3155 1506 peperisti,
3190 1452 3224 1493 o
3258 1438 3441 1509 puris-

1876 1533 2034 1601 sima,
2063 1530 2258 1589 Filium
2290 1531 2381 1601 qui
2409 1541 2493 1587 est
2522 1539 2648 1586 ante
2668 1530 2854 1586 omnia
2883 1531 3079 1585 saecula
3105 1548 3120 1586 :
3152 1531 3205 1586 in
3237 1531 3440 1602 duplici

1878 1637 2093 1691 natura,
2128 1627 2471 1696 duarumque
2500 1626 2841 1680 voluntatum
2882 1625 3217 1695 operatione,
3255 1635 3440 1696 utpote

1878 1718 2046 1774 Deum
2072 1718 2233 1773 simul
2254 1728 2306 1773 et
2329 1718 2626 1773 hominem.

1947 1810 2113 1881 256
2145 1810 2371 1866 Creator
2404 1812 2564 1880 elegit
2600 1819 2649 1865 te
2680 1810 2912 1880 speciem
2943 1808 3114 1866 Jacob
3159 1825 3324 1881 quam
3358 1810 3442 1866 di—

218 1924 437 1987 Ἰακὼ6,
476 1924 541 1995 ῆν
565 1922 850 1993 ἠγάπησεν
878 1922 907 1974 ὁ
938 1920 1192 1990 Ποιητὴς,
1220 1917 1555 1987 πανάμωμε,
1596 1918 1688 1970 καὶ
1715 1918 1777 1970 ὲκ

1892 1904 2032 1964 ηοιίῑ,
2072 1917 2138 1957 ex
2176 1904 2431 1957 omnibus
2457 1903 2932 1973 generationibus,
2972 1918 3007 1958 o
3049 1904 3445 1960 immaculatis-

211 2014 299 2069 τοῦ
335 2013 625 2076 ἀνατείλας
658 2011 953 2081 ἐπέφανεν.

280 2106 475 2161 Ἀὔλου
507 2104 683 2173 φωτὸς
709 2104 1024 2175 οἰκητήριον
1055 2102 1089 2171 ἡ
1140 2100 1208 2170 σὴ
1270 2101 1454 2171 μήτρα
1487 2098 1777 2169 γεγένηται

216 2199 299 2253 τοῦ
344 2198 721 2269 φρυκτωρίαις
756 2197 906 2260 θείας
948 2194 1201 2263 γνώσεως
1249 2194 1347 2264 τὴν
1380 2193 1570 2248 ἀθείαν
1616 2191 1781 2262 μειώ-

210 2307 427 2355 σαντος,
488 2288 726 2360 ἄχραντε
798 2287 1081 2356 Θεόνυμφε
1138 2286 1313 2357 Κόρη,
1369 2284 1428 2339 ὃν
1488 2283 1781 2355 ὑμνοῦντες

211 2379 620 2452 κραυγάζομεψ
646 2378 949 2449 Εὐλογητὸς
984 2373 1055 2444 εἴ,
1098 2378 1127 2431 ὁ
1150 2377 1280 2441 Θεὸς
1312 2379 1340 2431 ὁ
1371 2377 1478 2429 τῶν
1528 2375 1781 2446 πατέρων

211 2472 385 2543 ἡμῶν.

289 2654 766 2728 Ἐξασθενήσασαν
789 2653 1009 2717 πολλαῖς
1030 2654 1355 2727 προσϐολαῖς
1383 2654 1477 2708 τοῦ
1520 2656 1783 2727 πονηροῦ,

211 2749 606 2822 Θεογεννῆτορ,
636 2749 736 2821 τὴν
764 2748 957 2803 ἀθλίαν
992 2746 1173 2818 ψυχήν
1210 2765 1312 2818 μου
1340 2750 1456 2811 ταῖς
1489 2749 1785 2819 ρωστικαῖς

214 2856 308 2893 σου
336 2841 532 2906 λιταῖς,
563 2840 829 2911 Παρθένε,
860 2840 990 2909 ὑγιῆ
1019 2840 1353 2910 ἀπέργασαι,
1386 2839 1473 2891 ἵνα
1500 2856 1557 2892 σε
1582 2838 1787 2904 δοξάζω

213 2934 292 2995 είς
328 2935 543 2995 πάντας
568 2934 693 2995 τοὺς
714 2933 938 2995 αἰῶνας.

281 3022 474 3076 Φείσαί
500 3040 624 3092 μου,
657 3022 851 3093 Κύριε,
890 3025 1076 3091 φεῖσαι
1099 3060 1116 3087 ,
1148 3022 1277 3075 ὃταν
1324 3021 1522 3092 μέλλῃς
1552 3039 1621 3092 με
1666 3024 1787 3093 κρῖ-

214 3131 322 3178 ναι,
358 3116 459 3168 καὶ
496 3115 574 3186 μὴ
608 3115 980 3185 καταδικάσῃς
1026 3132 1094 3186 με
1129 3116 1208 3179 εἰς
1243 3114 1377 3185 πῦρ,
1414 3115 1490 3187 μη
1520 3114 1599 3185 τῷ
1632 3113 1791 3185 θυμῷ

213 3222 308 3260 σου
338 3205 570 3276 ἐλέγξῃς
608 3221 695 3277 με·
728 3207 967 3261 δυσωπεῖ
1013 3223 1072 3259 σε
1108 3206 1379 3276 Παρθένος
1409 3207 1443 3277 ἡ
1483 3206 1538 3259 δὲ
1589 3224 1787 3276 κυοφο-

213 3300 455 3368 ρήσασα,
498 3298 723 3368 Χριστὲ,
756 3300 864 3351 τῶν
904 3298 1151 3367 ἀγγέλων
1180 3298 1251 3351 τὰ
1299 3296 1501 3369 πλήθη,
1557 3296 1787 3352 καὶτῶν

214 3388 521 3461 μαρτύρων
557 3389 836 3457 σύλλογος.

257 3517 355 3572 Ἐκ
389 3515 504 3572 τοῦ
540 3516 799 3584 κανόνος
828 3514 937 3585 τῆς
983 3516 1185 3586 τρίτης
1224 3518 1314 3585 είς
1342 3517 1449 3572 τὸν
1482 3519 1755 3588 Ὀρθρογ.

278 3630 598 3702 Φλογοφὸρε
644 3628 823 3695 λαϐὶς,
877 3629 947 3701 ἠν
984 3630 1213 3695 Ἠσαίας
1264 3631 1457 3701 ἔϐλεψέ
1512 3649 1673 3697 ποτε,
1725 3632 1794 3687 τὰ

214 3722 396 3793 ὑλώδη
419 3721 525 3793 τῆς
551 3725 691 3791 ἐμῆς
720 3721 948 3793 καρδίας
977 3722 1148 3795 πάθη,
1179 3722 1570 3796 Θεογεννῆτορ,
1602 3724 1793 3795 φλέξον

211 3812 310 3864 καὶ
351 3814 442 3874 είς
468 3810 621 3877 τέλος
653 3810 936 3881 ἀφάνισον.

281 3904 322 3956 Γ
325 3902 581 3973 αλουχεῖς
625 3903 1031 3974 μητροπρεπῶς
1060 3905 1152 3958 τὸν
1199 3905 1406 3977 τροφέα
1452 3905 1549 3961 τοῦ
1595 3907 1797 3972 παντὸς

212 3995 309 4045 καὶ
354 3992 549 4063 φέρεις
581 3992 770 4045 τοῦτον
813 3995 872 4045 ὲν
904 3993 1191 4061 ἀγκάλαις,
1245 3995 1406 4066 ἁγνὴ,
1435 3995 1526 4050 τὸν
1558 3996 1627 4049 τὰ
1660 3995 1797 4068 οὑμ-

213 4102 399 4139 παντα
438 4085 585 4156 χειρὶ
614 4084 846 4156 φέροντα
875 4084 1129 4142 πάντοτε.

289 4178 673 4248 Μεμυημένος
713 4178 770 4231 ἰν
800 4176 1082 4248 Πνεὺματι
1119 4177 1438 4250 προᾳητῶν,
1478 4178 1732 4244 Θεοτόκε,
1770 4181 1797 4233 ὁ

216 4270 511 4342 τ.ερίδοξος
548 4271 707 4342 χορὸς
751 4271 813 4325 τὸ
857 4271 996 4343 ὑπὲρ
1027 4270 1152 4325 νοῦν
1192 4288 1285 4325 σου
1329 4273 1633 4344 μυττήριον
1677 4288 1798 4325 ποι-

214 4362 569 4433 κιλοτρόπως
597 4361 756 4417 τοῦτο
797 4364 1170 4435 προχαρὰττει
1201 4366 1368 4436 ἱεροῖς
1394 4366 1454 4419 ἑν
1487 4364 1799 4436 συμῦόλοις,

213 4449 289 4512 ὧν
316 4456 383 4509 τὸ
413 4455 593 4525 πέρας
620 4455 941 4528 καθορῶμεν
968 4456 1275 4527 τηλαυγῶς.

291 4643 507 4716 Δανιήλ
546 4660 605 4699 σε
635 4642 759 4715 δρος
794 4643 937 4715 μέγα
988 4645 1047 4697 ιν
1080 4644 1347 4716 πνεύματι
1379 4646 1623 4719 ἐθεώρει,
1667 4648 1798 4702 Θεο-

214 4743 371 4807 texe,
404 4740 470 4805 ἐξ
511 4729 575 4792 οὗ
616 4736 763 4800 λίθος
801 4739 1138 4809 ἀποτμηθεὶς
1184 4740 1501 4794 ἑκλεπτὺνει
1547 4741 1655 4795 τῶν
1685 4742 1800 4797 δαι-

217 4835 405 4906 μόνων
439 4832 510 4886 ca
543 4831 775 4899 γλυπτά.

302 4926 399 4989 Ὠς
455 4922 709 4995 τράπεζα
749 4923 842 4978 τὸν
884 4922 1046 4996 ἄρτον
1075 4927 1272 4997 χωρεῖς
1309 4925 1400 4979 τὸν
1436 4928 1697 4997 μυστικὸν
1740 4929 1799 4995 ἐξ

213 5013 275 5073 οῦ
326 5017 610 5088 φαγόντες
652 5017 753 5069 οὑκ
803 5016 883 5069 ἔτι
936 5016 1300 5089 λιμώττομεν,
1350 5017 1688 5089 πανύμνητε,
1753 5023 1801 5073 οἱ

1880 1995 2017 2049 sima
2047 2015 2060 2050 :
2085 2005 2245 2066 atque
2278 2012 2341 2050 ex
2380 2007 2432 2051 te
2464 1996 2607 2050 velut
2640 1997 2721 2050 sol
2761 2006 2986 2052 exortus
3022 1997 3301 2067 apparuit.

1950 2087 2324 2144 lmmaterialis
2354 2089 2493 2145 lucis
2521 2089 2891 2145 habitaculum
2924 2088 3097 2145 factus
3134 2100 3217 2146 est
3255 2100 3445 2146 venter

1883 2190 2027 2246 tuus,
2048 2180 2602 2236 oimmaculatissima
2650 2181 2829 2251 puella
2860 2180 3070 2251 Sponsa
3094 2179 3216 2247 Dei;
3250 2182 3343 2251 qui
3367 2182 3448 2236 di-

1881 2272 2017 2327 vina:
2050 2272 2294 2327 scientia:
2353 2272 2734 2343 splendoribns
2778 2272 3152 2327 infidelitatem
3199 2274 3449 2345 impieta-

1882 2375 2097 2435 temque
2141 2364 2414 2419 imminuit
2441 2385 2454 2421 :
2487 2381 2652 2436 quem
2707 2380 2808 2420 nos
2841 2365 3055 2437 hymnis
3084 2366 3445 2435 celebrantes,

1880 2460 2185 2515 clamamus
2224 2456 2596 2515 :Benedictus
2649 2474 2727 2526 es,
2777 2458 2919 2515 Deus
2970 2467 3185 2529 patrum
3231 2469 3451 2516 nostro-

1884 2564 2028 2615 rum,
2046 2558 2151 2604 etc.

1955 2641 2230 2697 Infelicem
2257 2643 2502 2698 animam
2536 2657 2713 2699 meam
2748 2642 3001 2714 plurimis
3032 2643 3255 2713 maligni
3275 2645 3452 2701 hostis

1885 2734 2184 2790 assultibus
2208 2745 2567 2801 attenuatam,
2591 2735 3017 2791 corroborativis
3046 2736 3297 2807 precibus
3321 2738 3449 2802 tuis,

1885 2841 1916 2881 ο
1947 2825 2111 2897 Virgo
2153 2827 2247 2883 Dei
2309 2828 2503 2894 Mater,
2545 2828 2705 2885 saluti
2746 2828 2991 2896 restitue,
3031 2838 3090 2884 ut
3121 2838 3172 2885 te
3196 2844 3293 2901 per
3327 2830 3452 2885 uni-

1888 2935 2043 2974 versa
2077 2920 2272 2976 saecula
2304 2921 2623 2992 glorificem.

1959 3010 2129 3067 Parce
2156 3012 2310 3077 mihi,
2349 3011 2598 3080 Domine,
2620 3029 2781 3084 parce
2805 3029 2929 3069 cum
2960 3014 3172 3071 veneris
3201 3030 3288 3071 me
3307 3016 3455 3087 judi-

1888 3123 2014 3164 care
2038 3127 2052 3163 :
2081 3124 2258 3180 neque
2284 3110 2350 3165 ad
2378 3110 2557 3180 ignem
2587 3126 2673 3167 me
2700 3112 2949 3179 damnes,
2984 3128 3164 3182 neque
3188 3113 3241 3168 in
3270 3112 3456 3169 furore

1895 3209 1989 3256 tuo
2018 3217 2216 3272 arguas
2247 3217 2354 3258 me.
2392 3202 2654 3258 Precatur
2683 3214 2733 3259 te
2767 3203 2947 3276 Virgo,
3000 3220 3033 3261 ο
3067 3206 3302 3273 Christe,
3334 3223 3457 3277 qua:

1893 3304 1944 3349 te
1970 3294 2223 3364 concepit
2246 3310 2308 3350 ac
2340 3298 2570 3364 gestavit
2603 3298 2657 3351 in
2682 3308 2834 3352 utero
2864 3317 2877 3352 :
2911 3307 3163 3368 precatur
3203 3309 3256 3355 te
3286 3314 3455 3372 auge-

1892 3389 2068 3444 lorum
2101 3389 2393 3445 multitudo
2419 3399 2831 3461 martyrumque
2855 3392 3169 3462 collegium.

2092 3515 2176 3571 Et
2208 3532 2406 3570 canone
2433 3516 2542 3571 alio
2568 3517 2717 3586 ferire
2742 3533 2804 3573 tn
2842 3520 2911 3572 ad
2937 3518 3284 3576 Matutinum.

1964 3624 2010 3681 0
2046 3625 2260 3696 forceps
2289 3625 2639 3690 flammifera,
2683 3642 2849 3698 quam
2896 3629 3032 3684 vidit
3081 3629 3211 3685 olim
3268 3628 3461 3700 Isaias,

1894 3718 2077 3771 cordis
2123 3718 2227 3771 mei
2282 3718 2627 3774 inordinatos
2675 3718 2902 3775 affectus
2954 3722 3238 3789 combure,
3286 3739 3319 3779 ο
3367 3724 3463 3781 Dei

1895 3806 2164 3873 Genitrix,
2192 3817 2357 3879 atque
2396 3809 2624 3864 omnino
2656 3810 2777 3866 illos
2800 3811 2956 3867 abole
2978 3821 3034 3866 et
3065 3814 3390 3870 extermina.

1971 3897 2134 3954 Lacte
2173 3900 2371 3965 nutris,
2403 3910 2567 3972 prout
2596 3902 2788 3958 matris
2830 3912 2913 3959 est
2944 3919 3172 3971 munus,
3214 3908 3463 3963 omnium

1899 3993 2263 4059 nutritorem;
2310 4002 2364 4048 et
2413 3993 2565 4048 illum
2591 4007 2776 4065 gestas
2811 3995 2867 4050 in
2899 3996 3068 4063 ulnis,
3101 4009 3331 4064 ocasta,
3368 4000 3466 4070 qui

1900 4086 2154 4140 universa
2183 4099 2398 4156 semper
2423 4101 2588 4141 manu
2616 4085 2722 4141 fert
2756 4101 2821 4142 ae
2853 4096 3146 4143 sustentat.

1970 4180 2260 4237 Gloriosus
2313 4180 2703 4250 prophetarum
2762 4182 2969 4237 chorus
3015 4182 3220 4253 Spiritu
3289 4182 3466 4239 sancti

1900 4274 2218 4344 magisterio
2255 4272 2506 4335 edoctus.
2540 4273 3093 4343 incomprehensibile
3145 4277 3465 4345 mysterium

1904 4378 2078 4430 tuum,
2123 4381 2158 4421 ο
2209 4366 2461 4436 Deipara,
2519 4366 2932 4421 multiformiter
2980 4366 3156 4423 sacris
3201 4368 3467 4438 symbolis

1903 4469 2027 4514 ante
2060 4459 2367 4529 descripsit,
2388 4474 2623 4530 quorum
2646 4476 2746 4513 nos
2765 4470 3016 4515 eventum
3041 4476 3188 4517 nunc
3237 4462 3472 4517 manife-

1908 4554 2144 4609 stissime
2178 4553 2470 4607 intuemur.

1979 4644 2055 4701 Te
2107 4658 2344 4701 montem
2390 4661 2646 4716 magnum
2694 4645 2881 4703 Daniel
2916 4648 3050 4703 vidit
3103 4649 3156 4704 in
3197 4649 3473 4720 spiritu,o

1910 4739 2159 4810 Deipara,
2191 4754 2255 4792 ex
2287 4754 2395 4809 quo
2421 4739 2556 4811 lapis
2582 4740 2883 4807 abscissus,
2909 4742 3217 4798 daemonum
3244 4744 3476 4814 sculpti-

1906 4833 1977 4887 lia
2001 4832 2343 4887 comminuit.

1978 4927 2257 4995 Tanquam
2281 4942 2491 4992 mensa,
2516 4927 2764 4982 contines
2797 4928 3082 4999 mysticum
3112 4942 3305 4997 panem
3332 4928 3476 4992 vitae,

1908 5034 1971 5073 cx
1991 5034 2099 5089 quo
2118 5017 2279 5089 257
2295 5022 2661 5084 comedentes,
2690 5035 2794 5072 non
2815 5020 3047 5089 amplius
3059 5022 3333 5074 esurimus
3358 5034 3476 5081 nos.

1833 4596 1878 4652 Ι)

218 5115 432 5178 ἰδόντες
469 5128 533 5166 σι
562 5108 800 5181 Χριστοῦ
834 5108 929 5163 τοῦ
957 5112 1174 5166 πάντων
1198 5109 1333 5164 Θεοῦ
1364 5113 1685 5184 γεννήτριαν
1712 5115 1796 5166 καὶ

1910 5111 2003 5179 qui
2049 5111 2253 5164 scimus
2299 5118 2368 5175 te,
2411 5124 2443 5162 ο
2489 5108 2944 5174 laudabilissima,
2987 5109 3214 5176 Christi,
3247 5110 3342 5179 qui
3398 5118 3481 5165 est

211 5210 423 5283 τροφὸν
454 5207 535 5271 ῶς
563 5203 798 5275 ἀληθῶς.

292 5389 412 5461 (ll)
457 5384 698 5461 Pulchre
725 5381 1322 5461 Aloysius_Nov_arinns
1380 5381 1434 5437 in
1472 5380 1803 5461 Umb_ra_rir-

215 5455 402 5534 gm‘ea,
427 5476 490 5534 rt.
532 5456 636 5534 297
664 5471 683 5534 _:
723 5474 741 5507 ι
768 5455 965 5534 Nemo,
986 5455 1182 5534 inquit,
1213 5464 1536 5534 tam-parum
1569 5455 1819 5534 virgineae

219 5523 518 5615 puritatis,
542 5527 796 5597 virginea:
831 5523 1016 5593 gloria:
1057 5526 1268 5578 amicus
1299 5528 1389 5590 sit,
1413 5525 1507 5593 qui
1550 5523 1815 5579 maeularit

220 5601 274 5659 in
305 5617 369 5659 ea
412 5601 596 5654 fuisse
626 5605 857 5660 asserat,
891 5610 985 5665 per
1025 5610 1187 5665 quam
1222 5610 1412 5649 omnes
1442 5609 1599 5649 erant
1632 5610 1817 5650 macu-

218 5676 286 5731 la:
308 5669 657 5734 auferendae,
691 5668 885 5722 sordes
914 5680 1106 5722 omnes
1126 5665 1520 5737 abstergendae.
1563 5684 1581 5717 ι

527 5789 763 5860 Originis
794 5796 1066 5860 peccatum
1092 5804 1194 5842 non
1218 5788 1399 5842 habuit

596 5807 623 5844 't
661 5807 763 5844 mis
794 5807 1066 5860 peccatum
1092 5807 1194 5842 non
1218 5807 1399 5842 uaoutt

596 5807 726 5927 (Igitr:
752 5862 923 5913 euntis
958 5860 1079 5913 boni
1113 5860 1230 5929 {om
1253 5871 1302 5915 et
1330 5860 1499 5931 origo.

476 5958 755 6019 PATROL.
792 5959 907 6018 Gn.
942 5959 1064 6019 CV.

1916 5205 2057 5259 Deus
2091 5203 2355 5268 omnium,
2384 5218 2503 5257 esse
2529 5201 2893 5268 Genitrici-m;
2924 5212 2980 5257 et
3019 5218 3143 5258 vere
3190 5202 3479 5258 nutricem.

2156 5382 2322 5449 Culpa
2368 5379 2571 5451 Virgini
2618 5397 2720 5433 non
2750 5378 2983 5444 debetur,
3019 5382 3105 5435 cui

2238 5454 2420 5506 Omnis
2450 5450 2617 5516 debet,
2647 5451 2783 5520 quod
2808 5451 3067 5505 liberatur
3094 5468 3126 5505 α
3157 5450 3329 5516 culpa.

1917 5560 1983 5615 Et
2011 5558 2146 5614 infra
2177 5559 2359 5614 H.915
2392 5573 2405 5610 :

2181 5646 2451 5701 Maculam
2484 5646 2680 5716 percuti
2722 5643 2877 5717 Virgo
2910 5660 3009 5699 non
3041 5644 3225 5698 habuit

2240 5717 2343 5791 Iter
2364 5734 2519 5791 quant
2556 5722 2782 5769 muth
2808 5717 3206 5791 «trucidandus.

2164 5786 2422 5843 Sor-ilibus
2458 5788 2551 5840 illa
2575 5797 2749 5840 caruit
2778 5788 2887 5853 cui,
2926 5786 3165 5840 Iustitia:

2204 5859 2418 5915 Nostrw
2444 5869 2766 5915 romuarala:
2791 5869 2911 5912 sunt
2944 5860 3144 5913 sordes.

3076 5951 3149 6012 bl
