4180 6450
198 422 337 487 1293

1551 417 1913 482 MARIALE.

3278 417 3416 484 1294

271 529 589 601 Νυσταγμῷ
633 529 892 601 ἀμελείας
923 546 1247 601 συνεχομαι,
1287 528 1451 594 ὕπνος
1491 531 1763 602 ἁμαρτίας
1789 541 1839 599 Α

1789 541 1839 599 Α
1934 527 2280 600 Negligentia:
2304 529 2687 587 dormitatioue
2713 530 2931 598 laboro;
2965 547 3188 589 somnus
3214 541 3415 604 peccati

195 623 356 695 βαρεῖ
382 625 482 693 τὴν
525 623 755 695 καρδίαν
798 641 922 694 μου,
960 625 1026 694 τῇ
1060 626 1126 694 σῇ
1174 623 1458 694 ἁγρύπνῳ,
1493 622 1756 691 πάναγνε,

196 713 449 783 μεσιτείςι
480 710 772 783 ἐξέγειρον,
805 715 976 768 σῶσόν
1007 733 1097 785 με.

266 805 629 875 Στειρεύουσα
662 807 816 877 φέρει
838 823 896 861 σε
926 808 1087 877 νηδὺς
1118 809 1409 881 Παρθένον,
1443 811 1761 880 ἐγγάστριον

192 895 469 965 φέρουσαν
500 898 590 951 τὸν
622 898 794 967 Λόγον
827 902 1263 972 σωματούμενον,
1305 902 1365 955 ὃν
1397 903 1558 967 θείοις
1603 921 1760 976 σκιρ-

190 990 436 1055 τήμασιν
489 989 517 1041 ό
562 988 735 1058 μέγας
786 991 1117 1063 Προδρομος,
1174 994 1390 1066 στείρας
1420 998 1450 1048 ὁ
1499 996 1760 1065 πανάγιος

191 1076 427 1144 καρπὸς,
459 1078 672 1146 ἐπέγνω
701 1080 924 1152 χαίρων,
960 1084 1055 1137 καὶ
1088 1084 1478 1155 προσεκύνησε.

264 1168 533 1239 ’Υψιστον
557 1170 688 1225 Θεὸν
711 1174 874 1244 σαρκὶ
899 1175 1239 1231 ἀποτεκοῦσα
1256 1216 1272 1242 ,
1293 1178 1403 1232 άπὸ
1435 1179 1664 1249 κοπρίας
1691 1198 1759 1250 με

187 1258 495 1329 άνὰστησον
546 1262 731 1315 παθῶν
782 1263 891 1317 τῶν
938 1265 1227 1321 θλιϐόντων
1285 1284 1374 1338 με,
1427 1268 1521 1322 καὶ
1573 1271 1758 1334 δεινῶς

186 1349 311 1403 ὅλον
348 1353 733 1423 πτωχεύσαντα
766 1358 885 1421 ταῖς
924 1357 1092 1422 θείαις
1135 1360 1591 1428 καταπλούτισον,
1621 1363 1758 1417 πάνυ

186 1457 345 1509 αγνε,
376 1444 597 1514 ἀρεταῖς
629 1462 718 1516 με,
751 1447 897 1511 ὅπως
926 1447 1078 1519 ὑμνῶ
1111 1466 1171 1502 σε
1207 1449 1530 1521 σωζόμενος.

250 1627 557 1699 Φερόμενον
604 1632 822 1688 ἅπαντα
870 1634 961 1689 τὸν
1008 1636 1240 1707 φέροντα
1282 1638 1360 1710 τῷ
1420 1640 1646 1710 νεύματι
1695 1644 1755 1695 ἐν

179 1720 383 1791 γαστρὶ
411 1722 767 1793 προσεκύνεις
808 1725 910 1798 τῆς
939 1727 1279 1801 Θεομήτορος
1310 1731 1428 1802 μεθ’
1462 1726 1529 1804 ἦς
1562 1732 1754 1786 ἐκδυσ-

177 1807 343 1874 ὠπει,
375 1814 649 1885 προφῆτα,
683 1816 780 1888 τὴν
815 1819 1075 1891 ταπεινὴν
1124 1821 1390 1885 σώζεσθαι
1421 1824 1598 1895 ψυχήν
1650 1842 1751 1895 μου

1861 633 2087 692 occupat
2116 638 2209 677 cor
2239 639 2419 679 meum
2451 643 2463 678 :
2492 632 2570 688 tu,
2598 641 2631 680 ο
2662 625 2993 689 castissima,
3026 642 3237 698 semper
3268 632 3415 700 vigili

1862 717 2253 773 intercessione
2278 725 2369 771 tua
2405 717 2583 772 excita
2615 734 2721 782 me,
2743 726 2797 774 et
2817 719 2970 775 salva
2997 735 3103 773 me.

1932 809 2129 864 Venter
2161 810 2364 866 sterilis
2389 809 2625 880 portavit
2647 819 2696 865 te
2720 810 3021 884 Virginem,
3046 828 3163 883 qua:
3184 814 3236 867 in
3261 825 3416 869 utero

1863 910 1954 955 tuo
1992 899 2228 955 Verbum
2276 912 2628 971 corporatum
2662 905 2977 972 portavisti;
3013 905 3157 974 quod
3190 921 3417 975 magnus

1862 992 2169 1050 Prmcursor
2194 994 2578 1051 sanctissimus
2601 995 2805 1051 sterilis
2823 998 2959 1051 uteri
2983 996 3195 1054 fructus
3219 996 3421 1054 divinis

1861 1084 2085 1140 saltibus
2102 1084 2323 1154 agnovit
2354 1085 2719 1154 laetabundus,
2750 1096 2804 1143 et
2831 1088 3097 1144 adoravit.

1931 1170 2032 1241 Tu,
2056 1189 2177 1244 qua:
2198 1174 2536 1228 Altissimum
2572 1177 2623 1229 in
2656 1190 2822 1230 carne
2850 1177 3129 1245 peperisti,
3157 1178 3306 1249 erige
3335 1195 3420 1234 me

1859 1280 1889 1318 a
1918 1275 2161 1321 stercore
2185 1268 2500 1334 passionum
2529 1266 2902 1322 tribulantium
2928 1284 3013 1324 me
3039 1288 3053 1324 :
3084 1282 3245 1343 atque
3269 1274 3419 1329 omni

1857 1371 1920 1410 ex
1956 1364 2109 1425 parte
2138 1355 2459 1423 gravissima
2488 1365 2727 1427 egestate
2762 1358 3127 1426 laborantem,
3151 1361 3261 1416 dita
3306 1379 3413 1429 me,

1856 1447 2234 1515 ocastissima,
2265 1448 2463 1505 divinis
2488 1448 2807 1521 virtutibus,
2839 1461 2899 1509 ut
2941 1451 3174 1509 salutem
3217 1470 3415 1512 conse-

1856 1550 2013 1598 cutus
2043 1540 2274 1611 hymnos
2307 1541 2404 1596 tibi
2431 1542 2734 1599 decantem.

1923 1631 2215 1704 lllum,qui
2238 1642 2371 1688 nutu
2399 1642 2579 1703 portat
2602 1634 2881 1702 universa,
2910 1635 2964 1692 in
2991 1646 3146 1694 utero
3171 1637 3416 1710 Deiparm

1855 1732 2129 1795 portatum
2163 1726 2379 1790 adoras,
2423 1740 2458 1782 0
2494 1727 2793 1797 propheta;
2848 1742 2971 1784 eum
3031 1746 3139 1801 qua
3194 1747 3417 1802 precare

1857 1832 1954 1887 pro
1984 1818 2166 1874 salute
2210 1819 2438 1873 misella:
2482 1819 2677 1876 animae
2722 1836 2877 1887 mem,
2926 1838 3048 1893 quae
3087 1824 3328 1894 quotidie
3359 1826 3413 1880 iu

177 1899 396 1964 πολλοῖς
468 1906 907 1975 περιπίπτουσαν
968 1908 1092 1964 καθ’
1156 1910 1367 1982 ἡμέραν
1424 1893 1746 1986 πλημμελή·
1784 1893 1827 1952 Β

906 1934 907 1937 η
968 1908 1092 1964 καθ’
1156 1910 1367 1982 ἡμέραν
1424 1893 1746 1986 πλημμελή·
1784 1893 1827 1952 Β
1855 1909 2007 1980 plura
2040 1920 2259 1982 peccata
2279 1911 2557 1969 dilabitur.

176 2012 371 2064 μασιν.

202 2104 301 2157 Ἐκ
333 2104 442 2159 τοῦ
479 2109 739 2176 κανόνος
772 2108 882 2179 τῆς
909 2111 1192 2180 τετάρτης
1222 2114 1308 2181 είς
1338 2114 1443 2170 τόν
1472 2116 1738 2187 Ὀρθρον.

268 2210 442 2283 Ἰερὸς
491 2214 674 2270 ἐκάλει
722 2233 781 2270 σε
830 2219 987 2290 χορὸς
1033 2219 1210 2293 πύλην
1263 2224 1589 2292 άδιόδευτον,
1641 2227 1742 2298 γῆν

173 2304 462 2375 ἐκλεκτὴν,
499 2308 594 2360 καὶ
624 2308 749 2378 ὅρος
774 2310 1137 2383 ἀλατόμητον,
1171 2318 1414 2385 παναγία
1453 2318 1740 2376 Δέσποιναο

172 2393 264 2446 τὸν
294 2395 576 2467 Δεσπότην
608 2399 718 2469 γὰρ
754 2400 863 2454 τῶν
893 2401 1146 2457 ἁπάντων
1192 2406 1455 2478 ἐκύησας,
1490 2409 1582 2465 τὸν
1619 2412 1742 2465 ἐθεο

172 2485 405 2552 λουσίως
428 2489 733 2562 σταύρωσιν
761 2494 924 2565 σαρκὶ
951 2496 1406 2569 καταδεξάμενον.

253 2678 594 2749 ’Υψούμενον
619 2682 679 2734 ἐν
706 2682 847 2754 ξύλῳ
869 2722 886 2748 ,
914 2684 1008 2737 τὸν
1031 2684 1295 2759 ζωοδότην
1327 2689 1619 2760 βλέπουσα,
1648 2693 1740 2747 καὶ

171 2766 437 2829 ἑκουσίως
468 2766 789 2838 θνήσκοντα,
817 2772 1040 2837 καὶτοῖς
1061 2777 1197 2828 πᾶσι
1223 2774 1368 2849 ζωὴν
1409 2780 1737 2850 παρέχοντα,

170 2857 405 2913 ἐδονεῖτο
430 2857 501 2913 τά
530 2860 816 2932 σπλάγχνα
848 2863 882 2934 ἡ
920 2864 1282 2936 πανάμωμος.

255 3042 551 3098 ’Δνέτειλεν
581 3045 645 3099 ἐκ
684 3047 915 3117 γαστρός
948 3066 1041 3103 σου
1074 3051 1284 3122 [ἰατρὸς
1306 3052 1367 3106 τὸ
1396 3054 1740 3127 ἀπαύγασμα

171 3132 429 3203 Χριστὸς,
472 3135 568 3188 καὶ
608 3134 874 3203 ἐφώτισεν
904 3138 1004 3208 τὴν
1039 3140 1362 3211 οἰκουμένην
1406 3145 1741 3217 σταυρούμε-

2100 2111 2185 2170 Ex
2216 2132 2413 2171 canone
2445 2116 2595 2186 feria:
2621 2132 2673 2171 tv
2695 2119 2765 2173 ad
2796 2117 3144 2178 Matutiuum.

1924 2222 2089 2279 Sacer
2114 2225 2316 2280 cliorus
2345 2225 2575 2281 vocabat
2595 2235 2668 2293 te,
2703 2241 2738 2283 ο
2773 2228 3000 2284 Domina
3037 2232 3411 2299 sanctissima,

1850 2326 2062 2385 portam
2110 2316 2450 2387 imperviam,
2504 2326 2702 2372 terram
2748 2320 2998 2388 electam,
3057 2332 3113 2380 et
3170 2335 3411 2383 montem

1850 2422 2009 2478 quem
2046 2408 2296 2478 lapicidas
2326 2424 2521 2465 manus
2560 2424 2667 2465 non
2700 2412 3031 2485 attigit(M);
3057 2432 3181 2472 nam
3224 2419 3411 2475 Domi-

1849 2518 1978 2556 num
2028 2504 2405 2558 universorum
2453 2504 2732 2574 peperisti,
2787 2507 2882 2578 qui
2937 2510 3298 2569 voluntariam
3352 2516 3409 2571 in

1848 2607 2012 2648 carne
2032 2593 2436 2649 cruciﬁxionem
2464 2596 2721 2667 suscepit.

1923 2684 2090 2755 Virgo
2118 2685 2433 2754 purissima,
2468 2700 2592 2741 cum
2624 2698 2868 2744 cerneret
2899 2693 3194 2749 exaltatum
3246 2695 3301 2750 in
3344 2698 3409 2752 li-

1848 2791 1954 2846 gno
2003 2776 2250 2831 datorem
2276 2776 2417 2842 vitaz,
2447 2777 2812 2850 eumdemque
2842 2783 3145 2842 voluntarie
3169 2790 3408 2844 morien-

1852 2878 1979 2932 tem,
2037 2878 2201 2937 atque
2255 2868 2512 2925 omnibus
2576 2871 2738 2926 vitam
2804 2874 3156 2945 praebentem,
3215 2880 3406 2937 intimo

1848 2958 2031 3014 dolore
2059 2960 2263 3016 viscera
2295 2975 2391 3016 sua
2418 2960 2735 3017 discruciari
2765 2967 3051 3023 sentiebat.

1918 3050 2151 3107 Exortus
2179 3062 2263 3107 est
2296 3068 2359 3106 ex
2394 3062 2548 3108 utero
2583 3063 2675 3109 tuo
2723 3056 2978 3127 splendor
3007 3058 3187 3119 Patris
3245 3064 3408 3121 Clin-

1849 3149 1987 3207 stus,
2017 3156 2048 3196 o
2071 3144 2244 3212 puella
2261 3144 2525 3200 maritalis
2544 3147 2647 3201 tori
2673 3146 2889 3218 ignara;
2912 3159 3072 3222 atque
3090 3154 3405 3213 universum

171 3242 277 3288 νος,
305 3225 463 3295 Κόρη
495 3228 859 3298 άπειρόγαμε,
893 3231 988 3285 καὶ
1014 3232 1120 3286 τῶν
1150 3233 1418 3304 δαιμόνων
1461 3236 1522 3290 τὸ
1554 3238 1744 3304 σκότος
1767 3249 1812 3309 ο

1767 3249 1812 3309 ο
1847 3240 2116 3287 terrarum
2137 3232 2300 3305 259
2320 3235 2507 3290 orbem
2531 3237 2676 3292 cruci
2697 3237 2887 3297 aﬂixus
2924 3241 3268 3311 illuminavit,
3298 3247 3409 3303 da:-

168 3317 518 3388 ἐξηφάνισεν.

246 3407 509 3479 Ὠράθης,
536 3409 699 3479 ἁγνὴ,
733 3410 870 3482 μετὰ
895 3412 1053 3467 τόκον
1083 3413 1321 3483 άφθορος
1376 3416 1508 3481 Θεὸς
1536 3417 1644 3491 γὰρ
1677 3423 1738 3474 ἐκ

171 3497 263 3552 σοῦ
288 3500 486 3570 ἐτέχθη
522 3500 597 3565 ὡς
627 3501 932 3572 ἄνθρωπος,
969 3503 1030 3558 δν
1062 3508 1449 3579 κατανοήσασα
1472 3512 1737 3582 σταυρού-

171 3607 328 3658 μενον
356 3590 459 3663 τὴν
489 3593 599 3648 τῶν
632 3593 955 3664 σπλάγχνων
990 3595 1183 3668 ὀδύνην
1225 3597 1300 3669 μὴ
1343 3599 1578 3671 φέρουσα
1608 3603 1735 3673 ἡλά-

167 3680 349 3745 λαξες.

248 3772 562 3845 ’Υμνοῦμέν
592 3789 673 3839 σε,
704 3774 1043 3848 πανύμνητε,
1081 3778 1157 3843 ὡς
1180 3778 1311 3834 Θεὸν
1339 3783 1621 3854 κυήσασαν
1644 3785 1736 3841 τὸν

169 3865 553 3937 ὑπερύμνητον
595 3868 653 3921 ἐν
710 3868 852 3936 ξύλῳ
897 3869 991 3923 τὸν
1043 3872 1349 3942 ἀρχέκακον
1394 3876 1621 3948 δυνάμει
1666 3883 1732 3951 τῇ

166 3955 297 4027 αὐτῇ
338 3956 605 4011 όλέσαντα
646 3957 931 4030 τύραννον,
975 3962 1056 4025 είς
1110 3962 1270 4033 ἡμῶν
1327 3969 1599 4039 σωτηρίαν
1644 3972 1738 4024 καὶ

166 4063 338 4101 καυγη
350 4064 449 4101 μα.

239 4066 267 4098 υ
393 4064 449 4101 α.

236 4064 586 4210 vappam
623 4140 717 4194 τὸν
749 4140 997 4215 πέπυρον
1047 4144 1434 4218 ἀγεωργήτως,
1487 4150 1644 4223 ἁγνὴ,
1677 4152 1735 4206 ὃν

165 4230 523 4302 ἐϐλάστησας,
554 4234 611 4287 ἐν
639 4234 780 4307 ξύλῳ
807 4237 878 4302 ὡς
906 4237 1159 4311 ἑώρακας
1181 4243 1547 4314 κρεμάμενον,
1578 4244 1735 4317 ἔκραι-

165 4322 271 4385 ζες·
311 4324 519 4376 Τέκνον
550 4342 650 4395 μου
680 4326 1040 4395 γλυκύτατον,
1085 4330 1311 4399 γλεῦκος
1344 4336 1732 4404 ἐναπόσταξον,

161 4414 227 4467 δι’
255 4410 316 4469 οὗ
349 4415 593 4488 παθῶνή
624 4418 760 4488 μέθη
789 4422 1239 4493 ἀνασταλήσεται.

241 4504 432 4573 Σὰρκα
466 4507 532 4558 ἐκ
574 4506 675 4576 τῆς
706 4508 802 4578 σῆς
832 4510 1072 4581 γαστρὸς
1100 4512 1363 4584 λαμϐάνει
1412 4515 1600 4583 θέλων,
1642 4520 1734 4572 καὶ

1843 3337 2178 3394 manumque
2213 3327 2462 3383 tenebras
2492 3328 2798 3399 dissipavit.

1913 3420 2227 3491 incorrupta
2260 3423 2474 3479 inventa
2501 3439 2561 3481 es
2585 3435 2703 3495 post
2730 3438 2966 3497 partum,
2996 3446 3032 3487 ο
3060 3444 3230 3505 casta;
3257 3451 3321 3492 ex
3355 3448 3405 3494 te

1841 3514 1985 3569 enim
2026 3514 2205 3579 Deus,
2232 3526 2500 3586 quatenus
2537 3518 2722 3586 homo,
2776 3535 2938 3579 natus
2981 3535 3094 3593 est;
3143 3545 3303 3599 quem
3349 3533 3404 3587 in

1840 3619 2003 3661 cruce
2052 3611 2371 3676 pendentem
2432 3611 2890 3681 animadvertens,
2943 3619 3183 3677 dolorem
3222 3624 3404 3682 cordis

1840 3709 1946 3749 non
1986 3698 2282 3764 sustinens,
2314 3699 2366 3754 in
2406 3700 2610 3758 ﬂebiles
2648 3719 2812 3761 voces
2842 3711 3187 3779 erumpebas.

1912 3786 2220 3846 Laudamus
2247 3801 2318 3854 te,
2364 3808 2397 3847 ο
2424 3794 2571 3849 omni
2622 3796 2778 3852 laude
2826 3798 3172 3867 celebranda,
3203 3807 3408 3879 quippe

1839 3895 1957 3949 quae
1996 3878 2161 3935 Deum
2193 3883 2340 3935 onmi
2378 3883 2535 3939 laude
2580 3888 2919 3955 superiorem
2974 3893 3254 3960 peperisti,
3308 3899 3401 3966 qui

1840 3982 2128 4043 tyrannum
2162 3974 2462 4045 principem
2509 3979 2775 4035 malorum
2812 3982 3010 4037 virtute
3049 4000 3144 4039 sua
3172 3990 3404 4056 perdidit

1840 4066 1891 4117 in
1923 4064 2089 4135 ligno,
2126 4067 2178 4119 in
2210 4077 2453 4121 nostram
2488 4069 2717 4124 salutem
2752 4081 2805 4126 et
2835 4074 3085 4143 gloriam.

1909 4157 2129 4211 Botrum
2182 4159 2331 4213 illum
2381 4172 2678 4226 maturum,
2708 4180 2869 4233 quem
2915 4170 3031 4220 sine
3064 4168 3159 4223 viri
3188 4171 3399 4226 cultura

1840 4249 2163 4316 protuleras,
2191 4265 2223 4304 ο
2260 4249 2445 4322 Virgo,
2476 4265 2531 4307 ut
2560 4255 2737 4310 vidisti
2774 4257 2825 4309 in
2862 4273 3023 4314 crure
3055 4262 3400 4331 pendentem,

1843 4339 1941 4395 bas
1970 4356 2130 4397 voces
2182 4342 2412 4398 emisisti
2450 4362 2462 4398 :
2508 4344 2831 4403 Dulcissimo
2858 4350 2953 4414 fili,
2996 4363 3233 4409 mustum
3268 4356 3397 4412 illud

1838 4431 2067 4500 distilla,‘
2092 4448 2186 4503 per
2210 4434 2355 4504 quod
2398 4438 2709 4505 passionum
2755 4442 2992 4498 ebrietas
3017 4445 3395 4513 prohibeatur.

1907 4526 2136 4581 Carnem
2160 4542 2221 4581 ex
2254 4537 2407 4583 utero
2461 4539 2552 4583 tuo
2581 4533 2886 4590 voluntarie
2930 4541 3172 4606 suscepit
3226 4539 3397 4597 Filius

156 4595 464 4665 καθορᾶται
519 4600 547 4651 ὁ
580 4587 829 4670 ἀόρατος,
877 4604 971 4655 καὶ
1019 4603 1324 4674 σταύρωσιν
1354 4607 1600 4678 δέχεται,
1637 4612 1729 4664 καὶ
1758 4591 1807 4649 D

1758 4591 1809 4649 D
1838 4626 1983 4685 tuus,
2008 4632 2040 4671 0
2070 4620 2292 4673 Domina
2334 4620 2440 4675 Deo
2462 4622 2818 4690 charissima;
2866 4636 2916 4680 et
2948 4644 3071 4682 cum
3106 4630 3396 4687 invisibilis

166 4690 380 4759 κατάρα
408 4690 732 4761 ὀνομάζεται
754 4695 999 4767 κατάρας
1026 4695 1407 4770 ἐξαιρούμενος
1434 4701 1677 4757 ἅπαντας
1699 4707 1727 4758 ό

164 4778 287 4844 Υίός
317 4800 436 4847 σου,
457 4783 842 4857 Θεοχαρίτωτε.

236 4969 549 5042 Φθαρεῐσαν
577 4974 859 5041 ἐκαίνισας
891 4978 989 5049 τὴν
1034 4981 1195 5049 φύσιν
1224 4981 1318 5034 τοῦ
1364 4986 1724 5058 προπάτορος,

164 5062 300 5136 ὑπὲρ
353 5067 520 5136 φύσιν
568 5069 801 5124 τεκοῦσα
864 5076 957 5125 καὶ
1016 5073 1452 5144 παρθενεύουσα,
1513 5081 1724 5148 φύσεως

159 5222 312 5303 nensi
346 5238 481 5292 agro
517 5225 865 5304 caponicum,
906 5237 961 5281 et
990 5227 1361 5285 Immaculata.
1396 5231 1724 5304 Conceptio-

160 5294 241 5368 tuis
280 5308 433 5368 cum_
467 5295 762 5362 pertinacia
815 5308 1268 5368 oppugnatorem,
1318 5294 1607 5358 crudeliter
1653 5307 1721 5359 ab

161 5361 383 5417 inimico
419 5361 826 5445 interemptum,
852 5361 987 5445 post
1016 5378 1125 5425 tres
1166 5361 1396 5445 amplius
1424 5373 1584 5445 horas
1606 5375 1718 5445 jam

164 5445 439 5515 mortuum
480 5435 548 5488 ad
589 5436 752 5515 vitam
787 5438 1046 5515 rediisse;
1077 5450 1131 5494 et
1165 5443 1444 5515 veritatem
1480 5435 1720 5515 Concep—

164 5504 322 5559 tinnis
368 5504 745 5561 Immaculata!
787 5508 872 5562 bis
901 5512 1081 5565 verbis
1100 5511 1496 5569 conﬁrmasse:
1539 5534 1558 5566 ι
1598 5504 1713 5569 Viia

161 5573 223 5651 ad
246 5575 350 5629 hoc
374 5575 562 5651 solum
594 5578 727 5633 mihi
760 5593 1042 5651 concessa,
1077 5591 1133 5635 ut
1154 5598 1316 5651 quam
1356 5586 1505 5639 tenui
1531 5596 1716 5641 contra

161 5646 298 5718 piam
332 5647 680 5712 sententiam,
708 5650 1017 5718 opinionem
1064 5646 1347 5707 retractent
1381 5670 1394 5706 :
1427 5672 1610 5711 verum
1639 5666 1722 5713 est

164 5714 530 5797 beatissimam
580 5714 850 5789 Virginem
893 5720 1115 5797 Mariam
1155 5724 1222 5797 ab
1271 5724 1417 5797 omni
1472 5726 1721 5797 originali

165 5790 373 5861 macula
428 5786 485 5843 in
516 5804 615 5845 sua
675 5786 1025 5861 conceptione
1093 5792 1261 5848 fuisse
1309 5786 1627 5860 immunem,
1671 5810 1724 5853 et

155 5850 420 5914 'divinitus
448 5850 859 5930 pra-enatam.-
894 5883 912 5915 ι
952 5863 1087 5918 Vide
1105 5850 1724 5925 Artuumentariumvsa;

1834 4719 2000 4776 esset,
2035 4712 2267 4768 visibilis
2299 4713 2471 4769 factus
2497 4724 2599 4780 est,
2631 4724 2684 4771 et
2705 4720 2883 4775 crucis
2915 4731 3243 4779 tormentum
3269 4741 3395 4779 sus-

1837 4803 1999 4870 cepit,
2040 4812 2093 4857 et
2127 4804 2471 4859 maledictum
2506 4806 2819 4864 nominatus
2876 4822 2977 4875 est,
3022 4813 3148 4869 dum
3204 4830 3396 4872 omnes

1838 4893 2023 4950 liberat
2066 4910 2093 4947 a
2137 4896 2446 4952 maledicto.

1905 4990 2223 5057 Corruptam
2280 4993 2435 5059 primi
2496 4994 2731 5060 parentis
2781 5005 3030 5051 naturam
3088 5006 3391 5068 renovastt;

1834 5082 2096 5136 universa!
2178 5094 2385 5137 natura:
2446 5085 2841 5141 Plasmatorem
2908 5096 3391 5160 supernaturalitrr

1834 5238 2119 5322 rapiti‘cu‘m
2153 5239 2212 5322 ip
2239 5238 2453 5322 Regeslo
2489 5259 2517 5295 τι
2554 5260 2672 5312 pag.
2706 5245 2811 5303 565
2853 5259 2903 5302 et
2933 5251 3213 5322 deinceps.

1899 5307 2109 5390 (‘9.3‘
2152 5308 2328 5392 “9'ch
2354 5331 2381 5359 "
2420 5307 2787 5392 ¹¹υηιῖιιιίιοηι
2822 5334 2936 5392 noti
2965 5307 3143 5392 attigii
3196 5341 3389 5377 manus

1828 5377 2089 5463 immittis.
2118 5382 2291 5463 attigit
2340 5397 2532 5461 manus
2562 5377 2821 5442 dzémouis
2849 5391 2861 5442 !
2897 5377 3215 5461 Nt-utiq’uam
3265 5411 3391 5463 pro-

1827 5448 1985 5532 fecto:
2016 5449 2244 5502 Decebat
2269 5454 2415 5532 enini
2437 5471 2574 5516 eam,
2593 5472 2719 5532 qua:
2746 5448 3123 5515 uniwrsorum
3185 5448 3389 5532 ρυρνιίι

1826 5518 2128 5583 Iluntinum,
2156 5535 2183 5572 a
2219 5535 2376 5574 manu
2404 5518 2654 5589 hominis,
2683 5537 2736 5580 et
2761 5534 2933 5585 multo
2963 5532 3131 5589 magis
3155 5518 3199 5587 aI
3226 5518 3388 5588 n'tantt

1823 5589 2081 5660 dmmonis
2114 5606 2235 5645 esse
2266 5593 2477 5659 penitus
2507 5595 2779 5651 intactam.
2807 5599 2940 5653 Hinc
2972 5600 3029 5652 Β.
3051 5589 3385 5660 Ϊλθυτριιιιιιε

1824 5657 2166 5739 Justiniunus
2200 5657 2421 5739 irrlibro
2448 5666 2511 5717 de
2556 5666 2820 5721 Gradivus
2869 5672 3206 5739 perfectionis
3247 5657 3387 5727 seri;

1830 5731 1932 5816 psit
1965 5748 1977 5782 :
2014 5750 2030 5780 ι
2065 5729 2142 5782 Ab
2164 5732 2413 5814 origiuali
2437 5729 3385 5816 [we-cato_nul|us'exeipitur,prtrtct'

1828 5799 2134 5870 ilfam,qu;u
2162 5806 2342 5873 genuit
2380 5799 2558 5859 mundi
2593 5807 2945 5865 Salvatorem.
2988 5832 3006 5865 ι
