4180 6450
737 432 870 502 1295

1866 425 1923 484 S.
1968 423 2278 484 JOSEI’HI
2321 421 2876 483 HYMNOGR.\PII[

3843 425 3984 491 I296

733 538 915 596 enixa,
942 543 1264 603 permanens
1293 527 1443 598 tirgn
1487 527 1686 581 intacta
1715 535 1836 598 post
1858 536 2070 598 partum
2105 544 2118 580 :
2145 541 2301 593 quem

2434 528 2625 597 ιπάσης
2654 527 2743 580 τὸν
2775 528 3044 600 Πλάστην,
3077 529 3136 582 ὃν
3164 529 3224 584 ὲν
3257 530 3475 602 σταυρῷ
3502 533 3854 604 κρεμάμενον
3881 539 3983 591 πά-

733 631 865 683 olim
919 629 970 680 in
1011 639 1174 678 cruce
1223 637 1551 692 suSpensutn
1615 621 1826 683 videns,
1877 635 1910 672 ο
1956 620 2303 675 sauetissirna

736 721 900 793 Virgo
932 718 1120 781 Mater,
1158 717 1211 771 in
1234 715 1390 770 ﬂetus
1417 713 1757 785 gemitusque
1785 712 2130 783 erumpebas.

995 826 1079 880 Ex
1114 840 1310 878 canone
1341 823 1488 892 feria:
1521 838 1573 876 vt
1611 823 1679 875 ad
1717 819 2062 875 Matutiuum.

808 1011 1144 1069 Venerahilis
1173 1009 1448 1080 propheta:
1473 1021 1654 1064 sermo
1675 1007 1929 1078 impletus
1947 1017 2031 1061 est
2055 1022 2068 1059 :
2099 1005 2308 1076 gladius

741 1109 885 1161 enim
919 1122 1011 1160 cur
1050 1114 1202 1158 tuum
1239 1100 1609 1173 pcrtransivit,
1643 1115 1675 1154 ο
1707 1099 1958 1167 Domina,
1986 1097 2204 1169 quando
2253 1098 2307 1152 in

737 1202 880 1269 ligno
907 1198 1100 1251 Filium
1132 1206 1283 1251 tuum
1316 1195 1504 1248 lancea
1545 1193 1892 1248 vulneratum
1923 1188 2238 1262 suspexisti.

808 1292 1091 1346 Honorant
1133 1300 1181 1344 te
1210 1288 1432 1342 ordines
1482 1287 1954 1357 iucorporeorum,
2008 1297 2131 1337 nam
2195 1295 2311 1336 om-

737 1386 887 1439 nium
921 1384 1206 1437 Dominum
1233 1393 1462 1450 corpore
1493 1379 1744 1434 vestitum
1766 1375 2045 1446 peperisti,
2067 1389 2099 1427 ο
2129 1371 2310 1426 Puella

736 1480 832 1534 Dei
857 1478 1096 1548 Sponsa;
1123 1475 1215 1546 qui
1248 1489 1343 1545 per
1372 1473 1574 1542 lignum
1594 1485 1785 1528 omnes
1811 1470 2020 1525 vinctos
2043 1465 2308 1528 dissolvit,

740 1583 791 1624 et
827 1570 1010 1623 lidcles
1033 1580 1218 1621 amore
1249 1579 1350 1618 suo
1375 1561 1673 1630 colligavit.

811 1660 1129 1712 lnearnatus
1153 1665 1236 1710 est
1267 1669 1332 1708 ex
1362 1652 1528 1707 castis
1557 1649 1921 1724 sanguinibus
1951 1649 2060 1704 tuis
2097 1646 2311 1702 Altissio

740 1770 882 1818 mus,
911 1768 944 1807 0
970 1750 1131 1821 260
1163 1749 1456 1820 purissima
1483 1763 1498 1813 ;
1529 1760 1692 1816 quem
1736 1759 1861 1799 cum
1919 1741 2213 1797 intuereris
2257 1742 2308 1793 in

741 1847 888 1916 ligno
919 1843 1115 1912 injuste
1156 1841 1482 1906 exaltatum,
1527 1836 1844 1908 suspirabas
1879 1850 2001 1890 cum
2033 1832 2311 1904 lacrymis,

740 1949 793 1994 ct
823 1935 1210 1994 misericordia:
1233 1935 1354 2004 ejus
1381 1935 1588 1988 viscera
1619 1929 2030 1999 magnilieahas.

814 2033 928 2092 ille,
988 2030 1082 2100 qui
1140 2045 1304 2099 super
1369 2027 1628 2080 humeros
1670 2022 1968 2078 Cherubim
2027 2020 2080 2076 in
2139 2019 2314 2084 cmlis,

744 2134 904 2194 prout
933 2123 1041 2176 Deo
1058 2120 1332 2183 convenit,
1360 2120 1567 2188 absque
1594 2117 1761 2171 dubio
1783 2123 2029 2185 portatur
2049 2154 2063 2180 ,
2095 2114 2148 2167 in
2174 2112 2317 2166 ulnis

745 2220 852 2273 tuis
876 2223 1120 2287 gestatus
1149 2222 1234 2267 est
1267 2229 1281 2266 :
1311 2222 1365 2267 et
1393 2210 1542 2267 cruci
1569 2209 1782 2274 aﬁixus,
1843 2221 2034 2262 omnes
2063 2220 2090 2257 τι
2121 2219 2318 2260 eorru-

743 2312 927 2382 ptione
957 2305 1204 2361 salvavit.

819 2401 888 2455 Ut
921 2397 1196 2452 hominem
1237 2390 1533 2454 deiﬁcaret,
1565 2404 1631 2442 ex
1662 2397 1732 2452 te,
1757 2402 1788 2440 ο
1829 2384 2016 2454 Virgo,
2051 2383 2194 2439 Deus
2222 2399 2319 2438 na-

746 2509 834 2552 tus
862 2505 982 2560 est;
1014 2502 1068 2546 et
1113 2487 1431 2550 cruciﬁxus,
1485 2494 1716 2540 mortem
1771 2481 2029 2552 gustarit,
2067 2479 2319 2535 occidens

745 2605 871 2645 cum
910 2587 1002 2657 qui
1027 2599 1114 2639 me
1147 2583 1296 2654 prius
1327 2580 1624 2636 occiderat.

818 2679 1090 2735 Palatium
1140 2675 1302 2746 Regis
1341 2673 1666 2734 animatum,
1722 2676 1776 2724 et
1841 2667 2072 2722 thronus
2131 2665 2320 2735 igneus

750 2779 893 2832 facta
926 2789 1007 2840 es,
1036 2788 1068 2827 ο
1096 2769 1293 2840 Virgo;
1329 2769 1382 2822 in
1431 2779 1540 2836 quo
1577 2765 1666 2819 ille
1703 2762 1969 2824 residens,
2003 2772 2194 2814 omnes
2230 2758 2321 2813 ho-

749 2872 927 2926 mines
954 2883 981 2920 a
1013 2866 1190 2936 primo
1218 2863 1372 2932 lapsu
1407 2857 1604 2923 erexit,
1632 2865 1686 2912 et
1722 2867 1994 2911 consessu,
2027 2851 2204 2908 Patris
2237 2865 2321 2905 sui

749 2962 1058 3020 honoravit.

821 3057 972 3125 Agna
1005 3047 1354 3105 immaculata
1387 3045 1523 3116 (l5),
1557 3042 2059 3115 prophetarumque
2107 3044 2164 3092 et
2187 3049 2325 3090 mar-

752 3162 928 3219 tyrum
959 3133 1329 3216 pulchritudo,
1360 3140 1451 3194 ubi
1487 3150 1536 3191 te
1561 3138 1774 3208 Aguum
1817 3133 1871 3186 in
1921 3131 2070 3202 ligno
2095 3144 2325 3199 suspen-

2411 615 2499 670 λιιι
2522 617 2786 687 ὴλάλαζες
2820 618 3113 689 βλέπουσα,
3148 625 3387 691 παναγία
3425 625 3881 698 Μητροπάρθενε.

2425 819 2526 876 Ἐκ
2564 821 2672 877 τοῦ
2701 823 2960 888 κανόνος
2998 822 3538 950 τῆςθΠαρασκευῆς
3590 829 3678 896 εἰς
3707 828 3817 882 τὸν
3853 830 3991 897 ὀρ-

3152 913 3281 950 nor.

3147 913 3281 965 'por.

2503 1002 2688 1072 Ῥῆσις
2734 1002 2934 1056 σεπτού
2979 1007 3258 1076 προφήτου
3308 1006 3688 1077 πεπλήρωται’
3736 1009 3989 1078 ῥομφαία

2414 1097 2523 1167 γὰρ
2571 1096 2670 1167 τὴν
2715 1098 2940 1170 καρδίαν
2981 1098 3082 1171 τὴν
3129 1099 3229 1165 σὴν
3258 1099 3491 1170 διῆλθεν,
3527 1101 3615 1154 ὅτε
3659 1103 3718 1154 ὲν
3765 1103 3991 1173 σταυρῷ

2414 1192 2792 1262 λογχευθέντα,
2820 1195 3105 1258 Δέσποινα,
3135 1194 3226 1247 τὸν
3263 1195 3353 1247 σὺν
3382 1194 3507 1247 Υίδν
3539 1194 3790 1266 ἔϐλεψας.

2500 1285 2831 1356 Γεραίρουσί
2874 1303 2932 1339 σε
2975 1287 3159 1352 τάξεις
3197 1287 3308 1340 τῶν
3357 1288 3684 1359 άσωμάτωνο
3715 1290 3811 1342 τὸν
3851 1292 3982 1346 πάνυ

2415 1397 2521 1434 των
2541 1381 2646 1451 γὰρ
2671 1379 2948 1451 Δεσπότην
2968 1381 3359 1460 σωματοφόρογ
3380 1381 3622 1452 ὲκύησας
3645 1382 3736 1437 τδν
3750 1382 3989 1436 λύσαντα

2414 1475 2503 1528 διὰ
2547 1473 2707 1539 ξύλου
2738 1473 2993 1544 δεσμίους
3037 1474 3304 1540 ἅπαντας,
3352 1475 3508 1545 Κόρη
3559 1475 3864 1549 Θεὸνυιίφε,
3895 1477 3996 1530 καὶ

2418 1567 2638 1630 πιστοὺς
2670 1565 3004 1637 συνδήσαντα
3032 1569 3098 1638 τῇ
3129 1571 3328 1639 στοργῇ
3344 1566 3530 1624 αὐτοῦ.

2490 1660 2841 1731 Σεσάρκωται
2869 1659 2928 1725 ἐξ
2950 1660 3129 1728 άγνῶν
3157 1677 3252 1715 σου
3297 1662 3547 1732 αἱμάτων
3584 1662 3614 1716 ὁ
3645 1659 3912 1732 ’Υψιστος
3935 1663 3995 1715 ὃν

2417 1752 2709 1823 βλέπουσα,
2739 1753 3002 1822 πάναγνε,
3034 1752 3175 1826 ξύλῳ
3208 1755 3408 1819 ἀδίκως
3435 1755 3741 1828 ὐψούμενον
3768 1756 3993 1818 ἔστενες

2417 1845 2758 1918 δακρύουσα,
2807 1846 2904 1900 καὶ
2971 1847 3066 1918 τὴν
3116 1846 3281 1902 αύτοῦ
3330 1847 3736 1919 εύσπλαγχνίαν
3787 1849 3996 1919 ἐμεγά-

2417 1939 2592 2003 λυνες.

2506 2032 2567 2086 ’0
2597 2031 2785 2096 νώτοις
2831 2031 3113 2104 Χερουϐὶμ
3157 2031 3216 2083 έν
3263 2031 3516 2098 οὐρανοῖς
3559 2031 3884 2103 θεοπρεπῶς
3922 2031 3998 2094 t'o;

2418 2123 2634 2193 ἀληθῶς
2668 2121 2981 2193 ὀχούμενος,
3009 2124 3129 2185 ταῖς
3169 2122 3437 2190 ἀγκάλαις
3466 2140 3561 2177 σου
3591 2125 3800 2194 έποχεϊ,
3834 2139 4000 2176 σταυ-

2423 2213 2618 2283 ρωθεὶς
2646 2213 2855 2278 πάντας
2883 2213 3090 2286 φθορᾶς
3121 2214 3405 2270 διέσωσεν.

2501 2399 2619 2451 Ἵνα
2646 2397 2824 2470 θεώσῃ
2867 2397 2960 2453 τὸν
3003 2397 3312 2469 ἄνθρωπον,
3361 2397 3426 2451 ἑκ
3457 2397 3576 2465 σοῦ,
3619 2398 3886 2468 lle-pun,
3919 2416 4002 2452 τι-

2420 2508 2609 2545 κτεται
2638 2491 2795 2556 Θεὸς,
2839 2492 2938 2547 καὶ
2977 2489 3328 2564 σταυροῦται,
3372 2492 3468 2546 καὶ
3504 2491 3736 2546 θανάτου
3771 2493 3999 2561 γεύεται

2421 2583 2755 2638 ἀποκτείνων
2785 2583 2874 2638 τδν
2903 2584 3002 2655 ἐμὲ
3024 2585 3086 2638 τὸ
3111 2585 3238 2656 πρὶν
3267 2585 3678 2642 ἀποκτείνοντα.

2500 2677 2768 2731 Παλάτιον
2806 2675 3051 2747 ἔμψυχον
3076 2675 3168 2729 τοῦ
3207 2676 3491 2746 βασιλέως,
3540 2676 3635 2730 καὶ
3675 2675 3864 2746 θρόνος
3896 2695 4000 2730 rru-

2424 2769 2713 2840 ρίμορφος,
2757 2769 3021 2841 Παρθένε,
3048 2767 3409 2836 ἁναδέδειξαι,
3439 2769 3498 2822 έν
3543 2761 3587 2837 ᾧ
3621 2768 3993 2839 καθεζόμενος

2425 2859 2632 2922 πάντας
2661 2859 2914 2929 ἐξήγειρε
2964 2856 3060 2912 τοῦ
3107 2857 3377 2928 προτέρου
3425 2856 3715 2928 πτώματος
3748 2856 4000 2928 βροτοὺς,

2429 2952 2524 3004 καὶ
2552 2949 2805 3022 συνεδρία⁴
2832 2949 3044 3021 Πατρδς
3077 2950 3366 3019 ἐτίμησας.

2505 3043 2571 3096 Ἦ
2593 3043 2820 3112 ἄμωμος
2843 3040 3045 3112 ἀμνὰς,
3072 3039 3367 3111 προφητῶν
3398 3057 3459 3093 τε
3489 3040 3583 3093 καὶ
3629 3039 3929 3110 μαρτύρων
3966 3041 4002 3108 ἡ

2426 3135 2716 3209 ὼραιότης,
2748 3133 2938 3204 ὥσπερ
2971 3133 3143 3203 ἀμνόν
3169 3149 3231 3186 σε
3266 3131 3648 3204 ἀνηρτημένον
3694 3130 3795 3185 ἰπὶ
3845 3131 4006 3196 ξύλου

753 3217 874 3297 sum
906 3239 1063 3304 vidit,
1102 3235 1267 3306 etrapit
1297 3247 1482 3287 amare
1515 3229 1663 3294 ﬂere,
1695 3236 1856 3297 atque
1905 3225 1979 3279 ita
2017 3223 2200 3278 dicere
2227 3239 2240 3276 :
2277 3217 2322 3274 0

2434 3227 2742 3298 θεασαμένη
2769 3226 2953 3280 ἔκλαιε
2970 3226 3183 3298 πικρῶς
3216 3225 3308 3279 καὶ
3333 3225 3544 3294 έλεγενο
3587 3224 3650 3278 Ἦ
3677 3224 4009 3278 ούσιωθείσα

753 3345 1020 3391 creatura:
1049 3345 1260 3391 omnes,
1297 3341 1418 3396 qua:
1466 3325 1517 3377 in
1573 3335 1755 3377 rerum
1795 3327 1989 3372 natura
2039 3315 2326 3376 exsistitis,

758 3424 977 3479 laudate
1005 3420 1321 3482 Dominum,
1346 3427 1398 3471 et
1430 3410 1833 3484 superexaltate
1864 3422 1990 3464 eum
2043 3407 2098 3462 in
2143 3405 2328 3461 omnia

755 3517 972 3574 saecula.

831 3609 1113 3664 Salarium
1170 3601 1526 3674 splendorum
1583 3596 1935 3670 pulchritudo
1984 3609 2014 3648 a
2067 3599 2331 3647 consueto

757 3719 923 3758 cursu
955 3699 1185 3764 destitit,
1217 3711 1340 3750 cum
1364 3693 1499 3747 vidit
1530 3701 1604 3758 te,
1651 3705 1684 3745 0
1729 3688 1820 3744 Sol
1847 3684 2098 3757 iustitia,
2131 3683 2334 3743 incru-

761 3809 881 3849 cem
925 3790 1234 3847 voluntarie
1272 3786 1567 3842 sublatum.
1604 3783 1671 3836 At
1714 3779 1882 3850 Virgo
1911 3773 2334 3843 cum'discipuln

763 3889 995 3960 virgine,
1040 3898 1230 3938 amaro
1267 3881 1473 3950 eiulatu
1495 3878 1658 3932 verba
1692 3873 2097 3934 inter-miscens,
2126 3867 2333 3924 clama-

767 3987 854 4036 hat
886 3999 898 4035 :
926 3979 1214 4045 Quodnam
1245 3971 1615 4044 spectaculum
1651 3977 1734 4023 est
1764 3967 1868 4022 hoc
1927 3977 2127 4018 novum
2175 3968 2339 4029 atque

764 4071 1121 4128 inusitatum?

1018 4197 1100 4251 Ea:
1129 4211 1329 4249 canone
1349 4189 1566 4247 Sabbati
1601 4188 1667 4241 ad
1710 4184 2062 4239 Matutinum.

844 4326 1177 4383 Veneranda:
1213 4322 1494 4384 mulieres,
1523 4332 1644 4388 quae
1677 4315 1812 4369 dura
1831 4310 2221 4368 exercitatione
2247 4307 2338 4361 de-

767 4428 1138 4477 certaret-ant,
1173 4424 1227 4470 at
1258 4412 1513 4467 athletice
1539 4412 1753 4464 hostem
1786 4413 2200 4474 superaverant,
2237 4403 2344 4456 eir-

770 4521 1107 4565 cunzstantes
1142 4519 1212 4570 te,
1245 4521 1276 4559 0
1319 4504 1408 4559 Dei
1437 4502 1706 4565 Genitrix,
1736 4499 2078 4554 laetabantur.

2428 3321 2666 3392 ὐμνείτω
2693 3319 2784 3374 τὸν
2822 3321 3028 3390 Κύριον
3051 3321 3201 3372 πᾶσα
3224 3319 3398 3383 κτίσις
3419 3321 3512 3372 καὶ
3539 3315 3902 3389 ὐπερυψούτω
3927 3317 4010 3378 εἰς

2431 3415 2642 3478 πάντας
2675 3414 2800 3479 τοὺς
2827 3411 3048 3477 αἰῶνας.

2501 3597 2812 3667 ⁴Ινωστήρων
2844 3595 3040 3658 κάλλος
3089 3594 3290 3666 δρόμου
3329 3592 3422 3648 τοῦ
3463 3591 3726 3663 συνήθους
3771 3591 4011 3662 ἀπέστη,

2433 3691 2520 3744 ὅτε
2557 3705 2617 3741 σε
2665 3683 3005 3755 εἷδεν,⁸Ἢλιε
3029 3687 3128 3756 τῆς
3166 3685 3534 3756 δικαιοσύνης,
3568 3685 3878 3756 ἐπηρμένον
3919 3685 4015 3738 ἰπὶ

2433 3781 2528 3835 τοῦ
2557 3779 2793 3850 σταυροῦ
2843 3779 3133 3850 θελήματι,
3161 3781 3195 3850 ἡ
3249 3780 3307 3833 δὲ
3333 3779 3608 3850 Παρθένος
3640 3780 3740 3831 σὺν
3792 3777 4014 3848 μαθητῇ

2437 3872 2690 3946 παρθένῳ
2710 3872 2942 3944 ἠλάλαζε
2961 3873 3194 3942 πικρῶς,
3215 3874 3362 3943 οῐμοι
3383 3873 3399 3927 l
3428 3871 3737 3935 ἀναϐοῶσα,
3768 3870 3835 3925 Τί
3854 3869 4018 3924 τοῦτο

2438 3966 2498 4018 τὸ
2539 3965 2687 4032 ξένον
2724 3963 2817 4017 θέα
2825 3980 2901 4035 μα
2917 3980 2934 4031 ;

2455 4189 2555 4241 Ἐκ
2590 4183 2696 4240 τοῦ
2719 4185 2974 4250 κανόνος
2996 4181 3100 4237 τοῦ
3133 4181 3438 4238 Σαϐϐἁτου
3489 4180 3576 4246 είς
3605 4180 3712 4234 τεν
3735 4179 4014 4247 Ὀρθρον.

2513 4313 2580 4365 Δί
2607 4312 2836 4382 ἀσκήσει
2867 4309 3108 4380 στέρῤῶς
3155 4307 3528 4379 ἠγωνισμέναι
3571 4307 3666 4360 καὶ
3709 4305 4021 4376 ἀθλητικῶς

2447 4403 2774 4459 καθελούσαι
2809 4403 2900 4457 τὸν
2927 4403 3118 4474 ἐχθρὸν
3148 4403 3344 4472 σεμναὶ
3372 4390 3654 4470 γυναῖκες,
3680 4399 4020 4470 Θεοκυῆτορ,

2449 4499 2511 4552 σὲ
2538 4496 2901 4568 περιεστῶσαι
2921 4496 3324 4566 εὐφραίνονται.

840 4607 976 4660 Cum
1030 4601 1287 4656 oumilms
1343 4596 1628 4667 prophetis
1692 4592 1974 4661 sacrisque
2023 4586 2328 4642 mulierihu:

2520 4592 2674 4646 Μετὰ
2702 4591 2918 4644 πάντων
2957 4588 3252 4660 προφητῶν
3277 4587 3371 4640 καὶ
3403 4585 3639 4654 γυναίων
3671 4581 3835 4653 ίῖρῶν
3857 4580 4023 4648 Θεὸν,

773 4701 972 4753 obnixe
997 4710 1244 4767 precare,
1279 4709 1311 4747 ο
1336 4689 1525 4761 Virgo,
1561 4687 1713 4743 illum
1739 4685 1833 4756 qui
1874 4699 1939 4738 ex
1981 4692 2032 4738 te
2058 4691 2217 4736 natus
2242 4691 2345 4744 est,

776 4803 832 4846 ut
867 4791 1189 4845 misereatur
1213 4785 1407 4840 nostri.

860 4886 1098 4938 Montem
1131 4880 1426 4934 virtutibus
1459 4876 1778 4930 umbrosum
1816 4871 1950 4926 vidit
1981 4879 2053 4933 te,
2082 4884 2116 4924 ο
2155 4867 2350 4937 Deipa-

781 4999 862 5044 ra,
899 4979 1162 5050 propin-ta
1195 4973 1470 5036 llahaeuc,
1502 4988 1565 5025 ex
1601 4985 1709 5038 quo
1747 4962 2106 5037 inexplicabili
2143 4963 2351 5016 ratiOnc

777 5077 925 5128 Deus
975 5070 1248 5142 appar-uir,
1315 5069 1404 5136 qui
1459 5068 1654 5118 virtute
1725 5076 1822 5116 sua
1891 5055 2105 5126 operuit
2158 5053 2350 5115 cados,

777 5181 939 5237 atque
968 5165 1218 5218 homines
1245 5159 1403 5230 231
1442 5159 1509 5210 ab
1533 5155 1753 5209 interitu
1783 5150 2035 5206 salvavil.

851 5257 1204 5314 SanctiSsima
1233 5253 1418 5321 Virgo,
1445 5257 1769 5318 martyrum,
1819 5243 2219 5302 εοιιίρεεοτιιηι,
2250 5251 2353 5290 em-

781 5364 1130 5419 Iet‘urttmqttc
1157 5347 1432 5418 justorum
1467 5342 1660 5412 gloria,
1693 5338 1760 5391 al)
1803 5334 1956 5389 ornui
1991 5331 2346 5387 teutatioinuui

781 5443 1067 5516 tyrannide
1103 5442 1254 5509 eripe
1289 5453 1407 5490 uos.

858 5621 968 5691 (lii)
1007 5620 1211 5688 Agnam
1247 5630 1463 5691 quoque
1488 5607 1893 5691 irpmaeulatam
1923 5604 2213 5691 adparatu
2251 5617 2353 5682 ,νυ-

781 5672 994 5748 canis.
1025 5672 1277 5745 Α’ἶιὼυλιέ
1299 5672 1578 5741 Cretensis
1605 5676 1812 5748 canone
1853 5679 1904 5731 i‘n
1935 5672 2114 5748 Maria:
2143 5672 2352 5748 l_\‘a_l_ivig

783 5743 1293 5822 lati-inmttlacnlius
1326 5743 1820 5822 tuonarlius'tjrat.’
1847 5749 1898 5801 iu
1927 5743 2171 5822 ean'tdeni
2206 5743 2353 5822 Nat]-

782 5813 1286 5901 vttateut,quOIttm
1341 5829 1498 5901 v.-t'_|_)a
1532 5823 1650 5875 dc'di
1673 5815 1908 5901 intimis
1941 5819 2009 5898 ad
2040 5813 2346 5901 5iﬂl‘i319;§.

1068 5883 1385 5972 patriarchae
1424 5889 2010 5968 Cpttstanliuupnlitatti
2065 5903 2182 5958 pag.
2228 5883 2345 5939 195.

2455 4683 2720 4756 Παρθένε,
2747 4683 2838 4736 τὸν
2866 4681 3126 4753 τεχθέντα
3167 4683 3231 4734 ὲκ
3277 4679 3372 4734 σοῦ
3426 4679 3733 4734 ὲκδυσώπει
3782 4679 4026 4744 ἐκτενῶς

2451 4777 2545 4831 τοῦ
2585 4776 2928 4846 οἰκτειρῆσαι
2957 4776 3128 4846 ἡμᾶς.

2529 4871 2690 4940 Ὄρος
2715 4867 3016 4921 κατάσκιον
3057 4865 3242 4936 βλέπει
3299 4882 3358 4918 σε
3399 4865 3620 4936 ἀρεταῖς
3651 4867 3679 4918 ὁ
3710 4865 4028 4936 προφήτης,

2456 4959 2716 5024 Θεοτόκε,
2775 4956 3112 5028 Ἀϐϐακοῦμ,
3155 4958 3214 5020 ἐξ
3269 4951 3330 5010 οὗ
3379 4956 3618 5024 ὲπέφανε
3657 4955 3791 5020 Θεὸς
3845 4955 4029 5027 ἀφρά-

2459 5069 2598 5117 στως
2625 5053 2793 5122 ἀρετῇ
2825 5049 3067 5120 καλύψας
3104 5050 3388 5120 οὐρανοὺς,
3418 5048 3593 5104 καὶτὸ
3633 5049 3790 5118 γένος
3821 5049 4034 5120 ἀνθρώ-

2457 5161 2573 5198 πων
2602 5143 2873 5206 διασώσας
2899 5145 2963 5196 ὲκ
2991 5143 3216 5211 φθορᾶς.

2529 5239 2776 5307 Παναγία
2800 5237 3062 5310 Παρθένε,
3096 5236 3156 5289 τὸ
3180 5234 3441 5306 καύχημα
3459 5236 3566 5290 τῶν
3590 5243 3908 5307 μαρτύρων,
3945 5238 4037 5290 καὶ

2457 5331 2638 5396 ὁσίων,
2663 5330 2758 5384 καὶ
2805 5330 3030 5408 δικαίων
3064 5331 3244 5402 πάσης
3297 5330 3442 5401 ἡμᾶς
3484 5329 3798 5400 τυραννίδος
3852 5327 4038 5394 ἐξελοῦ

2461 5423 2568 5476 τῶν
2591 5423 2937 5493 πειρασμῶν.
3733 5421 3736 5423 ’

2462 5599 2816 5670 PerSpicuum
2845 5608 3028 5653 autem
3075 5599 3217 5670 apud
3268 5612 3354 5653 me
3380 5595 3555 5670 est_B.
3585 5593 3862 5666 Virginem
3900 5592 4039 5650 falso

2413 5668 2750 5725 .dieendam
2846 5668 3127 5724 absolute‘
3181 5684 3376 5740 agnam
3473 5668 3915 5730 lmmaculatam,
3988 5680 4044 5719 ut

2459 5740 2589 5803 eam
2611 5741 2845 5811 appellat
2886 5740 3175 5810 Jesephus,
3210 5737 3252 5794 si
3309 5741 3360 5811 in
3411 5741 3586 5811 primo
3638 5745 3922 5792 momento
3962 5737 4045 5790 sui

2458 5809 2942 5937 Rise-2,5?l'tilliSSCI.
3000 5809 3232 5880 macula,
3264 5809 3572 5881 cujusutodi
3629 5821 3713 5866 est
3760 5817 4045 5879 peccatum

2459 5901 2490 5937 ο
2512 5900 2668 5938 'Ietna
2699 5899 2750 5938 e.
2775 5899 2787 5909 ·
2817 5912 2832 5936 ι
3124 5917 3127 5921 -

2548 5912 2750 5954 gulam.
2817 5912 2832 5936 ι
3124 5917 3127 5921 -
