4180 6450
234 428 375 492 129³7

1595 424 1957 486 MARIALE.

3322 419 3454 484 129%

312 542 469 611 ’Δγία
520 540 779 608 Θεοτόκε,
814 540 1040 609 ἁγίασον
1081 539 1240 609 ἡμῶν
1290 540 1414 602 τοὺς
1473 539 1784 609 λογισμοὺς,

1866 591 1868 598 ,
1964 538 2007 591 0
2036 536 2233 591 Sancta
2255 534 2501 604 Deipara,
2526 531 2775 587 santifica
2808 530 3163 601 cngitationes
3220 541 3457 597 nostras,

230 634 326 686 καὶ
350 633 412 686 τδ
451 633 708 703 φρόνημα
737 632 1010 703 στήριξον,
1042 634 1139 685 καὶ.
1186 632 1358 686 σῶσον
1388 634 1452 685 ὲκ
1480 631 1590 685 τῶν
1622 630 1792 702 βελῶν

226 725 323 778 τοῦ
340 720 581 796 πονηροῦ
594 720 869 794 ἀτρώτους
893 722 1041 795 ἡμᾶς
1062 723 1382 791 ὼξὰζοντὰς
1407 740 1500 776 σου
1534 724 1593 778 τὸ
1623 723 1791 786 ἕλεος,

226 817 394 888 ἁγνή.

299 909 456 963 Μετὰ
515 908 832 980 μαρτύρων,
886 907 1144 979 ἁχραντε,
1185 908 1281 961 καὶ
1317 906 1479 961 ὁσίων
1514 906 1793 976 Πατέρων,

225 1000 323 1053 καὶ
350 1000 667 1071 προφητῶν,
699 999 889 1053 πασῶν
912 1016 985 1064 ,τε
1013 1000 1107 1053 καὶ
1146 999 1257 1054 τῶν
1285 999 1449 1055 ὁσίων
1501 998 1793 1067 γυναικῶν,

224 1091 319 1144 τὸν
376 1092 437 1144 ὲν
500 1090 674 1158 ἁγίοις
727 1090 888 1161 μόνον
946 1091 1434 1159 ἐπαναπαυόμενον
1495 1088 1795 1143 ὲκδυσώπει

226 1184 377 1253 ἡμᾶς
418 1182 774 1251 καθαγιὰσαι,
824 1180 982 1253 ἁγνὴ,
1009 1182 1192 1251 ἁγίαις
1223 1183 1281 1235 ὲν
1326 1182 1531 1252 φωναῖς
1568 1181 1690 1244 τοὺς
1714 1180 1799 1234 δο-

226 1274 582 1342 ξολογοῦντας
618 1274 782 1328 αὐτὸν
810 1274 891 1338 είς
916 1274 1045 1338 τοὺς
1070 1274 1294 1337 αἰῶνας.

294 1364 606 1436 Θεοκνῆτορ
632 1364 795 1437 ἁγνὴ,
832 1366 971 1438 μετὰ
1001 1365 1221 1421 πάντων
1248 1364 1561 1438 μαρτύρων,
1585 1381 1798 1437 προφη-

222 1455 353 1521 τῶν,
386 1457 481 1509 καὶ
513 1457 695 1523 ὁσίων,
715 1458 809 1512 καὶ
831 1458 1003 1526 ἁγίων
1034 1457 1307 1526 γυναικῶν
1336 1456 1433 1511 καὶ
1477 1454 1801 1529 ίερομαρτύο

226 1562 359 1617 ρων,
393 1549 839 1620 κατοικτειρῆσαι
875 1550 1024 1619 ἡμᾶς
1051 1549 1141 1603 τὸν
1164 1550 1389 1621 Σωτῆρα
1418 1551 1674 1604 δυσώπει.

289 1729 711 1801 Φιλοικτίρμονα
737 1729 869 1785 Θεὸν
905 1732 940 1801 ἡ
972 1731 1232 1803 κυήσασα
1272 1731 1456 1801 σαρκὶ,
1495 1732 1632 1801 μετὰ
1665 1732 1799 1784 πάν-

221 1834 331 1872 των
382 1818 555 1889 ἁγίων
597 1819 919 1876 καθικέτευε
969 1822 1060 1875 ἀεὶ
1110 1821 1371 1876 κινδύνων
1401 1823 1547 1894 ἡμᾶς
1602 1822 1794 1890 σῶσαι,

219 1910 653 1982 Μητροπάρθενε
671 1912 834 1984 ἁγνή.

882 2115 1066 2169 ΗΧΟΣ
1111 2115 1185 2171 Γ¹.

235 2225 331 2278 ἐκ
351 2225 457 2281 τοῦ
478 2227 734 2294 κανόνος
778 2225 889 2297 τῆς
925 2227 1207 2296 δευτέρας
1257 2227 1345 2294 εὶς
1378 2227 1481 2281 τόν
1521 2228 1793 2297 ὀρθρον.

294 2335 544 2403 Παναγία
564 2334 821 2406 ἁχραντε,
852 2336 1189 2407 ἁμαρτωλῶν
1219 2334 1462 2406 βοήθεια,
1484 2336 1793 2389 πιπτόντων

222 2426 619 2498 ἐπανόρθωσις,
642 2428 930 2498 μετάνοιαν
949 2427 1090 2481 δίδου
1126 2444 1217 2497 μοι
1250 2427 1594 2493 κατανύξεως
1622 2427 1795 2481 πολλὰ

220 2517 610 2589 ἡμαρτηκότα.

290 2610 482 2680 Μαρία
499 2610 812 2681 κυριὼνυμε
847 2611 1061 2678 πολλοῖς
1092 2612 1451 2683 κυριευθέντα
1501 2630 1567 2683 με
1596 2612 1791 2667 πάθεσι

216 2700 583 2773 ψυχοφθόροις
610 2701 977 2775 υευθὲρωσον
1010 2703 1327 2776 πρεσϐείαις
1354 2720 1469 2759 σου.

283 2974 440 3028 Δίδου
460 2991 571 3046 μοι,
600 2975 760 3048 ἁγνὴ.
781 2977 955 3050 ἁληΘῆ
984 2979 1292 3050 μετάνοιαν,
1322 2979 1528 3034 παῦσον
1556 2982 1663 3034 τῶν
1689 3000 1787 3035 παι

214 3067 327 3122 θῶν
357 3085 461 3139 μου
486 3068 578 3123 τὸν
609 3069 791 3137 σάλον,
815 3071 1239 3143 ἁμαρτανόντων
1271 3075 1304 3145 η
1335 3075 1666 3145 προστασία.

1899 630 2175 698 animique
2208 632 2441 684 'sensum
2482 626 2795 690 corrobora,
2822 634 2876 678 et
2920 639 2950 677 a
3000 624 3219 692 maligni
3267 624 3461 694 jaeulis

1897 736 1996 776 nos
2044 721 2164 776 sine
2233 721 2453 776 vulnere
2510 733 2807 783 conserva,
2859 718 2987 772 dum
3050 728 3196 772 tuam
3252 719 3461 774 miseri-

1898 814 2162 880 cordiam,
2191 827 2223 867 ο
2256 812 2420 883 Virgo
2448 820 2618 875 casta,
2652 810 3039 880 gloriﬁcamus.

1969 903 2088 962 Una
2124 920 2245 960 cum
2295 905 2648 976 martyribus,
2707 905 3019 973 sanctisque
3069 901 3324 957 Patr-ibus
3392 918 3457 977 ac

1898 998 2196 1069 prophetis,
2223 997 2591 1067 omnibusque
2621 999 2827 1052 sanctis
2854 995 3174 1051 mulieribus
3200 995 3461 1064 ευιψιίνί-

1899 1098 1999 1151 ter,
2035 1105 2067 1143 ο
2101 1086 2287 1158 Virgo,
2311 1102 2406 1142 ora
2431 1088 2581 1142 illum
2605 1087 2696 1158 qui
2721 1086 2869 1143 solus
2890 1088 2944 1141 in
2973 1089 3178 1143 sanctis
3246 1089 3461 1156 requie-

1900 1182 2021 1245 scit,
2057 1191 2114 1236 ut
2145 1180 2448 1237 sanctitieet
2485 1194 2606 1246 nos,
2661 1179 2753 1250 qui
2779 1180 2982 1236 sanctis
3025 1179 3253 1236 vocibus
3310 1179 3459 1233 illum

1897 1274 2262 1346 gloriﬁcamus
2287 1273 2339 1326 in
2368 1274 2588 1328 saecula.

1969 1365 2064 1422 Dei
2106 1364 2351 1422 Genitrix
2384 1380 2517 1434 pura
2561 1374 2615 1419 et
2655 1377 2839 1431 easta;
2872 1378 2997 1421 eum
3044 1363 3297 1419 omnibus
3335 1377 3464 1433 pro-

1898 1458 2097 1529 phetis,
2152 1457 2504 1528 martyribus,
2558 1465 2612 1512 et
2668 1456 3099 1524 coufessoribus,
3153 1459 3462 1528 sanctisque

1898 1548 2221 1605 mulieribus
2274 1563 2340 1605 ac
2381 1547 2889 1620 bieromartyribus,
2939 1562 3166 1619 precare
3211 1550 3458 1604 Salvato-

1900 1656 2035 1707 rem,
2072 1651 2129 1695 ut
2156 1643 2485 1697 misereatur
2514 1641 2707 1698 nostri.

1967 1732 2013 1787 ι)
2042 1732 2231 1795 Mater,
2263 1731 2430 1803 Virgo
2465 1733 2777 1803 purissima,
2808 1747 2931 1802 qua:
2960 1744 3261 1790 amatorem
3292 1736 3456 1791 mise-

1900 1826 2147 1881 ricordiae
2176 1827 2343 1882 Deum
2381 1828 2435 1881 in
2480 1841 2643 1883 carne
2693 1828 2949 1897 peperisti
2988 1846 3001 1881 :
3044 1843 3259 1899 semper
3309 1829 3457 1884 iilum

1828 1895 1868 1949 Β
1897 1919 2207 1989 deprecare,
2231 1935 2339 1975 una
2367 1935 2492 1975 cum
2530 1922 2789 1977 erunibus
2819 1922 3044 1987 sanctis,
3086 1930 3143 1976 ut
3179 1936 3278 1978 nos
3314 1935 3344 1976 a
3368 1935 3462 1992 pe-

1897 2010 2085 2068 riculis
2119 2012 2300 2067 salvos
2338 2013 2630 2067 custodiat.

2500 2123 2732 2181 TONUS
2762 2124 2848 2180 Ill.

2141 2233 2222 2288 Ex
2245 2251 2442 2290 canone
2473 2235 2622 2305 ferire
2662 2252 2697 2290 ιι
2722 2236 2792 2289 ad
2836 2236 3185 2292 Matutiuum.

1968 2341 2133 2413 Virgo
2164 2346 2511 2401 sanctissima
2544 2360 2608 2399 ac
2639 2346 2955 2416 purissima,
2980 2347 3243 2400 auxilium
3269 2360 3458 2416 pecea-

1894 2444 2098 2498 torum,
2128 2435 2403 2506 lapsorum
2436 2437 2661 2503 erectio,
2702 2439 2857 2503 milii,
2895 2438 2989 2511 qui
3041 2439 3209 2494 multa
3238 2449 3456 2509 peccata

1894 2528 2221 2596 perpetravi,
2246 2529 2680 2599 compunctionis
2707 2531 3078 2600 pmnitentiam
3105 2532 3361 2589 concede.

1961 2618 2006 2674 Ο
2028 2618 2216 2687 Maria,
2249 2620 2408 2691 cujus
2442 2636 2638 2676 nomen
2672 2621 2956 2678 Dominam
3005 2634 3183 2689 sonat,
3227 2640 3313 2680 me
3357 2626 3459 2680 sub

1895 2713 2186 2768 multarum
2224 2715 2827 2783 passionum,animam
2865 2733 3039 2773 meam
3074 2718 3139 2773 ad
3178 2718 3455 2773 interitum

1893 2805 2344 2873 pertrahentium,
2375 2806 2657 2861 dominatu
2693 2822 3015 2878 oppressum
3063 2808 3231 2864 libera
3288 2811 3457 2865 inter-

1893 2894 2229 2951 cessionibus
2262 2897 2387 2951 tuis.
2414 2968 2417 2971 _

1964 2984 2158 3041 Veram
2216 2988 2348 3042 mibi
2410 2990 2781 3057 pmuitentiam
2835 2993 3109 3060 concede;
3161 3008 3449 3065 compesce

1892 3075 2208 3144 passionum
2246 3093 2492 3133 mearum
2523 3080 2923 3137 tumultuantes
2956 3082 3185 3149 ﬂuctus;
3221 3100 3254 3141 o
3286 3084 3453 3156 Virgo

1894 3175 2069 3229 caSIa,
2101 3168 2413 3235 praesidium
2448 3182 2822 3240 peccatorum.

293 3258 363 3313 Ἦ
405 3258 540 3330 μόνη
580 3258 668 3314 διὰ
698 3259 859 3327 λόγου
907 3260 1001 3314 ἐπὶ
1050 3260 1153 3330 γῆς
1201 3260 1298 3315 τὸν
1357 3261 1529 3331 Λόγον
1582 3261 1783 3327 τέξασα

1957 3257 2118 3328 262
2144 3260 2187 3314 Ο
2216 3269 2295 3325 tu,
2320 3277 2441 3332 qum
2467 3263 2579 3319 sola
2622 3265 2675 3317 in
2716 3266 2876 3321 terris
2904 3281 3001 3336 per
3039 3268 3263 3322 verbum
3318 3268 3451 3324 Ver-

210 3353 309 3407 καὶ
361 3352 796 3424 παρθενεύουσα,
826 3352 935 3407 τῶν
961 3352 1171 3421 ἀλόγων
1204 3370 1271 3423 με
1316 3352 1482 3421 ῥῦσαι
1534 3354 1787 3423 πράξεων

210 3439 397 3509 λόγοις
433 3441 652 3506 umet;
678 3440 827 3507 ὅπως
860 3441 1086 3513 ἁνυμνῶ
1116 3457 1197 3495 σε.

278 3627 397 3696 τὴν
421 3625 654 3680 κιϐωτὸν
680 3624 782 3697 τῆς
811 3627 1102 3699 Διαθήκης,
1130 3626 1229 3698 τὴν
1267 3627 1432 3695 ἁγίαν
1464 3628 1634 3696 ὅντως
1654 3632 1786 3702 τρά-

208 3721 408 3786 πεζαν,
437 3720 499 3772 τὸ
540 3719 856 3791 ἱλαστήριον
906 3719 1087 3791 ἡμῶν,
1108 3720 1201 3774 τὸν
1243 3721 1371 3775 ναὸν
1397 3721 1533 3775 Θεοῦ
1568 3724 1658 3777 τὸν
1689 3724 1787 3796 εμ-

205 3814 405 3883 ψυχον,
455 3812 553 3885 τὴν
586 3813 901 3884 πάγχρυσον
938 3812 1182 3885 λυχνίαν,
1224 3814 1323 3886 τὴν
1358 3814 1529 3887 ἁληοῆ
1558 3817 1788 3889 Μητέρα

205 3904 301 3958 τοῦ
334 3902 721 3974 πλαστουργοῦ
747 3903 1112 3973 ἁνυμνοῦμεν.

287 3996 352 4047 'll
393 3995 570 4065 κρήνη
622 3995 655 4065 ἠ
707 3991 769 4047 τὸ
805 3993 946 4063 ὕδωρ
977 3993 1077 4063 τῆς
1100 3995 1348 4064 ἀφέσεως
1401 3994 1662 4067 βρύουσα,
1690 3998 1788 4062 τὰς

204 4087 498 4149 ἑκϐλύσεις
530 4086 640 4139 τῶν
677 4086 827 4155 ἐμῶν
877 4088 1235 4157 πταισμάτων
1276 4087 1529 4157 ξήρανον,
1554 4106 1786 4160 παρεχοο

208 4180 347 4248 μέντοι
380 4196 472 4247 per
496 4176 733 4248 δμὸρους
762 4177 1038 4247 δακρύων,
1091 4178 1239 4245 ὅπως
1269 4197 1328 4235 σε
1358 4183 1445 4236 ἀεὶ
1481 4182 1555 4246 ὡς
1589 4184 1780 4237 Θεοτόο

202 4291 297 4329 κον
324 4272 505 4343 ὑμνῶ.

285 4366 596 4438 Ὑπερὸολῇ
656 4365 924 4430 ἅσωτείας
987 4365 1065 4436 τῷ
1115 4365 1217 4439 ᾄδῃ
1260 4368 1377 4421 νυνὶ
1426 4370 1784 4439 προσήγγισα

201 4460 674 4533 ὑπερϐάλλουσαν,
694 4460 869 4531 Κόρη,
886 4459 1288 4529 εύσπλαγχνίαν
1304 4460 1526 4531 ἔχουσα,
1552 4463 1626 4525 ὼς
1651 4462 1783 4516 Θεὸν

198 4554 289 4607 τὸν
315 4549 701 4622 εὔσπλαγχνον
752 4552 1013 4622 ἀρρήτως
1038 4553 1309 4621 ,τεκοῠσση
1339 4554 1659 4625 οἰκτείρασα
1709 4572 1777 4626 με

202 4661 398 4700 σωσσν.

265 4826 537 4884 Φωτεινδν
566 4825 660 4880 τοῦ
692 4828 966 4881 Δεσπότου
1002 4828 1286 4891 παλὰτιον,
1310 4824 1455 4883 οἷκον
1506 4830 1678 4897 δεῖξόν
1710 4850 1776 4901 με

202 4919 378 4988 φωτός
416 4934 434 4952 ⁸
484 4917 757 4971 ἁδιόδευτε
792 4917 988 4990 νπύλη,
1020 4917 1308 4983 ύπὰνοιξόν
1357 4937 1447 4989 μοι
1492 4924 1778 4990 μετανοίας

198 5012 355 5077 ὁδούς
407 5027 427 5046 ο
455 5010 530 5080 γῆ
581 5009 732 5079 ἁγία,
761 5010 899 5082 πρὸς
953 5010 1055 5081 γῆν
1090 5028 1159 5080 με
1193 5012 1413 5081 πραέων
1463 5012 1726 5083 ὀδήγησον
1761 5029 1775 5044 °

200 5104 497 5165 Δέσποινα,
534 5102 716 5167 πάσης
749 5119 816 5174 με
855 5102 1024 5171 δεῖξον
1060 5103 1375 5167 δεσποτείας
1435 5104 1626 5159 παθὼν
1670 5107 1775 5160 ἁπ-

197 5196 383 5250 ελεύοε
390 5212 511 5265 ρον.

207 5310 311 5363 Ἐκ
347 5306 461 5361 τοῦ
513 5305 772 5371 κανόνος
822 5306 934 5375 τῆς
964 5307 1157 5375 τρίτης
1220 5311 1308 5374 εἰς
1350 5308 1458 5362 τὸν
1503 5309 1771 5380 Ὀρορον.

278 5413 617 5479 Ἀθανασίας
647 5414 825 5486 μάννα
855 5415 1086 5485 Χριστὸν
1119 5417 1379 5489 φέρουσα,
1414 5419 1654 5487 στάμνος
1686 5422 1771 5473 λο-

198 5510 350 5582 γικὴ,
386 5507 622 5581 πικρίας
669 5508 1028 5579 ψυχοφοόρων
1059 5508 1247 5562 παθῶν
1296 5509 1633 5577 ὲκλύτρωσαί
1684 5530 1772 5581 με,

200 5600 451 5673 Παρθένε
498 5597 761 5668 παναγία,
801 5598 949 5662 ὅπως
1003 5597 1185 5652 πίστει
1226 5596 1490 5667 δοξο).ογῶ
1519 5615 1577 5650 σε
1618 5598 1775 5651 εὐσε-

197 5693 330 5757 ὁῶς.

267 5782 703 5855 Παρθενομῆτορ
720 5782 976 5854 ἃχραντε,
1002 5781 1387 5855 μετανοοῦντας
1415 5782 1561 5853 ἡμᾶς
1583 5783 1672 5836 καὶ
1698 5783 1776 5854 τῷ

199 5876 424 5951 Χριστῷ
461 5875 895 5949 προστρέχοντας
928 5876 1157 5931 καὶτῶν
1210 5877 1568 5948 πταισμάτων
1619 5875 1773 5933 λύσιν

1889 3348 2014 3402 bum
2046 3350 2281 3419 genuisti
2333 3367 2397 3407 ac
2449 3354 2735 3422 peperisti,
2775 3365 2830 3411 et
2887 3357 3041 3427 virgo
3086 3360 3457 3428 permansisti,

1887 3439 2053 3494 libera
2090 3458 2172 3496 me
2194 3443 2262 3497 ab
2295 3446 2599 3500 actionibus
2631 3446 2957 3516 brutalibus,
2982 3460 3040 3505 ut
3075 3451 3257 3506 verbis
3290 3468 3449 3507 vene-

1886 3532 2098 3588 ratione
2130 3534 2303 3604 plenis
2335 3545 2385 3592 te
2418 3538 2738 3598 collaudem.

1955 3625 2150 3679 Arcam
2182 3625 2538 3696 Testamenti,
2579 3647 2821 3687 mensam
2867 3650 2993 3691 vere
3043 3647 3311 3700 sanctam,
3355 3652 3455 3691 no-

1887 3724 2058 3770 strum
2135 3720 2599 3788 pr0pitiatoriun‘t,
2658 3725 2919 3794 templum
2973 3726 3064 3780 Dei
3127 3728 3451 3791 animatum,

1886 3806 2166 3861 lucernam
2212 3820 2376 3866 totam
2406 3828 2650 3877 auream,
2690 3832 2872 3871 veram
2916 3817 3142 3874 Matrem
3175 3819 3452 3877 Creatoris

1886 3897 2280 3955 collaudamus.

1954 3986 2000 4044 Ο
2029 3989 2173 4057 fons,
2221 3995 2311 4062 qui
2366 4012 2560 4065 aquam
2609 3998 2957 4070 indulgentia:
3010 4016 3074 4056 ac
3115 4004 3453 4059 remissionis

1884 4082 2137 4148 scatur-is,
2196 4096 2541 4152 peccatorum
2598 4103 2844 4144 meorum
2921 4102 3207 4149 manantes
3277 4112 3449 4165 aquas

1882 4174 2117 4239 exsieva,
2150 4174 2512 4247 lacrymarum
2552 4179 2756 4235 imbres
2793 4181 2922 4236 mihi
2953 4183 3280 4250 concedens,
3316 4197 3375 4241 ut
3402 4199 3452 4243 te

1882 4280 2097 4335 sernper
2119 4276 2373 4339 tanquam
2398 4272 2679 4340 Deiparam
2710 4274 2959 4329 laudibus
2985 4278 3263 4333 extollam.

1955 4356 2208 4413 Luxuria?
2248 4372 2412 4431 atque
2446 4365 2893 4434 intemperantia:
2948 4381 3179 4424 excessu
3235 4368 3449 4426 inferno

1882 4462 2029 4503 nunc
2064 4454 2494 4523 apprOpinquavi
2527 4474 2541 4511 :
2574 4466 2652 4524 tu,
2678 4472 2712 4511 o
2753 4456 2959 4523 Puella,
2994 4474 3115 4529 quae
3143 4463 3359 4520 θΧΟθιΙὶδ
3395 4466 3446 4519 in

1883 4544 2184 4599 visceribus
2231 4546 2640 4615 misericordiae,
2685 4561 2846 4621 utope
2879 4568 3000 4620 qua:
3032 4553 3197 4608 Deum
3233 4558 3439 4611 iniseri-

1883 4636 2269 4692 eordissimum
2302 4639 2650 4697 ineﬂ‘abiliter
2674 4643 2960 4713 peperisti,
3012 4644 3273 4704 miserere
3317 4651 3445 4716 mei,

1880 4737 1933 4782 ct
1953 4730 2101 4784 salva
2135 4747 2241 4785 me.

1951 4818 1998 4875 Ο
2032 4825 2288 4892 palatium
2328 4824 2420 4880 Dei
2456 4827 2812 4895 luminosum,
2861 4832 2946 4888 fac
2982 4850 3067 4890 me
3101 4834 3322 4890 domum
3362 4836 3445 4887 lu-

1880 4912 1959 4967 cis
1998 4932 2011 4968 :
2043 4931 2075 4969 o
2102 4924 2253 4984 porta
2282 4918 2565 4988 impervia,
2590 4923 2743 4990 aperi
2781 4924 2912 4979 mihi
2938 4926 3050 4981 vias
3078 4925 3444 4996 pmnitcntim:

1878 5019 1911 5059 0
1932 5016 2071 5061 terra
2103 5021 2313 5076 sancta,
2334 5010 2508 5067 deduc
2537 5028 2621 5068 me
2666 5014 2719 5069 in
2750 5024 2948 5073 terram
2986 5029 3393 5074 mansuetorum
3424 5038 3437 5072 :

1878 5115 1911 5154 ο
1946 5099 2194 5169 Domina,
2219 5102 2388 5159 libera
2418 5121 2500 5161 me
2529 5105 2598 5161 ab
2624 5107 2775 5163 omni
2815 5114 3135 5179 passionum
3171 5112 3439 5167 dominio.

2122 5308 2206 5358 Ex
2243 5322 2439 5361 canone
2475 5308 2624 5377 ferite
2657 5326 2716 5366 ιιι
2743 5312 2812 5365 ad
2844 5311 3187 5372 Malutiuum.

1948 5410 1993 5468 Ο
2032 5430 2166 5493 urna
2201 5416 2502 5483 rationalis,
2543 5435 2663 5487 quae
2697 5420 2980 5479 Christum
3018 5425 3445 5485 innnortalitatis

1879 5521 2074 5560 manna
2100 5508 2291 5574 tulisti,
2319 5509 2485 5566 libera
2514 5528 2618 5575 me,
2649 5511 2811 5582 Virgo
2841 5518 3209 5585 sanctissima,
3235 5536 3263 5574 a
3296 5537 3444 5575 mor-

1879 5600 2156 5657 tiferarunr
2187 5606 2503 5673 passionum
2537 5610 2923 5676 amaritudine,
2966 5620 3024 5666 ut
3049 5627 3175 5668 eum
3221 5617 3345 5683 title,
3378 5633 3443 5672 ac

1878 5694 2075 5764 pietate
2113 5706 2164 5749 te
2190 5697 2506 5765 gloriﬁcent.

1952 5784 2113 5855 Virgo
2131 5785 2304 5841 Mater
2324 5788 2604 5856 inviolata,
2626 5800 2682 5846 tu
2701 5794 3075 5861 quaeomnium
3099 5812 3159 5852 es
3184 5797 3437 5865 Domina,

1878 5878 2113 5937 concede
2132 5879 2286 5937 nobis
2303 5880 2557 5940 omnibus
2570 5882 2660 5953 qui
2684 5884 3002 5955 ptenitentia
3020 5886 3165 5944 ducti
3192 5891 3255 5945 ad
3282 5890 3384 5945 Clu
3398 5895 3439 5947 i-
