4180 6450
756 400 891 466 1299

1868 410 1928 467 S.
1970 412 2279 471 JOSEPHI
2322 410 2882 474 HYMNUGRM‘III

3838 410 3978 477 1300

751 522 894 567 stum
924 511 1280 579 recurrimus,
1311 525 1362 569 et
1395 526 1735 584 peccatorum
1777 517 2174 577 absolutionem
2208 524 2299 578 dc-
2339 534 2374 583 Δ

2339 534 2374 583 Α
2408 525 2657 591 θέλοντας
2683 526 2887 592 λαϐεῖν,
2927 525 3117 581 τοῦτον
3144 526 3285 580 ἵλεον
3303 526 3413 589 τοῖς
3449 526 3611 579 πᾶσιν
3636 524 3974 596 ἀπέργασαι,

750 605 1075 667 sideramus,
1102 612 1160 656 ut
1185 604 1332 658 illum
1366 605 1653 675 propitium
1684 611 1920 678 reperire
1951 614 2242 681 possimus.

817 690 997 754 Salve,
1031 706 1061 744 ο
1085 690 1264 746 Puella
1297 693 1590 748 multorum
1640 699 1917 754 nominum
1948 704 2308 772 appellatione

750 782 1064 853 conSpicua,
1104 798 1167 837 ex
1201 800 1305 853 qua
1338 782 1574 841 Verbum
1612 798 1798 843 natum
1833 800 1939 858 est,
1974 796 2115 864 quod
2156 811 2253 850 nos
2278 812 2307 850 a

752 872 1013 928 {telarum
1070 876 1339 929 actionum
1405 878 1820 935 irrationalitate
1874 884 2087 940 liberat.
2120 886 2306 953 Salve,

753 966 922 1020 nubes
947 965 1143 1032 lucida,
1164 983 1285 1037 qure
1308 980 1507 1024 nostra!
1534 973 2006 1039 pusillanitnitatis
2029 993 2091 1032 ac
2122 994 2309 1033 socor-

750 1058 853 1111 dia:
890 1060 1057 1112 nubes
1073 1060 1330 1127 dispellit.

822 1151 980 1221 263
1012 1153 1171 1207 Partu
1217 1162 1330 1217 tuo,
1376 1170 1408 1209 o
1441 1154 1647 1220 Puella,
1679 1159 1839 1228 primi
1874 1161 2114 1231 parentis
2142 1160 2309 1216 male-

752 1245 1040 1298 dictionem
1075 1245 1366 1307 sustulisti,
1406 1257 1459 1301 et
1490 1250 1646 1304 nobis
1675 1252 2065 1308 benedictionis
2088 1252 2310 1309 ﬂumina

752 1351 1009 1391 emanare
1055 1337 1249 1401 fecisti,
1282 1339 1374 1408 qui
1417 1349 1466 1396 le
1500 1341 1897 1408 benedicimus,
1935 1352 1989 1399 et
2031 1360 2154 1401 cum
2205 1346 2309 1401 ﬁde

750 1430 1139 1500 gloriﬁcamus.

819 1525 1051 1596 Ojanua
1090 1544 1303 1594 corum,
1356 1531 1447 1601 qui
1485 1546 1581 1600 per
1628 1530 1785 1585 ﬁdem
1836 1531 2063 1586 salutem
2121 1547 2313 1587 conse-

753 1630 994 1687 qttnntur
1028 1639 1040 1674 :
1074 1636 1106 1675 ο
1128 1631 1278 1693 porta
1318 1638 1408 1691 per
1439 1639 1602 1692 quam
1638 1625 1897 1679 solusille
1925 1627 2300 1694 pertransivit,

753 1714 844 1780 qui
876 1724 1090 1782 propter
1116 1729 1215 1769 nos
1248 1715 1561 1771 incarnatus
1594 1727 1709 1782 est;
1750 1718 1896 1787 aperi
1940 1718 2095 1771 nobis
2129 1728 2312 1788 portas

748 1806 993 1875 iustitiae,
1019 1809 1182 1877 quite
1209 1809 1434 1864 lideliter
1462 1810 1854 1865 collaudamus.

822 1896 868 1949 0
899 1906 1050 1951 casta
1077 1896 1239 1969 Virgo
1273 1910 1553 1970 perpetua,
1583 1901 1748 1955 libera
1782 1916 1867 1954 me
1896 1900 1963 1955 ab
1994 1899 2313 1972 ignorantiae
2346 1885 2387 1943 Β

754 1994 1068 2064 peccatique
1096 1996 1353 2057 tenebris.
1399 2011 1519 2062 qua:
1561 2011 1646 2051 me
1680 1997 2043 2067 undequaque
2090 1997 2317 2053 circurn-

754 2088 884 2139 dant
912 2095 963 2141 et
1019 2089 1431 2158 constringunt;
1467 2090 1665 2159 quippe
1693 2106 1814 2160 qua:
1868 2091 2017 2145 illum
2056 2091 2316 2161 peperisti

754 2178 847 2247 qui
874 2178 1123 2234 universa
1155 2190 1207 2233 et
1231 2181 1471 2236 continet
1498 2190 1551 2235 et
1584 2181 1856 2251 astringit.

827 2270 1118 2340 Speciosus
1147 2272 1319 2327 forma
1357 2273 1619 2330 Dominus
1651 2292 1769 2331 cum
1800 2284 1850 2329 te
1874 2276 2108 2345 speciem
2151 2274 2317 2331 Jacob

757 2363 1053 2430 dilexisset,
1090 2380 1123 2420 ο
1164 2365 1691 2433 immaculatissima,
1740 2367 2065 2423 inhabitat-it
2104 2378 2315 2423 uterum

759 2465 945 2523 tuum;
977 2465 1030 2511 et
1062 2458 1360 2513 caelestium
1392 2458 1656 2514 donorum
1694 2459 2097 2528 pulchritudine
2129 2460 2320 2514 Imma-

760 2565 885 2603 num
922 2566 1092 2619 genus
1127 2550 1420 2606 decoravit.

830 2640 906 2696 Te
940 2642 1139 2696 nubem
1171 2644 1402 2699 lucidam
1437 2644 1695 2714 propheta
1721 2645 1986 2714 prmvidit,
2014 2660 2078 2701 ex
2102 2659 2207 2715 qua
2239 2644 2319 2699 sol

762 2746 994 2800 magnus
1027 2732 1281 2787 Christus
1320 2732 1460 2789 Deus
1509 2734 1762 2803 apparuit
1808 2734 1989 2800 nobis,
2017 2742 2071 2787 et
2109 2749 2171 2790 ea
2202 2749 2323 2805 qua:

762 2822 913 2892 prius
948 2825 1180 2879 tenebris
1208 2823 1422 2895 perfusa
1482 2836 1637 2879 erant
1664 2826 2007 2882 illuminavit.
2062 2828 2319 2881 Eumdem

762 2932 914 2985 ergo,
956 2931 987 2969 ο
1018 2917 1433 2986 benignissima,
1470 2934 1714 2987 precare,
1745 2917 2135 2987 utpassionum
2169 2933 2320 2973 mea-

763 3024 882 3062 rum
916 3010 1085 3064 nubes
1103 3011 1354 3080 dissipet,
1386 3011 1679 3080 divinaque
1705 3010 1826 3066 luce
1851 3025 1935 3065 me
1963 3011 2251 3066 illuminet.

1009 3124 1093 3190 Ea:
1115 3152 1309 3191 canone
1338 3138 1485 3206 ferite
1528 3153 1579 3191 Iv
1620 3139 1689 3191 ad
1727 3136 2073 3192 Matutiuum.

834 3266 1094 3335 Supernis
1141 3266 1418 3323 ordinibus
1470 3269 1756 3324 sublimior
1791 3268 2112 3339 apparuisti,
2151 3267 2321 3324 Deum

763 3358 999 3413 Verbum
1044 3359 1097 3413 in
1143 3349 1301 3415 ferris
1338 3360 1522 3426 enixa,
1555 3376 1588 3415 ο
1640 3361 2010 3426 immaculata,
2041 3361 2175 3431 ,ιιιιί
2224 3375 2325 3416 nos

764 3454 1111 3521 pass'anibus
1144 3454 1279 3519 suis,
1315 3462 1369 3507 et
1410 3469 1574 3508 cruce
1609 3455 1845 3524 pretiosa
1900 3461 2120 3524 propter
2172 3469 2325 3509 suam

765 3544 1057 3599 bonitatem
1087 3542 1153 3598 ad
1179 3544 1419 3599 cmlcstia
1453 3559 1617 3615 regna
1662 3544 1876 3599 reduxit
1906 3558 1971 3600 ac
1998 3543 2219 3612 recepit.

834 3636 970 3690 Cum
1011 3635 1285 3691 Christum
1320 3637 1373 3689 in
1424 3651 1589 3691 cruce
1641 3651 1963 3705 suspensum
2023 3634 2257 3699 videres,
2292 3650 2325 3689 o

766 3724 1014 3793 innupta,
1038 3740 1159 3780 cum
1184 3725 1371 3780 dolore
1398 3725 1617 3781 dicebas
1647 3745 1659 3780 :
1686 3724 1922 3789 Occidis,
1942 3740 1975 3780 ο
2004 3724 2094 3780 Sol
2119 3724 2323 3794 εισι-ιφ,

765 3818 833 3872 ab
855 3818 1030 3874 oculis
1064 3819 1220 3883 meis,
1256 3819 1348 3889 qui
1381 3821 1435 3873 in
1464 3820 1699 3875 tenebris
1721 3830 2000 3874 versantes
2028 3819 2321 3875 illuminas.

840 3911 1103 3967 Volumen
1124 3921 1173 3967 te
1196 3912 1487 3982 quondam,
1524 3929 1554 3965 ο
1582 3911 1763 3967 Puella
1798 3912 2166 3977 immaculata,
2195 3927 2321 3982 pro-

763 4005 923 4075 pheta
958 4004 1261 4073 conSpaxit,
1290 4003 1341 4056 in
1373 4018 1483 4072 quo
1529 4001 1704 4058 Patris
1745 4003 1937 4073 digito,
1974 3986 2207 4057 Verbum
2241 4001 2323 4054 in-

764 4108 1047 4152 carnatum
1081 4097 1407 4165 descriptum
1466 4095 1604 4161 fuit;
1651 4105 1703 4149 et
1732 4095 1892 4164 primi
1930 4093 2165 4164 parentis
2202 4092 2324 4149 chi-

765 4188 1092 4257 rOgrapltum
1132 4187 1315 4241 lancea
1352 4187 1643 4242 rescissum
1670 4196 1774 4240 est.

832 4278 997 4351 264
1022 4280 1277 4334 Naturam
1303 4290 1564 4341 nostram.
1587 4293 1708 4348 qum
1743 4279 1892 4347 prius
1928 4278 2323 4348 obtransgres-

764 4372 971 4426 sionem
998 4369 1313 4431 deﬂuxerat.
1340 4380 1397 4425 tu
1416 4370 1745 4434 reformasti,
1779 4387 1899 4440 quze
1924 4370 2200 4425 Christum
2239 4370 2323 4424 in-

762 4463 1058 4518 deﬂuenter
1083 4462 1354 4532 peperisti,
1385 4477 1417 4517 ο
1461 4461 1684 4517 Domina
1719 4461 2087 4525 sanctissima,
2132 4460 2319 4531 prtesi-

762 4556 913 4612 dium
948 4555 1246 4609 animarum
1274 4562 1605 4609 nostrarum.

832 4648 967 4702 Cum
1001 4647 1155 4702 Verbi
1181 4662 1245 4700 ex
1280 4652 1384 4700 tuis
1416 4645 1775 4715 sanguinibus
1808 4645 2069 4700 incarnati
2093 4652 2319 4699 mortem

764 4741 996 4803 videres,
1038 4753 1071 4794 ο
1108 4738 1332 4793 Domina
1370 4739 1531 4809 Virgo
1568 4737 1737 4792 Mater
1779 4736 2320 4800 immaculatissima;

764 4842 1008 4888 materna
1074 4832 1269 4901 pietate
1311 4842 1583 4887 commota
1630 4831 1894 4901 ejulabas,
1946 4839 2001 4886 et
2042 4844 2166 4885 eum
2228 4830 2319 4899 qui

762 4927 885 4979 vita:
915 4935 1106 4980 auctor
1134 4934 1271 4986 erat.
1299 4925 1702 4996 magniﬁcabas.

836 5016 1048 5082 Stabas,
1074 5033 1108 5074 ο
1139 5018 1501 5082 immaculata,
1530 5020 1796 5089 aspiciens
1833 5019 2137 5081 Christum,
2160 5031 2318 5087 quem

764 5130 1049 5184 pepereras
1099 5114 1251 5170 cruci
1292 5114 1530 5181 allimm,
1576 5125 1629 5170 et
1673 5116 2062 5171 exelamabas:
2124 5114 2202 5169 Ne
2240 5127 2325 5167 me

763 5200 967 5276 absque
992 5206 1139 5283 prole
1163 5207 1458 5278 relinquas,
1479 5225 1642 5280 quam
1675 5220 1794 5280 post
1811 5220 2023 5279 partum
2048 5206 2320 5278 Virginem

763 5312 1023 5352 conserva
1033 5298 1120 5353 sti.

832 5389 967 5443 Cum
1002 5399 1128 5443 ante
1166 5389 1363 5444 Christi
1406 5390 1640 5444 tribunal
1686 5400 1940 5457 tanquam
1995 5406 2120 5445 rens
2175 5390 2324 5460 judi-

766 5481 972 5534 candus
1007 5481 1310 5535 constituar
1341 5500 1354 5536 :
1392 5484 1614 5536 ostende
1643 5493 1693 5537 te
1725 5482 1886 5545 mihi,
1915 5498 1946 5535 ο
1978 5500 2132 5552 pura,
2168 5492 2226 5537 ut
2260 5483 2323 5535 li-

765 5573 920 5627 beres
951 5588 1035 5626 me
1068 5573 1138 5628 ab
1176 5574 1321 5629 omni
1370 5583 1636 5630 tormento
1699 5576 2098 5632 ferventissima
2146 5584 2324 5645 prote-

762 5666 948 5719 ctionc
982 5674 1093 5719 tua.
1838 5709 1843 5713 .
1957 5674 1965 5725 ί

835 5756 892 5811 In
931 5766 1173 5824 tempore
1216 5758 1364 5812 illum
1406 5758 1679 5830 peperisti,
1729 5776 1761 5814 ο
1812 5759 2177 5822 immaculata,
2229 5758 2319 5826 qui

762 5858 848 5905 est
877 5850 1131 5906 omnibus
1172 5850 1502 5919 temporibus
1533 5852 1826 5922 antiquior,
1872 5860 1923 5906 et
1966 5851 2091 5905 Ada:
2142 5861 2321 5921 proto-

2418 619 2632 673 πάντων
2646 620 2933 672 Δέσποινα.

2486 797 2811 869 Πολυὼνυμε
2866 798 3043 871 Κόρη.
3098 801 3274 868 χαῖρε,
3304 798 3363 864 ἐξ
3414 791 3481 870 ἧς
3518 797 3689 866 Λόγος
3751 796 3973 867 ἐτέχθη,

2414 891 2634 960 ἀλογίας
2666 892 2810 962 ἡμᾶς
2836 890 2981 944 λύων
3003 890 3216 945 ἀτόπων
3245 891 3517 960 πράξεων,
3553 891 3739 960 χαῖρε,
3768 889 3971 957 νεφέλη

2417 982 2653 1051 φωτεινὴ
2682 983 2715 1053 ἡ
2759 980 3091 1047 σκεδάζουσα
3125 982 3192 1036 τὰ
3228 981 3364 1051 νέφη
3400 981 3498 1048 τῆς
3526 979 3684 1051 ἡμῶν
3712 978 3975 1049 ἀθυμίας.

2488 1260 2578 1332 Τῷ
2605 1260 2749 1331 τόκῳ
2765 1276 2857 1313 σου
2889 1255 3318 1326 ἀπεστείρωσας,
3346 1254 3519 1325 Κόρη,
3560 1251 3659 1322 τὴν
3688 1250 3783 1303 τοῦ
3835 1266 3976 1320 προ-

2420 1357 2651 1423 πάτορος
2693 1352 2851 1423 ἀρὰν,
2882 1351 2975 1403 καὶ
2999 1350 3279 1421 ὲπήγασας
3317 1348 3450 1416 ἡμῖν
3505 1343 3753 1410 εὐλογίας
3806 1357 3977 1394 ποτα.

2423 1447 2575 1517 μοῦς,
2601 1444 2714 1508 τοῖς
2743 1439 3022 1510 εὐλογοῦσι
3044 1456 3103 1492 σε
3133 1438 3222 1492 καὶ
3249 1435 3525 1501 δοξάζουσι
3561 1433 3762 1487 πίστει.

2502 1638 2561 1689 Ἠ
2586 1632 2725 1705 θύρα
2746 1632 2852 1686 τῶν
2881 1629 3086 1684 πιστῶν
3122 1626 3460 1696 σωζομένων,
3520 1624 3554 1694 ἡ
3612 1620 3753 1689 πύλη
3802 1619 3869 1688 ἢν
3902 1617 3980 1669 δι-

2418 1725 2616 1783 ώδευσε
2650 1724 2809 1794 μόνος
2839 1723 2868 1774 ὁ
2902 1719 3202 1791 σαρκωοεὶς
3236 1717 3301 1771 δι’
3334 1716 3501 1786 ἡμᾶς,
3533 1712 3706 1775 πύλας
3739 1710 3869 1779 ἡμῖν
3898 1707 3979 1760 δι-

2417 1813 2707 1883 καιοσύνης
2732 1807 3040 1874 ὑπάνοιξον,
3070 1808 3183 1871 τοῖς
3215 1802 3419 1867 πιστῶς
3448 1819 3507 1856 σε
3531 1799 3814 1872 ὑμνοῦσιν.

2497 1997 2586 2061 Ὦς
2608 1996 2698 2051 τὸν
2718 1995 2933 2050 πάντων
2961 1989 3193 2045 τεκοῦσα
3225 1985 3472 2057 συνοχέα,
3508 1982 3603 2038 τοῦ
3658 1980 3980 2050 συνέχοντος

2418 2090 2579 2159 ζόφου
2598 2087 2693 2157 τῆς
2728 2085 2946 2155 ἀγνοίας
2965 2085 3057 2139 καὶ
3083 2081 3354 2154 ἁμαρτίας
3383 2075 3679 2141 ἀναλλαξόν
3713 2091 3803 2144 με,
3835 2072 3978 2141 ἁγνὴ

2431 2180 2799 2252 Ἀειπάρθενε.

2488 2273 2593 2328 Τοῦ
2635 2270 2826 2327 Ἰακὼϐ
2849 2269 2946 2340 τὴν
2975 2267 3234 2336 καλλονὴν
3256 2267 3283 2320 ὁ
3317 2264 3517 2333 ὡραῖος
3559 2259 3742 2315 κάλλει
3775 2257 3984 2327 Κύριος

2415 2364 2716 2437 ἠγαπηκὼς
2747 2403 2762 2428 ,
2813 2362 2911 2433 τὴν
2957 2360 3140 2430 νηδὺν,
3201 2354 3610 2428 παναμώμητε,
3658 2350 3983 2422 κατῴκησεν

2418 2458 2719 2529 ἀνθρώπων
2746 2455 2844 2526 τὴν
2884 2453 3073 2508 οὐσίαν
3099 2453 3219 2514 ταῖς
3285 2449 3570 2510 καλλοναῖς
3618 2443 3985 2516 φαιδρύνοντα

2418 2550 2525 2603 τῶν
2545 2548 2684 2617 ὑπὲρ
2713 2546 2835 2601 νοῦν
2865 2543 3233 2617 δωρημάτων.

2488 2638 2752 2707 Φωτοειδῆ
2791 2636 3019 2706 νεφέλην
3049 2651 3106 2687 σε
3138 2636 3167 2687 ὀ
3225 2632 3508 2704 προφήτης
3555 2628 3783 2702 προορᾷ,
3812 2626 3870 2692 ἐξ
3917 2619 3986 2695 ἦς

2424 2734 2596 2804 μέγας
2617 2731 2767 2801 ἥλιος
2790 2728 3059 2796 ἐπέφανεν
3079 2728 3213 2797 ἡμῖν
3234 2723 3468 2796 Χριστὸς
3491 2722 3519 2775 ὀ
3534 2721 3684 2785 Θεὸς,
3717 2721 3806 2772 καὶ
3845 2715 3986 2785 ἐφώ-

2421 2841 2537 2879 τισε
2558 2824 2626 2876 τὰ
2640 2822 2768 2892 πρὶν
2793 2818 3170 2889 ὲσκοτισμένα.
3194 2816 3366 2870 Αὐτὸν
3384 2809 3475 2868 οῦν
3500 2811 3761 2877 δυσώπει,
3779 2809 3983 2877 ἀγαθὴ,

2422 2916 2491 2970 τά
2523 2914 2630 2968 τῶν
2680 2911 2870 2967 παθῶν
2932 2927 3033 2981 μου
3091 2910 3225 2979 νέφη
3258 2906 3508 2972 ὲκδιῶξαι
3564 2906 3655 2959 καὶ
3690 2904 3835 2974 φωτὶ
3855 2903 3987 2973 θείῳ

2425 3006 2831 3078 φαιδρυνθῆναι.

2437 3133 2539 3190 Ἕκ
2559 3134 2663 3188 τοῦ
2690 3132 2945 3197 κανόνος
2965 3128 3073 3197 τῆς
3121 3127 3404 3197 τετάρτης
3444 3127 3532 3192 εις
3560 3124 3669 3179 τὸν
3706 3124 3984 3191 Ὀρθριςν.

2509 3259 2813 3331 Ὑπερτέρα
2826 3257 2932 3311 τῶν
2957 3256 3068 3310 ἄνω
3085 3254 3269 3325 ὤφθης
3290 3251 3605 3321 ταγμάτων,
3633 3247 3865 3303 τεκοῦσα
3891 3246 3988 3300 ἐπὶ

2427 3354 2524 3425 τῆς
2549 3353 2651 3422 γῆς
2669 3351 2800 3403 Θεὸν
2826 3350 3017 3417 Λόγον,
3048 3348 3137 3401 τὸν
3158 3346 3328 3417 ἡμᾶς,
3355 3345 3610 3415 ἄχραντε,
3636 3340 3772 3411 πρὸς
3790 3342 3859 3393 τά
3897 3340 3990 3392 οὐ-

2429 3446 2609 3519 ράνια,
2638 3443 2826 3497 τούτου
2851 3443 2963 3505 τοῖς
2995 3439 3281 3508 παθήμασι
3309 3437 3403 3490 καὶ
3428 3434 3505 3506 τῷ
3545 3433 3761 3505 σταυρῷ
3801 3431 3879 3500 τῷ
3901 3450 3984 3486 τι·

2429 3537 2557 3608 μίῳ,
2590 3534 3064 3589 ὲπαναϐιόάσαντα
3091 3530 3157 3584 δι’
3181 3530 3513 3601 ἀγαθότητα.

2508 3625 2904 3697 ’Δναρτηθέντα
2949 3622 3129 3693 ὁρῶσα
3190 3624 3246 3676 ὲν
3285 3621 3362 3691 τῷ
3406 3620 3629 3693 σταυρῷ
3694 3618 3934 3691 Χριστὸν
3968 3656 3985 3683 ,

2425 3721 2785 3790 ἀπειρόγαμε,
2831 3715 3127 3787 ὀδυρομένη
3155 3713 3357 3783 ελεγεςο
3396 3712 3576 3780 Ἕδυς,
3613 3712 3768 3783 δόξης
3804 3710 3988 3775 Ἥλιε,

2427 3810 2486 3875 ἐξ
2519 3807 2813 3879 ὀφθαλμῶν
2841 3824 2965 3877 μου,
2990 3805 3238 3875 φωτίζων
3261 3805 3387 3868 τοὺς
3414 3806 3471 3857 ὲν
3505 3803 3707 3857 σκότει.

2496 3901 2673 3969 Τόμον
2724 3898 2782 3950 σέ
2830 3914 2958 3951 ποτε
3011 3898 3039 3949 ὁ
3066 3896 3371 3966 προφήτης,
3412 3895 3583 3965 Κόρη,
3619 3891 3894 3955 τεθέαται,
3930 3893 3990 3947 ὲν

2424 3987 2468 4062 ᾧ
2487 3992 2563 4063 τῷ
2590 3990 2835 4060 δακτύλῳ
2859 3990 2951 4043 τοῦ
2990 3989 3198 4058 Πατρδς
3227 3988 3583 4057 ὲναπεγράφη
3633 3988 3804 4055 Λόγος
3852 4003 3990 4055 σοιρ⁸

2426 4083 2725 4154 κούμενος,
2793 4083 2888 4135 καὶ
2944 4082 3006 4134 τὸ
3064 4080 3408 4151 προπάτορος
3492 4078 3661 4148 λόγχῃ
3741 4077 3992 4148 ῥηγνύει,

2425 4173 2679 4244 ἄχραντε,
2707 4171 3087 4242 χειρόγραφον.

2507 4248 2800 4319 Ῥεύσασαν
2833 4265 2963 4335 πρὶν
3012 4261 3318 4333 παραϐάσει
3363 4261 3460 4332 τὴν
3490 4260 3670 4329 φύσιν,
3705 4259 3804 4327 τὴν
3860 4257 3987 4311 καθ’

2425 4360 2593 4430 ἡμᾶς,
2614 4359 2688 4423 ὼς
2718 4358 3030 4429 ἀρῤεύστως
3079 4354 3316 4409 τεκοῦσα.
3369 4355 3622 4425 Χριστὸν,
3651 4352 3988 4415 ἀνέπλασας,

2427 4452 2663 4523 παναγὶα
2686 4452 2974 4518 Δέσποινα,
2999 4449 3304 4522 προστασία
3330 4447 3439 4503 τῶν
3461 4446 3650 4515 ψυχῶν
3697 4445 3882 4516 ἡμῶν.

2494 4645 2775 4715 Νέκρωσιν
2812 4643 2991 4713 ὁρῶσα
3024 4639 3117 4693 τοῦ
3156 4643 3220 4694 ὲκ
3267 4641 3374 4693 τῶν
3403 4638 3510 4692 σῶν
3532 4638 3779 4707 αἱμάτων
3809 4637 3987 4704 Λόγου

2426 4736 2815 4807 σαρκωθὲντος,
2863 4734 3195 4803 πανάμωμε,
3252 4730 3528 4802 μητρικῶς
3569 4729 3855 4799 ἠλάλαζες,
3890 4730 3989 4780 καὶ

2424 4827 2571 4896 ζωῆς
2611 4827 2739 4880 ὄντα
2786 4827 2960 4882 αἴτιον
3003 4824 3358 4895 ὲμεγάλυνες,
3401 4820 3830 4894 Μητροπάρθενε
3888 4821 3991 4873 Δέ-

2427 4936 2639 4972 σποινα.

2495 5010 2711 5063 Ἴστασο
2775 5007 3044 5080 βλέπουσα
3071 5008 3305 5080 Χριστὸν
3332 5006 3549 5079 σταυρῷ
3593 5002 3987 5075 άνυιῖνοῦμενον,

2423 5099 2481 5153 ὃν
2509 5098 2764 5169 ὲκύησας,
2802 5100 3058 5168 ἄχραντε,
3091 5100 3183 5151 καὶ
3212 5098 3391 5161 ἐϐόας·
3419 5097 3509 5167 Μὴ
3532 5095 3753 5150 ἄτεχνόν
3789 5113 3857 5165 με
3888 5096 3992 5150 δεε-

2427 5192 2521 5263 Eas
2548 5194 2611 5263 ἦν
2640 5194 2911 5263 ἐτήρησας
2934 5193 3102 5260 ἁγνὴν
3132 5192 3224 5245 καὶ
3255 5190 3393 5262 μετὰ
3413 5190 3597 5243 τόκον.

2508 5378 2629 5432 Ἐπὶ
2656 5378 2747 5432 τοῦ
2767 5378 3004 5449 βήματος
3026 5377 3283 5448 Χριστοῦ,
3316 5379 3443 5431 ὅταν
3473 5376 3651 5448 μέλλω
3682 5376 3992 5447 κρίνεσθαι,

2425 5472 2500 5533 ὡς
2562 5470 2877 5533 ὑπεύθυνος,
2906 5470 3161 5540 ἄχραντε,
3219 5468 3418 5539 φάνηθί
3460 5485 3550 5539 μοι
3587 5470 3652 5521 ὲκ
3704 5469 3883 5539 πάσης
3921 5487 3989 5537 με

2426 5564 2659 5635 βασάνου
2695 5562 2929 5634 ῥυομένη
2957 5565 3023 5634 τῇ
3059 5562 3235 5633 θερμῇ
3277 5579 3369 5615 σου
3401 5561 3727 5632 προστασῇμ.

2511 5756 2599 5809 Ἐν
2631 5752 2806 5824 χρόνῳ
2825 5753 3141 5823 ἁπεκύησας
3166 5752 3254 5805 τὸν
3280 5752 3470 5821 χρόνον
3496 5750 3775 5815 ἐπέκεινα,
3795 5750 3991 5806 λύοντα

2426 5848 2491 5902 τὰ
2513 5847 2697 5918 χρόνια
2714 5846 2888 5918 δεσμὰ
2913 5848 3021 5910 τοῖς
3047 5846 3262 5917 δεσμοῖς
3292 5843 3478 5909 αὐτοῦ,
3507 5844 3764 5915 ἄκραν-ξε,
3811 5845 3982 5914 Ἀδάμ
