  <div class='ocr_page' id='page_1' title='image "/cluster/home/n/w/nwhite01/storage/ocr_20150623/105/nnc1.0046980105/658.png"; bbox 0 0 4180 6450; ppageno 0'>
   <div class='ocr_carea' id='block_1_1' title="bbox 238 400 375 467">
    <p class='ocr_par' dir='ltr' id='par_1_1' title="bbox 238 400 375 467">
     <span class='ocr_line' id='line_1_1' title="bbox 238 400 375 467; baseline 0.015 -2"><span class='ocrx_word' id='word_1_1' title='bbox 238 400 375 467; x_wconf 82' lang='grc'><strong>1301</strong></span> 
     </span>
    </p>
   </div>
   <div class='ocr_carea' id='block_1_2' title="bbox 1694 398 2055 458">
    <p class='ocr_par' dir='ltr' id='par_1_2' title="bbox 1694 398 2055 458">
     <span class='ocr_line' id='line_1_2' title="bbox 1694 398 2055 458; baseline 0 0"><span class='ocrx_word' id='word_1_2' title='bbox 1694 398 2055 458; x_wconf 78' lang='lat' dir='ltr'><strong>MARIALE.</strong></span> 
     </span>
    </p>
   </div>
   <div class='ocr_carea' id='block_1_3' title="bbox 3332 394 3468 461">
    <p class='ocr_par' dir='ltr' id='par_1_3' title="bbox 3332 394 3468 461">
     <span class='ocr_line' id='line_1_3' title="bbox 3332 394 3468 461; baseline -0.015 -1"><span class='ocrx_word' id='word_1_3' title='bbox 3332 394 3468 461; x_wconf 76' lang='lat'><strong>1302</strong></span> 
     </span>
    </p>
   </div>
   <div class='ocr_carea' id='block_1_4' title="bbox 231 509 1825 584">
    <p class='ocr_par' dir='ltr' id='par_1_4' title="bbox 231 512 1806 584">
     <span class='ocr_line' id='line_1_4' title="bbox 231 512 1806 584; baseline -0.004 -16"><span class='ocrx_word' id='word_1_4' title='bbox 231 516 334 568; x_wconf 82' lang='grc' dir='ltr'>τοῦ</span> <span class='ocrx_word' id='word_1_5' title='bbox 383 513 832 584; x_wconf 83' lang='grc' dir='ltr'>πρωτοπλάστου,</span> <span class='ocrx_word' id='word_1_6' title='bbox 873 513 967 566; x_wconf 57' lang='grc' dir='ltr'><strong>καλ¹</strong></span> <span class='ocrx_word' id='word_1_7' title='bbox 1021 512 1418 576; x_wconf 69' lang='grc' dir='ltr'>συνδεσμοῖωτα</span> <span class='ocrx_word' id='word_1_8' title='bbox 1468 512 1638 584; x_wconf 79' lang='grc' dir='ltr'>αὐτὴν</span> <span class='ocrx_word' id='word_1_9' title='bbox 1694 512 1806 573; x_wconf 87' lang='grc' dir='ltr'>τοῖς</span> 
     </span>
    </p>
   </div>
   <div class='ocr_carea' id='block_1_5' title="bbox 1894 509 3473 584">
    <p class='ocr_par' dir='ltr' id='par_1_5' title="bbox 1912 509 3473 580">
     <span class='ocr_line' id='line_1_5' title="bbox 1912 509 3473 580; baseline 0 -18"><span class='ocrx_word' id='word_1_10' title='bbox 1912 511 2071 580; x_wconf 90' lang='lat' dir='ltr'><strong>plasti</strong></span> <span class='ocrx_word' id='word_1_11' title='bbox 2109 509 2344 570; x_wconf 83' lang='lat' dir='ltr'><strong>vincula,</strong></span> <span class='ocrx_word' id='word_1_12' title='bbox 2387 509 2585 579; x_wconf 78' lang='lat' dir='ltr'><strong>quibus</strong></span> <span class='ocrx_word' id='word_1_13' title='bbox 2628 509 2889 562; x_wconf 87' lang='lat' dir='ltr'><strong>diuturno</strong></span> <span class='ocrx_word' id='word_1_14' title='bbox 2956 516 3198 577; x_wconf 88' lang='lat' dir='ltr'><strong>tempore</strong></span> <span class='ocrx_word' id='word_1_15' title='bbox 3257 510 3473 562; x_wconf 72' lang='lat' dir='ltr'><strong>vinetus</strong></span> 
     </span>
    </p>
   </div>
   <div class='ocr_carea' id='block_1_6' title="bbox 235 601 1434 674">
    <p class='ocr_par' dir='ltr' id='par_1_6' title="bbox 235 601 1434 674">
     <span class='ocr_line' id='line_1_6' title="bbox 235 601 1434 674; baseline 0.003 -20"><span class='ocrx_word' id='word_1_16' title='bbox 235 602 457 672; x_wconf 78' lang='grc' dir='ltr'><strong>δεσμοῖς</strong></span> <span class='ocrx_word' id='word_1_17' title='bbox 483 601 582 673; x_wconf 80' lang='grc' dir='ltr'>τῆς</span> <span class='ocrx_word' id='word_1_18' title='bbox 605 602 859 671; x_wconf 81' lang='grc' dir='ltr'><strong>γλυκείας</strong></span> <span class='ocrx_word' id='word_1_19' title='bbox 890 601 1058 656; x_wconf 81' lang='grc' dir='ltr'>αὑτοῦ</span> <span class='ocrx_word' id='word_1_20' title='bbox 1083 603 1434 674; x_wconf 77' lang='grc' dir='ltr'><strong>ἀγαπήσεως.</strong></span> 
     </span>
    </p>
   </div>
   <div class='ocr_carea' id='block_1_7' title="bbox 309 785 1812 859">
    <p class='ocr_par' dir='ltr' id='par_1_7' title="bbox 309 785 1812 859">
     <span class='ocr_line' id='line_1_7' title="bbox 309 785 1812 859; baseline 0.001 -20"><span class='ocrx_word' id='word_1_21' title='bbox 309 785 480 858; x_wconf 59' lang='grc' dir='ltr'>θέρον</span> <span class='ocrx_word' id='word_1_22' title='bbox 495 785 735 858; x_wconf 76' lang='grc' dir='ltr'><strong>βρότειον</strong></span> <span class='ocrx_word' id='word_1_23' title='bbox 757 787 972 858; x_wconf 76' lang='grc' dir='ltr'>μορφὴν</span> <span class='ocrx_word' id='word_1_24' title='bbox 1003 787 1066 840; x_wconf 81' lang='grc' dir='ltr'>τὸ</span> <span class='ocrx_word' id='word_1_25' title='bbox 1085 787 1424 858; x_wconf 80' lang='grc' dir='ltr'><strong>ἀπαύγασμα</strong></span> <span class='ocrx_word' id='word_1_26' title='bbox 1454 789 1547 842; x_wconf 79' lang='grc' dir='ltr'><strong>τοῦ</strong></span> <span class='ocrx_word' id='word_1_27' title='bbox 1575 791 1686 843; x_wconf 86' lang='grc' dir='ltr'><strong>Πατ</strong></span> <span class='ocrx_word' id='word_1_28' title='bbox 1697 789 1812 859; x_wconf 77' lang='grc' dir='ltr'>ρδς,</span> 
     </span>
    </p>
   </div>
   <div class='ocr_carea' id='block_1_8' title="bbox 240 879 1812 953">
    <p class='ocr_par' dir='ltr' id='par_1_8' title="bbox 240 879 1812 953">
     <span class='ocr_line' id='line_1_8' title="bbox 240 879 1812 953; baseline 0.003 -23"><span class='ocrx_word' id='word_1_29' title='bbox 240 879 510 949; x_wconf 80' lang='grc' dir='ltr'>Παρθένε,</span> <span class='ocrx_word' id='word_1_30' title='bbox 544 879 791 944; x_wconf 86' lang='grc' dir='ltr'>τέτοκας,</span> <span class='ocrx_word' id='word_1_31' title='bbox 826 881 885 934; x_wconf 83' lang='grc' dir='ltr'>ὃν</span> <span class='ocrx_word' id='word_1_32' title='bbox 915 880 1219 952; x_wconf 75' lang='grc' dir='ltr'>ὑψούμενον</span> <span class='ocrx_word' id='word_1_33' title='bbox 1251 880 1470 953; x_wconf 87' lang='grc' dir='ltr'>σταυρῷ</span> <span class='ocrx_word' id='word_1_34' title='bbox 1493 881 1523 934; x_wconf 84' lang='grc' dir='ltr'><strong>δ</strong></span> <span class='ocrx_word' id='word_1_35' title='bbox 1553 882 1706 951; x_wconf 77' lang='grc' dir='ltr'>ἥλιος</span> <span class='ocrx_word' id='word_1_36' title='bbox 1738 882 1812 952; x_wconf 83' lang='grc' dir='ltr'>μὴ</span> 
     </span>
    </p>
   </div>
   <div class='ocr_carea' id='block_1_9' title="bbox 241 971 1815 1044">
    <p class='ocr_par' dir='ltr' id='par_1_9' title="bbox 241 971 1815 1044">
     <span class='ocr_line' id='line_1_9' title="bbox 241 971 1815 1044; baseline 0.004 -21"><span class='ocrx_word' id='word_1_37' title='bbox 241 971 433 1041; x_wconf 82' lang='grc' dir='ltr'><strong>φέρων</strong></span> <span class='ocrx_word' id='word_1_38' title='bbox 450 972 583 1041; x_wconf 80' lang='grc' dir='ltr'>δρᾷν</span> <span class='ocrx_word' id='word_1_39' title='bbox 600 973 933 1041; x_wconf 75' lang='grc' dir='ltr'><strong>ἐμελαίνετο,</strong></span> <span class='ocrx_word' id='word_1_40' title='bbox 965 974 1058 1027; x_wconf 74' lang='grc' dir='ltr'><strong>καὶ</strong></span> <span class='ocrx_word' id='word_1_41' title='bbox 1087 972 1234 1043; x_wconf 85' lang='grc' dir='ltr'>ζόφῳ</span> <span class='ocrx_word' id='word_1_42' title='bbox 1260 973 1511 1044; x_wconf 75' lang='grc' dir='ltr'>εμειοῦτο</span> <span class='ocrx_word' id='word_1_43' title='bbox 1536 974 1636 1044; x_wconf 79' lang='grc' dir='ltr'>τῆς</span> <span class='ocrx_word' id='word_1_44' title='bbox 1662 975 1815 1029; x_wconf 76' lang='grc' dir='ltr'>εἰδω-</span> 
     </span>
    </p>
   </div>
   <div class='ocr_carea' id='block_1_10' title="bbox 241 1063 1530 1137">
    <p class='ocr_par' dir='ltr' id='par_1_10' title="bbox 241 1063 1530 1137">
     <span class='ocr_line' id='line_1_10' title="bbox 241 1063 1530 1137; baseline 0.004 -23"><span class='ocrx_word' id='word_1_45' title='bbox 241 1063 532 1132; x_wconf 85' lang='grc' dir='ltr'>λολατρίας</span> <span class='ocrx_word' id='word_1_46' title='bbox 558 1080 572 1095; x_wconf 75' lang='grc'><em>’</em></span> <span class='ocrx_word' id='word_1_47' title='bbox 601 1064 682 1117; x_wconf 68' lang='grc' dir='ltr'><strong>διδ</strong></span> <span class='ocrx_word' id='word_1_48' title='bbox 712 1065 809 1118; x_wconf 80' lang='grc' dir='ltr'>σὺν</span> <span class='ocrx_word' id='word_1_49' title='bbox 829 1065 1022 1136; x_wconf 79' lang='grc' dir='ltr'>ἐκείνῳ</span> <span class='ocrx_word' id='word_1_50' title='bbox 1045 1082 1104 1118; x_wconf 89' lang='grc' dir='ltr'><strong>σε</strong></span> <span class='ocrx_word' id='word_1_51' title='bbox 1137 1065 1530 1137; x_wconf 80' lang='grc' dir='ltr'>μεγαλύνομεν.</span> 
     </span>
    </p>
   </div>
   <div class='ocr_carea' id='block_1_11' title="bbox 257 1264 1813 1342">
    <p class='ocr_par' dir='ltr' id='par_1_11' title="bbox 257 1264 1813 1342">
     <span class='ocr_line' id='line_1_11' title="bbox 257 1264 1813 1342; baseline 0.006 -24"><span class='ocrx_word' id='word_1_52' title='bbox 257 1264 360 1318; x_wconf 74' lang='grc' dir='ltr'>Ἐκ</span> <span class='ocrx_word' id='word_1_53' title='bbox 388 1264 496 1319; x_wconf 83' lang='grc' dir='ltr'>τοῦ</span> <span class='ocrx_word' id='word_1_54' title='bbox 515 1267 769 1335; x_wconf 76' lang='grc' dir='ltr'><strong>κανόνος</strong></span> <span class='ocrx_word' id='word_1_55' title='bbox 792 1267 902 1336; x_wconf 82' lang='grc' dir='ltr'>τῆς</span> <span class='ocrx_word' id='word_1_56' title='bbox 933 1268 1209 1339; x_wconf 73' lang='grc' dir='ltr'>πέμπτης</span> <span class='ocrx_word' id='word_1_57' title='bbox 1250 1272 1339 1337; x_wconf 82' lang='grc' dir='ltr'><strong>είς</strong></span> <span class='ocrx_word' id='word_1_58' title='bbox 1396 1270 1505 1325; x_wconf 80' lang='grc' dir='ltr'><strong>τὸν</strong></span> <span class='ocrx_word' id='word_1_59' title='bbox 1545 1272 1813 1342; x_wconf 81' lang='grc' dir='ltr'>Ὄρθρον.</span> 
     </span>
    </p>
   </div>
   <div class='ocr_carea' id='block_1_12' title="bbox 314 1376 1818 1454">
    <p class='ocr_par' dir='ltr' id='par_1_12' title="bbox 314 1376 1818 1454">
     <span class='ocr_line' id='line_1_12' title="bbox 314 1376 1818 1454; baseline 0.007 -26"><span class='ocrx_word' id='word_1_60' title='bbox 314 1376 433 1448; x_wconf 82' lang='grc' dir='ltr'><strong>Τὴν</strong></span> <span class='ocrx_word' id='word_1_61' title='bbox 499 1377 729 1431; x_wconf 76' lang='grc' dir='ltr'>κιϐωτὸν</span> <span class='ocrx_word' id='word_1_62' title='bbox 775 1380 876 1451; x_wconf 80' lang='grc' dir='ltr'>τὴν</span> <span class='ocrx_word' id='word_1_63' title='bbox 906 1380 1056 1434; x_wconf 83' lang='grc' dir='ltr'>θείαν</span> <span class='ocrx_word' id='word_1_64' title='bbox 1104 1382 1204 1452; x_wconf 81' lang='grc' dir='ltr'>τὴν</span> <span class='ocrx_word' id='word_1_65' title='bbox 1231 1384 1562 1454; x_wconf 83' lang='grc' dir='ltr'>χωρήσασαν</span> <span class='ocrx_word' id='word_1_66' title='bbox 1592 1386 1684 1439; x_wconf 77' lang='grc' dir='ltr'><strong>τὸν</strong></span> <span class='ocrx_word' id='word_1_67' title='bbox 1723 1387 1818 1440; x_wconf 82' lang='grc' dir='ltr'>τοῦ</span> 
     </span>
    </p>
   </div>
   <div class='ocr_carea' id='block_1_13' title="bbox 247 1469 1820 1548">
    <p class='ocr_par' dir='ltr' id='par_1_13' title="bbox 247 1469 1820 1548">
     <span class='ocr_line' id='line_1_13' title="bbox 247 1469 1820 1548; baseline 0.008 -30"><span class='ocrx_word' id='word_1_68' title='bbox 247 1469 418 1536; x_wconf 86' lang='grc' dir='ltr'>νόμου</span> <span class='ocrx_word' id='word_1_69' title='bbox 460 1471 720 1541; x_wconf 89' lang='grc' dir='ltr'>πάροχον,</span> <span class='ocrx_word' id='word_1_70' title='bbox 761 1474 919 1544; x_wconf 72' lang='grc' dir='ltr'>ἡμῶν</span> <span class='ocrx_word' id='word_1_71' title='bbox 944 1475 1042 1538; x_wconf 82' lang='grc' dir='ltr'><strong>τὰς</strong></span> <span class='ocrx_word' id='word_1_72' title='bbox 1065 1475 1295 1545; x_wconf 75' lang='grc' dir='ltr'><strong>ἀνομίας</strong></span> <span class='ocrx_word' id='word_1_73' title='bbox 1333 1477 1514 1540; x_wconf 89' lang='grc' dir='ltr'>πάσας</span> <span class='ocrx_word' id='word_1_74' title='bbox 1554 1477 1820 1548; x_wconf 80' lang='grc' dir='ltr'>ἀφαιρού-</span> 
     </span>
    </p>
   </div>
   <div class='ocr_carea' id='block_1_14' title="bbox 249 1563 1817 1640">
    <p class='ocr_par' dir='ltr' id='par_1_14' title="bbox 249 1563 1817 1640">
     <span class='ocr_line' id='line_1_14' title="bbox 249 1563 1817 1640; baseline 0.008 -28"><span class='ocrx_word' id='word_1_75' title='bbox 249 1577 415 1628; x_wconf 86' lang='grc' dir='ltr'>μενον</span> <span class='ocrx_word' id='word_1_76' title='bbox 457 1563 525 1616; x_wconf 81' lang='grc' dir='ltr'>δι’</span> <span class='ocrx_word' id='word_1_77' title='bbox 559 1565 961 1636; x_wconf 73' lang='grc' dir='ltr'><strong>εὐσπλαγχνίας</strong></span> <span class='ocrx_word' id='word_1_78' title='bbox 1011 1567 1183 1632; x_wconf 83' lang='grc' dir='ltr'>θείας,</span> <span class='ocrx_word' id='word_1_79' title='bbox 1235 1569 1528 1639; x_wconf 80' lang='grc' dir='ltr'>ἀδιήγητον</span> <span class='ocrx_word' id='word_1_80' title='bbox 1561 1571 1817 1640; x_wconf 79' lang='grc' dir='ltr'>πέλαγος,</span> 
     </span>
    </p>
   </div>
   <div class='ocr_carea' id='block_1_15' title="bbox 247 1653 1815 1734">
    <p class='ocr_par' dir='ltr' id='par_1_15' title="bbox 247 1653 1815 1734">
     <span class='ocr_line' id='line_1_15' title="bbox 247 1653 1815 1734; baseline 0.006 -27"><span class='ocrx_word' id='word_1_81' title='bbox 247 1653 486 1727; x_wconf 83' lang='grc' dir='ltr'>Μαριάμ</span> <span class='ocrx_word' id='word_1_82' title='bbox 517 1656 615 1726; x_wconf 74' lang='grc' dir='ltr'>τὴν</span> <span class='ocrx_word' id='word_1_83' title='bbox 639 1658 1017 1729; x_wconf 78' lang='grc' dir='ltr'>πανάχραντον</span> <span class='ocrx_word' id='word_1_84' title='bbox 1052 1659 1359 1730; x_wconf 81' lang='grc' dir='ltr'><strong>συμφώνως</strong></span> <span class='ocrx_word' id='word_1_85' title='bbox 1402 1664 1815 1734; x_wconf 87' lang='grc' dir='ltr'>μακαρίσωμεν.</span> 
     </span>
    </p>
   </div>
   <div class='ocr_carea' id='block_1_16' title="bbox 1914 601 3474 670">
    <p class='ocr_par' dir='ltr' id='par_1_16' title="bbox 1914 601 3474 670">
     <span class='ocr_line' id='line_1_16' title="bbox 1914 601 3474 670; baseline -0.003 -13"><span class='ocrx_word' id='word_1_86' title='bbox 1914 603 2109 665; x_wconf 78' lang='lat' dir='ltr'><strong>fuerat,</strong></span> <span class='ocrx_word' id='word_1_87' title='bbox 2141 602 2388 657; x_wconf 88' lang='lat' dir='ltr'><strong>dissolvit</strong></span> <span class='ocrx_word' id='word_1_88' title='bbox 2425 602 2655 655; x_wconf 84' lang='lat' dir='ltr'><strong>vinculis</strong></span> <span class='ocrx_word' id='word_1_89' title='bbox 2701 603 2836 666; x_wconf 84' lang='lat' dir='ltr'><strong>suis,</strong></span> <span class='ocrx_word' id='word_1_90' title='bbox 2874 609 3035 670; x_wconf 87' lang='lat' dir='ltr'><strong>atque</strong></span> <span class='ocrx_word' id='word_1_91' title='bbox 3067 601 3315 655; x_wconf 83' lang='lat' dir='ltr'><strong>eumdem</strong></span> <span class='ocrx_word' id='word_1_92' title='bbox 3350 601 3474 654; x_wconf 84' lang='lat' dir='ltr'><strong>dul-</strong></span> 
     </span>
    </p>
   </div>
   <div class='ocr_carea' id='block_1_17' title="bbox 1911 693 3188 761">
    <p class='ocr_par' dir='ltr' id='par_1_17' title="bbox 1911 693 3188 761">
     <span class='ocr_line' id='line_1_17' title="bbox 1911 693 3188 761; baseline -0.004 -9"><span class='ocrx_word' id='word_1_93' title='bbox 1911 697 2145 752; x_wconf 71' lang='lat' dir='ltr'><strong>cissimm</strong></span> <span class='ocrx_word' id='word_1_94' title='bbox 2176 696 2453 750; x_wconf 81' lang='lat' dir='ltr'><strong>cltaritatis</strong></span> <span class='ocrx_word' id='word_1_95' title='bbox 2484 709 2596 749; x_wconf 68' lang='lat' dir='ltr'><strong>suae</strong></span> <span class='ocrx_word' id='word_1_96' title='bbox 2630 693 2856 749; x_wconf 82' lang='lat' dir='ltr'><strong>vinculis</strong></span> <span class='ocrx_word' id='word_1_97' title='bbox 2895 693 3188 761; x_wconf 83' lang='lat' dir='ltr'><strong>colligavit.</strong></span> 
     </span>
    </p>
   </div>
   <div class='ocr_carea' id='block_1_18' title="bbox 1987 784 3474 858">
    <p class='ocr_par' dir='ltr' id='par_1_18' title="bbox 1987 784 3474 858">
     <span class='ocr_line' id='line_1_18' title="bbox 1987 784 3474 858; baseline -0.003 -16"><span class='ocrx_word' id='word_1_98' title='bbox 1987 789 2267 858; x_wconf 86' lang='lat' dir='ltr'><strong>Peperisti,</strong></span> <span class='ocrx_word' id='word_1_99' title='bbox 2312 803 2345 840; x_wconf 91' lang='lat'><strong>0</strong></span> <span class='ocrx_word' id='word_1_100' title='bbox 2395 787 2577 858; x_wconf 85' lang='lat' dir='ltr'><strong>Virgo,</strong></span> <span class='ocrx_word' id='word_1_101' title='bbox 2629 786 2968 854; x_wconf 83' lang='lat' dir='ltr'><strong>splendorem</strong></span> <span class='ocrx_word' id='word_1_102' title='bbox 3022 785 3198 839; x_wconf 90' lang='lat' dir='ltr'><strong>Patris</strong></span> <span class='ocrx_word' id='word_1_103' title='bbox 3240 784 3474 838; x_wconf 86' lang='lat' dir='ltr'><strong>humana</strong></span> 
     </span>
    </p>
   </div>
   <div class='ocr_carea' id='block_1_19' title="bbox 1917 877 3476 954">
    <p class='ocr_par' dir='ltr' id='par_1_19' title="bbox 1917 877 3476 954">
     <span class='ocr_line' id='line_1_19' title="bbox 1917 877 3476 954; baseline -0.004 -17"><span class='ocrx_word' id='word_1_104' title='bbox 1917 884 2087 937; x_wconf 82' lang='lat' dir='ltr'><strong>forma</strong></span> <span class='ocrx_word' id='word_1_105' title='bbox 2110 883 2427 954; x_wconf 64' lang='lat' dir='ltr'><strong>prmditum;</strong></span> <span class='ocrx_word' id='word_1_106' title='bbox 2464 897 2622 951; x_wconf 83' lang='lat' dir='ltr'><strong>quem</strong></span> <span class='ocrx_word' id='word_1_107' title='bbox 2645 881 2696 934; x_wconf 91' lang='lat' dir='ltr'><strong>in</strong></span> <span class='ocrx_word' id='word_1_108' title='bbox 2722 880 3180 934; x_wconf 76' lang='lat' dir='ltr'><strong>cruceexallatmn</strong></span> <span class='ocrx_word' id='word_1_109' title='bbox 3194 877 3273 931; x_wconf 88' lang='lat' dir='ltr'><strong>sol</strong></span> <span class='ocrx_word' id='word_1_110' title='bbox 3294 879 3476 931; x_wconf 82' lang='lat' dir='ltr'><strong>videre</strong></span> 
     </span>
    </p>
   </div>
   <div class='ocr_carea' id='block_1_20' title="bbox 1917 970 3478 1036">
    <p class='ocr_par' dir='ltr' id='par_1_20' title="bbox 1917 970 3478 1036">
     <span class='ocr_line' id='line_1_20' title="bbox 1917 970 3478 1036; baseline -0.008 -5"><span class='ocrx_word' id='word_1_111' title='bbox 1917 993 2022 1031; x_wconf 90' lang='lat' dir='ltr'><strong>non</strong></span> <span class='ocrx_word' id='word_1_112' title='bbox 2054 976 2351 1036; x_wconf 84' lang='lat' dir='ltr'><strong>sustinens,</strong></span> <span class='ocrx_word' id='word_1_113' title='bbox 2384 975 2702 1028; x_wconf 81' lang='lat' dir='ltr'><strong>obscuratus</strong></span> <span class='ocrx_word' id='word_1_114' title='bbox 2732 982 2841 1036; x_wconf 73' lang='lat' dir='ltr'><strong>est,</strong></span> <span class='ocrx_word' id='word_1_115' title='bbox 2864 981 2916 1026; x_wconf 90' lang='lat' dir='ltr'><strong>et</strong></span> <span class='ocrx_word' id='word_1_116' title='bbox 2951 971 3187 1026; x_wconf 77' lang='lat' dir='ltr'><strong>tenebris</strong></span> <span class='ocrx_word' id='word_1_117' title='bbox 3220 970 3478 1023; x_wconf 83' lang='lat' dir='ltr'><strong>idoloma-</strong></span> 
     </span>
    </p>
   </div>
   <div class='ocr_carea' id='block_1_21' title="bbox 1919 1061 3480 1136">
    <p class='ocr_par' dir='ltr' id='par_1_21' title="bbox 1919 1061 3480 1136">
     <span class='ocr_line' id='line_1_21' title="bbox 1919 1061 3480 1136; baseline -0.005 -14"><span class='ocrx_word' id='word_1_118' title='bbox 1919 1070 2019 1122; x_wconf 73' lang='lat' dir='ltr'><strong>nire</strong></span> <span class='ocrx_word' id='word_1_119' title='bbox 2048 1069 2348 1123; x_wconf 88' lang='lat' dir='ltr'><strong>minoratus</strong></span> <span class='ocrx_word' id='word_1_120' title='bbox 2381 1086 2393 1120; x_wconf 88' lang='lat'>:</span> <span class='ocrx_word' id='word_1_121' title='bbox 2425 1075 2706 1136; x_wconf 77' lang='lat' dir='ltr'><strong>propterea</strong></span> <span class='ocrx_word' id='word_1_122' title='bbox 2743 1080 2851 1118; x_wconf 92' lang='lat' dir='ltr'><strong>una</strong></span> <span class='ocrx_word' id='word_1_123' title='bbox 2876 1079 3001 1118; x_wconf 89' lang='lat' dir='ltr'><strong>cum</strong></span> <span class='ocrx_word' id='word_1_124' title='bbox 3027 1064 3119 1118; x_wconf 91' lang='lat' dir='ltr'><strong>illo</strong></span> <span class='ocrx_word' id='word_1_125' title='bbox 3153 1075 3206 1118; x_wconf 90' lang='lat' dir='ltr'><strong>te</strong></span> <span class='ocrx_word' id='word_1_126' title='bbox 3232 1061 3480 1127; x_wconf 79' lang='lat' dir='ltr'><strong>magniﬁ-</strong></span> 
     </span>
    </p>
   </div>
   <div class='ocr_carea' id='block_1_22' title="bbox 1919 1178 2121 1218">
    <p class='ocr_par' dir='ltr' id='par_1_22' title="bbox 1919 1178 2121 1218">
     <span class='ocr_line' id='line_1_22' title="bbox 1919 1178 2121 1218; baseline 0 0"><span class='ocrx_word' id='word_1_127' title='bbox 1919 1178 2121 1218; x_wconf 86' lang='lat' dir='ltr'><strong>camus.</strong></span> 
     </span>
    </p>
   </div>
   <div class='ocr_carea' id='block_1_23' title="bbox 2165 1269 3214 1340">
    <p class='ocr_par' dir='ltr' id='par_1_23' title="bbox 2165 1269 3214 1340">
     <span class='ocr_line' id='line_1_23' title="bbox 2165 1269 3214 1340; baseline -0.005 -12"><span class='ocrx_word' id='word_1_128' title='bbox 2165 1274 2249 1328; x_wconf 79' lang='lat' dir='ltr'><strong>Ea:</strong></span> <span class='ocrx_word' id='word_1_129' title='bbox 2275 1289 2471 1327; x_wconf 81' lang='lat' dir='ltr'><strong>canone</strong></span> <span class='ocrx_word' id='word_1_130' title='bbox 2513 1271 2660 1340; x_wconf 79' lang='lat' dir='ltr'><strong>feria:</strong></span> <span class='ocrx_word' id='word_1_131' title='bbox 2699 1287 2730 1324; x_wconf 87' lang='lat' dir='ltr'><strong>v</strong></span> <span class='ocrx_word' id='word_1_132' title='bbox 2763 1272 2832 1324; x_wconf 84' lang='lat' dir='ltr'><strong>ad</strong></span> <span class='ocrx_word' id='word_1_133' title='bbox 2868 1269 3214 1324; x_wconf 79' lang='lat' dir='ltr'><strong>Matutinum.</strong></span> 
     </span>
    </p>
   </div>
   <div class='ocr_carea' id='block_1_24' title="bbox 1989 1375 3480 1448">
    <p class='ocr_par' dir='ltr' id='par_1_24' title="bbox 1989 1375 3480 1448">
     <span class='ocr_line' id='line_1_24' title="bbox 1989 1375 3480 1448; baseline -0.008 -9"><span class='ocrx_word' id='word_1_134' title='bbox 1989 1385 2184 1440; x_wconf 79' lang='lat' dir='ltr'><strong>Arcam</strong></span> <span class='ocrx_word' id='word_1_135' title='bbox 2224 1381 2486 1446; x_wconf 81' lang='lat' dir='ltr'><strong>divinam,</strong></span> <span class='ocrx_word' id='word_1_136' title='bbox 2511 1380 2873 1435; x_wconf 91' lang='lat' dir='ltr'><strong>continentem</strong></span> <span class='ocrx_word' id='word_1_137' title='bbox 2917 1379 3048 1448; x_wconf 82' lang='lat' dir='ltr'><strong>legis</strong></span> <span class='ocrx_word' id='word_1_138' title='bbox 3087 1379 3349 1439; x_wconf 73' lang='lat' dir='ltr'><strong>datorem,</strong></span> <span class='ocrx_word' id='word_1_139' title='bbox 3389 1375 3480 1444; x_wconf 87' lang='lat' dir='ltr'><strong>qui</strong></span> 
     </span>
    </p>
   </div>
   <div class='ocr_carea' id='block_1_25' title="bbox 1923 1469 3484 1544">
    <p class='ocr_par' dir='ltr' id='par_1_25' title="bbox 1923 1469 3484 1544">
     <span class='ocr_line' id='line_1_25' title="bbox 1923 1469 3484 1544; baseline -0.007 -13"><span class='ocrx_word' id='word_1_140' title='bbox 1923 1493 2112 1532; x_wconf 90' lang='lat' dir='ltr'><strong>omnes</strong></span> <span class='ocrx_word' id='word_1_141' title='bbox 2155 1475 2468 1544; x_wconf 83' lang='lat' dir='ltr'><strong>iniquitates</strong></span> <span class='ocrx_word' id='word_1_142' title='bbox 2517 1482 2735 1530; x_wconf 88' lang='lat' dir='ltr'><strong>nostras</strong></span> <span class='ocrx_word' id='word_1_143' title='bbox 2772 1481 2994 1542; x_wconf 85' lang='lat' dir='ltr'><strong>propter</strong></span> <span class='ocrx_word' id='word_1_144' title='bbox 3042 1472 3254 1526; x_wconf 76' lang='lat' dir='ltr'><strong>viscera</strong></span> <span class='ocrx_word' id='word_1_145' title='bbox 3289 1469 3484 1523; x_wconf 79' lang='lat' dir='ltr'><strong>divinze</strong></span> 
     </span>
    </p>
   </div>
   <div class='ocr_carea' id='block_1_26' title="bbox 1924 1561 3480 1636">
    <p class='ocr_par' dir='ltr' id='par_1_26' title="bbox 1924 1561 3480 1636">
     <span class='ocr_line' id='line_1_26' title="bbox 1924 1561 3480 1636; baseline -0.006 -11"><span class='ocrx_word' id='word_1_146' title='bbox 1924 1570 2308 1626; x_wconf 63' lang='lat' dir='ltr'><strong>misericordiae</strong></span> <span class='ocrx_word' id='word_1_147' title='bbox 2355 1583 2468 1623; x_wconf 71' lang='lat' dir='ltr'><strong>sua:</strong></span> <span class='ocrx_word' id='word_1_148' title='bbox 2514 1567 2690 1622; x_wconf 81' lang='lat' dir='ltr'><strong>aufert</strong></span> <span class='ocrx_word' id='word_1_149' title='bbox 2740 1584 2754 1620; x_wconf 89' lang='lat'>:</span> <span class='ocrx_word' id='word_1_150' title='bbox 2799 1566 3045 1636; x_wconf 83' lang='lat' dir='ltr'><strong>pelagum</strong></span> <span class='ocrx_word' id='word_1_151' title='bbox 3092 1561 3480 1622; x_wconf 71' lang='lat' dir='ltr'><strong>inenarrabile.</strong></span> 
     </span>
    </p>
   </div>
   <div class='ocr_carea' id='block_1_27' title="bbox 1923 1658 3484 1721">
    <p class='ocr_par' dir='ltr' id='par_1_27' title="bbox 1923 1658 3484 1721">
     <span class='ocr_line' id='line_1_27' title="bbox 1923 1658 3484 1721; baseline -0.007 -3"><span class='ocrx_word' id='word_1_152' title='bbox 1923 1664 2143 1718; x_wconf 81' lang='lat' dir='ltr'><strong>Mariam</strong></span> <span class='ocrx_word' id='word_1_153' title='bbox 2183 1663 2250 1721; x_wconf 91' lang='lat' dir='ltr'><strong>ab</strong></span> <span class='ocrx_word' id='word_1_154' title='bbox 2303 1660 2451 1716; x_wconf 89' lang='lat' dir='ltr'><strong>omni</strong></span> <span class='ocrx_word' id='word_1_155' title='bbox 2507 1660 2716 1716; x_wconf 89' lang='lat' dir='ltr'><strong>macula</strong></span> <span class='ocrx_word' id='word_1_156' title='bbox 2755 1658 3078 1721; x_wconf 87' lang='lat' dir='ltr'><strong>immunem,</strong></span> <span class='ocrx_word' id='word_1_157' title='bbox 3129 1671 3235 1711; x_wconf 92' lang='lat' dir='ltr'><strong>una</strong></span> <span class='ocrx_word' id='word_1_158' title='bbox 3294 1669 3484 1709; x_wconf 76' lang='lat' dir='ltr'><strong>omnes</strong></span> 
     </span>
    </p>
   </div>
   <div class='ocr_carea' id='block_1_28' title="bbox 1923 1754 2655 1827">
    <p class='ocr_par' dir='ltr' id='par_1_28' title="bbox 1923 1754 2655 1827">
     <span class='ocr_line' id='line_1_28' title="bbox 1923 1754 2655 1827; baseline -0.003 -19"><span class='ocrx_word' id='word_1_159' title='bbox 1923 1773 2053 1812; x_wconf 90' lang='lat' dir='ltr'><strong>voce</strong></span> <span class='ocrx_word' id='word_1_160' title='bbox 2080 1757 2489 1827; x_wconf 81' lang='lat' dir='ltr'><strong>magniﬁcemus</strong></span> <span class='ocrx_word' id='word_1_161' title='bbox 2524 1754 2655 1824; x_wconf 80' lang='lat' dir='ltr'><strong>(lli).</strong></span> 
     </span>
    </p>
   </div>
   <div class='ocr_carea' id='block_1_29' title="bbox 319 1835 1825 1920">
    <p class='ocr_par' dir='ltr' id='par_1_29' title="bbox 319 1835 1823 1916">
     <span class='ocr_line' id='line_1_29' title="bbox 319 1835 1823 1916; baseline 0.01 -29"><span class='ocrx_word' id='word_1_162' title='bbox 319 1835 466 1900; x_wconf 79' lang='grc' dir='ltr'>Νοῦς</span> <span class='ocrx_word' id='word_1_163' title='bbox 516 1837 717 1893; x_wconf 69' lang='grc' dir='ltr'>ἔννοείν</span> <span class='ocrx_word' id='word_1_164' title='bbox 768 1841 827 1894; x_wconf 79' lang='grc' dir='ltr'>οὐ</span> <span class='ocrx_word' id='word_1_165' title='bbox 863 1840 1085 1897; x_wconf 79' lang='grc' dir='ltr'>δύναται</span> <span class='ocrx_word' id='word_1_166' title='bbox 1143 1843 1232 1897; x_wconf 85' lang='grc' dir='ltr'>τὸν</span> <span class='ocrx_word' id='word_1_167' title='bbox 1283 1846 1420 1916; x_wconf 78' lang='grc' dir='ltr'>ὑπὲρ</span> <span class='ocrx_word' id='word_1_168' title='bbox 1454 1848 1580 1901; x_wconf 77' lang='grc' dir='ltr'>νοῦν</span> <span class='ocrx_word' id='word_1_169' title='bbox 1603 1848 1823 1904; x_wconf 89' lang='grc' dir='ltr'>τοκετὸν</span> 
     </span>
    </p>
   </div>
   <div class='ocr_carea' id='block_1_30' title="bbox 1894 1835 3486 1920">
    <p class='ocr_par' dir='ltr' id='par_1_30' title="bbox 1894 1842 3486 1920">
     <span class='ocr_line' id='line_1_30' title="bbox 1894 1842 3486 1920; baseline -0.008 -14"><span class='ocrx_word' id='word_1_170' title='bbox 1894 1873 1897 1906; x_wconf 69' lang='grc' dir='ltr'><strong>ι</strong></span> <span class='ocrx_word' id='word_1_171' title='bbox 1995 1847 2193 1918; x_wconf 85' lang='lat' dir='ltr'><strong>Nequit</strong></span> <span class='ocrx_word' id='word_1_172' title='bbox 2223 1848 2481 1920; x_wconf 77' lang='lat' dir='ltr'><strong>cogitatio</strong></span> <span class='ocrx_word' id='word_1_173' title='bbox 2517 1847 2824 1917; x_wconf 73' lang='lat' dir='ltr'><strong>excogitare</strong></span> <span class='ocrx_word' id='word_1_174' title='bbox 2857 1842 3331 1914; x_wconf 83' lang='lat' dir='ltr'><strong>inechgitabilem</strong></span> <span class='ocrx_word' id='word_1_175' title='bbox 3359 1854 3486 1909; x_wconf 89' lang='lat' dir='ltr'><strong>par-</strong></span> 
     </span>
    </p>
   </div>
   <div class='ocr_carea' id='block_1_31' title="bbox 246 1924 1819 2010">
    <p class='ocr_par' dir='ltr' id='par_1_31' title="bbox 246 1924 1819 2010">
     <span class='ocr_line' id='line_1_31' title="bbox 246 1924 1819 2010; baseline 0.011 -34"><span class='ocrx_word' id='word_1_176' title='bbox 246 1924 349 1994; x_wconf 82' lang='grc' dir='ltr'>τῆς</span> <span class='ocrx_word' id='word_1_177' title='bbox 371 1924 691 1998; x_wconf 84' lang='grc' dir='ltr'>θαυμαστῆς</span> <span class='ocrx_word' id='word_1_178' title='bbox 711 1931 943 2000; x_wconf 83' lang='grc' dir='ltr'>Δοχείας</span> <span class='ocrx_word' id='word_1_179' title='bbox 975 1949 1090 1995; x_wconf 88' lang='grc' dir='ltr'>σου,</span> <span class='ocrx_word' id='word_1_180' title='bbox 1110 1934 1474 2009; x_wconf 82' lang='grc' dir='ltr'>Θεογεννῆτορ</span> <span class='ocrx_word' id='word_1_181' title='bbox 1488 1939 1678 2008; x_wconf 76' lang='grc' dir='ltr'><strong>Μητρο</strong></span> <span class='ocrx_word' id='word_1_182' title='bbox 1688 1940 1819 2010; x_wconf 81' lang='grc' dir='ltr'><strong>πάρ-</strong></span> 
     </span>
    </p>
   </div>
   <div class='ocr_carea' id='block_1_32' title="bbox 249 2017 1819 2102">
    <p class='ocr_par' dir='ltr' id='par_1_32' title="bbox 249 2017 1819 2102">
     <span class='ocr_line' id='line_1_32' title="bbox 249 2017 1819 2102; baseline 0.012 -34"><span class='ocrx_word' id='word_1_183' title='bbox 249 2017 393 2082; x_wconf 84' lang='grc' dir='ltr'>οενε,</span> <span class='ocrx_word' id='word_1_184' title='bbox 428 2017 528 2082; x_wconf 82' lang='grc' dir='ltr'>διὸ,</span> <span class='ocrx_word' id='word_1_185' title='bbox 564 2019 791 2074; x_wconf 74' lang='grc' dir='ltr'>ἱκετεύω</span> <span class='ocrx_word' id='word_1_186' title='bbox 841 2039 922 2090; x_wconf 91' lang='grc' dir='ltr'><strong>σε,</strong></span> <span class='ocrx_word' id='word_1_187' title='bbox 957 2024 1046 2079; x_wconf 87' lang='grc' dir='ltr'>τὸν</span> <span class='ocrx_word' id='word_1_188' title='bbox 1077 2025 1200 2080; x_wconf 84' lang='grc' dir='ltr'>νοῦν</span> <span class='ocrx_word' id='word_1_189' title='bbox 1221 2045 1346 2099; x_wconf 86' lang='grc' dir='ltr'>μου,</span> <span class='ocrx_word' id='word_1_190' title='bbox 1375 2031 1695 2102; x_wconf 86' lang='grc' dir='ltr'>χαρίτωσον,</span> <span class='ocrx_word' id='word_1_191' title='bbox 1727 2033 1819 2087; x_wconf 80' lang='grc' dir='ltr'>τοῦ</span> 
     </span>
    </p>
   </div>
   <div class='ocr_carea' id='block_1_33' title="bbox 248 2109 733 2175">
    <p class='ocr_par' dir='ltr' id='par_1_33' title="bbox 248 2109 733 2175">
     <span class='ocr_line' id='line_1_33' title="bbox 248 2109 733 2175; baseline 0.014 -15"><span class='ocrx_word' id='word_1_192' title='bbox 248 2110 340 2161; x_wconf 76' lang='grc' dir='ltr'><strong>ἀεὶ</strong></span> <span class='ocrx_word' id='word_1_193' title='bbox 377 2109 621 2175; x_wconf 77' lang='grc' dir='ltr'>δοξάζειν</span> <span class='ocrx_word' id='word_1_194' title='bbox 652 2130 733 2168; x_wconf 89' lang='grc' dir='ltr'>σε.</span> 
     </span>
    </p>
   </div>
   <div class='ocr_carea' id='block_1_34' title="bbox 324 2203 1821 2289">
    <p class='ocr_par' dir='ltr' id='par_1_34' title="bbox 324 2203 1821 2289">
     <span class='ocr_line' id='line_1_34' title="bbox 324 2203 1821 2289; baseline 0.012 -33"><span class='ocrx_word' id='word_1_195' title='bbox 324 2203 681 2273; x_wconf 83' lang='grc' dir='ltr'>Σαρκωθέντα</span> <span class='ocrx_word' id='word_1_196' title='bbox 727 2207 822 2261; x_wconf 85' lang='grc' dir='ltr'>τὸν</span> <span class='ocrx_word' id='word_1_197' title='bbox 861 2209 1036 2278; x_wconf 85' lang='grc' dir='ltr'>Λόγον</span> <span class='ocrx_word' id='word_1_198' title='bbox 1085 2211 1358 2287; x_wconf 74' lang='grc' dir='ltr'>ὑπερϐολῇ</span> <span class='ocrx_word' id='word_1_199' title='bbox 1417 2217 1821 2289; x_wconf 78' lang='grc' dir='ltr'>εὐσπλαγχνίας</span> 
     </span>
    </p>
   </div>
   <div class='ocr_carea' id='block_1_35' title="bbox 249 2297 1822 2381">
    <p class='ocr_par' dir='ltr' id='par_1_35' title="bbox 249 2297 1822 2381">
     <span class='ocr_line' id='line_1_35' title="bbox 249 2297 1822 2381; baseline 0.012 -32"><span class='ocrx_word' id='word_1_200' title='bbox 249 2297 507 2367; x_wconf 78' lang='grc' dir='ltr'>ἀῤῥήτως</span> <span class='ocrx_word' id='word_1_201' title='bbox 561 2299 907 2370; x_wconf 82' lang='grc' dir='ltr'>άπεκύησας,</span> <span class='ocrx_word' id='word_1_202' title='bbox 945 2305 1107 2358; x_wconf 83' lang='grc' dir='ltr'>αὐτὸν</span> <span class='ocrx_word' id='word_1_203' title='bbox 1151 2308 1689 2381; x_wconf 78' lang='grc' dir='ltr'>δυσώπει,ᾰχραντε,</span> <span class='ocrx_word' id='word_1_204' title='bbox 1716 2315 1822 2366; x_wconf 89' lang='grc' dir='ltr'><strong>τῶν</strong></span> 
     </span>
    </p>
   </div>
   <div class='ocr_carea' id='block_1_36' title="bbox 253 2390 1822 2471">
    <p class='ocr_par' dir='ltr' id='par_1_36' title="bbox 253 2390 1822 2471">
     <span class='ocr_line' id='line_1_36' title="bbox 253 2390 1822 2471; baseline 0.012 -33"><span class='ocrx_word' id='word_1_205' title='bbox 253 2390 534 2458; x_wconf 77' lang='grc' dir='ltr'>σαρκικῶν</span> <span class='ocrx_word' id='word_1_206' title='bbox 583 2391 790 2457; x_wconf 80' lang='grc' dir='ltr'>πάντας</span> <span class='ocrx_word' id='word_1_207' title='bbox 843 2395 1134 2464; x_wconf 81' lang='grc' dir='ltr'>μολυσμῶν</span> <span class='ocrx_word' id='word_1_208' title='bbox 1191 2399 1683 2471; x_wconf 84' lang='grc' dir='ltr'>ὲκλυτρώσασθαι,</span> <span class='ocrx_word' id='word_1_209' title='bbox 1731 2407 1822 2457; x_wconf 80' lang='grc' dir='ltr'>καὶ</span> 
     </span>
    </p>
   </div>
   <div class='ocr_carea' id='block_1_37' title="bbox 252 2481 1222 2561">
    <p class='ocr_par' dir='ltr' id='par_1_37' title="bbox 252 2481 1222 2561">
     <span class='ocr_line' id='line_1_37' title="bbox 252 2481 1222 2561; baseline 0.009 -26"><span class='ocrx_word' id='word_1_210' title='bbox 252 2481 476 2536; x_wconf 81' lang='grc' dir='ltr'>πάντων</span> <span class='ocrx_word' id='word_1_211' title='bbox 510 2483 785 2558; x_wconf 83' lang='grc' dir='ltr'>δυσχερῶν</span> <span class='ocrx_word' id='word_1_212' title='bbox 808 2487 916 2543; x_wconf 86' lang='grc' dir='ltr'><strong>τῶν</strong></span> <span class='ocrx_word' id='word_1_213' title='bbox 943 2489 1038 2542; x_wconf 85' lang='grc' dir='ltr'>τοῦ</span> <span class='ocrx_word' id='word_1_214' title='bbox 1079 2490 1222 2561; x_wconf 85' lang='grc' dir='ltr'>βίου.</span> 
     </span>
    </p>
   </div>
   <div class='ocr_carea' id='block_1_38' title="bbox 338 2666 1825 2752">
    <p class='ocr_par' dir='ltr' id='par_1_38' title="bbox 338 2666 1825 2752">
     <span class='ocr_line' id='line_1_38' title="bbox 338 2666 1825 2752; baseline 0.011 -34"><span class='ocrx_word' id='word_1_215' title='bbox 338 2666 428 2730; x_wconf 83' lang='grc' dir='ltr'>Ὠς</span> <span class='ocrx_word' id='word_1_216' title='bbox 459 2668 596 2740; x_wconf 82' lang='grc' dir='ltr'>μόνη</span> <span class='ocrx_word' id='word_1_217' title='bbox 625 2670 732 2724; x_wconf 90' lang='grc' dir='ltr'><strong>τῶν</strong></span> <span class='ocrx_word' id='word_1_218' title='bbox 775 2672 1025 2741; x_wconf 78' lang='grc' dir='ltr'>ἀγγέλων</span> <span class='ocrx_word' id='word_1_219' title='bbox 1073 2677 1322 2749; x_wconf 80' lang='grc' dir='ltr'>χαρμονὴ</span> <span class='ocrx_word' id='word_1_220' title='bbox 1357 2681 1531 2750; x_wconf 73' lang='grc' dir='ltr'>χαρᾶς</span> <span class='ocrx_word' id='word_1_221' title='bbox 1560 2698 1661 2750; x_wconf 92' lang='grc' dir='ltr'><strong>μου</strong></span> <span class='ocrx_word' id='word_1_222' title='bbox 1691 2682 1825 2752; x_wconf 78' lang='grc' dir='ltr'>πλή-</span> 
     </span>
    </p>
   </div>
   <div class='ocr_carea' id='block_1_39' title="bbox 256 2761 1825 2841">
    <p class='ocr_par' dir='ltr' id='par_1_39' title="bbox 256 2761 1825 2841">
     <span class='ocr_line' id='line_1_39' title="bbox 256 2761 1825 2841; baseline 0.011 -31"><span class='ocrx_word' id='word_1_223' title='bbox 256 2776 458 2830; x_wconf 85' lang='grc' dir='ltr'>ρωσον,</span> <span class='ocrx_word' id='word_1_224' title='bbox 479 2761 877 2834; x_wconf 84' lang='grc' dir='ltr'>Θεοχαρίτωτε,</span> <span class='ocrx_word' id='word_1_225' title='bbox 906 2768 1004 2839; x_wconf 78' lang='grc' dir='ltr'>τὴν</span> <span class='ocrx_word' id='word_1_226' title='bbox 1024 2769 1268 2824; x_wconf 88' lang='grc' dir='ltr'>διάνοιαν</span> <span class='ocrx_word' id='word_1_227' title='bbox 1298 2771 1825 2841; x_wconf 72' lang='grc' dir='ltr'>σκυθρωπάζουσαν,</span> 
     </span>
    </p>
   </div>
   <div class='ocr_carea' id='block_1_40' title="bbox 254 2852 1040 2931">
    <p class='ocr_par' dir='ltr' id='par_1_40' title="bbox 254 2852 1040 2931">
     <span class='ocr_line' id='line_1_40' title="bbox 254 2852 1040 2931; baseline 0.013 -27"><span class='ocrx_word' id='word_1_228' title='bbox 254 2852 350 2904; x_wconf 74' lang='grc' dir='ltr'><strong>καὶ</strong></span> <span class='ocrx_word' id='word_1_229' title='bbox 369 2853 602 2926; x_wconf 69' lang='grc' dir='ltr'>ἀμελείᾳ</span> <span class='ocrx_word' id='word_1_230' title='bbox 622 2854 1040 2931; x_wconf 80' lang='grc' dir='ltr'>βεσυθισμένην.</span> 
     </span>
    </p>
   </div>
   <div class='ocr_carea' id='block_1_41' title="bbox 327 3037 1818 3116">
    <p class='ocr_par' dir='ltr' id='par_1_41' title="bbox 327 3037 1818 3116">
     <span class='ocr_line' id='line_1_41' title="bbox 327 3037 1818 3116; baseline 0.009 -28"><span class='ocrx_word' id='word_1_231' title='bbox 327 3037 571 3107; x_wconf 82' lang='grc' dir='ltr'>Οίκήσας</span> <span class='ocrx_word' id='word_1_232' title='bbox 599 3040 811 3109; x_wconf 82' lang='grc' dir='ltr'>δΛόγος</span> <span class='ocrx_word' id='word_1_233' title='bbox 836 3043 894 3095; x_wconf 75' lang='grc' dir='ltr'>ἐν</span> <span class='ocrx_word' id='word_1_234' title='bbox 921 3045 1118 3112; x_wconf 86' lang='grc' dir='ltr'>γαστρί</span> <span class='ocrx_word' id='word_1_235' title='bbox 1148 3061 1264 3108; x_wconf 89' lang='grc' dir='ltr'>σου,</span> <span class='ocrx_word' id='word_1_236' title='bbox 1299 3045 1396 3116; x_wconf 79' lang='grc' dir='ltr'>τὴν</span> <span class='ocrx_word' id='word_1_237' title='bbox 1433 3047 1600 3100; x_wconf 85' lang='grc' dir='ltr'>πάλαι</span> <span class='ocrx_word' id='word_1_238' title='bbox 1627 3051 1685 3103; x_wconf 86' lang='grc' dir='ltr'>ὲν</span> <span class='ocrx_word' id='word_1_239' title='bbox 1724 3050 1818 3104; x_wconf 86' lang='grc' dir='ltr'>άν-</span> 
     </span>
    </p>
   </div>
   <div class='ocr_carea' id='block_1_42' title="bbox 254 3131 1824 3214">
    <p class='ocr_par' dir='ltr' id='par_1_42' title="bbox 254 3131 1824 3214">
     <span class='ocr_line' id='line_1_42' title="bbox 254 3131 1824 3214; baseline 0.009 -31"><span class='ocrx_word' id='word_1_240' title='bbox 254 3131 498 3201; x_wconf 79' lang='grc' dir='ltr'>θρὼποις</span> <span class='ocrx_word' id='word_1_241' title='bbox 525 3133 778 3187; x_wconf 76' lang='grc' dir='ltr'>οἰκοῦσαν</span> <span class='ocrx_word' id='word_1_242' title='bbox 791 3137 856 3206; x_wconf 78' lang='grc' dir='ltr'>τῇ</span> <span class='ocrx_word' id='word_1_243' title='bbox 875 3136 1181 3206; x_wconf 80' lang='grc' dir='ltr'>παραϐάσει</span> <span class='ocrx_word' id='word_1_244' title='bbox 1211 3139 1436 3209; x_wconf 52' lang='grc' dir='ltr'>φθοράν,</span> <span class='ocrx_word' id='word_1_245' title='bbox 1458 3141 1648 3213; x_wconf 85' lang='grc' dir='ltr'>Μῆτερ</span> <span class='ocrx_word' id='word_1_246' title='bbox 1666 3144 1824 3214; x_wconf 81' lang='grc' dir='ltr'>ἁγνὴ,</span> 
     </span>
    </p>
   </div>
   <div class='ocr_carea' id='block_1_43' title="bbox 254 3221 1646 3302">
    <p class='ocr_par' dir='ltr' id='par_1_43' title="bbox 254 3221 1646 3302">
     <span class='ocr_line' id='line_1_43' title="bbox 254 3221 1646 3302; baseline 0.009 -26"><span class='ocrx_word' id='word_1_247' title='bbox 254 3221 335 3287; x_wconf 81' lang='grc' dir='ltr'><strong>ὡς</strong></span> <span class='ocrx_word' id='word_1_248' title='bbox 360 3223 520 3293; x_wconf 81' lang='grc' dir='ltr'>μόνος</span> <span class='ocrx_word' id='word_1_249' title='bbox 545 3223 676 3289; x_wconf 84' lang='grc' dir='ltr'>Θεὸς</span> <span class='ocrx_word' id='word_1_250' title='bbox 707 3224 971 3297; x_wconf 62' lang='grc' dir='ltr'>ἐξῴκησε,</span> <span class='ocrx_word' id='word_1_251' title='bbox 1004 3228 1092 3282; x_wconf 81' lang='grc' dir='ltr'><strong>διὰ</strong></span> <span class='ocrx_word' id='word_1_252' title='bbox 1124 3230 1409 3302; x_wconf 79' lang='grc' dir='ltr'>σπλάγχνα</span> <span class='ocrx_word' id='word_1_253' title='bbox 1442 3233 1646 3297; x_wconf 79' lang='grc' dir='ltr'>ἐλέους.</span> 
     </span>
    </p>
   </div>
   <div class='ocr_carea' id='block_1_44' title="bbox 344 3495 1831 3578">
    <p class='ocr_par' dir='ltr' id='par_1_44' title="bbox 344 3495 1831 3578">
     <span class='ocr_line' id='line_1_44' title="bbox 344 3495 1831 3578; baseline 0.009 -29"><span class='ocrx_word' id='word_1_254' title='bbox 344 3495 475 3566; x_wconf 76' lang='grc' dir='ltr'><strong>Ἐμὲ</strong></span> <span class='ocrx_word' id='word_1_255' title='bbox 501 3499 592 3552; x_wconf 82' lang='grc' dir='ltr'><strong>τδν</strong></span> <span class='ocrx_word' id='word_1_256' title='bbox 620 3499 850 3571; x_wconf 80' lang='grc' dir='ltr'>ἀμελείᾳ</span> <span class='ocrx_word' id='word_1_257' title='bbox 902 3502 1000 3571; x_wconf 81' lang='grc' dir='ltr'>τὴν</span> <span class='ocrx_word' id='word_1_258' title='bbox 1032 3501 1208 3573; x_wconf 74' lang='grc' dir='ltr'>ψυχὴν</span> <span class='ocrx_word' id='word_1_259' title='bbox 1243 3502 1622 3578; x_wconf 83' lang='grc' dir='ltr'>σκοτιζόμενον</span> <span class='ocrx_word' id='word_1_260' title='bbox 1688 3526 1831 3576; x_wconf 80' lang='grc' dir='ltr'>φωτ-</span> 
     </span>
    </p>
   </div>
   <div class='ocr_carea' id='block_1_45' title="bbox 258 3578 1830 3666">
    <p class='ocr_par' dir='ltr' id='par_1_45' title="bbox 258 3578 1830 3666">
     <span class='ocr_line' id='line_1_45' title="bbox 258 3578 1830 3666; baseline 0.009 -26"><span class='ocrx_word' id='word_1_261' title='bbox 258 3578 574 3658; x_wconf 50' lang='grc' dir='ltr'>αὴώγησον,</span> <span class='ocrx_word' id='word_1_262' title='bbox 607 3588 767 3660; x_wconf 77' lang='grc' dir='ltr'>ἁγνὴ,</span> <span class='ocrx_word' id='word_1_263' title='bbox 798 3591 886 3644; x_wconf 73' lang='grc' dir='ltr'>τὸν</span> <span class='ocrx_word' id='word_1_264' title='bbox 913 3593 1011 3662; x_wconf 83' lang='grc' dir='ltr'>τῆς</span> <span class='ocrx_word' id='word_1_265' title='bbox 1059 3596 1284 3664; x_wconf 81' lang='grc' dir='ltr'>καρδίας</span> <span class='ocrx_word' id='word_1_266' title='bbox 1328 3613 1428 3665; x_wconf 90' lang='grc' dir='ltr'><strong>μου</strong></span> <span class='ocrx_word' id='word_1_267' title='bbox 1484 3600 1830 3666; x_wconf 86' lang='grc' dir='ltr'>προσεπανά-</span> 
     </span>
    </p>
   </div>
   <div class='ocr_carea' id='block_1_46' title="bbox 261 3682 1828 3760">
    <p class='ocr_par' dir='ltr' id='par_1_46' title="bbox 261 3682 1828 3760">
     <span class='ocr_line' id='line_1_46' title="bbox 261 3682 1828 3760; baseline 0.008 -26"><span class='ocrx_word' id='word_1_268' title='bbox 261 3698 472 3734; x_wconf 84' lang='grc' dir='ltr'>πτουσα</span> <span class='ocrx_word' id='word_1_269' title='bbox 500 3682 712 3752; x_wconf 83' lang='grc' dir='ltr'>λύχνον.</span> <span class='ocrx_word' id='word_1_270' title='bbox 735 3685 793 3738; x_wconf 82' lang='grc' dir='ltr'>ὲν</span> <span class='ocrx_word' id='word_1_271' title='bbox 826 3687 1105 3757; x_wconf 80' lang='grc' dir='ltr'>προθυμίᾳ</span> <span class='ocrx_word' id='word_1_272' title='bbox 1132 3689 1308 3760; x_wconf 83' lang='grc' dir='ltr'><strong>ἀγαθῇ</strong></span> <span class='ocrx_word' id='word_1_273' title='bbox 1342 3692 1488 3754; x_wconf 80' lang='grc' dir='ltr'>ὅπως</span> <span class='ocrx_word' id='word_1_274' title='bbox 1509 3691 1715 3756; x_wconf 74' lang='grc' dir='ltr'>δοξάζω</span> <span class='ocrx_word' id='word_1_275' title='bbox 1747 3709 1828 3747; x_wconf 91' lang='grc' dir='ltr'>σε.</span> 
     </span>
    </p>
   </div>
   <div class='ocr_carea' id='block_1_47' title="bbox 345 3773 1826 3854">
    <p class='ocr_par' dir='ltr' id='par_1_47' title="bbox 345 3773 1826 3854">
     <span class='ocr_line' id='line_1_47' title="bbox 345 3773 1826 3854; baseline 0.007 -28"><span class='ocrx_word' id='word_1_276' title='bbox 345 3773 517 3843; x_wconf 80' lang='grc' dir='ltr'>Ἰσχὺς</span> <span class='ocrx_word' id='word_1_277' title='bbox 577 3778 668 3829; x_wconf 79' lang='grc' dir='ltr'><strong>καὶ</strong></span> <span class='ocrx_word' id='word_1_278' title='bbox 722 3776 952 3847; x_wconf 76' lang='grc' dir='ltr'>ὓμνησις</span> <span class='ocrx_word' id='word_1_279' title='bbox 998 3781 1232 3851; x_wconf 75' lang='grc' dir='ltr'>ὑπάρχει</span> <span class='ocrx_word' id='word_1_280' title='bbox 1275 3785 1303 3834; x_wconf 78' lang='grc' dir='ltr'><strong>ὁ</strong></span> <span class='ocrx_word' id='word_1_281' title='bbox 1337 3785 1400 3835; x_wconf 83' lang='grc' dir='ltr'>ὲκ</span> <span class='ocrx_word' id='word_1_282' title='bbox 1458 3783 1552 3836; x_wconf 83' lang='grc' dir='ltr'>σοῦ</span> <span class='ocrx_word' id='word_1_283' title='bbox 1594 3785 1826 3854; x_wconf 78' lang='grc' dir='ltr'>τεχθεὶς,</span> 
     </span>
    </p>
   </div>
   <div class='ocr_carea' id='block_1_48' title="bbox 262 3866 1830 3946">
    <p class='ocr_par' dir='ltr' id='par_1_48' title="bbox 262 3866 1830 3946">
     <span class='ocr_line' id='line_1_48' title="bbox 262 3866 1830 3946; baseline 0.008 -29"><span class='ocrx_word' id='word_1_284' title='bbox 262 3866 607 3936; x_wconf 81' lang='grc' dir='ltr'>πανὰμωμε,</span> <span class='ocrx_word' id='word_1_285' title='bbox 652 3867 712 3921; x_wconf 82' lang='grc' dir='ltr'>ὃν</span> <span class='ocrx_word' id='word_1_286' title='bbox 757 3869 1056 3923; x_wconf 75' lang='grc' dir='ltr'>ἑκδυσὼπει</span> <span class='ocrx_word' id='word_1_287' title='bbox 1102 3873 1335 3935; x_wconf 74' lang='grc' dir='ltr'>ἐκτενῶς</span> <span class='ocrx_word' id='word_1_288' title='bbox 1378 3876 1708 3944; x_wconf 76' lang='grc' dir='ltr'>παρειμένον</span> <span class='ocrx_word' id='word_1_289' title='bbox 1764 3895 1830 3946; x_wconf 89' lang='grc' dir='ltr'><strong>με</strong></span> 
     </span>
    </p>
   </div>
   <div class='ocr_carea' id='block_1_49' title="bbox 261 3960 1832 4034">
    <p class='ocr_par' dir='ltr' id='par_1_49' title="bbox 261 3960 1832 4034">
     <span class='ocr_line' id='line_1_49' title="bbox 261 3960 1832 4034; baseline 0.008 -23"><span class='ocrx_word' id='word_1_290' title='bbox 261 3963 375 4021; x_wconf 85' lang='grc' dir='ltr'>τοῖς</span> <span class='ocrx_word' id='word_1_291' title='bbox 421 3960 640 4025; x_wconf 85' lang='grc' dir='ltr'>πάθεσι,</span> <span class='ocrx_word' id='word_1_292' title='bbox 677 3961 943 4031; x_wconf 78' lang='grc' dir='ltr'>Παρθένε,</span> <span class='ocrx_word' id='word_1_293' title='bbox 978 3964 1258 4034; x_wconf 75' lang='grc' dir='ltr'>ἑνισχύσαι</span> <span class='ocrx_word' id='word_1_294' title='bbox 1314 3965 1407 4019; x_wconf 82' lang='grc' dir='ltr'>τοῦ</span> <span class='ocrx_word' id='word_1_295' title='bbox 1454 3967 1692 4022; x_wconf 73' lang='grc' dir='ltr'>ἐκτελεῖν</span> <span class='ocrx_word' id='word_1_296' title='bbox 1732 3969 1832 4034; x_wconf 71' lang='grc' dir='ltr'>τὰς</span> 
     </span>
    </p>
   </div>
   <div class='ocr_carea' id='block_1_50' title="bbox 263 4052 1088 4122">
    <p class='ocr_par' dir='ltr' id='par_1_50' title="bbox 263 4052 1088 4122">
     <span class='ocr_line' id='line_1_50' title="bbox 263 4052 1088 4122; baseline 0.008 -19"><span class='ocrx_word' id='word_1_297' title='bbox 263 4052 570 4122; x_wconf 85' lang='grc' dir='ltr'>σωτηρίους</span> <span class='ocrx_word' id='word_1_298' title='bbox 607 4053 772 4106; x_wconf 81' lang='grc' dir='ltr'>αὑτοῦ</span> <span class='ocrx_word' id='word_1_299' title='bbox 797 4054 1088 4121; x_wconf 77' lang='grc' dir='ltr'>διατάξεις.</span> 
     </span>
    </p>
   </div>
   <div class='ocr_carea' id='block_1_51' title="bbox 333 4243 1835 4320">
    <p class='ocr_par' dir='ltr' id='par_1_51' title="bbox 333 4243 1835 4320">
     <span class='ocr_line' id='line_1_51' title="bbox 333 4243 1835 4320; baseline 0.005 -24"><span class='ocrx_word' id='word_1_300' title='bbox 333 4243 615 4314; x_wconf 73' lang='grc' dir='ltr'>Φωτισμός</span> <span class='ocrx_word' id='word_1_301' title='bbox 656 4262 757 4312; x_wconf 90' lang='grc' dir='ltr'><strong>μου</strong></span> <span class='ocrx_word' id='word_1_302' title='bbox 803 4247 1067 4316; x_wconf 72' lang='grc' dir='ltr'>σωτήριος</span> <span class='ocrx_word' id='word_1_303' title='bbox 1123 4248 1408 4319; x_wconf 79' lang='grc' dir='ltr'>φάνηθι,ή</span> <span class='ocrx_word' id='word_1_304' title='bbox 1467 4253 1717 4320; x_wconf 80' lang='grc' dir='ltr'>κυήσασα</span> <span class='ocrx_word' id='word_1_305' title='bbox 1772 4254 1835 4304; x_wconf 73' lang='grc' dir='ltr'>τὸ</span> 
     </span>
    </p>
   </div>
   <div class='ocr_carea' id='block_1_52' title="bbox 263 4336 1835 4410">
    <p class='ocr_par' dir='ltr' id='par_1_52' title="bbox 263 4336 1835 4410">
     <span class='ocr_line' id='line_1_52' title="bbox 263 4336 1835 4410; baseline 0.006 -22"><span class='ocrx_word' id='word_1_306' title='bbox 263 4336 407 4404; x_wconf 84' lang='grc' dir='ltr'>φῶς,</span> <span class='ocrx_word' id='word_1_307' title='bbox 430 4337 527 4406; x_wconf 83' lang='grc' dir='ltr'>τῆς</span> <span class='ocrx_word' id='word_1_308' title='bbox 556 4336 732 4408; x_wconf 80' lang='grc' dir='ltr'>ψυχῆς</span> <span class='ocrx_word' id='word_1_309' title='bbox 758 4356 859 4408; x_wconf 85' lang='grc' dir='ltr'><strong>μου</strong></span> <span class='ocrx_word' id='word_1_310' title='bbox 885 4338 954 4392; x_wconf 82' lang='grc' dir='ltr'>τὰ</span> <span class='ocrx_word' id='word_1_311' title='bbox 975 4340 1110 4410; x_wconf 83' lang='grc' dir='ltr'>νέφη</span> <span class='ocrx_word' id='word_1_312' title='bbox 1142 4340 1412 4396; x_wconf 82' lang='grc' dir='ltr'>διώκουσα</span> <span class='ocrx_word' id='word_1_313' title='bbox 1451 4344 1517 4396; x_wconf 63' lang='grc' dir='ltr'>τὰ</span> <span class='ocrx_word' id='word_1_314' title='bbox 1539 4345 1710 4396; x_wconf 76' lang='grc' dir='ltr'>πολλὰ</span> <span class='ocrx_word' id='word_1_315' title='bbox 1741 4346 1835 4399; x_wconf 70' lang='grc' dir='ltr'>καὶ</span> 
     </span>
    </p>
   </div>
   <div class='ocr_carea' id='block_1_53' title="bbox 264 4428 1833 4504">
    <p class='ocr_par' dir='ltr' id='par_1_53' title="bbox 264 4428 1833 4504">
     <span class='ocr_line' id='line_1_53' title="bbox 264 4428 1833 4504; baseline 0.005 -25"><span class='ocrx_word' id='word_1_316' title='bbox 264 4428 502 4497; x_wconf 76' lang='grc' dir='ltr'>χαλεπά,</span> <span class='ocrx_word' id='word_1_317' title='bbox 541 4428 687 4491; x_wconf 85' lang='grc' dir='ltr'>ὅπως</span> <span class='ocrx_word' id='word_1_318' title='bbox 717 4429 827 4492; x_wconf 75' lang='grc' dir='ltr'>υίὸς</span> <span class='ocrx_word' id='word_1_319' title='bbox 852 4429 1064 4500; x_wconf 74' lang='grc' dir='ltr'>ἡμέρας</span> <span class='ocrx_word' id='word_1_320' title='bbox 1116 4431 1302 4501; x_wconf 78' lang='grc' dir='ltr'>εὐχαῖς</span> <span class='ocrx_word' id='word_1_321' title='bbox 1344 4450 1437 4486; x_wconf 89' lang='grc' dir='ltr'><strong>σου</strong></span> <span class='ocrx_word' id='word_1_322' title='bbox 1480 4436 1833 4504; x_wconf 81' lang='grc' dir='ltr'>γεννήσομαι,</span> 
     </span>
    </p>
   </div>
   <div class='ocr_carea' id='block_1_54' title="bbox 1923 1930 3488 2006">
    <p class='ocr_par' dir='ltr' id='par_1_54' title="bbox 1923 1930 3488 2006">
     <span class='ocr_line' id='line_1_54' title="bbox 1923 1930 3488 2006; baseline -0.009 -12"><span class='ocrx_word' id='word_1_323' title='bbox 1923 1949 2034 1994; x_wconf 92' lang='lat' dir='ltr'><strong>tum</strong></span> <span class='ocrx_word' id='word_1_324' title='bbox 2065 1939 2398 1995; x_wconf 73' lang='lat' dir='ltr'><strong>admiranda:</strong></span> <span class='ocrx_word' id='word_1_325' title='bbox 2435 1936 2819 2006; x_wconf 88' lang='lat' dir='ltr'><strong>Conceptionis</strong></span> <span class='ocrx_word' id='word_1_326' title='bbox 2853 1944 2977 1999; x_wconf 73' lang='lat' dir='ltr'><strong>tuae,</strong></span> <span class='ocrx_word' id='word_1_327' title='bbox 3023 1948 3056 1987; x_wconf 95' lang='lat' dir='ltr'><strong>o</strong></span> <span class='ocrx_word' id='word_1_328' title='bbox 3108 1931 3200 1986; x_wconf 79' lang='lat' dir='ltr'><strong>Dei</strong></span> <span class='ocrx_word' id='word_1_329' title='bbox 3245 1930 3488 1986; x_wconf 77' lang='lat' dir='ltr'><strong>Genitrix</strong></span> 
     </span>
    </p>
   </div>
   <div class='ocr_carea' id='block_1_55' title="bbox 1927 2022 3485 2104">
    <p class='ocr_par' dir='ltr' id='par_1_55' title="bbox 1927 2022 3485 2104">
     <span class='ocr_line' id='line_1_55' title="bbox 1927 2022 3485 2104; baseline -0.008 -17"><span class='ocrx_word' id='word_1_330' title='bbox 1927 2034 2088 2104; x_wconf 88' lang='lat' dir='ltr'><strong>Virgo</strong></span> <span class='ocrx_word' id='word_1_331' title='bbox 2148 2033 2340 2086; x_wconf 81' lang='lat' dir='ltr'><strong>Mater.</strong></span> <span class='ocrx_word' id='word_1_332' title='bbox 2387 2028 2542 2084; x_wconf 86' lang='lat' dir='ltr'><strong>Unde</strong></span> <span class='ocrx_word' id='word_1_333' title='bbox 2587 2038 2638 2084; x_wconf 90' lang='lat' dir='ltr'><strong>te</strong></span> <span class='ocrx_word' id='word_1_334' title='bbox 2698 2029 2964 2098; x_wconf 85' lang='lat' dir='ltr'><strong>deprecor</strong></span> <span class='ocrx_word' id='word_1_335' title='bbox 3020 2035 3077 2079; x_wconf 91' lang='lat' dir='ltr'><strong>ut</strong></span> <span class='ocrx_word' id='word_1_336' title='bbox 3123 2022 3485 2091; x_wconf 74' lang='lat' dir='ltr'><strong>c0gitationcs</strong></span> 
     </span>
    </p>
   </div>
   <div class='ocr_carea' id='block_1_56' title="bbox 1925 2113 3484 2193">
    <p class='ocr_par' dir='ltr' id='par_1_56' title="bbox 1925 2113 3484 2193">
     <span class='ocr_line' id='line_1_56' title="bbox 1925 2113 3484 2193; baseline -0.01 -13"><span class='ocrx_word' id='word_1_337' title='bbox 1925 2127 2120 2180; x_wconf 90' lang='lat' dir='ltr'><strong>mentis</strong></span> <span class='ocrx_word' id='word_1_338' title='bbox 2152 2139 2283 2177; x_wconf 71' lang='lat' dir='ltr'><strong>mea:</strong></span> <span class='ocrx_word' id='word_1_339' title='bbox 2299 2123 2470 2193; x_wconf 87' lang='lat' dir='ltr'><strong>gratia</strong></span> <span class='ocrx_word' id='word_1_340' title='bbox 2502 2121 2734 2190; x_wconf 81' lang='lat' dir='ltr'><strong>replens,</strong></span> <span class='ocrx_word' id='word_1_341' title='bbox 2768 2127 2827 2173; x_wconf 92' lang='lat' dir='ltr'><strong>ut</strong></span> <span class='ocrx_word' id='word_1_342' title='bbox 2851 2127 2901 2173; x_wconf 91' lang='lat' dir='ltr'><strong>te</strong></span> <span class='ocrx_word' id='word_1_343' title='bbox 2923 2131 3136 2186; x_wconf 77' lang='lat' dir='ltr'><strong>semper</strong></span> <span class='ocrx_word' id='word_1_344' title='bbox 3162 2113 3484 2183; x_wconf 73' lang='lat' dir='ltr'><strong>gloriﬁcent.</strong></span> 
     </span>
    </p>
   </div>
   <div class='ocr_carea' id='block_1_57' title="bbox 1995 2208 3486 2289">
    <p class='ocr_par' dir='ltr' id='par_1_57' title="bbox 1995 2208 3486 2289">
     <span class='ocr_line' id='line_1_57' title="bbox 1995 2208 3486 2289; baseline -0.011 -16"><span class='ocrx_word' id='word_1_345' title='bbox 1995 2218 2154 2289; x_wconf 78' lang='lat'><strong>265</strong></span> <span class='ocrx_word' id='word_1_346' title='bbox 2178 2217 2412 2271; x_wconf 86' lang='lat' dir='ltr'><strong>Verbum</strong></span> <span class='ocrx_word' id='word_1_347' title='bbox 2434 2225 2652 2285; x_wconf 90' lang='lat' dir='ltr'><strong>propter</strong></span> <span class='ocrx_word' id='word_1_348' title='bbox 2683 2228 2965 2268; x_wconf 81' lang='lat' dir='ltr'><strong>excessum</strong></span> <span class='ocrx_word' id='word_1_349' title='bbox 3000 2209 3215 2281; x_wconf 91' lang='lat' dir='ltr'><strong>pietatis</strong></span> <span class='ocrx_word' id='word_1_350' title='bbox 3238 2208 3486 2262; x_wconf 87' lang='lat' dir='ltr'><strong>incarna-</strong></span> 
     </span>
    </p>
   </div>
   <div class='ocr_carea' id='block_1_58' title="bbox 1925 2302 3487 2378">
    <p class='ocr_par' dir='ltr' id='par_1_58' title="bbox 1925 2302 3487 2378">
     <span class='ocr_line' id='line_1_58' title="bbox 1925 2302 3487 2378; baseline -0.01 -11"><span class='ocrx_word' id='word_1_351' title='bbox 1925 2321 2012 2367; x_wconf 88' lang='lat' dir='ltr'><strong>tus</strong></span> <span class='ocrx_word' id='word_1_352' title='bbox 2041 2309 2380 2364; x_wconf 84' lang='lat' dir='ltr'><strong>ineﬂ‘abilitcr</strong></span> <span class='ocrx_word' id='word_1_353' title='bbox 2431 2306 2688 2378; x_wconf 74' lang='lat' dir='ltr'><strong>peperisti</strong></span> <span class='ocrx_word' id='word_1_354' title='bbox 2715 2323 2728 2358; x_wconf 89' lang='lat'><strong>:</strong></span> <span class='ocrx_word' id='word_1_355' title='bbox 2755 2305 2930 2374; x_wconf 90' lang='lat' dir='ltr'><strong>ipsum</strong></span> <span class='ocrx_word' id='word_1_356' title='bbox 2961 2302 3280 2372; x_wconf 87' lang='lat' dir='ltr'><strong>suppliciter</strong></span> <span class='ocrx_word' id='word_1_357' title='bbox 3297 2315 3487 2364; x_wconf 82' lang='lat' dir='ltr'><strong>exora,</strong></span> 
     </span>
    </p>
   </div>
   <div class='ocr_carea' id='block_1_59' title="bbox 1925 2393 3488 2464">
    <p class='ocr_par' dir='ltr' id='par_1_59' title="bbox 1925 2393 3488 2464">
     <span class='ocr_line' id='line_1_59' title="bbox 1925 2393 3488 2464; baseline -0.009 -7"><span class='ocrx_word' id='word_1_358' title='bbox 1925 2419 1959 2457; x_wconf 92' lang='lat' dir='ltr'><strong>o</strong></span> <span class='ocrx_word' id='word_1_359' title='bbox 1989 2403 2360 2464; x_wconf 89' lang='lat' dir='ltr'><strong>immaculata,</strong></span> <span class='ocrx_word' id='word_1_360' title='bbox 2395 2411 2454 2454; x_wconf 92' lang='lat' dir='ltr'><strong>ut</strong></span> <span class='ocrx_word' id='word_1_361' title='bbox 2487 2415 2678 2454; x_wconf 88' lang='lat' dir='ltr'><strong>onmcs</strong></span> <span class='ocrx_word' id='word_1_362' title='bbox 2704 2413 2735 2452; x_wconf 89' lang='lat' dir='ltr'><strong>a</strong></span> <span class='ocrx_word' id='word_1_363' title='bbox 2771 2397 3086 2452; x_wconf 87' lang='lat' dir='ltr'><strong>carnalibus</strong></span> <span class='ocrx_word' id='word_1_364' title='bbox 3113 2393 3488 2462; x_wconf 71' lang='lat' dir='ltr'><strong>inquinamen-</strong></span> 
     </span>
    </p>
   </div>
   <div class='ocr_carea' id='block_1_60' title="bbox 1927 2485 3492 2557">
    <p class='ocr_par' dir='ltr' id='par_1_60' title="bbox 1927 2485 3492 2557">
     <span class='ocr_line' id='line_1_60' title="bbox 1927 2485 3492 2557; baseline -0.01 -7"><span class='ocrx_word' id='word_1_365' title='bbox 1927 2497 1996 2550; x_wconf 87' lang='lat' dir='ltr'><strong>tis</strong></span> <span class='ocrx_word' id='word_1_366' title='bbox 2042 2494 2193 2548; x_wconf 86' lang='lat' dir='ltr'><strong>etab</strong></span> <span class='ocrx_word' id='word_1_367' title='bbox 2232 2491 2507 2548; x_wconf 85' lang='lat' dir='ltr'><strong>universis</strong></span> <span class='ocrx_word' id='word_1_368' title='bbox 2539 2491 2662 2546; x_wconf 78' lang='lat' dir='ltr'><strong>vitze</strong></span> <span class='ocrx_word' id='word_1_369' title='bbox 2699 2489 2964 2544; x_wconf 90' lang='lat' dir='ltr'><strong>molestiis</strong></span> <span class='ocrx_word' id='word_1_370' title='bbox 3003 2497 3166 2557; x_wconf 89' lang='lat' dir='ltr'><strong>atque</strong></span> <span class='ocrx_word' id='word_1_371' title='bbox 3189 2485 3492 2540; x_wconf 85' lang='lat' dir='ltr'><strong>adversita-</strong></span> 
     </span>
    </p>
   </div>
   <div class='ocr_carea' id='block_1_61' title="bbox 1929 2585 2428 2640">
    <p class='ocr_par' dir='ltr' id='par_1_61' title="bbox 1929 2585 2428 2640">
     <span class='ocr_line' id='line_1_61' title="bbox 1929 2585 2428 2640; baseline -0.004 -1"><span class='ocrx_word' id='word_1_372' title='bbox 1929 2587 2077 2640; x_wconf 90' lang='lat' dir='ltr'><strong>tibns</strong></span> <span class='ocrx_word' id='word_1_373' title='bbox 2109 2585 2428 2640; x_wconf 89' lang='lat' dir='ltr'><strong>liberentur.</strong></span> 
     </span>
    </p>
   </div>
   <div class='ocr_carea' id='block_1_62' title="bbox 1998 2668 3493 2749">
    <p class='ocr_par' dir='ltr' id='par_1_62' title="bbox 1998 2668 3493 2749">
     <span class='ocr_line' id='line_1_62' title="bbox 1998 2668 3493 2749; baseline -0.008 -16"><span class='ocrx_word' id='word_1_374' title='bbox 1998 2679 2100 2744; x_wconf 88' lang='lat' dir='ltr'><strong>Tn,</strong></span> <span class='ocrx_word' id='word_1_375' title='bbox 2127 2693 2249 2749; x_wconf 74' lang='lat' dir='ltr'><strong>qua:</strong></span> <span class='ocrx_word' id='word_1_376' title='bbox 2273 2677 2384 2732; x_wconf 89' lang='lat' dir='ltr'><strong>sola</strong></span> <span class='ocrx_word' id='word_1_377' title='bbox 2419 2692 2478 2731; x_wconf 90' lang='lat' dir='ltr'><strong>es</strong></span> <span class='ocrx_word' id='word_1_378' title='bbox 2509 2674 2829 2746; x_wconf 79' lang='lat' dir='ltr'><strong>angelorum</strong></span> <span class='ocrx_word' id='word_1_379' title='bbox 2867 2671 3076 2736; x_wconf 70' lang='lat' dir='ltr'><strong>lmtitia,</strong></span> <span class='ocrx_word' id='word_1_380' title='bbox 3107 2669 3292 2740; x_wconf 88' lang='lat' dir='ltr'><strong>imple,</strong></span> <span class='ocrx_word' id='word_1_381' title='bbox 3321 2685 3353 2723; x_wconf 91' lang='grc' dir='ltr'><strong>ο</strong></span> <span class='ocrx_word' id='word_1_382' title='bbox 3383 2668 3493 2724; x_wconf 86' lang='lat' dir='ltr'><strong>Deo</strong></span> 
     </span>
    </p>
   </div>
   <div class='ocr_carea' id='block_1_63' title="bbox 1927 2763 3490 2838">
    <p class='ocr_par' dir='ltr' id='par_1_63' title="bbox 1927 2763 3490 2838">
     <span class='ocr_line' id='line_1_63' title="bbox 1927 2763 3490 2838; baseline -0.007 -12"><span class='ocrx_word' id='word_1_383' title='bbox 1927 2770 2273 2831; x_wconf 87' lang='lat' dir='ltr'><strong>charissima,</strong></span> <span class='ocrx_word' id='word_1_384' title='bbox 2291 2767 2489 2838; x_wconf 82' lang='lat' dir='ltr'><strong>gaudio</strong></span> <span class='ocrx_word' id='word_1_385' title='bbox 2512 2776 2745 2821; x_wconf 88' lang='lat' dir='ltr'><strong>mentem</strong></span> <span class='ocrx_word' id='word_1_386' title='bbox 2767 2779 2941 2819; x_wconf 91' lang='lat' dir='ltr'><strong>meam</strong></span> <span class='ocrx_word' id='word_1_387' title='bbox 2964 2779 3070 2835; x_wconf 80' lang='lat' dir='ltr'><strong>pra:</strong></span> <span class='ocrx_word' id='word_1_388' title='bbox 3101 2763 3318 2818; x_wconf 86' lang='lat' dir='ltr'><strong>tristitia</strong></span> <span class='ocrx_word' id='word_1_389' title='bbox 3352 2777 3490 2816; x_wconf 79' lang='lat' dir='ltr'><strong>mm-</strong></span> 
     </span>
    </p>
   </div>
   <div class='ocr_carea' id='block_1_64' title="bbox 1930 2857 3494 2934">
    <p class='ocr_par' dir='ltr' id='par_1_64' title="bbox 1930 2857 3494 2934">
     <span class='ocr_line' id='line_1_64' title="bbox 1930 2857 3494 2934; baseline -0.004 -15"><span class='ocrx_word' id='word_1_390' title='bbox 1930 2878 2159 2934; x_wconf 88' lang='lat' dir='ltr'><strong>roreqne</strong></span> <span class='ocrx_word' id='word_1_391' title='bbox 2191 2862 2479 2932; x_wconf 74' lang='lat' dir='ltr'><strong>deiectam,</strong></span> <span class='ocrx_word' id='word_1_392' title='bbox 2509 2869 2672 2932; x_wconf 89' lang='lat' dir='ltr'><strong>atque</strong></span> <span class='ocrx_word' id='word_1_393' title='bbox 2711 2860 2764 2915; x_wconf 93' lang='lat' dir='ltr'><strong>in</strong></span> <span class='ocrx_word' id='word_1_394' title='bbox 2807 2859 3072 2915; x_wconf 73' lang='lat' dir='ltr'><strong>socordia:</strong></span> <span class='ocrx_word' id='word_1_395' title='bbox 3103 2857 3369 2928; x_wconf 80' lang='lat' dir='ltr'><strong>profunda</strong></span> <span class='ocrx_word' id='word_1_396' title='bbox 3397 2872 3494 2912; x_wconf 91' lang='lat' dir='ltr'><strong>vo-</strong></span> 
     </span>
    </p>
   </div>
   <div class='ocr_carea' id='block_1_65' title="bbox 1929 2955 2474 3026">
    <p class='ocr_par' dir='ltr' id='par_1_65' title="bbox 1929 2955 2474 3026">
     <span class='ocr_line' id='line_1_65' title="bbox 1929 2955 2474 3026; baseline -0.015 -16"><span class='ocrx_word' id='word_1_397' title='bbox 1929 2955 2116 3026; x_wconf 86' lang='lat' dir='ltr'><strong>ragine</strong></span> <span class='ocrx_word' id='word_1_398' title='bbox 2149 2955 2474 3008; x_wconf 87' lang='lat' dir='ltr'><strong>demersam.</strong></span> 
     </span>
    </p>
   </div>
   <div class='ocr_carea' id='block_1_66' title="bbox 1999 3037 3492 3106">
    <p class='ocr_par' dir='ltr' id='par_1_66' title="bbox 1999 3037 3492 3106">
     <span class='ocr_line' id='line_1_66' title="bbox 1999 3037 3492 3106; baseline -0.005 -7"><span class='ocrx_word' id='word_1_399' title='bbox 1999 3046 2135 3100; x_wconf 86' lang='lat' dir='ltr'><strong>Cum</strong></span> <span class='ocrx_word' id='word_1_400' title='bbox 2179 3044 2418 3098; x_wconf 80' lang='lat' dir='ltr'><strong>Verbum</strong></span> <span class='ocrx_word' id='word_1_401' title='bbox 2480 3043 2534 3097; x_wconf 90' lang='lat' dir='ltr'><strong>in</strong></span> <span class='ocrx_word' id='word_1_402' title='bbox 2568 3049 2726 3097; x_wconf 90' lang='lat' dir='ltr'><strong>utero</strong></span> <span class='ocrx_word' id='word_1_403' title='bbox 2759 3051 2854 3096; x_wconf 92' lang='lat' dir='ltr'><strong>tuo</strong></span> <span class='ocrx_word' id='word_1_404' title='bbox 2897 3039 3217 3106; x_wconf 85' lang='lat' dir='ltr'><strong>habitasset,</strong></span> <span class='ocrx_word' id='word_1_405' title='bbox 3251 3053 3284 3093; x_wconf 91' lang='grc' dir='ltr'><strong>ο</strong></span> <span class='ocrx_word' id='word_1_406' title='bbox 3318 3037 3492 3092; x_wconf 84' lang='lat' dir='ltr'><strong>Mater</strong></span> 
     </span>
    </p>
   </div>
   <div class='ocr_carea' id='block_1_67' title="bbox 1931 3135 3491 3212">
    <p class='ocr_par' dir='ltr' id='par_1_67' title="bbox 1931 3135 3491 3212">
     <span class='ocr_line' id='line_1_67' title="bbox 1931 3135 3491 3212; baseline -0.006 -14"><span class='ocrx_word' id='word_1_407' title='bbox 1931 3151 2102 3207; x_wconf 85' lang='lat' dir='ltr'><strong>casta,</strong></span> <span class='ocrx_word' id='word_1_408' title='bbox 2145 3143 2574 3212; x_wconf 84' lang='lat' dir='ltr'><strong>corruptionem,</strong></span> <span class='ocrx_word' id='word_1_409' title='bbox 2619 3155 2741 3210; x_wconf 73' lang='lat' dir='ltr'><strong>qum</strong></span> <span class='ocrx_word' id='word_1_410' title='bbox 2784 3155 2814 3194; x_wconf 89' lang='lat' dir='ltr'><strong>a</strong></span> <span class='ocrx_word' id='word_1_411' title='bbox 2853 3138 3114 3194; x_wconf 91' lang='lat' dir='ltr'><strong>diuturno</strong></span> <span class='ocrx_word' id='word_1_412' title='bbox 3147 3146 3390 3206; x_wconf 84' lang='lat' dir='ltr'><strong>tempore</strong></span> <span class='ocrx_word' id='word_1_413' title='bbox 3435 3135 3491 3190; x_wconf 90' lang='lat' dir='ltr'><strong>in</strong></span> 
     </span>
    </p>
   </div>
   <div class='ocr_carea' id='block_1_68' title="bbox 1854 3201 3492 3304">
    <p class='ocr_par' dir='ltr' id='par_1_68' title="bbox 1854 3201 3492 3304">
     <span class='ocr_line' id='line_1_68' title="bbox 1854 3201 3492 3304; baseline -0.005 -15"><span class='ocrx_word' id='word_1_414' title='bbox 1854 3201 1897 3258; x_wconf 76' lang='lat' dir='ltr'><strong><em>C</em></strong></span> <span class='ocrx_word' id='word_1_415' title='bbox 1936 3235 2247 3290; x_wconf 86' lang='lat' dir='ltr'><strong>hominibus</strong></span> <span class='ocrx_word' id='word_1_416' title='bbox 2314 3241 2534 3304; x_wconf 83' lang='lat' dir='ltr'><strong>prepter</strong></span> <span class='ocrx_word' id='word_1_417' title='bbox 2586 3231 3097 3303; x_wconf 77' lang='lat' dir='ltr'><strong>transgressionem</strong></span> <span class='ocrx_word' id='word_1_418' title='bbox 3136 3230 3492 3288; x_wconf 85' lang='lat' dir='ltr'><strong>habitaverat.</strong></span> 
     </span>
    </p>
   </div>
   <div class='ocr_carea' id='block_1_69' title="bbox 1931 3320 3494 3396">
    <p class='ocr_par' dir='ltr' id='par_1_69' title="bbox 1931 3320 3494 3396">
     <span class='ocr_line' id='line_1_69' title="bbox 1931 3320 3494 3396; baseline -0.004 -18"><span class='ocrx_word' id='word_1_419' title='bbox 1931 3327 2112 3395; x_wconf 82' lang='lat' dir='ltr'><strong>ejecit,</strong></span> <span class='ocrx_word' id='word_1_420' title='bbox 2147 3339 2404 3396; x_wconf 86' lang='lat' dir='ltr'><strong>tanquam</strong></span> <span class='ocrx_word' id='word_1_421' title='bbox 2429 3325 2578 3382; x_wconf 88' lang='lat' dir='ltr'><strong>solus</strong></span> <span class='ocrx_word' id='word_1_422' title='bbox 2600 3323 2761 3390; x_wconf 90' lang='lat' dir='ltr'><strong>Deus,</strong></span> <span class='ocrx_word' id='word_1_423' title='bbox 2791 3333 3014 3394; x_wconf 88' lang='lat' dir='ltr'><strong>propter</strong></span> <span class='ocrx_word' id='word_1_424' title='bbox 3044 3322 3252 3376; x_wconf 87' lang='lat' dir='ltr'><strong>viscera</strong></span> <span class='ocrx_word' id='word_1_425' title='bbox 3282 3320 3494 3376; x_wconf 82' lang='lat' dir='ltr'><strong>miseri-</strong></span> 
     </span>
    </p>
   </div>
   <div class='ocr_carea' id='block_1_70' title="bbox 1931 3418 2292 3471">
    <p class='ocr_par' dir='ltr' id='par_1_70' title="bbox 1931 3418 2292 3471">
     <span class='ocr_line' id='line_1_70' title="bbox 1931 3418 2292 3471; baseline 0.003 -1"><span class='ocrx_word' id='word_1_426' title='bbox 1931 3418 2128 3470; x_wconf 76' lang='lat' dir='ltr'><strong>cordi-.c</strong></span> <span class='ocrx_word' id='word_1_427' title='bbox 2159 3433 2292 3471; x_wconf 69' lang='lat' dir='ltr'><strong>suae.</strong></span> 
     </span>
    </p>
   </div>
   <div class='ocr_carea' id='block_1_71' title="bbox 2006 3506 3492 3578">
    <p class='ocr_par' dir='ltr' id='par_1_71' title="bbox 2006 3506 3492 3578">
     <span class='ocr_line' id='line_1_71' title="bbox 2006 3506 3492 3578; baseline -0.001 -16"><span class='ocrx_word' id='word_1_428' title='bbox 2006 3511 2249 3564; x_wconf 86' lang='lat' dir='ltr'><strong>lllumina</strong></span> <span class='ocrx_word' id='word_1_429' title='bbox 2285 3525 2392 3575; x_wconf 90' lang='lat' dir='ltr'><strong>me,</strong></span> <span class='ocrx_word' id='word_1_430' title='bbox 2434 3526 2468 3565; x_wconf 94' lang='lat' dir='ltr'><strong>o</strong></span> <span class='ocrx_word' id='word_1_431' title='bbox 2506 3519 2678 3573; x_wconf 84' lang='lat' dir='ltr'><strong>casta,</strong></span> <span class='ocrx_word' id='word_1_432' title='bbox 2710 3509 2868 3578; x_wconf 79' lang='lat' dir='ltr'><strong>cujus</strong></span> <span class='ocrx_word' id='word_1_433' title='bbox 2914 3508 3094 3562; x_wconf 88' lang='lat' dir='ltr'><strong>anima</strong></span> <span class='ocrx_word' id='word_1_434' title='bbox 3149 3506 3492 3576; x_wconf 67' lang='lat' dir='ltr'><strong>negligentia:</strong></span> 
     </span>
    </p>
   </div>
   <div class='ocr_carea' id='block_1_72' title="bbox 1936 3601 3494 3664">
    <p class='ocr_par' dir='ltr' id='par_1_72' title="bbox 1936 3601 3494 3664">
     <span class='ocr_line' id='line_1_72' title="bbox 1936 3601 3494 3664; baseline -0.003 -7"><span class='ocrx_word' id='word_1_435' title='bbox 1936 3605 2173 3657; x_wconf 77' lang='lat' dir='ltr'><strong>tenebris</strong></span> <span class='ocrx_word' id='word_1_436' title='bbox 2202 3603 2372 3657; x_wconf 73' lang='lat' dir='ltr'><strong>oll‘usa</strong></span> <span class='ocrx_word' id='word_1_437' title='bbox 2394 3612 2494 3662; x_wconf 83' lang='lat' dir='ltr'><strong>est.</strong></span> <span class='ocrx_word' id='word_1_438' title='bbox 2523 3602 2825 3657; x_wconf 85' lang='lat' dir='ltr'><strong>accendens</strong></span> <span class='ocrx_word' id='word_1_439' title='bbox 2856 3601 3133 3657; x_wconf 89' lang='lat' dir='ltr'><strong>lucernam</strong></span> <span class='ocrx_word' id='word_1_440' title='bbox 3158 3601 3340 3656; x_wconf 87' lang='lat' dir='ltr'><strong>cordis</strong></span> <span class='ocrx_word' id='word_1_441' title='bbox 3368 3601 3494 3664; x_wconf 89' lang='lat' dir='ltr'><strong>tnei,</strong></span> 
     </span>
    </p>
   </div>
   <div class='ocr_carea' id='block_1_73' title="bbox 1935 3695 3156 3765">
    <p class='ocr_par' dir='ltr' id='par_1_73' title="bbox 1935 3695 3156 3765">
     <span class='ocr_line' id='line_1_73' title="bbox 1935 3695 3156 3765; baseline -0.002 -15"><span class='ocrx_word' id='word_1_442' title='bbox 1935 3706 1992 3750; x_wconf 93' lang='lat' dir='ltr'><strong>ut</strong></span> <span class='ocrx_word' id='word_1_443' title='bbox 2019 3705 2070 3750; x_wconf 92' lang='lat' dir='ltr'><strong>te</strong></span> <span class='ocrx_word' id='word_1_444' title='bbox 2097 3712 2291 3764; x_wconf 85' lang='lat' dir='ltr'><strong>magna</strong></span> <span class='ocrx_word' id='word_1_445' title='bbox 2322 3697 2487 3750; x_wconf 90' lang='lat' dir='ltr'><strong>animi</strong></span> <span class='ocrx_word' id='word_1_446' title='bbox 2531 3696 2810 3749; x_wconf 87' lang='lat' dir='ltr'><strong>alacritate</strong></span> <span class='ocrx_word' id='word_1_447' title='bbox 2838 3695 3156 3765; x_wconf 85' lang='lat' dir='ltr'><strong>glorilicem.</strong></span> 
     </span>
    </p>
   </div>
   <div class='ocr_carea' id='block_1_74' title="bbox 2008 3786 3500 3856">
    <p class='ocr_par' dir='ltr' id='par_1_74' title="bbox 2008 3786 3500 3856">
     <span class='ocr_line' id='line_1_74' title="bbox 2008 3786 3500 3856; baseline -0.001 -15"><span class='ocrx_word' id='word_1_448' title='bbox 2008 3788 2195 3843; x_wconf 84' lang='lat' dir='ltr'><strong>Virtus</strong></span> <span class='ocrx_word' id='word_1_449' title='bbox 2232 3802 2280 3842; x_wconf 90' lang='lat' dir='ltr'><strong>et</strong></span> <span class='ocrx_word' id='word_1_450' title='bbox 2312 3790 2431 3842; x_wconf 92' lang='lat' dir='ltr'><strong>laus</strong></span> <span class='ocrx_word' id='word_1_451' title='bbox 2464 3789 2552 3841; x_wconf 90' lang='lat' dir='ltr'><strong>ille</strong></span> <span class='ocrx_word' id='word_1_452' title='bbox 2592 3796 2693 3852; x_wconf 90' lang='lat' dir='ltr'><strong>est,</strong></span> <span class='ocrx_word' id='word_1_453' title='bbox 2729 3788 2906 3856; x_wconf 83' lang='lat' dir='ltr'><strong>quiex</strong></span> <span class='ocrx_word' id='word_1_454' title='bbox 2935 3795 2985 3841; x_wconf 87' lang='lat' dir='ltr'><strong>te</strong></span> <span class='ocrx_word' id='word_1_455' title='bbox 3013 3795 3175 3840; x_wconf 86' lang='lat' dir='ltr'><strong>natus</strong></span> <span class='ocrx_word' id='word_1_456' title='bbox 3207 3795 3311 3852; x_wconf 90' lang='lat' dir='ltr'><strong>est,</strong></span> <span class='ocrx_word' id='word_1_457' title='bbox 3355 3801 3389 3840; x_wconf 94' lang='lat' dir='ltr'><strong>o</strong></span> <span class='ocrx_word' id='word_1_458' title='bbox 3432 3786 3500 3840; x_wconf 88' lang='lat' dir='ltr'><strong>ab</strong></span> 
     </span>
    </p>
   </div>
   <div class='ocr_carea' id='block_1_75' title="bbox 1933 3879 3497 3950">
    <p class='ocr_par' dir='ltr' id='par_1_75' title="bbox 1933 3879 3497 3950">
     <span class='ocr_line' id='line_1_75' title="bbox 1933 3879 3497 3950; baseline 0 -17"><span class='ocrx_word' id='word_1_459' title='bbox 1933 3882 2080 3936; x_wconf 89' lang='lat' dir='ltr'><strong>omni</strong></span> <span class='ocrx_word' id='word_1_460' title='bbox 2115 3897 2264 3935; x_wconf 75' lang='lat' dir='ltr'><strong>nzevo</strong></span> <span class='ocrx_word' id='word_1_461' title='bbox 2300 3881 2658 3936; x_wconf 89' lang='lat' dir='ltr'><strong>nmndissima</strong></span> <span class='ocrx_word' id='word_1_462' title='bbox 2702 3879 2867 3945; x_wconf 85' lang='lat' dir='ltr'><strong>Virgo</strong></span> <span class='ocrx_word' id='word_1_463' title='bbox 2900 3879 3034 3950; x_wconf 82' lang='lat' dir='ltr'><strong>(l7);</strong></span> <span class='ocrx_word' id='word_1_464' title='bbox 3067 3896 3228 3950; x_wconf 82' lang='lat' dir='ltr'><strong>quem</strong></span> <span class='ocrx_word' id='word_1_465' title='bbox 3283 3889 3337 3935; x_wconf 93' lang='lat' dir='ltr'><strong>tu</strong></span> <span class='ocrx_word' id='word_1_466' title='bbox 3374 3896 3497 3935; x_wconf 91' lang='lat' dir='ltr'><strong>cum</strong></span> 
     </span>
    </p>
   </div>
   <div class='ocr_carea' id='block_1_76' title="bbox 1935 3972 3497 4043">
    <p class='ocr_par' dir='ltr' id='par_1_76' title="bbox 1935 3972 3497 4043">
     <span class='ocr_line' id='line_1_76' title="bbox 1935 3972 3497 4043; baseline -0.001 -16"><span class='ocrx_word' id='word_1_467' title='bbox 1935 3973 2127 4028; x_wconf 83' lang='lat' dir='ltr'><strong>aﬂ&#39;ectu</strong></span> <span class='ocrx_word' id='word_1_468' title='bbox 2153 3975 2412 4043; x_wconf 88' lang='lat' dir='ltr'><strong>deprecar</strong></span> <span class='ocrx_word' id='word_1_469' title='bbox 2445 3982 2500 4026; x_wconf 91' lang='lat' dir='ltr'><strong>ut</strong></span> <span class='ocrx_word' id='word_1_470' title='bbox 2527 3989 2611 4025; x_wconf 84' lang='lat' dir='ltr'><strong>me</strong></span> <span class='ocrx_word' id='word_1_471' title='bbox 2639 3972 2985 4041; x_wconf 87' lang='lat' dir='ltr'><strong>passionibus</strong></span> <span class='ocrx_word' id='word_1_472' title='bbox 3031 3972 3264 4027; x_wconf 80' lang='lat' dir='ltr'><strong>fractum</strong></span> <span class='ocrx_word' id='word_1_473' title='bbox 3295 3975 3497 4028; x_wconf 85' lang='lat' dir='ltr'><strong>virtute</strong></span> 
     </span>
    </p>
   </div>
   <div class='ocr_carea' id='block_1_77' title="bbox 1934 4065 3497 4136">
    <p class='ocr_par' dir='ltr' id='par_1_77' title="bbox 1934 4065 3497 4136">
     <span class='ocr_line' id='line_1_77' title="bbox 1934 4065 3497 4136; baseline 0.001 -16"><span class='ocrx_word' id='word_1_474' title='bbox 1934 4067 2267 4132; x_wconf 86' lang='lat' dir='ltr'><strong>corroboret,</strong></span> <span class='ocrx_word' id='word_1_475' title='bbox 2306 4075 2363 4119; x_wconf 95' lang='lat' dir='ltr'><strong>ut</strong></span> <span class='ocrx_word' id='word_1_476' title='bbox 2397 4066 2660 4121; x_wconf 83' lang='lat' dir='ltr'><strong>salutaria</strong></span> <span class='ocrx_word' id='word_1_477' title='bbox 2697 4065 2869 4134; x_wconf 89' lang='lat' dir='ltr'><strong>ipsius</strong></span> <span class='ocrx_word' id='word_1_478' title='bbox 2901 4075 3169 4135; x_wconf 65' lang='lat' dir='ltr'><strong>praecepta</strong></span> <span class='ocrx_word' id='word_1_479' title='bbox 3231 4069 3497 4136; x_wconf 86' lang='lat' dir='ltr'><strong>perlicere</strong></span> 
     </span>
    </p>
   </div>
   <div class='ocr_carea' id='block_1_78' title="bbox 1936 4157 2164 4225">
    <p class='ocr_par' dir='ltr' id='par_1_78' title="bbox 1936 4157 2164 4225">
     <span class='ocr_line' id='line_1_78' title="bbox 1936 4157 2164 4225; baseline 0.009 -17"><span class='ocrx_word' id='word_1_480' title='bbox 1936 4157 2164 4225; x_wconf 89' lang='lat' dir='ltr'><strong>possim.</strong></span> 
     </span>
    </p>
   </div>
   <div class='ocr_carea' id='block_1_79' title="bbox 2011 4244 3503 4317">
    <p class='ocr_par' dir='ltr' id='par_1_79' title="bbox 2011 4244 3503 4317">
     <span class='ocr_line' id='line_1_79' title="bbox 2011 4244 3503 4317; baseline 0.001 -18"><span class='ocrx_word' id='word_1_481' title='bbox 2011 4244 2142 4301; x_wconf 78' lang='lat' dir='ltr'><strong>Esto</strong></span> <span class='ocrx_word' id='word_1_482' title='bbox 2164 4246 2421 4301; x_wconf 88' lang='lat' dir='ltr'><strong>salutaris</strong></span> <span class='ocrx_word' id='word_1_483' title='bbox 2454 4246 2780 4301; x_wconf 89' lang='lat' dir='ltr'><strong>illuminatio</strong></span> <span class='ocrx_word' id='word_1_484' title='bbox 2803 4261 2943 4312; x_wconf 87' lang='lat' dir='ltr'><strong>mea,</strong></span> <span class='ocrx_word' id='word_1_485' title='bbox 2971 4255 3026 4301; x_wconf 92' lang='lat' dir='ltr'><strong>tu</strong></span> <span class='ocrx_word' id='word_1_486' title='bbox 3056 4263 3174 4317; x_wconf 75' lang='lat' dir='ltr'><strong>qua:</strong></span> <span class='ocrx_word' id='word_1_487' title='bbox 3203 4248 3380 4302; x_wconf 89' lang='lat' dir='ltr'><strong>lucem</strong></span> <span class='ocrx_word' id='word_1_488' title='bbox 3411 4263 3503 4315; x_wconf 89' lang='lat' dir='ltr'><strong>pe-</strong></span> 
     </span>
    </p>
   </div>
   <div class='ocr_carea' id='block_1_80' title="bbox 1941 4338 3500 4408">
    <p class='ocr_par' dir='ltr' id='par_1_80' title="bbox 1941 4338 3500 4408">
     <span class='ocr_line' id='line_1_80' title="bbox 1941 4338 3500 4408; baseline -0.001 -16"><span class='ocrx_word' id='word_1_489' title='bbox 1941 4338 2126 4406; x_wconf 87' lang='lat' dir='ltr'><strong>peristi</strong></span> <span class='ocrx_word' id='word_1_490' title='bbox 2153 4355 2168 4403; x_wconf 89' lang='lat'><strong>;</strong></span> <span class='ocrx_word' id='word_1_491' title='bbox 2213 4338 2506 4408; x_wconf 89' lang='lat' dir='ltr'><strong>dispellens</strong></span> <span class='ocrx_word' id='word_1_492' title='bbox 2539 4338 2737 4392; x_wconf 89' lang='lat' dir='ltr'><strong>multas</strong></span> <span class='ocrx_word' id='word_1_493' title='bbox 2775 4347 2830 4392; x_wconf 88' lang='lat' dir='ltr'><strong>et</strong></span> <span class='ocrx_word' id='word_1_494' title='bbox 2861 4353 3052 4408; x_wconf 84' lang='lat' dir='ltr'><strong>graves</strong></span> <span class='ocrx_word' id='word_1_495' title='bbox 3084 4339 3257 4392; x_wconf 80' lang='lat' dir='ltr'><strong>nubes</strong></span> <span class='ocrx_word' id='word_1_496' title='bbox 3304 4339 3500 4391; x_wconf 73' lang='lat' dir='ltr'><strong>auium:</strong></span> 
     </span>
    </p>
   </div>
   <div class='ocr_carea' id='block_1_81' title="bbox 1944 4430 3501 4500">
    <p class='ocr_par' dir='ltr' id='par_1_81' title="bbox 1944 4430 3501 4500">
     <span class='ocr_line' id='line_1_81' title="bbox 1944 4430 3501 4500; baseline -0.001 -15"><span class='ocrx_word' id='word_1_497' title='bbox 1944 4447 2098 4495; x_wconf 71' lang='lat' dir='ltr'><strong>meae,</strong></span> <span class='ocrx_word' id='word_1_498' title='bbox 2136 4440 2195 4484; x_wconf 94' lang='lat' dir='ltr'><strong>ut</strong></span> <span class='ocrx_word' id='word_1_499' title='bbox 2225 4431 2478 4500; x_wconf 87' lang='lat' dir='ltr'><strong>precibus</strong></span> <span class='ocrx_word' id='word_1_500' title='bbox 2521 4431 2628 4485; x_wconf 87' lang='lat' dir='ltr'><strong>tuis</strong></span> <span class='ocrx_word' id='word_1_501' title='bbox 2663 4430 2864 4485; x_wconf 80' lang='lat' dir='ltr'><strong>eﬂlciar</strong></span> <span class='ocrx_word' id='word_1_502' title='bbox 2894 4430 3036 4486; x_wconf 78' lang='lat' dir='ltr'><strong>[ilius</strong></span> <span class='ocrx_word' id='word_1_503' title='bbox 3081 4431 3208 4495; x_wconf 86' lang='lat' dir='ltr'><strong>diei,</strong></span> <span class='ocrx_word' id='word_1_504' title='bbox 3241 4447 3501 4486; x_wconf 82' lang='lat' dir='ltr'><strong>exercens</strong></span> 
     </span>
    </p>
   </div>
   <div class='ocr_carea' id='block_1_82' title="bbox 265 4517 1825 4596">
    <p class='ocr_par' dir='ltr' id='par_1_82' title="bbox 265 4517 1825 4596">
     <span class='ocr_line' id='line_1_82' title="bbox 265 4517 1825 4596; baseline 0.008 -27"><span class='ocrx_word' id='word_1_505' title='bbox 265 4517 523 4588; x_wconf 83' lang='grc' dir='ltr'>πράττων</span> <span class='ocrx_word' id='word_1_506' title='bbox 543 4518 612 4570; x_wconf 78' lang='grc' dir='ltr'>τὰ</span> <span class='ocrx_word' id='word_1_507' title='bbox 638 4519 780 4586; x_wconf 84' lang='grc' dir='ltr'>ὅσια,</span> <span class='ocrx_word' id='word_1_508' title='bbox 822 4522 915 4574; x_wconf 71' lang='grc' dir='ltr'><strong>καὶ</strong></span> <span class='ocrx_word' id='word_1_509' title='bbox 945 4522 1290 4590; x_wconf 84' lang='grc' dir='ltr'>ὑμνολογίαις</span> <span class='ocrx_word' id='word_1_510' title='bbox 1319 4524 1404 4576; x_wconf 74' lang='grc' dir='ltr'><strong>ἀεὶ</strong></span> <span class='ocrx_word' id='word_1_511' title='bbox 1428 4524 1719 4596; x_wconf 73' lang='grc' dir='ltr'>μακαρίζω</span> <span class='ocrx_word' id='word_1_512' title='bbox 1753 4544 1825 4581; x_wconf 86' lang='grc' dir='ltr'>σε.</span> 
     </span>
    </p>
   </div>
   <div class='ocr_carea' id='block_1_83' title="bbox 1894 4517 3499 4596">
    <p class='ocr_par' dir='ltr' id='par_1_83' title="bbox 1894 4524 3499 4596">
     <span class='ocr_line' id='line_1_83' title="bbox 1894 4524 3499 4596; baseline 0.001 -17"><span class='ocrx_word' id='word_1_513' title='bbox 1894 4541 2104 4596; x_wconf 77' lang='lat' dir='ltr'><strong>)Opera</strong></span> <span class='ocrx_word' id='word_1_514' title='bbox 2136 4537 2343 4589; x_wconf 71' lang='lat' dir='ltr'><strong>sant-ta,</strong></span> <span class='ocrx_word' id='word_1_515' title='bbox 2396 4534 2556 4592; x_wconf 86' lang='lat' dir='ltr'><strong>teque</strong></span> <span class='ocrx_word' id='word_1_516' title='bbox 2598 4525 2832 4578; x_wconf 76' lang='lat' dir='ltr'><strong>assiduis</strong></span> <span class='ocrx_word' id='word_1_517' title='bbox 2877 4524 3128 4579; x_wconf 85' lang='lat' dir='ltr'><strong>laudibus</strong></span> <span class='ocrx_word' id='word_1_518' title='bbox 3165 4525 3499 4580; x_wconf 80' lang='lat' dir='ltr'><strong>beatiﬁcaus.</strong></span> 
     </span>
    </p>
   </div>
   <div class='ocr_carea' id='block_1_84' title="bbox 278 4610 1832 4738">
    <p class='ocr_par' dir='ltr' id='par_1_84' title="bbox 278 4610 1832 4738">
     <span class='ocr_line' id='line_1_84' title="bbox 278 4610 1832 4738; baseline 0.005 -72"><span class='ocrx_word' id='word_1_519' title='bbox 278 4611 380 4666; x_wconf 78' lang='grc' dir='ltr'>Ἐκ</span> <span class='ocrx_word' id='word_1_520' title='bbox 411 4610 516 4665; x_wconf 85' lang='grc' dir='ltr'>τοῦ</span> <span class='ocrx_word' id='word_1_521' title='bbox 539 4615 796 4681; x_wconf 83' lang='grc' dir='ltr'>κανόνος</span> <span class='ocrx_word' id='word_1_522' title='bbox 844 4611 953 4682; x_wconf 83' lang='grc' dir='ltr'>τῆς</span> <span class='ocrx_word' id='word_1_523' title='bbox 971 4617 1382 4738; x_wconf 55' lang='grc' dir='ltr'>έῖαρασκευῆς</span> <span class='ocrx_word' id='word_1_524' title='bbox 1426 4621 1513 4685; x_wconf 77' lang='grc' dir='ltr'>εἰς</span> <span class='ocrx_word' id='word_1_525' title='bbox 1554 4618 1662 4672; x_wconf 81' lang='grc' dir='ltr'><strong>τὸν</strong></span> <span class='ocrx_word' id='word_1_526' title='bbox 1695 4622 1832 4690; x_wconf 67' lang='grc' dir='ltr'><strong>Ὅρα</strong></span> 
     </span>
     <span class='ocr_line' id='line_1_85' title="bbox 1007 4704 1133 4738; baseline 0 0"><span class='ocrx_word' id='word_1_527' title='bbox 1007 4704 1133 4738; x_wconf 80' lang='lat' dir='ltr'><strong>oar.</strong></span> 
     </span>
    </p>
   </div>
   <div class='ocr_carea' id='block_1_85' title="bbox 1001 4704 1133 4753">
    <p class='ocr_par' dir='ltr' id='par_1_85' title="bbox 1001 4704 1133 4753">
     <span class='ocr_line' id='line_1_86' title="bbox 1001 4704 1133 4753; baseline 0.015 -15"><span class='ocrx_word' id='word_1_528' title='bbox 1001 4704 1133 4753; x_wconf 69' lang='lat' dir='ltr'><strong>por.</strong></span> 
     </span>
    </p>
   </div>
   <div class='ocr_carea' id='block_1_86' title="bbox 349 4775 1834 4854">
    <p class='ocr_par' dir='ltr' id='par_1_86' title="bbox 349 4775 1834 4854">
     <span class='ocr_line' id='line_1_87' title="bbox 349 4775 1834 4854; baseline 0.003 -24"><span class='ocrx_word' id='word_1_529' title='bbox 349 4775 414 4830; x_wconf 83' lang='grc' dir='ltr'><strong>Ἦ</strong></span> <span class='ocrx_word' id='word_1_530' title='bbox 440 4775 771 4848; x_wconf 77' lang='grc' dir='ltr'>περικαλλὴς</span> <span class='ocrx_word' id='word_1_531' title='bbox 805 4776 899 4829; x_wconf 75' lang='grc' dir='ltr'>καὶ</span> <span class='ocrx_word' id='word_1_532' title='bbox 942 4777 1214 4848; x_wconf 74' lang='grc' dir='ltr'>Παρθένος</span> <span class='ocrx_word' id='word_1_533' title='bbox 1248 4779 1535 4845; x_wconf 63' lang='grc' dir='ltr'>Δέσποινα,</span> <span class='ocrx_word' id='word_1_534' title='bbox 1571 4781 1629 4834; x_wconf 82' lang='grc' dir='ltr'>ὃν</span> <span class='ocrx_word' id='word_1_535' title='bbox 1666 4783 1834 4854; x_wconf 62' lang='lat' dir='ltr'><strong>iactiq-</strong></span> 
     </span>
    </p>
   </div>
   <div class='ocr_carea' id='block_1_87' title="bbox 343 4933 1835 5006">
    <p class='ocr_par' dir='ltr' id='par_1_87' title="bbox 343 4933 1835 5006">
     <span class='ocr_line' id='line_1_88' title="bbox 343 4933 1835 5006; baseline 0.002 -18"><span class='ocrx_word' id='word_1_536' title='bbox 343 4933 452 5002; x_wconf 81' lang='lat' dir='ltr'><strong>(IG)</strong></span> <span class='ocrx_word' id='word_1_537' title='bbox 484 4933 601 4990; x_wconf 82' lang='lat' dir='ltr'><strong>Jam</strong></span> <span class='ocrx_word' id='word_1_538' title='bbox 627 4938 728 4991; x_wconf 89' lang='lat' dir='ltr'><strong>hoc</strong></span> <span class='ocrx_word' id='word_1_539' title='bbox 753 4935 810 4990; x_wconf 92' lang='lat' dir='ltr'><strong>S.</strong></span> <span class='ocrx_word' id='word_1_540' title='bbox 841 4934 1059 5006; x_wconf 69' lang='lat' dir='ltr'><strong>Iosephi</strong></span> <span class='ocrx_word' id='word_1_541' title='bbox 1102 4948 1284 4991; x_wconf 88' lang='lat' dir='ltr'><strong>votum</strong></span> <span class='ocrx_word' id='word_1_542' title='bbox 1308 4938 1654 5005; x_wconf 83' lang='lat' dir='ltr'><strong>adimpletum</strong></span> <span class='ocrx_word' id='word_1_543' title='bbox 1683 4938 1835 4991; x_wconf 85' lang='lat' dir='ltr'><strong>vide-</strong></span> 
     </span>
    </p>
   </div>
   <div class='ocr_carea' id='block_1_88' title="bbox 269 5006 1834 5072">
    <p class='ocr_par' dir='ltr' id='par_1_88' title="bbox 269 5006 1834 5072">
     <span class='ocr_line' id='line_1_89' title="bbox 269 5006 1834 5072; baseline 0.002 -13"><span class='ocrx_word' id='word_1_544' title='bbox 269 5023 416 5065; x_wconf 83' lang='lat' dir='ltr'><strong>mus.</strong></span> <span class='ocrx_word' id='word_1_545' title='bbox 474 5007 602 5059; x_wconf 89' lang='lat' dir='ltr'><strong>dum</strong></span> <span class='ocrx_word' id='word_1_546' title='bbox 666 5006 961 5061; x_wconf 88' lang='lat' dir='ltr'><strong>Christiani</strong></span> <span class='ocrx_word' id='word_1_547' title='bbox 1017 5008 1166 5062; x_wconf 87' lang='lat' dir='ltr'><strong>orbis</strong></span> <span class='ocrx_word' id='word_1_548' title='bbox 1249 5010 1538 5072; x_wconf 86' lang='lat' dir='ltr'><strong>antistites,</strong></span> <span class='ocrx_word' id='word_1_549' title='bbox 1594 5010 1834 5062; x_wconf 90' lang='lat' dir='ltr'><strong>illustres</strong></span> 
     </span>
    </p>
   </div>
   <div class='ocr_carea' id='block_1_89' title="bbox 265 5079 1834 5149">
    <p class='ocr_par' dir='ltr' id='par_1_89' title="bbox 265 5079 1834 5149">
     <span class='ocr_line' id='line_1_90' title="bbox 265 5079 1834 5149; baseline -0.001 -17"><span class='ocrx_word' id='word_1_550' title='bbox 265 5079 597 5149; x_wconf 74' lang='lat' dir='ltr'><strong>academias.</strong></span> <span class='ocrx_word' id='word_1_551' title='bbox 668 5079 1055 5133; x_wconf 69' lang='lat' dir='ltr'><strong>selectissim-is</strong></span> <span class='ocrx_word' id='word_1_552' title='bbox 1118 5095 1290 5147; x_wconf 85' lang='lat' dir='ltr'><strong>reges,</strong></span> <span class='ocrx_word' id='word_1_553' title='bbox 1353 5079 1584 5149; x_wconf 83' lang='lat' dir='ltr'><strong>inclytus</strong></span> <span class='ocrx_word' id='word_1_554' title='bbox 1632 5081 1834 5148; x_wconf 85' lang='lat' dir='ltr'><strong>princi-</strong></span> 
     </span>
    </p>
   </div>
   <div class='ocr_carea' id='block_1_90' title="bbox 268 5147 1837 5220">
    <p class='ocr_par' dir='ltr' id='par_1_90' title="bbox 268 5147 1837 5220">
     <span class='ocr_line' id='line_1_91' title="bbox 268 5147 1837 5220; baseline 0.001 -19"><span class='ocrx_word' id='word_1_555' title='bbox 268 5165 390 5219; x_wconf 87' lang='lat' dir='ltr'><strong>pes,</strong></span> <span class='ocrx_word' id='word_1_556' title='bbox 423 5147 833 5220; x_wconf 78' lang='lat' dir='ltr'><strong>ﬂorentissimas</strong></span> <span class='ocrx_word' id='word_1_557' title='bbox 907 5150 1264 5217; x_wconf 89' lang='lat' dir='ltr'><strong>respublicas,</strong></span> <span class='ocrx_word' id='word_1_558' title='bbox 1299 5147 1506 5220; x_wconf 77' lang='lat' dir='ltr'><strong>integra</strong></span> <span class='ocrx_word' id='word_1_559' title='bbox 1559 5147 1744 5220; x_wconf 82' lang='lat' dir='ltr'><strong>regna,</strong></span> <span class='ocrx_word' id='word_1_560' title='bbox 1773 5165 1837 5204; x_wconf 87' lang='lat' dir='ltr'><strong>ac</strong></span> 
     </span>
    </p>
   </div>
   <div class='ocr_carea' id='block_1_91' title="bbox 272 5218 1836 5291">
    <p class='ocr_par' dir='ltr' id='par_1_91' title="bbox 272 5218 1836 5291">
     <span class='ocr_line' id='line_1_92' title="bbox 272 5218 1836 5291; baseline -0.001 -17"><span class='ocrx_word' id='word_1_561' title='bbox 272 5230 449 5291; x_wconf 81' lang='lat' dir='ltr'><strong>totum</strong></span> <span class='ocrx_word' id='word_1_562' title='bbox 484 5218 596 5272; x_wconf 80' lang='lat' dir='ltr'><strong>fere</strong></span> <span class='ocrx_word' id='word_1_563' title='bbox 647 5220 883 5291; x_wconf 87' lang='lat' dir='ltr'><strong>undique</strong></span> <span class='ocrx_word' id='word_1_564' title='bbox 931 5221 1212 5281; x_wconf 83' lang='lat' dir='ltr'><strong>mundum,</strong></span> <span class='ocrx_word' id='word_1_565' title='bbox 1249 5221 1304 5274; x_wconf 84' lang='grc' dir='ltr'><strong>Β.</strong></span> <span class='ocrx_word' id='word_1_566' title='bbox 1345 5218 1640 5291; x_wconf 70' lang='lat' dir='ltr'><strong>Virginem,</strong></span> <span class='ocrx_word' id='word_1_567' title='bbox 1676 5229 1734 5272; x_wconf 91' lang='lat' dir='ltr'><strong>ut</strong></span> <span class='ocrx_word' id='word_1_568' title='bbox 1769 5222 1836 5272; x_wconf 91' lang='lat' dir='ltr'><strong>ab</strong></span> 
     </span>
    </p>
   </div>
   <div class='ocr_carea' id='block_1_92' title="bbox 269 5289 1836 5359">
    <p class='ocr_par' dir='ltr' id='par_1_92' title="bbox 269 5289 1836 5359">
     <span class='ocr_line' id='line_1_93' title="bbox 269 5289 1836 5359; baseline 0 -15"><span class='ocrx_word' id='word_1_569' title='bbox 269 5289 423 5344; x_wconf 90' lang='lat' dir='ltr'><strong>omni</strong></span> <span class='ocrx_word' id='word_1_570' title='bbox 489 5290 700 5342; x_wconf 89' lang='lat' dir='ltr'><strong>macula</strong></span> <span class='ocrx_word' id='word_1_571' title='bbox 767 5290 1086 5354; x_wconf 89' lang='lat' dir='ltr'><strong>immunem,</strong></span> <span class='ocrx_word' id='word_1_572' title='bbox 1144 5306 1246 5344; x_wconf 92' lang='lat' dir='ltr'><strong>una</strong></span> <span class='ocrx_word' id='word_1_573' title='bbox 1299 5289 1836 5359; x_wconf 44' lang='lat' dir='ltr'><strong>voce&#39;magnilicare</strong></span> 
     </span>
    </p>
   </div>
   <div class='ocr_carea' id='block_1_93' title="bbox 268 5359 1825 5431">
    <p class='ocr_par' dir='ltr' id='par_1_93' title="bbox 268 5359 1825 5431">
     <span class='ocr_line' id='line_1_94' title="bbox 268 5359 1825 5431; baseline -0.001 -16"><span class='ocrx_word' id='word_1_574' title='bbox 268 5359 661 5431; x_wconf 86' lang='lat' dir='ltr'><strong>conspicimus.</strong></span> <span class='ocrx_word' id='word_1_575' title='bbox 686 5361 1034 5431; x_wconf 73' lang='lat' dir='ltr'><strong>Paucosiam</strong></span> <span class='ocrx_word' id='word_1_576' title='bbox 1069 5372 1197 5428; x_wconf 89' lang='lat' dir='ltr'><strong>puto</strong></span> <span class='ocrx_word' id='word_1_577' title='bbox 1218 5377 1339 5415; x_wconf 78' lang='lat' dir='ltr'><strong>esse</strong></span> <span class='ocrx_word' id='word_1_578' title='bbox 1367 5362 1418 5414; x_wconf 93' lang='lat' dir='ltr'><strong>in</strong></span> <span class='ocrx_word' id='word_1_579' title='bbox 1447 5361 1706 5424; x_wconf 75' lang='lat' dir='ltr'><strong>Ecclesia,</strong></span> <span class='ocrx_word' id='word_1_580' title='bbox 1735 5363 1825 5431; x_wconf 90' lang='lat' dir='ltr'><strong>qui</strong></span> 
     </span>
    </p>
   </div>
   <div class='ocr_carea' id='block_1_94' title="bbox 269 5429 1827 5501">
    <p class='ocr_par' dir='ltr' id='par_1_94' title="bbox 269 5429 1827 5501">
     <span class='ocr_line' id='line_1_95' title="bbox 269 5429 1827 5501; baseline 0.002 -20"><span class='ocrx_word' id='word_1_581' title='bbox 269 5431 374 5500; x_wconf 81' lang='lat' dir='ltr'><strong>pia:</strong></span> <span class='ocrx_word' id='word_1_582' title='bbox 403 5430 471 5484; x_wconf 89' lang='lat' dir='ltr'><strong>de</strong></span> <span class='ocrx_word' id='word_1_583' title='bbox 518 5431 860 5485; x_wconf 88' lang='lat' dir='ltr'><strong>immunitate</strong></span> <span class='ocrx_word' id='word_1_584' title='bbox 905 5430 961 5483; x_wconf 86' lang='grc' dir='ltr'><strong>Β.</strong></span> <span class='ocrx_word' id='word_1_585' title='bbox 994 5429 1225 5499; x_wconf 81' lang='lat' dir='ltr'><strong>Virginis</strong></span> <span class='ocrx_word' id='word_1_586' title='bbox 1248 5432 1316 5484; x_wconf 90' lang='lat' dir='ltr'><strong>ab</strong></span> <span class='ocrx_word' id='word_1_587' title='bbox 1339 5433 1590 5501; x_wconf 79' lang='lat' dir='ltr'><strong>originali</strong></span> <span class='ocrx_word' id='word_1_588' title='bbox 1621 5429 1827 5485; x_wconf 86' lang='lat' dir='ltr'><strong>macula</strong></span> 
     </span>
    </p>
   </div>
   <div class='ocr_carea' id='block_1_95' title="bbox 269 5501 1837 5570">
    <p class='ocr_par' dir='ltr' id='par_1_95' title="bbox 269 5501 1837 5570">
     <span class='ocr_line' id='line_1_96' title="bbox 269 5501 1837 5570; baseline -0.002 -14"><span class='ocrx_word' id='word_1_589' title='bbox 269 5501 558 5556; x_wconf 62' lang='lat' dir='ltr'><strong>sententiae</strong></span> <span class='ocrx_word' id='word_1_590' title='bbox 610 5503 984 5570; x_wconf 63' lang='lat' dir='ltr'><strong>reb-agentur;</strong></span> <span class='ocrx_word' id='word_1_591' title='bbox 1019 5511 1071 5555; x_wconf 89' lang='lat' dir='ltr'><strong>et</strong></span> <span class='ocrx_word' id='word_1_592' title='bbox 1097 5502 1310 5555; x_wconf 90' lang='lat' dir='ltr'><strong>etiamsi</strong></span> <span class='ocrx_word' id='word_1_593' title='bbox 1334 5504 1528 5569; x_wconf 81' lang='lat' dir='ltr'><strong>aliquis</strong></span> <span class='ocrx_word' id='word_1_594' title='bbox 1553 5503 1602 5555; x_wconf 93' lang='lat' dir='ltr'><strong>in</strong></span> <span class='ocrx_word' id='word_1_595' title='bbox 1634 5503 1837 5556; x_wconf 89' lang='lat' dir='ltr'><strong>scrinio</strong></span> 
     </span>
    </p>
   </div>
   <div class='ocr_carea' id='block_1_96' title="bbox 269 5571 1834 5642">
    <p class='ocr_par' dir='ltr' id='par_1_96' title="bbox 269 5571 1834 5642">
     <span class='ocr_line' id='line_1_97' title="bbox 269 5571 1834 5642; baseline -0.001 -16"><span class='ocrx_word' id='word_1_596' title='bbox 269 5573 358 5626; x_wconf 88' lang='lat' dir='ltr'><strong>sui</strong></span> <span class='ocrx_word' id='word_1_597' title='bbox 400 5572 630 5641; x_wconf 86' lang='lat' dir='ltr'><strong>pectoris</strong></span> <span class='ocrx_word' id='word_1_598' title='bbox 675 5575 1030 5626; x_wconf 79' lang='lat' dir='ltr'><strong>arbitraretur</strong></span> <span class='ocrx_word' id='word_1_599' title='bbox 1082 5571 1301 5625; x_wconf 83' lang='lat' dir='ltr'><strong>Mariam</strong></span> <span class='ocrx_word' id='word_1_600' title='bbox 1337 5573 1585 5642; x_wconf 84' lang='lat' dir='ltr'><strong>originali</strong></span> <span class='ocrx_word' id='word_1_601' title='bbox 1627 5575 1834 5626; x_wconf 86' lang='lat' dir='ltr'><strong>macula</strong></span> 
     </span>
    </p>
   </div>
   <div class='ocr_carea' id='block_1_97' title="bbox 271 5642 1832 5712">
    <p class='ocr_par' dir='ltr' id='par_1_97' title="bbox 271 5642 1832 5712">
     <span class='ocr_line' id='line_1_98' title="bbox 271 5642 1832 5712; baseline -0.001 -16"><span class='ocrx_word' id='word_1_602' title='bbox 271 5642 448 5698; x_wconf 81' lang='lat' dir='ltr'><strong>luisse</strong></span> <span class='ocrx_word' id='word_1_603' title='bbox 499 5642 775 5706; x_wconf 82' lang='lat' dir='ltr'><strong>inlectam,</strong></span> <span class='ocrx_word' id='word_1_604' title='bbox 819 5643 906 5696; x_wconf 89' lang='lat' dir='ltr'><strong>hic</strong></span> <span class='ocrx_word' id='word_1_605' title='bbox 953 5652 1300 5708; x_wconf 88' lang='lat' dir='ltr'><strong>comparatus</strong></span> <span class='ocrx_word' id='word_1_606' title='bbox 1349 5643 1454 5704; x_wconf 87' lang='lat' dir='ltr'><strong>his,</strong></span> <span class='ocrx_word' id='word_1_607' title='bbox 1482 5643 1573 5712; x_wconf 90' lang='lat' dir='ltr'><strong>qui</strong></span> <span class='ocrx_word' id='word_1_608' title='bbox 1628 5645 1832 5707; x_wconf 89' lang='lat' dir='ltr'><strong>auirno,</strong></span> 
     </span>
    </p>
   </div>
   <div class='ocr_carea' id='block_1_98' title="bbox 270 5713 1834 5782">
    <p class='ocr_par' dir='ltr' id='par_1_98' title="bbox 270 5713 1834 5782">
     <span class='ocr_line' id='line_1_99' title="bbox 270 5713 1834 5782; baseline 0.001 -16"><span class='ocrx_word' id='word_1_609' title='bbox 270 5727 463 5780; x_wconf 85' lang='lat' dir='ltr'><strong>sensu,</strong></span> <span class='ocrx_word' id='word_1_610' title='bbox 491 5728 553 5768; x_wconf 88' lang='lat' dir='ltr'><strong>ac</strong></span> <span class='ocrx_word' id='word_1_611' title='bbox 587 5729 718 5768; x_wconf 88' lang='lat' dir='ltr'><strong>voce</strong></span> <span class='ocrx_word' id='word_1_612' title='bbox 747 5713 982 5766; x_wconf 85' lang='lat' dir='ltr'><strong>clamant</strong></span> <span class='ocrx_word' id='word_1_613' title='bbox 1013 5713 1362 5780; x_wconf 88' lang='lat' dir='ltr'><strong>purissimum</strong></span> <span class='ocrx_word' id='word_1_614' title='bbox 1415 5714 1651 5782; x_wconf 73' lang='lat' dir='ltr'><strong>Deiparm</strong></span> <span class='ocrx_word' id='word_1_615' title='bbox 1700 5731 1834 5768; x_wconf 80' lang='lat' dir='ltr'><strong>con-</strong></span> 
     </span>
    </p>
   </div>
   <div class='ocr_carea' id='block_1_99' title="bbox 273 5785 1830 5854">
    <p class='ocr_par' dir='ltr' id='par_1_99' title="bbox 273 5785 1830 5854">
     <span class='ocr_line' id='line_1_100' title="bbox 273 5785 1830 5854; baseline 0.001 -19"><span class='ocrx_word' id='word_1_616' title='bbox 273 5794 513 5852; x_wconf 79' lang='lat' dir='ltr'><strong>ceptum,</strong></span> <span class='ocrx_word' id='word_1_617' title='bbox 540 5785 650 5850; x_wconf 86' lang='lat' dir='ltr'><strong>jam</strong></span> <span class='ocrx_word' id='word_1_618' title='bbox 684 5786 864 5838; x_wconf 91' lang='lat' dir='ltr'><strong>nullus</strong></span> <span class='ocrx_word' id='word_1_619' title='bbox 900 5785 1128 5847; x_wconf 90' lang='lat' dir='ltr'><strong>videtur,</strong></span> <span class='ocrx_word' id='word_1_620' title='bbox 1159 5799 1278 5837; x_wconf 83' lang='lat' dir='ltr'><strong>eum</strong></span> <span class='ocrx_word' id='word_1_621' title='bbox 1303 5799 1364 5838; x_wconf 76' lang='lat' dir='ltr'><strong>ex</strong></span> <span class='ocrx_word' id='word_1_622' title='bbox 1393 5787 1557 5838; x_wconf 70' lang='lat' dir='ltr'><strong>veteri</strong></span> <span class='ocrx_word' id='word_1_623' title='bbox 1608 5801 1830 5854; x_wconf 74' lang='lat' dir='ltr'><strong>prover-</strong></span> 
     </span>
    </p>
   </div>
   <div class='ocr_carea' id='block_1_100' title="bbox 273 5855 1830 5924">
    <p class='ocr_par' dir='ltr' id='par_1_100' title="bbox 273 5855 1830 5924">
     <span class='ocr_line' id='line_1_101' title="bbox 273 5855 1830 5924; baseline 0.001 -14"><span class='ocrx_word' id='word_1_624' title='bbox 273 5855 388 5922; x_wconf 77' lang='lat' dir='ltr'><strong>bio,</strong></span> <span class='ocrx_word' id='word_1_625' title='bbox 431 5871 571 5910; x_wconf 90' lang='lat' dir='ltr'><strong>unus</strong></span> <span class='ocrx_word' id='word_1_626' title='bbox 600 5857 671 5912; x_wconf 89' lang='lat' dir='ltr'><strong>sit</strong></span> <span class='ocrx_word' id='word_1_627' title='bbox 696 5856 893 5921; x_wconf 82' lang='lat' dir='ltr'><strong>nullus,</strong></span> <span class='ocrx_word' id='word_1_628' title='bbox 918 5871 1013 5910; x_wconf 90' lang='lat' dir='ltr'><strong>nec</strong></span> <span class='ocrx_word' id='word_1_629' title='bbox 1046 5871 1339 5924; x_wconf 87' lang='lat' dir='ltr'><strong>paucorum</strong></span> <span class='ocrx_word' id='word_1_630' title='bbox 1378 5856 1619 5912; x_wconf 73' lang='lat' dir='ltr'><strong>habenda</strong></span> <span class='ocrx_word' id='word_1_631' title='bbox 1648 5859 1715 5912; x_wconf 77' lang='lat' dir='ltr'><strong>sit</strong></span> <span class='ocrx_word' id='word_1_632' title='bbox 1745 5874 1830 5912; x_wconf 85' lang='grc' dir='ltr'>ι·.ι-</span> 
     </span>
    </p>
   </div>
   <div class='ocr_carea' id='block_1_101' title="bbox 2189 4615 3256 4686">
    <p class='ocr_par' dir='ltr' id='par_1_101' title="bbox 2189 4615 3256 4686">
     <span class='ocr_line' id='line_1_102' title="bbox 2189 4615 3256 4686; baseline 0.001 -15"><span class='ocrx_word' id='word_1_633' title='bbox 2189 4616 2272 4671; x_wconf 79' lang='lat' dir='ltr'><strong>Ex</strong></span> <span class='ocrx_word' id='word_1_634' title='bbox 2294 4635 2492 4671; x_wconf 77' lang='lat' dir='ltr'><strong>canone</strong></span> <span class='ocrx_word' id='word_1_635' title='bbox 2517 4618 2666 4686; x_wconf 69' lang='lat' dir='ltr'><strong>feria</strong></span> <span class='ocrx_word' id='word_1_636' title='bbox 2696 4633 2746 4672; x_wconf 86' lang='lat' dir='ltr'><strong>Vl</strong></span> <span class='ocrx_word' id='word_1_637' title='bbox 2787 4617 2856 4670; x_wconf 87' lang='lat' dir='ltr'><strong>ad</strong></span> <span class='ocrx_word' id='word_1_638' title='bbox 2909 4615 3256 4673; x_wconf 78' lang='lat' dir='ltr'><strong>Matutiuum.</strong></span> 
     </span>
    </p>
   </div>
   <div class='ocr_carea' id='block_1_102' title="bbox 2015 4776 3501 4851">
    <p class='ocr_par' dir='ltr' id='par_1_102' title="bbox 2015 4776 3501 4851">
     <span class='ocr_line' id='line_1_103' title="bbox 2015 4776 3501 4851; baseline -0.002 -16"><span class='ocrx_word' id='word_1_639' title='bbox 2015 4782 2240 4836; x_wconf 87' lang='lat' dir='ltr'><strong>Domina</strong></span> <span class='ocrx_word' id='word_1_640' title='bbox 2277 4780 2627 4851; x_wconf 85' lang='lat' dir='ltr'><strong>puleherrina</strong></span> <span class='ocrx_word' id='word_1_641' title='bbox 2677 4789 2732 4834; x_wconf 90' lang='lat' dir='ltr'><strong>et</strong></span> <span class='ocrx_word' id='word_1_642' title='bbox 2781 4777 2968 4849; x_wconf 85' lang='lat' dir='ltr'><strong>Virgo,</strong></span> <span class='ocrx_word' id='word_1_643' title='bbox 3015 4792 3138 4832; x_wconf 89' lang='lat' dir='ltr'><strong>cum</strong></span> <span class='ocrx_word' id='word_1_644' title='bbox 3186 4776 3395 4833; x_wconf 88' lang='lat' dir='ltr'><strong>videret</strong></span> <span class='ocrx_word' id='word_1_645' title='bbox 3447 4779 3501 4834; x_wconf 92' lang='lat' dir='ltr'><strong>in</strong></span> 
     </span>
    </p>
   </div>
   <div class='ocr_carea' id='block_1_103' title="bbox 1934 4933 3499 5001">
    <p class='ocr_par' dir='ltr' id='par_1_103' title="bbox 1934 4933 3499 5001">
     <span class='ocr_line' id='line_1_104' title="bbox 1934 4933 3499 5001; baseline 0.001 -11"><span class='ocrx_word' id='word_1_646' title='bbox 1934 4937 2029 5000; x_wconf 84' lang='lat' dir='ltr'><strong>tio,</strong></span> <span class='ocrx_word' id='word_1_647' title='bbox 2067 4945 2126 4990; x_wconf 87' lang='lat' dir='ltr'><strong>ut</strong></span> <span class='ocrx_word' id='word_1_648' title='bbox 2187 4938 2262 4990; x_wconf 89' lang='lat' dir='ltr'><strong>ait</strong></span> <span class='ocrx_word' id='word_1_649' title='bbox 2303 4933 2463 4991; x_wconf 81' lang='lat' dir='ltr'><strong>Joan.</strong></span> <span class='ocrx_word' id='word_1_650' title='bbox 2502 4936 2747 4989; x_wconf 89' lang='lat' dir='ltr'><strong>Damasc.</strong></span> <span class='ocrx_word' id='word_1_651' title='bbox 2787 4947 2929 4989; x_wconf 87' lang='lat' dir='ltr'><strong>orat.</strong></span> <span class='ocrx_word' id='word_1_652' title='bbox 2982 4951 2995 4987; x_wconf 92' lang='grc' dir='ltr'><strong>ι</strong></span> <span class='ocrx_word' id='word_1_653' title='bbox 3031 4938 3096 4989; x_wconf 92' lang='lat' dir='ltr'><strong>de</strong></span> <span class='ocrx_word' id='word_1_654' title='bbox 3146 4933 3499 5001; x_wconf 85' lang='lat' dir='ltr'><strong>imaginibus.</strong></span> 
     </span>
    </p>
   </div>
   <div class='ocr_carea' id='block_1_104' title="bbox 1933 5005 3500 5075">
    <p class='ocr_par' dir='ltr' id='par_1_104' title="bbox 1933 5005 3500 5075">
     <span class='ocr_line' id='line_1_105' title="bbox 1933 5005 3500 5075; baseline 0.001 -15"><span class='ocrx_word' id='word_1_655' title='bbox 1933 5009 2066 5074; x_wconf 79' lang='lat' dir='ltr'><strong>Quis</strong></span> <span class='ocrx_word' id='word_1_656' title='bbox 2101 5017 2284 5060; x_wconf 89' lang='lat' dir='ltr'><strong>autem</strong></span> <span class='ocrx_word' id='word_1_657' title='bbox 2328 5022 2523 5074; x_wconf 86' lang='lat' dir='ltr'><strong>negare</strong></span> <span class='ocrx_word' id='word_1_658' title='bbox 2574 5006 2745 5075; x_wconf 88' lang='lat' dir='ltr'><strong>possit</strong></span> <span class='ocrx_word' id='word_1_659' title='bbox 2791 5007 2929 5059; x_wconf 91' lang='lat' dir='ltr'><strong>inter</strong></span> <span class='ocrx_word' id='word_1_660' title='bbox 2973 5005 3285 5060; x_wconf 87' lang='lat' dir='ltr'><strong>Catholicos</strong></span> <span class='ocrx_word' id='word_1_661' title='bbox 3310 5011 3500 5073; x_wconf 89' lang='lat' dir='ltr'><strong>paucis</strong></span> 
     </span>
    </p>
   </div>
   <div class='ocr_carea' id='block_1_105' title="bbox 1935 5076 3498 5145">
    <p class='ocr_par' dir='ltr' id='par_1_105' title="bbox 1935 5076 3498 5145">
     <span class='ocr_line' id='line_1_106' title="bbox 1935 5076 3498 5145; baseline 0.001 -15"><span class='ocrx_word' id='word_1_662' title='bbox 1935 5078 2218 5131; x_wconf 70' lang='lat' dir='ltr'><strong>maculatzc</strong></span> <span class='ocrx_word' id='word_1_663' title='bbox 2310 5076 2680 5144; x_wconf 89' lang='lat' dir='ltr'><strong>conceptionis</strong></span> <span class='ocrx_word' id='word_1_664' title='bbox 2755 5077 3128 5145; x_wconf 79' lang='lat' dir='ltr'><strong>opinatoribus</strong></span> <span class='ocrx_word' id='word_1_665' title='bbox 3211 5077 3498 5144; x_wconf 89' lang='lat' dir='ltr'><strong>plusquam</strong></span> 
     </span>
    </p>
   </div>
   <div class='ocr_carea' id='block_1_106' title="bbox 1934 5147 3505 5216">
    <p class='ocr_par' dir='ltr' id='par_1_106' title="bbox 1934 5147 3505 5216">
     <span class='ocr_line' id='line_1_107' title="bbox 1934 5147 3505 5216; baseline 0.001 -15"><span class='ocrx_word' id='word_1_666' title='bbox 1934 5158 2146 5202; x_wconf 90' lang='lat' dir='ltr'><strong>centum</strong></span> <span class='ocrx_word' id='word_1_667' title='bbox 2183 5147 2328 5202; x_wconf 91' lang='lat' dir='ltr'><strong>mille</strong></span> <span class='ocrx_word' id='word_1_668' title='bbox 2364 5147 2638 5216; x_wconf 81' lang='lat' dir='ltr'><strong>purissimi</strong></span> <span class='ocrx_word' id='word_1_669' title='bbox 2705 5157 2999 5215; x_wconf 65' lang='lat' dir='ltr'><strong>conceptus</strong></span> <span class='ocrx_word' id='word_1_670' title='bbox 3055 5156 3356 5203; x_wconf 87' lang='lat' dir='ltr'><strong>assertores</strong></span> <span class='ocrx_word' id='word_1_671' title='bbox 3404 5151 3505 5202; x_wconf 86' lang='lat' dir='ltr'><strong>ob-</strong></span> 
     </span>
    </p>
   </div>
   <div class='ocr_carea' id='block_1_107' title="bbox 1934 5218 3151 5288">
    <p class='ocr_par' dir='ltr' id='par_1_107' title="bbox 1934 5218 3151 5288">
     <span class='ocr_line' id='line_1_108' title="bbox 1934 5218 3151 5288; baseline 0 -16"><span class='ocrx_word' id='word_1_672' title='bbox 1934 5220 2053 5273; x_wconf 86' lang='lat' dir='ltr'><strong>vios</strong></span> <span class='ocrx_word' id='word_1_673' title='bbox 2089 5235 2233 5273; x_wconf 89' lang='lat' dir='ltr'><strong>nunc</strong></span> <span class='ocrx_word' id='word_1_674' title='bbox 2269 5234 2409 5280; x_wconf 88' lang='lat' dir='ltr'><strong>esse,</strong></span> <span class='ocrx_word' id='word_1_675' title='bbox 2439 5225 2491 5272; x_wconf 89' lang='lat' dir='ltr'><strong>et</strong></span> <span class='ocrx_word' id='word_1_676' title='bbox 2519 5219 2875 5288; x_wconf 83' lang='lat' dir='ltr'><strong>imposterum</strong></span> <span class='ocrx_word' id='word_1_677' title='bbox 2900 5218 3151 5288; x_wconf 70' lang='lat' dir='ltr'><strong>futuros?</strong></span> 
     </span>
    </p>
   </div>
   <div class='ocr_carea' id='block_1_108' title="bbox 2008 5287 3502 5358">
    <p class='ocr_par' dir='ltr' id='par_1_108' title="bbox 2008 5287 3502 5358">
     <span class='ocr_line' id='line_1_109' title="bbox 2008 5287 3502 5358; baseline 0.001 -16"><span class='ocrx_word' id='word_1_678' title='bbox 2008 5290 2120 5356; x_wconf 85' lang='grc' dir='ltr'><strong>(Π)</strong></span> <span class='ocrx_word' id='word_1_679' title='bbox 2154 5289 2505 5358; x_wconf 83' lang='lat' dir='ltr'><strong>PerSpicuum</strong></span> <span class='ocrx_word' id='word_1_680' title='bbox 2555 5288 2697 5356; x_wconf 87' lang='lat' dir='ltr'><strong>apud</strong></span> <span class='ocrx_word' id='word_1_681' title='bbox 2751 5303 2836 5342; x_wconf 91' lang='lat' dir='ltr'><strong>me</strong></span> <span class='ocrx_word' id='word_1_682' title='bbox 2884 5297 2966 5342; x_wconf 89' lang='lat' dir='ltr'><strong>est</strong></span> <span class='ocrx_word' id='word_1_683' title='bbox 3015 5288 3070 5341; x_wconf 83' lang='grc' dir='ltr'><strong>Β.</strong></span> <span class='ocrx_word' id='word_1_684' title='bbox 3109 5287 3400 5358; x_wconf 83' lang='lat' dir='ltr'><strong>Virginem,</strong></span> <span class='ocrx_word' id='word_1_685' title='bbox 3456 5289 3502 5343; x_wconf 90' lang='lat' dir='ltr'><strong>si</strong></span> 
     </span>
    </p>
   </div>
   <div class='ocr_carea' id='block_1_109' title="bbox 1937 5359 3503 5428">
    <p class='ocr_par' dir='ltr' id='par_1_109' title="bbox 1937 5359 3503 5428">
     <span class='ocr_line' id='line_1_110' title="bbox 1937 5359 3503 5428; baseline -0.001 -15"><span class='ocrx_word' id='word_1_686' title='bbox 1937 5359 2050 5414; x_wconf 69' lang='lat' dir='ltr'><strong>lucc</strong></span> <span class='ocrx_word' id='word_1_687' title='bbox 2090 5361 2142 5414; x_wconf 89' lang='lat' dir='ltr'><strong>in</strong></span> <span class='ocrx_word' id='word_1_688' title='bbox 2193 5362 2365 5426; x_wconf 88' lang='lat' dir='ltr'><strong>primo</strong></span> <span class='ocrx_word' id='word_1_689' title='bbox 2398 5360 2616 5413; x_wconf 87' lang='lat' dir='ltr'><strong>instanti</strong></span> <span class='ocrx_word' id='word_1_690' title='bbox 2645 5360 2726 5413; x_wconf 91' lang='lat' dir='ltr'><strong>sui</strong></span> <span class='ocrx_word' id='word_1_691' title='bbox 2758 5374 2881 5413; x_wconf 88' lang='lat' dir='ltr'><strong>esse</strong></span> <span class='ocrx_word' id='word_1_692' title='bbox 2912 5361 3212 5414; x_wconf 85' lang='lat' dir='ltr'><strong>sordnisset</strong></span> <span class='ocrx_word' id='word_1_693' title='bbox 3255 5359 3503 5428; x_wconf 83' lang='lat' dir='ltr'><strong>originali</strong></span> 
     </span>
    </p>
   </div>
   <div class='ocr_carea' id='block_1_110' title="bbox 1935 5430 3499 5501">
    <p class='ocr_par' dir='ltr' id='par_1_110' title="bbox 1935 5430 3499 5501">
     <span class='ocr_line' id='line_1_111' title="bbox 1935 5430 3499 5501; baseline 0.002 -21"><span class='ocrx_word' id='word_1_694' title='bbox 1935 5443 2154 5495; x_wconf 82' lang='lat' dir='ltr'><strong>peccato</strong></span> <span class='ocrx_word' id='word_1_695' title='bbox 2200 5430 2363 5501; x_wconf 89' lang='lat' dir='ltr'><strong>(quod</strong></span> <span class='ocrx_word' id='word_1_696' title='bbox 2396 5445 2502 5483; x_wconf 92' lang='lat' dir='ltr'><strong>non</strong></span> <span class='ocrx_word' id='word_1_697' title='bbox 2546 5432 2720 5484; x_wconf 91' lang='lat' dir='ltr'><strong>solum</strong></span> <span class='ocrx_word' id='word_1_698' title='bbox 2747 5445 2977 5501; x_wconf 27' lang='lat' dir='ltr'><strong>Anzevus.</strong></span> <span class='ocrx_word' id='word_1_699' title='bbox 3015 5431 3108 5483; x_wconf 90' lang='lat' dir='ltr'><strong>sed</strong></span> <span class='ocrx_word' id='word_1_700' title='bbox 3179 5430 3499 5497; x_wconf 79' lang='lat' dir='ltr'><strong>turpissima</strong></span> 
     </span>
    </p>
   </div>
   <div class='ocr_carea' id='block_1_111' title="bbox 1946 5499 3506 5569">
    <p class='ocr_par' dir='ltr' id='par_1_111' title="bbox 1946 5499 3506 5569">
     <span class='ocr_line' id='line_1_112' title="bbox 1946 5499 3506 5569; baseline -0.002 -15"><span class='ocrx_word' id='word_1_701' title='bbox 1946 5502 2156 5556; x_wconf 88' lang='lat' dir='ltr'><strong>macula</strong></span> <span class='ocrx_word' id='word_1_702' title='bbox 2181 5499 2304 5569; x_wconf 83' lang='lat' dir='ltr'><strong>est),</strong></span> <span class='ocrx_word' id='word_1_703' title='bbox 2335 5500 2470 5555; x_wconf 87' lang='lat' dir='ltr'><strong>I&#39;also</strong></span> <span class='ocrx_word' id='word_1_704' title='bbox 2516 5501 2618 5554; x_wconf 89' lang='lat' dir='ltr'><strong>dici</strong></span> <span class='ocrx_word' id='word_1_705' title='bbox 2667 5517 2696 5554; x_wconf 90' lang='lat' dir='ltr'><strong>a</strong></span> <span class='ocrx_word' id='word_1_706' title='bbox 2738 5499 2794 5555; x_wconf 90' lang='lat' dir='ltr'><strong>S.</strong></span> <span class='ocrx_word' id='word_1_707' title='bbox 2841 5499 3076 5569; x_wconf 74' lang='lat' dir='ltr'><strong>Josepho</strong></span> <span class='ocrx_word' id='word_1_708' title='bbox 3121 5501 3394 5564; x_wconf 86' lang='lat' dir='ltr'><strong>absolute,</strong></span> <span class='ocrx_word' id='word_1_709' title='bbox 3437 5501 3506 5553; x_wconf 86' lang='lat' dir='ltr'><strong>ab</strong></span> 
     </span>
    </p>
   </div>
   <div class='ocr_carea' id='block_1_112' title="bbox 1942 5570 3503 5641">
    <p class='ocr_par' dir='ltr' id='par_1_112' title="bbox 1942 5570 3503 5641">
     <span class='ocr_line' id='line_1_113' title="bbox 1942 5570 3503 5641; baseline -0.003 -15"><span class='ocrx_word' id='word_1_710' title='bbox 1942 5573 2088 5626; x_wconf 82' lang='lat' dir='ltr'><strong>0mm</strong></span> <span class='ocrx_word' id='word_1_711' title='bbox 2132 5587 2284 5626; x_wconf 79' lang='lat' dir='ltr'><strong>nva</strong></span> <span class='ocrx_word' id='word_1_712' title='bbox 2323 5572 2733 5625; x_wconf 89' lang='lat' dir='ltr'><strong>mundissimam</strong></span> <span class='ocrx_word' id='word_1_713' title='bbox 2770 5587 2782 5622; x_wconf 91' lang='lat'>:</span> <span class='ocrx_word' id='word_1_714' title='bbox 2815 5585 2938 5624; x_wconf 91' lang='lat' dir='ltr'><strong>cum</strong></span> <span class='ocrx_word' id='word_1_715' title='bbox 3000 5571 3164 5641; x_wconf 85' lang='lat' dir='ltr'><strong>igitur</strong></span> <span class='ocrx_word' id='word_1_716' title='bbox 3214 5570 3351 5624; x_wconf 82' lang='lat' dir='ltr'><strong>falso</strong></span> <span class='ocrx_word' id='word_1_717' title='bbox 3397 5586 3503 5623; x_wconf 91' lang='lat' dir='ltr'><strong>nou</strong></span> 
     </span>
    </p>
   </div>
   <div class='ocr_carea' id='block_1_113' title="bbox 1942 5641 3498 5712">
    <p class='ocr_par' dir='ltr' id='par_1_113' title="bbox 1942 5641 3498 5712">
     <span class='ocr_line' id='line_1_114' title="bbox 1942 5641 3498 5712; baseline -0.002 -17"><span class='ocrx_word' id='word_1_718' title='bbox 1942 5646 2174 5708; x_wconf 84' lang='lat' dir='ltr'><strong>dicatur,</strong></span> <span class='ocrx_word' id='word_1_719' title='bbox 2226 5641 2320 5696; x_wconf 83' lang='lat' dir='ltr'><strong>sed</strong></span> <span class='ocrx_word' id='word_1_720' title='bbox 2370 5658 2512 5702; x_wconf 89' lang='lat' dir='ltr'><strong>vere.</strong></span> <span class='ocrx_word' id='word_1_721' title='bbox 2579 5643 2821 5712; x_wconf 86' lang='lat' dir='ltr'><strong>sequitur</strong></span> <span class='ocrx_word' id='word_1_722' title='bbox 2871 5643 3042 5710; x_wconf 89' lang='lat' dir='ltr'><strong>ipsam</strong></span> <span class='ocrx_word' id='word_1_723' title='bbox 3078 5711 3085 5712; x_wconf 14' lang='grc' dir='ltr'>ί</span> <span class='ocrx_word' id='word_1_724' title='bbox 3115 5658 3180 5695; x_wconf 82' lang='lat' dir='ltr'><strong>ex</strong></span> <span class='ocrx_word' id='word_1_725' title='bbox 3258 5641 3498 5712; x_wconf 86' lang='lat' dir='ltr'><strong>ejusdem</strong></span> 
     </span>
    </p>
   </div>
   <div class='ocr_carea' id='block_1_114' title="bbox 1943 5711 3502 5794">
    <p class='ocr_par' dir='ltr' id='par_1_114' title="bbox 1943 5711 3502 5794">
     <span class='ocr_line' id='line_1_115' title="bbox 1943 5711 3502 5794; baseline -0.003 -26"><span class='ocrx_word' id='word_1_726' title='bbox 1943 5714 1997 5768; x_wconf 94' lang='lat' dir='ltr'><strong>S.</strong></span> <span class='ocrx_word' id='word_1_727' title='bbox 2031 5713 2252 5794; x_wconf 81' lang='lat' dir='ltr'><strong>.losephi</strong></span> <span class='ocrx_word' id='word_1_728' title='bbox 2321 5722 2500 5767; x_wconf 89' lang='lat' dir='ltr'><strong>mente</strong></span> <span class='ocrx_word' id='word_1_729' title='bbox 2553 5711 2835 5794; x_wconf 76' lang='lat' dir='ltr'><strong>originalis</strong></span> <span class='ocrx_word' id='word_1_730' title='bbox 2884 5711 3271 5794; x_wconf 72' lang='lat' dir='ltr'><strong>peccatinznvo</strong></span> <span class='ocrx_word' id='word_1_731' title='bbox 3309 5711 3361 5764; x_wconf 93' lang='lat' dir='ltr'><strong>in</strong></span> <span class='ocrx_word' id='word_1_732' title='bbox 3404 5726 3502 5766; x_wconf 90' lang='lat' dir='ltr'><strong>sua</strong></span> 
     </span>
    </p>
   </div>
   <div class='ocr_carea' id='block_1_115' title="bbox 1939 5783 3218 5855">
    <p class='ocr_par' dir='ltr' id='par_1_115' title="bbox 1939 5783 3218 5855">
     <span class='ocr_line' id='line_1_116' title="bbox 1939 5783 3218 5855; baseline -0.004 -15"><span class='ocrx_word' id='word_1_733' title='bbox 1939 5783 2288 5855; x_wconf 86' lang='lat' dir='ltr'><strong>conceptione</strong></span> <span class='ocrx_word' id='word_1_734' title='bbox 2316 5800 2440 5840; x_wconf 90' lang='lat' dir='ltr'><strong>vere</strong></span> <span class='ocrx_word' id='word_1_735' title='bbox 2474 5783 2885 5840; x_wconf 87' lang='lat' dir='ltr'><strong>mundissimam</strong></span> <span class='ocrx_word' id='word_1_736' title='bbox 2926 5783 3218 5838; x_wconf 81' lang='lat' dir='ltr'><strong>exstitisse.</strong></span> 
     </span>
    </p>
   </div>
  </div>
