4180 6450
728 377 863 444 ιαπ

725 597 826 637 nos
849 578 1318 636 benedictionibus
1344 579 1648 643 coronavit,
1701 585 1755 631 et
1786 578 2002 631 sustulit
2065 579 2284 631 maledi-

725 675 1001 734 ctionem;
1033 687 1067 726 ο
1097 673 1213 727 sola
1257 671 1512 726 omnibus
1531 669 2002 725 benedictionibus
2035 669 2282 724 cumula-

726 763 934 816 tissima
963 762 1098 833 (20),
1136 761 1297 833 Virgo
1334 762 1598 832 gloriosa,
1644 775 1767 830 qua
1821 776 1992 831 genus
2039 770 2282 815 nostrum

725 855 897 924 gratia
923 854 1216 925 replevisti.

797 945 959 1002 Lucis
992 956 1094 1001 tuae
1115 945 1284 1001 radiis
1313 946 1576 1010 illnmina,
1602 960 1635 999 ο
1656 945 1868 1016 Sponsa
1900 944 2016 1008 Dei,
2047 944 2283 998 animam

733 1054 909 1092 meam
947 1040 1000 1092 in
1031 1039 1354 1107 perditionis
1381 1039 1640 1108 voragine
1679 1039 1946 1108 iacentem
1981 1049 2283 1105 :exsurge;

730 1130 910 1184 hostes
940 1131 1199 1198 proturba
1239 1146 1300 1185 ac
1326 1131 1516 1196 dejice,
1543 1132 1634 1201 qui
1675 1132 1918 1200 aﬂligunt
1947 1131 2164 1184 assidue
2190 1144 2289 1183 cor

730 1235 930 1285 meum,
957 1230 1010 1276 et
1042 1221 1109 1276 ad
1137 1223 1424 1277 sectandas
1471 1224 1758 1294 passiones
1811 1240 1960 1278 meas
2003 1223 2287 1294 impellunt

729 1327 837 1365 me.

869 1433 952 1488 Ex
973 1452 1168 1491 canone
1191 1438 1390 1507 duplici
1426 1438 1572 1507 ferite
1607 1449 1666 1493 ut
1702 1439 1772 1492 ad
1799 1439 2144 1493 Matutinum.

800 1541 1232 1599 Tabernaculum
1272 1547 1680 1602 immaculatum
1715 1549 1849 1619 (2|),
1879 1549 2095 1609 Arcam,
2136 1563 2288 1601 mcu-

730 1651 867 1698 sam,
895 1645 949 1689 et
978 1648 1236 1700 montem,
1268 1653 1331 1693 ex
1364 1655 1472 1708 quo
1497 1640 1612 1694 sine
1643 1640 1879 1694 hominis
1916 1640 2166 1693 manibus
2190 1641 2286 1692 ab-

732 1725 936 1780 scissus
976 1737 1059 1781 est
1085 1727 1223 1796 lapis
1255 1730 1508 1784 Christus
1559 1731 1800 1784 omnium
1854 1730 2138 1796 Dominus,
2183 1731 2259 1782 lla

733 1817 868 1870 riam
905 1815 1174 1887 Virginem
1211 1819 1426 1890 hymnis
1460 1821 1813 1876 honoremus.

801 1907 847 1963 Ο
881 1911 1052 1964 nubes
1084 1911 1258 1964 lucida
1295 1910 1430 1981 (2‘2),
1466 1913 1660 1966 animm
1689 1929 1819 1968 mete
1871 1914 2042 1968 nubes
2092 1915 2290 1969 multas

731 2011 786 2054 et
809 2018 1016 2072 graves,
1065 2003 1439 2058 illuminativis
1487 2006 1976 2062 intercessionibus
2027 2007 2133 2061 tuis
2182 2007 2292 2061 dis-

735 2094 900 2158 solve,
937 2103 995 2148 ut
1052 2095 1233 2149 radios
1255 2097 1418 2167 269
1442 2097 1606 2164 illius,
1637 2098 1727 2168 qui
1760 2113 1822 2152 ex
1852 2109 1900 2154 te
1927 2108 2180 2167 tanquam
2212 2100 2292 2154 sol

733 2195 956 2240 exortus
989 2195 1093 2249 est,
1130 2187 1310 2242 videre
1346 2187 1573 2258 possim,
1610 2199 1661 2245 et
1705 2205 1769 2244 ex
1812 2200 1900 2244 tua
1956 2191 2078 2246 luce
2118 2193 2292 2248 lucem

736 2278 1076 2332 inocciduam
1103 2280 1404 2349 acquiram.

806 2369 1108 2424 Primorum
1161 2381 1442 2441 parentum
1482 2371 1756 2426 tristitiam
1809 2374 2104 2438 abstulisti,
2158 2375 2284 2430 dum

735 2459 989 2528 gaudium
1045 2461 1200 2517 nobis
1240 2462 1517 2532 peperisti,
1562 2479 1596 2517 ο
1663 2466 2004 2518 sanctissima
2044 2465 2294 2535 Deipara.

736 2553 859 2606 vitae
889 2554 1095 2609 scilicet
1126 2555 1391 2619 datorem,
1419 2570 1482 2610 ac
1521 2554 1955 2624 Redemptorcm,
1994 2573 2151 2628 quem
2194 2558 2296 2614 im-

739 2659 906 2712 penso
949 2646 1140 2702 all'ectu
1183 2663 1406 2717 precare
1440 2661 1539 2718 pro
1581 2647 1757 2703 salute
1803 2651 2107 2703 animarum
2165 2667 2295 2707 nos-

739 2743 969 2792 irarum.

815 2829 1048 2884 Mundus
1087 2846 1180 2899 per
1227 2839 1280 2885 te
1328 2831 1538 2884 veniam
1587 2841 1911 2887 consecutus
1971 2841 2072 2898 est,
2133 2832 2298 2904 Virgo

750 2922 934 2985 Mater,
965 2921 1056 2989 qui
1091 2930 1306 2990 propter
1337 2921 1824 2991 transgressionem
1869 2924 2071 2978 inutilis
2119 2924 2297 2980 lactus

743 3011 919 3068 fuerat
955 3031 968 3068 :
1005 3023 1294 3083 propterea
1322 3013 1660 3068 canticorum
1696 3013 1814 3068 odis
1847 3024 1898 3070 te
1937 3015 2130 3069 merito
2167 3017 2296 3070 bea-

742 3116 849 3160 tam
877 3105 1130 3174 appellat.

1839 379 1899 438 S.
1941 377 2252 438 JOSEPIII
2293 375 2848 439 HYMNOGRAPHI

791 489 1128 544 Benedicunt
1176 502 1368 543 omnes
1400 493 1662 542 creatura:
1715 485 1908 540 Filium
1961 498 2138 551 tutum,
2187 486 2326 554 qui;

2458 491 2682 557 Εὐλογεί
2740 491 2890 543 πᾶσα
2947 489 3121 552 κτίσις
3173 487 3263 541 τὸν
3318 487 3475 538 τόκον
3507 504 3597 539 σου

3810 378 3949 442 1308

3678 487 3953 548 εὐλογίαις

2458 506 2680 557 ιςωιογει
2740 506 2890 543 πασα
2947 506 3121 552 κτίσις
3173 506 3263 541 τον
3318 506 3475 538 τοκον
3507 506 3597 539 σου
3678 506 3953 554 ευΑογιαις

2384 581 2530 648 ἡμᾶς
2564 579 2999 648 στεφανώσαντα,
3029 580 3121 632 καὶ
3152 577 3250 650 τὴν
3274 578 3412 646 ἀρὰν
3444 577 3734 646 ἐξάραντα,
3782 596 3953 631 παντ-

2384 672 2640 739 ευλόγητε
2670 671 2832 742 ’μόνη
2861 670 3242 742 δεδοξασμένῃ,
3270 669 3381 740 ήτδ
3407 668 3564 736 γένος
3593 670 3748 738 ἡμῶν
3788 687 3952 742 χαρι-

2385 779 2626 817 τωσασα.

2455 947 2634 1009 Φωτδς
2657 947 2750 1001 τοῦ
2781 948 2837 1000 ιν
2856 948 2937 1000 σοὶ
2960 946 3368 1016 μαρμαρυγαῖς,
3398 945 3700 1014 Θεόνυμφε,
3731 944 3830 1014 τὴν
3848 943 3954 1012 ψυα

2387 1043 2487 1114 χήν
2512 1058 2611 1112 μου
2658 1041 3082 1110 φωταγώγησον,
3142 1037 3394 1109 κείμενον
3441 1038 3622 1108 βόθρῳ
3675 1037 3954 1100 ἀπωλείας

2386 1133 2690 1202 ἁνάστησον
2737 1131 2969 1201 ἐχθροὺς
3022 1131 3446 1201 καταράσσουσα
3509 1130 3635 1194 τοὺς
3674 1129 3953 1190 θλίϐοντας

2386 1223 2472 1276 ἀεὶ
2514 1221 2612 1293 τὴν
2657 1222 2884 1294 καρδίαν
2919 1239 3042 1292 μου,
3073 1221 3169 1274 καὶ
3203 1220 3338 1292 πρὸς
3367 1220 3435 1274 τὰ
3484 1220 3629 1292 irqu
3655 1219 3954 1274 συνωθοῦν-

2385 1314 2483 1376 τας
2515 1330 2605 1384 με.

2399 1437 2500 1490 Ἐκ
2525 1433 2631 1488 τοῦ
2683 1432 2941 1499 κανόνος
2990 1430 3098 1499 τῆς
3119 1435 3322 1501 τρίτης
3389 1434 3476 1500 εις
3522 1431 3629 1485 τὸν
3679 1433 3952 1498 Ὀρθρον.

2457 1545 2565 1616 Τὴν
2605 1543 2807 1613 σκηνὴν
2835 1543 2932 1611 τὴν
2960 1541 3248 1613 ἄχραντον.
3283 1542 3378 1596 καὶ
3413 1541 3663 1606 κιϐωτὸν,
3692 1541 3784 1593 καὶ
3824 1540 3956 1608 rpi-

2389 1637 2576 1702 πεζαν,
2603 1635 2662 1688 τδ
2689 1635 2813 1706 ὅρος
2846 1630 2906 1688 οὗ
2927 1634 3133 1705 ἐτμήθη
3167 1633 3296 1687 ἄνευ
3320 1633 3498 1704 χειρὸς
3531 1630 3816 1702 ἀνθρώπου
3870 1631 3953 1681 λί-

2389 1727 2675 1794 Θος,ὁτοῦ
2731 1727 2931 1790 παντὸς
2987 1725 3210 1799 Κύριος,
3268 1726 3501 1798 Μαριὰμ
3523 1726 3620 1796 τὴν
3679 1724 3959 1795 Παρθένον

2325 1828 2364 1884 [ς
2396 1818 2584 1888 ὕμνοις
2606 1817 2948 1887 τιμήσωμεν.

2460 1911 2676 1980 Νεφέλη
2708 1909 2962 1980 φωτεινὴ,
2987 1909 3086 1978 τῆς
3108 1907 3284 1978 ψυχῆς
3315 1923 3416 1978 μου
3435 1907 3503 1960 τὰ
3546 1907 3678 1977 νέφη
3728 1907 3794 1960 τὰ
3821 1907 3951 1958 πολι

2393 2001 2458 2053 λὰ
2518 2001 2607 2053 καὶ
2661 1999 2870 2069 χαλεπὰ
2925 1999 3040 2073 τα]ς
3085 1999 3207 2060 σαῖς
3247 1998 3598 2066 φωτιστικαῖς
3652 1995 3950 2066 μεσιτείαις

2392 2092 2658 2153 διάλυσον,
2689 2093 2835 2155 ὅπως
2868 2092 2960 2145 ῐδω
2982 2093 3079 2154 τὰς
3109 2091 3334 2152 ἀκτῖνας
3355 2088 3448 2143 τοῦ
3483 2092 3548 2143 ὲκ
3577 2090 3669 2144 σοῦ
3730 2087 3954 2144 ἀνατεί-

2394 2186 2602 2251 λαντος,
2623 2185 2715 2239 καὶ
2741 2185 2877 2255 φωτὶ
2893 2184 3006 2252 φῶς
3035 2181 3428 2254 προσλάϐωμαι
3463 2181 3674 2238 ἄδυτον.

2475 2384 2589 2424 ξων
2617 2371 2976 2440 προπατόρων
3015 2369 3206 2432 ἔλυσας
3233 2367 3333 2439 τὴν
3377 2367 3575 2438 λύπην,
3614 2368 3774 2438 χάριν
3825 2368 3960 2437 ἡμῖν

2397 2463 2667 2531 κυήσασα,
2689 2461 2779 2514 τὸν
2808 2457 3072 2530 ζωοδότην
3099 2461 3194 2513 καὶ
3217 2459 3533 2532 Δυτρωτὴν,
3554 2459 3793 2527 παναγία
3824 2459 3959 2514 Θεο-

2396 2554 2542 2619 τόκε,
2569 2553 2629 2609 ὃν
2663 2551 2896 2617 ἑκτενῶς
2926 2551 3139 2607 ἱκέτευε
3167 2550 3407 2623 σωθῆναι
3427 2549 3526 2617 τὰς
3556 2549 3732 2623 ψυχας
3769 2550 3949 2622 ἡμῶν.

2473 2828 2687 2898 Κόσμος
2721 2828 2808 2882 διὰ
2841 2827 2933 2881 σοῦ
2969 2827 3198 2897 ἠλέηται
3219 2827 3332 2898 ὀτῇ
3362 2826 3668 2897 παραϐάσει
3728 2825 3962 2895 ἀχρειωο

2402 2921 2535 2985 Θεὶς,
2562 2919 2993 2992 Μητροπάρθενε
3019 2935 3034 2950 ο
3068 2919 3156 2974 διὰ
3184 2918 3338 2974 τοῦτο
3375 2918 3537 2990 ᾠδαῖς
3592 2917 3852 2990 ᾀσμάτων
3868 2934 3964 2970 xa-

2400 3013 2643 3083 ταχρέως
2677 3012 2968 3083 μακαρίζει
2997 3028 3077 3067 σε.

812 3195 887 3249 Te
921 3196 1147 3251 salutem
1185 3197 1236 3250 in
1269 3196 1415 3250 omni
1446 3197 1569 3251 loco
1596 3206 1648 3252 et
1677 3207 1918 3265 tempore
1955 3197 2146 3251 invoco
2176 3216 2189 3251 :
2225 3213 2292 3251 ne
2323 3215 2326 3242 ‹

2468 3197 2746 3268 Σωτηρίαν
2761 3196 2820 3249 ἐν
2847 3196 3007 3250 παντὶ
3042 3195 3217 3267 καιρῷ
3243 3196 3335 3250 καὶ
3359 3194 3530 3264 τόπῳ,
3563 3193 3959 3266 ἐπικαλοῦμαι.

741 3287 1012 3356 despicias
1041 3303 1148 3348 me,
1183 3303 1216 3340 ο
1253 3288 1563 3356 purissima,
1606 3302 1727 3357 qua:
1771 3287 1936 3341 Deum
1971 3287 2297 3356 Redempto-

742 3397 852 3435 rem
880 3396 942 3434 ac
965 3379 1300 3434 Salvatorem
1333 3396 1510 3433 meum
1535 3378 1809 3449 peperisti.

813 3471 1128 3541 Propitiatio
1160 3488 1222 3526 ac
1268 3472 1566 3540 redemptio
1612 3480 1795 3525 nostra
1834 3468 2082 3538 apparuit
2132 3467 2300 3523 Filius

742 3573 887 3626 tuus,
921 3580 954 3617 o
989 3559 1180 3633 Virgo;
1223 3579 1381 3630 quem
1417 3563 1734 3632 suppliciter
1759 3576 1921 3615 exora
1975 3575 2072 3630 pro
2124 3560 2299 3615 salute
2348 3623 2351 3626 ,

740 3671 928 3712 eorum
963 3655 1053 3724 qni
1084 3665 1133 3709 te
1171 3670 1296 3709 cum
1327 3655 1492 3712 animi
1527 3653 1942 3726 compunctionc
1970 3650 2297 3706 beatiﬁcanl.

816 3832 1068 3900 (‘20)llac
1140 3832 1301 3902 igitur
1350 3833 1509 3887 etiam
1563 3831 1937 3887 benedictione
1999 3830 2295 3902 cumulata,

743 3899 884 3970 quod
918 3906 1032 3970 ipsa
1061 3899 1222 3956 fuerit
1261 3919 1456 3955 aurora
1482 3902 1645 3955 divini
1679 3904 1820 3956 Solis
1863 3903 2004 3961 nulla
2042 3899 2294 3970 originali

743 3973 970 4040 caligine
997 3974 1304 4032 obscurata.
1325 3988 1446 4026 arca
1476 3988 1687 4040 semper
1710 3971 2064 4029 (-or0iiata.'et
2098 3972 2147 4023 in
2177 3971 2296 4040 nul-

745 4044 797 4108 lo
826 4039 1082 4110 temporis
1135 4053 1424 4105 momento,
1452 4039 1679 4095 dremOni
1733 4059 1825 4110 per
1858 4051 2134 4108 peceatum
2167 4039 2289 4110 sub:

741 4113 880 4180 jecta
903 4129 916 4177 ;
940 4109 949 4110 ί
973 4113 1164 4166 albedo
1202 4113 1630 4181 splendidissima
1679 4109 1744 4163 in
1770 4113 1912 4164 nulla
1947 4125 2182 4178 unquam
2214 4109 2294 4181 vel

746 4179 967 4234 minima
1004 4182 1210 4250 peccati
1235 4179 1583 4234 obscuritate
1623 4181 1957 4246 deprehensa
1990 4198 2004 4234 :
2041 4190 2093 4233 et
2117 4179 2294 4250 amica

748 4250 840 4304 liei
881 4259 990 4304 tota
1008 4249 1266 4319 pulchra,
1297 4267 1325 4304 a
1356 4265 1459 4317 qua
1503 4251 1678 4304 omnis
1719 4251 1926 4304 macula
1967 4265 2073 4302 non
2122 4249 2297 4302 solum

747 4321 994 4381 actualis,
1023 4323 1113 4375 sed
1138 4322 1298 4374 etiam
1328 4321 1606 4390 originalis
1626 4321 1868 4373 criminis
1894 4335 2105 4390 semper
2133 4334 2298 4390 essu-

749 4391 893 4443 lavit.
919 4391 1086 4444 Porro
1117 4409 1136 4441 ‹
1175 4388 1436 4444 Christus
1465 4391 1544 4452 (ut
1578 4392 1629 4443 in
1661 4404 1758 4442 suo
1813 4405 1976 4457 opere
2029 4389 2101 4441 De
2151 4388 2300 4440 laud.

2403 3287 2478 3357 μὴ
2505 3287 2733 3357 παρίδῃς
2760 3303 2849 3356 με,
2876 3287 3206 3356 πανάμωμε,
3237 3287 3416 3357 ἡΘεδν
3440 3289 3692 3357 κυήσασα
3722 3287 3815 3340 τὸν
3847 3289 3960 3341 Λυ-

2398 3378 2610 3448 τρωτὴν
2630 3377 2763 3448 ὁμοῦ
2787 3379 2879 3432 καὶ
2911 3377 3140 3450 Σωτῆρά
3169 3397 3292 3448 μου.

2485 3469 2734 3537 Ἱλασμδς
2799 3471 2931 3539 ἡμῖν
2983 3471 3076 3522 καὶ
3115 3469 3383 3540 λύτρωσις
3437 3469 3740 3539 ἐγνωρίσθη
3794 3471 3823 3522 ὁ
3873 3469 3964 3532 σὸς

2403 3560 2552 3622 Υἱὸς,
2583 3558 2847 3630 Παρθένε,
2884 3558 2941 3612 δν
2971 3559 3176 3613 ἱκέτευε
3222 3559 3392 3614 σῶσαι
3433 3560 3560 3623 τοὺς
3587 3561 3647 3614 ὲν
3672 3560 3965 3626 κατανύξει

2403 3669 2461 3704 σε
2499 3649 2676 3719 ψυχῆς
2713 3650 3128 3720 μακαρίζοντας.

2404 3829 2640 3893 culpam.
2689 3828 2823 3883 Nam
2879 3838 3092 3884 constat
3135 3829 3278 3898 quod
3318 3828 3694 3883 Tabernacnlo
3758 3830 3966 3887 Christi

2404 3901 2526 3970 plus
2558 3901 2781 3970 derogat
2813 3900 3017 3970 peccati
3049 3901 3349 3970 corruptio,
3382 3915 3543 3968 quam
3598 3902 3648 3951 in
3689 3901 3966 3968 pulverem

2404 3969 2714 4091 resolnéioa
2745 3969 2834 4024 Sic
2855 3969 2942 4024 ille
2957 3969 3095 4039 apud
3123 3969 3370 4036 Bustmn,
3395 3970 3965 4043 serm.6deConcrpt.

2404 4055 2498 4091 nar
2526 4055 2555 4091 e
2619 4079 2632 4089 .

2401 4049 2745 4177 “agminia
2775 4109 2923 4162 nullo
2947 4124 3184 4231 untuiam
3233 4117 3474 4173 tempore
3501 4111 3730 4177 alicujus
3757 4113 3965 4180 peccati

2402 4178 2720 4231 obscuritati
2753 4179 3014 4231 subiecta.
3094 4179 3180 4231 inc
3227 4179 3286 4231 Ι).
3323 4177 3682 4231 llieronvmns
3725 4189 3965 4231 lraclans

2402 4178 2720 4250 obscuritati
2753 4179 3014 4250 subjecta.
3047 4177 3180 4250 Hinc
3227 4179 3286 4232 D.
3323 4177 3682 4250 Hieronymus
3725 4177 3968 4237 tractans

2404 4249 2728 4304 versiculum
2781 4250 2928 4302 illum
2979 4249 3176 4302 Psalmi
3218 4250 3307 4302 77.
3351 4248 3544 4304 Eduxii
3581 4267 3676 4304 eos
3730 4253 3782 4304 in
3823 4254 3968 4306 nube

2403 4319 2530 4382 diei,
2566 4319 2744 4371 dixit:
2782 4317 2916 4373 Ecce
2941 4319 3080 4374 Deus
3113 4320 3258 4374 venit
3287 4320 3340 4372 in
3386 4317 3672 4388 Egyptum
3723 4323 3776 4373 in
3824 4324 3967 4376 nube

2403 4389 2538 4452 levi;
2569 4387 2773 4441 Nnbem
2808 4391 2974 4442 levem
3034 4397 3130 4442 aut
3159 4391 3371 4457 proprie
3403 4387 3598 4457 corpus
3639 4389 3965 4452 Salvatoris.

749 4459 809 4512 Β.
842 4460 1502 4537 Virginislibr.l,l'ruet.7,
1525 4460 2138 4537 inqiiitBartholom;eus
2161 4457 2301 4537 liisa-
2336 4483 2375 4537 ο
2407 4459 2533 4537 quia
2565 4460 2677 4513 leve
2709 4457 2830 4537 fuit,
2862 4469 2916 4513 et
2942 4459 3087 4537 nn_l_lu
3116 4470 3334 4537 peccato
3357 4470 3660 4537 gravatum,
3697 4472 3791 4537 aut
3818 4473 3969 4515 certe

752 4530 874 4597 nus)
906 4527 1051 4582 dedit
1081 4530 1277 4596 majora
1305 4532 1467 4592 dona,
1499 4539 1552 4583 et
1599 4531 1776 4582 minus
1825 4530 2130 4582 necessaria
2179 4527 2301 4579 Vir-

751 4600 881 4665 gini.
921 4597 1239 4668 Patet,quia
1275 4616 1393 4653 eam
1441 4615 1596 4652 suam
1638 4598 1858 4651 Matrem
1905 4598 2048 4661 fecit,
2071 4611 2200 4668 ergo
2250 4604 2304 4649 ct

751 4670 960 4722 minora
1015 4671 1153 4722 dona
1184 4669 1349 4732 dedit,
1385 4671 1588 4723 scilicet
1618 4670 2081 4736 praeservationeni
2122 4683 2148 4717 a
2184 4680 2304 4731 pec-

751 4750 873 4808 eam
905 4739 1174 4806 originali.
1211 4739 1362 4801 Item,
1411 4739 1756 4807 pricservavit
1786 4737 2055 4808 Virginem
2082 4753 2109 4790 a
2146 4751 2301 4806 pinna

751 4806 892 4868 Eme,
918 4824 1046 4878 ergo
1076 4821 1127 4861 et
1151 4825 1177 4861 a
1204 4811 1378 4878 culpa,
1413 4806 1436 4859 i
1477 4820 1580 4861 etc.

823 4879 934 4944 (il)
967 4877 1082 4930 Non
1119 4881 1278 4931 aliam
1297 4875 1377 4932 ὀὺ
1412 4893 1653 4938 causam,
1688 4877 1786 4930 nisi
1813 4878 1937 4946 quia
1973 4877 2039 4929 ab
2065 4875 2303 4945 origina-

671 5016 674 5018 Π
751 4947 819 4999 lis
856 4947 1057 5014 peccati
1087 4951 1292 5001 macula
1335 4964 1547 5016 semper
1591 4949 1844 5000 alienum.
1881 4948 1988 5000 Hac
2015 4947 2157 5000 enim
2192 4961 2301 4998 ma-

750 5019 891 5076 cula.
934 5018 1036 5072 etsi
1092 5020 1156 5070 ad
1196 5030 1527 5071 momentum
1589 5018 1776 5071 luisset
1819 5018 2303 5083 iuquinatnni,.nec

749 5102 894 5148 vere.
933 5103 1031 5142 nec
1060 5089 1302 5141 absolute
1343 5089 1742 5142 immaculatum
1782 5088 1884 5139 dici
1942 5098 2139 5154 posset.
2167 5085 2303 5139 llinc

751 5156 1196 5212 llernardinns'le
1233 5157 1398 5213 Busto
1446 5161 1498 5211 in
1540 5158 1743 5211 Marial.
1775 5173 1942 5210 Serm.
1973 5156 2007 5208 2
2045 5157 2110 5209 de
2153 5158 2302 5208 (lon-

750 5236 888 5297 cept.
923 5237 1071 5293 parte
1088 5230 1140 5291 3,
1163 5231 1272 5281 ait:
1307 5249 1323 5278 ε
1359 5229 1515 5291 Dens,
1540 5229 1698 5297 cujus
1731 5226 1964 5296 perfecta
1997 5236 2122 5297 sunt
2139 5241 2301 5297 opera

756 5291 1028 5358 neme-2,
1064 5299 1487 5352 sacratissimum
1539 5291 1947 5352 tabernaculum
1983 5297 2038 5349 Β.
2067 5291 2302 5363 Virginis

751 5367 896 5435 omni
922 5369 1152 5431 puritate
1175 5385 1225 5420 et
1246 5370 1550 5422 innocentia
1585 5369 1999 5435 repletissimum
2028 5367 2299 5424 formavit.

755 5434 806 5486 in
860 5437 1012 5504 cujus
1066 5439 1431 5492 saeiaissimo
1485 5434 1654 5492 utero
1687 5439 1860 5491 factus
1913 5439 2072 5490 homo
2114 5452 2300 5488 novem

755 5510 1095 5578 mensibus.»
1135 5507 1384 5576 Magister
1439 5525 1656 5578 quoque
1713 5508 1911 5561 Paulus
1961 5507 2028 5560 de
2051 5506 2192 5559 Luca
2248 5507 2299 5558 in

753 5575 986 5646 quodam
1038 5575 1488 5632 excellentissimo
1551 5575 1823 5640 sermone,
1869 5579 1920 5631 in
1952 5594 2060 5646 quo
2115 5578 2299 5629 decem

757 5644 946 5717 mediis
980 5650 1164 5711 prohat
1197 5649 1598 5702 lminaculatam
1635 5649 1692 5702 ιι.
1725 5644 2304 5717 Virginis'cnnCi‘ptio-

758 5729 900 5776 nem,
935 5715 1070 5768 inter
1096 5720 1193 5770 alia
1218 5722 1390 5786 inquit
1423 5735 1434 5769 :
1471 5757 1484 5770 .
1520 5719 1577 5771 Il.
1613 5719 1773 5786 Virgo
1806 5715 1906 5771 non
1934 5719 2032 5769 fuit
2065 5717 2296 5768 resoluta

758 5787 813 5841 in
869 5787 1158 5848 pulverem.
1194 5789 1329 5855 Ergo
1377 5807 1475 5846 nec
1516 5800 1770 5859 conci-pta
1822 5804 1912 5857 per
1980 5787 2296 5856 originalem

2404 4530 2664 4584 debemus
2708 4531 2951 4596 accipere
2999 4531 3226 4582 Mariam
3283 4529 3430 4582 nullo
3461 4532 3666 4584 semine
3722 4532 3967 4584 humano

2403 4609 2855 4670 pra‘gravatamu
2892 4599 3029 4652 Ecce
3048 4598 3316 4670 Dominus
3363 4599 3508 4670 venit
3563 4600 3614 4653 in
3672 4599 3966 4670 Egyptnm

2405 4669 2587 4721 saeculi
2642 4668 2800 4736 hujus
2832 4683 2925 4736 per
2974 4669 3164 4721 nubem
3198 4671 3365 4722 levem
3413 4666 3712 4735 Virginem.
3742 4666 3968 4725 et'eduo

2405 4739 2482 4790 xit
2511 4752 2604 4792 eos
2633 4739 2684 4790 in
2712 4739 2850 4792 nube
2883 4738 3008 4792 diei.
3038 4739 3263 4791 Pulchre
3295 4757 3314 4788 ‹
3348 4739 3483 4792 dixit
3518 4740 3570 4792 in
3607 4742 3748 4794 nube
3769 4742 3898 4794 diei.
3941 4763 3958 4794 ι

2404 4807 2586 4879 Nubes
2615 4809 2788 4879 enim,
2818 4808 2904 4861 illa
2953 4825 3056 4860 non
3090 4807 3188 4860 fuit
3234 4808 3288 4861 in
3325 4810 3596 4879 tenebris.
3628 4813 3718 4863 sed
3752 4827 3967 4879 semper

2405 4877 2456 4948 in
2508 4875 2644 4931 lucc.
2687 4897 2706 4929 ι
2746 4878 2871 4932 Ha‘c
2899 4879 3277 4948 Hieronymus.
3311 4876 3440 4942 Quae
3468 4881 3709 4947 profecto
3764 4875 3968 4948 (inquit

2402 4947 2724 5020 (_Iatharinns
2766 4950 2818 5001 in
2870 4964 2969 5020 suo
2998 4947 3315 5020 _Tract.de‘
3349 4949 3603 5017 Concepl.
3629 4950 3694 5002 ad
3758 4947 3963 5020 Synod.

2408 5017 2680 5089 Trident._
2699 5027 2846 5085 parte
2895 5019 2933 5081 t)
2958 5018 3058 5089 nisi
3091 5017 3384 5086 sepliistice
3408 5017 3815 5088 pervertantur,
3846 5037 3969 5089 per-

2408 5099 2618 5159 petuam
2657 5087 2894 5141 Domina:
2920 5088 3167 5159 gratiam,
3199 5097 3254 5142 et
3305 5087 3666 5143 innneentiam
3713 5087 3969 5159 compro—

2407 5157 2550 5213 hant.
2580 5159 2859 5227 Appellant
2882 5155 3024 5212 enim
3050 5155 3322 5226 Virginem
3355 5159 3552 5212 nubem
3592 5160 3740 5214 nullo
3773 5155 3968 5216 hu'ma-

2405 5242 2475 5280 no
2501 5231 2707 5282 semine
2730 5239 3136 5297 prmgravatam.
3168 5228 3329 5293 Quid,
3349 5229 3598 5291 obsecro,
3622 5242 3703 5284 est
3733 5231 3833 5284 hoc
3859 5233 3963 5285 nisi

2403 5302 2644 5370 apertius
2681 5299 3036 5370 dicereillam
3092 5299 3240 5370 nullo
3268 5301 3471 5370 peccati
3521 5299 3782 5367 pondere,
3819 5303 3962 5370 quod

2404 5385 2464 5439 es
2496 5369 2732 5422 humano
2757 5369 2962 5422 semine
2988 5368 3286 5439 descendit,
3321 5369 3487 5423 fuisse
3530 5368 3966 5439 pra‘gravatam?

2407 5437 2467 5491 Et
2492 5439 2620 5507 quid
2653 5440 2754 5492 hoc
2780 5448 2994 5510 estnon
3024 5437 3190 5510 luisse
3217 5440 3359 5492 illam
3402 5441 3598 5494 nubem
3631 5437 3869 5510 unquam
3908 5445 3963 5496 in

2406 5510 2663 5579 tenebris,
2699 5508 2791 5563 sed
2819 5524 3031 5577 semper
3081 5509 3134 5562 in
3173 5509 3308 5572 luce,
3335 5511 3436 5563 nisi
3473 5508 3746 5579 nunquam
3793 5512 3966 5566 fuisse

2404 5578 2696 5650 involutam
2730 5587 2969 5647 peccato,
2997 5594 3090 5646 per
3115 5580 3258 5648 quod
3280 5581 3515 5635 tenebrae
3549 5578 3968 5650 signiﬁcantur!

2404 5649 2541 5713 Quid
2573 5649 2660 5702 hic
2709 5650 2904 5702 dicturi
2929 5662 3066 5722 sunt
3090 5651 3440 5722 quantumvis
3491 5649 3784 5722 ingeniosi,
3811 5661 3864 5707 et
3896 5654 3964 5708 ad

2403 5727 2704 5776 commenta
2734 5720 2979 5788 copiosi?
3003 5718 3094 5775 Sic
3119 5719 3468 5776 Cutharinus.
