4180 6450
243 399 381 464 1309

1701 414 2060 479 MARIALE.

3337 425 3473 495 1310

322 511 625 565 ’Δνάτειλόν
652 529 763 582 μοι,
801 515 1083 580 Δέσποινα,
1109 517 1302 571 ἀκτῖνα
1333 519 1425 572 τοῦ
1469 520 1649 585 ἐλέους
1676 540 1785 588 σου1

1972 527 2114 582 Oriri
2148 526 2247 595 fac,
2291 546 2325 585 ο
2354 528 2581 586 Domina
2619 531 2802 603 Virgo,
2834 533 3045 588 radium
3078 535 3466 594 misericordia:

236 599 315 669 τῷ
345 603 403 652 ὲν
428 602 505 671 τῷ
531 602 712 655 σκότει
741 603 849 656 τῶν
893 606 1252 676 πταισμάτων
1276 610 1599 682 ὑπάρχοντι,
1655 613 1805 683 Παρ-

238 691 380 754 θένε,
403 692 494 745 καὶ
534 693 669 762 πρὸς
697 693 813 762 φῶς
846 695 1108 766 ὀδήγησον
1131 701 1438 769 μετανοίας,
1464 702 1699 773 ἄχραντε
1722 705 1809 757 ἶνα

236 782 421 835 πίστει
450 800 509 837 σε
542 785 721 853 ὕμνῶ.

304 875 418 945 Τὴν
444 876 703 946 καλλονὴν
732 878 1016 950 ἠγάπησεν
1041 881 1171 944 Θεός
1191 899 1249 935 σε
1279 883 1372 937 τοῦ
1414 884 1623 949 Ἰακὼϐ,
1658 888 1807 955 Παρ-

236 963 356 1017 θένε
392 967 565 1036 Κόρη,
608 968 1059 1034 ὲπικαλλωπίζων
1116 972 1323 1039 πάντας
1378 976 1464 1029 διὰ
1487 976 1581 1029 σοῦ
1627 978 1806 1048 ἀμαυ-

234 1056 507 1126 ρωθέντας
529 1060 837 1130 παμσάσει
871 1062 930 1116 τὸ
954 1065 1238 1135 πρότερον.

303 1166 549 1235 Παναγία
568 1168 828 1239 Παρθένε,
864 1173 896 1240 ἡ
922 1173 1223 1242 προστασία
1276 1174 1311 1227 ἁ
1334 1173 1550 1228 πάντων
1574 1174 1681 1228 τῶν
1711 1194 1804 1229 πι-

234 1255 401 1317 στῶν,
433 1259 721 1330 πρόστηθι,
740 1260 901 1331 ῥῦσαί
933 1280 1000 1327 με
1041 1265 1269 1333 ἀπειλῆς
1315 1266 1408 1319 καὶ
1438 1268 1661 1328 σκότους
1708 1267 1803 1322 τοῦ

230 1348 462 1416 φρικτοῦ
494 1353 779 1421 κριτηρίου
803 1353 859 1405 ὲν
888 1352 1006 1426 ὥρα
1040 1355 1140 1425 τῆς
1168 1356 1420 1425 κρίσεως,
1476 1358 1562 1411 ἵνα
1614 1359 1797 1412 πίστει

228 1440 315 1492 ἀεὶ
342 1441 372 1493 ὖ
381 1442 499 1509 μνῶ
530 1460 612 1497 σε.

295 1549 481 1619 Νόμου
508 1551 870 1624 δωτρανωσαν
892 1555 1097 1619 εἰκόνες
1132 1555 1231 1626 τὴν
1285 1557 1384 1626 σὴν
1406 1558 1639 1629 φρικτὴν
1700 1557 1791 1610 λο-

226 1640 402 1710 χείαν,
424 1642 831 1715 Θεονύμφευτεν,
866 1640 941 1701 ὧν
964 1648 1059 1712 τὰς
1083 1648 1335 1714 ἐκϐάσεις
1358 1652 1518 1720 ἡμεῖς
1549 1651 1645 1704 νῦν
1663 1652 1797 1706 καθ·

222 1732 480 1802 ορῶντες,
499 1735 783 1805 Δέσποινα,
800 1738 1035 1804 ἐπαξίως
1054 1756 1112 1792 σε
1137 1740 1453 1811 δοξάζομεν.

1911 629 2034 679 ture.
2067 619 2216 683 mihi.
2255 622 2348 690 qui
2382 622 2433 676 in
2471 632 2813 691 peccatorum
2845 638 3089 679 meorum
3121 626 3357 681 tenebris
3388 627 3469 696 ja-

1910 722 2034 770 ceo;
2063 717 2115 762 et
2144 710 2211 763 ad
2236 712 2416 765 lumen
2449 714 2781 781 paenitentia:
2809 714 2982 770 deduc
3011 730 3115 779 me,
3134 730 3167 768 ο
3194 717 3467 785 inviolata,

1909 806 1966 849 nt
1988 813 2108 851 cum
2138 799 2238 855 fide.
2264 802 2563 856 collaudem
2596 813 2668 858 te.

1979 888 2053 942 Te
2086 894 2315 960 speciem
2357 890 2522 947 Jacoh
2565 894 2705 949 Deus
2744 895 2948 958 dilexit.
2998 913 3030 952 ο
3063 898 3229 970 Virgo
3263 901 3464 969 puella.

1906 979 1998 1050 qui
2038 993 2260 1036 exornat
2303 984 2698 1051 pulchritudine
2736 1003 2799 1042 ac
2836 987 3041 1056 fulgore
3071 1007 3165 1060 per
3200 1002 3250 1046 te
3275 1010 3467 1050 omnes

1904 1072 1992 1140 qui
2029 1074 2177 1140 prius
2212 1074 2418 1143 peccati
2456 1076 2733 1145 nigredine
2767 1078 2982 1133 fuerant
3017 1082 3326 1137 deformati.

1967 1178 2130 1251 Virgo
2161 1182 2528 1247 sanctissima,
2553 1186 2863 1253 prmsidinm
2900 1186 3142 1241 omnium
3176 1188 3412 1243 fidelium
3448 1206 3464 1244 :

1903 1279 2021 1323 esto
2052 1270 2183 1325 mihi
2214 1271 2520 1337 pratsidium
2547 1281 2606 1325 ut
2633 1272 2827 1329 liberes
2859 1290 2942 1329 me
2971 1290 3000 1329 a
3032 1276 3214 1338 minis.
3243 1288 3294 1331 et
3317 1288 3466 1331 tene-

1903 1359 2015 1414 bris
2040 1360 2301 1415 tremendi
2332 1377 2626 1418 consessus
2652 1363 2705 1417 in
2740 1364 2874 1419 hora
2902 1366 3118 1435 judicii,
3156 1376 3213 1421 ut
3252 1383 3464 1437 semper

1903 1462 1955 1510 te
1979 1470 2101 1509 cum
2128 1453 2232 1508 fide
2260 1455 2584 1509 collaudem.

1975 1567 2132 1634 Legis
2166 1565 2430 1634 imagines
2463 1567 2829 1620 venerandum
2868 1574 3084 1636 partum
3118 1574 3273 1621 tuum
3301 1570 3467 1623 mani-

1898 1660 2038 1715 feste
2063 1665 2476 1724 expresserunt,
2504 1672 2537 1711 ο
2570 1655 2779 1725 Sponsa
2815 1656 2935 1723 Dei;
2968 1674 3201 1726 quarum
3235 1671 3461 1714 eventus

1899 1763 2002 1803 nos
2032 1763 2174 1802 nunc
2202 1748 2497 1811 intuentes,
2531 1762 2629 1818 pro
2657 1746 2852 1801 merito
2884 1756 2955 1813 te,
2987 1746 3235 1814 Domina,
3262 1749 3461 1820 glorifi-

1899 1855 2108 1895 (33111115.

290 1916 397 1969 Τὸν
421 1916 645 1989 Σωτῆρα
674 1920 768 1975 καὶ
805 1921 957 1987 Θεὸν,
994 1923 1089 1978 καὶ
1118 1924 1433 1996 Λυτρωτὴν,
1458 1930 1551 1981 καὶ.
1585 1930 1785 1983 Δεσπό-

1967 1932 2299 1985 Salvatorcm
2326 1946 2387 1986 ac
2413 1930 2576 1985 Deum
2597 1973 2612 1994 .
2632 1931 3048 2001 Redemptorem
3083 1946 3147 1985 ac
3168 1931 3458 1992 Dominum

221 2021 318 2073 την
351 2008 513 2075 σαρκὶ
537 2009 791 2076 τεκοῦσα,
824 2014 1067 2082 πάναγνε
1093 2017 1381 2080 Δέσποινα,
1426 2018 1612 2071 τοῦτον
1670 2020 1779 2082 ἀεὶ,

221 2097 479 2166 ἇχραντε,
511 2098 771 2164 δυσώπει,
811 2104 957 2167 ὅπως
992 2104 1144 2159 λύσιν
1169 2106 1277 2159 τῶν
1296 2106 1485 2160 δεινῶν
1543 2111 1637 2163 καὶ
1668 2111 1795 2162 πολ-

220 2187 326 2241 λῶν
355 2190 640 2263 ἁμαρτιῶν
692 2194 791 2265 τὴν
847 2196 1039 2264 ἄφεσιν
1097 2197 1349 2263 λαϐόντες
1393 2201 1793 2273 ὑμνολογοῦμεν

218 2277 381 2334 αὑτοῦ
406 2284 531 2346 τοὺς
571 2284 712 2356 ὑπὲρ
732 2285 856 2340 νοῦν
886 2289 1219 2361 οίκτιρμούς-

286 2580 620 2655 ’Δπαγωγῆς
644 2587 908 2657 πονηρᾶς,
934 2586 1029 2642 καὶ
1054 2589 1353 2660 προνομῆς,
1399 2590 1666 2661 Παρθένε,
1690 2589 1787 2644 καὶ

212 2673 308 2741 τῆς
322 2674 568 2740 δουλείας
584 2676 677 2731 τοῦ
699 2677 993 2750 ἀλάστορος
1020 2682 1145 2744 τοὺς
1160 2682 1380 2745 δούλους
1406 2700 1499 2736 σου
1524 2682 1787 2751 φύλαττε,

210 2764 336 2828 τούς
369 2783 429 2819 σε
460 2768 605 2841 ψυχῇ
633 2772 723 2824 καὶ⁸
745 2770 965 2844 γλώσσῃ
994 2774 1083 2827 ἀεὶ
1109 2774 1547 2843 δοξολογοῦντας.

289 2876 357 2931 Ἦ
385 2879 558 2934 κοιλία
593 2899 711 2946 σου,
743 2885 1075 2955 πανάμωμε,
1100 2885 1337 2956 θημονία
1392 2886 1601 2957 σεπτῆς
1644 2886 1780 2941 ἄλω-

210 2988 296 3030 νος
325 2972 543 3043 ἐδείχθη
579 2974 769 3046 κόσμῳ
804 2978 948 3029 σῖτον
1004 2977 1246 3048 φέρουσα
1298 2978 1446 3047 ζωῆς
1502 2978 1593 3031 τὸν
1647 2978 1775 3045 τρέ-

210 3079 381 3129 φοντα
405 3063 475 3116 τὰ
503 3064 681 3119 πάντα
715 3082 732 3097 ·
756 3066 838 3119 διό
872 3085 928 3121 σε
956 3072 1031 3131 ὡς
1061 3069 1239 3121 αἰτίαν
1266 3070 1520 3125 ἁπάντων
1554 3067 1660 3123 τῶν
1686 3086 1785 3122 κα-

208 3149 314 3206 λῶν
331 3154 389 3207 οι
422 3156 600 3209 πιστοὶ
632 3155 936 3227 συμφώνως
952 3158 1318 3229 ἀνυμνοῦμεν.

306 3354 381 3418 Ως
409 3356 563 3427 πηγὴ
613 3356 714 3428 τῆς
744 3358 901 3428 ἡμῶν
916 3359 1291 3427 άναπλάσεως,
1330 3362 1683 3432 συντριϐέντα
1715 3380 1781 3431 με

208 3445 326 3499 ὅλον
348 3447 664 3502 ἀνάπλασον
693 3452 815 3514 ταῖς
839 3451 1167 3520 προσϐολαῐς
1218 3452 1312 3506 τοῦ
1381 3454 1578 3521 ὄφεως,
1630 3456 1780 3518 ὅπως

206 3536 387 3590 πίστει
408 3537 505 3591 καὶ
522 3538 672 3609 πόθῳ
694 3557 752 3593 σε
778 3540 1089 3611 μακαρίζω,
1115 3541 1345 3596 Θεοτόκε
1370 3543 1611 3614 Παρθὲνε
1634 3560 1775 3597 παν-

209 3628 415 3700 ύμνητε
427 3669 444 3685 .

275 3739 550 3808 Φιλάγαθε
600 3738 773 3813 Κόρη,
802 3742 893 3795 τὸν
958 3742 1260 3813 φιλάγαθον
1312 3742 1447 3797 Θεὸν
1497 3745 1772 3814 κυήσασα,

208 3831 500 3899 ἀγάθυνον,
527 3832 633 3903 βοῶ
675 3851 778 3897 σοι,
810 3835 1209 3905 κεκακωμένην
1247 3836 1436 3899 δεινῶς
1478 3838 1571 3890 καὶ
1588 3837 1778 3890 ἀθλίαν

209 3938 308 3988 μου
339 3923 521 3994 ψυχὴν
561 3924 675 3988 τοῖς
716 3924 913 3978 πάθεσι
944 3926 1038 3980 καὶ
1084 3928 1202 3989 ταῖς
1255 3929 1518 3997 πονηραῖς
1561 3928 1778 3981 επιϐου-

204 4013 315 4079 λαῖς
348 4015 448 4069 τοῦ
509 4016 734 4086 πλάνου,
780 4018 867 4073 ἵνα
919 4019 1102 4073 πίστει
1135 4035 1194 4073 σε
1242 4020 1397 4090 ὑμνῶ
1439 4020 1539 4091 τὴν
1585 4020 1776 4075 ἐλπίδα

204 4108 445 4163 πάντων.

267 4291 572 4362 Φιλάγαθον
593 4292 793 4360 τέξασα
815 4293 966 4359 Θεὸν,
990 4294 1255 4364 φιλάγαθε
1296 4294 1546 4360 Θεοτόκε,
1587 4294 1774 4348 τοῦτον

200 4386 419 4456 αἴτησαι
443 4385 622 4457 πάσης
648 4403 715 4457 με
746 4385 1013 4457 ῥύσασθαι
1046 4388 1264 4455 κακίας,
1292 4388 1387 4441 καὶ
1408 4386 1597 4441 τοῦτον
1624 4404 1774 4458 καρ-

1895 2038 2017 2078 cum
2049 2024 2103 2078 in
2134 2038 2297 2078 carne
2340 2026 2630 2093 pepereris,
2677 2039 2711 2078 ο
2760 2024 2988 2079 Domina
3041 2026 3337 2096 purissima
3405 2039 3460 2082 et

1895 2116 2230 2183 castissima;
2274 2118 2523 2172 eumdem
2567 2118 2781 2173 assidue
2811 2134 3029 2187 precare
3064 2135 3160 2188 pro
3188 2120 3365 2182 nobis.
3400 2132 3460 2174 ιιι

1896 2207 2161 2261 malorum
2193 2207 2521 2274 cessatione,
2553 2210 2958 2279 multorumque
3001 2221 3344 2277 peccatorum
3375 2210 3461 2264 in-

1893 2298 2169 2369 dulgentia
2225 2300 2533 2368 impetrata,
2580 2300 2821 2367 ejusdem
2876 2304 3279 2365 miserationes.
3320 2317 3458 2371 quas

1895 2392 2040 2445 nulla
2087 2406 2244 2447 mens
2286 2392 2747 2462 comprehendere
2774 2395 2937 2464 270
2968 2404 3165 2465 potest.
3206 2394 3458 2450 laudibus

1890 2480 2202 2536 eﬂ'eramus.

1962 2592 2005 2644 Α
2034 2592 2346 2661 captivitate
2384 2595 2546 2656 mala.
2600 2610 2629 2648 a
2670 2596 3068 2665 deprmdatione
3098 2611 3161 2650 ac
3196 2597 3457 2652 servitute

1892 2682 2254 2736 crudelissimi
2283 2682 2450 2737 hostis
2472 2685 2681 2738 custodi
2710 2700 2897 2740 servos
2925 2693 3071 2749 tuos.
3094 2702 3128 2742 ο
3152 2685 3337 2756 Virgo,
3360 2688 3455 2756 qui

1891 2782 1943 2827 te
1968 2774 2131 2827 corde
2158 2781 2212 2827 et
2236 2787 2331 2826 ore
2364 2788 2579 2842 semper
2607 2771 2935 2843 gloriﬁcant.

1959 2880 2163 2939 Venter
2198 2896 2345 2946 tuus,
2402 2897 2436 2937 ο
2495 2884 2880 2948 mundissima,
2946 2885 3267 2939 veneranda:
3315 2900 3455 2939 areze

1888 2990 2119 3031 acervus
2152 2976 2328 3030 factus
2350 2987 2433 3032 est
2451 2978 2676 3040 mundo,
2704 2977 2936 3032 atferens
2953 2978 3074 3031 vita:
3104 2992 3318 3046 panem,
3342 2993 3454 3046 quo

1888 3067 2205 3121 nutriuntur
2226 3068 2481 3123 universa
2505 3085 2516 3121 :
2552 3078 2839 3138 prepterea
2861 3078 2911 3123 te
2945 3079 3205 3141 tanquam
3228 3084 3451 3123 causam

1888 3160 2131 3214 omnium
2182 3161 2445 3221 bonorum
2494 3177 2596 3217 nos
2637 3162 2819 3217 lideles
2868 3162 3123 3216 concordi
3172 3176 3300 3215 voce
3334 3162 3450 3215 lan-

1807 3242 1848 3298 (ἶ
1882 3252 2101 3308 damus.

1961 3358 2242 3428 Tanquam
2287 3358 2407 3415 fons
2446 3358 2852 3415 reformationis
2892 3372 3112 3429 nostrae,
3153 3380 3240 3417 me
3276 3372 3446 3418 totum

1887 3449 2157 3518 serpentis
2194 3450 2395 3503 ictibus
2423 3451 2716 3504 contritum
2753 3453 2984 3503 reforma
3014 3465 3076 3505 ac
3116 3451 3444 3522 redintrgi-a,

1886 3553 1945 3596 nt
1978 3558 2100 3595 cum
2146 3542 2250 3597 fide
2297 3551 2352 3597 et
2393 3542 2586 3597 alfectu
2642 3552 2694 3597 te
2755 3543 3079 3609 bealiﬁccm,
3118 3560 3152 3600 ο
3219 3544 3447 3616 Deipara

1884 3634 2045 3703 Virgo
2069 3633 2215 3687 omni
2247 3633 2403 3687 laude
2426 3634 2742 3704 dignissima
2774 3634 2906 3703 (23).

1950 3742 1995 3797 Ο
2028 3742 2208 3798 Puella
2239 3744 2505 3798 bonorum
2531 3746 2784 3809 amatrix,
2811 3761 2931 3815 qnze
2950 3756 3249 3804 amatorem
3275 3751 3443 3806 hono-

1879 3851 1998 3889 rum
2033 3833 2198 3889 Deum
2237 3837 2525 3905 peperisti;
2553 3838 2617 3890 ad
2664 3847 2714 3892 te
2743 3839 2961 3894 clamo:
2996 3841 3190 3895 bonam
3225 3843 3310 3896 fac
3345 3845 3445 3897 mi-

1879 3924 2163 3977 serabilem
2212 3925 2449 3979 animam
2492 3940 2691 3989 meam.
2742 3929 3108 3994 passionibus.
3153 3934 3441 4000 pravisque

1877 4031 1941 4069 ac
1975 4016 2287 4072 insiodiosis
2309 4018 2611 4073 seductoris
2640 4021 3086 4089 suggestionilins
3104 4025 3441 4091 gravissimis

1878 4108 2035 4163 malis
2081 4107 2334 4163 infectam
2371 4126 2385 4163 :
2424 4119 2481 4163 ut
2528 4120 2580 4164 te
2632 4126 2756 4165 cum
2808 4113 2912 4168 ﬁde
2951 4114 3173 4170 laudare
3211 4117 3438 4185 possim,

1876 4216 2023 4271 spem
2054 4200 2458 4255 universorum.

1944 4290 1988 4346 Ο
2016 4290 2266 4360 Deipara,
2301 4291 2567 4345 bonorum
2593 4292 2792 4353 amica.
2814 4302 2867 4346 et
2899 4295 3164 4349 honorum
3196 4296 3435 4351 amicum

1875 4382 2042 4437 Deum
2067 4382 2247 4447 enixa,
2298 4382 2546 4437 eumdem
2578 4398 2732 4453 roga.
2766 4393 2825 4439 ut
2852 4398 2936 4439 me
2965 4386 3033 4439 ab
3065 4389 3213 4440 omni
3247 4388 3437 4443 liberet
3514 4446 3523 4457 ,

265 4564 378 4627 (Ξὸὶ
409 4560 626 4631 Optime
651 4563 703 4616 in
736 4566 874 4617 hanc
904 4578 1015 4618 rem
1046 4565 1129 4619 vir
1156 4564 1435 4628 piissimus
1479 4573 1532 4618 et
1564 4564 1767 4621 doctis-
1800 4563 1843 4621 D
1871 4572 1973 4622 est.
2004 4562 2213 4631 concipi
2261 4577 2379 4615 sme
2434 4573 2653 4629 peccato
2707 4563 2954 4631 originali
3009 4580 3130 4619 esse
3184 4582 3431 4631 magnam

199 4634 677 4717 mnsnlfopardps
711 4635 776 4688 de
796 4634 1077 4717 Nogarolis
1104 4634 1155 4687 in
1176 4633 1426 4717 Epistola.
1443 4635 1767 4717 dedicatoriq

198 4708 277 4760 sui
312 4704 484 4759 Ol‘licii
510 4704 575 4757 de
606 4703 952 4758 Immaculata
974 4703 1338 4771 Conceptione
1364 4706 1427 4758 ad
1458 4706 1667 4759 Sixtum
1702 4709 1767 4763 IV

199 4777 446 4831 Pontiﬁc.
468 4772 607 4829 Max.
626 4777 752 4828 dum
770 4776 964 4829 ibidem
985 4776 1122 4828 inter
1139 4775 1238 4828 alia
1260 4795 1305 4829 ε(
1320 4777 1503 4829 Nullus
1523 4779 1575 4829 in
1593 4775 1769 4836 Maria:

200 4849 282 4900 lan
307 4849 385 4900 les
420 4860 798 4918 prorumpens.
824 4855 1048 4918 matrem
1072 4861 1193 4918 eam
1214 4846 1355 4918 dicet
1384 4847 1474 4899 Dei
1500 4848 1767 4918 simulque

199 4919 474 4986 quondam
521 4914 682 4971 filiani
717 4914 884 4970 fuisse
912 4916 1133 4986 diaboli.
1169 4916 1473 4970 Deformem
1529 4914 1766 4985 profecto

200 4985 427 5047 reddidit
461 4988 753 5040 laudatam.
797 4986 937 5040 Num
975 4985 1195 5041 Matrem
1227 4987 1375 5040 dices
1413 4988 1597 5053 gratim
1621 5004 1759 5054 eam,

196 5073 313 5125 qia:
356 5067 518 5111 antea
566 5056 782 5110 inimica
844 5057 1113 5121 largitoris
1159 5056 1624 5126 gratimHngrati,
1655 5076 1759 5114 non

200 5129 469 5181 laudants
500 5138 582 5180 est
614 5128 865 5182 ollieinm.
894 5127 1162 5195 Numquid
1198 5128 1337 5180 viam
1374 5127 1439 5180 ad
1472 5128 1635 5182 vitam
1675 5132 1758 5183 ατς

199 5200 439 5268 tirmabis
475 5213 599 5268 qua:
654 5209 706 5252 et
743 5198 879 5268 ipsa.
909 5199 1233 5267 quandoque
1284 5197 1550 5267 ignoravit
1583 5200 1762 5255 viam?

196 5267 267 5322 Te
301 5284 435 5323 sane
460 5267 769 5323 confundis.
800 5267 1030 5337 Spemne
1061 5269 1417 5337 peccantium,
1445 5278 1496 5321 et
1523 5269 1755 5324 medium

195 5340 257 5392 ad
288 5339 475 5392 omnia
525 5338 757 5409 tollenda
808 5347 1049 5407 peccata.
1080 5354 1200 5406 qure
1246 5348 1537 5409 peccatum
1575 5351 1757 5409 gusta-

196 5410 371 5463 verit?
399 5409 477 5463 Te
521 5408 696 5476 ipsnm
735 5424 763 5461 a
799 5409 1023 5463 Veritate
1070 5410 1304 5463 alienum
1356 5408 1617 5465 ostendis.
1648 5412 1755 5465 Ex-

194 5481 337 5535 tollis
374 5491 430 5534 et
474 5480 754 5547 deprimis.
791 5480 1104 5549 magnificas
1156 5488 1209 5532 et
1255 5479 1559 5546 vilipendis,
1590 5497 1752 5536 sanas

194 5561 244 5603 et
267 5551 525 5618 percutis,
553 5550 779 5618 lripsnm
817 5566 1045 5605 censura
1085 5550 1466 5607 circumvenis.
1504 5550 1751 5605 benedic-

194 5631 300 5673 tam
325 5621 466 5676 dicis
486 5620 572 5674 cui
607 5622 925 5676 maledicere
957 5636 1060 5673 non
1091 5620 1312 5674 desinis.
1340 5618 1610 5690 Visigitnr
1633 5622 1750 5675 Ian-

194 5692 320 5747 d.rc
342 5692 404 5746 Β.
450 5691 721 5760 Virginem
789 5692 974 5745 orbem
1042 5702 1305 5744 terrarum
1349 5691 1749 5747 introeuntmn?

196 5763 272 5814 vis
318 5762 519 5817 festum
570 5762 710 5816 diem
757 5762 1127 5817 constituere?
1178 5760 1281 5814 Eas
1339 5762 1523 5815 laudes
1570 5762 1747 5817 tribue

196 5849 311 5899 qua:
334 5834 686 5900 ignominiam
719 5851 825 5890 non
857 5845 1088 5891 servent.
1118 5854 1135 5884 ι
1170 5832 1326 5888 Certe
1364 5832 1493 5887 nulli
1516 5832 1741 5889 dubium

1876 4632 2080 4686 laudem
2107 4651 2121 4696 ;
2146 4630 2273 4699 ergo
2322 4630 2525 4698 Virgini
2577 4648 2683 4686 non
2736 4630 2814 4685 est
2850 4636 3185 4700 deneganda,
3214 4630 3299 4689 cui
3334 4655 3432 4693 nec

1874 4702 2116 4756 Ecclesia
2146 4702 2435 4757 abstulisse
2452 4704 2664 4757 videtur
2693 4720 2815 4756 cum
2839 4704 2980 4756 illam
3011 4715 3165 4757 vocat
3188 4718 3429 4760 suntnam

1874 4773 1923 4825 in
1960 4774 2329 4839 conceptione.
2352 4774 2511 4827 Aliud
2530 4786 2747 4828 estesse
2762 4773 3167 4842 dignum.aliud
3198 4786 3280 4829 est
3309 4794 3430 4831 esse

1868 4842 2245 4908 dignissimum
2278 4845 2454 4898 laude.
2476 4844 2657 4897 Laude
2685 4844 2880 4911 dignus
2905 4845 3233 4899 sullicienter
3258 4848 3429 4899 extol-

1867 4912 1995 4965 litur
2021 4914 2556 4969 nonnullislandilnts
2590 4916 2661 4967 illi
2689 4916 2903 4967 tributis
2928 4932 2939 4968 :
2960 4916 3048 4981 qui
3072 4932 3198 4967 Vero
3222 4917 3427 4982 dignis-

1867 4983 2039 5037 simus
2057 4994 2135 5036 est
2153 4984 2332 5041 laude.
2352 4994 2586 5037 tueretur
2610 4986 2661 5037 in
2681 4986 2931 5036 omnibus
2955 4985 3182 5043 laudari,
3210 5003 3327 5052 qnze
3350 4988 3423 5039 illi

1865 5068 1971 5105 non
2005 5064 2325 5119 repugnant.
2352 5055 2516 5107 Maria
2532 5070 2658 5122 ergo
2677 5070 2799 5105 cum
2822 5055 2886 5106 sit
2910 5055 3066 5110 laude
3084 5057 3422 5123 dignissima,

1864 5123 1914 5175 in
1941 5125 2196 5177 omnibus
2218 5135 2446 5190 ctsnper
2466 5126 2966 5177 otnncsextollenda
2985 5135 3087 5187 est.
3113 5141 3174 5177 ac
3199 5128 3423 5193 proinde

1860 5195 2021 5246 etiam
2049 5195 2114 5245 de
2142 5196 2509 5262 concrptione.
2535 5193 2645 5247 Iloe
2684 5211 2862 5261 porro,
2898 5195 3169 5262 inquiebat
3203 5198 3420 5249 Emma—

1863 5266 1985 5316 nuel
2008 5263 2336 5333 Palaaoiogns
2359 5266 2667 5330 imperator.
2692 5267 2904 5318 evenire
2923 5266 3177 5318 omnibus
3198 5281 3420 5318 necesse

1859 5343 1963 5397 est.
1995 5336 2085 5403 qni
2113 5334 2347 5401 aliquem
2376 5335 2440 5387 de
2474 5335 2634 5387 Maria
2666 5351 2969 5388 sermonem
3010 5336 3205 5387 haltere
3237 5338 3421 5387 volne-

1859 5406 1985 5460 rint.
2026 5407 2253 5465 alterum
2277 5406 2419 5457 enim
2447 5406 2514 5457 de
2536 5404 2746 5458 duobus
2774 5406 2894 5465 erit.
2917 5406 3138 5457 omnino
3165 5417 3255 5458 ant
3284 5406 3417 5459 nihil

1855 5474 2034 5528 dicere
2049 5474 2114 5527 de
2128 5472 2365 5542 Virgine,
2386 5484 2473 5527 aut
2491 5476 2533 5530 si
2553 5477 2723 5534 diras.
2740 5474 2978 5527 laudare.
3004 5474 3151 5526 Nulla
3172 5475 3316 5528 enim
3338 5491 3417 5527 ta-

1856 5545 1998 5598 tione
2048 5545 2156 5596 iit'l'i
2207 5556 2382 5612 potest
2431 5554 2488 5598 ιιι
2552 5547 2788 5611 loquaris
2833 5545 2899 5598 de
2928 5546 3037 5606 illa,
3066 5554 3117 5596 et
3159 5548 3276 5598 laus
3309 5562 3415 5598 non

1852 5616 1942 5674 sit.
1974 5615 2115 5683 quod
2148 5616 2417 5681 loqueris;
2449 5616 2886 5683 quandoquidem
2914 5624 2968 5667 et
2991 5615 3128 5681 ipsa.
3152 5623 3206 5666 et
3253 5617 3417 5682 quid-

1850 5686 1976 5767 quid
2003 5686 2276 5811 acgipsam
2326 5696 2535 5755 slicCtat
2571 5686 3052 5741 celebratissimam
3088 5686 3250 5740 habet
3296 5686 3415 5755 glo-

1851 5772 2007 5811 riam.
2086 5772 2169 5810 ICI
2217 5772 2266 5810 e.
