4180 6450
754 358 889 425 1311

745 581 872 619 cum
925 567 1052 621 odio
1080 570 1528 642 voluptuosarum
1579 579 1763 634 carnis
1800 585 2141 651 passionum,
2176 600 2234 645 ut
2270 601 2324 648 te

747 657 1228 716 laudabilissimam
1258 664 1477 734 hymnis
1499 670 1773 727 celebrare
1798 677 2026 743 possim.

983 772 1067 823 Ea:
1097 788 1295 827 canone
1338 775 1489 843 feria:
1527 794 1579 833 tv
1618 781 1687 834 ad
1724 781 2078 843 Hatutinum.

820 876 947 933 Post
981 890 1194 949 partum
1243 881 1405 956 Virgo
1449 887 1705 947 inviolata
1754 899 2130 968 permansisti,
2170 903 2321 960 illum

748 968 1094 1026 ineﬂ‘ahiliter
1115 975 1302 1055 enixa,
1324 980 1415 1049 qui
1442 980 1493 1034 in
1512 998 1673 1039 cruce
1687 984 1789 1042 fuit
1811 990 2081 1047 exaltatus
2100 1009 2114 1045 :
2134 1011 2323 1065 quam-

749 1061 937 1115 obrem
975 1078 1073 1117 nos
1106 1064 1291 1123 ﬁdeles
1337 1085 1528 1127 omnes
1561 1082 1632 1138 te,
1677 1090 1710 1131 ο
1743 1078 2116 1159 innnaculata,
2151 1061 2319 1159 imag-

749 1154 835 1206 nis
865 1154 1095 1211 vocibus
1119 1160 1335 1213 ineatam
1372 1179 1776 1237 nuncupamus.

812 1244 963 1314 Agna
984 1247 1357 1318 immaculata,
1380 1256 1570 1313 videns
1601 1269 1671 1327 te,
1690 1261 1934 1329 Domine,
1955 1265 2007 1321 in
2026 1282 2186 1324 cruce
2216 1270 2325 1325 cle-

746 1345 957 1403 vatum,
987 1354 1110 1393 cum
1148 1343 1334 1401 dolore
1359 1345 1540 1415 ﬂebat,
1575 1366 1638 1407 ac
1666 1356 1964 1424 potentiam
1997 1367 2148 1414 tuam
2202 1360 2323 1416 lau-

744 1426 929 1483 dabat.

822 1518 902 1573 Tu
936 1537 1055 1591 qua?
1080 1524 1132 1579 in
1160 1536 1406 1598 tempore
1440 1531 1728 1589 Dominum
1751 1541 2012 1610 temporis
2036 1555 2316 1615 expertem

742 1614 1019 1681 peperisti,
1056 1627 1221 1687 at-luc
1269 1624 1424 1678 unica
1484 1628 1851 1696 virginitatem
1906 1614 2321 1696 immaculatam

744 1708 1069 1775 possedisti;
1121 1712 1312 1768 videns
1361 1718 1617 1773 eumdem
1667 1721 1725 1776 in
1779 1722 1926 1794 ligno
1960 1743 2317 1797 suspensum.

740 1795 977 1851 animam
1013 1810 1162 1856 tuam
1212 1804 1370 1876 271
1407 1807 1687 1865 doloribus
1734 1813 1993 1871 dissecrri
2044 1795 2109 1874 ac
2154 1821 2319 1878 dividi
2352 1850 2398 1910 Β

813 1978 905 2033 llle
926 1981 1016 2050 qui
1041 1982 1193 2038 solus
1216 1984 1397 2042 bonus
1422 1997 1528 2051 est,
1555 2004 1679 2045 cum
1708 1992 1762 2048 in
1793 2003 2006 2052 uterum
2043 2001 2308 2060 immacu-

740 2070 908 2126 latum
935 2083 1225 2131 utcarncm
1254 2080 1581 2150 susciperet,
1611 2084 1891 2156 ingressus
1904 2090 2122 2159 fuisset,
2144 2096 2307 2151 etiam

737 2164 1033 2221 cruciﬁxus
1056 2171 1272 2225 ostendi
1300 2172 1493 2240 voluit,
1522 2183 1582 2229 ut
1623 2192 1725 2234 nos
1754 2193 1785 2233 ι
1836 2182 2143 2251 perditione
2173 2187 2309 2244 libe~

738 2268 796 2308 ra
805 2265 903 2311 ret.

807 2347 989 2405 Clavis
1013 2359 1063 2405 te
1084 2353 1319 2422 papulas
1340 2356 1563 2426 iniquus
1583 2361 1839 2427 conﬁxit;
1858 2373 1911 2418 et
1936 2382 2080 2420 nunc
2099 2366 2308 2424 doloris

737 2438 950 2505 gladius
985 2443 1250 2500 dilacerat
1301 2462 1395 2500 cor
1458 2464 1661 2515 meum,
1693 2466 1727 2507 ο
1759 2454 1987 2510 Creator
2018 2473 2192 2513 metu.
2229 2457 2307 2514 Ita

735 2544 861 2584 cum
881 2531 1135 2604 lacrymis
1156 2534 1317 2606 Virgo
1340 2539 1628 2596 clamabat.

800 2620 942 2678 Cum
970 2623 1248 2681 Christum
1295 2626 1490 2697 Deum,
1533 2632 1628 2701 qui
1675 2632 1729 2688 in
1770 2636 1989 2691 camino
2014 2653 2109 2696 ros
2142 2656 2309 2712 appa-

734 2713 866 2777 ruit,
896 2724 950 2771 et
976 2718 1125 2771 nullo
1150 2723 1312 2777 modo
1342 2724 1648 2782 combussit
1677 2736 1891 2783 uterum
1932 2740 2117 2800 tuum;
2153 2734 2301 2791 vide—

734 2823 843 2872 res,
872 2824 906 2863 ο
935 2809 1140 2876 Puella.
1175 2814 1394 2870 atIixum
1452 2818 1622 2889 ligno.
1656 2820 2125 2893 inexcogitabilem
2159 2827 2307 2885 illius

732 2898 1141 2966 demissionem,
1165 2905 1637 2981 humilitatentquc
1660 2912 2027 2981 glorilicabas.

799 2991 934 3048 Cum
966 2994 1194 3052 Domina
1223 3000 1473 3068 plurimis
1501 3004 1821 3060 celebranda
1850 3006 2127 3075 laudibus,
2155 3009 2309 3065 vidc-

730 3094 813 3139 ret
834 3085 1113 3144 Christum
1145 3091 1489 3159 morientem,
1514 3105 1573 3149 et
1601 3097 1762 3151 simul
1786 3099 2143 3166 perimentem
2211 3104 2309 3158 ho-

732 3184 877 3228 stem
908 3176 1061 3231 illum
1095 3182 1187 3249 qui
1222 3181 1471 3235 homines
1492 3185 1800 3253 occidebat;
1830 3197 2088 3258 tanquam
2117 3190 2304 3247 Domi-
2332 3217 2377 3277 ρ

731 3282 860 3320 num
894 3282 1019 3323 cum
1043 3270 1299 3341 lacrymis
1330 3273 1476 3327 illum
1511 3275 1801 3330 laudabat:
1837 3292 1902 3333 ac
1929 3279 2307 3350 longanimita-

733 3369 838 3413 tcm
867 3359 1011 3416 illius
1036 3371 1088 3415 ct
1112 3364 1426 3432 patientiam
1458 3366 1745 3435 admirata,
1772 3369 2080 3429 clamabat:
2108 3372 2303 3431 Omnia

729 3467 921 3521 opera,
957 3454 1175 3511 laudate
1204 3456 1517 3513 Dominum.

808 3544 1079 3613 lllumina,
1116 3547 1278 3619 Virgo
1305 3560 1477 3616 casta,
1510 3553 1748 3608 animam
1783 3570 1957 3609 meam
1991 3558 2194 3626 peccati
2231 3568 2304 3616 te-

730 3635 913 3690 nebris
933 3638 1231 3692 involutam
1254 3659 1265 3693 :
1287 3641 1524 3695 dissolve
1548 3643 1729 3697 nubila
1751 3645 2016 3701 malorum
2034 3663 2299 3714 meorum,

727 3740 761 3777 o
793 3726 964 3782 nubes
986 3728 1146 3793 lucis,
1170 3745 1290 3798 quae
1321 3732 1448 3785 olim
1477 3734 1647 3788 solem
1679 3736 2090 3792 obtcncbratum
2117 3740 2301 3798 vidisti

727 3816 856 3870 dum
897 3818 1312 3889 crucifigeretur
1347 3821 1437 3877 ille
1469 3823 1561 3893 qui
1592 3835 1677 3880 est
1705 3824 2051 3884 immortalis.

1010 3938 1097 3993 Ea:
1122 3957 1320 3996 canone
1341 3944 1488 4013 feria:
1514 3960 1544 3996 ν
1572 3947 1640 3998 ad
1674 3944 2023 4003 Matutinum.

795 4067 840 4124 Ο
872 4068 1059 4141 Virgo,
1093 4085 1213 4139 quae
1263 4087 1479 4140 semper
1517 4073 1710 4143 vigilas
1760 4075 2149 4132 intercedendo
2196 4094 2299 4148 pro

724 4161 886 4216 nobis
922 4179 933 4214 :
967 4162 1163 4216 anima:
1182 4171 1380 4217 nostra?
1403 4165 1685 4233 passiones
1715 4180 1912 4235 sopore
1941 4170 2190 4237 opprime
2211 4184 2300 4223 sa-

716 4250 833 4304 cris
862 4251 1114 4319 precibus
1146 4254 1276 4314 tuis,
1296 4252 1535 4307 divinam
1566 4264 1619 4309 ct
1642 4256 1937 4311 salutarem
1960 4258 2296 4329 vigilantiam

718 4340 993 4412 elargiens
1020 4343 1201 4409 nobis,
1219 4359 1323 4415 qua
1342 4345 1522 4399 divina
1543 4347 1739 4415 placita
1759 4349 1976 4417 explere
1996 4351 2295 4419 possimus.

797 4456 875 4509 Te
917 4454 1253 4523 prtesidium,
1296 4455 1460 4524 Virgo
1492 4459 1857 4522 sanctissima,
1900 4463 2292 4529 possidemus:

1887 382 1946 442 S.
1989 384 2301 448 JOSEPHI
2344 392 2906 459 ΙΙΥΜΝΟΟΠᾹΙἮΙ

745 473 977 539 malitia,
1015 484 1071 530 et
1111 485 1172 532 ut
1208 493 1306 537 cor
1339 496 1518 535 meum
1570 482 1716 539 illius
1751 502 1940 547 amore
1986 496 2320 563 vulneretur,
2358 494 2407 552 A
2432 505 2624 561 διῶσαι
2676 508 2755 581 τῷ

3868 408 4010 474 1312

2810 510 2973 580 ἔρωτι
3007 516 3208 585 σαρκὸς
3263 517 3599 588 ἡδυπαθείας
3669 525 4004 595 μισήσαντα,

2427 600 2573 662 ὃπως
2601 602 2754 677 ᾥμνῶ
2771 620 2831 658 σε
2853 606 2953 673 τὴν
2982 608 3351 681 πανύμνητον.

2426 817 2530 874 Ἐκ
2563 821 2667 879 τοῦ
2699 824 2958 892 κανόνος
2986 826 3095 897 τῆς
3141 832 3429 904 τετάρτης
3466 837 3555 903 είς
3596 837 3704 893 τόν
3732 842 4001 912 Ὄρθρον.

2497 913 2771 987 Παρθένος
2809 919 2947 986 μετὰ
2988 920 3079 975 τὸν
3108 922 3265 979 τόκον
3293 927 3528 997 ἄφθορος
3557 928 3996 1001 διαμεμένηκας,

2424 1003 2515 1056 τὸν
2575 1004 2876 1075 ὗψωθέντα,
2909 1011 3165 1082 ἄχραντε,
3198 1019 3414 1089 σταυρῷ
3467 1021 3607 1093 ὑπὲρ
3665 1024 3824 1094 λόγον
3855 1031 4002 1099 χυή-
4073 1066 4083 1078 .

2426 1113 2564 1149 σασα
2593 1116 2607 1129 ·
2662 1101 2784 1154 ὅθεν
2831 1103 3011 1157 πιστοί
3066 1123 3126 1159 σε
3182 1108 3421 1175 ἅπαντες
3454 1116 3863 1187 μεταλοφὼνως
3889 1138 4000 1191 μα-

2425 1188 2743 1260 καρίζομεν.
3556 1242 3557 1245 η

2509 1281 2573 1336 Ἠ
2610 1283 2840 1355 ἄμωμός
2892 1306 2952 1343 σε
3009 1290 3188 1363 ἀμνὰς
3246 1295 3619 1368 ἀναμιχθέντα
3664 1302 3721 1355 ἐν
3780 1305 4003 1375 σταυρῷ

2424 1370 2716 1443 βλέπουσα,
2751 1379 3043 1453 ὀδυνηρῶς,
3076 1384 3342 1456 Δέσποτα,
3382 1388 3622 1458 ἔκλαιεν,
3652 1393 3897 1465 ὑμνοῦσα

2420 1470 2624 1537 ’κράτος
2654 1489 2768 1529 σου.

2507 1561 2571 1614 Ἦ
2602 1564 2694 1616 τὸν
2713 1564 2937 1636 ἄχρονον
2967 1569 3025 1622 ὲν
3044 1572 3222 1643 χρόνῳ
3243 1574 3588 1633 ἀποτεκοῦσα
3640 1582 3737 1634 καὶ
3789 1584 4001 1653 παρθε-

2425 1650 2544 1705 νίαν
2569 1654 2795 1728 ἄμωμον
2826 1660 2857 1727 ἡ
2885 1661 3022 1734 μόνη
3052 1668 3385 1739 κεκτημένη,
3434 1669 3578 1742 ξύλῳ
3606 1650 3991 1745 ἀναρτηθέντα

2423 1744 2497 1807 ὡς
2542 1746 2712 1815 ἔγνως
2762 1751 2852 1806 τδν
2904 1753 3129 1826 Κύριον,
3186 1760 3495 1835 πόνοιςτὴν
3540 1764 3717 1837 ψυχὴν
3761 1767 4003 1838 κατεμι-

2430 1838 2598 1909 ριζες.

2500 2024 2561 2084 Ὀ
2588 2027 2746 2096 μόνος
2772 2028 2973 2099 ἀγαθὸς
2997 2032 3200 2099 ὑποδὺς
3235 2038 3447 2107 μήτραν
3488 2039 3726 2111 ἄφθορον
3760 2044 4003 2113 σαρκοῦ-

2420 2135 2579 2188 μενος
2610 2120 2922 2192 καθωράθη,
2964 2126 3059 2180 καὶ
3112 2130 3532 2201 σταυροὺμενος,
3581 2134 3730 2200 ὅπως
3793 2137 4006 2208 φθορᾶς

2416 2212 2563 2282 ἡμᾶς
2590 2213 2950 2287 λυτρώσηται.

2488 2398 2678 2462 Ἥλοις
2703 2417 2760 2453 σε
2794 2403 2822 2455 ὁ
2851 2403 3164 2475 παράνομος
3188 2406 3362 2477 δῆμος
3389 2412 3729 2483 προσήλωσε,
3759 2416 3855 2469 καὶ
3901 2416 4001 2471 λῦ-

2416 2508 2525 2560 πης
2553 2491 2649 2547 νῦν
2676 2495 2741 2565 τῇ
2770 2497 3014 2569 ῥομφαία
3035 2499 3135 2568 τὴν
3159 2500 3297 2571 ἐμὴν
3327 2505 3557 2574 καρδίαν
3592 2510 4001 2583 σπαράττομαι,

2411 2577 2459 2637 ὦ
2485 2584 2688 2656 Ποιητά
2716 2605 2841 2657 μου,
2864 2586 3193 2661 ήΠαρθένος
3212 2594 3340 2648 ὲὸόα
3364 2596 3695 2667 δακρύουσα.

2485 2677 2591 2732 Τδν
2619 2681 2676 2733 ἐν
2704 2680 2917 2753 καμίνῳ
2937 2682 3125 2753 δρόσον
3149 2683 3383 2754 ὀφθέντα
3412 2690 3646 2759 Χριστὸν
3697 2693 3790 2748 τὸν
3837 2694 3998 2761 Θεὸν,

2417 2772 2588 2843 Κόρη,
2620 2774 2885 2847 μηδαμῶς
2904 2777 2962 2831 δὲ
2986 2777 3257 2846 φλέξαντα
3279 2782 3379 2852 τὴν
3399 2784 3562 2853 νηδὺν
3590 2787 3693 2856 τὴν
3730 2789 3853 2860 σήνθ
3881 2787 4002 2859 βλέ-

2415 2881 2591 2922 ⁶ιτουσα
2635 2867 2743 2938 γὰρ
2808 2871 3154 2940 κρεμάμενον
3208 2873 3354 2947 ξύλῳ
3403 2876 3652 2945 ὲδόξαζες
3681 2880 3783 2951 τὴν
3850 2882 3997 2955 ὑπὲρ

2414 2957 2539 3012 νοῦν
2568 2959 2734 3013 αὑτοῦ
2757 2962 3190 3030 συγκαταϐασιν.

2482 3051 2865 3124 Νεκρούμενον
2896 3055 3168 3127 βλέπουσα
3198 3060 3453 3129 Χριστὸν,
3512 3061 3609 3115 καὶ
3650 3064 3743 3117 τὸν
3783 3066 3998 3137 νεκρὼ-

2418 3160 2586 3198 σαντα
2639 3146 2864 3216 βροτοὺς
2915 3149 3218 3219 νεκροῦντα
3277 3153 3494 3224 ἐχθρὸν,
3552 3156 3587 3225 ἠ
3646 3156 4002 3229 πολύμνητος

2408 3235 2672 3289 Δέσποινα
2698 3238 2772 3301 ὡς
2797 3240 3073 3310 Δεσπότην
3112 3242 3274 3313 ὑμνεῖ
3306 3243 3589 3304 κλαίουσα,
3624 3249 3718 3301 καὶ
3770 3248 3834 3301 τὸ
3891 3267 3999 3319 μα-

2408 3327 2681 3399 κρόθυμον
2701 3330 2864 3386 αὐτοῦ
2910 3332 3379 3406 ἀποθαυμάζουσα
3422 3337 3628 3394 ,ἀνεὸόα
3662 3355 3676 3370 ⁸
3711 3342 3898 3397 Πάντα
3927 3344 3997 3396 τὰ

2402 3419 2566 3490 ἔργα,
2596 3422 2812 3493 ὑμνεῖτε
2827 3422 2919 3479 τὸν
2941 3424 3174 3498 Κύριον.

2475 3605 2732 3672 Φὼτισον,
2764 3606 2923 3678 ἁγνὴ,
2958 3606 3055 3678 τὴν
3078 3606 3258 3680 ψυχήν
3282 3627 3382 3680 μου
3434 3612 3502 3682 τῇ
3562 3612 3809 3687 ἁμαρτίᾳ
3862 3633 3995 3671 σκο-

2406 3696 2696 3759 τισθείσαν,
2746 3696 2906 3751 λῦσον
2938 3697 3049 3753 τῶν
3110 3700 3295 3752 κακῶν
3350 3718 3458 3774 μου
3487 3701 3555 3760 τὰ
3603 3704 3763 3774 νέφη,
3812 3707 3995 3775 φωτὸς

2406 3788 2651 3859 νεφέληὴ
2679 3788 3062 3861 σκπιξόμενον
3106 3792 3258 3863 ἥλιον
3288 3793 3455 3848 πάλαι
3508 3794 3772 3866 βλέψασα,
3797 3798 3858 3850 ὲν
3914 3798 3996 3869 τῷ

2408 3882 2771 3953 σταυροῦσθαι
2804 3883 2894 3937 τὸν
2924 3883 3215 3939 ἀθάνατον.

2419 3991 2518 4044 Ἕκ
2554 3990 2660 4046 τοῦ
2679 3993 2936 4059 κανόνος
2982 3993 3092 4063 τῆς
3122 3993 3400 4064 πέμπτης
3446 3996 3535 4063 είς
3574 3996 3682 4052 τὸν
3709 3998 3991 4067 'Opopor.

2488 4100 2834 4169 Ἀκοὶμητον,
2871 4100 3033 4172 ἁγνὴ,
3076 4103 3393 4172 κεκτημένη
3436 4105 3758 4174 πρεσϐείαν,
3815 4124 3986 4161 κατα-

2404 4190 2673 4260 κοίμησον
2698 4191 2872 4261 »ἡμῶν
2914 4191 2984 4245 τὰ
3020 4192 3167 4263 πάθη
3221 4196 3323 4262 τῆς
3354 4195 3557 4266 ψυχῆς,
3611 4199 3785 4268 ἱεραῖς
3833 4217 3994 4268 μεσι-

2401 4283 2573 4343 τείαις
2619 4299 2737 4346 σου,
2784 4283 2938 4338 θείαν
2970 4285 3064 4339 καὶ
3103 4286 3422 4358 ωτηριώδη
3458 4287 3787 4373 δωρουμένη
3824 4290 3994 4361 ἐγρή-

2402 4388 2591 4441 γορσιν
2614 4371 2748 4442 πρὸς
2775 4372 2912 4425 Θεοῦ
2947 4373 3274 4443 θελημάτων
3308 4371 3692 4447 ἐκπλήρωσιν.

2471 4461 2541 4513 Σὲ
2598 4462 2957 4532 προστασίαν,
3012 4464 3257 4531 παναγία
3326 4465 3591 4535 Παρθένε,
3644 4470 3989 4540 κεκτήμεθα,

721 4557 996 4601 commuta
1030 4546 1082 4600 in
1117 4548 1375 4613 gaudium
1413 4550 1692 4605 tristitiam
1725 4561 1993 4619 nostram,
2034 4562 2088 4609 et
2119 4555 2291 4611 libera

2413 4552 2771 4634 μεταποίησον
2822 4553 2979 4624 ἡμῶν
3020 4555 3106 4618 et;
3153 4556 3437 4627 χαρμονὴν
3494 4557 3594 4628 τὴν
3648 4561 3985 4631 κατήφειαν,

719 4653 821 4692 nos
844 4654 875 4691 a
904 4637 1257 4692 tribulatione
1280 4654 1405 4708 quae
1435 4650 1660 4710 generat
1694 4654 1948 4698 mortem.

794 4730 1075 4783 Exercitus
1104 4731 1417 4797 angelorum
1445 4742 1668 4802 stupore
1700 4737 2087 4805 pcrcellnntur,
2112 4754 2146 4793 o
2204 4755 2295 4796 ca-

2401 4647 2494 4699 καὶ
2524 4645 2758 4716 θλίψεως
2790 4646 3067 4717 λῦτρωσαι
3104 4649 3384 4718 γεννώσης
3407 4649 3656 4705 θάνατον.

2469 4738 2804 4809 Στρατηγίαι
2844 4739 2953 4791 τῶν
3001 4740 3251 4807 ἀγγέλων
3303 4740 3803 4810 καταπλήττονται,
3844 4745 3984 4799 πᾶν·

721 4822 986 4883 stissima,
1037 4822 1252 4891 hymnis
1280 4823 1600 4880 extollentes
1645 4828 2073 4898 magnitudinem
2128 4830 2294 4887 divini

2413 4850 2549 4901 ιγνε,
2596 4832 3059 4903 ἀνυμνολογοῦσαι
3127 4834 3357 4903 μέγεθος
3410 4834 3511 4903 τῆς
3582 4834 3735 4899 θείας
3764 4836 3986 4907 λοχείας

719 4924 909 4983 partus
928 4916 1001 4968 tui
1033 4935 1043 4968 :
1082 4933 1205 4971 cum
1243 4919 1441 4986 quibus
1473 4934 1662 4989 preces
1694 4919 1879 4987 funde,
1902 4938 1935 4976 o
1968 4921 2157 4995 Virgo,
2183 4942 2283 4995 pro

2401 4943 2517 4992 σου,
2550 4925 2667 4997 μεθ’
2713 4919 2788 4980 ὧν
2841 4925 3105 4993 δυσώπει,
3142 4925 3411 4996 Παρθένε.
3447 4928 3655 4991 πάντας
3702 4928 3982 4996 σώζεσθαι

714 5005 896 5059 salute
922 5006 1165 5060 omnium
1194 5009 1354 5077 272
1381 5010 1596 5065 illorum
1615 5011 1708 5080 qui
1732 5019 1782 5065 te
1805 5026 1927 5067 cum
1947 5012 2052 5068 lide
2072 5013 2287 5070 sincera

2413 5018 2519 5083 ιοὺς
2544 5020 2608 5073 γὲν
2630 5020 2812 5101 πίστει
2836 5036 2894 5073 σε
2928 5018 3214 5092 εἰλικρινεῖ
3239 5021 3671 5095 μακαρίζοντας.

719 5097 933 5153 beatam
977 5098 1274 5169 appellant.

787 5197 1255 5254 Intellectualibus
1286 5201 1457 5279 oculis
1486 5202 1705 5258 intuens
1735 5212 1786 5259 te
1814 5202 2000 5268 Isaias.
2034 5222 2066 5262 ο
2098 5205 2290 5279 Virgo,
2332 5240 2337 5247 ~

720 5290 773 5343 in
808 5290 905 5345 has
934 5305 1096 5346 voces
1125 5293 1307 5362 erupit
1336 5310 1349 5346 :
1379 5278 1517 5349 Ecce
1550 5295 1862 5352 nasciturus
1891 5306 1977 5352 est
1992 5297 2152 5356 Jesus
2185 5278 2292 5357 Do-

720 5382 924 5449 minus,
943 5394 1004 5437 ut
1034 5384 1281 5440 homines
1310 5396 1689 5441 renascantur.
1891 5460 1899 5469 θ

795 5474 1033 5544 Populus
1070 5486 1126 5531 et
1168 5477 1362 5535 civitas
1397 5488 1484 5534 tua
1533 5479 1760 5550 supplex
1794 5492 2049 5552 precatur
2096 5493 2149 5541 te
2191 5483 2288 5541 Dei

2468 5200 2690 5272 Νοεροῖς
2728 5204 2838 5267 τοῖς
2866 5202 3097 5274 ὄμμασι,
3144 5204 3408 5275 Παρθένε,
3456 5206 3517 5259 σὲ
3542 5206 3687 5277 ὀρῶν
3745 5208 3983 5273 Ἡσαΐας

2395 5293 2621 5366 ἅναὸοᾷ·
2681 5296 2813 5349 Ἰδοὺ
2883 5296 3068 5367 μέλλει
3117 5298 3401 5354 τίκτεσθαι
3460 5303 3629 5375 κόρης
3688 5303 3981 5369 θεόπαιὸος

2407 5389 2614 5458 Ἰησοῦς
2635 5391 2664 5443 ὁ
2701 5389 2903 5463 Κύριος
2936 5393 3017 5454 εἰς
3046 5392 3349 5462 ἀνθρώπων
3372 5397 3761 5470 ἀναγεννησιν.

2466 5482 2607 5547 Λαός
2640 5500 2733 5536 σου
2760 5484 2919 5555 καὶὴ
2964 5484 3121 5549 πόλις
3164 5485 3409 5541 δυσωπεῖ
3457 5506 3516 5543 σε
3560 5492 3663 5563 τὴν
3695 5495 3790 5549 τοῦ
3838 5498 3978 5555 Θεοῦ

720 5562 969 5620 Matrem.
1000 5564 1198 5622 Libera
1235 5584 1334 5623 nos
1357 5570 1426 5623 ab
1459 5569 1608 5624 omni
1640 5572 1983 5638 necessitate,
2009 5591 2042 5628 ο
2064 5575 2290 5631 Domina

2413 5576 2643 5647 llqtépa,
2696 5576 2880 5642 ἐξελοῦ
2933 5578 3083 5649 ἡμᾶς
3140 5579 3322 5653 nim};
3380 5562 3656 5655 ἀνάγκης,
3714 5590 3813 5645 καὶ
3866 5593 3972 5666 τῆς

717 5660 1091 5729 sanctissima,
1144 5672 1193 5719 et
1245 5662 1313 5718 ab
1360 5673 1559 5718 aeterna
1592 5662 1767 5720 futuri
1823 5667 2008 5721 saeculi
2064 5667 2292 5724 damna-

716 5755 888 5810 tione.

790 5843 999 5904 Somno
1047 5850 1293 5920 opprime
1337 5851 1683 5925 insurgentes
1732 5861 1912 5912 motus
1968 5855 2284 5927 passionum

2391 5669 2531 5733 ἐκεῖ,
2564 5670 2804 5739 παναγία
2831 5670 3120 5739 Δέσποινα,
3159 5673 3384 5728 αἰωνίου
3414 5680 3829 5750 κατακρίσεως.

2465 5857 2745 5930 κοίμησον
2796 5857 3199 5925 ἐπαναστάσεις
3226 5862 3417 5919 παθῶν
3476 5866 3573 5939 τῆς
3615 5870 3758 5942 ἐμῆς
3789 5870 3975 5946 ψυχῆς
