4180 6450
218 424 356 487 1313

1680 430 2041 491 MARIALE.

3308 440 3445 508 1314

215 539 480 609 ἁγρύπνῳ
508 538 688 609 δεήσει
724 556 840 607 σου,
873 540 1014 595 δίδου
1072 559 1165 612 μοι
1208 543 1562 615 ἐγρήγορσιν,
1602 543 1777 613 Κόρη,

1887 542 2079 596 anima:
2110 556 2240 597 mea:
2276 543 2529 615 precibus
2574 555 2682 602 tms
2716 543 2996 618 nunquam
3029 550 3440 609 dormientibus.

215 631 312 699 τῆς
340 629 609 700 ῥᾳθυμίας
631 633 817 702 πόρρω
843 634 933 686 τὸν
969 652 1138 687 νυστα
1153 636 1281 704 [pou
1305 634 1708 689 ἀπελαύνουσι.

287 808 642 877 Συμπαῦείας
669 810 768 879 τῆς
819 811 917 880 σῆς
951 828 1019 879 με
1049 810 1296 875 ἀξῖωσον,
1332 810 1780 879 συμπαθέστατον

1888 633 1959 686 Da
1994 632 2126 687 mihi
2171 635 2529 704 vigilantiam,
2557 651 2590 690 ο
2621 637 2825 703 Puella,
2865 641 3058 708 procul
3085 642 3315 713 abigens
3346 659 3440 699 so-

1881 723 2081 778 cordiae
2112 738 2174 778 ac
2205 727 2439 794 torporis
2467 728 2933 785 dormitationem.

1945 816 2357 886 Compassionis
2391 828 2497 873 tua:
2527 821 2748 888 dignum
2782 837 2871 877 me
2905 822 3009 890 fac,
3054 839 3176 893 qua:
3209 824 3443 882 Verbum

215 900 390 966 Λόγον
422 902 696 971 κυήσασα,
738 901 1080 973 εὐλογημένη
1134 902 1399 974 ΙῙαρθένε,
1432 906 1522 955 καὶ
1554 905 1611 955 ἐν
1662 902 1782 975 ὥρα

1887 925 2095 964 summa
2116 912 2489 980 compassione
2505 911 2788 981 pra-ditem
2805 918 3082 984 peperisti,
3106 935 3140 971 ο
3160 918 3440 975 benedicta

216 990 315 1059 τῆς
348 991 505 1059 δίκης
531 992 799 1063 πρόπηθι
834 993 994 1064 ῥῦσαι
1025 994 1123 1064 τῆς
1155 995 1268 1046 ἐκεῖ
1306 1010 1393 1064 με,
1416 995 1582 1063 ἁγνὴ,
1612 1011 1781 1047 κατα-

220 1080 475 1152 κρίσεως.

288 1172 481 1241 Φωνήν
524 1189 609 1225 σοι
654 1172 751 1226 τοῦ
808 1172 952 1227 Θείου
1006 1172 1242 1244 Γαϋριὴλ
1275 1175 1621 1245 προσάγομεν
1650 1193 1779 1245 χαρ-

219 1262 490 1331 μοσὺνως,
525 1265 619 1317 καὶ
658 1266 1064 1336 κραυγάζομενο
1106 1267 1301 1336 Χαῖρε,
1342 1269 1664 1338 [1αρὰδεισε,
1722 1269 1783 1321 τὸ

217 1354 377 1418 ξύλον
405 1356 465 1408 ὲν
518 1357 670 1425 μέσῳ
713 1355 812 1425 τῆς
844 1355 990 1427 ζωῆς
1049 1358 1186 1427 ἔχων
1221 1359 1454 1412 πάντοτε
1498 1359 1780 1427 περίδοξον

215 1445 312 1497 τοῦ
362 1446 537 1513 Λόγου
568 1446 849 1500 παλάτιον“
891 1447 1074 1519 χαῖρε,
1113 1449 1352 1520 Παροένε
1380 1448 1778 1521 παναμώμητε.

229 1568 327 1622 Ἐκ
350 1571 456 1625 τοῦ
490 1571 747 1640 κανόνος
784 1570 892 1641 τῆς
914 1573 1325 1697 ίξϊιῳαονκευἧς
1371 1576 1460 1642 εὶς
1492 1574 1599 1630 τὸν
1642 1576 1782 1644 ’ορ-

949 1662 1079 1697 oar.

942 1662 1079 1713 'por.

298 1766 592 1836 Ῥομφαία,
626 1767 700 1831 ὡς
727 1767 976 1840 ἔφησενό
1006 1769 1252 1841 Συμεὼν,
1276 1773 1374 1841 τὴν
1409 1772 1639 1843 καρδίαν
1686 1789 1781 1826 σου

1886 1001 2049 1071 Virgo
2081 1001 2416 1069 castissima;
2458 1014 2511 1058 et
2563 1003 2615 1057 in
2649 1004 2780 1058 hora
2809 1006 2999 1075 judicii
3046 1010 3243 1065 assiste
3289 1011 3449 1088 mihi,

1886 1104 1945 1147 ut
1969 1109 2000 1148 a
2039 1096 2229 1147 futurae
2254 1094 2622 1149 damnationis
2650 1097 2917 1151 sententia
2940 1099 3140 1168 eripias
3172 1117 3278 1154 me.

1953 1186 2031 1239 Ad
2066 1196 2115 1240 te
2141 1186 2318 1240 Diviui
2353 1186 2621 1243 Gabrielis
2654 1203 2841 1244 vocem
2872 1205 2997 1244 cum
3018 1194 3220 1259 gaudio
3250 1193 3448 1264 dirigi-

1884 1295 2026 1341 mus.
2060 1283 2397 1337 clamantes:
2437 1284 2545 1338 Ave
2570 1325 2583 1348 ,
2620 1284 2901 1350 Par-adise,
2939 1301 3059 1355 quae
3093 1288 3210 1342 vita:
3238 1289 3447 1359 lignum

1884 1383 2097 1439 semper
2129 1372 2295 1426 habes
2340 1372 2391 1425 in
2449 1374 2624 1428 medio
2672 1376 2771 1430 tui.
2808 1376 2940 1441 Ave,
2988 1377 3441 1446 glorioaissimnm

1891 1460 2043 1516 Verbi
2067 1464 2349 1532 palatium,
2384 1463 2545 1534 Virgo
2568 1468 2715 1520 omni
2743 1466 2901 1522 laude
2927 1469 3270 1538 dignissima.

2129 1590 2214 1645 Ea:
2247 1609 2445 1647 canone
2487 1593 2634 1663 ferite
2667 1612 2717 1651 vi
2752 1597 2821 1650 ad
2852 1595 3200 1653 Matutinum.

1960 1763 2320 1822 Pcrtransivit
2371 1768 2580 1838 gladius
2630 1784 2726 1824 cor
2775 1779 2951 1835 tuum,
2992 1770 3450 1840 quemadmodum

216 1860 456 1932 διῆλθεν,
491 1862 566 1921 ὡς
603 1862 832 1931 ἔϐλεψας
868 1864 1102 1934 Χριστὸν
1158 1866 1559 1936 σταυρούμενον
1598 1866 1780 1935 μόνον,

1887 1862 2212 1931 praedixerat
2244 1860 2485 1923 Simeon,
2519 1878 2552 1917 ο
2587 1865 2842 1932 Domina;
2875 1881 2999 1921 cum
3022 1867 3302 1923 Christum
3326 1884 3454 1923 cru-

219 1954 507 2019 Δέσποινα,
542 1956 863 2026 νυττόμενον
904 1958 971 2027 τῇ
1022 1956 1222 2032 λόγχτγ
1276 1959 1397 2013 ὅθεν
1444 1959 1786 2024 ἀλαλάζουσα

219 2046 418 2110 πόνους
448 2047 743 2119 ὑπέφερες.

298 2137 396 2191 Ἐκ
423 2139 516 2192 σοῦ
550 2141 583 2209 ἡ
615 2140 919 2204 ἁνάπλασις
944 2143 1041 2213 τῆς
1082 2140 1226 2205 Εὔας
1253 2142 1465 2213 ὼράοη.
1519 2144 1782 2218 Παρθένε,

218 2230 438 2300 ἀληθῶς
503 2231 851 2304 Θεδςεσαρκὶ
903 2235 1245 2304 τικτόμενος,
1308 2236 1403 2288 καὶ
1456 2238 1514 2289 ὲν
1566 2238 1785 2309 σταυρῷ

219 2323 544 2394 ὑψούμενος,
582 2324 676 2378 καὶ
703 2327 1063 2398 καταράσσων
1100 2327 1381 2397 δαίμονας,
1424 2328 1783 2399 οεοχαρίτωτε

216 2417 508 2470 Δέσποινα.

298 2509 594 2580 Ῥήγνυται
617 2512 980 2585 χειρόγραφον
1013 2510 1075 2566 rb
1102 2512 1197 2566 τοῦ
1233 2513 1422 2585 Ἀδὰμ,
1453 2514 1622 2586 λόγχῃ
1657 2532 1781 2568 νυτ-

214 2601 447 2670 τομένου
482 2618 598 2666 σου,
631 2605 900 2669 Δέσποτα,
934 2607 965 2675 ἡ
996 2604 1254 2670 Θεοτόκος
1286 2607 1485 2661 ἀνεδόα
1513 2608 1589 2677 τῷ
1621 2624 1785 2660 σταυ-

217 2691 296 2761 ρῷ
320 2697 729 2765 παρισταμένη,
760 2696 953 2767 Κύριε,
986 2698 1080 2751 καὶ
1104 2698 1379 2769 ὀδυνηρῶς
1415 2699 1780 2763 ἀλαλάζουσα.

286 2784 464 2854 Σαρκὶ
495 2786 555 2839 δν
587 2788 825 2857 ὲκύησας
876 2790 1134 2861 Χριστὸν,
1185 2790 1577 2863 Θεοχαριτωτε,
1642 2790 1783 2862 ξύλῳ

213 2876 621 2949 ἀναρτούμενον
669 2880 743 2944 ὡς
777 2876 939 2945 εἶδες,
982 2882 1201 2954 θρήνων
1240 2882 1538 2955 ὲπλήσθης,
1599 2886 1692 2938 καὶ
1722 2884 1783 2937 τὸ

216 2968 575 3039 μακρόουμον
630 2971 824 3024 τούτου
896 2972 1267 3043 κατεπλήττου
1325 2974 1543 3043 ἀληθῶς
1590 2990 1605 3004 ⁶
1659 2975 1784 3029 ὅθεν

214 3058 551 3130 ὲμιγάλυνες
581 3062 681 3135 τὴν
707 3062 873 3119 αὐτοῦ
910 3065 1339 3135 συγκατάσασιν.

284 3339 470 3407 Λιμὴν
500 3336 660 3405 γενοῦ
698 3355 811 3408 μοι,
864 3338 1198 3410 πανάμωμε,
1239 3338 1470 3407 πελάγει
1514 3340 1625 3396 τῶν
1676 3342 1784 3395 δει-

212 3430 320 3483 νῶν
357 3428 763 3495 θαλαττεύοντι,
791 3431 824 3500 ή
852 3432 1239 3501 ναυαγήσασαν
1267 3431 1447 3484 πᾶσαν
1490 3430 1587 3500 τὴν
1623 3431 1785 3500 φύσιν

210 3520 287 3593 τῷ
320 3522 469 3592 τόκῳ
494 3539 610 3588 σου,
638 3522 998 3593 Θεογεννῆτορ
1019 3523 1194 3596 Κόρη,
1222 3522 1317 3578 νῦν
1348 3522 1678 3578 διασώσασα.

281 3706 500 3775 Νύμφη
558 3705 811 3775 ἄμωμος,
879 3703 1140 3759 παλάτιον
1207 3703 1301 3759 τοῦ
1342 3704 1663 3771 κτίσαντος,
1716 3708 1785 3776 γῆ

208 3798 595 3870 ἀγεώργητος,
656 3798 843 3870 θρόνος
930 3798 1274 3871 πυρίμορφος
1332 3797 1595 3868 ἐδείχθης,
1654 3816 1787 3850 πανο

208 3890 421 3960 ἁμωμε
444 3906 461 3922 ο
519 3889 640 3943 ὅθεν
674 3889 882 3960 βοῶμέν
929 3906 1029 3942 σοι·
1066 3890 1261 3960 Χαῖρε,
1285 3889 1572 3953 Δέσποινα,
1606 3890 1641 3959 ἡ
1664 3891 1785 3953 τοὺς

208 3982 442 4053 βροτοὺς
469 3981 722 4036 θεώσασι
752 3982 911 4054 Θεῖκῇ
938 3982 1229 4053 κυοφοριᾳ.

293 4074 505 4128 Ἰδοῦσα
553 4074 879 4129 ὑπνώσαντα
914 4076 972 4127 ἐν
1014 4072 1154 4145 ξύλῳ
1180 4073 1272 4127 τὸν
1305 4074 1469 4129 πᾶσιν
1514 4075 1783 4147 ἐγρήγορ-

206 4182 292 4221 σιν
333 4165 651 4239 παρέχοντα
708 4167 857 4220 θείαν
909 4167 1002 4221 καὶ
1036 4166 1326 4238 σωτήριον,
1350 4166 1546 4239 Μήτηρ
1575 4169 1607 4238 ή
1643 4184 1784 4220 παν-

207 4259 451 4329 άμωμος
510 4257 810 4329 ἀλαλαγμῷ
854 4257 1113 4328 ὠδύρετο,
1150 4259 1245 4311 καὶ
1275 4257 1670 4329 ἁνεκραύγαζε’
1720 4259 1784 4311 Τί

206 4350 376 4403 τοῦτο
427 4349 746 4403 καινότατον
777 4347 995 4420 Baiana;
1023 4349 1051 4402 ὁ
1093 4349 1436 4420 ζωοποιήσας
1473 4349 1542 4403 τὰ
1582 4350 1785 4414 πάντα,

207 4443 447 4516 θνήσκει
474 4442 666 4499 θέλων.

1887 1954 2105 2008 cilixum
2136 1954 2318 2008 vidisti
2368 1955 2543 2008 solum
2576 1955 2761 2011 lancea
2812 1957 3054 2027 perfodi;
3092 1960 3451 2029 quamobrem

1886 2048 2103 2102 dolores
2132 2046 2413 2101 sustinens
2439 2047 2492 2100 in
2530 2049 2762 2117 gemitus
2790 2045 3134 2121 erumpebas.

1956 2138 2035 2192 Ex
2067 2146 2121 2193 te
2158 2137 2474 2193 rcformatio
2502 2139 2624 2196 Eva:
2661 2158 2849 2197 revera
2888 2143 3028 2199 facta
3062 2153 3166 2212 est,
3211 2159 3245 2200 o
3286 2144 3452 2215 Virgo

1891 2229 2115 2286 Domina
2146 2230 2254 2285 Deo
2278 2232 2603 2288 charissima
2632 2252 2645 2288 :
2673 2234 2816 2290 Deus
2838 2236 3041 2291 scilicet
3075 2238 3130 2291 in
3160 2252 3324 2291 carne
3355 2255 3451 2291 ua-

1886 2336 1992 2389 tus,
2023 2333 2076 2377 et
2101 2323 2155 2377 in
2182 2338 2342 2380 cruce
2371 2327 2663 2392 exaltatus,
2691 2329 2781 2399 qui
2815 2329 3088 2385 daemones
3122 2330 3451 2400 proturbans

1885 2414 2099 2484 dejecit.

1958 2509 2304 2568 Rescinditur
2348 2512 2770 2583 chirographum
2817 2513 2979 2581 Δάαι,
3013 2515 3141 2569 dum
3176 2524 3233 2569 tu
3260 2514 3449 2571 lancea

1885 2603 2203 2673 perforaris,
2233 2603 2549 2660 Dominator
2566 2605 2809 2662 Domine.
2836 2606 2910 2661 [ta
2939 2606 3169 2678 Deipara
3187 2609 3455 2664 assistens

1883 2694 2032 2749 cruci
2054 2710 2175 2749 cum
2207 2696 2396 2750 dolore
2418 2705 2581 2765 atque
2605 2696 2810 2764 eiulatu
2845 2696 3203 2752 exclamabat.

1953 2782 2182 2850 Quando
2209 2783 2485 2839 Christum
2536 2800 2698 2855 quem
2744 2785 3087 2839 incarnatum
3135 2801 3450 2857 pepereras,

1886 2876 2031 2946 ligno
2060 2876 2276 2931 aﬂixum
2300 2877 2504 2941 vidisti,
2526 2877 2756 2931 odivina
2784 2878 2958 2949 gratia
2989 2879 3447 2943 cumulatissima,

1885 2967 2135 3024 lamentis
2167 2967 2328 3039 273
2362 2969 2562 3038 repleta
2592 2985 2673 3033 es,
2701 2979 2755 3024 et
2785 2968 3025 3039 profecto
3073 2972 3220 3026 illius
3255 2972 3447 3045 longa-

1884 3059 2183 3114 nimitatcm
2220 3077 2283 3115 ac
2310 3062 2625 3131 patientiam
2654 3077 2778 3116 cum
2804 3072 3026 3132 stupore
3061 3063 3448 3127 admirabaris,

1885 3152 2240 3222 quamobrem
2272 3152 2516 3221 ejusdem
2565 3153 2951 3209 demissionem
2993 3162 3155 3225 atque
3189 3156 3451 3210 humilia-

1806 3248 1853 3314 C
1888 3246 2085 3301 tionem
2113 3246 2521 3317 magnificabas.

1956 3336 2088 3393 Esto
2126 3338 2257 3392 mihi
2290 3347 2503 3408 portus,
2539 3338 2593 3392 in
2642 3338 2832 3409 pelago
2900 3339 3292 3395 adversitatum
3349 3339 3451 3394 ίιιι-

1889 3428 2173 3492 ctuanti,o
2201 3428 2492 3496 purissima
2528 3428 2727 3497 puella,
2754 3444 2875 3499 quae
2915 3430 3223 3486 universam
3271 3430 3452 3484 honii-

1888 3534 2016 3575 num
2078 3531 2327 3573 naturam
2383 3519 2728 3590 naufragium
2778 3538 3017 3591 passam,
3064 3532 3221 3584 partu
3253 3531 3371 3588 tuo,
3420 3538 3454 3577 ο

1888 3612 1979 3667 Dei
2012 3611 2276 3675 Genitrix,
2306 3611 2551 3667 salvasti.

1960 3702 2169 3773 Sponsa
2229 3703 2597 3767 immaculata,
2633 3702 2894 3773 palatium
2966 3702 3265 3768 Creatoris,
3309 3712 3451 3759 terra

1888 3796 2116 3857 inarata.
2152 3796 2378 3851 thronus
2422 3794 2726 3864 igniformis
2772 3795 2911 3850 facta
2953 3810 3086 3859 es,o
3112 3794 3402 3864 purissima
3435 3812 3451 3851 :

1888 3903 2055 3958 quare
2074 3889 2140 3942 ad
2172 3895 2223 3942 te
2246 3888 2549 3942 clamamus
2583 3906 2596 3941 :
2620 3888 2752 3955 Ave,
2780 3904 2813 3941 ο
2853 3888 3103 3954 Domina,
3130 3904 3251 3959 quae
3270 3889 3456 3943 divino

1887 3991 2151 4052 conceptu
2182 3989 2275 4035 tuo
2306 3980 2554 4035 homines
2590 3980 2878 4037 deiﬁcasti.

1956 4074 2093 4128 Cum
2135 4073 2641 4127 immaculatissima
2699 4072 2872 4126 Mater
2924 4071 3037 4142 (24)
3068 4071 3272 4128 videret
3306 4072 3452 4127 illum

1887 4162 2245 4218 dormientem
2279 4163 2334 4216 in
2374 4163 2541 4232 ligno,
2576 4163 2669 4232 qui
2709 4163 2961 4219 ommbus
2982 4162 3220 4216 divinam
3252 4164 3457 4218 saluta-

1890 4271 2115 4325 remque
2144 4255 2334 4310 tribuit
2386 4255 2763 4325 vigilantiam:
2828 4270 2951 4309 cum
3011 4256 3197 4310 dolore
3241 4256 3457 4324 eiulans

1887 4347 2222 4401 exclamabat
2250 4364 2263 4399 :
2298 4344 2584 4410 Quodnam
2649 4343 2969 4399 miraculum
2998 4360 3223 4408 novum,
3244 4356 3296 4401 et
3318 4361 3454 4399 nun-

1889 4456 2052 4511 quam
2080 4450 2239 4493 antea
2283 4438 2529 4492 auiiitum
2561 4448 2645 4492 est
2675 4436 2817 4492 hoc?
2850 4436 2942 4492 Ille
2982 4437 3075 4507 qui
3106 4436 3289 4492 omnia
3318 4437 3457 4491 vivi-

1892 4538 2035 4599 ticat,
2070 4534 2297 4587 moritur
2326 4528 2667 4583 voluntarie?

276 4633 548 4696 Φώτισον,
578 4631 741 4703 ἁγνὴ,
769 4633 893 4697 τοὺς
928 4632 1076 4704 πόθῳ
1104 4632 1406 4705 ὑμνοῦντας
1435 4649 1516 4697 σε,
1564 4631 1659 4685 καὶ
1689 4649 1781 4703 με·

1956 4624 2226 4686 lllumina,
2259 4638 2292 4676 o
2323 4637 2493 4689 casta,
2526 4637 2621 4677 eos
2644 4621 2737 4692 qui
2780 4629 2830 4676 te
2864 4636 2987 4675 cum
3028 4619 3221 4676 ail‘ectu
3254 4621 3459 4676 collauo

204 4727 569 4797 γαλύνοντας·
620 4724 781 4779 λῦσον
828 4725 940 4779 τῶν
992 4725 1179 4778 παθῶν
1244 4724 1398 4795 ἡμῶν
1458 4724 1519 4777 τὸ
1572 4726 1782 4789 σκότος,

205 4819 387 4889 Κόρη’
434 4813 657 4883 παῦσον,
678 4813 770 4869 τὸν
799 4814 1068 4869 κλύδωναο
1100 4814 1196 4869 τοῦ
1244 4813 1484 4885 πονηροῦ
1518 4817 1583 4869 τὰ
1621 4817 1785 4870 σκάν-

204 4909 343 4963 δαλα
374 4910 445 4960 ἐκ
473 4906 638 4976 μέσου
657 4907 902 4977 ποίησον·
938 4907 1063 4969 τοὺς
1090 4908 1188 4979 τῆς
1222 4908 1401 4978 Ἀγαρ
1430 4906 1619 4976 γόνους
1650 4908 1787 4962 καθ-

207 4997 493 5063 υπόταξον
524 4996 735 5067 βασιλεί
773 4997 986 5049 εὐσεϐεῖ
1018 5000 1135 5061 ταῖς
1171 4999 1488 5069 πρεσϐείαις
1520 5014 1633 5051 σου.

219 5128 322 5181 Ἐκ
344 5122 463 5178 τοῦ
501 5123 756 5189 κανόνος
778 5121 884 5176 τοῦ
908 5121 1213 5177 Σαόεὰτου
1260 5125 1346 5189 εἰς
1378 5123 1484 5176 τὸν
1513 5124 1783 5191 Ὀρορον.

290 5233 596 5302 Ῥυόμενος
631 5232 779 5302 ἡμᾶς
807 5231 1099 5300 καταδίκης
1128 5232 1358 5303 ἀρχαίας
1396 5233 1424 5285 ὁ
1456 5231 1581 5295 Υἱὸς
1629 5232 1657 5284 ὁ
1694 5231 1787 5285 τοῦ

206 5325 347 5381 Θεοῦ
398 5324 736 5395 ηὐδόκησεν,
765 5324 926 5395 ἁγνὴ,
978 5325 1072 5378 καὶ
1106 5325 1228 5387 Υἱὸς
1280 5326 1616 5395 χρηματίσαι
1648 5340 1739 5376 σου
1771 5338 1787 5354 ο

279 5502 573 5578 (24)(3υιιι
627 5502 880 5578 Christus
945 5502 1183 5558 caruerit
1228 5502 1529 5578 originalis
1589 5505 1792 5571 peccati

212 5574 478 5639 maculis,
507 5575 685 5629 decuit
718 5587 775 5628 ut
807 5575 926 5643 ejus
970 5582 1144 5627 mater
1192 5574 1395 5627 eisdem
1450 5584 1680 5636 careret,
1713 5590 1797 5624 cs-

207 5662 406 5718 setque
434 5646 667 5718 omnino
704 5645 1071 5718 immaculata,
1103 5659 1168 5696 ne
1197 5643 1366 5698 Filius
1398 5644 1488 5697 Dei
1519 5644 1798 5718 habuisset

206 5714 353 5776 circa
383 5732 447 5773 se
498 5717 550 5768 in
583 5714 748 5769 Matre
785 5716 1077 5775 maculam,
1114 5722 1166 5768 et
1221 5725 1497 5783 peccatum
1544 5714 1795 5782 originis.

1887 4719 2017 4772 dant
2047 4732 2110 4771 ac
2139 4716 2518 4786 magniﬁcam:
2548 4714 2786 4769 dissolve
2810 4715 3123 4783 passionum
3149 4723 3457 4767 nostrarum

1889 4808 2159 4872 tenebras,
2182 4822 2215 4860 ο
2246 4806 2419 4876 purlla
2457 4824 2471 4860 :
2500 4806 2625 4861 seda
2649 4813 2995 4874 tempestates
3027 4823 3040 4857 :
3072 4804 3200 4859 tolle
3228 4819 3258 4858 e
3279 4804 3460 4858 medio

1884 4901 2139 4955 scandala
2165 4899 2384 4968 maligni
2410 4899 2652 4967 :subjice
2682 4898 2822 4951 lilios
2843 4900 2985 4967 Agar
3008 4898 3259 4968 piissimo
3289 4898 3458 4968 impe-

1888 4993 2055 5047 ratori
2079 4992 2564 5047 intercessionibus
2593 4991 2718 5045 tuis.

2162 5119 2242 5173 Ea:
2261 5135 2457 5173 canone
2497 5117 2715 5174 Sabbati
2749 5121 2818 5172 ad
2848 5118 3188 5172 Hatutinum.

1967 5228 2135 5285 Filius
2167 5231 2282 5294 Dei,
2312 5240 2369 5284 ut
2399 5246 2498 5285 nos
2534 5230 2604 5285 ab
2627 5230 2851 5301 antiqua
2888 5232 3236 5286 damnatione
3260 5231 3461 5287 libera-

1896 5333 1999 5390 ret,
2030 5323 2193 5377 etiam
2226 5322 2393 5376 Filius
2418 5332 2565 5387 tuus,
2586 5338 2619 5378 ο
2654 5321 2844 5392 Virgo,
2874 5339 2997 5378 esse
3029 5325 3233 5391 voluit;
3269 5339 3459 5393 quam-

1896 5511 1949 5575 ιο
1973 5501 2142 5575 magis
2180 5502 2365 5557 debuit
2394 5518 2581 5559 carere
2613 5503 2984 5575 spiritualibns
3030 5504 3255 5572 peccati.
3308 5503 3460 5567 iter",

1896 5574 1940 5628 si
1970 5574 2121 5628 dolor
2158 5586 2344 5643 partus
2378 5576 2575 5630 dicitur
2607 5574 2930 5631 contumelia
2956 5586 3181 5641 natura},
3204 5591 3323 5628 cum
3351 5593 3459 5630 non

1896 5644 2179 5715 siticulpa,
2231 5645 2322 5698 sed
2377 5660 2533 5713 paena
2588 5646 2750 5710 illius,
2780 5663 2843 5702 ac
2877 5647 3099 5715 prollnle
3150 5656 3357 5700 semota
3429 5662 3457 5699 a

1893 5714 1991 5766 Dei
2041 5713 2228 5776 Matre,
2257 5727 2462 5784 quanto
2492 5718 2802 5787 magisoipsa
2829 5713 2984 5785 culpa
3013 5717 3313 5787 originalis,
3340 5733 3460 5785 qua:

207 5792 273 5845 Et
297 5805 358 5844 se
394 5802 511 5842 non
536 5785 987 5839 deruithabuisse
1011 5784 1229 5838 Matrem
1259 5784 1349 5839 Dei
1379 5787 1564 5838 sordes
1596 5796 1801 5838 naturae
1896 5795 1977 5839 est
2010 5788 2179 5852 major
2228 5787 2553 5842 contumelia
2588 5784 2854 5844 humanae
2900 5784 3128 5855 natura,
3160 5790 3228 5841 ab
3259 5801 3323 5841 ea
3360 5784 3460 5842 de-

208 5860 500 5933 pbysicas,
533 5855 789 5911 nimirum
842 5857 1030 5913 sordes
1056 5865 1271 5928 spartus
1306 5855 1589 5921 naturalis,
1617 5870 1791 5924 quan-

1901 5855 2019 5910 buit
2053 5855 2306 5913 excludi?
