4180 6450
728 422 867 491 1315

1852 426 1911 484 S.
1949 424 2257 486 JOSEPIII
2302 426 2455 484 IIYM
2469 424 2854 485 NOGRAPHI

3826 418 3963 481 1316

722 532 909 585 obrem
942 546 1032 601 per
1054 531 1230 600 ipsum
1256 548 1355 587 nos
1376 532 1427 585 in
1460 531 1695 586 ﬁliorum
1717 532 2059 603 adoptionem
2082 532 2303 598 recepti,

2422 534 2530 585 ἑθεν
2562 533 2902 592 υίοτεθέντες
2926 532 2992 585 δι’
3023 531 3183 587 αὐτὸν
3222 532 3315 586 τὸν
3338 529 3588 602 οὐράνιον
3639 528 3967 599 εὐλογοῦμεν

724 625 999 680 caelestem
1052 624 1264 681 Patrem
1298 626 1711 691 benedicimus;
1751 626 1956 695 tibique
1986 626 2171 680 laudes
2198 625 2293 678 de-

725 725 1032 769 cantamus.

796 805 1035 862 Laudem
1064 806 1173 861 Deo
1199 806 1513 872 oﬂeramus,
1537 808 1629 877 qui
1653 825 1717 863 ex
1746 808 1960 877 Virgine
1989 807 2297 863 voluntarie

728 908 892 953 natus
943 909 1047 964 est,
1079 909 1133 954 et
1190 900 1377 956 choris
1408 902 1721 971 angelorum
1757 901 2043 955 mulierum
2103 902 2299 955 choros

730 992 1001 1060 adjunxit.

804 1085 916 1149 llle,
944 1084 1034 1153 qui
1068 1091 1121 1139 te
1153 1083 1427 1155 Virginem
1496 1084 1899 1140 immaculatam
1938 1096 2058 1155 post
2086 1096 2299 1155 partum

733 1176 1090 1239 conservavit,
1145 1177 1379 1245 virgines
1428 1190 1619 1231 omnes
1665 1192 1785 1245 quae
1831 1184 1882 1231 te
1929 1176 2302 1241 circumstant,

736 1265 1097 1333 glorilicavit;
1129 1280 1250 1317 cum
1300 1266 1500 1335 quibus
1547 1246 1665 1320 sine
1721 1266 2028 1321 cessatione
2058 1281 2302 1334 precare,

738 1365 796 1407 ut
829 1356 1026 1407 animae
1059 1365 1259 1409 nostrae
1298 1358 1365 1410 ab
1410 1356 1555 1410 omni
1611 1359 1861 1427 angustia
1899 1372 1963 1412 ac
2010 1358 2308 1413 tentatione

736 1456 1043 1501 SCI'VCI'IllIl‘.

811 1536 1095 1603 Dominus,
1126 1538 1219 1607 qui
1280 1537 1542 1591 habitavit
1591 1537 1644 1592 in
1671 1548 1741 1601 te,
1770 1553 1801 1593 ο
1853 1536 2015 1609 Virgo
2048 1538 2117 1593 ab
2158 1538 2307 1593 omni

738 1631 948 1682 macula
990 1630 1265 1695 immunis,
1298 1631 1409 1701 (25)
1445 1631 1607 1703 274
1638 1632 1763 1688 fecit
1803 1634 2049 1689 homines
2094 1635 2305 1689 habita-

738 1722 859 1776 cula
888 1724 1082 1777 divinae
1104 1724 1287 1794 gloria:
1306 1741 1438 1779 suae.

806 1814 935 1881 Ore,
968 1816 1171 1885 lingua,
1222 1828 1276 1871 et
1306 1818 1469 1873 corde
1519 1818 1781 1874 conﬁteor
1812 1827 1881 1885 te,
1913 1833 1945 1871 ο
1970 1819 2163 1887 puella,
2221 1834 2311 1874 ca-

2405 627 2644 698 ῐιατέρα,
2667 627 2963 699 ὑμνοῦντες
2996 644 3081 685 σε.

2474 808 2637 870 Αἶνον
2667 813 2745 883 τῷ
2772 812 2892 882 Θεῷ
2924 780 3307 884 προσάξωμεν,
3334 810 3411 881 τῷ
3443 812 3509 864 ἐκ
3550 808 3651 879 τῆς
3690 806 3969 879 Παρθένου

2410 904 2765 976 ἀποτεχθέντι
2840 904 3161 975 βουλήματι,
3218 902 3494 972 γυναικῶν
3539 917 3599 954 τε
3642 902 3824 972 χοροῖς
3872 900 3972 968 άγ-

2408 999 2581 1065 γέλων
2610 997 2734 1059 τοὺς
2766 998 2960 1068 χοροὺς
2993 995 3413 1064 ὲπισυνάψαντι.

2494 1090 2555 1143 '0
2594 1088 2870 1160 Παρθένον
2901 1106 2958 1141 σε
3009 1088 3249 1157 φυλάξας
3287 1088 3425 1157 μετὰ
3457 1085 3611 1140 τόκον
3647 1082 3971 1154 ἀμώμητον,

2408 1180 2506 1244 τὰς
2532 1180 2831 1251 παρθένους
2853 1181 3027 1242 πάσας
3064 1196 3122 1232 σε
3154 1177 3525 1249 περιεστώσας
3548 1176 3820 1241 ἐδόξασεν,
3850 1174 3973 1243 μεθ’

2410 1266 2483 1325 ῶν
2512 1270 3081 1339 ἁπαύστως,δυσώπει
3131 1269 3492 1334 διασώζεσθαι
3525 1268 3707 1339 πάσης
3739 1265 3975 1337 θλίψεως

2413 1365 2506 1417 καὶ
2529 1364 2851 1435 πειρασμῶν
2875 1362 2973 1427 τὰς
2996 1362 3175 1434 ψυχὰς
3198 1362 3375 1434 ἡμῶν,

2499 1545 2555 1600 '0
2584 1545 2787 1617 Κύριος
2814 1548 2871 1600 ὲν
2896 1546 2978 1599 σοὶ
3007 1546 3361 1615 κατοικήσας,
3390 1542 3760 1614 πανάχραντε,
3788 1541 3979 1613 εἰργά-

2418 1657 2547 1694 σατο
2579 1641 2705 1702 τοὺς
2756 1637 3075 1710 ἀνθρώπους
3102 1638 3201 1701 τῆς
3238 1636 3404 1691 αὐτοῦ
3438 1636 3589 1700 θείας
3612 1635 3790 1706 δόξης,
3825 1636 3977 1707 Παρ-

2418 1732 2558 1794 θένε,
2588 1729 2898 1798 οίκητήρια.

2489 1820 2723 1891 Στόματι
2784 1818 2880 1872 καὶ
2933 1818 3156 1890 γλώσσῃ
3204 1818 3298 1870 καὶ
3332 1816 3531 1888 καρδίᾳ
3583 1812 3829 1886 ὁμολογῶ
3892 1830 3976 1878 σε,

740 1916 878 1960 stam
947 1905 1172 1961 Matrem
1207 1906 1299 1962 Dei
1336 1910 1544 1976 nostri;
1578 1920 1632 1963 at
1677 1920 1733 1965 tu
1765 1911 2091 1965 medittione
2120 1922 2211 1965 tua
2249 1912 2312 1967 ab

2422 1912 2597 1985 Κόρη,
2637 1911 2729 1966 τοῦ
2770 1910 2906 1965 Θεοῦ
2935 1912 3093 1982 ἡμῶν
3143 1911 3314 1981 ἁγνὴν
3342 1910 3572 1992 Μητέρα
3595 1926 3611 1941 ’
3644 1907 3779 1963 άλλά
3813 1908 3879 1978 τῇ
3912 1908 3979 1977 σῇ

742 2008 962 2052 aeterna!
982 1999 1351 2056 damnationis
1382 2002 1651 2057 sententia
1688 2003 1851 2057 libera
1887 2018 1992 2058 me.

814 2089 1013 2145 Videns
1043 2092 1171 2145 olim
1196 2093 1753 2159 legisl'itorﬁammam
1784 2110 1893 2149 non
1920 2097 2308 2151 conburcntem

742 2185 961 2250 rubum,
990 2185 1179 2239 didicit
1244 2186 1387 2239 illam
1443 2202 1571 2245 esse
1616 2186 1841 2257 ﬁguram
1897 2196 2087 2256 partus
2142 2187 2242 2253 tui,
2277 2202 2311 2241 ο

746 2273 838 2327 Dei
881 2274 1126 2329 Genitrix
1163 2275 1278 2329 sola
1308 2276 1607 2331 benedicta.

813 2365 1202 2435 Cornpassione
1238 2375 1325 2419 tua
1356 2366 1575 2436 dignum
1613 2381 1697 2421 me
1731 2365 1855 2432 l'ac,
1881 2381 1913 2421 ο
1945 2367 2035 2422 Dei
2066 2366 2307 2422 Cenitrix

745 2460 1073 2524 castissima,
1121 2474 1244 2529 qua:
1289 2460 1596 2529 piissimum
1650 2458 1881 2514 Verbum
1936 2461 2314 2531 peperisti;et

747 2552 953 2605 salvum
979 2567 1062 2607 me
1085 2552 1169 2606 fac
1190 2553 1515 2608 clamantem
1538 2569 1551 2606 :
1574 2550 1900 2621 Benedicite,
1916 2554 2098 2607 omnia
2126 2568 2313 2624 opera,

748 2642 976 2695 Domino
1004 2660 1018 2705 ;
1043 2643 1395 2707 laudate,elc'.

818 2731 1080 2799 Supernis
1111 2732 1435 2790 Cherubinis
1463 2736 1711 2806 superior
1741 2735 2063 2805 apparuisti,
2098 2749 2130 2789 ο
2158 2750 2317 2788 mun-

746 2821 992 2887 dissima,
1026 2825 1226 2895 quippe
1276 2841 1397 2895 qua:
1445 2828 1599 2883 illum
1647 2828 1875 2899 portasti
1928 2830 2018 2898 qui
2076 2828 2317 2881 continet

750 2915 1049 2970 universa:
1092 2916 1175 2973 l'ac
1212 2934 1439 2990 quoque
1486 2932 1723 2977 mentem
1749 2935 1925 2974 meam
1968 2919 2317 2989 passionibus

749 3005 931 3059 carnis
951 3007 1322 3076 superiorem;
1352 3010 1595 3067 tribuens
1616 3011 1745 3065 mihi
1765 3011 2039 3075 virtutem,
2078 3022 2185 3080 qua
2214 3007 2319 3063 Do-

753 3099 886 3153 mini
914 3100 1245 3156 voluntatem
1274 3105 1497 3173 exsequi
1528 3104 1755 3174 possim.

1235 3208 1469 3267 TONUS
1500 3211 1823 3269 PLAGIUS.

1009 3320 1092 3373 Ea:
1128 3338 1322 3376 canone
1365 3322 1510 3391 feria:
1545 3338 1581 3377 ιι
1618 3323 1686 3377 ad
1723 3321 2067 3377 Halutinum.

821 3428 865 3481 0
892 3437 1042 3495 porta
1080 3428 1277 3484 divina:
1327 3429 1531 3500 gloriae,
1562 3432 1738 3500 pande
1774 3431 1903 3485 mihi
1941 3441 2123 3501 portas
2153 3431 2328 3501 pinni-

2421 2007 2669 2078 μεσιτείᾳ
2704 2005 2863 2076 ῥῦσαί
2900 2023 2966 2076 με
2989 2004 3207 2058 αἰωνίου
3230 2002 3624 2073 κατακρίσεως.

2488 2098 2664 2165 Φλόγα
2698 2100 2798 2168 τὴν
2823 2097 2984 2167 βάτον
3016 2096 3182 2150 πάλαι
3213 2095 3288 2166 μὴ
3328 2091 3711 2164 πυρπολοῦσαν
3739 2089 3981 2161 βλέπων,

2421 2193 2449 2246 ὁ
2478 2192 2782 2262 νομοθέτης
2804 2190 3115 2244 ἔδιδάσκετο
3160 2188 3253 2240 τδν
3297 2186 3471 2241 τύπον
3516 2184 3611 2239 τοῦ
3646 2184 3806 2240 τόκου
3862 2201 3982 2251 σου,

2420 2258 2747 2354 Θεοῖίυῆτορ-
2764 2282 2900 2351 μόνη
2926 2281 3012 2333 ἀεὶ
3044 2277 3403 2349 εὐλογημένη.

2494 2372 2847 2443 Συμπαθείας
2873 2372 2973 2441 τῆς
3001 2371 3101 2436 σῆς
3133 2387 3202 2441 με
3229 2370 3479 2435 ἀξίωσον,
3534 2385 3596 2421 συ
3605 2366 3987 2436 μπαθέστατον

2423 2467 2593 2534 Λόγον
2624 2467 2896 2534 κυήσασα,
2922 2464 3291 2533 Θεογεννῆτορ
3322 2461 3589 2529 πάναγνε,
3642 2460 3735 2513 καὶ
3774 2458 3988 2530 βοῶντα

2426 2575 2492 2628 με
2529 2558 2720 2613 σῶσον·
2764 2556 2949 2617 Πάντα
2979 2557 3049 2611 τά
3096 2556 3253 2627 ἔργα,
3283 2555 3576 2623 εὐλογεῖτε,
3625 2553 3844 2623 ὑμνεῖτε
3894 2551 3988 2604 τὸν

2424 2651 2648 2721 Κύριον.

2494 2744 2726 2797 Φανεῖσα
2751 2741 2860 2796 τῶν
2882 2741 2994 2797 άνω
3016 2740 3315 2813 Χερουϐὶμ,
3348 2740 3681 2809 πανάμωμι,
3712 2734 3988 2807 άνωτέρα,

2426 2834 2502 2898 ὡς
2530 2834 2846 2905 βαστάσασα
2872 2835 2963 2888 τὸν
2991 2834 3221 2904 συνοχέα
3252 2832 3361 2885 τῶν
3392 2831 3668 2894 ἁπάντων,
3716 2826 3991 2897 ἀνώτερον

2428 2928 2519 2979 τὸν
2548 2926 2672 2979 νοῦν
2716 2943 2817 2995 μου
2864 2926 3179 2997 άπέργασαι
3233 2922 3421 2978 παθῶν
3464 2922 3573 2975 τῶν
3622 2919 3723 2989 τῆς
3762 2920 3987 2989 σαρκὸς,

2428 3018 2742 3089 δυναμοῦσά
2771 3034 2837 3088 με
2860 3016 2922 3071 τὸ
2949 3016 3040 3071 τοῦ
3064 3016 3338 3070 Δεσπότου
3373 3014 3632 3086 πράττειν
3657 3012 3898 3082 θέλημα.

2889 3217 3073 3270 ΗΧΟΣ
3113 3214 3407 3268 ΠΛΑΓΙΟΣ
3443 3211 3521 3267 A'.

2443 3332 2545 3383 Ἐκ
2584 3328 2690 3383 τοῦ
2712 3328 2969 3394 κανόνος
3005 3324 3118 3394 τῆς
3144 3324 3427 3394 δευτέρας
3463 3324 3551 3387 εις
3578 3322 3686 3376 τὸν
3712 3323 3992 3391 Ὀρθρον.

2506 3437 2657 3507 Πύλη
2693 3436 2791 3507 τῆς
2829 3434 2979 3499 θείας
3010 3434 3191 3504 δόξης,
3230 3432 3520 3504 μετανοίας
3544 3447 3634 3501 μοι
3657 3429 3835 3494 πύλας
3863 3431 3996 3485 ἁνα-

753 3522 955 3585 tcmize,
979 3518 1033 3575 et
1065 3535 1095 3575 a
1120 3522 1293 3590 portis
1326 3520 1483 3576 inferi
1513 3536 1665 3587 erue,
1694 3535 1915 3592 precor,
1959 3522 2312 3577 miserabilen

2432 3530 2687 3595 πέτασον,
2724 3529 2817 3582 καὶ
2858 3530 2923 3582 ἐκ
2948 3526 3128 3582 πυλῶν
3150 3525 3243 3580 τοῦ
3269 3524 3396 3596 ᾅδου
3425 3524 3750 3594 ἑξάρπασον,
3778 3521 3993 3594 δέομαι,

752 3616 989 3668 animam
1022 3629 1217 3669 meam.

829 3705 992 3775 Virgo
1041 3706 1231 3772 Mater,
1260 3721 1289 3760 a
1320 3720 1425 3775 qua
1458 3704 1599 3761 Deus
1620 3720 1816 3775 corpus
1854 3704 2182 3775 assumpsit,
2208 3719 2327 3759 sus-

2429 3623 2529 3694 τὴν
2560 3621 2823 3692 ταπεινήν
2856 3637 2957 3690 μου
2978 3618 3175 3690 ψυχήν.

2498 3713 3006 3785 Παρθενομῆτῡρ,ή
3052 3710 3185 3764 Θεδν
3229 3706 3630 3778 σωματώσασα,
3661 3705 3763 3769 τὰς
3811 3706 3998 3776 φωνὰς

753 3800 871 3868 cipe
904 3815 1063 3854 voces
1114 3798 1466 3853 clamantium
1502 3798 1568 3852 ad
1620 3809 1670 3853 te
1726 3798 1966 3862 assidue,
1997 3807 2051 3851 et
2094 3813 2125 3851 a
2164 3796 2312 3851 varii!

2431 3805 2721 3877 πρόσδεξαι
2741 3806 2988 3876 βοώντων
3017 3820 3098 3858 σοι
3120 3802 3374 3866 πάντοτε,
3404 3800 3499 3853 καὶ
3521 3798 3801 3869 λύτρωσαι
3842 3799 3995 3867 ἡμᾶς

755 3891 1186 3945 adversitatihus
1213 3892 1379 3944 libera
1406 3905 1528 3944 nos.

835 3985 909 4037 Ex
940 3986 1091 4054 puris
1130 3986 1490 4056 sanguinibus
1514 3985 1619 4039 tuis
1664 3984 1981 4039 incarnatus
2024 3994 2108 4039 est
2143 3982 2327 4039 Domi-

2429 3899 2535 3952 τῶν
2560 3898 2822 3953 ποικίλων
2849 3899 3240 3967 περιστάσεων.

2501 3992 2804 4064 Σαρκοῦται
2849 3992 2907 4059 ἐξ
2940 3991 3121 4059 ἁγνῶν
3165 3990 3414 4062 αἱμάτων
3446 4008 3539 4044 σου
3580 3991 3785 4061 Κύριος
3834 3987 3996 4060 μετά·

765 4092 893 4140 nus,
937 4092 969 4131 ο
1040 4078 1295 4132 omnibus
1351 4078 1565 4149 hymnis
1630 4078 1975 4141 celebranda,
2024 4077 2312 4132 concedent

2433 4102 2582 4139 νοιαν
2608 4088 2719 4149 τοῖς
2743 4085 2943 4154 τιμῶσί
2970 4102 3027 4138 σε
3056 4084 3248 4150 διδοὺς,
3282 4083 3620 4154 πανύμνητε,
3658 4085 3727 4153 τῇ
3756 4084 3824 4152 σῇ
3867 4098 3997 4151 χρηο

761 4182 856 4235 pcr
893 4168 1336 4238 benignissimam
1383 4170 1823 4224 intercessionem
1856 4180 2023 4232 tuam,
2056 4168 2329 4237 pteniten-

766 4260 854 4313 tia:
895 4260 1071 4313 locum
1123 4260 1517 4314 honorantibus
1578 4269 1653 4326 te,
1686 4269 1873 4331 utpote
1919 4260 2219 4330 piissimus,
2252 4268 2331 4312 at-

758 4367 865 4419 que
912 4351 1071 4405 unice
1105 4352 1385 4405 hominum
1416 4363 1644 4406 amator.
2298 4404 2301 4409 .

828 4442 871 4495 0
904 4441 1065 4510 Virgo
1120 4444 1258 4496 inter
1293 4445 1547 4499 mulieres
1602 4444 1879 4498 benedicta
1916 4444 2055 4512 (26),
2086 4445 2319 4499 concede

758 4534 1165 4588 misericordias
1196 4545 1317 4589 tuas
1347 4536 1546 4605 populo
1574 4545 1664 4590 tuo
1689 4576 1703 4601 ,
1726 4537 1923 4606 quippe
1954 4550 2074 4603 quas
2115 4536 2328 4591 miseri-

758 4625 938 4680 cordis
972 4624 1137 4681 Mater
1162 4625 1299 4680 l'acta
1330 4629 1424 4681 sis.

832 4808 941 4876 (25)
971 4808 1132 4863 Favet
1175 4809 1478 4866 Richardus
1505 4812 1571 4867 de
1615 4811 1670 4865 S.
1723 4810 1955 4873 Victore.
2000 4810 2126 4865 dum
2177 4818 2323 4864 trac-

757 4880 1029 4931 tansillud
1082 4880 1312 4938 Cantic..
1348 4881 1480 4934 Tota
1546 4885 1765 4950 pulchra
1808 4892 2035 4947 es,etc.,
2070 4884 2122 4934 in
2180 4882 2324 4935 hunc

759 4950 975 5000 modum
1009 4951 1195 5002 scribit
1222 4968 1235 5005 :
1284 4969 1301 4999 ι
1342 4951 1506 5006 Nemo
1534 4962 1643 5005 tam
1674 4964 1915 5013 sanctus,
1936 4956 2024 5020 qni
2060 4952 2321 5004 maculam

758 5033 864 5091 non
897 5020 1141 5091 habuerit
1163 5020 1520 5085 etde-fectum,
1541 5033 1727 5090 praeter
1752 5024 1921 5091 ipsam
1946 5022 2000 5074 Β.
2030 5020 2322 5091 Virginem.

2438 4179 2533 4244 στῇ
2574 4175 2843 4247 μεσιτείᾳ,
2892 4174 2968 4238 ὡς
3015 4172 3386 4243 εΰσπλαγχνος
3440 4172 3536 4226 καὶ
3588 4172 3748 4243 μόνος
3803 4171 3995 4241 φιλάν-

2432 4266 2460 4319 θ
2469 4283 2667 4337 ρωπος.

2505 4443 2751 4513 Παρθὲνε
2782 4442 2840 4495 ἐν
2872 4442 3119 4512 γυναιξὶν
3140 4441 3504 4514 εὐλογημένη,
3541 4442 3609 4497 τὰ
3633 4442 3701 4497 σά
3730 4443 3860 4515 ὲλίη
3887 4461 3996 4497 πα-

2437 4538 2639 4607 ράσχου
2678 4534 2755 4606 τῷ
2784 4535 2897 4607 λαῷ
2932 4552 3022 4589 σου
3052 4551 3069 4568 ο
3119 4535 3213 4589 τοῦ
3262 4535 3552 4606 ἑλεήμονος
3586 4536 3694 4607 γὰρ
3748 4536 3994 4607 ιδείχθης

2354 4624 2406 4684 D
2436 4629 2655 4699 Μήτηρ.

2430 4809 2777 4864 tcnebrentur
2812 4809 3045 4862 tenebrae
3085 4808 3137 4862 in
3162 4808 3391 4877 caligine
3418 4805 3559 4874 ejus.
3596 4823 3617 4877 ι
3649 4804 3837 4877 Neque
3864 4821 3993 4859 vero

2431 4882 2679 4949 humanae
2712 4880 2882 4947 culpa:
2925 4879 3098 4949 caligo
3126 4876 3342 4949 proprie
3371 4885 3545 4947 potest
3567 4876 3670 4930 nisi
3699 4878 3767 4929 ad
3826 4877 3992 4945 origi-

2431 4950 2550 5004 nale
2580 4948 2791 5004 referri.

2504 5019 2614 5087 (9.6)
2646 5017 2780 5084 Quia
2821 5018 2935 5072 sola
2990 5018 3127 5071 inter
3157 5017 3406 5071 mulieres
3435 5032 3462 5070 a
3496 5015 3769 5070 communi
3797 5015 3991 5087 Amale-

755 5087 915 5161 Lurta
940 5090 1085 5142 enim
1115 5106 1234 5158 qua:
1264 5104 1421 5146 nocte
1460 5084 1719 5161 splendet,
1753 5084 1806 5146 et
1845 5094 2015 5145 stellae
2060 5084 2163 5145 non
2202 5100 2329 5144 sunt
2434 5084 2669 5161 dictione
2719 5099 2772 5141 et
2814 5090 3180 5161 contractione
3226 5088 3502 5161 originalis
3550 5088 3751 5161 peccati
3796 5084 3989 5161 libera.

759 5160 970 5231 munda:
1024 5161 1072 5231 in
1104 5162 1221 5228 ejus
1269 5160 1691 5231 comparatione.
1723 5164 2153 5215 Oblenebrantur
2182 5163 2325 5214 cnim

757 5229 924 5302 stellae
957 5230 1185 5297 caligine
1214 5229 1459 5285 humanae
1482 5235 1780 5302 Cllile,SCti
1803 5234 2107 5285 beatissima
2128 5231 2315 5289 Maria.

760 5296 920 5366 Virgo
960 5296 1081 5371 tota
1112 5302 1245 5371 adeo
1261 5303 1481 5368 pulchra
1510 5296 1614 5367 esi,
1640 5296 1803 5371 quam
1839 5311 2007 5355 totam
2036 5303 2319 5371 illustravit

754 5379 808 5422 et
855 5368 1090 5436 perfundit
1122 5370 1210 5422 Sol
1239 5373 1480 5439 justitize.
1522 5385 1579 5427 ιιι
1634 5368 1731 5426 nec
1773 5374 2013 5426 maculas
2064 5370 2319 5424 habuerit

758 5454 851 5509 nec
879 5442 1127 5493 tenebras
1161 5448 1350 5509 culpae.
1391 5462 1408 5495 ι
1453 5443 1575 5497 [Lee
1607 5442 1926 5497 liiclrardns.
1955 5443 2122 5508 Cujus
2155 5444 2313 5494 verba

756 5508 1339 5581 all'et'ensjlalharintts
1388 5514 1439 5566 in
1469 5529 1566 5567 suo
1607 5522 1835 5565 tractatu
1884 5513 1953 5564 De
1984 5524 2214 5581 cancept.
2250 5512 2313 5563 ad

754 5582 943 5649 synod.
976 5578 1216 5633 Trident.
1248 5594 1393 5650 parte
1419 5601 1453 5647 ι,
1485 5588 1735 5638 observat
1782 5584 1847 5636 de
1900 5578 2147 5652 originali
2205 5596 2317 5633 ma-

755 5652 875 5700 cula
912 5651 1055 5716 loqui
1102 5656 1383 5707 manifeste
1418 5656 1767 5715 ltichardum,
1805 5663 1915 5705 tum
1969 5651 2091 5721 quia
2150 5653 2316 5704 indis-

758 5723 921 5771 tincte
952 5722 1228 5792 loquitur,
1257 5733 1364 5776 tum
1417 5728 1540 5792 quia
1594 5724 1967 5777 auctoritatem
2018 5738 2080 5775 ex
2115 5721 2189 5792 li.
2215 5722 2315 5774 Job

756 5791 1006 5865 assumit,
1044 5808 1162 5860 qua:
1204 5806 1279 5861 (ut
1306 5791 1525 5865 exponit
1570 5794 1626 5847 Β.
1666 5794 1961 5863 Gregorius
1994 5802 2043 5845 et
2084 5791 2313 5865 l).Tl_io-

756 5863 895 5930 tuas)
934 5866 997 5919 ad
1026 5860 1300 5932 pecoatum
1343 5860 1604 5936 originale
1642 5860 1867 5919 rel’ertur
1918 5879 2039 5918 cum
2066 5867 2140 5917 ait
2170 5881 2181 5914 :
2209 5860 2314 5915 0b-

2436 5160 2571 5214 llinc
2596 5160 2899 5212 Armandns
2930 5159 3203 5212 Riehelins
3235 5157 3297 5211 Β.
3334 5157 3392 5209 Ε.
3453 5158 3743 5210 cardinalis
3800 5156 3854 5208 in
3891 5172 3993 5208 suo

2421 5229 2771 5288 Catechismo,
2811 5244 2903 5281 si-u
2962 5230 3301 5282 Institutione
3355 5225 3683 5291 Christiana,
3728 5228 3849 5279 lect.
3895 5227 3989 5288 24,

2422 5302 2498 5353 ait
2528 5317 2541 5353 :
2580 5318 2597 5349 ι
2637 5298 2803 5368 Beata
2834 5297 2993 5368 Virgo
3022 5300 3221 5352 dicitur
3245 5299 3519 5351 benedicta
3560 5299 3613 5349 in
3638 5296 3986 5368 mulieribus.

2423 5371 2549 5439 quia
2585 5368 2745 5431 ;nulla
2786 5366 2886 5421 fuit
2917 5366 3013 5422 nec
3064 5383 3297 5439 unquam
3330 5369 3432 5420 erit
3482 5368 3599 5439 sine
3633 5367 3838 5439 peccati
3876 5383 3991 5418 ma-

2423 5436 2544 5492 cula
2580 5447 2836 5505 concepta
2884 5454 3005 5492 cum
3044 5436 3371 5508 plenitudine
3406 5438 3576 5504 gratia
3612 5437 3759 5490 sicut
3783 5436 3928 5508 ipsa.
3966 5454 3983 5485 ι

2422 5509 2847 5562 ΒεινιΙιοΙοιιιωιιδ
2904 5505 3063 5562 etiam
3124 5507 3350 5561 Pisanus
3409 5508 3479 5560 De
3550 5508 3694 5558 laud.
3732 5509 3798 5559 Β.
3844 5505 3986 5573 Virg.

2424 5582 2513 5633 lib.
2550 5595 2587 5640 ι,
2622 5579 2793 5630 fructu
2828 5580 2877 5632 7.
2927 5597 2945 5629 ι
2984 5578 3169 5643 Maria,
3204 5578 3397 5647 inquit,
3447 5577 3645 5630 dicitur
3695 5577 3987 5629 Benedicu

2422 5651 2473 5702 in
2508 5650 2845 5710 mulieribus,
2872 5651 3167 5702 secundum
3224 5648 3605 5717 Hieronymum
3638 5656 3693 5700 et
3732 5647 3990 5716 Augusti-

2423 5736 2571 5779 num,
2604 5720 2652 5772 id
2698 5728 2800 5779 est,
2831 5734 2989 5785 super
3038 5735 3226 5774 onmes
3280 5716 3550 5771 mulieres.
3588 5716 3729 5785 Ergo
3781 5722 3988 5785 puritas

2420 5791 2539 5842 aliis
2570 5789 3053 5851 concrssaJlariaz
3085 5806 3188 5842 non
3253 5790 3409 5842 debet
3472 5790 3674 5853 negari.
3735 5785 3878 5855 Ergo
3940 5786 3986 5838 si

2422 5863 2528 5913 lxva
2555 5876 2583 5913 a
2604 5861 2711 5914 Deo
2751 5862 3103 5915 mundissima
3121 5868 3202 5915 est
3236 5858 3398 5923 facta,
3431 5874 3596 5929 quare
3622 5868 3676 5912 et
3707 5856 3897 5912 Maria.
3934 5874 3954 5908 ι
