4180 6450
230 429 362 496 1317

1685 428 2048 490 ΜΛΒΙΛΙΕ.

3324 428 3465 495 1318

298 541 561 613 Ιιαρθένε,
589 539 698 594 τῶν
732 538 938 593 πιστῶν
968 539 1001 609 ἡ
1040 536 1362 609 προστασία,
1388 536 1653 607 ῥυσθῆναι
1684 536 1786 589 ἀπὸ

1960 536 2007 591 Ο
2057 532 2221 605 Virgo
2291 534 2605 606 praesidium
2674 534 2949 600 iidelium,
3007 536 3294 591 Dominum
3366 540 3461 594 de-

229 638 409 706 πάσης
435 635 705 705 ἁμαρτίας
740 632 981 687 δυσώπει
1030 632 1123 684 τὸν
1154 630 1355 703 Κύριον
1391 632 1516 694 τοὺς
1567 630 1790 693 δούλους

226 746 342 782 σου.

287 818 594 888 Εὐλογητὸς
617 812 689 882 εἴ,
717 817 913 881 όΘεὸς,
946 818 974 869 ό
1004 817 1218 887 μήτραν
1246 814 1523 886 Παρθένου
1548 815 1789 869 καθυπο-

221 911 339 975 δυς,
374 911 470 962 καὶ
505 909 683 973 σώσας
721 910 813 963 τὸν
867 908 1172 979 ἄνθρωπον,
1201 910 1229 961 ὁ
1285 907 1659 979 ὑπερύμνητος
1696 908 1790 960 καὶ

223 1002 610 1070 ύπερὲνδοξος.

304 1094 398 1145 Ἐκ
431 1092 523 1145 σοῦ
572 1092 704 1156 Θεὸς
760 1092 1026 1159 ἀνέτειλε,
1064 1094 1155 1147 καὶ
1185 1092 1482 1164 θεογνωσὶᾳ
1515 1092 1788 1163 κατελάμ-

224 1203 392 1256 πρυνε
414 1187 538 1249 τοὺς
572 1186 1011 1257 έσκοτισμένους,
1049 1186 1369 1257 πανύμνητε
1407 1186 1677 1258 Παρθένε.

289 1368 480 1437 Ψέρεις
502 1367 692 1437 ὥσπερ
726 1367 913 1437 θρόνος
948 1374 1172 1435 πύρινος
1226 1368 1457 1438 νεύματι
1494 1367 1585 1421 τὸν
1612 1370 1789 1422 πάντα

220 1459 477 1527 φέροντα,
512 1457 607 1511 καὶ
638 1456 912 1527 θηλάζεις,
946 1458 1208 1528 Παρθένε,
1249 1458 1340 1511 τὸν
1371 1459 1547 1512 πάντα
1572 1458 1787 1529 διατρέ-

221 1565 413 1616 (porta.

256 1695 361 1748 Ἐκ
393 1693 500 1748 τοῦ
540 1695 797 1760 κανόνος
830 1692 939 1763 τῆς
988 1694 1191 1763 τρίτης
1242 1696 1330 1761 εἰς
1354 1694 1462 1748 τὸν
1494 1698 1759 1764 Ὄρθρον.

299 1820 491 1875 Ῥῦσαι
522 1820 808 1915 συνηθείαις
856 1838 945 1891 με,
1004 1819 1147 1891 ἁγνὴ
1183 1821 1451 1893 Παρθένε,
1516 1826 1781 1892 πονηρᾶς,

1893 644 2138 701 precare,
2165 638 2223 683 ut
2252 630 2319 684 ab
2345 629 2495 682 omni
2526 638 2746 698 peccato
2775 629 2967 683 liberet
2994 643 3178 685 servos
3209 638 3355 683 tuos.

1961 813 2122 883 275
2144 813 2465 869 Benedictus
2486 829 2565 876 es,
2586 811 2747 877 Deus,
2767 814 2857 882 qui
2887 821 3097 866 uterum
3121 809 3356 881 Virginis
3383 814 3467 868 in-

1890 906 2129 978 gressus,
2192 907 2505 961 hominibus
2591 906 2825 959 salutem
2873 902 3103 959 attulisti
3137 920 3152 957 :
3184 906 3465 975 superlau-

1893 998 2089 1053 dabilis
2121 1016 2200 1066 cs,
2230 1009 2284 1052 et
2316 998 2757 1067 supcrgloriosus

1963 1094 2039 1146 Ex
2071 1103 2140 1157 te,
2176 1108 2208 1147 ο
2243 1092 2400 1159 Virgo
2428 1092 2799 1154 celeberrima,
2827 1098 3082 1158 tanquam
3122 1088 3201 1144 sol
3240 1098 3461 1142 exortus

1889 1193 1973 1240 est
1999 1184 2165 1247 Deus,
2193 1193 2246 1237 et
2275 1198 2369 1236 eos
2392 1184 2483 1250 qui
2518 1184 2569 1235 in
2603 1180 2841 1236 tenebris
2865 1180 3236 1242 versabantur,
3265 1177 3462 1231 divina:

1889 1275 2213 1346 cognitionis
2236 1274 2354 1327 luce
2383 1274 2688 1349 illustravit.

1961 1368 2152 1422 Gestas
2187 1360 2457 1435 tauquam
2502 1367 2730 1419 thronus
2766 1366 2956 1433 igneus
2996 1364 3167 1427 illum,
3210 1364 3297 1431 qui
3329 1371 3459 1415 nutu

1890 1469 2064 1530 gestat
2094 1460 2385 1523 universa;
2418 1467 2470 1512 et
2502 1458 2637 1512 lacte
2672 1459 2866 1521 nutris,
2900 1474 2932 1511 o
2965 1455 3151 1525 Virgo,
3185 1455 3333 1509 illum
3364 1457 3459 1524 qui

1888 1551 2146 1605 erunibus
2178 1552 2268 1603 dat
2298 1550 2638 1603 alimentum.

2012 1693 2099 1746 Ea:
2130 1708 2330 1747 canone
2359 1692 2563 1760 duplici
2608 1691 2760 1761 feria:
2809 1707 2872 1746 Ill
2909 1692 2977 1744 ad
3002 1692 3344 1748 Matutinum.

1965 1820 2156 1875 Libera
2189 1837 2296 1888 me,
2330 1820 2493 1889 Virgo
2545 1830 2717 1886 casta,
2752 1835 2781 1874 a
2823 1835 2988 1891 prava
3023 1820 3414 1875 consuetudine
3443 1836 3459 1874 :

220 1911 475 1984 στήριζον
513 1913 606 1967 ἐπὶ
657 1898 863 1986 πέτραν
900 1912 1127 1966 ἐντολῶν
1184 1913 1650 1984 περιτρεπόμενον
1683 1934 1781 1983 με-

1887 1916 2037 1968 ﬁrma
2063 1930 2223 1984 supra
2256 1924 2463 1982 petram
2495 1911 2801 1967 divinorum
2862 1912 3267 1972 mandatorum,
3294 1928 3327 1967 ο
3358 1911 3459 1967 Do-

222 2004 455 2070 θοδείας,
486 2005 774 2069 Δέσποινα,
831 2004 926 2057 τοῦ
986 2002 1220 2059 παλαιοῦ
1266 2006 1610 2075 πτερνιστοῦ,
1682 2008 1777 2061 καὶ

218 2094 453 2160 ἀξίωσον
481 2097 579 2166 ἐμὲ
606 2096 829 2168 Χριστῷ
856 2096 1223 2168 εὐαρεστῆσαι
1251 2096 1429 2161 καλῶς
1459 2097 1653 2169 ᾄδοντα
1687 2101 1782 2152 καὶ

217 2190 489 2258 ψάλλοντα
512 2188 781 2242 ἐπινίκιον
811 2187 976 2258 ᾠδὴν.

288 2372 530 2436 Τέτοκας
595 2372 920 2442 ἀπορῤήτως
975 2370 1180 2424 ὠδίνων
1227 2371 1452 2427 ἄνευθεν
1498 2371 1556 2423 ὃν
1592 2372 1783 2443 Πατὴρ

220 2465 327 2534 πρὸ
394 2463 606 2516 αἰώνων
673 2462 992 2534 ἁρῤεύστως
1029 2463 1392 2532 ἀπεγέννησε,
1471 2463 1783 2534 πανύμνητε

225 2556 523 2617 Δέσποινα,
575 2555 633 2608 ὃν
655 2554 894 2608 δυσώπει
930 2554 1202 2618 σώζεσθαι
1228 2554 1336 2608 ἀπὸ
1372 2555 1547 2627 πάσης
1581 2556 1785 2628 βλάὀης

217 2643 343 2706 τούς
372 2662 454 2697 σοι
481 2642 944 2715 προστρέχοντας.

290 2738 406 2807 Τῆς
450 2740 740 2807 μετανοίας
786 2738 957 2819 πύλας
1014 2737 1111 2791 νῦν
1147 2755 1236 2808 μοι
1284 2736 1593 2805 ὑπάνοιξον,
1641 2740 1783 2808 πὶλη

218 2831 421 2896 φωτὸς,
450 2828 714 2901 Παρθένε,
750 2830 845 2884 καὶ
875 2830 1114 2894 εἰσόδους
1156 2828 1266 2882 τῶν
1313 2829 1501 2884 παθῶν
1529 2831 1782 2884 ἀπόκλει-

220 2934 310 2971 σον
338 2921 439 2989 τῆς
464 2922 727 2992 ταπεινῆς
760 2938 861 2992 μου
894 2922 1095 2992 ψυχῆς.

294 3011 456 3081 Ἀγία
501 3012 944 3084 Παρθενομῆτορ,
998 3014 1135 3086 μόνη
1192 3015 1528 3085 πανύμνητε,
1584 3015 1784 3083 ἐγκλη-

219 3104 411 3172 μάτων
447 3103 637 3174 μώμου
668 3106 815 3175 ἠμᾶς
856 3104 1187 3174 ἀπάλλαξον,
1236 3106 1471 3175 φώτισον
1503 3106 1658 3177 ἡμῶν
1692 3107 1783 3159 τὸν

1887 2007 2189 2070 tuina,_me,
2219 2004 2313 2073 qui
2360 2004 2754 2059 circutnvertor
2795 2018 2858 2056 ac
2888 2003 3276 2073 circumagitur
3322 2003 3460 2056 insi-

1885 2098 1991 2153 diis
2025 2097 2450 2167 supplantatoris
2490 2096 2734 2164 antiqui:
2777 2105 2832 2151 et
2871 2096 3095 2166 dignum
3138 2112 3221 2149 me
3260 2094 3366 2159 fac,
3398 2104 3456 2147 ut

1887 2202 1939 2247 et
1964 2206 2064 2261 ego
2102 2191 2321 2246 Christo
2352 2191 2564 2260 placere
2605 2189 2806 2259 possim
2843 2188 3069 2259 pulchre
3093 2185 3360 2252 cauendo,
3388 2200 3454 2240 ac

1884 2283 2161 2353 psallendo
2183 2283 2455 2337 canticum
2487 2281 2748 2336 victor-ite.

1957 2374 2219 2444 Peperisti
2248 2373 2593 2429 ineﬂ‘ahiliter
2637 2373 2753 2427 sine
2786 2370 3071 2426 doloribus
3104 2371 3254 2425 illum
3292 2385 3453 2441 quem

1892 2468 2051 2523 Pater
2082 2478 2208 2521 ante
2233 2466 2430 2521 saecula
2464 2454 2945 2534 incorruptibiliter
2968 2464 3276 2533 generavit;
3296 2478 3456 2533 quem

1898 2561 2220 2629 deprecare,
2270 2574 2304 2615 ο
2356 2557 2582 2614 Domina
2633 2556 3038 2621 laudatissima,
3081 2564 3141 2609 ut
3188 2554 3258 2610 ab
3308 2554 3457 2610 Ouini

1884 2652 2101 2706 laesione
2126 2658 2408 2706 serventur
2440 2650 2474 2703 ii
2509 2649 2601 2720 qui
2633 2656 2931 2704 accurrunt
2954 2649 3019 2701 ad
3053 2661 3123 2700 te.

1954 2743 2294 2799 Pmnitentite
2324 2752 2506 2812 portas
2537 2742 2683 2811 aperi
2741 2755 2887 2794 nunc
2919 2740 3076 2803 mihi,
3109 2738 3273 2807 Virgo
3302 2749 3456 2809 porta

1884 2835 2046 2901 lucis,
2078 2844 2132 2890 et
2161 2835 2352 2890 claude
2389 2835 2668 2904 ingressus
2708 2833 3022 2904 passionum
3078 2831 3301 2887 misella:
3329 2832 3450 2884 ani-

1885 2943 1986 2981 ma:
2012 2942 2162 2981 mete.

1957 3018 2155 3072 Sancta
2192 3016 2356 3087 Virgo
2381 3016 2570 3082 Mater,
2616 3031 2722 3070 una
2753 3015 2899 3070 omni
2929 3014 3085 3069 laude
3116 3014 3459 3084 dignissima,

1886 3128 1916 3165 a
1950 3112 2070 3164 deli«
2094 3120 2269 3163 torum
2305 3110 2530 3162 maculis
2562 3109 2727 3162 libera
2782 3123 2881 3161 nos
2916 3124 2930 3160 :
2968 3107 3212 3160 illumina
3249 3114 3456 3161 nentes

216 3193 498 3263 λογισμὸν,
524 3195 751 3263 ἁγίασον
769 3197 1015 3267 καρδίαν,
1044 3199 1137 3251 καὶ
1156 3199 1380 3261 αἱωνίας
1399 3200 1548 3269 ἡμᾶς
1577 3198 1783 3262 πάντας

1888 3213 2145 3266 nostras;
2212 3202 2491 3257 Sanetiﬁca
2591 3201 2753 3254 corda
2850 3208 3075 3263 nostra;
3159 3212 3457 3265 omnesque

216 3286 493 3358 λύτρωσαι
517 3289 809 3361 καταδίκης
829 3289 1079 3360 δεόμεθα.

298 3380 368 3432 Ίι
420 3380 695 3448 πάναγνος
744 3382 1030 3447 Δέσποινα,
1090 3384 1513 3455 ἁμαρτανόντων
1560 3387 1593 3455 ἡ
1648 3403 1781 3453 προ-

218 3472 438 3533 στασία,
485 3472 594 3523 τῶν
647 3474 955 3527 πιπτόντων
1006 3477 1040 3547 ὴ
1087 3476 1203 3529 θεία
1256 3476 1645 3547 ἐπανόρθωσις,
1706 3476 1783 3541 ὼς

216 3560 351 3614 Θεὸν
389 3561 625 3617 τεκοῦσα
648 3562 952 3627 δοξάζεται.

303 3746 559 3817 Ἐλέησόν
620 3766 709 3818 με,
769 3748 904 3820 μόνη
961 3749 1298 3821 πανύμνητε,
1375 3751 1465 3805 τὸν
1517 3752 1783 3822 ἐλεήμονα

218 3840 352 3894 Θεὸν
392 3841 662 3912 ὑπερὸολῇ
693 3842 1025 3911 ἁγαθότητος
1076 3842 1494 3914 ἁνερμηνεύτως
1527 3843 1780 3910 τεκοῦσα,

216 3934 309 3983 καὶ
339 3929 508 4001 ῥῦσαι
537 3930 756 3983 αἰωνίου
785 3930 1086 3996 κολάσεως.

285 4109 445 4180 Πύλη
479 4111 749 4165 ἀδιόδευτε
776 4113 871 4184 τῆς
891 4112 1072 4184 δόξης,
1103 4113 1357 4186 ἄχραντε,
1394 4115 1656 4183 διάνοιξὸν
1692 4135 1783 4185 μοι

217 4208 316 4277 τῆς
353 4205 648 4276 μετανοίας
704 4206 902 4269 πύλας,
962 4206 1297 4278 προξενήσας
1358 4226 1449 4279 μοι
1489 4210 1584 4272 τὰς
1636 4209 1783 4274 θείας

216 4296 461 4358 εἰσόδους
492 4297 585 4348 καὶ
615 4298 711 4377 τῂν
741 4297 857 4348 ἐκεῖ
894 4296 1258 4350 κατάπαυσιν.

291 4478 431 4531 Θεὸν
459 4477 681 4548 ἀρρήτῳ
707 4477 872 4548 λόγῳ,
898 4477 1340 4551 Παρθενομῆτορ,
1372 4479 1608 4548 ἑκύησας
1653 4480 1784 4550 ἡμῖν

1888 3311 1988 3349 nos
2017 3297 2084 3347 ah
2121 3303 2336 3347 πίθηκε
2367 3291 2734 3345 damnationis
2764 3290 3029 3345 sententia
3068 3289 3234 3358 eripe,
3271 3298 3320 3341 te.
3342 3303 3460 3357 pre-

1883 3400 2094 3440 camur.

1955 3480 2273 3534 Castissima
2339 3478 2587 3540 Domina,
2646 3487 2989 3547 peccatorum
3056 3473 3456 3543 patrocinium;

1886 3572 2196 3628 cadentium
2220 3571 2421 3625 erectio
2455 3570 2659 3634 divina,
2695 3584 2815 3636 qua:
2854 3567 3022 3620 Deum
3071 3565 3301 3636 peperit,
3339 3563 3456 3634 glow

1886 3665 2151 3719 riﬁcatur.

1960 3754 2217 3810 Miserere
2249 3751 2373 3815 mei,
2398 3765 2431 3804 ο
2464 3751 2575 3804 sola
2610 3750 2678 3803 ab
2707 3747 2972 3802 universis
2998 3746 3303 3811 laudanda;
3333 3759 3456 3815 qua:

1887 3846 2292 3902 misericordem
2345 3842 2511 3895 Deum
2545 3842 2614 3895 ob
2644 3841 2863 3893 nimiam
2906 3838 3075 3908 ipsius
3130 3837 3452 3903 bonitatem,

1886 3938 2047 3991 modo
2091 3934 2438 3990 inenarrabili
2483 3933 2735 4004 peperisti
2769 3950 2782 3986 :
2816 3932 2961 3985 etab
2997 3929 3216 3984 aeternis
3245 3928 3455 3998 suppli-

1885 4032 1985 4085 ciis
2006 4029 2154 4098 eripe
2181 4042 2286 4081 me.
2315 4066 2322 4078 .

1953 4119 1998 4177 Ο
2063 4119 2436 4179 immaculata,
2506 4127 2655 4187 porta
2712 4116 2894 4186 gloriae
2950 4129 3043 4184 per
3092 4128 3253 4181 quam
3318 4111 3452 4166 nulli

1895 4213 2126 4268 transire
2172 4211 2335 4281 276
2376 4210 2519 4272 licet,
2553 4207 2878 4278 pmuitemizc
2910 4215 3092 4275 portas
3123 4203 3268 4272 aperi
3299 4202 3450 4265 mihi,

1895 4305 2143 4375 pandens
2204 4304 2334 4357 mihi
2402 4302 2606 4355 aditum
2668 4301 2734 4354 ad
2797 4300 3008 4353 divinos
3073 4297 3351 4366 ingressus
3402 4303 3456 4349 ct

1888 4400 1954 4453 ad
2002 4397 2245 4467 requiem
2276 4395 2557 4467 futuram.

1901 4539 1916 4555 ,
1960 4488 2136 4542 Verbo
2185 4486 2436 4540 ineffabili
2490 4488 2655 4540 Deum
2706 4484 2980 4555 peperisti,
3012 4500 3044 4537 ο
3076 4482 3239 4555 Virgo
3262 4481 3450 4543 Mater.

222 4572 364 4625 πᾶσι
404 4568 694 4640 μετάνοιαν
724 4569 932 4624 δίδοντα
962 4573 1073 4633 τοῖς
1104 4571 1271 4622 πολλὰ
1302 4571 1550 4650 πταίουσι
1571 4570 1657 4623 διὰ
1686 4587 1780 4639 με-

1887 4579 1975 4650 qui
2005 4579 2326 4648 poenitentiae
2355 4580 2585 4646 Spatium
2628 4577 2719 4632 dat
2751 4578 2905 4632 nobis
2946 4576 3197 4631 omnibus
3246 4575 3451 4629 multo-

218 4661 427 4723 σιτείας
457 4676 551 4712 σου
578 4658 678 4728 τῆς
709 4660 941 4730 ἀγαθῆς,
975 4660 1264 4730 καταῴυγὴ
1286 4645 1393 4711 τῶν
1440 4658 1645 4712 πιστῶν
1690 4657 1786 4712 καὶ

215 4753 407 4823 λιμήν.

284 4842 669 4912 Θεοχαρίτωτε
700 4840 892 4911 σκηνὴ,
927 4840 1019 4893 τοῦ
1048 4840 1381 4910 ἁγιάσματος
1411 4841 1581 4912 σεπτὴ
1620 4842 1783 4895 κιϐω-

214 4938 300 4999 τὲ,
334 4934 532 5005 λυχνία
556 4934 700 4987 θείου
729 4935 926 5004 φωτὸς,
958 4934 1120 5005 ἄρτου
1143 4936 1287 5003 ζωῆς
1314 4935 1582 5006 τράπεζα,
1611 4937 1785 5003 Λόγου

214 5029 487 5083 παλάτιον
506 5026 770 5097 ἔμψυχον,
804 5022 951 5080 οἷκον
983 5026 1297 5097 Πνεύματός
1332 5044 1398 5097 με
1420 5027 1608 5091 δεῖξον.

289 5212 568 5280 Καταιγίς
599 5211 827 5281 χείμαζέ
887 5216 953 5282 μέ
1004 5210 1296 5279 ἁμαρτίας,
1340 5211 1573 5281 ἄχραντε
1624 5213 1782 5279 ἁγνὴ,

217 5308 462 5362 σπεῦσον
514 5304 791 5369 ἐξελέσθαι
853 5321 921 5372 με
959 5304 1255 5373 εἰσάγουσα
1321 5304 1609 5374 μετανοίας
1652 5306 1786 5367 ποὺς

213 5399 345 5458 τοὺς
382 5395 632 5462 λιμένας,
665 5395 995 5464 πανάμωμε.

286 5486 479 5554 Λιμὴν
511 5485 772 5555 σωτήριος
812 5484 1057 5554 ἐδείχθης
1102 5486 1289 5550 πᾶσιν,
1314 5484 1477 5557 ἁγνὴ,
1509 5484 1695 5540 παθών
1728 5485 1789 5539 τὸ

216 5576 517 5632 κλυδώνιον
544 5576 1027 5646 καταπραΰνουσα,
1073 5578 1208 5647 πρὸς
1230 5578 1472 5649 γαλήνην
1498 5596 1554 5631 τε
1581 5578 1786 5641 πάντας

220 5670 543 5738 μετάγουσα
592 5666 694 5739 τῆς
744 5670 1053 5738 μετανοίας,
1101 5671 1296 5741 σεμκῖὴ,
1342 5671 1466 5733 τοὺς
1494 5672 1549 5723 ὲν
1585 5672 1654 5740 γῇ
1696 5687 1787 5722 τα-

217 5777 469 5825 πεινους.

1888 4688 2009 4727 rum
2060 4673 2307 4741 lapsuum
2362 4673 2489 4734 reis,
2520 4686 2615 4739 per
2659 4670 2950 4737 benignam
3006 4666 3449 4721 intercessionem

1888 4775 2060 4829 tuam,
2092 4779 2125 4818 o
2148 4761 2435 4831 refugium,
2464 4772 2515 4816 et
2545 4773 2728 4831 portus
2769 4762 3028 4815 ﬁdelium.

1955 4852 2000 4907 Ο
2034 4854 2138 4906 Deo
2188 4851 2570 4905 charissimum
2633 4849 3083 4903 tabernaculum:
3126 4862 3251 4901 arca
3295 4860 3455 4900 vene-

1889 4946 2053 4996 randa
2102 4940 2588 5004 sanctificationis;
2625 4940 2818 4993 diviuze
2856 4938 2992 4992 lucis
3032 4935 3449 5001 candelabrum;

1891 5044 2075 5083 mensa
2104 5030 2258 5098 panis
2292 5029 2436 5094 vitae,
2465 5029 2719 5098 palatium
2761 5027 2923 5082 Verbi
2960 5028 3291 5081 animatum:
3329 5025 3452 5095 Spi-

1890 5123 2025 5177 ritus
2051 5122 2226 5175 sancti
2259 5122 2517 5191 templum
2554 5122 2702 5176 eliice
2730 5139 2834 5175 me.

1959 5211 2311 5267 Peccatorum
2370 5223 2690 5282 tempestate
2721 5215 2917 5279 jaclor,
2950 5228 2982 5266 o
3027 5210 3192 5281 Virgo
3242 5224 3455 5264 summe

1902 5320 2060 5374 pura,
2092 5315 2238 5359 easta
2271 5316 2324 5360 et
2344 5292 2721 5370 immaculata;
2746 5294 2934 5360 festina
2966 5317 3023 5359 ut
3044 5304 3241 5373 eripias
3272 5318 3379 5368 me,
3404 5312 3458 5357 et

1890 5399 1952 5452 ad
1986 5397 2314 5467 pmuilenliae
2346 5408 2531 5466 portus
2568 5397 2821 5452 deducito
2855 5414 2960 5452 me.

1959 5488 2157 5543 Portus
2228 5490 2480 5544 salutaris
2533 5489 2670 5544 facta
2734 5505 2791 5543 es
2847 5491 3132 5551 universis,
3193 5502 3225 5540 ο
3292 5485 3457 5553 Virgo

1889 5591 2062 5644 casta,
2102 5596 2223 5650 qua:
2258 5581 2568 5649 passionum
2623 5592 2970 5651 tempestates
3028 5582 3332 5648 [luctusque
3372 5596 3459 5633 se-

1889 5674 1986 5726 das
2013 5690 2075 5725 ac
2102 5689 2347 5735 serenas,
2381 5684 2541 5742 atque
2583 5690 2773 5730 omnes
2811 5676 2902 5745 qui
2944 5676 2995 5726 in
3031 5684 3171 5727 terra
3206 5682 3331 5727 sunt
3357 5671 3457 5724 tui-

1890 5766 2172 5831 scrahilcs,
2205 5766 2269 5819 ad
2325 5768 2655 5835 ptenitentia:
2711 5768 3179 5839 tranquillitatem,
3221 5781 3254 5820 o
3298 5778 3457 5819 vene-

1891 5860 2080 5927 randa,
2114 5861 2387 5930 perducis.
