4180 6450
745 406 883 473 1319

1872 396 1933 455 ὃ.
1982 389 2295 454 JOSEPIII
2335 387 2701 449 HYMNOGR
2715 387 2897 448 APHI

3848 383 4002 453 1320

816 521 1023 578 Novum
1064 530 1293 589 puerum
1325 510 1603 586 peperisti,
1630 506 2002 579 opurissima,
2036 504 2315 560 Christum

2496 502 2638 555 Νέον
2690 499 3018 570 ἀπεκύησας
3072 500 3306 563 παιδίον,
3360 500 3695 573 πανάμωμε,
3752 502 4002 575 Χριστὸν

746 615 977 673 scilicet.
1010 611 1103 682 qui
1128 625 1231 665 nos
1258 606 1475 675 antiqua
1508 600 1943 674 transgressione
1968 599 2315 660 inveteratus,

749 707 803 759 in
827 719 1020 757 novam
1048 700 1309 755 reformat
1352 707 1685 749 creaturam.

818 795 1150 866 Augelorum
1178 789 1369 860 gloria,
1406 786 1801 852 hominumque
1830 780 2005 842 salus,
2040 787 2160 833 esto
2188 775 2318 831 mihi

748 883 1089 953 ﬁdejussoris
1119 881 1259 941 loco,
1287 892 1320 931 ο
1356 888 1526 930 mater
1556 874 1670 937 Dei,
1692 883 1751 926 ut
1777 876 2065 925 convertar
2098 878 2153 922 et
2188 866 2321 922 resi-

754 980 984 1048 piscam,
1016 986 1068 1028 et
1093 971 1482 1042 indulgentiam
1523 975 1870 1037 peccatorum
1925 961 2320 1031 prmteritorum

754 1088 849 1142 per
882 1067 1167 1125 scientiam
1197 1066 1616 1131 eastitatemque
1647 1058 1935 1127 recipiam.

823 1160 1087 1216 Eraltasti
1133 1174 1234 1212 nos
1264 1157 1482 1211 sublimi
1520 1163 1674 1223 partu
1712 1161 1803 1204 tuo
1839 1164 1867 1203 a
1910 1147 2167 1203 barathro
2198 1161 2326 1216 pec—

756 1268 1002 1309 eatomm
1026 1271 1041 1319 ;
1069 1270 1102 1307 o
1130 1252 1312 1306 divina
1347 1248 1519 1319 gratia
1577 1244 1892 1315 plenissima
1920 1257 1933 1293 :
1969 1240 2323 1309 quamobrem

753 1350 979 1403 vocibus
997 1358 1209 1417 gratum
1231 1336 2009 1400 animumdemonstrantibus,
2032 1344 2103 1398 te,
2124 1333 2325 1403 puella,

753 1442 1043 1497 laudamus
1065 1440 1117 1494 in
1153 1437 1335 1491 omnia
1364 1432 1583 1488 Saecula.

823 1534 867 1587 0
900 1533 1008 1588 Deo
1035 1530 1365 1601 gratissima,
1394 1538 1449 1582 tu
1479 1525 1617 1580 facta
1652 1538 1713 1579 es
1754 1523 1928 1577 nubes
1975 1518 2175 1579 lucida,
2206 1530 2327 1586 qua:

755 1628 1029 1695 przccessit
1062 1637 1265 1678 novum
1315 1620 1577 1690 populum
1604 1618 1672 1670 ad
1726 1626 1926 1669 terrain
1979 1626 2163 1667 veram
2198 1624 2325 1677 pro-

755 1718 1070 1785 missiOnis;
1107 1726 1159 1771 et
1204 1722 1380 1784 porta,
1421 1726 1542 1781 qua:
1572 1708 1778 1762 aditum
1830 1705 1952 1760 fecit
2004 1705 2071 1757 ad
2106 1703 2269 1756 vitam
2309 1716 2323 1753 :

756 1822 1035 1878 propterea
1082 1818 1149 1871 te,
1170 1822 1202 1859 o
1230 1806 1481 1873 Deipara,
1521 1799 1953 1869 ntagnifieamus.

2418 596 2519 667 τὴν
2550 596 2857 649 ἀναπλασιν
2889 593 3049 663 ἡμῶν
3111 594 3479 665 ἐργαζόμενον
3523 594 3633 648 τῶν
3669 596 4001 650 πεπαλαιω-

2421 689 2600 760 μένων
2626 690 2694 757 τῇ
2736 685 2938 758 ἀρχαίᾳ
2964 683 3298 754 παραϐάσει.

2504 780 2777 849 ’Δγγέλων
2815 777 3099 848 καύχημα,
3163 775 3376 847 βροτῶν
3424 775 3744 847 διάσωσμα,
3785 776 4001 847 ίγγυη-

2418 875 2520 943 τής
2557 890 2657 943 μου
2686 870 2871 940 γενοῦ,
2920 869 3115 940 Μῆτερ
3145 867 3305 936 Θεοῦ,
3356 869 3505 933 ὅπως
3549 867 3865 939 ἐπιστρέψω
3900 870 4002 922 καὶ⁵

2420 967 2735 1036 κομίσωμαι
2781 964 2937 1019 λύσιν
2968 964 3077 1018 τῶν
3127 964 3648 1035 προημαρτημένων
3692 964 3750 1016 ὲν
3794 961 4001 1031 γνώσει

2421 1060 2512 1112 καὶ
2539 1059 2753 1131 ἀγνοίᾳ.

2495 1150 2760 1218 ’Υψωσας
2808 1149 2957 1219 ἡμᾶς
3012 1147 3091 1219 τῷ
3139 1146 3329 1219 ὑψηλῷ
3364 1165 3456 1201 σου
3502 1148 3647 1218 τόκῳ
3703 1146 4000 1219 βαράθρων

2427 1248 2823 1313 συμπτώσεως.
2875 1241 3271 1311 Θεοχαρίτωτε,
3304 1239 3427 1293 ὅθεν
3476 1241 3682 1309 φωναῖς
3728 1253 3790 1290 σε
3836 1255 4000 1309 χαρι-

2428 1334 2673 1403 στηρίοις
2732 1336 2939 1399 πίστει,
2995 1333 3171 1404 Κόρη,
3222 1330 3595 1402 ἁνυμνοῦμεν,
3651 1331 3731 1394 είς
3786 1329 3998 1390 πάντας

2426 1430 2551 1491 τοὺς
2584 1426 2811 1489 αἰῶνας.

2498 1518 2799 1589 Φωτοειδὴς
2830 1518 3051 1587 νεφέλη,
3076 1517 3465 1588 προηγουμένη
3513 1514 3637 1568 νέου
3678 1513 3809 1567 λαοῦ
3856 1512 4000 1583 πρὸς

2428 1613 2533 1683 γῆν
2573 1611 2911 1679 ἐπαγγελίας
2952 1610 3191 1679 ἀληθῶς,
3238 1609 3634 1679 Θεοχαρίτωτε,
3659 1606 4001 1678 ἀνεδείχθης,

2428 1707 2525 1758 καὶ
2579 1705 2721 1775 πύλη
2768 1704 3065 1772 εἰσάγουσα
3111 1703 3249 1774 πρὸς
3300 1702 3443 1772 ζωήν
3472 1718 3487 1731 '
3518 1702 3597 1757 διό
3630 1720 3711 1769 σε,
3746 1700 4004 1762 θεοτόκε,

2432 1796 2832 1867 μεγαλύνομεν.

832 1901 967 1953 Vere
1000 1911 1053 1951 tu
1090 1898 1228 1951 facta
1264 1912 1345 1958 es,
1378 1910 1409 1947 o
1444 1891 1792 1948 immaculata
1816 1885 1999 1956 Virgo,
2041 1882 2327 1939 luciferum

2502 1886 2822 1957 Φωτοφόρον
2870 1885 3057 1957 ὄχημα
3084 1884 3175 1938 τοῦ
3216 1883 3399 1939 Ἠλίου
3425 1883 3613 1956 ὤφθης
3644 1882 3862 1952 ἀληθῶς
3908 1881 4007 1935 τοῦ

758 1992 1061 2045 vehiculum
1122 1989 1267 2044 Solis
1325 1983 1609 2053 illius,qui
1652 1998 1718 2036 ex
1748 1980 2048 2036 visceribus
2079 1979 2185 2033 tuis
2244 1992 2332 2032 re-

757 2084 927 2148 fulsit,
944 2083 1103 2153 277
1119 2092 1172 2137 et
1198 2080 1550 2153 gravissimas
1578 2075 1781 2129 fraudis
1804 2075 2055 2128 tenebras
2068 2072 2334 2139 dissolvit;

758 2176 899 2229 unde
926 2187 973 2229 te
998 2191 1095 2245 pro
1125 2177 1317 2228 merito
1334 2187 1397 2226 ac
1422 2170 1606 2224 debito
1628 2184 1748 2222 cum
1776 2165 1879 2220 fide
1898 2164 2334 2235 magnificamus.

998 2282 1081 2335 Ea:
1108 2298 1305 2335 canone
1342 2281 1489 2349 feria:
1548 2294 1596 2331 tv
1631 2278 1700 2329 ad
1741 2274 2089 2329 Malutinum.

826 2392 963 2447 Cum
1027 2392 1315 2445 Dominum
1369 2405 1433 2444 ex
1477 2401 1634 2441 utero
1678 2396 1769 2439 tuo
1815 2394 2025 2445 natum,
2053 2384 2106 2436 in
2158 2382 2339 2438 crucis

761 2486 908 2554 ligno
937 2484 1137 2552 injuste
1163 2484 1458 2535 exaltatum
1484 2478 1971 2540 animadverteres,
1993 2490 2025 2529 o
2050 2473 2235 2544 Virgo,
2260 2476 2309 2528 la
2328 2509 2341 2518 ι

761 2592 971 2647 crymas
1018 2574 1304 2638 fundebas,
1334 2581 1387 2626 et
1428 2571 1575 2625 illius
1620 2583 1845 2638 prorsus
1893 2567 2166 2621 infinitam
2231 2565 2337 2619 hu-

762 2667 1119 2722 miliationcm
1154 2664 1408 2718 laudibus
1432 2661 1752 2717 extollehas.

832 2757 1080 2811 Laudant
1115 2765 1167 2810 te
1200 2754 1351 2809 ebori
1402 2750 1656 2822 angelici,
1707 2763 1741 2803 ο
1779 2748 2034 2803 omnibus
2088 2746 2342 2802 laudibus

760 2848 1131 2911 celebranda,
1189 2862 1309 2917 qua:
1372 2846 1493 2901 illos
1552 2841 2045 2911 incomparabiliter
2119 2855 2343 2910 superas

763 2939 1071 3009 dignitate;
1110 2937 1275 2993 Deum
1308 2938 1453 2991 enim
1492 2935 1545 2989 in
1578 2931 2055 3001 caruelpeperisti,
2094 2932 2186 3002 qui
2225 2946 2345 2985 ma-

764 3032 1114 3099 ledictionem
1164 3045 1263 3100 per
1303 3030 1507 3099 lignum
1568 3027 1795 3092 illatam,
1831 3024 1974 3094 ligno
2004 3025 2258 3089 abolevit,
2289 3033 2345 3081 et

765 3122 1166 3175 benedictionis
1187 3119 1389 3174 fontem
1422 3118 1685 3190 profudit.

834 3213 1097 3278 Gladius,
1173 3227 1206 3267 ο
1282 3212 1561 3267 benedicta
1646 3211 1741 3268 Dei
1809 3212 1979 3267 Mater
2017 3253 2033 3279 ,
2104 3208 2411 3292 animaan

767 3315 915 3359 tuam
954 3304 1326 3373 pertransivit,
1376 3319 1499 3358 eum
1543 3302 1739 3359 Filium
1798 3314 1950 3359 tuum
1998 3302 2342 3367 cruciﬁxum,

766 3408 821 3451 et
854 3398 1097 3451 animam
1123 3411 1279 3450 suam
1316 3395 1369 3450 in
1418 3410 1613 3452 manus
1636 3396 1813 3452 Patris
1844 3396 2343 3462 commendantem,

770 3484 976 3540 vidisti.

840 3575 917 3630 Te
972 3575 1544 3630 immaculatissimam
1587 3574 1679 3630 Dei
1734 3573 2064 3630 Genitrieem
2106 3572 2346 3643 appella—

771 3683 893 3721 mus
923 3667 1058 3737 (27),
1090 3684 1185 3736 per
1214 3683 1379 3736 quam
1429 3667 1739 3722 maledictio
1771 3667 1985 3722 sublata
2036 3675 2119 3722 est
2180 3676 2345 3737 atque

769 3761 1061 3823 exstincta,
1098 3770 1153 3813 et
1181 3762 1307 3813 data
1338 3768 1423 3815 est
1445 3759 1769 3829 redemptio,
1792 3773 1846 3815 et
1878 3759 2205 3814 benedictio.

845 3851 1201 3906 Admirabilis
1232 3861 1317 3906 est
1346 3850 1528 3920 proles
1566 3860 1679 3913 tua,
1717 3864 1751 3905 ο
1784 3849 2035 3920 Deipara,
2068 3865 2190 3920 quae
2224 3848 2351 3904 facit

773 3942 1043 3997 mirabilia
1076 3956 1291 4012 magna,
1335 3951 1389 3995 et
1430 3941 1482 3995 in
1517 3942 1723 3997 sanctis
1752 3941 2106 4011 glorificatur,
2141 3956 2174 3996 0
2234 3940 2349 3996 sola

770 4036 921 4090 Omni
951 4050 1015 4089 ex
1042 4043 1193 4104 parte
1223 4035 1557 4089 admirabilis
1597 4035 1851 4089 Domina.

844 4126 996 4181 Nova
1027 4141 1090 4180 ac
1126 4129 1408 4196 peregrina
1439 4137 1522 4182 est
1550 4128 1838 4196 conceptio
1875 4137 1987 4191 tua,
2020 4143 2053 4182 ο
2086 4127 2353 4181 immacu-

774 4218 1074 4284 latissima;
1112 4218 1278 4273 Deum
1309 4219 1453 4272 enim
1502 4217 1754 4290 genuisti.
1790 4219 1882 4288 qui
1920 4218 2065 4288 ligno
2093 4217 2353 4272 exstinxit

776 4308 1057 4364 ﬂammam
1093 4310 1333 4373 malitia,
1364 4319 1417 4363 et
1457 4309 1717 4363 mundum
1746 4310 1865 4364 luce
1896 4308 2151 4379 perfudit.

847 4402 1083 4457 Astabas
1146 4403 1315 4467 cruci,
1349 4417 1383 4456 ο
1471 4402 1698 4457 Domina
1757 4402 1955 4472 puella,
1998 4402 2354 4459 considerans

778 4491 1060 4547 Christum
1092 4508 1253 4561 quem
1288 4507 1601 4563 pepereras,
1632 4494 1684 4547 iu
1718 4494 1807 4547 illa
1862 4493 2135 4548 confixum
2166 4512 2179 4548 :
2216 4510 2353 4565 qua-

2436 1980 2749 2050 λάμψανιος
2776 1983 2840 2034 ὲκ
2862 1979 2972 2034 τῶν
3004 1979 3136 2043 σῶν,
3156 1979 3393 2050 ἄχραντε
3421 1978 3585 2049 ἁγνὴ,
3610 1978 3874 2046 λαγόνων,
3910 1977 4009 2029 καὶ

2436 2073 2697 2137 λύσαντος
2722 2074 2821 2144 τῆς
2865 2073 3083 2143 ἀπάτης
3132 2073 3321 2136 σκότος
3350 2071 3589 2142 χαλεπόν
3612 2083 3629 2099 ⁸
3663 2069 3787 2125 ὅθεν
3826 2070 3885 2122 ὲν
3918 2070 4012 2121 πί·-

2439 2186 2556 2222 στει
2588 2185 2645 2221 σε
2680 2167 3003 2238 καταχρέως
3030 2161 3431 2238 μεγαλύνομεν.

2448 2281 2549 2334 Ἐκ
2574 2280 2680 2335 τοῦ
2707 2280 2965 2345 κανόνος
2993 2277 3102 2345 τῆς
3133 2277 3420 2347 τετάρτης
3450 2277 3539 2343 είς
3598 2276 3706 2329 τὸν
3735 2277 4010 2345 Ὄρθρον.

2509 2390 2640 2442 Ὅτε
2662 2388 2753 2441 τὸν
2787 2390 2850 2441 ὲκ
2884 2388 3121 2459 γαστρός
3188 2404 3283 2442 σου
3332 2386 3591 2457 τεχθέντα
3632 2384 3835 2457 Κύριον
3874 2402 4013 2437 κατ-

2442 2481 2670 2552 ενόησας
2691 2480 2833 2550 ξύλῳ
2856 2479 3058 2543 ἀδίκως
3080 2478 3470 2549 ἁνυψούμενον,
3499 2477 3763 2546 Παρθένε,
3786 2477 4016 2544 ἐδάκρυ-

2442 2587 2562 2634 σας,
2591 2571 2682 2623 καὶ
2710 2568 2900 2623 τούτου
2941 2566 3191 2639 ὖμνησας
3221 2566 3388 2631 ὄντως
3420 2566 3519 2638 τὴν
3550 2566 3778 2636 ἄπειρον
3804 2582 4015 2635 συγκα-

2440 2663 2690 2716 τάσασιν.

2521 2754 2817 2826 ’Υμνοῦσιν
2838 2753 3120 2823 ἀγγελικοὶ
3146 2753 3297 2825 χοροί
3334 2770 3417 2819 σε,
3448 2752 3765 2823 πανύμνητε
3787 2794 3803 2817 ,
3839 2752 4015 2819 ἀσυγ-

2441 2848 2642 2917 κρίτως
2673 2847 2895 2910 τούτους
2926 2845 3023 2917 τὴν
3056 2846 3451 2920 ὑπερέχουσανς
3486 2846 3708 2907 vitm;
3734 2844 3846 2915 γὰρ
3881 2845 4018 2897 Θεὸν

2442 2943 2502 2993 ἐν
2548 2939 2751 3010 σαρκὶ,
2799 2938 2891 2992 τὸν
2929 2937 3072 3009 ξύλῳ
3116 2937 3219 3008 τὴν
3257 2937 3503 3007 κατάραν
3552 2938 3655 3008 τὴν
3704 2936 3794 2990 διὰ
3855 2936 4016 3002 ξλου

2442 3030 2781 3101 ἀφανίσαντα
2807 3070 2825 3095 ,
2852 3031 2946 3085 καὶ
2970 3031 3071 3101 τὴν
3099 3030 3355 3099 εὐλογίαν
3383 3030 3732 3099 myricas“.

2527 3212 2817 3285 Ῥομφαία,
2846 3211 3152 3282 Θεομῆτορ,
3174 3208 3358 3280 διῆλθέ
3388 3225 3507 3272 σου,
3532 3208 3895 3280 εὐλογημένη.
3920 3208 4025 3273 τὴν

2445 3306 2647 3375 ψυχὴν,
2680 3303 2845 3374 ἡνίκα
2874 3299 3012 3365 εἶδες
3040 3300 3445 3372 σταυρούμενον
3476 3301 3567 3353 τὸν
3598 3302 3689 3353 σὸν
3728 3299 3856 3353 my
3880 3338 3901 3367 ,
3925 3301 4024 3354 καὶ

2447 3400 2524 3462 εἰς
2554 3399 2738 3469 χεῖρας
2765 3395 2945 3466 ψυχὴν
2970 3394 3069 3460 τὰς
3102 3393 3377 3466 πατρικὰς
3405 3393 3802 3465 παραθέμενον.

2518 3571 2585 3625 Σὲ
2619 3572 2718 3641 τὴν
2752 3569 3161 3641 παναμὼμητον
3204 3569 3341 3625 Θεοῦ
3384 3572 3749 3641 Λοχεύτριαν,
3773 3572 3844 3627 δι’
3883 3566 3956 3647 ἧς
3986 3577 4022 3647 ἡ

2449 3664 2663 3733 καταρὰ
2696 3663 3097 3735 ἀπεστειρὼθη,
3129 3663 3224 3717 καὶ
3254 3664 3287 3733 ἡ
3325 3662 3705 3735 ἀπολύτρωσις
3735 3665 3832 3719 καὶ
3862 3667 3899 3738 ἡ
3930 3668 4026 3720 εύ-

2448 3756 2603 3826 λογία
2636 3756 2814 3827 ἐδόθη,
2848 3756 3245 3826 μακαρίζομεν.

2520 3849 2843 3920 Θαυμαστὸς
2872 3850 2901 3902 ό
2926 3849 3085 3911 τόκος
3114 3865 3232 3914 σου,
3250 3850 3278 3901 ὁ
3303 3848 3516 3919 μεγάλα
3542 3848 3797 3920 Θαύματα
3824 3854 4023 3919 ποιῶν,

2452 3943 2545 3997 καὶ
2577 3943 2636 3994 ὲν
2663 3943 2773 4003 τοῖς
2802 3940 2975 4008 ἁγίοις
3002 3938 3356 4011 δοξαζόμενος
3376 3982 3391 4007 ,
3422 3941 3649 3996 Θεοτόκε
3669 3981 3684 4008 ,
3716 3942 3853 4014 μόνη
3883 3961 4027 3999 παν-

2452 4035 2733 4103 οαύμαστε
2759 4035 3045 4088 Δέσποινα.

2520 4127 2658 4197 Ξὲνη
2703 4143 2797 4179 σου
2843 4128 2875 4197 ή
2909 4126 3162 4196 γέννησις
3204 4126 3477 4199 ὑπάρχει,
3506 4127 3842 4198 ⁴ιτανάμωμε·
3888 4129 4025 4183 Θεον

2452 4220 2562 4290 γὰρ
2610 4210 2851 4287 ὲκύἠσας
2896 4218 2986 4271 τὸν
3022 4218 3164 4290 ξύλῳ
3195 4221 3512 4291 μαράναντα
3564 4218 3663 4291 τὴν
3705 4220 3879 4290 φλόγα
3927 4226 4025 4294 τῆς

2453 4311 2673 4375 κακίας,
2709 4312 2801 4365 καὶ
2824 4311 3132 4379 φωτίσαντα
3152 4311 3244 4364 τὸν
3270 4313 3494 4384 κόσμον.
3520 4338 3525 4345 ο

2528 4403 2746 4457 Ἱστασο
2772 4402 3011 4474 σταυρῷ,
3046 4404 3402 4470 κατανοοῦσα,
3436 4407 3586 4478 Κόρη
3608 4446 3625 4474 ,
3655 4406 4023 4478 πηγνύμενον,

2456 4498 2746 4564 Δέσποινα,
2772 4498 3008 4566 Χριστὸν
3028 4498 3088 4552 ὃν
3112 4499 3318 4561 ἔτεκες
3345 4498 3466 4551 ὅθεν
3492 4497 3670 4561 mea;-
3690 4500 3783 4571 Μὴ
3800 4501 4026 4555 ἂτεκνύν

781 4594 1003 4654 prOpter
1033 4586 1420 4653 exclamabat»;
1450 4582 1528 4638 Ne
1558 4599 1645 4639 me
1688 4584 1838 4655 prole
1867 4595 2142 4638 carentem
2185 4585 2343 4640 relin-

2459 4608 2525 4661 με
2552 4590 2750 4663 δείξῃς,
2777 4591 2980 4662 ἄναρχε
3003 4590 3240 4663 ἁνάρχου
3269 4591 3479 4662 Πατρός
3509 4590 3605 4645 Υἱὲ
3636 4592 3728 4645 καὶ
3752 4591 3917 4661 Δόγε.

779 4693 938 4747 quas,
967 4693 1000 4732 o
1029 4689 1228 4733 anet-ne
1251 4678 1436 4733 :eterni
1474 4678 1648 4733 Patris
1682 4678 1781 4733 Fili
1814 4686 1866 4733 et
1896 4676 2155 4732 Verbum.

853 4770 1222 4826 Plantatorem
1259 4771 1539 4842 religionis
1569 4786 1632 4826 ac
1657 4770 1895 4841 pietatis,
1924 4772 2103 4841 ipsum
2147 4770 2355 4827 scilicet

780 4863 1130 4939 Creatorem,
1153 4865 1431 4934 peperisti,
1463 4865 1553 4935 qui
1590 4864 1645 4918 in
1674 4865 1832 4919 terris
1858 4879 2039 4918 veram
2067 4864 2348 4918 scientiam

783 4957 1070 5028 plantavit,
1102 4968 1156 5012 et
1196 4959 1631 5041 maledictiouem
1655 4999 1670 5025 ,
1703 4974 1824 5028 qua:
1851 4974 1917 5014 ex
1954 4960 2135 5029 planta
2166 4959 2347 5029 pullu-

786 5051 1014 5115 laverat,
1065 5051 1319 5106 dissolvit
1347 5070 1378 5122 :_
1417 5066 1577 5121 quem
1629 5052 1795 5122 278
1854 5051 1982 5105 dum
2040 5051 2358 5121 magniﬁca-

784 5161 929 5210 mus,
958 5153 1007 5198 te
1028 5160 1264 5215 quoque,
1303 5120 1551 5215 oVirgo,
1585 5120 1793 5200 beatam
1827 5120 2177 5214 appellamus.

857 5268 967 5336 (27)
1005 5264 1069 5321 Et
1099 5268 1315 5336 quidem
1360 5268 1558 5322 decens
1603 5267 1827 5322 omnino
1857 5268 1978 5331 fuit,
2008 5277 2065 5323 ut
2108 5269 2354 5323 Christus

786 5338 1081 5392 faln-ieator
1132 5337 1313 5391 Matris
1334 5336 1626 5405 Emineant
1672 5340 1871 5393 faceret
1917 5341 2356 5394 immaculatissi-

789 5417 953 5470 tuam,
982 5405 1145 5461 eludi
1182 5409 1461 5463 decoraret
1493 5410 1726 5478 puntate
1758 5421 1815 5463 ut
1860 5420 2003 5464 esset
2043 5422 2163 5478 apta
2198 5418 2248 5464 et
2274 5410 2358 5464 di-

790 5495 891 5547 grta
927 5482 989 5531 de
1027 5496 1131 5548 qua
1161 5490 1378 5533 carnem
1417 5490 1739 5542 assumeret,
1772 5495 1838 5534 ne
1890 5481 2261 5549 despiceretur
2289 5481 2359 5534 ab

790 5550 1094 5604 infidelibus
1127 5559 1180 5603 et
1208 5550 1498 5622 haereticis.
1524 5550 1590 5607 Et
1628 5552 1728 5605 hoc
1751 5551 1941 5619 probat
1965 5552 2258 5622 Augustin.
2302 5551 2357 5604 in

790 5622 909 5689 libr.
951 5634 978 5669 ν
1009 5612 1480 5682 contra‘bzereses.
1530 5623 1717 5676 dicens
1751 5612 1804 5675 in
1852 5612 2080 5689 persona
2108 5621 2307 5676 Christi
2344 5638 2357 5674 :

795 5707 812 5737 ι
856 5688 1167 5761 llaecquam
1225 5692 1481 5761 despicis.
1515 5690 1829 5755 Manichaee,
1854 5688 2036 5746 Mater
2087 5708 2203 5746 mea
2247 5703 2348 5755 est,

793 5774 952 5811 manu
988 5759 1244 5833 fabricata
1276 5759 1358 5815 est
1390 5777 1531 5816 mea.
1564 5762 1705 5832 Ergo
1744 5763 1963 5817 Matrem
1996 5778 2059 5817 ex
2090 5779 2196 5833 qua
2258 5778 2356 5815 na-

790 5829 1114 5898 scerer,feei
1148 5848 1283 5901 :ego
1318 5833 1455 5887 viam
1493 5829 1667 5891 itineri
1698 5849 1818 5891 tneo
1848 5829 2166 5906 pra-paravi,
2202 5851 2221 5885 ι
2252 5843 2359 5891 etc.

2520 4774 2828 4844 Φυτουργδν
2875 4774 3116 4842 ὲκύησας
3167 4773 3481 4840 εὐσεϐείας,
3526 4773 3619 4829 τὸν
3677 4776 4024 4850 Δημιουργόν

2455 4867 2752 4936 φυτεύοντα
2780 4866 2874 4921 ἐπὶ
2899 4866 3001 4935 γῆς
3040 4865 3241 4935 γνῶσιν
3272 4865 3448 4936 ἀληθῆ
3476 4868 3571 4921 καὶ
3597 4866 3695 4938 τὴν
3724 4868 4026 4941 unum.

2458 4975 2626 5011 σασαν
2656 4957 2764 5016 ἀπὸ
2791 4956 2959 5026 φυτοῦ
2988 4956 3178 5010 λύοντα
3202 4956 3362 5028 ἀρὰν,
3393 4956 3453 5012 ὃν
3486 4956 3904 5029 μεγαλύνοντες,
3943 4962 4023 5027 σὲ,

2460 5050 2723 5122 ιΙαρΟένε,
2756 5050 3155 5122 μακαρίζομεν.

2452 5271 2510 5325 ln
2542 5269 2739 5342 quibus
2791 5268 2973 5323 verbis
3026 5268 3263 5323 ostendit
3284 5269 3661 5342 Augustinus.
3690 5272 3835 5340 quod
3876 5282 4027 5342 post-

2453 5357 2615 5410 quam
2656 5340 2905 5395 Christus
2966 5349 3223 5409 tauquam
3280 5340 3443 5404 Deus,
3474 5351 3528 5395 et
3570 5344 3790 5409 sapiens
3849 5340 4029 5399 archi-

2454 5421 2626 5465 tectus
2674 5412 2739 5463 ad
2791 5411 3003 5464 libitum
3054 5410 3335 5466 fabricavit
3360 5410 3585 5466 Matrem
3617 5427 3799 5479 suam,
3848 5415 4029 5468 taliter

2454 5498 2573 5536 eam
2604 5479 2892 5535 fabricavit
2931 5495 3049 5537 sme
3098 5480 3281 5553 aliquo
3332 5482 3564 5545 defeezu,
3598 5498 3665 5536 ne
3718 5487 3788 5553 ab
3845 5485 4027 5553 aliquo

2456 5553 2844 5621 despiceretur,
2878 5561 2934 5606 et
2963 5566 3087 5605 eum
3119 5561 3268 5607 tanto
3317 5553 3534 5620 decore,
3562 5562 3614 5606 et
3671 5552 4025 5622 perfectione,

2458 5636 2515 5676 ut
2552 5632 2696 5677 esset
2723 5634 2869 5692 apta,
2894 5634 2947 5677 et
2975 5621 3159 5690 digna,
3194 5632 3253 5677 ut
3284 5638 3347 5679 ex
3371 5640 3432 5678 ea
3460 5621 3681 5679 carnem
3701 5638 4027 5689 assumeret,

2458 5702 2511 5745 et
2576 5694 2656 5759 ,ab
2723 5695 2977 5748 omnibus
3046 5706 3415 5759 veneraretur,
3474 5707 3533 5749 ut
3610 5694 3662 5748 in
3752 5698 4027 5749 canticum

2459 5744 2519 5817 BC.
2536 5744 2808 5889 Ιγῶίςῖιιίἐ
2822 5744 3173 5836 unguium;
3184 5744 3461 5821 sigea-tt
3478 5744 3739 5821 wiactibus
3760 5744 4027 5823 (lingis:

2463 5850 2529 5889 ΒΟ
2557 5853 2568 5889 Ι
2634 5851 2757 5889 nus.

2462 5846 2757 5905 polrtanus.
