4180 6450
182 410 321 473 1321

191 530 294 578 Ἑλ
331 527 436 580 τοῦ
472 525 737 590 Κανόνας
765 521 872 590 τῆς
902 519 1199 588 πέμπτης,
1232 518 1319 582 εἰς
1348 514 1453 567 τὸν
1488 513 1760 581 Ὄρθρον.
1796 513 1840 569 Α

258 637 436 688 Πάλαι
461 636 568 687 τῶν
594 632 889 703 προφητῶν
914 647 972 682 σε
991 630 1147 700 χορὸς
1173 626 1430 681 ἐκάλεσεν
1451 623 1575 694 ὄρος
1601 622 1713 675 θεῖο
1732 638 1763 683 ι,

182 730 433 799 Ιιαρθένε
460 769 473 789 ,
501 731 592 789 καὶ
621 728 797 795 πύλην
827 724 1153 786 άδιόδευτον,
1188 721 1332 783 ὅθεν,
1366 716 1725 784 δ’δσωποῦμεν
1753 756 1766 779 ,

182 823 486 891 μετανοίας
521 822 715 885 πύλας,
751 815 1199 888 Παρθενομῆτορ,
1228 814 1360 883 ἡμῖν
1392 808 1701 875 ὑπάνοιξον.

252 1008 544 1077 Περέστης
571 1008 634 1058 ἐκ
659 1004 848 1069 δεξιῶν
872 1000 1109 1073 Χριστοῦ
1137 1041 1151 1062 ,
1178 999 1252 1061 ὡς
1286 997 1573 1068 βασίλισσα
1606 1013 1769 1067 κροσ-

183 1103 382 1163 cunni;
418 1101 691 1169 χρυσέοις,
720 1097 1113 1168 θεοχαρίτωτε,
1161 1091 1601 1162 περιϐεϐλημένη
1640 1091 1771 1161 ἁλη-

184 1193 321 1254 θώς,
360 1193 495 1263 ἡμῖν
521 1192 621 1262 τὴν
653 1190 934 1261 βασιλείαν
979 1188 1089 1241 τῶν
1130 1186 1373 1258 οὐρανῶν
1403 1186 1470 1253 τῇ
1521 1183 1771 1254 μεσιτείᾳ

184 1303 311 1348 σου,
339 1285 515 1355 Κόρη,
544 1281 885 1353 προξενοῦσα
910 1280 1231 1351 πρεσϐείαις
1266 1296 1382 1331 σου.

266 1378 428 1446 Ἀγία
461 1378 713 1444 Θεοτόκε,
747 1376 931 1448 βοήθει
979 1391 1071 1444 μοι
1104 1376 1223 1435 ταῖς
1263 1372 1475 1442 ἡδοναῖς
1508 1369 1771 1443 διηνεκῶς

186 1472 537 1542 βυθιζομένῳ
570 1472 663 1525 τοῦ
715 1470 1003 1540 σώματος,
1058 1468 1153 1521 καὶ
1193 1464 1467 1537 ῥᾳθυμίας
1509 1467 1566 1517 ἐν
1611 1462 1769 1532 κλίνῃ

186 1566 278 1617 ἀεὶ
309 1566 698 1635 κατακειμένῳ
730 1564 824 1616 καὶ
856 1563 1116 1616 στένοντι.

273 1660 334 1712 Ὀ
364 1660 724 1728 ἀπερινόητος
749 1698 763 1723 ,
794 1654 1156 1727 θεοχαρίτωτε
1184 1695 1198 1717 ,
1229 1653 1458 1725 περιοχὴ
1520 1669 1769 1722 σωματο-

186 1754 356 1824 φὸρος
391 1753 704 1822 γενόμενος,
735 1751 846 1823 ἔχει
867 1769 955 1822 με,
990 1749 1212 1821 βροτοὺς
1231 1748 1588 1803 ἀπαλλάττων
1618 1763 1771 1815 περι-

186 1846 425 1916 εχούσης
453 1844 706 1915 θλίψεως.

264 2038 546 2109 Κυοφὸρος
573 2035 854 2107 ἄνανδρος,
883 2034 1187 2103 Θεομῆτορ,
1216 2031 1459 2101 πέφηνας
1487 2012 1623 2102 ἁγνή
1643 2048 1656 2061 ’
1681 2030 1769 2084 διὰ

186 2131 352 2184 τοῦτο
377 2131 558 2183 πίστει
587 2130 810 2185 ἱκετεύω
826 2144 905 2195 σε,
928 2127 1029 2196 τῆς
1053 2126 1228 2196 ψυχῆς
1251 2143 1353 2197 μου
1376 2124 1473 2195 τὴν
1498 2122 1769 2197 ρᾳθυμίαν

191 2223 493 2278 ἀπέλασον.

275 2318 374 2370 Ἐκ
406 2296 501 2369 σοῦ
534 2315 666 2387 ἡμῖν
720 2310 962 2383 ἔλαμψεν
1008 2312 1307 2383 ἀνέσπερος
1351 2311 1524 2381 ἥλιος,
1569 2308 1767 2379 νεφέλη

187 2408 455 2477 ὁλόφωτε,
500 2407 734 2478 Χριστὸς
777 2407 806 2457 ὁ
846 2406 975 2469 Θεὸς
1014 2405 1191 2477 ἡμῶν,
1244 2404 1494 2473 φωτίζων
1538 2405 1661 2468 τοὺς
1710 2405 1768 2457 ἐν

191 2501 380 2557 σκότει
407 2500 709 2570 ἀγνωσίας,
738 2496 990 2551 Θεοτὸκε.

263 2686 452 2756 Σάρκα
479 2682 544 2737 δι’
582 2681 729 2752 ἡμᾶς
759 2681 824 2733 ὲκ
873 2676 967 2732 σοῦ
1007 2678 1140 2741 Θεὸς
1182 2676 1440 2747 φορέσας,
1486 2678 1658 2745 ἁγνήν
1709 2693 1769 2728 σε

193 2777 539 2846 ’κινάμωμον
561 2771 759 2835 παντὸς
779 2770 872 2824 τοῦ
901 2770 1090 2838 γένους
1114 2768 1271 2839 ἡμῶν
1304 2767 1474 2831 θείαν,
1502 2767 1767 2837 ῙΙαρθέ-ιε,

188 2864 432 2922 δεικνύει
460 2864 814 2937 προστασίαν·
834 2860 1054 2928 ὄθεν,σὶ
1080 2862 1359 2931 ὑμνοῦμεν
1382 2861 1565 2914 ιιιιστοι⁵
1600 2878 1770 2931 μεγα-

191 2958 474 3026 legatisve);

260 3052 493 3120 Φαεινὴν
538 3050 758 3119 λυχνίαν
788 3063 847 3099 σε
886 3046 914 3098 ὁ
956 3044 1242 3114 προφήτης
1288 3042 1555 3112 εὸλεψεν,
1610 3042 1770 3115 ἁγνὴ.

191 3142 502 3212 λαμπάδιον
538 3139 728 3210 νοητὸν
773 3137 1043 3209 φέρουσαν
1078 3133 1312 3204 Χριστὸν
1336 3174 1351 3199 ,
1384 3133 1450 3187 δι’
1485 3129 1546 3186 οὗ
1579 3133 1774 3203 ἐφωτί-

1791 1874 1844 1931 Β

1557 395 1924 460 MARIALE.
3312 390 3446 451 132:!

2121 500 2201 555 Ex
2228 500 2440 557 Canam:
2460 499 2608 568 ferire
2636 516 2688 563 v,
2723 498 2792 551 ad
2826 493 3173 556 Hatulinum.

1939 615 2079 670 Olim
2112 590 2497 685 prophetarum
2554 611 2756 667 chorus
2812 613 3027 668 vocavit
3080 623 3151 677 te,
3193 629 3226 668 ο
3255 613 3442 686 Virgo,

1869 718 2108 764 montem
2143 708 2409 771 divinum,
2450 717 2502 761 et
2534 714 2744 775 portam
2773 706 3273 776 impenetrabilem;
3303 712 3446 764 unde.

1872 814 1925 858 te
1958 802 2233 872 supplices
2255 815 2535 869 rogamus,
2557 817 2589 855 ο
2621 798 2780 870 Virgo
2811 799 2999 869 Mater,
3028 811 3087 856 ut
3118 802 3445 872 pceniteutia:

1873 907 2057 969 portas
2084 898 2300 968 aperias
2335 896 2512 950 nobis.

1944 991 2175 1045 Astitisti
2229 1004 2258 1042 a
2314 989 2518 1043 dextris
2568 987 2771 1043 Christi
2839 995 3092 1057 tauquam
3158 989 3386 1058 Regina.
3418 1005 3447 1040 ο

1874 1083 2051 1139 divina
2078 1082 2249 1156 gratia
2271 1082 2699 1136 cumulatissima
2727 1080 2931 1147 Puella,
2953 1096 3076 1136 vere
3108 1083 3444 1137 circumdata
3520 1143 3523 1148 _

1874 1174 2101 1229 litttbriis
2132 1173 2351 1239 aureis;
2391 1173 2714 1227 mediatione
2738 1182 2828 1225 tua
2884 1181 2937 1226 et
2966 1171 3449 1227 intercessioniluzs

1875 1264 1981 1317 tuis
2004 1264 2267 1318 cmlorum
2309 1278 2534 1330 regnum
2559 1261 2715 1315 nobis
2746 1262 3057 1332 acquirens.

1944 1354 1988 1409 Ο
2020 1354 2249 1424 Deipara
2312 1366 2523 1417 sancta,
2562 1353 2759 1421 adjuva
2824 1368 2909 1409 me
2951 1355 3229 1424 corporeis
3300 1354 3450 1408 volu—

1873 1449 2112 1518 ptatibus
2145 1449 2361 1503 assidue
2408 1450 2747 1512 immersum,
2778 1454 2942 1515 atque
2976 1446 3028 1501 in
3057 1447 3320 1503 socordiae
3369 1449 3449 1503 le-

1872 1543 2019 1597 ctulo
2051 1557 2264 1611 semper
2285 1542 2558 1612 jacentem
2615 1551 2776 1611 atque
2810 1539 3200 1610 suspiranlem.

1942 1637 2057 1700 Ille,
2090 1638 2181 1705 qui
2232 1638 2376 1690 nulla
2430 1644 2606 1705 potest
2655 1634 2989 1706 cegitationc
3042 1634 3446 1704 comprehendi.

1874 1730 2013 1783 intra
2049 1730 2294 1799 corporis
2339 1727 2601 1782 ambitum
2640 1728 2846 1798 accepti
2880 1744 2909 1782 a
2942 1740 3013 1793 te,
3047 1742 3079 1781 0
3110 1727 3292 1781 divina
3329 1744 3451 1796 gra-

1874 1824 1943 1878 tia
1998 1824 2341 1894 plenissima,
2367 1838 2489 1877 sese
2532 1820 2817 1886 conclusit,
2854 1830 2912 1874 ut
2952 1820 3207 1874 homines
3253 1819 3321 1873 ab
3353 1834 3451 1873 an-

1871 1918 2087 1989 gustiis,
2117 1918 2315 1986 quibus
2343 1913 2959 1984 comprehendebantur,
2995 1913 3267 1967 liberaret.

1943 2011 1985 2065 Ο
2020 2011 2112 2065 Dei
2165 2011 2351 2070 Mater,
2386 2024 2509 2062 eum
2562 2007 2678 2063 sine
2715 2007 2813 2060 viri
2850 2022 3016 2076 opera
3075 2006 3445 2075 concepisses.

1874 2103 2036 2176 Virgo
2072 2112 2222 2158 casta
2268 2101 2564 2171 apparuisti
2595 2118 2608 2155 :
2636 2099 2756 2154 ideo
2802 2110 2852 2153 le
2900 2114 3025 2153 cum
3068 2098 3174 2153 [ide
3204 2114 3354 2166 rogo,
3396 2109 3453 2151 ut

1870 2199 2066 2253 animze
2093 2212 2223 2251 mete
2242 2195 2524 2265 segnitiem
2565 2192 2824 2264 depellas.

1941 2290 2120 2351 Exte,
2166 2304 2199 2343 ο
2266 2288 2515 2357 Deipara,
2550 2284 2708 2340 nobis
2763 2284 2938 2338 illuxit
2964 2282 3066 2348 sol,
3100 2283 3193 2354 qui
3240 2283 3453 2353 ignorat

1872 2400 2149 2447 oceasmn,
2178 2398 2210 2437 ο
2242 2382 2413 2437 nubes
2444 2381 2805 2451 undequaque
2841 2379 3041 2446 lucida,
3066 2378 3317 2434 Christus
3345 2379 3450 2432 sci-

1873 2477 1997 2531 licet
2044 2475 2183 2529 Deus
2217 2486 2400 2528 uoster
2452 2484 2510 2528 ut
2562 2489 2679 2539 eos,
2707 2473 2800 2544 qui
2835 2472 3155 2544 ignorantiae
3212 2472 3452 2528 tenebris

1873 2570 2286 2629 detinebantur,
2322 2567 2675 2622 illuminaret.

1942 2662 2076 2716 Cum
2122 2661 2261 2715 Deus
2304 2676 2370 2715 ex
2408 2672 2477 2723 te,
2517 2675 2550 2715 ο
2613 2657 2791 2729 Virgo,
2822 2673 2987 2713 carne
3039 2657 3262 2712 indutus
3310 2668 3455 2712 esset

1875 2765 2094 2824 propter
2130 2769 2248 2815 nos.
2276 2753 2512 2807 universi
2543 2752 2757 2820 generis
2813 2752 2985 2805 nostri
3025 2760 3076 2805 te
3104 2750 3453 2820 purissimam

1873 2856 2036 2913 atque
2058 2846 2421 2900 castissimam
2447 2885 2461 2907 ,
2486 2844 2729 2899 divinum
2779 2844 3088 2911 praesidium
3134 2845 3452 2899 constituit:

1873 2938 2231 3008 quamobrem
2268 2952 2369 2991 nos
2405 2937 2589 2991 lideles
2635 2949 2685 2991 te
2709 2953 2903 3007 magna
2937 2954 3068 2992 voce
3097 2938 3402 2993 laudamus.

1944 3028 2340 3085 Candelabrum
2372 3027 2641 3099 refulgens
2663 3030 2794 3083 vidit
2819 3040 2868 3085 te
2900 3032 3183 3100 propheta,
3210 3046 3242 3084 ο
3271 3029 3454 3101 Virgo.

1877 3121 2021 3191 quod
2083 3120 2380 3190 spiritalem
2440 3120 2718 3174 lucernam
2768 3120 3047 3175 Christum
3102 3121 3330 3185 ferebat,
3364 3137 3457 3190 per

194 3238 408 3309 σθημεν
425 3237 551 3307 οῌν
573 3236 752 3289 σκότει
775 3234 1019 3304 κείμενοι
1039 3229 1249 3299 κακῶν,
1269 3247 1328 3284 σε
1353 3230 1768 3301 μακαρίζοντες,

1877 3230 2036 3285 quem
2059 3214 2225 3285 279
2244 3229 2365 3281 nos,
2383 3214 2475 3283 qui
2495 3214 2548 3268 in
2573 3216 2840 3269 malorum
2866 3215 3454 3285 tenebrisjacebamus,

192 3331 428 3386 Θ.οτόκε
466 3327 837 3399 ’Δειπάρθενε.

210 3535 312 3589 Ἐκ
352 3533 456 3587 τοῦ
490 3532 759 3596 Κανόνος
796 3522 1358 3652 τῆςθπαρασκευῆς,
1396 3526 1482 3591 εἰς
1513 3524 1619 3578 τὸν
1643 3526 1776 3595 Ὄρ-

939 3616 1064 3652 oar.

932 3616 1064 3667 Ῥον.

266 3695 405 3749 Νέον
464 3690 663 3763 βρέφος
713 3690 844 3759 ἡμῖν
900 3687 991 3739 τὸν
1046 3685 1276 3739 παλαιὸν
1337 3685 1580 3757 ἡμερῶν,
1634 3686 1771 3758 ἁγνὴ

192 3789 464 3861 Παρθένε,
495 3782 821 3852 άπεκύησας
862 3778 1271 3834 παλαιωθεῖσαν
1304 3780 1401 3849 τὴν
1450 3780 1610 3846 φύσιν
1638 3780 1771 3832 ἀνα-

190 3881 515 3936 καινίσαντα
553 3874 858 3945 ἀνθρώπων
879 3913 894 3939 ,
945 3869 1258 3941 πανάμωμε
1283 3910 1298 3936 ,
1326 3866 1404 3939 τῷ
1436 3867 1565 3939 θείῳ
1611 3869 1772 3922 πάθει

187 3971 385 4030 αὐτοῦ.

272 4067 428 4135 Ζωῆς
460 4064 591 4135 ἡμῖν
622 4060 902 4131 πρόξενος,
936 4055 1097 4127 ἁγνὴ,
1128 4051 1305 4109 θανὼν
1332 4055 1390 4108 ἐν
1418 4053 1556 4125 ξύλῳ
1586 4054 1773 4109 ἀναδέ-

186 4163 405 4216 δεικται
432 4160 460 4211 ὁ
501 4156 591 4219 σὸς
625 4153 754 4216 Υἱός
799 4168 858 4205 τε
901 4152 997 4204 καὶ
1034 4149 1257 4221 Κύριος,
1292 4150 1321 4201 ὁ
1358 4147 1597 4215 δοξάζων
1647 4147 1773 4209 τοὺς

190 4251 502 4325 ὑμνοῦντας
532 4265 614 4302 σε.

272 4346 364 4407 Ὠς
407 4342 661 4414 ἑώρακας
709 4339 767 4391 ὲν
814 4336 894 4408 τῷ
924 4333 1143 4406 σταυρῷ
1174 4332 1410 4405 Χριστὸν
1442 4333 1501 4386 ὃν
1546 4333 1732 4398 ἔτεκες
1756 4375 1771 4398 ,

192 4439 355 4508 ἁγνὴ,
388 4431 779 4503 ἀπεθαύμαζες
810 4431 908 4500 τὴν
932 4429 1138 4497 ἄφατον
1168 4426 1334 4480 αὑτοῦ
1366 4426 1770 4498 μακροθυμίαν.

188 4533 317 4587 ὅθεν
349 4531 445 4583 σὺν
469 4526 619 4597 αὐτῷ
653 4542 713 4578 σε
742 4523 1060 4591 δοξάζομεν.

1876 3308 2166 3363 illuminati
2223 3323 2434 3373 sumus,
2460 3318 2514 3363 et
2549 3317 2620 3375 te,
2655 3323 2687 3362 ο
2749 3322 2964 3377 seraper
3013 3306 3178 3379 Virgo
3206 3307 3455 3379 Deipara,

1876 3403 2089 3457 beatam
2114 3416 2400 3468 vocamus.

2125 3510 2207 3564 Ea:
2240 3510 2454 3565 Canonc
2477 3508 2621 3579 ferite
2650 3523 2725 3574 Vl,
2760 3510 2828 3562 ad
2856 3509 3191 3565 Matuliuum.

1945 3673 2150 3729 Novum
2178 3671 2439 3727 infantem
2473 3672 2728 3741 peperisti
2784 3673 2967 3733 nobis.
2991 3672 3278 3741 antiquum
3338 3671 3455 3725 die-

1876 3779 2019 3829 rum,
2053 3761 2413 3817 ocastissima
2460 3770 2621 3829 atque
2675 3760 2966 3828 purissima
3000 3758 3188 3830 Virgo,
3226 3763 3315 3830 qui
3374 3764 3446 3815 ui-

1877 3858 2001 3910 vina
2042 3854 2294 3928 passione
2339 3868 2459 3919 sua,
2494 3854 2851 3908 inveteratam
2885 3853 3169 3908 hominum
3204 3862 3455 3908 naturam

1877 3949 2187 4005 renovavit.

1950 4040 2084 4096 Vitae
2115 4041 2273 4095 nobis
2315 4048 2524 4105 auctor,
2552 4038 2794 4093 moriens
2850 4039 2903 4093 in
2947 4038 3117 4108 ligno,
3154 4037 3329 4093 factus
3376 4050 3460 4092 est

1874 4136 2048 4191 Filius
2077 4140 2133 4189 ct
2165 4132 2427 4188 Dominus
2453 4142 2603 4199 tuus,
2630 4145 2664 4185 ο
2694 4139 2866 4194 casta,
2902 4131 2995 4200 qui
3032 4131 3300 4202 gloriﬁcat
3342 4130 3457 4182 latt-

1875 4232 2095 4287 datores
2121 4236 2269 4284 tuos.

1945 4325 2083 4379 Cum
2114 4321 2407 4389 videres‘Jn
2431 4335 2595 4375 cruce
2619 4318 2920 4383 Christum,
2949 4334 3111 4387 quem
3150 4331 3455 4387 pepereras,

1874 4433 1909 4473 ο
1949 4431 2106 4487 pura,
2137 4412 2461 4469 ineffabilem
2517 4412 2660 4467 illius
2695 4412 3014 4481 patientiam
3046 4411 3410 4467 admirabaris

1877 4524 2046 4582 quare
2076 4518 2132 4563 te
2149 4522 2273 4562 eum
2297 4506 2390 4558 illo
2425 4505 2818 4575 gloriﬁcamus.

276 4624 486 4683 Ἰδοῦσα
517 4589 607 4677 ἐπί
656 4620 796 4690 ξύλῳ
818 4589 1156 4672 ήύπνωσαντα
1184 4613 1274 4667 τὸν
1307 4613 1605 4683 Δεσπότην,
1643 4611 1774 4683 θρη-

1950 4602 2086 4656 Cum
2119 4596 2350 4652 vidisses
2378 4595 2671 4649 Dominum
2705 4608 2868 4662 super
2896 4591 3076 4648 crucis
3108 4590 3314 4660 lignum
3364 4589 3457 4642 oh-

188 4719 357 4775 νοῦσα
386 4714 673 4787 ἠλάλαζες,
700 4708 1128 4782 Παρθενομῆτορ
1159 4708 1487 4779 πανάμωμςε.

271 4905 552 4977 Ῥομφαία
573 4902 671 4974 τὴν
693 4898 924 4970 καρδίαν
950 4914 1044 4950 σου
1071 4895 1306 4967 διῆλθεν,
1332 4895 1491 4965 ἡνίκα
1517 4894 1773 4964 caupo-5-

191 5020 358 5077 μενον
405 5000 499 5053 τὸν
546 4995 786 5065 κτίστην
824 4990 1110 5053 τεθέασαι,
1161 4988 1404 5058 Παρθένε
1438 4988 1769 5057 πανάμωμε,

188 5100 288 5153 καὶ
317 5096 486 5165 λόγχῃ
514 5090 666 5146 θείαν
700 5085 943 5158 πλευρὰν
972 5083 1415 5155 ὲξορυττόμενον.

263 5335 577 5413 (ἳελιτιινει
623 5330 784 5413 «ἰοιιιιἔ
834 5325 1124 5413 geometra
1146 5320 1434 5413 hymnite}.
1452 5320 1519 5375 de
1548 5319 1610 5375 Β.
1648 5318 1771 5375 Vir-

185 5393 503 5487 gitiexdum
535 5407 708 5476 ipsam
742 5402 800 5457 Β.
834 5398 1110 5469 Virginem
1139 5393 1217 5450 sie
1239 5393 1441 5449 salutat
1475 5410 1489 5446 :

475 5502 603 5568 Ave,
638 5495 875 5568 primwvi
928 5492 1095 5546 libera
1125 5488 1241 5542 labe
1286 5485 1485 5541 Patris.

186 5605 356 5662 Favet
405 5597 571 5653 etiam
636 5592 890 5662 hymnus_
929 5584 1229 5662 cujusdam_
1283 5578 1775 5662 illissalisuautiqui

386 5649 707 5737 liolingkem
742 5662 799 5716 in
850 5649 1124 5713 Parn'asso
1171 5653 1438 5716 Mariano,
1460 5649 1551 5703 ubi
1591 5649 1669 5703 sic
1702 5649 1775 5703 le-

187 5749 359 5818 gitur.

553 5832 677 5894 Ave,
704 5826 905 5897 Regina
944 5823 1215 5897 caelorum.

547 5903 705 5958 Omni
726 5896 884 5954 laude
925 5896 1268 5964 dignissima;

498 6002 766 6063 Paraoc.
820 5992 937 6053 Gn.
982 5989 1103 6051 CV.

1882 4693 2185 4758 dormisse;
2220 4690 2274 4744 in
2327 4689 2561 4743 latneuta
2610 4697 2664 4742 et
2724 4686 2880 4741 ﬂetus
2934 4684 3183 4754 erupisti,
3212 4697 3246 4736 ο
3296 4679 3448 4750 Virgc

1884 4799 2059 4844 mater
2087 4784 2407 4856 purissima.

1953 4881 2179 4937 Gladius
2208 4877 2560 4948 pertransivit
2608 4889 2703 4929 cor
2741 4880 2916 4935 tuum,
2948 4888 2982 4925 o
3011 4866 3178 4939 Virgo
3208 4868 3277 4922 ab
3310 4871 3458 4921 omni

1880 4991 2104 5049 prorsus
2137 4973 2257 5026 labe
2311 4970 2572 5025 immunis
2601 4967 2741 5040 (28),
2772 4981 2897 5021 cum
2935 4963 3249 5019 Creatorem
3310 4962 3463 5015 cruci

1880 5066 2123 5130 aﬂixum,
2164 5072 2219 5117 et
2264 5062 2513 5117 divinum
2564 5059 2686 5128 ejus
2737 5056 2881 5111 latus
2927 5055 3114 5110 lancea
3153 5049 3461 5124 perfossum

1879 5158 2083 5217 vidisti.

2313 5298 2445 5362 Qua'
2489 5304 2736 5367 concepta
2761 5308 2812 5348 es
2858 5292 3105 5348 vitiorum

2313 5370 2438 5425 Sine
2470 5369 2584 5422 labe
2618 5367 2930 5437 purissima.

2333 5462 2507 5520 Salve,
2541 5459 2695 5530 Virgo
2724 5458 3037 5526 singularis,

2328 5533 2452 5588 Vere
2488 5549 2640 5585 sacra
2681 5530 2997 5598 margarita.

2311 5608 2485 5665 Salve.
2530 5605 2656 5672 quia
2690 5602 2847 5654 stella
2887 5599 3072 5664 maris,

2320 5679 2389 5732 Et
2418 5678 2529 5732 sine
2553 5675 2668 5729 labe
2685 5680 2953 5739 concepta.

1906 5804 2012 5860 Sed
2045 5812 2099 5856 et
2123 5801 2183 5854 S.
2215 5793 2511 5867 Gregorius
2542 5793 2810 5867 papa,__ut
2853 5781 3039 5867 _relert
3069 5781 3154 5867 {0.
3174 5779 3373 5867 'Yitalis
3408 5780 3465 5835 in

1908 5854 2214 5946 Brf—eusurio
2270 5854 2356 5926 ΒΪ
2408 5854 2639 5936 Virginis
2699 5859 2794 5917 lib.
2841 5857 2875 5913 4
2915 5871 3047 6004 ςιιριι
3076 5854 3131 5919 2,
3174 5854 3464 5924 Deiparam

3054 5948 3087 6005 2
