4180 6450
724 382 859 447 1323

723 585 1102 656 persererasti.
1134 584 1273 639 Deus
1297 582 1444 635 enim
1468 588 1587 636 erat
1609 580 1702 651 qui
1733 577 2084 642 nascebatur,
2115 585 2171 631 ut
2202 576 2299 628 ho-

724 679 899 731 mines
929 677 1072 731 Deos
1100 675 1319 729 faceret.

794 769 1013 823 Gabriel
1048 768 1355 821 divinarum
1388 766 1700 834 nuptiarum
1733 764 2057 819 conciliator
2092 783 2153 822 ac
2176 785 2301 838 pro—

726 860 905 914 nubus
933 860 997 913 ad
1058 868 1110 912 to
1165 859 1392 923 missus,
1421 874 1453 910 ο
1476 856 1657 926 Virgo,
1698 859 2026 911 exclamavit
2073 861 2300 916 dicens:

727 954 858 1015 Asc,
894 948 1289 1003 lucidissimum
1347 948 1604 1017 palatium
1661 947 1862 1001 Christi
1917 951 2164 1003 omnium
2221 967 2307 1005 re-

727 1044 828 1114 gis,
855 1044 907 1096 in
943 1056 1052 1111 quo
1081 1056 1206 1095 cum
1241 1039 1586 1103 habitaverit,
1613 1054 1805 1093 omnes
1848 1040 2095 1096 homines
2143 1042 2297 1096 deiﬁ-

727 1134 893 1189 cahil.

792 1227 907 1280 Lux
948 1225 1104 1279 nobis
1160 1240 1221 1276 ex
1265 1232 1394 1287 te,o
1429 1219 1614 1291 Virgo,
1638 1229 1826 1274 exorta
1883 1231 1966 1275 est
2007 1221 2185 1289 Iesus,
2216 1228 2308 1293 qui

727 1318 1021 1370 rrueitixus
1081 1324 1363 1368 creaturas
1413 1328 1542 1367 suas
1591 1312 1748 1365 hilari
1782 1312 1900 1366 luce
1964 1313 2220 1381 perfudit,
2249 1332 2312 1371 ac

728 1417 989 1462 tat-tarcas
1029 1408 1281 1461 tenebras
1309 1407 1625 1460 climinavrt.

905 1539 1070 1608 280
1100 1536 1177 1591 Ex
1207 1535 1414 1591 Canonc
1436 1534 1681 1603 Sabbali,
1713 1536 1780 1588 ad
1807 1534 2156 1590 Malutinum.

802 1666 880 1717 Ad
924 1676 993 1729 te,
1038 1680 1071 1717 ο
1122 1663 1382 1717 omnibus
1433 1662 1595 1732 digna
1651 1662 1923 1725 laudibus,
1969 1662 2309 1715 clamamus:

729 1758 936 1819 Gaude,
987 1773 1108 1825 qua:
1160 1756 1416 1826 gaudium
1497 1756 1673 1825 ipsum
1738 1754 2014 1823 peperisti.
2068 1754 2313 1805 llltunina

1856 374 1911 431 S.
1954 371 2260 431 JO’SEI‘IH
2314 372 2362 429 ll
2375 372 2867 434 YMNOGILXI‘IH

791 498 917 553 Post
971 501 1183 563 partmn
1222 491 1393 561 virgo,
1426 489 1604 558 qualis
1648 499 1773 543 ante
1828 497 2039 557 partum
2097 486 2297 549 fueras,
2330 496 2377 553 Δ

3848 389 3985 459 ιβει

2469 489 2621 542 Μετὰ
2656 490 2813 543 τόκον
2837 532 2853 557 ,
2886 491 3043 562 ἁγνὴ,
3077 493 3152 556 ὼς
3184 494 3286 563 πρὸ
3318 495 3476 547 τόκου
3507 497 3782 568 διαμένεις
3803 516 3817 529 ο
3850 503 3989 565 θεὸς

2404 581 2513 651 γὰρ
2542 578 2609 653 ἦν
2635 584 2664 637 ὁ
2689 582 2922 654 τεχθεὶς,
2961 584 3048 639 ἵνα
3081 585 3261 659 θεώσῃ
3294 587 3538 659 βροτούς.

2477 768 2863 837 Νυμφαγωγός
2894 786 2975 823 σοι
3015 770 3287 840 Γαϐριὴλ,
3336 770 3615 841 Παρθένε,
3650 773 3986 829 datos-r5116-

2419 876 2602 929 μενος,
2633 862 2827 931 Χαῖρε,
2853 862 3046 933 ἐϐόησε
3074 863 3270 931 λέγων,
3296 865 3687 932 φωτεινότατον
3720 869 3983 922 παλάτιον

2408 949 2503 1002 τοῦ
2555 952 2946 1022 παμϐασιλὲως
2992 953 3253 1023 Χριστοῦ,
3305 955 3364 1008 ἐν
3411 947 3455 1023 ᾧ
3499 955 3725 1027 οἰκήσας
3756 957 3985 1029 βροτοὺς

2412 1038 2608 1094 θεώσει
2634 1043 2862 1106 πάντας.

2484 1224 2601 1286 Φῶς
2631 1225 2756 1294 ἡμῖν
2784 1228 2845 1279 ἐκ
2882 1225 2995 1293 σοῦ,
3034 1227 3195 1299 ἁγνὴ,
3224 1228 3588 1286 ἀνατέταλκεν
3630 1233 3860 1303 Ἰησοῦς,
3889 1236 3988 1288 καὶ

2415 1318 2699 1386 ἐφαίδρυνε
2728 1318 2825 1389 τὴν
2858 1319 3033 1372 κτίσιν
3068 1321 3487 1393 σταυρούμενος,
3516 1325 3608 1378 καὶ
3632 1325 3901 1395 δαιμόνων
3928 1328 3992 1379 τδ

2418 1411 2606 1475 σκότος
2636 1412 2958 1479 ἁπεδίωξεν.

2428 1536 2523 1589 Ἐκ
2563 1537 2671 1591 τοῦ
2700 1540 2967 1605 Κανόνος
2992 1538 3096 1595 τοῦ
3120 1541 3447 1609 Σαϐϐάτου,
3469 1545 3557 1610 εις
3583 1544 3691 1598 τὸν
3719 1548 3991 1615 'OpOpor.

2487 1666 2681 1734 Χαῖρε,
2721 1669 2802 1720 σοὶ
2837 1668 3220 1740 κραυγάζομεν
3261 1671 3328 1741 τῇ
3369 1672 3623 1746 κυησάσῃ
3658 1672 3755 1742 τὴν
3787 1673 3989 1744 χαρὰν,

2421 1756 2738 1827 πανύμνητε
2764 1799 2779 1823 ,
2823 1760 3229 1831 φωταγώγησον
3272 1762 3429 1832 ἡμῶν
3473 1764 3566 1817 τὸν
3598 1763 3722 1818 νοῦν
3764 1766 3857 1817 καὶ
3890 1766 3997 1833 τὴν

730 1858 965 1903 mentem
996 1859 1156 1917 atque
1181 1849 1417 1901 animam
1443 1855 1704 1909 nostram,
1735 1856 1893 1915 atque
1916 1862 2103 1899 onmes
2124 1861 2315 1898 manu-

2426 1853 2618 1923 ψυχὴν,
2648 1855 2741 1905 καὶ
2770 1854 2904 1924 πρὸς
2936 1852 3154 1922 τρίϐους
3184 1855 3431 1922 γνώσεως
3459 1856 3670 1920 πάντας
3697 1857 3989 1927 ὀδήγησον,

731 1945 835 1997 duc
897 1942 962 1995 ad
1018 1942 1237 1996 semitas
1273 1941 1551 1995 Scientiae:
1589 1948 1642 1992 et
1681 1955 1900 2009 precare
1931 1937 2125 1992 Filium
2160 1950 2309 1991 tuum

732 2050 795 2089 ac
856 2033 1050 2096 Deum,
1090 2049 1123 2088 ο
1188 2033 1415 2087 Domina
1476 2033 1789 2097 illibata,ut
1846 2032 2001 2087 nobis
2061 2032 2313 2086 omnibus

734 2129 997 2183 concedat
1027 2128 1413 2197 indulgentiam
1468 2137 1837 2197 peccatorum.

807 2218 877 2275 Ut
910 2229 981 2283 tc,
1022 2239 1052 2273 υ
1090 2221 1370 2274 benedicta
1402 2221 1541 2275 inter
1567 2221 1843 2281 mulieres,
1864 2218 1991 2272 vidit
2024 2218 2312 2271 mulierum

733 2326 931 2377 coetus,
962 2314 1208 2367 certatim
1248 2312 1381 2367 Filio
1416 2322 1506 2367 tuo
1551 2328 1671 2368 sese
1700 2312 1914 2376 obtulit,
1950 2326 1981 2363 ο
2011 2308 2176 2379 Virgo
2206 2308 2317 2363 Ma-

736 2416 844 2460 ιον.

808 2497 901 2549 lllc
937 2496 1031 2566 qui
1070 2506 1187 2551 erat
1226 2506 1485 2559 aeternus,
1519 2512 1665 2549 nunc
1698 2512 1761 2551 ex
1819 2508 1867 2552 te
1900 2497 2075 2555 factus
2105 2512 2187 2557 est
2219 2503 2317 2559 sub

738 2598 1013 2659 tempore:
1045 2588 1295 2643 eumdem
1324 2604 1467 2642 nunc
1490 2604 1677 2655 exora,
1714 2608 1745 2643 o
1790 2588 1974 2663 Virgo,
2015 2606 2072 2648 ut
2099 2608 2319 2664 peccata

738 2683 920 2737 omnia
981 2682 1176 2735 animae
1226 2696 1357 2736 meae
1394 2699 1457 2736 ex
1495 2684 1654 2753 longo
1710 2692 1950 2753 tempore
2011 2701 2318 2758 perpetrata

739 2778 981 2831 aboleat.

814 2868 890 2924 Te
956 2868 1289 2934 Laudamus,
1338 2884 1371 2923 ο
1432 2868 1619 2940 Virgo,
1674 2886 1768 2940 per
1832 2888 1996 2941 quant
2070 2874 2321 2943 apparuit

742 2964 890 3020 Deus
915 2964 1083 3019 factus
1125 2964 1285 3018 homo
1313 2966 1365 3019 in
1394 2975 1557 3018 terra.
1588 2966 1745 3020 Salve
1788 2978 1934 3021 terra
1996 2968 2321 3025 fecundissi-

746 3073 856 3121 ma,
893 3072 1013 3126 qua:
1036 3057 1329 3127 mysticam
1380 3059 1585 3127 spicam
1623 3058 1961 3115 lructiticasti
1994 3076 2184 3118 omnes
2210 3063 2322 3133 spi;

746 3151 886 3204 ritus
913 3148 1259 3203 nutrientcm.

819 3240 924 3307 Tu,
960 3242 1203 3305 Domine,
1236 3243 1328 3313 qui
1387 3259 1414 3297 a
1481 3244 1745 3312 principio
1807 3244 1971 3301 Evam
2030 3245 2317 3315 formasti;
2353 3225 2394 3282 ο

747 3336 988 3405 Virginis
1036 3345 1248 3389 uterum
1296 3337 1597 3403 ingressus,
1630 3354 1804 3392 meam
1858 3342 2103 3409 operaris
2154 3340 2323 3395 refor-

751 3431 1069 3493 mationem,
1115 3428 1291 3483 forma
1322 3429 1462 3483 servi
1519 3430 1762 3496 indutus,
1789 3448 1911 3487 cum
1955 3433 2032 3487 sis
2065 3432 2323 3489 Dominus

750 3522 1016 3576 omnium.

822 3614 925 3682 Qui
953 3624 1004 3669 te
1022 3614 1322 3668 orthodoxe
1345 3612 1629 3684 Deiparam
1648 3632 1768 3672 esse
1790 3618 2076 3681 sentimus,
2094 3617 2161 3673 ab
2180 3618 2320 3690 igne,

752 3709 1107 3777 tenebrisque
1152 3707 1374 3762 mternis
1406 3707 1800 3765 intercessione
1855 3718 1947 3765 tua
2007 3711 2321 3776 liberemur,

751 3807 808 3854 et
840 3800 908 3852 ab
959 3798 1208 3853 hostibus
1264 3798 1651 3867 invisibilibus,
1690 3802 1782 3871 qui
1844 3818 1943 3857 nos
1991 3812 2323 3873 Oppugnant,

751 3904 1032 3943 eruantur.

828 3980 1107 4037 Laudibus
1146 3981 1479 4037 celebremus
1530 3980 1803 4052 Virginem
1859 3986 2033 4055 gratia
2091 3987 2323 4056 plenam,

759 4085 1019 4145 tanquam
1062 4086 1297 4145 portam,
1330 4091 1447 4144 qua:
1480 4075 1579 4129 fert
1610 4077 1676 4129 ad
1712 4076 1954 4131 divinum
1990 4078 2328 4147 ingressum;

760 4178 1019 4238 tauquam
1074 4169 1274 4222 scalam
1330 4168 1445 4233 Dei,
1490 4185 1583 4237 per
1611 4185 1774 4236 quam
1807 4170 2035 4224 feliciter
2074 4174 2325 4227 ascendi-

756 4270 1159 4330 tur;tanquam
1191 4273 1391 4315 certam
1427 4276 1492 4316 ac
1546 4277 1797 4317 securam
1854 4279 2044 4319 eorum
2077 4267 2169 4335 qui
2223 4266 2334 4321 sal-

757 4365 955 4409 vantur
987 4354 1310 4409 ductricem.

823 4447 1038 4502 Insania
1079 4449 1279 4504 mentis
1310 4448 1566 4505 incitatus
1616 4460 1833 4520 peccata
1861 4451 2028 4505 multa
2061 4451 2328 4515 commisi,

2415 1951 2509 2001 καὶ
2566 1948 2920 2017 πταισμάτων
2972 1947 3197 2017 ἱλασμὸν
3246 1949 3465 2019 δοθῆναι
3520 1950 3683 2003 πᾶσιν
3732 1951 3989 2022 αῖτησαι,

2416 2042 2685 2093 Δέσποινα
2720 2040 2978 2111 άχραντε,
3013 2041 3104 2094 τὸν
3136 2040 3263 2094 Υίόν
3294 2058 3387 2094 σου
3422 2044 3519 2096 καὶ
3550 2041 3704 2095 Θεόν.

2490 2221 2843 2294 Εὐλογημένη
2890 2222 3201 2291 γυναικῶν,
3239 2222 3297 2275 σέ
3340 2222 3414 2278 ὡς
3458 2222 3649 2293 ἔϐλεψε
3692 2223 3994 2292 κατάλογος

2417 2317 2709 2385 γυναικῶν,
2733 2317 2991 2387 ἐνήθλησε
3020 2314 3209 2385 καὶτῷ
3253 2316 3333 2386 σῷ
3366 2315 3479 2385 Υίῷ
3512 2318 3946 2387 προσενήγκεναι
3970 2356 3988 2381 ,

2420 2410 2863 2479 Παρθενομῆτορ.

2501 2505 2559 2555 'U
2586 2504 2811 2573 ἄχρονος
2854 2502 3043 2569 γέγονε
3074 2499 3167 2553 νῦν
3201 2500 3305 2553 ὑπὸ
3332 2500 3523 2573 χρόνον
3569 2501 3631 2552 ἐκ
3666 2500 3758 2553 σοῦ
3784 2541 3800 2564 ,
3838 2503 3992 2568 [lap-

2420 2595 2563 2658 θένε,
2589 2594 2774 2647 τοῦτον
2799 2592 3020 2662 αῖτησαι
3040 2590 3289 2645 διαλῦσαι
3312 2592 3527 2644 ἅπαντα
3551 2592 3650 2663 τῆς
3677 2590 3856 2662 ψυχῆς
3884 2608 3996 2664 μου

2420 2687 2488 2741 τά
2512 2688 2701 2758 χρόνια
2733 2685 3071 2755 πταίσματα.

2504 2871 2814 2943 ’Υμνοῦμέν
2850 2889 2907 2925 σε
2931 2912 2945 2935 ,
2984 2870 3245 2941 Παρθένε,
3276 2870 3342 2923 δι’
3375 2866 3442 2943 ἦς
3474 2870 3644 2941 ἐφάνη
3676 2873 3703 2925 ὀ
3732 2870 3861 2935 Θεὸς
3901 2872 3997 2925 ἐπὶ

2422 2966 2549 3035 γῆς,
2584 2965 2771 3036 βροτὸς
2805 2966 3115 3034 γενόμενος’
3148 2965 3320 3035 Χαῖρε
3341 3005 3354 3027 ,
3381 2967 3453 3033 γῆ
3486 2964 3751 3034 εὔκαρπε,
3783 2967 3817 3035 ἡ
3852 2983 3995 3035 καρ-

2423 3057 2746 3129 ποφοροῦσα
2776 3058 2976 3127 στάχυν
3011 3058 3272 3127 μυστικὸν
3302 3060 3395 3109 τὸν
3425 3055 3785 3126 διατρέφοντα
3812 3059 3999 3110 πάσαν

2425 3154 2612 3219 πνοήν.

2512 3240 2569 3294 '0
2595 3240 2897 3302 διαπλάσας
2928 3240 3049 3294 κατ’
3081 3240 3253 3311 ἀρχὰς
3290 3240 3391 3310 τὴν
3417 3239 3581 3305 Εὔαν,
3615 3239 3784 3311 Κύριε
3809 3281 3822 3304 ,
3853 3258 4003 3310 παρ-

2425 3335 2577 3388 θένου
2603 3335 2765 3404 νηδὺν
2798 3333 3102 3395 καθυποδὺς
3133 3334 3228 3401 τὴν
3260 3332 3397 3401 ἐμὴν
3429 3334 3637 3404 ἐργάζῃ
3668 3333 4001 3396 ἀνάπλασιν,

2425 3428 2613 3482 δούλου
2648 3426 2833 3497 σχῆμα
2852 3426 3209 3496 ἐνδυσάμενος
3234 3426 3261 3478 ὀ
3278 3426 3555 3495 Δεσπότης
3583 3426 3691 3478 τῶν
3719 3426 4001 3482 ἁπάντων.

2508 3612 2595 3676 Ὠς
2628 3610 2889 3664 Θεοτόκον
2936 3626 2993 3662 σε
3042 3609 3366 3681 φρονοῦντες
3398 3608 3590 3680 γνώμῃ
3623 3609 3789 3673 εὐθεῖ,
3828 3612 4005 3683 πυρὸς

2427 3707 2771 3769 αἱωνίζοντος
2799 3705 2893 3757 καὶ
2926 3704 3151 3765 σκότους
3179 3744 3193 3767 ,
3227 3707 3515 3769 Δέσποινα,
3551 3703 3886 3774 ρυσθείημεν
3931 3710 3999 3775 τῇ

2432 3800 2680 3871 μεσιτείᾳ
2723 3817 2814 3852 σου
2844 3838 2858 3863 ,
2914 3798 3006 3850 καὶ
3052 3798 3300 3867 ἀοράτων
3351 3795 3561 3868 ἐχθρῶν
3617 3796 4004 3867 πολεμούντων

2430 3896 2598 3966 ἡμᾶς·

2513 3986 2601 4048 Ὠς
2642 3984 2816 4055 πύλην
2850 3985 3118 4055 φέρουσαν
3149 3982 3285 4055 πρὸς
3320 3982 3471 4035 Θείαν
3516 3982 3745 4047 εἴσοδον,
3792 3981 3869 4045 ὡς
3915 3984 4007 4035 εὑ-

2429 4076 2685 4130 διάϐατον
2710 4077 2808 4146 τὴν
2838 4076 3080 4146 κλίμακα
3109 4074 3267 4139 Θεοῦ,
3299 4074 3406 4127 τῶν
3436 4073 3757 4143 σωζομένων
3785 4075 4005 4142 ἀπλανῆ

2432 4170 2681 4239 ὁδηγίαν,
2716 4169 2813 4240 τὴν
2856 4167 3308 4240 κεχαριτωμένην
3348 4166 3677 4237 ὑμνήσωμεν
3703 4166 4004 4237 Παρθένον.

2505 4446 2913 4518 Φρενοδλαδῶς,
2947 4444 3214 4516 Παρθένε,
3241 4445 3514 4516 ἁμαρτίας
3538 4445 3748 4515 πράξας
3782 4446 4011 4510 πολλὰς,

757 4550 1015 4611 superest
1042 4557 1184 4596 nunc
1219 4552 1277 4595 ut
1332 4559 1417 4597 me
1445 4544 1711 4614 condigna
1765 4560 1924 4614 poma
1972 4561 2269 4616 sequatur;
2301 4562 2323 4599 a

2437 4542 2536 4611 τὴν
2571 4541 2792 4593 κόλασιν
2823 4540 3115 4610 ἐκδέχομαι
3153 4538 3358 4601 λοιπὸν,
3393 4537 3487 4606 ἀφ’
3526 4534 3594 4609 ἦς
3634 4556 3698 4607 με
3729 4538 4011 4609 λύτρωσαι

763 4651 871 4705 qua
899 4635 1070 4687 libera
1094 4650 1198 4699 me,
1220 4650 1253 4689 o
1298 4632 1487 4704 Virgo,
1527 4636 1657 4689 dum
1686 4637 1845 4691 corde
1876 4636 2030 4691 ﬁrmo
2059 4654 2122 4692 ae
2148 4639 2325 4692 stabili

764 4728 831 4781 ad
880 4737 1026 4779 tuam
1078 4726 1315 4779 divinam
1370 4728 1761 4796 protectioncm
1826 4744 2067 4791 recurro,
2089 4746 2209 4798 qua:
2252 4742 2334 4784 est

765 4818 987 4873 unicum
1016 4817 1328 4887 praesidium
1349 4819 1606 4873 lideiium.

1153 4929 1312 4998 281
1339 4928 1573 4985 TONUS
1599 4930 1895 4986 l’LAGlliS
1921 4931 1983 4987 Il.

1020 5059 1101 5113 Ex
1133 5060 1341 5114 Canone
1365 5061 1509 5129 feria:
1529 5076 1591 5127 η,
1629 5062 1696 5113 ad
1730 5062 2072 5116 Matutiuum.

843 5183 958 5240 Una
1014 5200 1137 5239 cum
1207 5188 1557 5259 martyribus,
1604 5200 1766 5258 atque
1823 5188 2077 5242 onmibns
2133 5188 2338 5257 angelis

770 5280 1035 5349 supplica,
1068 5288 1102 5332 0
1135 5288 1304 5342 casta,
1334 5285 1575 5334 onmium
1619 5280 1847 5336 Domino
1900 5296 1996 5350 pro
2047 5281 2218 5335 salute
2243 5297 2333 5335 eo-

768 5386 887 5425 rum
915 5372 1008 5441 qui
1042 5383 1093 5426 te
1127 5388 1251 5426 cum
1278 5372 1378 5425 ﬁde
1406 5374 1733 5443 gloriﬁcant.

840 5466 1023 5521 Novus
1051 5467 1340 5537 paradisus
1364 5468 1521 5524 nobis
1557 5466 1698 5523 facta
1728 5482 1806 5533 es,
1838 5483 1870 5521 ο
1909 5466 2094 5537 Virgo,
2130 5466 2334 5521 habens

767 5623 1045 5694 Virginem
1077 5626 1144 5677 ah
1172 5625 1321 5677 omni
1357 5638 1584 5693 prorsus
1618 5624 1737 5678 labe
1763 5624 2012 5689 liberant,
2042 5637 2343 5694 agnoscens

764 5709 887 5750 eam
919 5694 1187 5751 allocutus
1207 5696 1492 5749 estdicens
1518 5713 1528 5745 :

1166 5787 1339 5853 Salve,
1375 5805 1485 5849 ave,
1520 5798 1704 5840 sancta
1739 5803 1950 5855 parens,

1199 5861 1355 5913 Omni
1385 5875 1601 5927 prorsus
1634 5860 1750 5914 labe
1776 5875 1979 5915 carens.

2436 4634 2527 4686 τὸν
2556 4633 2864 4702 ἀδιστάκτῳ
2895 4631 3092 4701 καρδία
3133 4632 3197 4699 τῇ
3238 4629 3357 4700 θείᾳ
3396 4630 3576 4700 σκέπῃ
3612 4646 3705 4682 σου
3739 4634 4014 4702 προστρέ-

2446 4741 2627 4794 χοντα,
2664 4724 2760 4794 τῆς
2795 4722 2959 4793 μόνης
2999 4719 3330 4790 προστασίας
3361 4720 3467 4773 τῶν
3503 4720 3730 4776 πιστῶν.

2898 4925 3083 4978 ΗΧΟΣ
3136 4924 3428 4977 ΠΛΑΓΙΟΣ
3477 4925 3551 4980 B’.

2454 5056 2555 5109 Ἐκ
2588 5052 2693 5107 τοῦ
2720 5052 2985 5115 Κανόνος
3017 5048 3127 5117 τῆς
3155 5048 3463 5118 δευτέρας,
3493 5053 3581 5117 εις
3606 5051 3713 5105 τὸν
3748 5056 4017 5127 ὀρθρονθ

2512 5185 2666 5240 Μετὰ
2692 5181 3007 5253 μαρτύρων,
3034 5180 3190 5249 ἁγνὴ,
3218 5180 3355 5249 μετὰ
3376 5181 3481 5233 τῶν
3502 5183 3717 5238 πάντων
3743 5188 4021 5256 ἀγγέλων,

2439 5282 2531 5334 τὸν
2577 5281 2800 5347 κτίστην
2838 5276 2946 5329 τῶν
2978 5276 3242 5329 ’ἁπάντων
3273 5258 3577 5329 ἐκδυσὼπει
3618 5279 3865 5351 σωθῆναι
3891 5288 4021 5349 τοὺς

2443 5370 2651 5432 πιστῶς
2682 5386 2739 5421 σε
2768 5368 3111 5458 δοξάζοντας.

2512 5464 2651 5527 Νέος
2695 5464 2824 5532 ἡμῖν
2864 5458 3201 5533 ’παράδεισος
3233 5459 3480 5531 ἐδείχθης
3521 5461 3692 5533 ζωῆς,
3742 5464 3907 5536 ἁγνὴ,
3962 5470 4021 5521 τὸ

2444 5619 2576 5673 Vide
2630 5617 2688 5672 S.
2747 5618 3328 5691 Anthros.VSerm.2‘2
3388 5621 3439 5675 in
3490 5623 3684 5691 psalm.
3752 5626 3876 5691 “8,
3931 5629 4023 5683 ubi

2442 5691 2769 5764 depl‘mtlical
2798 5690 2855 5741 ll.
2888 5688 3166 5764 Virginem
3200 5706 3295 5762 per
3322 5688 3555 5764 gratiam
3604 5697 3673 5750 ab
3708 5688 4023 5756 omni'inte-

2443 5777 2592 5832 grani
2616 5761 2734 5816 labe
2760 5762 2951 5830 pecati.
3080 5787 3087 5795 υ
