4180 6450
212 451 354 515 1325

1580 444 1944 509 MARIALE.

3320 440 3457 508 1326

207 566 366 632 ξύλον
400 566 566 637 μέσον
598 566 770 637 ἔχων,
802 566 861 634 ἐξ
910 560 973 621 οὗ
1005 565 1227 635 φαγὼν,
1258 567 1494 638 ἅχραντε
1515 606 1529 631 ,
1558 566 1658 637 τῆς
1694 584 1782 619 νε-

1884 562 1939 617 in
1972 560 2153 616 medio
2187 560 2264 615 tui
2294 559 2503 630 lignum
2530 559 2673 625 vita',
2704 575 2767 615 ex
2810 574 2923 630 quo
2944 561 3230 617 comedens
3261 563 3454 624 Adam,

205 660 467 730 κρὼσεως
503 658 674 729 ’Δδάμ
704 659 802 727 τῆς
833 661 1077 730 πονηρᾶς
1106 658 1418 713 ἀπολύεται.

290 740 580 820 Ῥᾴθύμως
603 768 707 820 μου
730 750 829 821 τὴν
855 749 1000 820 ζωὴν
1028 750 1437 821 ὲκδαπανήσας,
1463 750 1620 821 ἁγνὴ,
1647 750 1784 820 πρὸς

202 838 301 908 τὴν
332 838 432 908 σὴν
460 838 784 909 προστρέχω
814 838 1125 909 ἀντίληψιν,
1162 841 1452 911 οίκτειρον,
1486 840 1658 894 σῶσόν
1690 858 1779 910 με.

279 1133 398 1203 Τὴν
425 1131 680 1203 ούράνιον
709 1132 887 1204 πύλην
901 1132 1257 1205 ύμνήσωμεν,
1280 1134 1330 1187 δι
1349 1127 1417 1205 ἧς
1448 1134 1645 1199 πάντες
1667 1137 1781 1189 είσ-

204 1227 458 1298 ἔρχονται
482 1226 797 1298 ἁμαρτωλοὶ
830 1227 970 1299 πρὸς
999 1227 1152 1292 ὁδοὺς
1181 1229 1601 1301 συγχωρήσεως.

280 1413 445 1482 ’Ᾱγία
483 1414 659 1484 μῆτερ
689 1410 848 1480 Θεοῦ,
871 1411 970 1482 τὴν
989 1410 1388 1482 βεδηλωθεϊσαν
1420 1410 1648 1484 καρδίαν
1678 1428 1781 1483 μου
1849 1401 1864 1421 ’

201 1505 469 1577 πράξεσιν
505 1505 725 1575 ὲναγέσι
766 1504 1085 1575 συμπαθείᾳ
1130 1521 1223 1558 σου
1252 1505 1499 1570 ἁγίασον.

268 1599 469 1652 Δούλου
497 1600 715 1671 μορφὴν
739 1598 1011 1653 ὑποδύντα
1027 1600 1328 1669 Δεσπότην,
1356 1598 1530 1668 Κόρη,
1554 1597 1778 1663 τίκτεις,

201 1692 262 1745 ὃν
296 1693 511 1746 ἱκέτευε
541 1691 650 1745 τῶν
680 1690 871 1745 παθῶν
902 1693 1001 1763 τῆς
1041 1692 1287 1791 ξουλείας
1306 1734 1321 1760 ,
1353 1690 1492 1761 ἁγνὴ
1513 1732 1536 1792 ,ι
1565 1691 1781 1746 ἐλευθεσ

200 1801 379 1856 ρωσαι
409 1801 498 1854 με.

278 1893 637 1967 ’Υπάρχουσα
680 1896 929 1966 ἀγγέλων
965 1897 1268 1968 τιμιωτέρα
1288 1938 1303 1962 ,
1332 1895 1467 1949 Θεὸν
1494 1894 1585 1949 τδν
1625 1895 1779 1963 ᾶγιον
1805 1927 1854 1988 Β

197 1988 425 2053 τέτοκας
471 1990 923 2062 ύπερὸαλλόντως
954 1990 1280 2059 ἀγιασθεῖσα
1301 2030 1317 2055 ,
1358 1989 1589 2045 Θεοτόκε
1625 1990 1776 2060 Παρ-

198 2082 315 2136 θένε
340 2100 353 2113 ·
389 2083 472 2137 διό
503 2101 605 2156 μου
629 2083 729 2155 τὴν
748 2083 927 2157 ψυχὴν
961 2083 1359 2158 καθοδήγησον.

261 2268 503 2322 Φὼτισόν
544 2284 609 2337 με
661 2268 910 2341 ἁμαρτία
964 2268 1323 2323 σκοτισθέντα
1349 2310 1365 2335 ,
1402 2269 1672 2332 ἀπαθείας
1716 2270 1778 2323 τὸ

197 2361 310 2430 φῶς
344 2363 380 2431 ἡ
412 2361 689 2432 κυήσασα,
714 2361 800 2415 ἵνα
831 2361 987 2433 ύμνῶ
1028 2379 1110 2427 σε,
1138 2361 1281 2433 ἁγνὴ
1323 2361 1704 2432 ’Δειπάρθενε.

244 2564 346 2619 Ἐκ
379 2564 486 2620 τοῦ
510 2566 779 2633 Κανόνος
807 2564 917 2634 τῆς
942 2567 1164 2635 τρίτης,
1199 2569 1283 2632 είς
1316 2567 1423 2621 τὸν
1461 2568 1739 2636 ὀρθρον.

270 2715 483 2786 ὀφθης
511 2715 654 2785 πύλη
687 2715 786 2785 τῆς
814 2713 978 2786 ζωῆς,
1007 2714 1241 2768 θανάτου
1269 2714 1444 2778 πύλας
1470 2714 1548 2786 τῷ
1574 2714 1779 2785 τοκετῷ

201 2820 292 2856 σου
323 2803 560 2867 λύσασα,
579 2805 718 2877 ἁγνή
739 2821 754 2837 ο
776 2803 963 2874 ὤφθης
984 2803 1057 2874 γῆ
1082 2803 1316 2875 ὲκλεκτὴ
1336 2804 1405 2857 δι’
1430 2799 1498 2875 ἦς
1521 2804 1777 2876 ἀνυψώθη

198 2895 304 2948 ἀπὸ
328 2896 433 2967 γῆς
459 2898 540 2960 είς
562 2897 827 2967 οὐρανοὺς
853 2894 915 2950 τὺ
945 2895 1054 2950 τῶν
1082 2895 1384 2966 ἀνθρώπων
1418 2895 1669 2968 φύραμα.

267 3083 417 3154 Δόλῳ
450 3081 747 3147 ἀπαύστως
770 3085 798 3137 ὁ
832 3083 1027 3155 ἐχθρὸς
1077 3083 1298 3155 θηρεύει
1335 3101 1401 3155 με
1433 3085 1461 3139 ὀ
1508 3086 1774 3158 πονηρὸς,

201 3175 297 3246 τῆς
328 3174 499 3229 αὑτοῦ
534 3193 600 3246 με
640 3176 882 3247 ἐνέδρας,
932 3177 1242 3247 πανάμωμε
1262 3216 1277 3241 ,
1309 3176 1619 3247 ὲξάρπασον
1640 3218 1655 3241 ,
1686 3182 1780 3233 καὶ

1886 672 1917 710 a
1953 656 2094 710 mala
2131 664 2305 710 morte
2331 642 2613 709 lib‘eratur.

1958 748 2095 803 Cum
2134 763 2257 817 ego,
2285 763 2317 800 ο
2361 756 2509 802 casta
2544 744 2733 815 Virgo,
2764 745 2929 801 vitam
2966 761 3143 800 meam
3185 746 3238 800 in
3270 762 3460 801 socor-

1885 839 1971 894 dia
2002 840 2229 911 otioque
2252 835 2822 908 maloahsumpserim
2858 853 2923 893 ac
2963 838 3364 909 dissipaverim,
3391 840 3456 892 ad

1888 942 2037 987 tuam
2086 933 2425 1002 protectione
2462 946 2725 988 recurro:
2761 930 3019 986 miserere
3060 932 3187 997 mei,
3216 940 3269 985 et
3309 934 3459 986 salva

1885 1041 1992 1081 me.

1956 1135 2246 1193 leestem
2275 1148 2487 1208 portam
2520 1135 2771 1193 laudibus
2797 1135 3154 1201 celebremus,
3174 1151 3270 1206 per
3291 1149 3456 1205 quam

1883 1230 2265 1298 peccatoribus
2326 1230 2600 1287 universis
2656 1230 3003 1302 indulgentiae
3027 1230 3347 1302 aperiuntur
3393 1243 3461 1284 ac

1885 1332 2070 1391 patent
2102 1324 2406 1395 ingressus.

1956 1414 2125 1471 Mater
2161 1417 2253 1472 Dei
2294 1425 2508 1482 sancta,
2534 1430 2632 1472 cor
2656 1431 2839 1471 meum
2871 1416 3310 1510 coinquinatun},
3332 1430 3461 1485 ope-

1885 1506 2038 1562 ribus
2078 1509 2251 1577 puris,
2281 1509 2483 1579 pietate
2510 1518 2601 1564 tua
2629 1519 2927 1574 commota,
2970 1506 3277 1563 sanetiﬁca.

1959 1600 2253 1655 Dominum
2287 1601 2433 1654 servi
2461 1600 2634 1655 forma
2665 1601 2916 1656 indutum
2940 1602 3219 1671 peperisti,
3241 1618 3274 1655 0
3299 1600 3460 1656 Puel‘

1885 1692 1933 1745 la
1959 1692 2312 1747 castissima:
2360 1707 2520 1762 quem
2572 1709 2794 1764 precare
2844 1705 2904 1749 ut
2965 1710 3049 1750 me
3081 1710 3111 1748 a
3169 1695 3458 1749 servilibus

1889 1783 2245 1853 passionibus
2268 1784 2482 1840 liberet.

1953 1896 2176 1965 Angelis
2222 1896 2598 1951 honorabilior
2624 1911 2705 1962 es,
2740 1911 2773 1951 ο
2820 1896 2983 1969 Virgo
3039 1896 3291 1970 Deipara,
3335 1915 3459 1969 quze

1879 1987 2051 2044 Deum
2089 1999 2338 2045 sanctum
2378 1989 2667 2060 peperisti,
2707 1989 2762 2044 in
2816 1991 3278 2046 excellentissimo
3329 2007 3460 2047 san-

1891 2076 2100 2137 clitatis
2129 2084 2300 2154 gradu
2327 2083 2628 2139 constituto
2657 2102 2670 2139 :
2697 2094 2983 2156 propterea
3014 2085 3121 2140 dux
3148 2094 3265 2143 esto
3291 2100 3355 2141 ac
3376 2086 3459 2141 di-

1881 2175 2085 2229 rectrix
2126 2177 2323 2231 animae
2361 2192 2516 2232 meae.

1948 2266 1994 2322 Ο
2028 2281 2243 2339 semper
2276 2262 2427 2325 casta
2470 2267 2808 2341 Virgowquze
2852 2271 3312 2340 impassibilitatis
3367 2274 3454 2327 lu-

1880 2372 1998 2413 cem
2027 2362 2303 2429 peperisti,
2331 2361 2577 2416 illumina
2611 2377 2698 2417 me
2731 2365 2937 2432 peccati
2971 2365 3210 2421 tenebris
3242 2367 3459 2422 involu-

1880 2462 2017 2519 tum,
2052 2464 2108 2508 ut
2138 2466 2351 2510 cantem
2381 2456 2568 2512 laudes
2598 2465 2741 2511 tuas.

2010 2582 2092 2637 Ea:
2116 2583 2329 2639 Canone
2348 2586 2549 2656 duplici
2581 2587 2729 2657 ferite
2754 2605 2839 2655 ιιι,
2871 2590 2940 2643 ad
2978 2589 3325 2646 Matutinum.

1957 2730 2088 2785 Vitae
2115 2732 2284 2801 janua
2331 2733 2471 2788 facta
2497 2750 2577 2801 es,
2609 2752 2641 2790 ο
2677 2737 2865 2809 Virgo,
2893 2756 3015 2808 qua:
3047 2753 3232 2810 portas
3268 2745 3463 2799 mortis

1882 2833 2040 2893 partu
2099 2834 2191 2879 tuo
2246 2825 2534 2896 dejecisti:
2571 2828 2739 2885 Terra
2805 2832 2976 2888 elei-ta
3043 2836 3185 2888 facta
3243 2851 3325 2899 es,
3367 2853 3462 2907 per

1880 2932 2046 2985 quam
2083 2918 2306 2974 humani
2341 2922 2559 2988 generis
2590 2938 2815 2979 massaa
2840 2935 2985 2979 terra
3015 2925 3070 2979 in
3100 2928 3300 2982 cmlum
3324 2931 3455 2985 sub-

1880 3010 2056 3066 levata
2083 3020 2190 3067 est.

1958 3105 2122 3175 282
2152 3104 2334 3161 Hostis
2357 3109 2629 3181 malignus
2654 3112 2875 3168 assidue
2895 3130 2981 3168 me
3004 3115 3143 3171 dolis
3166 3133 3231 3172 ac
3257 3118 3462 3177 fraudi-

1885 3194 1987 3251 bus
2014 3198 2130 3253 suis
2158 3208 2427 3267 venatur;
2462 3210 2541 3269 tu,
2568 3219 2602 3258 ο
2630 3205 2947 3274 purissima.
2970 3207 3039 3262 ab
3069 3208 3286 3267 insidiis
3317 3214 3462 3271 illius

204 3267 373 3320 ποιεῖν
400 3265 498 3319 τοῦ
523 3265 799 3320 Δεσπότου
818 3308 833 3335 ,
860 3266 1116 3335 Θεοτόκε,
1151 3268 1430 3322 εύόδευσον
1456 3268 1515 3321 τὸ
1540 3267 1775 3341 θέλημα.

1883 3288 2032 3357 eripe
2092 3305 2213 3358 me;
2246 3300 2297 3347 et
2354 3310 2618 3365 prospere
2666 3297 2841 3366 dirige
2898 3314 3005 3365 me,
3036 3315 3069 3355 ο
3110 3302 3362 3374 Deipara,
3400 3320 3462 3363 ut

268 3450 601 3517 Συνέλαϐες,
653 3450 924 3524 ἄχραντε,
980 3452 1073 3506 τὸν
1136 3454 1370 3525 συνοχέα
1430 3458 1632 3521 παντὸς
1682 3458 1774 3513 τοῦ

202 3542 425 3611 κόσμου’
460 3542 549 3596 διὰ
574 3543 763 3610 τοῦτο,
797 3543 1027 3599 ἱκετεύω
1057 3561 1141 3613 σε,
1175 3544 1450 3618 λύτρωσαί
1494 3567 1562 3620 με
1596 3552 1776 3622 πάσης

206 3635 540 3706 συνεχούσης
566 3635 862 3700 κολάσεως.

267 3824 475 3895 Θρόνος
518 3822 655 3877 Θεοῦ
700 3822 969 3895 ἔδείχθης,
994 3824 1250 3893 Θεοτόκε,
1281 3826 1341 3881 ὲν
1370 3819 1415 3896 ᾧ
1444 3830 1609 3900 σαρκὶ
1645 3829 1776 3883 καθ-

199 3916 317 3980 ίσας
341 3914 437 3969 τοῦ
462 3914 695 3986 ἀρχαίου
719 3915 974 3988 ἐξήγειρε
1004 3916 1298 3989 πτώματος
1313 3921 1440 3983 τοὺς
1456 3920 1777 3993 ἀνθρώπους

201 4010 257 4062 ὲν
281 4011 492 4077 φωναῖς
520 4008 899 4080 χαριστηρίοις
930 4010 1237 4081 ύμνοῦντάς
1268 4028 1350 4067 σε.

275 4116 635 4188 Ἑπτάφωτόν
689 4138 750 4175 σε
789 4121 1013 4193 λυχνίαν
1042 4125 1113 4187 ζτδ
1158 4125 1270 4196 πῦρ
1315 4125 1414 4195 τῆς
1446 4124 1774 4194 θεογνωσίας

202 4212 476 4283 φέρουσαν
499 4253 515 4278 ,
559 4214 714 4286 Κόρη
739 4252 755 4280 ,
798 4216 828 4268 ὁ
867 4217 1152 4287 προφήτης
1180 4216 1367 4271 ⁸πάλαι
1417 4218 1737 4289 προεώρακε
1757 4262 1773 4285 ,

202 4309 405 4376 φαίνων
433 4311 548 4373 τοῖς
581 4310 640 4363 ὲν
675 4310 858 4363 σκότει
886 4312 1281 4380 κινδυνεύουσι,
1316 4316 1647 4386 πανάμωμε,
1679 4315 1777 4386 τῆς

195 4399 496 4467 ἀγνωσίας·
524 4400 603 4454 διδ
635 4400 744 4472 βοῶ
771 4419 875 4469 σοι,
902 4403 1137 4472 φώτισόν
1159 4422 1250 4476 με,
1277 4405 1490 4477 δέομαι.

1887 3378 2103 3435 Domini
2126 3384 2459 3442 voluntatem
2482 3390 2705 3459 exsequi
2733 3391 2962 3447 valeam.

1942 3473 2287 3545 ‘Coneepisti,
2340 3495 2372 3533 ο
2447 3480 2726 3547 inviolata,
2780 3484 2934 3539 illum
2986 3489 3079 3557 qui
3142 3492 3457 3548 universum

1885 3568 2150 3621 mundum
2200 3573 2347 3640 capit
2405 3584 2458 3627 et
2510 3574 2790 3631 continet:
2822 3588 3105 3649 propterea
3157 3593 3208 3639 te
3271 3585 3461 3657 depre-

1884 3672 1999 3723 cor,
2030 3667 2088 3713 ut
2117 3662 2186 3714 ab
2214 3664 2362 3717 omni
2412 3667 2682 3737 supplicio
2733 3668 2930 3724 inferni
2973 3674 3209 3730 carceris
3262 3676 3462 3735 liberes

1885 3765 1991 3804 me.

1957 3843 2213 3901 Thronus
2271 3845 2365 3902 Dei
2424 3847 2563 3904 facta
2593 3867 2671 3917 es,
2708 3868 2740 3905 ο
2800 3852 3052 3924 Deipara,
3102 3857 3154 3910 in
3206 3874 3317 3929 quo
3370 3860 3462 3915 ille

1885 3937 2081 3991 sedens
2107 3938 2444 4007 incarnatus,
2472 3943 2541 3997 ab
2574 3945 2797 4016 antiquo
2826 3964 2955 4004 casu
2992 3953 3163 4007 erexit
3187 3954 3456 4019 homines,

1885 4031 1976 4098 qui
2018 4030 2221 4087 idcirco
2258 4042 2308 4089 te
2342 4038 2511 4106 gratis
2540 4040 2767 4096 vocibus
2799 4044 3133 4099 collaudant.

1952 4136 2208 4195 Prazvidit
2263 4153 2313 4197 te
2346 4144 2474 4199 olim
2529 4148 2812 4216 propheta,
2861 4166 2894 4205 ο
2941 4150 3126 4208 Puella
3187 4157 3255 4211 ab
3309 4163 3455 4212 omni

1883 4243 2036 4283 nazvo
2066 4230 2233 4286 libera
2286 4232 2425 4303 (29),
2454 4236 2841 4294 candelabrum
2899 4253 3103 4311 septem
3152 4245 3458 4302 luminibus

1883 4331 2160 4390 ornatum,
2194 4326 2401 4382 habens
2428 4328 2606 4399 ignem
2639 4331 2837 4388 divina:
2869 4335 3128 4403 scientiae,
3162 4341 3254 4409 qui
3281 4339 3455 4395 lucem

1883 4418 2081 4485 praebet
2114 4419 2199 4483 iis,
2241 4420 2331 4488 qui
2371 4422 2422 4474 in
2481 4422 2804 4493 ignorantia:
2854 4429 3091 4484 tenebris
3146 4433 3456 4500 periclitan-

1883 4517 1971 4561 tur
2006 4526 2019 4561 :
2054 4510 2173 4565 ideo
2207 4513 2273 4566 ad
2307 4522 2358 4567 te
2397 4530 2558 4571 voces
2584 4518 2807 4584 extollo,
2839 4536 3166 4593 precorque,
3210 4525 3455 4579 illumina

1884 4616 1990 4655 me.

268 4680 356 4751 Μὴ
380 4681 578 4755 κρίνῃς
610 4700 702 4753 με,
728 4682 924 4755 Κύριε,
955 4686 1095 4738 κατὰ
1124 4687 1190 4740 τὰ
1224 4685 1357 4756 ἔργα
1390 4706 1513 4759 μου,
1544 4689 1777 4745 δυσωπῶ

1951 4694 1996 4749 0
2036 4694 2280 4763 Domine,
2317 4715 2505 4769 precor
2556 4710 2625 4769 le,
2660 4719 2725 4758 ne
2765 4721 2851 4761 me
2898 4706 3111 4777 judires
3156 4694 3454 4768 secundum

205 4787 299 4837 σε,
341 4773 480 4827 ἀλλὰ
533 4775 689 4837 ἵλεώς
743 4793 835 4845 μοι
886 4777 1109 4849 φάνηθι,
1154 4781 1397 4835 δυσωπεῖ
1444 4799 1503 4834 σε
1547 4786 1643 4836 σὺν
1696 4785 1775 4855 τῷ

205 4862 487 4937 Βαπτιστῇ
512 4870 555 4938 ’ἡ
587 4869 826 4922 τεκοῦσά
860 4888 941 4925 σε.

214 4982 217 4983 ⁷
266 4975 416 5046 Πύλη
440 4976 737 5044 ἀδιόδευτε,
753 4979 1017 5045 διάνοιξον
1040 4981 1214 5049 πύλας
1240 5004 1350 5056 μοι.
1376 4987 1586 5057 δέομαι.
1609 5006 1773 5059 μετα-

202 5068 344 5132 νοίας
376 5068 643 5139 ἀληθοῦς,
677 5072 772 5124 καὶ
800 5071 971 5137 δεῖξόν
1005 5092 1095 5144 μοι
1123 5076 1222 5148 τὴν
1250 5077 1435 5149 τρίϐον
1463 5078 1563 5149 τῆς
1594 5098 1772 5151 σωτη-

205 5162 343 5227 ρίας,
376 5163 544 5232 ἁγνὴ,
578 5165 611 5234 ἡ
646 5164 864 5219 πάντων
891 5166 1103 5237 ὀδηγία.

266 5342 675 5416 Πεποικι).μένη
698 5345 872 5411 θείαις
900 5348 994 5417 ἀγ)
1006 5350 1153 5415 αῖαις
1170 5350 1260 5405 τὸν
1282 5352 1484 5423 ὡραῖον
1506 5357 1563 5409 ἐν
1587 5356 1771 5411 κάλλει

204 5431 460 5505 ἐκύησας,
491 5436 761 5509 Παρθένε.
785 5438 959 5493 Αὑτὸν
981 5439 1073 5493 οῦν
1095 5441 1181 5494 ἀεὶ
1204 5443 1512 5499 ἐκδυσώπει
1538 5447 1776 5520 σωθῆναι

269 5616 380 5701 (29)
406 5622 504 5702 ..ιιι
528 5622 703 5702 omni,
752 5624 977 5691 scilicet,
1010 5642 1160 5702 naevo
1194 5637 1303 5682 tam
1344 5628 1575 5686 actualis
1614 5647 1779 5702 quam

202 5691 473 5772 originalis
508 5691 745 5772 eulpae
774 5711 883 5772 quo
905 5713 999 5767 per
1022 5698 1263 5772 divinam
1292 5691 1779 5772 gratiamprz'eser-

203 5769 319 5815 vata
351 5762 475 5821 luit.
529 5762 667 5821 Hinc
709 5762 802 5820 lvd
844 5762 1195 5825 Ca'rnctensis
1255 5762 1321 5824 in.
1378 5762 1645 5827 Sermfde
1671 5773 1778 5827 Na-

204 5834 336 5886 tivit.
386 5836 600 5889 Domini
654 5836 809 5902 dixit,
847 5838 939 5893 Dei
993 5837 1185 5894 Filium
1226 5842 1276 5894 in
1309 5841 1479 5897 Matre
1526 5859 1623 5897 sua
1654 5860 1774 5898 om-

206 5915 548 5963 netunazvum
572 5908 850 5975 originalis
867 5914 1038 5980 eulpae
1062 5913 1347 5981 delevisse,
1366 5915 1768 5986 praeservando,

1882 4801 2043 4853 opera
2072 4803 2211 4853 mea,
2239 4790 2332 4843 sed
2352 4793 2617 4861 propitius
2640 4804 2757 4850 esto
2782 4798 2912 4851 mihi
2936 4816 2949 4865 ;
2981 4801 3046 4856 de
3073 4818 3182 4870 quo
3203 4816 3453 4873 precatur

1882 4890 1932 4935 te
1959 4898 2081 4936 cum
2114 4885 2371 4953 Baptista,
2399 4886 2641 4945 Genitrix
2677 4904 2787 4948 tua.

1952 4988 1997 5046 0
2031 5004 2207 5062 porta,
2236 5012 2331 5065 per
2380 5015 2541 5068 quam
2604 5003 2739 5057 nulli
2798 5005 3081 5063 hominum
3139 5014 3454 5068 conceditur

1880 5084 1988 5144 via,
2014 5087 2161 5155 aperi
2204 5090 2358 5153 mihi,
2392 5108 2602 5160 precor,
2635 5110 2774 5150 vera:
2805 5099 3139 5166 paenitentia:
3170 5114 3374 5169 portas,
3403 5116 3452 5157 rt

1878 5180 2105 5234 ostende
2167 5182 2300 5236 mihi
2352 5186 2601 5239 semitam
2664 5189 2877 5255 salutis,
2910 5207 2943 5246 ο
2977 5190 3140 5264 Virgo
3205 5197 3450 5251 omnium

1880 5269 1988 5324 dux
2018 5280 2072 5325 et
2107 5272 2357 5328 directio.

1954 5362 2263 5418 Divinarum
2291 5366 2643 5435 splendorum
2688 5371 3031 5454 circumdata
3073 5376 3449 5441 varietatibus.

1886 5456 2193 5526 speciosum
2218 5456 2391 5512 forma
2417 5461 2693 5530 peperisti,
2729 5478 2762 5517 ο
2806 5461 2995 5536 Virgo.
3036 5465 3299 5564 Eumdem
3352 5468 3454 5540 igi—

1885 5635 2591 5715 seilieet,non_auferendo,_
2613 5651 2672 5696 ut
2701 5645 2905 5715 optime
2960 5647 3193 5715 explicat
3214 5644 3452 5702 Joannes

1884 5707 1951 5759 A.
2004 5706 2062 5759 S.
2106 5707 2171 5785 Μ.
2229 5709 2417 5785 doctor
2449 5706 2950 5785 tlieologus'Gallus
2982 5706 3046 5768 in.
3073 5732 3174 5771 suo
3198 5732 3359 5785 Opere
3384 5719 3450 5772 tle

1885 5779 2239 5853 conceptione
2268 5782 2412 5835 edito
2452 5779 2660 5837 Tolosae
2695 5800 2838 5841 anno
2867 5786 3022 5853 1649,
3054 5790 3196 5843 sicut
3235 5779 3449 5843 actuale

1883 5849 2097 5917 delevit,
2129 5851 2231 5907 hoc
2259 5862 2363 5919 est,
2396 5856 2760 5923 praeservavit.
