4180 6450
754 418 886 485 132⁵1

1881 418 1943 479 S.
1980 415 2294 477 JOSEPHI
2336 417 2655 478 HYMNOG
2669 418 2900 478 RAPH!

3856 418 4006 483 1323

753 548 849 592 tur
900 530 1135 587 assiduis
1179 530 1432 601 precibus
1473 528 1779 599 interpella,
1804 535 1863 582 ut
1911 528 1980 581 ab
2027 527 2247 583 interitu
2277 537 2330 581 ct

2441 529 2581 598 ἡμᾶς
2612 530 2677 582 ἐκ
2706 529 2935 600 φθορᾶς,
2975 527 3099 595 τούς
3130 532 3191 586 ὲν
3226 529 3410 586 πίστει
3441 532 3535 586 καὶ
3562 532 3714 604 πόθῳ
3756 549 3817 586 σε
3846 534 4008 600 δοξά-

751 631 1103 699 corruptione
1157 628 1349 680 liberet
1389 640 1511 690 nos,
1535 627 1629 696 qui
1660 635 1711 680 te
1746 639 1871 679 cum
1904 624 2005 679 ﬁde
2030 633 2085 677 et
2136 622 2330 677 atl‘ectu

751 725 1141 795 gloriﬁcamus.

825 816 1107 883 Templum
1144 813 1237 866 Dei
1276 811 1417 865 facta
1448 828 1526 877 es,
1554 828 1587 867 ο
1617 826 1831 866 summe
1864 811 2236 874 immaculata,
2271 811 2326 865 in

755 926 864 979 quo
887 924 1008 962 cum
1041 907 1128 960 ille
1152 917 1411 977 tauquam
1451 906 1704 960 sacerdos
1736 905 2112 969 inhabitasset,
2147 903 2335 957 huma-

752 1015 878 1054 nam
916 998 1282 1053 substantiam
1326 995 1617 1060 deiﬁcavit,
1650 1005 1706 1050 et
1757 996 1942 1052 tideles
1992 994 2188 1065 templa
2233 1008 2332 1049 sua

760 1091 1084 1147 mirabiliter
1114 1089 1314 1145 cﬂ‘ecit.

834 1182 1103 1253 Ilymnum
1142 1161 1439 1252 gratiarum
1478 1179 1710 1234 actionis
1736 1178 2333 1245 offerimus-ubinunc,

750 1291 784 1330 ο
833 1274 997 1347 Virgo
1052 1290 1205 1344 pura,
1244 1288 1336 1343 per
1378 1284 1425 1328 te
1475 1274 1541 1327 ab
1589 1274 1807 1343 antiqua
1861 1271 2241 1326 maledic-tione
2270 1273 2334 1326 li-

754 1368 950 1432 berati,
992 1376 1155 1435 atque
1192 1366 1372 1420 omnis
1408 1364 1799 1419 benedictionis
1848 1362 2086 1417 fructum
2130 1379 2329 1419 conse-

752 1462 884 1514 cuti.

826 1551 1153 1607 Germinasti
1180 1550 1329 1605 illum
1361 1551 1480 1604 sine
1506 1552 1735 1615 semine,
1763 1566 1925 1619 quem
1952 1548 2110 1603 Pater
2145 1550 2333 1603 incor-

756 1644 1085 1714 ruptibliter
1119 1642 1443 1711 germinavit
1476 1659 1489 1693 :
1521 1652 1573 1694 et
1615 1651 1739 1711 post
1781 1654 1991 1710 partum
2028 1640 2181 1709 virgo
2216 1655 2338 1708 per-

755 1736 1029 1797 mansisli,
1055 1733 1217 1803 283
1237 1734 1692 1803 quemadmodum
1719 1734 1899 1787 fueras
1936 1742 2060 1786 ante
2085 1742 2335 1802 partum:

753 1838 1037 1899 proliterea
1128 1828 1549 1891 beatitudinem,
1628 1836 1681 1881 et
1772 1827 2002 1896 gloriam
2096 1826 2337 1879 concede

752 1921 884 1974 mihi
933 1930 1267 1991 perpetuam,
1302 1934 1335 1973 ο
1386 1918 1679 1983 lnviolata,
1725 1920 1929 1989 quippe
1984 1931 2105 1988 qua
2131 1932 2188 1972 es
2243 1916 2336 1971 Dei
2368 1904 2411 1960 Β

755 2015 954 2071 Mater.

824 2109 1001 2172 Illum,
1041 2106 1129 2161 cui
1158 2122 1284 2162 cum
1322 2115 1561 2163 tremore
1591 2106 1855 2161 assistunt
1888 2105 2141 2161 cmlestes
2168 2104 2336 2171 acies,

762 2212 820 2256 tu
872 2202 1152 2272 peperisti,
1182 2215 1215 2255 ο
1264 2210 1437 2266 casta,
1480 2200 1793 2254 hominibus
1852 2199 2065 2253 unitum
2118 2210 2339 2268 propter

762 2309 918 2347 suam
954 2293 1247 2348 bonitatem
1276 2311 1289 2346 :
1314 2293 1575 2349 Eumdem
1601 2293 1848 2364 impenso
1870 2291 2065 2347 affectu
2093 2308 2335 2361 precare,

754 2397 813 2438 ut
837 2385 1155 2438 misereatur
1189 2400 1468 2438 servorqu
1498 2395 1739 2441 tuorum.

823 2477 1031 2530 Novum
1078 2476 1235 2530 nobis
1276 2476 1541 2529 infantem
1588 2474 1844 2544 peperisti
1877 2473 2176 2543 Antiquom
2224 2472 2337 2526 dic-

754 2584 900 2632 rmn,
934 2569 1029 2638 qui
1060 2583 1228 2622 novas
1264 2569 1316 2621 in
1364 2568 1525 2622 terris
1575 2568 1797 2621 semitas
1836 2567 2255 2627 demonstravit,
2284 2577 2337 2620 et

757 2671 1029 2715 vetustate
1088 2658 1394 2715 confectam
1452 2668 1707 2715 naturam
1744 2671 1981 2714 nostram
2020 2658 2334 2723 renovavit;

753 2768 788 2807 ο
810 2752 972 2823 Virgo
1006 2754 1311 2807 benedicta.

824 2847 1069 2912 Custodi,
1100 2862 1133 2901 ο
1165 2844 1349 2901 Puella
1395 2844 1506 2901 Deo
1558 2844 1901 2909 charissima,
1932 2843 1985 2898 iu
2036 2843 2338 2898 humilitate

756 2939 920 2993 vitam
976 2952 1172 3003 meam,
1200 2948 1253 2991 tu
1288 2954 1409 3009 quae
1435 2939 1741 2992 daemonum
1779 2936 1977 2991 fastum
2027 2950 2091 2992 ac
2145 2951 2338 3005 super-

754 3032 899 3087 biam
933 3042 1086 3102 partu
1130 3041 1221 3088 tuo
1262 3031 1594 3095 contrivisti,
1624 3040 1677 3086 et
1708 3031 1885 3101 exalia
1926 3046 2009 3086 me
2042 3045 2071 3083 a
2101 3041 2339 3085 stercore

755 3124 1099 3194 passionum,
1132 3134 1187 3179 et
1240 3123 1547 3179 latuelicum
1603 3122 1790 3192 gratiae
1838 3132 1942 3176 tua:
1998 3130 2185 3176 satura
2226 3134 2334 3183 me,

754 3220 885 3273 dum
920 3219 1151 3273 concino
1183 3234 1195 3270 :
1222 3216 1486 3280 Laudate,
1519 3230 1710 3286 opera,
1748 3213 2061 3282 Dominum,
2095 3223 2202 3268 etc.

828 3404 971 3459 Voce
995 3404 1168 3474 angeli
1218 3414 1268 3458 te
1308 3407 1634 3466 salutamus,
1664 3418 1698 3457 ο
1732 3402 2016 3458 benedicta
2049 3400 2213 3471 Virgo
2241 3416 2334 3457 ca-

756 3502 1003 3556 stissima
1036 3516 1049 3551 :
1084 3502 1218 3561 Ave,
1251 3514 1372 3567 quae
1409 3498 1575 3553 Deum
1631 3495 2233 3566 incomprehensibilem
2279 3496 2334 3550 in

754 3600 810 3645 te
843 3590 1161 3646 continuisti
1188 3590 1200 3643 ι
1241 3591 1373 3653 Ave,
1404 3586 1799 3643 maledictionis
1832 3586 2050 3651 solutio,
2087 3595 2141 3641 et
2172 3586 2336 3641 bene-

754 3684 1011 3739 dictionis
1075 3682 1447 3736 introductio!
1488 3683 1677 3746 Ave,o
1707 3680 1891 3747 unica,
1930 3695 2051 3750 qua:
2102 3678 2336 3750 paradisi

758 3782 943 3842 portas
977 3771 1260 3841 aperuisti.

828 3863 873 3919 Ο
903 3862 1086 3935 Virgo,
1106 3880 1225 3934 qua:
1254 3863 1385 3933 ipsis
1413 3862 1704 3918 Cherubim
1734 3865 1973 3919 sanctior
2019 3863 2336 3934 apparuisti,

763 3961 963 4029 quippe
992 3974 1112 4028 qum
1155 3958 1319 4012 Deum
1364 3957 1513 4011 onmi
1542 3956 1831 4012 sanctitate
1862 3958 2199 4025 superiorem
2247 3972 2339 4026 pe-

761 4054 969 4122 peristi,
1000 4052 1280 4105 sauctilica
1316 4064 1418 4104 nos
1448 4065 1661 4111 omnes.
1692 4050 1784 4119 qui
1819 4060 1980 4105 noctu
2012 4051 2216 4120 diuque
2250 4066 2341 4103 v0-

760 4146 917 4201 cibus
942 4144 1149 4199 sanctis
1189 4154 1239 4197 te
1272 4145 1699 4198 sanctilicamus.

995 4235 1080 4289 E12
1112 4234 1324 4290 Canone
1366 4235 1513 4304 feria?
1548 4252 1622 4301 tv,
1645 4236 1713 4288 ad
1754 4234 2094 4289 Matutinum.

836 4328 903 4384 Ut
940 4328 1194 4384 omnibus
1215 4329 1338 4383 liliis
1387 4328 1559 4381 Adam
1611 4328 2103 4397 impassihilitatem
2156 4328 2336 4397 acqui-

762 4437 936 4486 reres,
968 4422 1274 4491 passionem
1304 4423 1543 4476 suStines
1565 4464 1579 4488 ,
1600 4421 1845 4484 Domine,
1878 4437 2042 4491 super
2080 4437 2293 4475 crucem
2325 4442 2336 4475 :

762 4525 907 4568 terra
932 4514 1112 4567 tremit
1138 4524 1191 4567 et
1215 4514 1550 4568 concutitur.
1598 4513 1677 4567 Tu
1721 4530 1868 4580 vero,
1895 4530 1927 4566 ο
1959 4514 2205 4579 Domina,
2230 4530 2341 4567 ma-

762 4614 929 4667 ternis
959 4620 1201 4683 permota
1227 4610 1548 4674 visceribus,
1585 4608 1638 4663 in
1669 4623 1829 4663 voces
1862 4609 2117 4678 querulas
2140 4624 2201 4662 ac
2242 4608 2335 4662 lie-
2373 4604 2412 4657 ο

762 4705 899 4759 biles
922 4705 1185 4774 erumpis.

840 4795 882 4849 0
914 4795 1009 4861 ﬁli,
1047 4811 1170 4850 cum
1222 4802 1274 4850 te
1331 4793 1533 4865 peperi,
1584 4794 1895 4864 speciosum
1956 4792 2132 4848 forma
2181 4811 2343 4863 super

765 4904 957 4943 omnes
1045 4889 1184 4943 lilios
1253 4887 1533 4942 hominum
1606 4888 1886 4956 cognovi;
1942 4896 1996 4941 et
2072 4888 2344 4957 quomodo

770 4997 937 5046 nunc,
968 4982 1205 5043 Christe,
1227 4980 1373 5035 cruci
1404 4978 1569 5051 284
1599 4978 1793 5035 ειίίὶλιις
1825 4981 2223 5050 ριιιιίηίιιιιιιιιε
2258 4997 2347 5039 ca-

772 5074 895 5128 res?
933 5073 1003 5127 Ita
1034 5088 1156 5127 cum
1194 5073 1450 5143 laerymis
1486 5072 1653 5143 Virgo
1686 5074 2027 5144 loquebatur.

840 5166 1034 5222 Gladio
1066 5167 1339 5237 passionis
1364 5167 1457 5220 ﬁlii
1488 5167 1564 5220 tui
1592 5166 1877 5221 vulnerata
1912 5182 1992 5231 es,
2038 5184 2069 5223 ο
2096 5166 2345 5234 Domina,

772 5275 895 5314 cum
926 5257 1179 5312 eumdem
1227 5259 1574 5325 cruciﬁxum,
1610 5274 1673 5312 ac
1725 5261 1866 5313 latus
1912 5259 2081 5328 ipsius
2122 5260 2349 5329 purissi—

776 5365 924 5405 mum
951 5358 1176 5421 propter
1198 5364 1300 5405 nos
1330 5350 1519 5406 lancea
1541 5348 1851 5422 perfossum
1888 5350 2090 5406 vidisti.

846 5540 985 5595 Cum
1021 5539 1323 5605 Christum,
1350 5538 1442 5608 qui
1474 5538 1624 5595 solus
1659 5538 1727 5593 ab
1765 5537 2019 5593 universo
2062 5537 2182 5607 capi
2240 5552 2348 5592 non

776 5642 973 5707 potest,
1010 5632 1064 5686 in
1098 5641 1254 5687 utero
1278 5646 1399 5701 meo
1432 5632 1717 5701 cepissem.
1746 5647 1805 5688 ac
1838 5630 2032 5686 deinde
2062 5630 2178 5686 sine
2198 5630 2350 5685 dolo-

777 5728 931 5783 ribus
989 5725 1529 5794 peperissem;nuuc
1577 5724 1795 5779 dolores
1842 5732 2028 5793 partus
2070 5724 2346 5793 experior,

776 5822 902 5874 dum
932 5815 1182 5871 eumdem
1212 5816 1263 5868 in
1311 5831 1474 5873 cruce
1502 5818 1774 5873 sublatum
1805 5815 1977 5870 video.
2008 5815 2083 5871 Ita
2122 5815 2347 5886 Deipara

777 5912 1129 5976 illacrymaus
1171 5906 1367 5962 aiebat.

2435 620 2645 684 ζοντας.

2507 810 2655 874 Nat;
2687 810 2824 863 Θεοῦ
2871 812 3153 883 ὲδείχθης,
3205 815 3555 885 πανάμωμε,
3591 815 3651 867 ὲν
3693 808 3738 882 ᾧ
3782 817 4017 885 οἰκήσας

2439 904 2600 973 ίερῶς
2654 905 2751 976 τὴν
2803 906 3012 977 βροτῶν
3056 908 3243 961 οὐσίαν
3289 908 3561 977 ἐθέωσεν,
3612 911 3842 979 ποιήσας
3888 912 4017 972 τούς

2435 995 2661 1059 πιστοὺς
2690 998 2850 1060 ναοὺς
2881 996 3078 1051 ἑαυτοῦ
3112 998 3453 1071 παραδόξως.

2513 1181 2722 1251 Ὕμνον
2773 1198 2856 1235 σοι
2881 1222 2895 1243 ,
2943 1181 3194 1253 Παρθένε
3219 1220 3235 1245 ,
3273 1183 3627 1256 εὐχαριστίας
3664 1186 4021 1257 προσάγομεν

2436 1272 2533 1325 νῦν
2558 1314 2573 1337 ,
2608 1273 2694 1326 διὰ
2723 1271 2819 1325 σοῦ
2845 1314 2859 1338 ,
2892 1274 3068 1345 ἁγνὴ,
3104 1276 3152 1327 οῖ
3183 1278 3522 1345 σεσωσμένοι
3556 1281 3619 1331 ἐκ
3653 1278 3750 1348 τῆς
3778 1280 4019 1349 ἀρχαίας

2438 1359 2704 1430 κατάρας,
2732 1359 2829 1415 καὶ
2859 1361 3039 1415 πᾶσαν
3065 1362 3315 1433 εὐλογίαν
3343 1366 3743 1439 καρπούμενοι.

2519 1543 2892 1616 Ἐὅλόιστησας
2916 1546 3048 1601 ἄνευ
3093 1548 3410 1619 σπέρματος
3438 1551 3498 1605 ὃν
3530 1551 3791 1623 ἐγέννησε
3823 1558 4019 1625 Πατὴρ

2438 1633 2755 1705 ἀρρεύστως
2778 1676 2791 1699 ,
2830 1636 3053 1706 ἔμεινας
3103 1640 3242 1708 μετὰ
3290 1642 3447 1695 τόκον
3501 1643 3769 1712 παρθένος
3801 1646 3875 1707 ὡς
3910 1648 4023 1715 πρὸ

2437 1729 2615 1781 τόκου·
2674 1728 2755 1783 δ.ὸ
2804 1733 3185 1802 μεμακὰρισαι
3225 1737 3321 1787 καὶ
3370 1735 3702 1802 δεδόξασαι,
3750 1737 4022 1810 ἇχραντε,

2439 1823 2753 1888 ἀπαύστως,
2784 1822 2857 1888 ὡς
2883 1826 3086 1897 Μήτηρ
3113 1826 3248 1881 οὐσα
3278 1827 3438 1884 Θεοῦ.

2512 2093 2583 2171 Ὦ
2611 2104 3076 2173 παρειστήκεισαν
3102 2104 3292 2178 τρόμῳ
3312 2108 3380 2161 τὰ
3409 2108 3710 2179 ἐπουράνια
3741 2123 4023 2181 ταγματα,

2438 2193 2626 2247 τοῦτον
2668 2195 2895 2260 τίκτεις,
2922 2197 3093 2268 ἁγνὴ,
3122 2199 3392 2255 ἑνωθέντα
3432 2204 3545 2267 τοῖς
3577 2204 3789 2275 βροτοῖς
3812 2206 4023 2273 ἁγαθός

2438 2304 2584 2357 τητι,
2610 2286 2693 2357 ,ὃν
2738 2289 2974 2355 ἐκτενῶς
3020 2290 3229 2347 ἱκέτευε
3261 2295 3603 2366 οίκτειρῆσαι
3635 2298 3760 2363 τούς
3791 2298 4024 2363 δούλους

2440 2396 2557 2434 σου.

2509 2470 2647 2525 Νέον
2668 2474 2800 2543 ἡμῖν
2828 2473 3029 2545 βρέφος
3057 2476 3380 2549 ἀπεκύησας
3408 2479 3499 2534 τὸν
3526 2481 3762 2538 Παλαιὸν
3790 2486 4025 2557 ἡμερῶν

2440 2562 2563 2627 νέας
2594 2565 2686 2616 ἐπὶ
2714 2566 2819 2636 γῆς
2844 2566 3067 2638 τρίϐους
3086 2570 3501 2639 ὑποδεικνύντα,
3527 2576 3621 2629 καὶ
3646 2576 3745 2645 τὴν
3769 2578 4023 2632 παλαιω-

2442 2655 2633 2710 θεῖσαν
2651 2657 2811 2727 φύσιν
2837 2662 3286 2733 καινουργούντα,
3312 2665 3626 2737 ἀνύμφευτε
3648 2670 4027 2745 εὐλογημένη.

2511 2844 2681 2914 Συντή
2693 2843 2855 2914 ρησόν
2886 2862 2990 2916 μου
3028 2845 3128 2919 τὴν
3157 2847 3397 2903 διάνοιαν
3430 2849 3489 2904 ὲν
3514 2850 3867 2918 ταπεινώσει,
3905 2855 4027 2910 K6—

2442 2954 2510 3006 ρη
2531 2935 2915 3007 θεοχαρίτωτε,
2937 2939 2970 3007 ἡ
2997 2939 3076 3009 τῷ
3097 2940 3243 3011 τόκῳ
3273 2958 3367 2995 σου
3393 2942 4020 3019 συντρίψασαρπάρσεις

2438 3024 2547 3077 τῶν
2575 3024 2865 3095 δαιμόνων,
2902 3028 2997 3081 καὶ
3028 3028 3243 3099 ὐψωσόν
3274 3048 3344 3103 με
3375 3032 3485 3087 ἀπὸ
3508 3035 3608 3105 τῆς
3636 3037 3876 3107 κοπρίας
3906 3040 4023 3092 τῶν

2439 3117 2648 3182 παθῶν,
2693 3119 2787 3171 καὶ
2823 3120 3098 3175 πεινῶντα
3134 3122 3236 3195 τὴν
3272 3124 3433 3195 χάριν
3472 3142 3567 3179 σου
3616 3127 3845 3199 κόρεσον
3891 3132 4027 3202 μελ-

2437 3209 2701 3281 ῳδοῦντα·
2742 3211 2847 3265 Τὸν
2877 3211 3082 3284 Κύριον
3114 3214 3357 3287 ὑμνεῖτε,
3403 3217 3474 3272 τὰ
3505 3217 3666 3290 ἔργα,
3700 3221 3798 3276 καὶ
3840 3224 4025 3297 ὐπερ-

2440 3299 2640 3369 υψοῦτε
2669 3302 2748 3364 είς
2778 3302 2985 3366 πάντας
3012 3304 3140 3364 τοὺς
3171 3303 3394 3369 αἰῶνας.

2506 3394 2696 3463 Φωνήν
2748 3411 2830 3447 σοι
2864 3397 3215 3467 προσάγομεν
3279 3398 3378 3468 τὴν
3427 3398 3521 3454 τοῦ
3560 3400 3804 3472 Γαϐριὴλ
3856 3402 4029 3471 ἀγγέ-

2437 3486 2554 3553 λου,
2576 3488 2839 3557 πάναγνε,
2868 3489 3235 3561 εὐλογημένηο
3264 3491 3458 3559 Χαῖρε,
3487 3495 3520 3563 ἡ
3553 3496 3856 3565 χωρήσασα
3886 3496 4026 3549 Θεὸν

2437 3581 2528 3635 τὸν
2558 3581 2839 3653 ἀχώρητον
2864 3597 2878 3612 ⁸
2913 3585 3093 3653 χαῖρε,
3126 3585 3370 3656 κατάρας
3410 3584 3585 3649 λύσις,
3635 3587 3731 3639 καὶ
3759 3587 4024 3655 εὐλογίας

2438 3675 2750 3746 εἰσαγωγήο
2795 3676 2975 3746 χαῖρε,
3032 3676 3171 3748 μόνη
3223 3677 3557 3749 παραδείσου
3610 3679 3645 3750 ἠ
3694 3678 3795 3749 τὴν
3850 3680 4030 3753 θύραν

2440 3766 2746 3839 ἀνεῴξασα.

2508 3862 2740 3915 Φανεῖσα
2785 3861 2895 3916 τῶν
2942 3861 3227 3934 Χερουϐὶμ
3281 3862 3581 3934 ἁγιωτέρα,
3625 3862 3900 3934 Παρθένε,
3954 3866 4030 3930 ὡς

2440 3953 2530 4006 τδν
2561 3953 2692 4007 Θεὸν
2724 3952 2955 4008 τεκοῦσα
2984 3955 3074 4007 τὸν
3106 3955 3427 4025 ὑπεράγων,
3458 3956 3666 4019 πάντας
3702 3957 3854 4026 ἡμᾶς
3883 3958 4020 4010 καθ-

2439 4046 2685 4115 αγίασον,
2718 4047 2843 4109 τούς
2895 4049 2954 4100 ὲν
2984 4050 3189 4115 φωναῖς
3224 4047 3409 4117 ἁγίαις
3439 4046 3622 4100 πίστει
3644 4048 3706 4100 ὲν
3736 4050 3900 4102 νυκτὶ
3936 4050 4029 4101 καὶ

2440 4138 2624 4207 ἡμέρᾳ
2658 4154 2714 4189 σε
2742 4137 3083 4204 ἀγιάξοντας.

2454 4232 2548 4282 Ἐκ
2576 4230 2684 4283 τοῦ
2699 4232 2968 4297 Κανόνος
3002 4230 3111 4298 τῆς
3145 4229 3450 4300 τετάρτης,
3482 4234 3567 4299 εις
3607 4231 3715 4286 τόν
3737 4234 4019 4301 Ὀρθρον.

2516 4326 2633 4378 Ἵνα
2672 4323 2940 4379 ἀπάθειαν
2989 4326 3120 4377 πᾶσι
3174 4328 3285 4389 τοῖς
3332 4324 3391 4391 ἐξ
3434 4325 3606 4396 Ἀδὰμ
3636 4324 4025 4397 προξενήσῃς,

2444 4419 2709 4483 Δέσποτα,
2742 4418 2912 4480 πάθος
2942 4417 3130 4487 φέρεις
3164 4419 3221 4471 ὲν
3255 4417 3499 4489 σταυρῷ,
3532 4420 3626 4471 καὶ
3674 4418 3862 4489 ὁρῶσα
3892 4422 4028 4472 σείε-

2444 4528 2532 4565 ται
2561 4513 2594 4580 ή
2634 4510 2728 4579 γῆ,
2763 4510 3114 4581 θρηνῳδούσα
3142 4511 3425 4582 μητρικῶς
3453 4510 3634 4576 ἐϐόας,
3664 4511 3963 4567 Δέσποινα.

2532 4787 2745 4858 Ὧραῖον
2780 4785 2965 4839 κάλλει
3017 4803 3099 4852 σε,
3137 4786 3253 4850 Υἱὲ,
3286 4786 3428 4857 ὑπὲρ
3458 4785 3666 4850 πάντας
3702 4786 4028 4858 ἀνθρώπους

2450 4884 2505 4933 ὲν
2536 4881 2611 4950 τῷ
2656 4882 2864 4932 τίκτειν
2914 4879 3182 4947 ἐπέγνων,
3217 4881 3311 4932 καὶ
3345 4880 3461 4943 πῶς
3498 4882 3911 4951 σταυρούμενος
3942 4882 4029 4935 νῦν

2448 4973 2642 5035 κάλλος
2677 4973 2776 5025 οὐκ
2816 4971 2980 5043 ἔχεις,
3031 4972 3274 5041 Χριστὲ;
3315 4973 3348 5043 ἡ
3398 4972 3675 5043 Παρθένος
3732 4972 3894 5042 ἔλεγε
3944 4975 4029 5029 δα-

2448 5084 2480 5120 κ
2489 5065 2710 5137 ρύουσα.

2475 5174 2485 5186 ⁸
2534 5158 2804 5231 Ῥομφαίᾳ
2834 5160 3099 5230 τέτρωσαι
3124 5156 3217 5211 τοῦ
3251 5157 3480 5221 πάθους,
3510 5159 3803 5223 Δέσποινα,
3835 5160 3936 5215 τοῦ
3969 5165 4024 5215 ὲκ

2452 5252 2543 5306 σοῦ
2587 5252 2985 5323 σαρκωθέντος,
3014 5253 3143 5307 ὅταν
3177 5253 3339 5307 αὐτὸν
3362 5252 3591 5322 ἔϐλεψας
3623 5257 4025 5326 σταυρούμενον

2450 5346 2547 5399 καὶ
2592 5344 2761 5417 λόγχῃ
2816 5344 3084 5418 ἄχραντον
3126 5346 3368 5417 πλευρὰν
3413 5345 3480 5399 δι’
3538 5346 3686 5416 ἡμᾶς
3744 5346 4024 5418 ὲξορυττόο

2454 5453 2636 5506 μενον.

2522 5531 2698 5602 Πατρὶ
2754 5531 3049 5601 χωρήσασα
3101 5530 3337 5601 Χριστὸν
3388 5531 3548 5601 μόνον
3594 5529 3689 5583 τὸν
3745 5530 4025 5603 ἁχὼρητον

2452 5625 2621 5677 παντὶ
2654 5624 2860 5677 ὠδίνων
2894 5623 3119 5677 ἄνευθεν
3160 5624 3407 5689 τὲτοκας,
3440 5622 3535 5677 νῦν
3571 5623 3628 5676 δὲ
3656 5622 3933 5694 ὀδυνῶμαι
3968 5624 4024 5675 ἐν

2449 5718 2525 5788 τῷ
2557 5716 2923 5790 σταυροῦσθαί
2982 5734 3063 5787 σε,
3096 5717 3319 5789 Χριστὲ,
3366 5718 3401 5788 ὴ
3444 5715 3710 5781 Θεοτόκος
3763 5717 4023 5772 κλαίουσα

2451 5812 2657 5881 ἔλεγεν.
