4180 6450
204 407 341 472 1329

1605 396 1846 456 MARIA
1858 396 1972 456 LE.

3307 396 3441 461 1330

263 520 474 594 Πατρδς
509 520 572 574 τδ
614 516 975 588 ἀπαύγασμα,
1009 513 1126 577 πῶς
1165 512 1381 585 ἐπήρθη
1424 511 1484 565 ὲν
1527 510 1766 582 σταυρῷ,

1946 509 2233 576 Quomodo
2285 509 2540 580 splendor
2606 509 2785 565 Patris
2832 509 2885 564 in
2932 525 3146 567 crucem
3202 512 3448 568 subiatus

198 614 561 686 φωταγωγῶν
587 612 656 667 τὰ
685 611 999 682 σύμπαντα,
1031 607 1126 662 καὶ
1164 607 1530 677 καταράσσων
1557 604 1779 666 σκότους

197 710 281 762 τὸν
309 707 593 777 ἀρχηγόν;
625 707 659 775 ή
692 703 967 772 πάναγνος
989 701 1259 755 Δέσποινα
1294 695 1576 770 μητρικῶς
1608 694 1778 767 θρην-

193 796 404 866 ῳδοῦσα
440 794 837 865 άπεφθέγγετο.

275 978 333 1033 '0
367 978 628 1050 ὑπάρχων
674 974 1033 1037 ἀναλλοίωτος
1062 972 1282 1043 θεότητι
1310 971 1610 1042 ήλλοίωσας
1644 987 1773 1042 κρε-

198 1073 444 1143 μάμενος
475 1070 699 1143 σταυρῷ
733 1068 911 1124 κτίσιν
937 1066 1178 1133 ἃπασαν,
1206 1067 1239 1137 ή
1265 1064 1539 1136 Παρθένος
1566 1064 1772 1141 ἔλεγεν,

199 1166 311 1231 Υἱὲ,
349 1168 442 1219 καὶ
485 1165 761 1236 βλέπουσα
805 1163 979 1217 ταῦτα
1025 1160 1316 1234 Θρηνωδῶς
1353 1156 1773 1231 ἑκπληττομένη

194 1260 289 1329 τὴν
317 1260 553 1331 φρικτήν
584 1258 896 1331 οἰκονομίαν
928 1274 1046 1312 σου.

276 1446 472 1500 Ἰακώϐ
512 1464 571 1501 σε
606 1447 841 1518 προεῖδε,
892 1443 1158 1515 Παρθένε,
1213 1444 1461 1513 κλίμακα
1495 1439 1634 1512 πρὸς
1668 1440 1765 1493 οὒ-

195 1547 376 1614 ράνιον
398 1541 533 1611 ὕψος
553 1542 700 1611 ἡμᾶς
726 1540 1052 1607 άνάγουσαν,
1077 1537 1203 1600 τοὺς
1231 1538 1311 1599 εἰς
1342 1535 1437 1589 τὸν
1459 1532 1621 1605 βυθὸν
1657 1532 1764 1587 τῶν

195 1636 378 1690 κακῶν
406 1636 817 1706 ὀλισθήσανταςο
866 1633 990 1689 ὅθεν
1022 1649 1081 1688 σε
1128 1630 1426 1703 ὑμνοῦμεν,
1480 1628 1639 1700 ἁγνή,
1684 1628 1764 1691 εἰς

193 1730 317 1792 τοὺς
348 1727 574 1790 αίῶνας.

1886 615 1989 671 est,
2021 607 2113 676 qui
2176 606 2426 661 universa
2488 605 2607 660 luce
2670 605 2967 676 perfundit,
3003 617 3056 662 et
3101 608 3447 662 tenebrarum

1882 697 2181 767 principem
2232 696 2521 765 proturbat
2570 710 2635 752 ac
2683 695 2913 766 dejicit?
2967 695 3186 751 Dicebat
3225 695 3448 752 Domina

1882 788 2248 856 sanctissima,
2282 798 2540 861 tanquam
2596 797 2770 844 mater
2822 790 3193 861 ingemiscens
3236 804 3300 845 ac
3334 791 3451 860 plo-

1881 896 2027 937 rans.

1950 972 2307 1029 lmmutabilis
2375 972 2676 1029 secundum
2748 973 3110 1041 divinitatem,
3166 974 3222 1030 in
3286 989 3448 1030 cruce

1878 1081 2175 1137 suspensus
2207 1066 2451 1132 mutasti,
2480 1081 2512 1121 o
2536 1065 2659 1130 Fili,
2691 1081 2883 1123 omnes
2923 1075 3222 1130 creaturas,
3252 1069 3437 1123 aiebat

1876 1155 2074 1231 Virgo;
2117 1167 2172 1215 et
2222 1158 2334 1213 hac
2381 1158 2673 1229 aspiciens,
2718 1160 2771 1213 in
2816 1160 3054 1214 lamenta
3107 1160 3447 1230 erumpebat,

1874 1265 1995 1305 cum
2026 1261 2249 1323 stupore
2281 1252 2637 1309 considerans
2665 1254 3000 1309 tremendam
3033 1253 3185 1309 illius
3212 1253 3445 1323 disposi-

1874 1343 2075 1399 tionem
2088 1383 2101 1398 .

1942 1432 2197 1489 Praevidit
2242 1443 2292 1489 te
2338 1434 2528 1500 Jacob,
2559 1452 2590 1491 o
2619 1436 2808 1507 Virgo,
2838 1439 3038 1493 scalam
3093 1455 3214 1510 quae
3248 1456 3350 1495 nos
3390 1440 3454 1494 in-

1869 1524 2200 1593 profundum
2238 1528 2504 1581 malorum
2546 1528 2793 1599 delapsos
2856 1544 2919 1584 ac
2964 1531 3200 1600 perditos
3231 1532 3296 1587 ad
3330 1547 3445 1587 cm-

1868 1617 2055 1673 lestem
2142 1620 2479 1674 altitudinem
2559 1637 2681 1678 eras
2778 1623 3183 1679 sublevatura:
3249 1641 3446 1694 quam—

1864 1711 2049 1766 ohrem
2093 1726 2194 1766 nos
2247 1720 2317 1776 te,
2360 1726 2393 1766 0
2433 1727 2589 1783 pura,
2630 1713 2882 1771 laudibus
2907 1715 3220 1771 extollimus
3260 1716 3311 1769 in
3349 1732 3449 1771 sae-

1873 1802 2020 1857 cula.

259 1913 499 1984 Φρικτὴν
545 1913 757 1985 λοχείαν
798 1912 1061 1983 ὑπέστης,
1098 1909 1387 1972 Δέσποινα,
1439 1909 1496 1960 ὲν
1527 1904 1605 1976 τῷ
1637 1922 1757 1976 φρι-

1930 1894 2153 1949 Partum
2222 1910 2378 1969 sacro
2448 1896 2677 1951 horrore
2754 1896 2994 1966 plenum,
3081 1913 3205 1952 cum
3264 1907 3313 1952 te
3394 1902 3447 1953 in

192 2001 335 2065 κτῶς
372 2018 432 2055 σε
465 2002 693 2067 τίκτειν,
728 2001 787 2055 ὃν
815 2003 849 2072 ή
880 2002 1057 2063 κτίσις
1098 1996 1499 2070 σταυρούμενον
1528 1996 1585 2049 ἐν
1624 1992 1764 2063 ξύλῳ

192 2093 444 2161 θελήσει,
485 2092 833 2165 μακρόθυμε,
879 2089 1065 2161 ἔφριξε
1123 2088 1449 2159 καθορῶσα,
1511 2084 1680 2138 πάλαι
1731 2083 1763 2153 ή

191 2184 480 2253 ἄμεμπτος
503 2185 685 2238 ἔκλαιε
721 2183 901 2253 βοῶσα
936 2180 1218 2253 μητρικῶς
1241 2182 1307 2250 ἢν
1341 2178 1741 2251 μεγαλύνομεν.

1870 1987 2045 2041 lucem
2105 1988 2426 2043 mirabiliter
2477 1989 2643 2054 edidi,
2686 1989 3002 2045 sustinuisti
3043 2006 3057 2043 :
3102 1990 3257 2046 Nunc
3321 2008 3450 2046 vero

1877 2095 1999 2136 cum
2035 2090 2297 2137 creaturae
2340 2096 2531 2138 omnes
2589 2083 2803 2139 videant
2860 2093 2913 2139 te
2973 2094 3165 2154 sponte
3197 2087 3249 2140 in
3304 2086 3451 2153 ligno
3516 2156 3521 2163 _

1876 2172 2173 2239 conﬁxum,
2243 2174 2671 2238 exhorrescunt,
2734 2189 2767 2228 ο
2834 2175 3233 2244 patientissime
3314 2175 3444 2231 Fili.

192 2278 267 2332 Ita
321 2280 664 2335 exclamabat
716 2281 861 2335 olim.
890 2287 1193 2333 maternum
1228 2277 1297 2348 {in
1348 2288 1553 2329 morem
1589 2266 1949 2340 ingemiscens
2021 2269 2310 2339 purissima
2366 2269 2498 2341 lilia,
2560 2284 2721 2339 quam
2791 2287 2937 2327 nunc
3010 2272 3445 2343 magniﬁcamus.

204 2393 296 2445 Ἐκ
322 2392 431 2447 τοῦ
462 2392 728 2458 Κανόνος
760 2390 870 2461 τῆς
898 2391 1195 2475 πέμπτης,
1227 2392 1313 2455 είς
1344 2387 1452 2441 τὸν
1493 2389 1762 2475 Ὄρθρονξ.

268 2481 331 2535 ’0
358 2482 720 2553 συνυπάρχων
750 2480 947 2552 Πατρὶ,
976 2482 1006 2533 ὁ
1034 2472 1307 2541 συναῖδιος
1339 2477 1462 2541 Υἱὸς
1497 2478 1583 2529 ἐπ’
1612 2472 1765 2543 ἐσχά-

192 2593 300 2629 των
338 2575 620 2645 βουληθεὶς
648 2573 936 2645 κατῴκησε
963 2573 1063 2643 τὴν
1094 2574 1313 2644 μήτραν
1363 2589 1480 2636 σου,
1512 2568 1762 2633 Θεοτόκε,

193 2668 272 2729 είς
324 2667 486 2738 ήμῶν
534 2668 641 2722 τῶν
692 2667 903 2722 πιστῶν
958 2667 1338 2737 άναγέννησιν,
1387 2666 1511 2719 ὅθεν
1563 2662 1764 2734 ὑμνοῦ-

195 2759 297 2828 μέν
332 2776 414 2813 σε.

262 2852 436 2905 Λύσιν
460 2852 614 2921 ἡμῖν,
664 2850 827 2922 ἁγνή,
882 2850 1299 2925 ἁμαρτημάτων
1345 2850 1435 2903 τὸν
1472 2847 1767 2919 Λυτρωτὴν

190 2943 412 3016 δοθῆναι
446 2942 771 3009 ἑκδυσὼπει,
824 2943 917 2998 τὸν
968 2943 1302 3015 σκοτασμδν,
1356 2943 1616 3013 άχραντε,
1654 2940 1765 2993 τῶν

191 3034 381 3107 ψυχῶν
399 3035 558 3108 ήμῶν
583 3035 818 3105 άεὶζταῐς
847 3036 968 3101 σαῖς
991 3035 1309 3109 πρεσϐείαις
1340 3033 1692 3097 σκεδάζουσα.

272 3222 617 3293 Ἀνύμφευτε
673 3221 977 3285 Δέσποινα,
1031 3220 1372 3290 εὐλογημένη
1440 3218 1772 3289 Θεοκυῆτορ,

190 3314 314 3379 τοὺς
345 3313 651 3384 ὑμνοῦντας
674 3330 735 3366 σε
752 3312 1023 3384 περίσωξε
1045 3313 1224 3384 πάσης
1247 3310 1471 3384 βλάϐης,
1502 3312 1638 3384 μόνη
1663 3313 1772 3366 τῶν

191 3406 500 3477 ἀνθρώπων
538 3404 784 3476 βοήθεια.

276 3500 335 3551 ’0
366 3498 431 3551 τὸ
462 3494 599 3551 εἶναι
647 3499 782 3567 ήμϊν
813 3496 1185 3567 παρεχόμενος
1218 3536 1235 3563 ,
1269 3497 1364 3551 σοῦ
1404 3496 1503 3569 τήν
1561 3500 1774 3568 μήτραν

192 3587 507 3658 κατῴκησε,
539 3586 789 3653 Θεοτόκε,
823 3585 883 3642 ὃν
924 3586 1149 3657 αιτησαι
1185 3585 1426 3658 σωθῆναι
1462 3588 1631 3658 ήμᾶς.

264 3769 513 3841 Παρθένε
574 3769 709 3840 μόνη
749 3767 911 3839 ἁγνὴ,
958 3768 1372 3840 κεχαριτωμένη
1412 3770 1631 3841 βοήθειά
1681 3788 1770 3842 μοι

191 3866 275 3918 ἀεὶ
301 3862 688 3936 χειμαζομένῳ
715 3863 835 3925 ταῖς
854 3860 957 3914 ’τοῦ
990 3860 1105 3931 βίον
1138 3861 1546 3932 περιστάσεσιν.

259 4053 536 4106 Δέσποινα
566 4047 783 4102 πάντων
835 4048 943 4101 τῶν
981 4045 1304 4118 ἀνθρώπιον,
1347 4045 1477 4115 ἁγία
1519 4047 1766 4113 Θεοτόκε,

191 4146 288 4214 τῆς
318 4142 567 4205 δουλείας
600 4157 666 4211 με
698 4140 804 4194 τῶν
829 4140 1015 4194 παθῶν
1045 4141 1167 4203 σαῖς
1195 4139 1515 4211 πρεσϐείαις
1543 4140 1768 4205 τελείως

191 4236 380 4290 ὲλευθέ
389 4251 586 4304 ρωσον.

271 4326 587 4398 ’Υμνοῦμέν
625 4343 707 4391 σε,
758 4325 1002 4397 Παρθένε
1050 4324 1391 4397 Θεοκυῆτορ,
1442 4327 1510 4380 δι’
1546 4321 1613 4399 ἦς
1662 4329 1771 4398 ἀρὰ

2111 2380 2196 2436 Ea:
2221 2382 2432 2437 Canone
2458 2384 2601 2454 feria:
2633 2398 2663 2436 ν
2716 2384 2785 2437 ad
2816 2383 3163 2440 Matutinum.

1936 2473 2108 2531 Filius
2140 2483 2444 2531 coaeternus
2494 2476 2659 2540 Patri,
2698 2477 2871 2532 voluit
2900 2478 2953 2532 in
2988 2480 3094 2532 line
3124 2487 3431 2547 temporum

1875 2564 1932 2618 in
1990 2574 2147 2620 utero
2188 2575 2281 2620 tuo
2345 2566 2609 2634 habitare,
2641 2582 2674 2622 ο
2715 2566 2961 2636 Dcipara,
2994 2579 3052 2623 ut
3107 2584 3206 2625 nos
3268 2571 3451 2623 lidelcs

1866 2669 2212 2726 regeneraret
2248 2675 2262 2712 :
2295 2674 2459 2728 quam
2497 2659 2568 2714 ob
2598 2674 2819 2715 causam
2857 2660 2951 2716 tibi
2993 2662 3225 2732 hymnos
3247 2662 3455 2716 decan-

1881 2758 2080 2805 tamus.

1942 2842 2104 2914 235
2135 2841 2447 2912 Deprecare,
2486 2858 2520 2898 ο
2571 2852 2720 2901 casta
2738 2854 2792 2900 et
2812 2845 3088 2913 inviolata,
3117 2847 3444 2916 Redempto-

1868 2950 2003 3000 rem,
2023 2944 2081 2990 ut
2105 2936 2259 2991 nobis
2288 2945 2637 3005 peccatorum
2684 2947 3003 2993 nostrorum
3035 2940 3444 2997 absolutionem

1872 3030 2180 3084 concedat:
2219 3038 2381 3098 atque
2409 3030 2645 3085 assiduis
2696 3030 3179 3088 intercessionibus
3214 3034 3320 3089 tuis
3345 3035 3447 3089 eli-

1791 3097 1834 3156 (ἶ
1878 3121 2024 3175 mina
2057 3121 2309 3179 tenebras
2332 3122 2637 3178 animarum
2666 3134 2997 3179 nostrarum.

1948 3213 1993 3268 0
2027 3214 2250 3268 Domina
2282 3214 2531 3284 innupta,
2566 3215 2658 3270 Dei
2689 3217 2921 3285 genitrix
2959 3217 3265 3281 benedicta,
3296 3220 3447 3275 salva

1873 3322 1996 3373 nos,
2032 3308 2124 3377 qui
2164 3316 2215 3361 te
2264 3308 2573 3373 laudamus,
2605 3309 2674 3363 ab
2700 3310 2848 3363 omni
2881 3310 3023 3364 malo
3052 3326 3065 3363 :
3105 3322 3159 3366 tu
3188 3313 3333 3367 enim
3388 3332 3449 3368 es

1875 3400 2097 3454 unicum
2131 3399 2355 3453 humani
2385 3402 2600 3470 generis
2621 3403 2910 3456 auxilium.

1947 3492 2160 3563 lllequi
2213 3493 2361 3547 dedit
2418 3494 2575 3549 nobis
2624 3508 3020 3561 esse;uteruni
3078 3507 3230 3553 tuum
3287 3500 3446 3555 inha-

1875 3585 2080 3651 bitavit,
2108 3602 2141 3641 ο
2181 3584 2427 3658 Dcipara.
2466 3585 2732 3643 Eumdem
2760 3602 2860 3658 pro
2891 3599 3079 3644 nostra
3134 3593 3309 3648 salute
3356 3593 3447 3648 dc-

1876 3696 2121 3751 precare.

1943 3773 1986 3826 0
2017 3771 2181 3843 Virgo
2209 3772 2321 3827 sola
2354 3788 2485 3841 pura
2508 3772 2644 3842 (50),
2668 3783 2719 3828 et
2738 3774 2909 3843 gratia
2938 3775 3117 3844 plena,
3150 3786 3268 3830 esto
3307 3780 3445 3833 mihi

1874 3867 2158 3930 auxilium,
2192 3866 2426 3921 assiduis
2456 3867 2809 3921 adversarum
2844 3883 3044 3934 rerum,
3074 3878 3129 3923 et
3152 3868 3276 3924 vita:
3298 3870 3448 3925 cala-

1874 3959 2122 4012 mitatum
2153 3959 2415 4013 ﬂuctibus
2440 3959 2643 4029 agitato
2672 3978 2685 4015 :

1938 4050 1982 4105 0
2018 4049 2244 4105 Domina
2279 4053 2520 4105 omnium
2575 4053 2875 4117 hominum,
2916 4056 3269 4110 sauciissima
3327 4056 3450 4112 Dci-

1871 4160 2022 4214 para,
2054 4158 2082 4196 a
2121 4146 2379 4198 servitute
2415 4145 2728 4212 passionum
2764 4163 3004 4203 mearum
3038 4149 3148 4204 tuis
3186 4150 3447 4206 interces-

1870 4237 2115 4292 sionibus
2146 4238 2361 4303 penitus
2390 4238 2562 4292 libera
2609 4254 2716 4295 me.

1945 4330 2255 4385 Laudamus
2296 4338 2388 4395 “te,
2421 4346 2454 4385 o
2512 4330 2671 4402 Virgo
2713 4332 2805 4387 Dei
2856 4335 3113 4403 genitrix,
3156 4352 3251 4405 per
3282 4353 3442 4405 quam

190 4420 622 4491 άπεστείρωται,
652 4420 746 4472 καὶ
773 4419 994 4485 εὐλογία
1024 4420 1189 4472 πᾶσιν
1217 4418 1419 4489 ἐπῆλθε
1450 4422 1563 4483 τοῖς
1604 4422 1766 4477 εἰδόσι

1875 4423 2187 4477 maledictio
2243 4423 2453 4477 sublata
2512 4438 2615 4484 εει,
2652 4434 2706 4478 et
2764 4426 2983 4480 advenit
3040 4428 3341 4482 benedictio
3376 4429 3442 4482 iis

191 4532 250 4568 σε
285 4515 463 4587 μόνην
494 4514 722 4585 Μητέρα
754 4511 847 4566 τοῦ
881 4511 1015 4566 Θεοῦ
1043 4512 1197 4583 ήμῶν
1230 4512 1512 4583 ἄνανδρον.

256 4723 375 4795 (30)
428 4720 668 4778 Ecclesia
699 4722 759 4795 in
806 4721 1141 4795 cateciiismo
1170 4720 1463 4795 Clementis
1520 4722 1635 4795 Vlll
1676 4739 1769 4792 per

229 4791 351 4851 uem
400 4796 505 4849 iste
533 4793 772 4863 pontifex
800 4794 966 4863 jussit
1005 4791 1253 4846 Ecclesiae
1280 4793 1462 4847 lidcles
1484 4791 1685 4847 erudiri
1715 4795 1767 4848 in

229 4816 351 4851 ucm
400 4816 505 4849 ιδιυ
570 4816 772 4848 υιιιιιυι
800 4816 966 4863 ιυδδιι
1005 4816 1253 4846 ιυυυιιςδιιιε
1280 4816 1462 4847 1100165
1484 4816 1684 4847 UI'UUII'I
1715 4816 1767 4848 ΙΙΙ

188 4816 449 4923 noctrina
490 4816 824 4927 Christiana,
874 4864 961 4917 illa
997 4864 1160 4917 verba
1191 4863 1549 4919 Salutationis
1601 4880 1768 4933 ange-

187 4942 305 4995 lica:
360 4935 556 4991 Gratia
590 4935 762 5003 plena,
811 4936 881 4988 ita
940 4933 1219 5004 explicat:
1275 4950 1295 4984 ι
1359 4933 1539 4989 Gratia
1588 4936 1767 5004 plena,

187 5009 313 5082 quia
350 5008 503 5082 quod
557 5007 794 5082 primum
831 5003 1327 5082 gratiarefl‘eclum,
1392 5003 1603 5060 scilicet
1647 5022 1771 5082 pee-

187 5075 295 5136 cati
321 5075 548 5141 delatio,
584 5075 748 5143 Virgo
784 5076 1132 5131 sanctissima
1166 5091 1443 5143 nunquam
1492 5078 1760 5130 maculam

189 5152 382 5207 habuit
410 5148 616 5219 peccati
635 5147 937 5219 originalis,
994 5147 1354 5219 autac_tualis,
1399 5146 1760 5219 mortalisvel

187 5216 445 5277 venialis.
488 5237 506 5270 ι
566 5216 874 5273 Ludoiiicus
924 5219 1087 5271 etiam
1150 5216 1502 5272 Grauatensis
1557 5218 1765 5274 ordinis

188 5293 618 5349 Prtedicatorum
662 5291 714 5344 in
776 5288 1104 5343 catechismo
1136 5288 1631 5355 Trigeshomiliario
1673 5289 1770 5342 lio-

189 5367 304 5419 mil.
323 5365 421 5425 ‘27,
456 5361 648 5416 eodem
677 5359 1030 5414 Salutationis
1056 5358 1311 5427 angelicae
1354 5360 1540 5422 verba,
1571 5359 1762 5413 Gratia

186 5436 361 5505 plena,
418 5434 475 5488 in
501 5432 668 5505 hunc
701 5434 919 5505 modum
955 5430 1194 5505 declarat
1240 5446 1257 5484 :
1292 5447 1308 5479 ι
1358 5428 1544 5505 Gratia
1586 5431 1761 5505 pleno,

188 5500 291 5563 hoc
322 5514 432 5569 est,
467 5503 813 5572 singulariter
861 5500 1028 5554 electa
1081 5501 1150 5554 ab
1199 5510 1401 5572 aeterno
1450 5501 1555 5555 Deo
1587 5501 1763 5555 omni-

187 5577 421 5650 potenti,
461 5584 518 5650 et
545 5571 881 5650 annuntiata_
911 5572 1232 5650 mirabiliter
1265 5572 1333 5650 ab
1375 5571 1529 5625 initio
1573 5573 1758 5650 mundi

190 5642 283 5718 per
310 5648 708 5718 prophetarum
743 5643 1099 5718 revelationes
1122 5642 1366 5718 atquein
1400 5643 1756 5718 conceptione

187 5713 283 5777 sua
310 5713 592 5776 custodita
623 5714 943 5769 admirando
973 5724 1025 5766 et
1046 5714 1303 5784 singulari
1339 5713 1499 5766 modo
1521 5716 1588 5766 ab
1611 5713 1759 5767 omni

192 5793 404 5846 macula
469 5785 694 5858 peccati,
744 5794 850 5839 tatu
888 5784 1159 5853 originali,
1218 5800 1379 5851 quam
1436 5801 1545 5858 sua:
1587 5787 1755 5852 ipsius

191 5853 727 5935 persona-{denique
756 5860 1022 5924 complete
1063 5858 1320 5911 adornata
1346 5853 1597 5909 omnibu:
1630 5873 1754 5925 gra-

1877 4517 2131 4572 omuibus
2173 4514 2262 4581 qui
2322 4525 2372 4568 te
2423 4514 2515 4569 Dei
2572 4518 2739 4570 nostri
2799 4520 3150 4586 purissimam
3198 4531 3360 4590 atque
3415 4540 3444 4577 a

1879 4613 1978 4666 viri
2008 4611 2333 4664 admistione
2360 4611 2766 4680 integerrimam
2799 4612 3022 4668 Matrem
3055 4623 3377 4683 agnoscunt.

1870 4724 1955 4778 tiae
1985 4722 2166 4776 donis.
2207 4741 2225 4772 ι
2260 4720 2395 4775 Vide
2426 4719 2483 4775 S.
2512 4721 2948 4777 BonaVenturam
2979 4734 3111 4783 tom.
3146 4726 3231 4787 Ill,
3272 4743 3438 4784 serui.

1867 4795 1922 4859 2,
1955 4794 2021 4847 de
2054 4792 2114 4847 Β.
2171 4791 2387 4862 Virgine
2432 4793 2520 4847 ubi
2562 4793 2732 4863 inquit
2762 4813 2774 4848 :
2811 4813 2829 4847 ι
2860 4796 3080 4852 Domina
3112 4810 3294 4852 nostra
3342 4800 3443 4856 fuit

1872 4866 2028 4934 plena
2085 4863 2257 4928 gratia
2299 4863 2667 4932 praeveniente
2726 4864 2778 4918 in
2832 4882 2930 4921 sua
2988 4870 3439 4935 sanctiﬁcatione,

1869 4935 2041 5009 gratia
2072 4934 2279 5009 scilicet
2307 4936 2692 5009 przeserrativa
2717 4947 2902 4989 contra
2939 4938 3235 5009 ftpﬁditatem
3271 4941 3437 5009 origi-

1869 5007 2007 5060 nalis
2026 5006 2236 5077 culpﬁaza
2266 5023 2284 5055 ι
2314 5004 2447 5077 Vide
2469 5005 2630 5077 etiam
2667 5004 2929 5060 Joannem
2986 5007 3211 5064 Vitaluu
3246 5004 3438 5077 llispa-

1870 5094 1998 5131 num
2045 5074 2441 5143 inDefensione
2466 5074 2529 5130 B.
2571 5074 2797 5144 Virginis
2830 5078 2921 5133 lib.
2958 5095 3028 5139 tv.
3074 5096 3125 5134 c.
3161 5083 3210 5141 1.
3248 5074 3437 5136 ιιΙιίνοκ

1870 5146 2197 5218 plenitudine
2228 5146 2435 5215 gratiae,
2497 5160 2659 5216 quam
2713 5146 2771 5199 Β.
2826 5147 3028 5217 Virgini
3088 5153 3438 5207 annuatim-it

1877 5218 2118 5287 angelus,
2145 5217 2284 5270 hanc
2311 5217 2456 5270 elicit
2485 5219 2966 5285 consequentiam:
3012 5239 3031 5272 ι
3071 5219 3269 5275 Sancta
3314 5221 3436 5275 Vir-

1879 5304 1947 5357 gn
1975 5288 2161 5359 habuit
2187 5287 2577 5359 plenitudinem
2619 5289 2825 5357 gratim,
2870 5302 2928 5342 ut
2952 5292 3002 5343 iu
3046 5293 3283 5359 quodam
3314 5308 3437 5346 esse

1871 5359 2042 5412 totali.
2089 5357 2230 5426 Ergo
2259 5359 2371 5426 ipsa
2397 5358 2497 5410 fuit
2519 5360 2586 5411 ab
2614 5359 2860 5426 originali
2892 5357 3272 5427 pt':usei-ratu.i
3308 5361 3436 5417 Vide

1869 5430 2090 5495 insuper
2118 5427 2569 5482 Bartholomaaum
2592 5427 2846 5483 Pisanum
2884 5433 2934 5483 iu
2975 5432 3067 5487 lib.
3097 5448 3134 5495 l,
3171 5436 3234 5486 de
3260 5433 3432 5488 Laud.

1867 5498 1928 5553 Β.
1960 5499 2109 5567 Virg.
2145 5500 2324 5552 fructu
2359 5500 2411 5560 7,
2458 5499 2539 5552 sic
2580 5500 2648 5553 ibi
2680 5500 2819 5553 inter
2844 5502 2946 5555 alia
2981 5504 3181 5556 fantem
3218 5521 3230 5555 :
3274 5522 3291 5554 ι
3321 5504 3436 5555 Mri-

1867 5571 1945 5623 ria
1973 5579 2194 5623 voratur
2233 5568 2398 5622 Mater
2452 5569 2669 5627 Gratias.
2722 5571 2889 5639 igitur
2953 5575 3095 5627 nulla
3124 5576 3295 5639 gratia
3330 5574 3436 5627 sibi

1866 5641 1931 5694 de
1968 5639 2594 5713 fuitquoadnumcruni,
2621 5642 3345 5713 secundumllicrmiymum,
3384 5655 3437 5698 rt

1865 5713 1942 5786 sic
1984 5712 2159 5786 quoad
2198 5726 2378 5786 usuin,
2418 5710 2581 5779 igitur
2631 5712 2818 5768 habuit
2848 5716 3076 5785 gratiam
3138 5710 3449 5786 praesenti-

1866 5784 2026 5840 tionis
2052 5783 2118 5838 ab
2152 5782 2422 5851 originali.
2460 5801 2481 5834 ι
