4180 6450
725 402 854 459 1331

1823 399 1881 460 S.
1925 399 2241 461 JOSEPHI
2285 401 2846 465 HYMNOGRAPHI

3840 400 3980 461 1332

790 505 870 559 Tu
919 519 1040 575 qure
1092 504 1269 563 lucem
1336 506 1588 577 genuisti,
1641 508 1824 565 cordis
1890 512 1999 566 mei
2055 512 2289 582 pupillas

2460 514 2581 578 Φῶς
2612 513 2981 585 τεκοῦσα,τῆς
3025 514 3256 585 καρδίας
3301 530 3402 584 μου
3455 513 3556 577 τὰς
3602 513 3771 583 κόρας
3818 513 3983 565 d612-

723 607 1016 653 ercaecatas
1060 599 1325 666 illumina,
1352 609 1411 653 ut
1456 616 1552 669 per
1608 612 1661 657 te
1730 602 1960 657 salutem
2020 619 2290 659 consecu-

720 700 831 751 tus,
865 688 1054 746 Iaudes
1088 700 1210 746 tuas
1262 691 1573 757 concinam,
1612 708 1644 747 o
1692 696 1839 748 omni
1902 694 2293 766 Iaudedignis—

714 799 878 841 suna.

965 892 1047 945 Ea:
1078 891 1287 948 Canone
1318 894 1464 963 feria:
1494 910 1569 961 vt,
1596 897 1666 950 ad
1701 896 2048 955 Matutinum.

793 1077 927 1132 Cum
979 1087 1033 1133 te
1081 1079 1387 1149 speciosum
1440 1080 1638 1148 forma,
1671 1084 1875 1138 nullam
1933 1086 1985 1140 in
2041 1086 2298 1155 passione

717 1168 956 1237 speciem
992 1177 1083 1223 aut
1114 1169 1365 1224 decorem
1393 1170 1595 1228 habere
1616 1174 1821 1228 videret
1847 1175 2071 1245 innupta
2098 1177 2294 1245 puella,

717 1276 842 1327 qua!
896 1272 982 1315 est
1032 1262 1271 1317 tidelium
1313 1263 1477 1319 decor
1505 1274 1558 1319 et
1607 1278 1983 1322 ornamentum
2013 1286 2026 1323 :
2053 1277 2298 1323 materna

719 1354 922 1419 pietate
941 1365 1213 1410 commota
1249 1356 1509 1426 ejulabat,
1538 1368 1697 1429 teque
1736 1376 1860 1415 cum
1902 1361 2098 1416 all‘ectu
2129 1362 2299 1433 glori-

723 1445 956 1519 ﬁcabat,

794 1542 931 1596 Cum
975 1544 1153 1612 illum,
1183 1546 1274 1616 qui
1309 1563 1373 1601 ex
1406 1554 1457 1601 te
1498 1556 1657 1603 natus
1711 1557 1848 1611 erat,
1892 1547 2076 1605 lancea
2111 1550 2300 1606 vulne-

724 1642 904 1689 ratum
936 1637 1145 1705 vidisti,
1178 1642 1518 1693 vulneratum
1552 1650 1636 1695 est
1656 1656 1751 1696 cor
1787 1653 1959 1707 tuum,
1981 1657 2014 1697 o
2044 1645 2302 1700 omnibus

728 1731 937 1785 sanctis
973 1734 1222 1800 superior
1298 1734 1592 1802 purissima
1644 1733 1808 1804 Virgo
1840 1735 1951 1805 (3i)
1985 1744 2039 1789 et
2080 1744 2303 1805 stupore

2399 605 2658 670 πτούσας,
2690 606 3028 677 πανύμνητε,
3057 605 3314 675 φώτισον,
3346 605 3435 659 ἵνα
3484 603 3641 676 ὑμνῶ
3674 619 3733 656 σε
3764 603 3856 656 διὰ
3886 601 3981 655 σοῦ

2401 698 2730 769 σωζόμενος.

2414 901 2515 955 Ἐκ
2556 902 2660 957 τοῦ
2695 902 2962 968 Κανόνος
2995 901 3127 1028 τῆςθ
3140 899 3562 970 Πῳασηυῆς,
3592 901 3679 965 εις
3711 900 3819 953 τὸν
3851 903 3985 969 Ὄρ-

3124 989 3259 1028 ρον.

3120 989 3259 1041 φον.

2473 1086 2683 1151 Κάλλος
2710 1090 2767 1141 ἐν
2798 1087 2875 1158 τῷ
2905 1086 3139 1157 πάσχειν
3158 1086 3361 1157 ὡραῖον
3391 1087 3449 1140 ἑν
3484 1084 3671 1139 κάλλει
3707 1084 3809 1137 οὐκ
3840 1080 3986 1147 εἶδος

2408 1178 2599 1250 ἔχοντα
2628 1182 2661 1250 ἠ
2700 1181 3073 1252 ἀπειρόγαμος
3103 1178 3445 1234 κατανοοῦσά
3475 1194 3533 1230 σε
3558 1178 3732 1249 Κόρη,
3760 1178 3871 1229 τῶν
3892 1194 3987 1228 πι-

2406 1270 2546 1324 στῶν
2570 1274 2631 1325 τὸ
2656 1272 3104 1343 ἐγκαλλώπισμα,
3125 1271 3409 1342 μητρικῶς
3430 1270 3691 1341 ἠλάλαζε,
3721 1269 3815 1322 καὶ
3833 1267 3987 1335 πόθῳ

2407 1380 2465 1416 σε
2501 1364 2774 1432 ἐδόξαζεν.

2479 1546 2549 1603 Σὺ
2573 1548 2665 1601 τὸν
2699 1549 2765 1602 ὲκ
2797 1547 2893 1603 σοῦ
2924 1548 3186 1619 τεχθέντα
3227 1548 3303 1613 ὡς
3332 1547 3567 1618 ἔϐλεψας
3611 1544 3989 1616 τιτρωσκόμε-

2409 1658 2497 1695 νον
2536 1641 2723 1712 λόγχῃ,
2764 1641 3007 1712 ὲτρώθης
3064 1642 3165 1713 τὴν
3207 1640 3457 1711 καρδίαν,
3512 1639 3791 1709 ὑπεραγία
3844 1656 3988 1689 παν-

2410 1734 2629 1805 άμωμε,
2659 1733 2751 1788 καὶ
2783 1733 3137 1805 θαμσουμένη
3164 1734 3376 1804 ἔλεγεςο
3396 1733 3463 1789 Τί
3482 1750 3563 1787 σοι
3582 1733 3862 1798 ἀπέδωκε,
3895 1730 3989 1785 τέ-

727 1822 998 1889 perculsa,
1030 1824 1212 1878 dixisti
1245 1839 1258 1876 :
1293 1824 1431 1891 Quid
1465 1826 1559 1881 tibi
1608 1827 1877 1893 retribuit,
1934 1843 1966 1883 ο
2013 1828 2108 1893 ﬁli,
2137 1843 2305 1899 popu-

2420 1845 2559 1894 κνον,
2588 1826 2759 1899 δῆμος
2786 1827 2814 1879 ὁ
2842 1826 3155 1898 παράνομος
3177 1844 3195 1892 ἱ

728 1915 814 1968 lus
847 1916 1041 1970 divina:
1068 1917 1201 1988 legis
1232 1920 1481 1973 violator.

802 2010 967 2080 286
996 2012 1103 2080 ligo
1134 2021 1183 2065 te
1204 2012 1323 2066 sine
1354 2014 1560 2070 doloris
1584 2017 1836 2085 passione
1868 2019 2049 2087 peperi
2072 2029 2313 2091 ;etquo-

733 2104 894 2156 tundo
912 2120 1056 2157 nunc
1082 2116 1130 2159 te
1149 2106 1304 2159 video
1327 2107 1673 2175 passionibns
1695 2108 1985 2164 admistum
2004 2112 2314 2181 ?quomode

732 2195 830 2247 bas
862 2194 1091 2262 perlcrs,
1134 2212 1166 2248 ο
1204 2197 1301 2249 Fili
1339 2198 1581 2252 aeterne?
1615 2198 1871 2253 Glorilico
1929 2202 2311 2269 longanimita-

732 2296 839 2342 tem
873 2297 1042 2344 tuam.
1079 2289 1155 2342 ita
1197 2291 1512 2344 exclamans
1540 2292 1719 2345 aiebat
1752 2291 1956 2364 Virgo;

802 2379 879 2433 Ex
930 2381 1110 2436 radice
1144 2380 1315 2449 Jesse,
1347 2398 1379 2438 ο
1413 2383 1598 2453 Virgo,
1634 2385 1933 2453 pullulasti,
1969 2398 2023 2441 et
2052 2395 2308 2456 tanquam

730 2472 916 2527 florem
945 2476 1215 2541 protulisti
1239 2488 1473 2531 satorem
1502 2478 1686 2532 mundi
1714 2520 1728 2544 ,
1760 2481 1849 2548 qui
1878 2479 2118 2549 ejusdem
2151 2496 2310 2534 mun-

731 2568 785 2623 di
814 2569 1063 2624 surculos
1093 2570 1318 2626 arefecit
1365 2572 1547 2628 divina
1570 2574 1749 2629 crucis
1774 2574 1977 2644 planta,
2014 2591 2176 2645 quam
2220 2590 2309 2630 se-

732 2663 974 2717 cundum
998 2678 1216 2719 carnem
1251 2666 1513 2735 suscepit.

804 2755 938 2809 Cum
989 2765 1263 2825 pastorem
1314 2772 1377 2811 ac
1445 2757 1734 2812 Dominum
1793 2760 2015 2814 vidisset
2073 2776 2209 2831 agna
2256 2762 2309 2816 in

732 2848 881 2919 lguo
937 2849 1227 2913 elevatum,
1269 2850 1320 2904 in
1376 2852 1632 2916 lamenta,
1674 2862 1862 2921 utpote
1912 2863 2104 2919 mater,
2127 2868 2308 2907 erum—

734 2957 869 3012 p"ns
921 2942 1215 2997 clamavit:
1268 2941 1549 3009 Quodnam
1605 2946 1919 3014 mysterium
1977 2960 2172 2999 novum
2226 2955 2312 3001 est

736 3036 859 3101 hoc,
897 3052 929 3090 o
972 3035 1085 3111 ﬁli?
1117 3036 1403 3101 Quomodo
1429 3051 1551 3090 cum
1585 3037 1660 3092 sis
1692 3038 2018 3093 immortalis
2048 3039 2099 3091 in
2130 3054 2312 3093 essen-

737 3130 833 3193 tia,
859 3140 1088 3183 mortem
1125 3131 1411 3199 suscepisti
1445 3170 1459 3193 ,
1498 3132 1685 3186 volens
1733 3146 1763 3185 a
1816 3134 2165 3203 corruptione
2216 3136 2312 3191 lto-

736 3226 915 3281 mines
947 3226 1217 3280 liberare?

806 3318 1151 3389 Cruciligeris
1209 3321 1533 3382 voluntarie,
1573 3336 1605 3375 o
1638 3321 1741 3376 Fili
1775 3331 1998 3384 aeterne,
2036 3323 2311 3377 exclama-

736 3412 826 3466 bat
857 3411 1081 3480 Dcipara
1108 3431 1122 3480 ;
1152 3423 1203 3467 et
1222 3417 1349 3468 dum
1378 3431 1475 3483 ego
1501 3416 1729 3486 aspicio,
1757 3431 1899 3470 nunc
1935 3416 2141 3471 doloris
2176 3430 2314 3469 ma:-

736 3508 992 3571 rorisque
1040 3508 1362 3577 baptismate
1406 3509 1747 3578 immergitur
1782 3525 1962 3563 anima
2015 3526 2173 3564 mea:
2203 3509 2316 3563 Mo-

736 3600 872 3654 reris
900 3612 977 3665 tu,
1004 3601 1353 3669 Redemptor,
1381 3602 1472 3670 qui
1514 3603 1719 3671 prazbes
1753 3603 1915 3656 vitam
1939 3604 2261 3658 canentibus
2296 3620 2309 3656 :

734 3690 1059 3746 Benedictus
1085 3707 1163 3755 es,
1196 3691 1353 3757 Deus,
1385 3702 1490 3747 etc.

808 3778 851 3836 Ο
884 3779 981 3833 Fili
1032 3781 1295 3837 altissime
1329 3790 1381 3837 et
1412 3794 1647 3846 aeterne;
1716 3794 1899 3853 sputa,
1934 3786 2154 3855 probra,
2186 3802 2313 3841 eruo

733 3886 851 3926 cem
911 3873 1163 3939 toleras;
1204 3875 1415 3929 calamo
1476 3892 1572 3945 per
1643 3877 1935 3932 ludibrium
1987 3881 2307 3948 perculeris,

737 3968 915 4020 ai--|iat
964 3965 1231 4036 Dcipara;
1288 3984 1537 4038 magnam
1596 3969 1911 4038 patientiam
1972 3980 2119 4025 tuam
2149 3972 2315 4042 glori-

736 4058 1013 4123 tien,Fili,
1044 4076 1204 4127 quem
1240 4062 1388 4129 pueri
1444 4062 1790 4125 benedicunt,
1841 4063 2152 4119 sacerdotes
2201 4065 2317 4119 lau-

738 4164 888 4217 dant,
918 4153 1101 4222 populi
1129 4154 1534 4223 superexaltant
1572 4155 1622 4207 in
1646 4155 1866 4209 saecula.

814 4244 963 4307 Fers,
1015 4260 1048 4299 ο
1110 4246 1335 4299 Doinina
1388 4246 1668 4310 inviolata,
1699 4246 1962 4301 ferentem
2020 4247 2224 4312 omnia,
2263 4257 2317 4302 et

739 4347 892 4393 tenes
929 4338 982 4391 in
1034 4338 1289 4393 manibus
1338 4348 1395 4392 ut
1442 4338 1726 4406 infantem,
1760 4340 1934 4405 illum,
1980 4341 2072 4410 qui
2123 4356 2222 4396 nos
2250 4342 2317 4396 de

739 4446 902 4487 manu
928 4431 1204 4486 bellatoris
1234 4431 1408 4487 hostis
1432 4433 1682 4487 liberavit
1709 4452 1721 4487 :
1752 4444 1806 4488 et
1832 4434 2061 4488 intueris
2091 4434 2141 4487 in
2173 4434 2317 4505 ligno

738 4524 931 4578 Crucis
964 4524 1282 4582 exaltatum.
1318 4524 1491 4587 illum,
1516 4525 1608 4593 qui
1663 4540 1727 4578 ex
1784 4524 2005 4578 malitia:
2056 4539 2155 4578 nos
2190 4539 2316 4593 pro-

737 4615 1064 4672 fundissima
1102 4615 1359 4686 uoragine
1394 4616 1615 4684 eripuit.

981 4742 1065 4797 Ea:
1097 4741 1307 4797 Canone
1348 4743 1590 4808 Sabbati,
1616 4743 1685 4797 ad
1720 4741 2069 4797 Matutinum.

807 4869 1102 4926 Clierubim
1152 4878 1315 4940 atque
1367 4868 1650 4940 Seraphim
1706 4871 1996 4926 sanctitate
2063 4870 2313 4940 superior

810 5050 923 5117 (5H
980 5047 1148 5103 Favet
1198 5049 1435 5104 Jacobus
1522 5046 2027 5118 ChristOpolitanus
2078 5048 2205 5103 dum
2263 5050 2315 5102 in

740 5122 1053 5175 Comment.
1120 5136 1221 5175 suo
1271 5136 1433 5190 super
1492 5119 1805 5187 Magni/ient
1850 5121 1990 5175 inter
2046 5120 2151 5173 alia
2208 5120 2316 5173 ait:

748 5212 766 5245 ι
804 5191 960 5246 Nulla
992 5191 1091 5245 fuit
1118 5192 1438 5260 gratia_data
1468 5192 1625 5246 alicui
1662 5202 1942 5254 creaturae,
1997 5192 2127 5261 quin
2158 5190 2323 5245 fuerit

743 5266 866 5315 data
908 5262 1111 5331 Virgini
1148 5262 1350 5316 Mariae.
1388 5262 1488 5316 Sed
1531 5262 1693 5331 primi
1734 5272 2011 5331 parentes,
2046 5274 2099 5315 et
2143 5262 2317 5329 angeli

741 5334 967 5387 fuerunt
1004 5334 1169 5387 creati
1200 5334 1251 5385 in
1282 5335 1478 5402 gratia.
1538 5332 1680 5403 Ergo
1724 5335 1827 5388 hoc
1860 5350 1968 5387 non
2002 5333 2174 5389 defuit
2201 5331 2321 5385 Vir-

742 5405 852 5471 gini
890 5403 1125 5458 Mariam
1172 5403 1262 5457 Sic
1286 5404 1394 5458 ille.
1430 5405 1861 5460 Bartltolommus
1891 5405 2051 5459 etiam
2088 5407 2154 5459 de
2180 5405 2321 5458 Pisis

746 5478 796 5528 in
822 5490 921 5527 suo
947 5475 1122 5544 Opere
1145 5474 1209 5527 de
1241 5474 1411 5529 Laud.
1446 5475 1508 5530 Β.
1556 5475 1700 5544 Virg.
1747 5476 1837 5532 lib.
1867 5477 1908 5540 ι,
1930 5476 2108 5531 fructu
2127 5476 2176 5537 7,
2207 5476 2278 5528 ait
2310 5492 2324 5528 :

748 5566 766 5596 ι
793 5544 905 5597 Non
930 5549 1109 5601 minus
1139 5546 1241 5601 fuit
1264 5548 1424 5616 digna
1452 5547 1620 5602 Mater
1641 5544 1866 5611 Christi,
1889 5564 2051 5615 quam
2077 5548 2321 5615 angelus,

744 5616 919 5669 Adam
965 5627 1018 5668 et
1049 5617 1155 5671 lira
1185 5636 1199 5684 ;
1234 5619 1327 5675 sed
1360 5620 1412 5671 in
1433 5635 1532 5673 sua
1565 5619 1801 5674 factione
1825 5621 2028 5672 nullam
2059 5619 2321 5673 maculam

746 5687 1071 5758 habuerunt.
1108 5688 1344 5758 Igitur...
1368 5708 1385 5739 ›
1416 5690 1544 5743 Item
1579 5708 1593 5744 :
1631 5708 1651 5742 ι
1678 5690 1791 5744 Non
1830 5692 2010 5745 minus
2040 5702 2120 5745 est
2156 5691 2319 5758 digna

744 5757 938 5831 Maria,
964 5757 1351 5831 quam’aliquis
1375 5762 1466 5829 qui
1496 5762 1722 5830 inpuris
1742 5761 2081 5816 naturalibus
2110 5776 2323 5815 creare—

751 5837 863 5901 tur.
887 5826 993 5883 Sed
1028 5831 1115 5901 ille
1143 5826 1494 5885 non’ltabérct
1519 5826 1820 5901 peccatum.
1847 5834 2016 5901 Igitur
2037 5848 2131 5886 nec
2155 5831 2321 5885 Maria

750 5899 956 5956 habuit.
994 5920 1011 5953 ι
1040 5900 1405 5958 Beruardinus
1434 5899 1649 5960 aucuuc
1674 5899 1953 5960 Bustcttsis
1984 5906 2033 5959 in
2078 5920 2176 5958 suo
2208 5902 2321 5956 Μα-

2331 1895 2379 1951 Β

2498 2013 2685 2077 Ἐκτός
2723 2029 2783 2067 σε
2820 2012 3029 2077 πάθους
3073 2012 3384 2083 ἀπεκύησα,
3429 2009 3671 2073 καὶπῶς
3703 2007 3890 2078 βλέπω
3931 2025 3991 2061 σε

2415 2106 2509 2160 νῦν
2544 2106 2704 2160 πάθει
2732 2106 3202 2177 προσομιλοῦντα;
3237 2105 3355 2168 πῶς
3382 2105 3568 2175 φέρεις
3591 2102 3790 2166 τοῦτο;
3827 2101 3997 2171 ἔκρα-

2415 2200 2526 2263 ζεν,
2546 2197 2754 2270 άναρχε
2782 2198 2901 2263 Υἱὲ,
2928 2200 2962 2268 ἡ
2995 2197 3293 2269 Παρθένος,
3318 2194 3529 2261 δοξάζω
3563 2212 3656 2248 σου
3681 2192 3743 2248 τὸ
3776 2193 3996 2264 μακρό-

2414 2289 2607 2359 θυμον.

2495 2384 2591 2436 Ἐκ
2623 2383 2800 2454 ῥίζης,
2822 2381 2996 2451 Κόρη,
3014 2380 3214 2433 Ἰεσσαὶ
3247 2378 3585 2449 βλαστάνεις,
3609 2380 3705 2432 καὶ
3727 2378 3804 2442 ὡς
3832 2377 3999 2457 ἄνθος

2414 2477 2748 2548 προσφέρεις
2798 2474 2890 2527 τὸν
2927 2474 3233 2545 φυτουργὸν
3266 2472 3362 2526 τοῦ
3413 2473 3645 2543 κόσμου,
3692 2472 3997 2541 παραφυά-

2412 2571 2509 2633 δας
2562 2568 2874 2638 ξηράναντα
2906 2568 3035 2637 θείῳ
3080 2567 3233 2638 φυτῷ
3280 2566 3375 2620 τοῦ
3412 2565 3677 2637 σταυροῦ,
3722 2565 3782 2619 ὃν
3829 2564 3999 2634 σαρκὶ

2414 2658 2764 2724 κατεδέξατο.

2482 2754 2586 2807 Τὸν
2620 2752 2853 2823 ποιμένα
2882 2751 3099 2823 πρῶτον
3132 2752 3227 2805 καὶ
3266 2749 3547 2817 Δεσπότην
3578 2748 3720 2819 ξύλῳ
3747 2748 3937 2820 ὁρῶσα
3961 2747 3998 2818 ἠ

2413 2846 2592 2914 ἀμνὰς
2623 2845 3089 2915 ὲναπῃωρήμενον
3114 2840 3464 2913 θρηνιιιδοῦσα
3506 2839 3791 2910 μητρικῶς
3841 2838 3998 2891 ὲϐόαο

2417 2938 2483 2991 Τί
2518 2936 2698 2999 τοῦτο,
2744 2936 2950 2997 τέκνον,
2998 2936 3058 2988 τὸ
3100 2935 3284 2987 καινὸν
3316 2934 3651 3003 μυστήριον;
3696 2931 3817 2995 πῶς
3859 2931 4000 2985 ἀθά-

2413 3046 2572 3092 νατος
2604 3028 2666 3081 ἰδ
2697 3027 2815 3080 κατ’
2843 3026 3029 3079 οὐσίαν
3058 3024 3341 3096 ὑπάρχων,
3368 3024 3598 3078 θάνατον
3613 3022 3845 3090 δέδεξαι,
3872 3022 4002 3086 τοὺς

2416 3121 2637 3191 βροτοὺς
2664 3118 2831 3173 θέλων
2862 3120 2926 3171 ὲκ
2955 3116 3159 3187 φθορᾶς
3187 3114 3678 3186 άπολυτρώσασθαι
3702 3128 3717 3178 ;

2494 3306 2834 3380 Σταυροῦσαι
2883 3304 3137 3375 θέλων,ή
3186 3303 3449 3365 Θεοτόκος
3509 3299 3847 3370 ὲκραύγαζε·
3904 3299 4002 3354 καὶ

2417 3402 2844 3473 ὀρῶσα,ἇναρχε
2877 3400 2992 3463 Υἱὲ,
3021 3398 3164 3468 λύπῃ
3193 3397 3295 3467 τὴν
3319 3394 3501 3466 ψυχὴν
3530 3393 3627 3448 νῦν
3654 3392 4004 3447 καταϐαπτες

2419 3496 2605 3566 ζομαι·
2639 3494 2890 3562 θνήσκεις
2918 3492 3027 3562 γὰρ
3056 3491 3311 3562 παρέχων
3338 3488 3486 3559 ζωὴν
3524 3489 3639 3551 τοῖς
3673 3486 4000 3558 μελῳδοῦσι·

2420 3587 2687 3659 Λυτρωτὰ
2710 3587 2739 3640 ὁ
2764 3586 2917 3651 Θεὸς,
2951 3585 3241 3656 εὐλογητὸς
3270 3578 3343 3638 εἶ.

2514 3775 2761 3847 Υψιστε,
2808 3774 3012 3844 άναρχε
3070 3773 3188 3837 Υἱὲ,
3228 3772 3418 3843 φέρεις
3465 3768 3876 3841 ὲμπτύσματα,
3910 3768 4008 3822 καὶ

2418 3869 2616 3938 ὀνείδη,
2640 3868 2734 3921 καὶ
2766 3866 3026 3937 σταυρὸν,
3050 3864 3281 3935 καλάμῳ
3310 3862 3618 3925 παικτικῶς
3639 3862 4007 3930 τυπτόμενος,

2419 3966 2451 4033 ἡ
2491 3962 2750 4025 Θεοτόκος
2783 3962 2945 4015 ἐϐόα·
2988 3959 3197 4025 δοξάζω
3241 3958 3340 4028 τὴν
3377 3957 3475 4028 σὴν
3510 3955 3923 4026 μακροθυμίαν,
3951 3955 4010 4007 δν

2420 4054 2607 4117 παῖδες
2662 4053 3002 4121 εὐλογοῦσιν,
3055 4053 3221 4121 ἱερεῖς
3271 4049 3608 4120 ἀνυμνοῦσι,
3654 4047 3778 4101 λαοὶ
3808 4048 4009 4125 εὐπερ-

2417 4144 2645 4215 υψοῦσιν
2676 4146 2754 4209 εἰς
2786 4145 2995 4208 πάντας
3025 4144 3152 4207 τοὺς
3176 4144 3401 4207 αἰῶνας.

2487 4231 2682 4309 Φέρεις
2702 4238 2794 4292 τὸν
2815 4238 3052 4309 φέροντα
3076 4237 3273 4302 πάντα,
3302 4237 3397 4289 καὶ
3422 4235 3675 4306 κατέχεις
3701 4236 3777 4299 ὡς
3803 4235 4009 4306 βρέφος

2420 4334 2477 4385 ἐν
2506 4333 2625 4395 ταῖς
2666 4331 2823 4402 χερσὶ
2861 4331 2952 4383 τὸν
2994 4331 3057 4382 ὲκ
3096 4329 3277 4400 χειρὸς
3321 4327 3626 4399 ῥυσάμενον
3662 4328 3812 4396 ἡμᾶς
3846 4326 4009 4379 πολε-

2424 4426 2545 4495 μίου
2574 4422 2793 4497 ἐχθροῦ,
2827 4422 3064 4493 άχραντε
3100 4422 3389 4485 Δέσποινα,
3421 4420 3516 4474 καὶ
3551 4420 3687 4491 ὁρᾷς
3717 4420 3813 4472 ἐπὶ
3845 4419 4008 4483 ξύλου

2420 4518 2724 4588 ὑψοὺμενον
2754 4515 2990 4587 σταυροῦ
3018 4516 3109 4569 τὸν
3137 4516 3203 4568 ὲκ
3229 4512 3424 4584 βόθρου
3469 4511 3668 4575 κακίας
3713 4513 3866 4582 ἡμᾶς
3910 4513 4009 4583 ρυ-

2341 4609 2396 4667 1)
2428 4613 2683 4681 σάμενον.

2436 4742 2536 4795 Ἐκ
2576 4737 2681 4794 τοῦ
2703 4737 2956 4802 κανόνος
2982 4735 3089 4789 τοῦ
3133 4733 3457 4798 Σαϐὄὰτου,
3480 4735 3566 4801 εὶς
3588 4734 3693 4787 τὸν
3728 4734 4008 4802 Ὄρθρσν.

2501 4867 2824 4940 Ἰερωτέρα,
2872 4865 3043 4935 άγνὴ,
3092 4862 3202 4916 τῶν
3275 4860 3558 4933 Χερουϐὶμ
3617 4861 3713 4914 καὶ
3757 4860 4014 4933 Σεραςνὶμ

2428 5049 2554 5102 riali
2588 5062 2753 5102 serm.
2785 5045 2838 5110 5,
2858 5044 2924 5099 de
2976 5042 3332 5111 conceptione
3357 5051 3508 5110 parte
3549 5056 3591 5102 ι,
3617 5040 3688 5094 ita
3717 5039 3968 5109 loquitur
3998 5059 4011 5094 :

2434 5120 2635 5173 illum
2677 5118 2885 5185 angelis
2945 5115 3212 5169 Dominus
3257 5112 3466 5185 dederit
3522 5112 3895 5185 innocentiam
3962 5114 4013 5165 in

2427 5191 2705 5246 creatione
2748 5182 2985 5249 illorum,
3019 5196 3079 5239 ut
3111 5186 3342 5240 habetur
3366 5199 3401 5238 ιι
3432 5183 3586 5237 Sent.
3646 5184 3699 5236 «ι.
3736 5182 3793 5246 4,
3822 5193 3878 5236 et
3922 5199 4017 5253 per

2429 5261 2721 5332 Augustin.
2742 5261 2806 5332 in
2833 5274 2949 5332 vnt,
2981 5257 3055 5332 De
3088 5255 3425 5332 _civi_t_.‘Dei,.
3449 5263 3503 5308 et
3537 5253 3812 5332 similiter
3847 5254 4015 5332 primi

2432 5324 2684 5403 paFentes
2735 5326 3462 5403 fuerintoriginalijustitia
3506 5325 3791 5403 decorari,
3821 5336 3879 5378 ut
3916 5324 4015 5403 lia-

2431 5396 2632 5459 betura
2683 5401 2971 5462 Theologis
3028 5396 3079 5452 in
3114 5398 3170 5461 ‘2,
3204 5396 3351 5452 d.29
3380 5409 3433 5451 et
3469 5396 3538 5450 ab
3589 5397 3853 5449 Anselmo
3916 5396 4009 5448 lib.

2440 5477 2546 5529 ide
2586 5483 2849 5542 conceptu
2894 5470 3184 5542 Virginali1
3238 5469 3535 5542 requiritur
3582 5468 3727 5542 quod
3756 5467 3820 5542 si_
3867 5467 4012 5542 dicta

2429 5547 2601 5616 gratia
2628 5537 2895 5599 data-non
2929 5537 3122 5616 fuisset
3154 5539 3215 5616 B_.
3242 5537 3497 5616 Virgini_,_
3527 5538 3643 5616 suis
3676 5538 3857 5593 servis
3892 5539 4009 5616 ipsa

2429 5607 2654 5671 biferior
2714 5614 3036 5681 exstitisset;
3059 5613 3202 5681 quod
3243 5607 3534 5681 est'valde
3584 5609 3895 5681 absonum._
3949 5607 4015 5681 Et

2427 5688 2547 5743 ideo
2582 5697 2666 5743 est
2728 5679 3189 5743 concludendum.
3248 5682 3395 5751 quod
3440 5680 3603 5735 etiam
3650 5681 3767 5751 ipsa
3822 5679 4011 5734 fuitin

2426 5775 2524 5814 sua
2560 5759 2922 5829 conceptione
2951 5750 3456 5829 originalij’ustitia
3503 5750 3765 5819 insignita
3802 5770 3815 5805 :
3855 5751 4006 5829 _quia_

2426 5848 2532 5885 non
2568 5830 2670 5884 fuit
2699 5821 2879 5883 minus
2913 5821 3075 5882 chara
3132 5823 3269 5879 Fllio
3330 5841 3453 5893 suo,
3500 5838 3664 5894 quam
3712 5823 3890 5894 angeli
3930 5821 4011 5876 vel

2430 5903 2585 5975 primi
2619 5911 2892 5971 parentes.
2936 5919 2952 5951 ι
2988 5899 3079 5956 Sic
3098 5896 3321 5953 Bustus.
