4180 6450
203 429 339 491 1333

1620 426 1983 487 MARIALE.

3324 422 3468 484 1334

196 535 509 607 ἀνεδείχθης
553 532 790 589 τεκοῦσα
834 531 925 586 τὸν
971 532 1214 604 Ποιητὴν
1260 533 1360 603 τῆς
1404 532 1668 597 κτίσεως,
1717 532 1777 584 ὃν

1900 534 2055 599 'nisti,
2083 550 2115 587 o
2168 531 2352 606 Virgo,
2386 534 2788 607 quadoqui‘lem
2819 544 3191 589 creaturarum
3220 538 3468 590 omnium

194 631 562 692 ἀναπαύστως
589 627 830 683 δυσὼπει
859 627 1202 699 οἰκτειρῆσαι
1242 629 1370 691 τοὺς
1406 624 1625 690 δούλους
1666 644 1781 692 σου,

194 726 323 791 τούς
356 744 413 779 σε
440 723 783 800 δοξάζοντας.

268 914 337 968 At
362 914 453 969 τὸν
491 915 727 987 Χριστὸν
763 914 1076 987 ποθήσασαι
1100 914 1361 984 γυναῖκές
1397 930 1456 966 σε
1498 912 1597 985 τὴν
1624 911 1788 968 αὐτὸν

196 1006 529 1076 ἀπορρήτως
562 1010 872 1073 τετοκυῖαν,
914 1009 1265 1079 πανάχραντε
1292 1007 1583 1072 Δέσποινα,
1616 1022 1787 1076 γεγη-

197 1099 315 1151 Θότι
347 1099 591 1171 λογισμῷ
617 1100 988 1172 περιεστῶσαι
1019 1100 1361 1173 χορεύουσιν.

282 1285 346 1338 ’0
392 1283 619 1356 Κύριος,
659 1284 915 1355 ἇχραντε,
953 1285 1018 1339 ἑκ
1058 1282 1153 1338 σοῦ
1195 1284 1451 1357 άρῤήτως
1480 1283 1661 1354 σάρκα
1690 1301 1791 1353 φο-

202 1377 393 1444 ρέσας,
419 1380 528 1431 τῶν
552 1378 793 1445 γυναίων
825 1378 915 1432 τὸν
939 1378 1240 1447 κατάλογον
1266 1379 1324 1432 ὲν
1340 1377 1561 1448 ἀνδρεία
1587 1377 1789 1446 διηγω-

198 1471 458 1539 νισμένον
483 1472 823 1542 προσήκατο.

287 1582 554 1654 Ῥυομένη
581 1586 730 1655 ἡμᾶς
757 1585 937 1655 πάσης
962 1584 1163 1655 φάνηθι
1193 1583 1289 1639 τοῦ
1330 1583 1526 1656 ἐχθροῦ
1560 1582 1791 1654 βλάϐης,

196 1673 493 1741 Δέσποινα,
541 1674 864 1742 δυσωποῦσα
908 1676 1142 1749 Χριστὸν
1190 1678 1281 1730 τὸν
1329 1678 1489 1748 μόνον
1513 1675 1793 1743 εὔσπλαγ-

198 1785 353 1836 χνον.

1888 627 2173 683 Factorem
2204 629 2498 698 peperisti;
2538 643 2696 697 quem
2722 627 2956 681 assiduis
2990 626 3469 682 obsecrationibus

1889 738 1982 776 ora
2033 732 2089 776 ut
2120 721 2443 776 misereatur
2460 720 2624 792 287
2644 735 2929 775 servorum
2961 730 3199 782 tuorum,
3232 719 3326 788 qui
3361 719 3478 788 glo-

1890 819 2027 869 riam
2066 825 2216 869 tuam
2250 817 2563 870 det-autaut.

1960 907 2238 974 Mulieres,
2262 923 2385 978 qua
2411 907 2613 964 Christi
2648 920 2839 961 amore
2874 922 2939 961 ac
2969 904 3244 961 desiderio
3276 904 3476 974 ﬂagra-

1888 1003 2227 1070 bant;circa
2286 1010 2358 1063 te,
2404 1016 2437 1054 o
2492 999 2720 1055 Domina
2782 998 3476 1067 immaculatissima,qu.e

1889 1096 2143 1151 eumdem
2171 1094 2516 1149 inell'abiliter
2540 1109 2850 1165 pepereras,
2886 1092 3017 1147 lato
3052 1093 3236 1147 animo
3258 1092 3479 1147 stabant

1894 1204 1960 1245 ac
1994 1189 2386 1258 tripudiabant.

1962 1279 2224 1335 Dominus
2250 1279 2362 1343 ille,
2402 1279 2496 1350 qui
2535 1294 2599 1334 ex
2632 1287 2705 1346 te,
2742 1293 2776 1333 ο
2807 1276 3098 1339 inviolata,
3131 1276 3479 1330 inetl‘nbiliter

1893 1386 2059 1428 carne
2090 1374 2325 1429 amictus
2355 1384 2458 1437 est,
2496 1372 2776 1437 mulieres,
2803 1386 2925 1441 quae
2958 1381 3182 1425 strenue
3224 1370 3473 1424 decerta-

1893 1477 2109 1534 verunt,
2136 1469 2382 1522 virorum
2412 1466 2634 1522 fortium
2689 1466 2941 1534 catalogo
2972 1464 3247 1534 aseripsit.

1963 1579 2157 1634 Libera
2194 1595 2317 1644 nos,
2357 1578 2608 1642 Domina,
2638 1577 2707 1632 ab
2763 1576 2915 1632 omni
2966 1576 3173 1631 inimici
3232 1575 3479 1637 laesione,

1894 1671 2001 1727 tuis
2019 1670 2277 1741 precibus
2296 1670 2441 1741 apud
2458 1669 2774 1735 Christum,
2798 1669 2894 1740 qui
2915 1668 3065 1723 solus
3086 1666 3248 1721 habet
3270 1667 3480 1720 viscera

1895 1763 2305 1818 misericordias.

269 1860 446 1931 Σαρκὶ
471 1859 708 1914 τεκοῦσα
747 1861 983 1932 Χριστὸν
1023 1864 1123 1933 τῆς
1156 1862 1360 1934 σαρκός
1390 1880 1494 1932 μου
1523 1861 1593 1915 τὰ
1638 1860 1787 1931 πάθη

1963 1855 2044 1910 Tu
2084 1854 2266 1929 Virgo,
2295 1870 2420 1925 quas
2455 1853 2734 1910 Christum
2771 1854 2825 1909 in
2857 1868 3028 1909 carne
3047 1852 3328 1923 peperisti,
3357 1868 3481 1906 ear-

195 1950 535 2015 Θανάτωσον,
575 1951 667 2005 καὶ
711 1950 954 2017 Crixum»,
1006 1952 1275 2024 Παρθένε,
1315 1954 1414 2024 τὴν
1458 1953 1639 2024 ψυχήν
1685 1968 1789 2022 μου

198 2062 272 2113 με
281 2061 395 2098 σιτε
405 2045 460 2117 ίᾳ
500 2062 617 2100 σου.

281 2133 348 2187 Ὃ
382 2136 442 2188 σὲ
478 2137 748 2207 παρθένον
785 2136 964 2203 δείξας
988 2137 1158 2208 ἁγνὴν
1181 2139 1276 2191 καὶ
1299 2138 1439 2209 μετά
1475 2140 1656 2204 τόκον,
1686 2141 1795 2195 τῶν

197 2228 377 2293 ἁγίων
449 2245 512 2282 τε
576 2230 856 2298 γυναικῶν
917 2231 1014 2295 τὰς
1077 2230 1305 2303 χορείας
1390 2231 1794 2298 ἀκολουθούσας

202 2320 479 2389 ἔσχηκας.

287 2412 463 2485 Ὅλην
490 2431 551 2468 σε
574 2414 803 2487 πλησίον
828 2415 988 2483 Θεοῦ,
1029 2417 1297 2490 Παρθένε,
1329 2420 1489 2490 χορὸς
1517 2419 1796 2489 γυναικῶν

199 2505 519 2576 ἠγάπησεν,
567 2508 664 2561 καὶ
687 2508 786 2562 σοῦ
829 2510 1005 2563 ὀπίσω
1045 2511 1395 2583 προσηνέχθη
1446 2513 1525 2584 τῷ
1546 2514 1795 2585 Δεσπότῃ

197 2599 313 2653 τῶν
339 2599 477 2653 ὅλων
513 2601 820 2671 συμφώνως
856 2602 1184 2674 μακαρίζων
1211 2621 1292 2671 σε,
1327 2605 1587 2677 ἄχραντε.

283 2789 410 2854 Φῶς
446 2790 686 2846 τεκοῦσα
715 2789 1146 2865 φωταγιῖηησον,
1179 2792 1451 2863 Παρθένε,
1480 2795 1580 2865 τῆς
1620 2794 1798 2865 ψυχῆς

205 2901 312 2955 μου
349 2883 413 2937 τδ
461 2884 676 2953 σκότος,
718 2885 993 2941 διώκουσα
1040 2885 1139 2956 τῆς
1184 2887 1484 2959 ἁμαρτίας,
1518 2888 1679 2961 ἁγνὴ,
1736 2889 1797 2943 τὸ

203 2977 270 3048 βο
280 2977 541 3049 ρύτατον.

763 3124 953 3181 ΗΧΟΣ
990 3124 1233 3181 ΒΔΡΥΣ.

214 3248 321 3303 Ἐκ
361 3248 471 3305 τοῦ
492 3250 765 3319 Κανόνος
787 3250 899 3321 τῆς
926 3252 1233 3321 δευτέρας,
1264 3253 1351 3319 εις
1380 3251 1489 3307 τὸν
1520 3253 1783 3321 Ὄρθρον.
1814 3263 1859 3325 C

296 3393 371 3453 Ἥ
408 3400 713 3470 προστασία
746 3400 860 3455 τῶν
887 3400 1117 3465 πιστῶν,
1160 3402 1193 3472 ἡ
1235 3400 1345 3455 τῶν
1367 3399 1798 3471 ἁμαρτανόντων

200 3494 517 3565 ἐπιστροφὴ
561 3493 697 3565 πρὸς
729 3492 885 3560 Θεὸν,
923 3493 1172 3565 Παρθένε
1205 3493 1535 3564 πανάμωμε,
1562 3494 1629 3564 τῇ
1670 3508 1802 3563 πρε-

202 3582 372 3654 σϐείᾳ
401 3600 521 3649 σου,
559 3583 735 3637 σῶσόν
781 3594 870 3654 με.

274 3675 436 3744 Μόνη
475 3674 714 3730 τεκοῦσα
746 3676 838 3729 τὸν
872 3677 1125 3749 οὐράνιον
1157 3676 1407 3747 βασιλέα,
1443 3677 1709 3748 Παρθένε,
1740 3680 1799 3731 ὲν

198 3768 331 3835 ἐμοὶ
393 3769 493 3838 τὴν
559 3768 955 3839 βασιλεύουσαν
1007 3770 1285 3841 ἁμαρτίαν
1342 3770 1639 3835 κατάὸαλε,
1701 3770 1798 3823 καὶ

196 3858 533 3930 οἰκτείρασα
567 3860 743 3913 σῶσόν
774 3877 865 3931 με.

272 3951 527 4022 Παρθένε
556 3952 717 4022 ἁγνὴ,
750 3951 1134 4023 θεοχαρίτωτε,
1167 3954 1524 4026 χαριτὼσασα
1549 3956 1641 4009 τὸν
1673 3955 1798 4010 νοῦν

201 4064 312 4116 μου
370 4044 468 4098 τοῦ
519 4050 833 4117 σκοτασμοῡ
880 4048 977 4118 τῆς
1026 4046 1249 4116 ἀγνοίας
1300 4047 1519 4112 τελείως
1581 4047 1797 4101 ἐλευθέ-

202 4154 411 4208 ρωσον.

270 4234 381 4286 Διὰ
417 4232 535 4299 σοῦ,
570 4231 833 4301 παναγία,
868 4230 952 4284 σοὶ
992 4230 1222 4301 ποιήσας
1264 4230 1530 4300 μεγαλεῖα
1582 4233 1611 4285 ό
1660 4232 1795 4297 Θεὸς

197 4326 347 4397 ὑπὲρ
386 4326 548 4393 λόγον
592 4327 657 4379 ἐκ
696 4323 792 4378 σοῦ
827 4323 1191 4395 ὲσωματώϐη.
1241 4324 1415 4378 Αὑτὸν
1454 4319 1546 4379 οὖν
1584 4326 1798 4381 ἱκέτευε

197 4418 452 4480 ἐκτενῶς
479 4417 621 4488 ὑπὲρ
653 4416 895 4470 πάντων.

280 4506 608 4578 ’Υμνοῦμὲν
629 4523 709 4571 σε,
732 4505 1087 4578 ύπερύμνητε
1107 4507 1283 4578 Κόρη,
1314 4508 1597 4577 κυήσασαν
1628 4509 1801 4580 ὑπερ-

1898 1949 1985 2004 nis
2013 1964 2146 2004 meae
2162 1949 2445 2020 passiones
2477 1946 2767 2012 tnortiﬁca,
2798 1955 2852 2002 et
2879 1946 3117 2001 animam
3149 1961 3324 2000 meam
3352 1944 3493 1999 viri-

1899 2043 1999 2099 lica
2031 2043 2425 2098 intercessione
2450 2050 2565 2098 tua.

1966 2138 2076 2193 Ille.
2101 2137 2193 2195 nni
2221 2147 2271 2190 te
2292 2137 2556 2206 virginem
2582 2136 2747 2191 etiam
2791 2144 2915 2207 post
2957 2142 3173 2205 partum
3214 2134 3479 2200 servavit,

1897 2231 2023 2287 fecit
2053 2241 2113 2286 ut
2149 2238 2464 2287 sanctarum
2496 2232 2791 2287 mulierum
2827 2232 2982 2287 chori
3041 2228 3406 2300 tripudiantes
3433 2238 3501 2282 te

1897 2334 2277 2390 sequerentur.

1972 2418 2053 2474 Te
2114 2428 2287 2475 totam
2347 2419 2653 2489 proximam
2718 2416 2900 2481 Dei,o
2950 2415 3136 2485 Virgo,
3192 2416 3501 2469 mulierum

1899 2512 2100 2567 chorus
2146 2511 2447 2577 dilexit;et
2492 2520 2615 2581 post
2649 2519 2699 2565 te
2725 2510 2943 2565 oblatus
2981 2518 3063 2563 est
3101 2509 3347 2562 omnium
3381 2507 3485 2561 Do-

1901 2604 2070 2669 mino,
2102 2603 2363 2659 concordi
2408 2617 2544 2657 voce
2578 2611 2631 2658 te
2674 2601 2887 2657 beatam
2939 2600 3247 2671 appellans,
3279 2616 3311 2655 ο
3338 2598 3482 2655 inte-

1899 2704 2129 2749 morata.

1968 2785 2014 2841 0
2058 2785 2225 2857 Virgo
2285 2794 2460 2849 casta,
2510 2800 2633 2856 qua:
2689 2784 2865 2841 lucem
2914 2782 3193 2855 peperisti,
3239 2782 3487 2837 illumina

1899 2880 2152 2935 tenebras
2181 2880 2378 2934 animae
2415 2894 2569 2942 meae,
2598 2878 2979 2949 gravissimam
3004 2892 3071 2933 ac
3100 2874 3487 2933 densissimam

1901 2975 2108 3045 peccati
2137 2974 2426 3044 caliginem
2461 2973 2776 3029 eliminans.

2428 3118 2661 3175 TONUS
2694 3117 2972 3176 GRAVIS.

2128 3252 2214 3307 Ea:
2246 3254 2461 3309 Conone
2492 3252 2640 3322 ferire
2674 3269 2735 3317 tt,
2770 3252 2841 3306 ad
2881 3250 3235 3305 Matutinum.

1983 3398 2027 3454 Ο
2059 3399 2225 3471 Virgo
2257 3408 2370 3455 tota
2404 3416 2565 3470 pura,
2595 3399 2962 3469 patrocinium
3009 3398 3274 3462 ﬁdelium,
3301 3413 3495 3469 pecca-

1902 3505 2081 3548 torum
2116 3493 2404 3549 convcrsio
2430 3493 2497 3548 ad
2527 3491 2695 3548 Deum
2719 3511 2736 3558 ;
2762 3492 2983 3548 salvum
3017 3507 3104 3548 me
3125 3491 3211 3549 fac
3238 3492 3498 3548 intercus.

1902 3588 2056 3643 sione
2092 3598 2205 3641 tua.

1972 3678 2017 3733 Ο
2051 3678 2234 3749 Virgo,
2258 3695 2380 3750 quae
2406 3679 2672 3749 singulari
2704 3679 2989 3750 privilegio
3017 3680 3292 3734 caelestem
3315 3694 3493 3747 regem

1901 3772 2197 3843 peperisti;
2235 3782 2519 3841 peccatum
2555 3773 2702 3842 quod
2744 3772 2798 3827 itt
2829 3789 2915 3828 me
2937 3774 3271 3839 dominatur,
3297 3773 3493 3843 dejicc,

1900 3876 1954 3920 et
1990 3866 2252 3919 miserata
2279 3864 2491 3918 salvum
2524 3864 2610 3918 fac
2650 3879 2759 3919 me.

1970 3956 2017 4013 Ο
2070 3955 2234 4027 Virgo
2284 3968 2462 4021 casta.
2497 3957 2682 4012 divina
2733 3957 2909 4025 gratia
2964 3957 3299 4027 plenissima,
3333 3958 3495 4025 imple

1900 4050 2073 4119 gratia
2130 4060 2367 4104 mentem
2424 4059 2703 4115 meam,et
2746 4051 2816 4106 ab
2875 4051 3199 4121 ignorantiae
3250 4051 3491 4106 tenebris

1900 4158 1986 4212 pet
2004 4142 2143 4196 fecle
2174 4142 2346 4197 libera
2377 4159 2485 4197 me.

1972 4234 2074 4288 Per
2102 4244 2171 4299 te,
2193 4249 2226 4288 ο
2259 4236 2630 4301 sanctissima,
2665 4236 2948 4303 Dominus,
2971 4238 3063 4307 qui
3090 4237 3220 4292 fecit
3250 4236 3343 4291 tibi
3378 4252 3491 4290 ma-

1901 4325 2100 4396 gnalia,
2126 4326 2295 4396 288
2318 4343 2484 4397 supra
2512 4330 2739 4385 rationis
2758 4339 2974 4399 captum
3000 4347 3065 4385 ex
3092 4341 3143 4385 te
3166 4343 3501 4401 corporatus

1900 4424 2002 4469 est.
2050 4412 2309 4469 Eumdem
2341 4432 2471 4486 ergo
2524 4433 2622 4486 pro
2663 4418 2936 4472 unitersis
2987 4419 3189 4473 obnixe
3245 4434 3491 4489 precare.

1972 4506 2288 4563 Laudamus
2319 4519 2390 4573 te,
2422 4525 2455 4563 ο
2483 4508 2671 4565 Puella
2704 4511 2853 4565 omni
2884 4511 3044 4565 laude
3070 4514 3347 4581 superior,
3372 4528 3495 4580 qua:

207 4607 467 4673 ύμνητον
499 4601 694 4669 Λόγον,
732 4600 792 4654 ὃν
820 4602 998 4655 πᾶσαι
1044 4601 1103 4654 at
1160 4601 1421 4672 δυνάμεις
1474 4601 1799 4673 ἀνυμνοῦσιν

1911 4597 2150 4654 Verbum
2212 4601 2654 4669 superlandabile
2713 4603 2992 4673 peperisti,
3025 4604 3171 4674 quod
3232 4605 3499 4658 ttniversm

198 4694 470 4767 οὐρανῶν
502 4695 789 4767 ἀσιγήτοις
822 4697 1053 4764 φωναῖς.

271 4885 461 4948 Βάτος
498 4900 558 4937 σε
584 4882 981 4955 προεικόνιζεν,
1030 4882 1193 4954 ἁγνὴ,
1232 4884 1308 4956 μὴ
1356 4882 1693 4955 φλεγομένην
1744 4884 1807 4938 τὸ

196 4978 317 5050 πῦρ
354 4979 476 5049 γὰρ
505 4976 827 5046 ἀπεκύησας
858 4976 921 5029 τὸ
954 4976 1238 5044 ἄστικτον,
1273 4974 1544 5046 Παρθένε,
1576 4976 1659 5029 διὸ
1695 4974 1805 5047 βοῶ

200 5087 310 5125 σοι*
346 5067 713 5138 Κατάφλεξόν
744 5085 847 5140 μου
879 5067 948 5121 τὰ
977 5066 1154 5141 ὑλώδη
1187 5067 1509 5140 παθήματα.

282 5252 502 5323 Ἐλύθη
549 5252 650 5323 τῆς
688 5251 937 5323 κατάρας
975 5251 1055 5324 τῷ
1080 5251 1227 5323 τόκῳ
1260 5268 1378 5316 σου,
1428 5247 1699 5321 Παρθένε,
1744 5251 1808 5305 τὸ

197 5350 571 5424 ἀνθρώπινον
602 5347 852 5421 φύραμα·
884 5347 979 5402 τόν
1023 5348 1133 5420 γὰρ
1180 5347 1619 5421 παντευλόγητον
1650 5347 1809 5401 εὐλο-

196 5445 353 5515 γίαις
378 5441 461 5497 τὰ
491 5441 668 5497 πάντα
691 5439 1003 5513 κοσμοῦντα
1026 5442 1289 5514 ἑκύησας.

273 5633 658 5695 Φωτιστικαῖς
692 5631 1078 5704 φρυκτωρίαις
1099 5631 1194 5685 τοῦ
1225 5630 1608 5694 ἀνατείλαντος
1632 5628 1809 5698 Λόγου

1906 4693 2169 4749 caelorum
2234 4704 2535 4764 potestates
2588 4697 2818 4752 vocibus
2872 4713 3154 4769 nunquam
3206 4699 3499 4754 silentibus

1906 4785 2248 4841 collaudant.

1980 4878 2358 4950 Praeliguravit
2376 4889 2450 4948 te,
2480 4898 2514 4937 ο
2542 4892 2691 4938 easta
2718 4924 2733 4949 ,
2771 4884 2969 4951 rnbus,
2999 4886 3090 4955 qni
3130 4903 3235 4941 non
3266 4890 3493 4941 combu-

1908 4972 2372 5043 rebatur;ignem
2437 4974 2638 5045 quippe
2694 4974 3094 5032 intolerabilem
3144 4979 3421 5047 peperisti.
3462 4997 3500 5033 0

1909 5062 2097 5136 Virgo,
2124 5075 2407 5137 propterea
2430 5068 2606 5123 clamo
2635 5069 2705 5124 ad
2743 5077 2795 5124 te
2824 5087 2841 5125 :
2875 5068 3187 5125 Hateriales
3208 5070 3500 5139 passiones

1910 5173 2060 5213 meas
2103 5158 2387 5214 combure.

1980 5251 2081 5305 Per
2107 5261 2322 5322 partum
2354 5261 2528 5315 tuum,
2561 5267 2594 5307 ο
2630 5251 2812 5324 Virgo,
2846 5252 3085 5309 humana
3115 5269 3297 5310 massa
3324 5268 3354 5307 a
3382 5268 3489 5308 ma-

1913 5345 2203 5401 ledictione
2250 5346 2426 5401 soluta
2493 5355 2613 5401 est:
2646 5347 2845 5401 etenim
2899 5348 3049 5401 illum
3103 5357 3272 5402 totum
3332 5348 3493 5402 bene~

1912 5439 2117 5495 dictum
2143 5440 2419 5511 peperisti,
2442 5441 2533 5511 qui
2566 5440 2818 5495 universa
2846 5441 3313 5498 benedictionibus
3338 5456 3492 5498 εισι-ο

1915 5542 2029 5589 nat.

1987 5626 2368 5683 llluminatiris
2424 5628 2809 5697 splendoribus
2876 5628 3041 5682 Verbi
3102 5631 3247 5698 quod
3305 5645 3370 5683 ex
3444 5638 3495 5686 te

203 5733 270 5785 ὲκ
298 5728 428 5794 σοῦ,
460 5726 710 5797 Παρθένε
731 5725 894 5797 ἁγνὴ,
924 5723 1272 5793 καταύγασόν
1308 5741 1375 5795 με
1401 5721 1689 5797 ἁμαρτιῶν
1717 5722 1799 5778 κα]

1918 5721 2061 5775 velut
2117 5721 2199 5775 sol
2253 5731 2503 5776 exortum
2561 5731 2663 5786 est,
2716 5738 2749 5776 ο
2806 5720 2970 5790 Virgo
3024 5732 3198 5785 casta,
3250 5723 3496 5777 illumina

208 5824 408 5881 παθῶν
441 5823 507 5877 ὲν
534 5820 614 5892 τῷ
646 5820 827 5875 σκότει
861 5818 1293 5890 καλυπτόμενον.

1919 5832 2023 5877 me,
2076 5824 2425 5883 peccatorum
2488 5830 2551 5869 ac
2608 5816 2923 5885 passionum
2988 5816 3225 5871 tenebris
3283 5816 3492 5871 involu-

1917 5920 2052 5961 tum.
