4180 6450
232 392 368 457 1337

1648 399 2012 463 MARIALE.

3363 400 3501 463 1338

228 499 405 570 πυρὸς
450 498 545 553 τοῦ
597 500 886 569 ἀσϐέστου,
940 503 1271 575 δροσίζουσά
1325 523 1395 578 με
1445 506 1542 560 νῦν
1583 510 1792 577 γνησία,

1917 515 1988 570 ab
2008 515 2130 585 igne
2152 512 2581 581 inexstinguibili
2606 510 2756 581 eripe
2781 524 2890 576 me,
2913 523 3089 565 rorem
3117 526 3378 582 spargens
3407 529 3499 568 su-

229 593 521 663 μετανοίας
552 593 911 650 πεοικαλλέσι
939 597 1185 663 τρόποις.

294 780 538 850 Φορέσας
561 796 627 849 με
648 781 677 834 ό
699 779 901 851 Κύριος
930 782 994 835 ὲκ
1021 782 1113 836 σοῦ
1138 782 1433 853 προῆλθεν,
1456 784 1618 857 άγνή.
1640 785 1813 840 Αὐτὸν

228 867 329 925 οὖν
360 870 753 943 ὲκδυσὼπησον
787 873 977 946 στολὴν
1010 874 1271 948 φεδρῦναί
1304 895 1374 948 με
1417 878 1616 947 φωτὸς,
1661 881 1811 951 Παρο

219 962 367 1031 θένε,
403 962 698 1017 ἐκδυθὲντα
727 963 838 1020 τῶν
869 967 1061 1021 παθῶν
1098 967 1192 1023 νῦν
1222 970 1315 1023 τὸν
1349 973 1554 1023 σάκκον
1587 970 1679 1025 τὸν
1710 970 1808 1041 βα-

218 1074 289 1127 ρυ
300 1075 473 1112 τατον.

289 1151 411 1214 Φῶς
444 1154 479 1225 ἠ
510 1152 747 1208 τεκοῦσα
798 1154 860 1207 τὸ
899 1153 1064 1221 θεῖον,
1110 1153 1497 1225 θεοχαρίτωτε,
1534 1156 1635 1225 τὴν
1682 1171 1808 1209 σκο-

214 1242 499 1298 τισθείσαν
520 1245 699 1317 ψυχήν
730 1263 833 1316 μου
864 1248 984 1310 ταῖς
1014 1248 1366 1318 παραϐάσεσι
1393 1247 1653 1317 τρώτισον,
1690 1249 1805 1302 δέο-

218 1349 345 1403 μαι,
377 1339 470 1388 καὶ
506 1338 730 1402 σκότους
755 1339 976 1392 αἰωνίου
1010 1339 1324 1411 ἐλεύθερόνζ
1331 1357 1400 1411 με
1430 1340 1624 1409 δεῖξον,
1658 1342 1804 1408 ὅπως

216 1443 279 1482 σε
310 1429 604 1500 μεγαλύνω
630 1433 725 1486 καὶ
757 1430 988 1500 δοξάζω,
1019 1432 1443 1505 άειμακάριστε.

226 1637 331 1692 Ἐκ
355 1637 461 1693 τοῦ
484 1639 754 1706 Κανόνας
788 1637 901 1709 τῆς
925 1636 1235 1708 τετάρτης,
1275 1641 1363 1707 εις
1394 1640 1502 1695 τὸν
1531 1642 1800 1710 Ὄρθρον.

301 1750 596 1824 Ῥήγνυται
643 1757 1027 1826 γραμματεῖον
1067 1754 1128 1807 τὸ
1158 1752 1254 1807 τοῦ
1296 1755 1489 1825 Ἀδὰμ,
1540 1756 1738 1810 ἀνεϐόα
1768 1757 1803 1825 ή

1919 625 2016 679 per
2048 623 2155 673 me,
2192 622 2331 663 verae
2360 605 2526 676 290
2548 606 2755 660 scilicet
2796 603 3128 676 pmnitentia‘.
3164 614 3341 671 actus,
3373 606 3496 675 qui-

1918 704 2024 760 bus
2043 703 2332 758 decoretur
2362 702 2541 757 anima
2565 715 2706 755 mea.

1990 797 2151 852 Veste
2201 794 2386 850 carnis
2437 810 2572 848 mea;
2622 793 2845 848 indutus
2904 792 3189 853 Dominus.
3238 806 3304 844 ex
3350 799 3424 855 te,
3458 806 3492 845 o

1916 900 2089 953 casta,
2114 888 2369 960 prodivit.
2406 886 2669 941 Eumdem
2735 901 2865 956 ergo
2902 887 3215 954 deprecare.
3243 898 3276 937 ο
3305 880 3488 951 Virgo,

1915 996 1976 1042 ut
2011 1001 2097 1039 me
2141 984 2278 1040 stola
2326 983 2467 1039 lucis
2521 990 2768 1044 exornet,
2801 980 3126 1050 gravissimo
3169 978 3489 1047 passionum

1913 1091 2157 1133 mearum
2184 1090 2333 1131 nunc
2360 1088 2520 1129 sacco
2556 1072 2871 1141 Spoliatum.

1983 1174 2027 1224 υ
2076 1171 2261 1225 divina
2321 1170 2495 1238 gratia
2564 1165 3027 1223 cumulatissima,
3068 1175 3189 1229 quae
3245 1159 3489 1214 divinam

1913 1265 2090 1319 lucem
2147 1262 2441 1334 peperisti;
2478 1259 2748 1321 illumina,
2779 1272 2987 1325 quaeso,
3020 1255 3259 1308 animam
3308 1265 3488 1305 meam

1911 1355 2441 1429 transgressionibus
2468 1354 2899 1415 obtenebratam,
2923 1361 2975 1404 et
3004 1350 3071 1402 ab
3094 1347 3312 1401 :eternis
3336 1359 3489 1399 tene-

1910 1452 2023 1507 bris
2054 1452 2221 1505 libera
2240 1466 2348 1514 me,
2391 1458 2448 1502 ut
2478 1447 2819 1517 magniﬂeem
2842 1455 3002 1514 atque
3028 1443 3325 1513 gloriﬁcent
3359 1450 3429 1502 te,
3456 1453 3488 1492 ο

1910 1561 2128 1616 semper
2158 1543 2498 1598 beatissima.

2135 1657 2219 1711 Ex
2247 1656 2459 1711 Canone
2491 1654 2635 1723 ferite
2666 1667 2740 1715 IV,
2780 1649 2847 1703 ad
2887 1648 3236 1701 Matutinmn.

1978 1773 2021 1828 Ο
2050 1770 2175 1835 Fili,
2209 1768 2544 1826 exclamabat
2578 1765 2887 1821 castissima
2940 1761 3186 1823 Domina,
3218 1758 3489 1813 scinditur

211 1845 491 1943 ¹ξιτξὶναγνος
518 1847 1009 1917 Δέσποινα,λόγχῃ,
1043 1846 1161 1909 Υἱὲ,
1194 1846 1497 1918 τρωθέντος
1528 1865 1623 1901 σου
1644 1865 1657 1879 °
1678 1848 1792 1903 ὅθεν

1907 1870 2036 1924 Adae
2098 1864 2699 1936 cltirograpltunt,dtttn
2757 1870 2813 1913 tu
2874 1859 3058 1910 lancea
3123 1852 3482 1908 vulneraris:
3534 1907 3547 1921 ι

211 1934 372 2006 ὑμνῶ
426 1954 522 1991 σου
570 1939 631 1992 τὸ
669 1938 843 2003 πάθος
882 1941 1016 1992 πᾶσι
1077 1938 1139 1992 τὸ
1195 1939 1452 2008 πηγάσαν
1501 1939 1795 2006 ἀπάθειαν,

210 2028 489 2087 Δέσποτα.
932 2035 938 2041 “

297 2212 402 2266 τὸν
436 2214 753 2270 ἑθελόθυτον
792 2218 966 2289 ἀμνὸν
995 2217 1089 2271 ἐπὶ
1114 2219 1177 2272 τὸ
1215 2219 1387 2283 πάθος
1418 2221 1641 2276 ἐλθόντα
1664 2223 1799 2278 καθ⁶

208 2304 417 2376 ορῶσα,
457 2309 639 2380 μήτηρ
670 2311 763 2364 καὶ
798 2311 999 2381 ἀμνὰς,
1029 2312 1283 2383 δακρύων
1328 2315 1510 2385 πηγάς
1547 2317 1799 2386 προχέεις

208 2395 468 2465 λέγουσα·
498 2401 564 2454 Τί
607 2402 787 2468 τοῦτο,
837 2404 1027 2459 τέκνον
1058 2406 1228 2478 ἱερόν;
1277 2409 1393 2471 πῶς
1446 2409 1796 2474 θανατοῦται,

209 2490 385 2554 ζῶσαι
416 2493 622 2560 πάντας
646 2499 771 2560 τοὺς
798 2495 1059 2562 θανέντας
1088 2500 1544 2572 προμηθούμενος
1572 2518 1587 2567 ;

296 2675 603 2749 έικετηρίαν
643 2681 786 2754 ὑπὲρ
832 2683 991 2754 ήμῶν
1034 2684 1144 2738 τῶν
1195 2702 1255 2737 σε
1298 2685 1633 2756 ὑμνούντων,
1670 2687 1795 2739 Θεο-

206 2767 362 2832 τόκε,
390 2772 639 2841 ποίησον,
678 2774 825 2838 ὅπως
865 2774 1118 2847 εὕρωμεν
1152 2775 1405 2847 βοήθειαν
1430 2778 1608 2849 καιρῷ
1648 2796 1800 2850 περι-

209 2864 475 2929 στάσεως,
504 2866 554 2918 οἱ
585 2865 751 2920 αὐτοῦ
775 2867 835 2922 τὺ
865 2868 1036 2934 πάθος
1065 2869 1406 2937 δοξάζοντες.

281 3047 466 3111 Ποίοις
507 3047 721 3119 ϐμμασι
765 3049 949 3122 βλέψω
992 3052 1151 3124 ὄμμα
1196 3056 1259 3107 τὸ
1308 3055 1563 3125 ξηραῖνον
1613 3056 1797 3119 πάσας

205 3140 503 3205 ἀϐύσσους,
519 3142 618 3196 Υίέ
651 3161 776 3213 μου,
798 3145 1178 3215 σϐεννύμενον,
1206 3146 1424 3217 σταυρῷ
1445 3149 1796 3218 κρεμαμένου

207 3249 335 3299 σονς
367 3235 402 3304 ἡ
432 3234 572 3305 ἁγνὴ
605 3235 884 3307 Παρθένος
913 3237 1062 3305 ἐϐόα,
1098 3239 1318 3311 θρήνοις
1361 3240 1565 3311 ἑαυτὴν
1598 3257 1793 3295 συντα-
1820 3243 1863 3301 C

210 3328 511 3398 ράσσουσα.

279 3518 421 3573 Νέον
453 3518 651 3591 βρέφος
682 3520 889 3588 τίκτεις
917 3521 1011 3576 τὸν
1034 3522 1141 3594 πρὸ
1162 3522 1273 3576 τῶν
1304 3521 1518 3579 αίὼνων
1548 3523 1795 3597 ἀχρόνως

202 3611 381 3681 Harp}.
415 3609 875 3686 συν[εν]ούμενον,
908 3615 1159 3679 Θεοτόκε,
1193 3615 1541 3670 νεοποιοῦντα
1573 3615 1794 3687 σταυρῷ

200 3700 267 3754 τὸ
289 3700 632 3772 ἀνθρώπινον
652 3705 1106 3775 πεπαλαιωμένον
1136 3707 1455 3777 ἁμαρτίαις,
1476 3711 1541 3780 τῇ
1570 3708 1662 3762 τοῦ
1688 3711 1789 3780 ἀρ-

202 3794 443 3867 χεκάκου
476 3796 775 3871 συμϐουλῇ,
808 3799 1143 3871 πανάμωμε.

278 3976 406 4038 Πῶς
436 3975 497 4027 οὐ
530 3976 805 4048 πενθήσω,
832 3976 1170 4047 γλυκύτατον
1196 3979 1406 4046 τέκνον,
1436 3981 1528 4034 ἐπὶ
1553 3982 1788 4053 σταυροῦ

200 4067 492 4140 θεωροῦσά
534 4086 633 4136 σε;
680 4070 796 4134 πῶς
844 4071 906 4125 οὐ
949 4072 1228 4144 θρηνήσω,
1288 4072 1489 4136 ἀδίκως
1533 4091 1627 4126 σου
1682 4075 1785 4130 πά-

201 4178 447 4233 σχοντος,
524 4162 690 4235 κριτά
731 4163 1101 4233 “uanitate;
1159 4166 1193 4237 ή
1247 4165 1523 4236 Παρθένος
1583 4168 1785 4238 Μήτηρ

198 4257 522 4325 ἔφθέγγπο.

270 4350 458 4419 Νόμου
496 4364 556 4403 σε
589 4349 755 4404 πάλαι
789 4349 1021 4413 κιϐωτὸς
1058 4349 1439 4421 προόιετὺπου,
1471 4351 1532 4405 οὐ
1566 4351 1783 4414 πλάκας

196 4439 345 4492 ἔνδον
408 4439 687 4510 φορέσασα
720 4481 735 4507 ,
778 4440 917 4493 ἀλλὰ
977 4441 1213 4511 Χριστὸν
1264 4442 1359 4494 τον
1422 4441 1721 4510 νομοόότην
1764 4481 1778 4503 ,

196 4535 363 4606 ἁγνή,
397 4533 457 4587 ὃν
486 4534 685 4604 ἄνομος
714 4534 772 4586 ὲν
816 4533 1035 4604 σταυρῷ
1068 4533 1195 4597 λαὸς
1224 4534 1603 4604 προσήλωσεν,
1634 4535 1782 4605 qua;

196 4627 442 4699 βοῶντας
460 4626 719 4693 σώζοντα.
750 4628 930 4682 Πάντα
954 4627 1020 4681 τά
1050 4627 1187 4699 ἔργα
1220 4628 1448 4699 Κυρίου,
1470 4628 1561 4680 τὸν
1576 4627 1781 4698 Κύριον

202 4725 423 4794 ὑμνεῖτε
476 4722 570 4776 καὶ
599 4721 941 4793 ὑπερυψοῦτε
972 4723 1051 4786 είς
1080 4723 1289 4787 πάντας
1310 4723 1445 4785 τοὺς,
1468 4723 1689 4786 αἰῶνας.

265 4814 385 4877 (PG);
430 4815 620 4882 νοητὸν
657 4817 716 4869 ὲν
746 4815 965 4887 σταυρῷ
998 4814 1360 4886 ἀπήστραψεν
1400 4817 1429 4869 ὁ
1476 4814 1601 4879 σὸς,
1641 4834 1777 4869 παν-

192 4910 462 4983 άχραντε,
496 4909 644 4974 Υἱὸς,
674 4910 769 4963 καὶ
799 4910 979 4981 ἀρχὰς
1004 4910 1100 4973 τὰς
1132 4910 1227 4963 τοῦ
1274 4910 1500 4972 σκότους
1523 4911 1779 4981 παρεδειο

190 5004 432 5076 γμάτισε
455 5043 471 5069 ,
503 5002 850 5074 πανάμωμε,
887 5002 981 5056 τοῦ
1016 5002 1169 5074 ἡλίου
1220 5003 1518 5074 ἠμαύρωσε
1549 5004 1775 5071 φέγγος,

190 5102 291 5153 καὶ
320 5098 529 5151 πιστῶν
557 5097 617 5151 τὸ
655 5098 949 5169 πλήρωμα,
982 5100 1144 5169 ἁγνὴ,
1174 5098 1575 5168 κατεφώτισεν.

202 5218 305 5275 Ἐκ
339 5214 447 5270 τοῦ
476 5217 745 5283 Κανόνας
774 5214 884 5285 τῆς
910 5215 1203 5285 πέμπτης,
1239 5219 1325 5281 είς
1358 5216 1465 5271 τὸν
1500 5216 1775 5284 Ὄρθρον.

265 5335 540 5405 Ἀχραντε
568 5332 819 5397 Θεοτόκε,
851 5333 948 5386 σὺν
975 5332 1291 5401 ἀσωμάτοις
1321 5332 1597 5400 ἀγγέλοις,
1637 5348 1776 5401 προ-

187 5428 428 5499 φήταις,
469 5427 566 5481 καὶ
605 5427 914 5499 μάρτυρσι,
947 5427 1043 5480 καὶ
1089 5425 1412 5489 ἀποστόλοις
1475 5426 1772 5497 πρέσϐευε,

184 5520 339 5583 ὅπως
383 5520 577 5588 ἄφεσιν
631 5520 994 5592 πταισμάτων
1037 5518 1315 5591 λάϐωμεν,
1365 5519 1636 5591 Παρθένε,
1678 5519 1774 5573 καὶ

186 5611 448 5666 πλούσιον
484 5610 654 5676 ἔλεος.

271 5707 333 5759 '0
360 5706 487 5771 τοὺς
523 5707 719 5772 ἄθλους
745 5708 1115 5781 λειτουργοὺς,
1148 5708 1399 5776 Θεοτόκε,
1440 5707 1675 5778 ποιήσας
1707 5707 1771 5761 ἐκ

190 5798 288 5853 σοῦ
330 5801 658 5871 γεγέννηται
714 5803 783 5858 δι’
830 5803 978 5857 ἔλεον
1028 5803 1237 5873 ἄφατον
1278 5801 1588 5875 ἀνθρώποις
1638 5802 1769 5857 καθ-

190 5894 489 5967 ορῶμενος.

1899 1962 2251 2035 quamobrem
2314 1958 2627 2025 passionem
2689 1964 2863 2015 tuam,
2922 1949 3173 2008 Domine.
3214 1946 3471 2001 laudibus

1899 2057 2118 2120 extollo,
2140 2072 2202 2111 ex
2235 2068 2340 2123 qua
2373 2047 2825 2120 impassibilitatis
2861 2045 2984 2098 fons
3015 2041 3273 2095 omnibus
3316 2053 3468 2092 ema-

1900 2151 2072 2207 navit.

1972 2242 2205 2312 Agnum,
2237 2237 2327 2308 qui
2359 2236 2423 2289 ad
2450 2233 2761 2302 passionem
2789 2240 3015 2285 venerat
3059 2225 3372 2282 voluntarie
3398 2239 3486 2276 sa-

1898 2332 2248 2389 erilicaudus.
2285 2328 2559 2397 aspicimus
2610 2335 2779 2379 mater
2824 2332 2876 2378 et
2925 2321 3484 2389 agna.lacrymarum

1900 2428 2078 2483 loutcs
2125 2423 2428 2484 eﬂ'undens,
2459 2421 2639 2473 aiebat
2671 2438 2684 2472 :
2711 2418 2999 2483 Quodnam
3055 2411 3378 2467 sacriﬁcium
3408 2422 3490 2462 est

1900 2521 2024 2582 hoc,
2084 2532 2116 2568 o
2177 2516 2288 2571 lili?
2326 2513 2602 2584 quomodo
2653 2519 2885 2564 mortem
2944 2507 3120 2567 subis,
3148 2506 3240 2573 qui
3294 2515 3488 2555 omnes

1900 2620 2143 2666 mortuos
2175 2608 2455 2660 vivilicare
2487 2604 2777 2673 disponis?

1966 2700 2110 2756 Ofl'er
2143 2698 2419 2765 Supplices
2456 2710 2646 2763 preces
2682 2710 2781 2763 pro
2809 2693 2989 2754 nobis,
3022 2690 3115 2762 qui
3143 2688 3332 2743 laudes
3362 2695 3488 2739 tuas

1898 2794 2327 2853 eelebramus,o
2392 2788 2657 2857 Dcipara;
2714 2796 2772 2838 ut
2831 2796 3075 2849 tempore
3139 2777 3486 2836 adversitatt's

1899 2886 2243 2941 inveniamus
2279 2883 2565 2947 auxilium,
2588 2882 2718 2936 dum
2741 2895 2887 2934 nune
2914 2877 3036 2932 Filii
3060 2877 3136 2931 tui
3166 2874 3482 2946 passionem

1900 2979 2291 3052 gloriﬁcamus.

1971 3070 2141 3139 Virgo
2179 3078 2352 3131 casta,
2376 3066 2634 3120 lamentis
2673 3079 2795 3117 sese
2843 3062 3129 3125 alllictans,
3162 3069 3214 3113 et
3268 3058 3486 3112 discru-

1901 3164 2081 3225 cians,
2112 3162 2211 3215 bas
2234 3175 2394 3213 voces
2427 3158 2737 3213 effundebat
2763 3174 2776 3209 :
2803 3156 2903 3209 Fili
2947 3156 3043 3216 mi,
3085 3154 3285 3221 quibus
3306 3151 3485 3207 oculis

1899 3254 2098 3310 intueri
2149 3253 2357 3322 possim
2408 3248 2739 3303 exstinctum
2781 3247 3000 3301 oculum
3038 3246 3211 3308 illum,
3241 3245 3329 3313 qui
3361 3242 3485 3297 uui-

1898 3363 2087 3401 versas
2137 3346 2377 3400 exsiceat
2424 3344 2676 3416 abyssos,
2710 3342 2838 3396 dum
2896 3351 2951 3396 tu
3008 3340 3363 3411 suspenderis
3427 3337 3482 3393 in

1898 3439 2100 3497 cruce?

1966 3533 2179 3588 Novum
2238 3531 2501 3586 infantem
2566 3530 2734 3596 paris.
2799 3545 2832 3584 o
2880 3528 3175 3595 purissima
3229 3526 3481 3595 Deipara.

1896 3628 2047 3683 illum
2097 3627 2303 3681 scilicet
2337 3625 2580 3694 quiante
2628 3623 2825 3677 s:ecula
2873 3624 2992 3676 sine
3026 3631 3273 3689 tempore
3318 3616 3482 3672 simul

1894 3737 2017 3778 cum
2051 3722 2213 3776 Patre
2267 3734 2390 3772 esse
2440 3716 2787 3785 intelligitur,
2822 3714 2912 3782 qui
2961 3714 3263 3767 humanum
3313 3722 3484 3776 genus

1893 3815 2158 3888 principis
2181 3813 2449 3868 malorum
2483 3822 2602 3864 astu
2629 3821 2681 3865 et
2704 3810 2925 3864 eonﬁlio
2948 3815 3189 3879 peccatis
3215 3806 3482 3858 invetera-

1895 3921 2033 3966 tum.
2067 3924 2229 3963 cruce
2252 3923 2349 3960 sua
2382 3905 2609 3959 novitati
2641 3903 2903 3957 restituit.

1966 4003 2124 4072 291
2186 3999 2473 4067 Quomodo
2532 4014 2641 4052 non
2710 3996 2927 4063 lugebo,
2998 3990 3317 4046 dulcissime
3381 3986 3479 4051 ﬁli,

1891 4097 2021 4153 dum
2054 4096 2209 4149 video
2231 4104 2282 4149 te
2309 4108 2471 4146 cruce
2504 4090 2865 4161 pendentem?
2894 4086 3173 4156 quomodo
3204 4098 3312 4137 uon
3342 4095 3479 4135 con-

1892 4206 2114 4261 querar,
2140 4189 2268 4242 dum
2302 4198 2354 4242 tu
2383 4187 2585 4255 injuste
2624 4185 2846 4254 peioris,
2876 4199 2906 4233 o
2943 4180 3243 4251 iustissime
3271 4172 3482 4244 jutlex?

1894 4283 2018 4338 Haec
2042 4281 2211 4353 Virgo
2236 4279 2401 4333 Mater
2439 4279 2781 4348 loquebatur.

1962 4375 2104 4430 Olim
2145 4386 2195 4429 te
2241 4373 2431 4443 legalis
2470 4387 2594 4426 area
2651 4367 3057 4439 praeligurabat.
3084 4379 3116 4418 o
3165 4378 3324 4432 pttra,
3354 4376 3476 4428 qua:

1893 4482 2001 4521 non
2030 4467 2168 4518 duas
2199 4465 2432 4526 tabulas,
2466 4464 2557 4518 sed
2594 4463 2766 4531 ipsum
2799 4460 2849 4513 in
2879 4469 2929 4512 te
2951 4456 3163 4527 gessisti
3195 4454 3475 4523 legislato-

1889 4575 2000 4614 rem
2032 4556 2331 4618 Christum.
2364 4571 2523 4625 quem
2564 4554 2800 4625 populus
2850 4551 2984 4618 legis
3036 4547 3271 4600 violator
3316 4544 3469 4598 cruci

1887 4655 2078 4714 amxit,
2110 4661 2163 4704 ct
2190 4652 2281 4720 qui
2331 4652 2505 4704 aalvat
2545 4666 2646 4703 nos
2678 4649 2983 4703 clamantes
3009 4661 3022 4697 :
3053 4642 3249 4698 Omnia
3302 4654 3469 4709 opera

1885 4749 2100 4804 Domini
2142 4746 2430 4800 Dominum
2459 4744 2780 4804 benetlicite.
2800 4752 2906 4797 etc.

1952 4839 2100 4894 Luce
2133 4838 2361 4909 spiritali
2419 4838 2475 4890 in
2531 4852 2695 4891 cruce
2724 4834 3021 4905 fulguravit
3048 4842 3177 4887 tuus
3211 4828 3403 4883 Filius.
3437 4841 3472 4879 ο

1883 4932 2362 4987 intemeratissima
2428 4928 2635 4997 Virgo:
2684 4937 2737 4982 et
2789 4927 3137 4981 tenebrarum
3192 4920 3470 4991 principes

1879 5025 2057 5095 palam
2126 5024 2417 5077 traduxit:
2454 5021 2587 5077 solis
2636 5020 2982 5087 splendorem
3051 5014 3389 5077 obscuravit,
3416 5019 3470 5065 et

1880 5116 2119 5171 ﬁdelium
2154 5115 2561 5170 multitudinem
2591 5111 2937 5165 illuminavit.

2022 5227 2106 5283 Ea:
2141 5229 2353 5285 Canone
2383 5228 2579 5294 duplici
2614 5227 2759 5297 ferire
2792 5242 2847 5293 ν,
2876 5225 2945 5279 ad
2978 5223 3325 5277 Malulinum.

1947 5344 1993 5402 Ο
2030 5344 2254 5415 Deipara
2284 5343 2451 5412 Virgo
2480 5343 2712 5402 illibata.
2743 5357 2847 5395 una
2887 5355 3008 5393 cum
3041 5338 3250 5403 angelis
3282 5336 3466 5390 incor-

1878 5438 2079 5507 poreis.
2108 5436 2411 5506 prophetis,
2436 5434 2789 5505 martyribus,
2818 5442 2866 5485 et
2900 5430 3162 5500 apostolis
3190 5428 3467 5482 intercetle

1875 5544 1973 5599 pro
2002 5530 2183 5588 nobis.
2211 5538 2267 5582 ut
2300 5537 2655 5596 peccatorum
2687 5525 3069 5580 remissionem
3095 5530 3151 5576 et
3180 5520 3462 5590 copiosam

1874 5620 2305 5675 misericordiam
2339 5632 2763 5687 consequamur.

1944 5714 2039 5769 llle
2095 5712 2185 5782 qui
2250 5711 2639 5766 immateriales
2710 5710 2937 5779 spiritus
2999 5707 3282 5761 ministros
3331 5718 3463 5759 suos

1876 5808 2023 5869 fecit,
2057 5823 2121 5860 ex
2156 5816 2207 5860 te
2256 5822 2290 5860 o
2313 5806 2539 5874 Dcipara
2574 5804 2789 5872 genitus
2828 5812 2910 5856 est
2947 5810 3169 5870 propter
3208 5795 3462 5852 incﬂabi-

1873 5901 1977 5956 lem
2013 5900 2445 5956 misericordiam
2485 5898 2738 5952 humanis
2772 5897 2948 5952 oculis
2978 5894 3281 5964 expositus.
