4180 6450
714 365 849 429 1339

709 572 910 642 phetis,
944 569 1248 641 discipulis,
1280 581 1442 639 atque
1493 571 1748 626 omnibus
1796 572 2129 640 martyribus
2176 587 2298 641 gra-

711 664 841 715 tiam
874 661 1101 732 largitus
1121 677 1199 724 es.
1216 669 1298 725 tu,
1324 660 1841 725 Deus,eorumdem,
1864 670 1916 713 et
1939 660 2298 716 immaculata:

710 750 903 804 matris
934 758 1041 805 tua:
1094 751 1602 817 intercessionibus,
1632 750 1905 805 universis
1941 752 2196 817 salutem,
2237 761 2293 806 et

713 842 1175 907 misericordiam,
1208 853 1398 914 utpote
1448 844 1871 913 benignissimus
1903 857 1966 896 ac
2015 844 2296 914 piissimus

715 934 976 989 concede.

786 1026 831 1081 Ο
866 1028 1104 1098 forceps,
1159 1044 1281 1097 qum
1346 1028 1589 1081 divinum
1657 1029 1946 1082 carbonem
2009 1029 2062 1083 in
2121 1027 2294 1084 sacris

713 1116 1019 1171 visceribus
1064 1118 1175 1172 luis
1229 1118 1432 1187 absque
1479 1119 1588 1173 ulla
1641 1135 1865 1189 prorsus
1914 1120 2296 1175 combustione

715 1210 1033 1279 suscepisti,
1082 1212 1365 1277 combure,
1416 1227 1449 1265 ο
1526 1212 1859 1277 castissima,
1914 1221 2135 1281 peccata
2190 1229 2295 1267 nu-

718 1311 853 1356 stra.

1810 367 1863 427 3.
1903 366 2219 425 JOSEPHI
2263 365 2827 429 IIYMNOGRAPIII

780 480 886 547 Qui
926 480 1176 536 caelestes
1208 486 1505 551 potestates
1556 478 1724 533 verbo
1766 480 2117 549 creasti;qui
2176 496 2301 549 pro-
2334 492 2373 543 Α

3840 369 3977 429 1340

2490 483 2549 535 '0
2616 484 2716 545 τὰς
2765 483 3022 552 δυνάμεις
3083 481 3332 552 οὐρανῶν
3390 482 3825 551 καθυποστήσας
3894 484 3986 550 τῷ

2406 577 2569 643 λόγῳ.
2602 578 2630 628 δ
2657 576 2964 646 προφήταις
2994 576 3155 646 χάριν
3190 577 3510 647 παρασχὼν,
3541 579 3635 631 καὶ
3667 580 3778 639 τοῖς
3811 579 3990 647 μαθη-

2405 672 2546 728 ταῖς,
2571 668 2665 720 καὶ
2693 669 2824 720 πᾶσι
2853 668 3146 737 μάρτυρσι,
3167 668 3376 721 τούτων
3403 668 3743 739 πρεσϐείαις,
3773 673 3799 721 ὁ
3827 668 3985 732 θεὶς,

2405 762 2497 815 καὶ
2525 761 2623 829 τῆς
2651 748 3161 831 ἁχράντουΜητρός
3188 778 3305 827 σου,
3331 759 3503 815 σῶσον
3533 762 3766 827 πάντας,
3784 762 3991 814 οῐκτειο

2408 872 2500 927 ρον
2528 852 2604 917 ὡς
2632 852 3026 923 εύσπλαγχνος.

2485 1036 2547 1089 Ἥ
2578 1034 2735 1100 λαδὶς
2771 1036 2802 1104 ἡ
2855 1035 2946 1087 τὸν
2978 1032 3119 1087 θεῖον
3153 1034 3403 1104 ἄνθρακα
3445 1034 3719 1105 δεξαμένη
3773 1037 3833 1088 ὲν
3878 1036 3995 1097 τοῖς

2403 1126 2568 1189 θείοις
2596 1143 2688 1178 σου
2732 1126 3080 1195 σπλάγχνοις,
3118 1126 3241 1194 μηδ’
3270 1126 3404 1188 ὅλως
3458 1125 3779 1195 φλεχθείσα,
3817 1125 3995 1179 κατά-

2405 1220 2598 1289 φλεξον
2626 1218 2806 1289 ἡμῶν,
2836 1218 3101 1287 πάναγνε,
3127 1218 3196 1271 τὰ
3227 1218 3573 1289 πταίσματα.

782 1394 827 1449 Ο
878 1395 1185 1450 υθί”Μ;ιιει·
1215 1396 1388 1451 electa
1416 1395 1551 1466 (32),
1593 1412 1700 1450 una
1752 1414 1876 1453 cum
1938 1400 2114 1455 sacris
2168 1400 2457 1469 apostolis,
2492 1399 2819 1472 martyribus
2860 1408 2914 1454 et
2972 1399 3254 1470 prophetis
3303 1397 3622 1469 deprecare,
3687 1406 3801 1451 uta
3841 1399 3996 1466 peri-

713 1490 872 1553 eulis,
909 1490 1379 1555 tribulationibus,
1412 1491 1571 1559 292
1612 1500 1665 1545 et
1712 1492 1948 1561 peccatis
1993 1493 2134 1548 liber
2173 1508 2296 1547 esse
2325 1492 2555 1564 possim.

790 1583 833 1638 0
870 1584 1401 1649 immaculatissima,
1437 1600 1558 1654 qua:
1620 1596 1894 1641 carentem
1947 1598 2189 1656 tempore
2242 1588 2295 1640 in

714 1692 883 1731 carne
941 1677 1221 1746 peperisti,
1264 1678 1516 1731 eumdem
1566 1695 1695 1749 roga
1728 1689 1786 1732 ut
1828 1696 1857 1733 a
1907 1678 2297 1748 temporalibus

2487 1586 2760 1655 Ἑκύησας
2811 1586 2870 1638 ὲν
2902 1584 3070 1654 σαρκὶ
3109 1584 3201 1637 τὸν
3226 1585 3478 1654 ἄχρονον,
3508 1583 3569 1637 ὃν
3616 1582 3861 1636 δυσώπει
3886 1582 3998 1635 τῶν

2406 1680 2638 1751 χρονίων
2684 1678 2875 1732 παθῶν
2912 1678 3058 1749 ἡμᾶς
3106 1675 3490 1748 λυτρώσασθαι
3540 1675 3850 1746 ύμνοῦντάς
3890 1691 3950 1727 σε
3978 1713 3997 1740 ,

716 1768 1067 1837 passionibus
1132 1769 1320 1824 liberet
1362 1785 1484 1837 nos,
1517 1771 1610 1840 qui
1665 1771 1852 1825 laudes
1906 1780 2026 1825 tuas
2082 1770 2300 1841 hymnis
2331 1804 2381 1869 Β
2414 1770 2747 1840 πανάμωμε.

717 1860 1085 1915 celebramus.

798 1955 1025 2008 Domine
1061 1953 1201 2009 Deus
1235 1970 1410 2019 meus,
1442 1956 1537 2025 qui
1572 1970 1636 2010 ex
1685 1954 1911 2025 innupta
1943 1957 2116 2026 puella
2146 1966 2307 2013 natus

714 2062 795 2110 es,
831 2047 1076 2116 ejusdem
1114 2056 1168 2103 et
1216 2049 1588 2119 apostolorum
1628 2059 1845 2104 tuorum
1889 2050 2306 2107 intercessioni-

720 2140 844 2204 bus,
879 2141 1179 2212 propitiare
1212 2144 1450 2213 peccatis
1479 2143 1647 2211 meis;
1678 2152 1731 2199 et
1770 2159 1799 2199 a
1827 2143 2011 2198 futuro
2040 2146 2307 2217 supplicio

717 2232 885 2288 libera
918 2249 1028 2291 me.

794 2324 839 2379 Ο
870 2325 1039 2381 Maria
1062 2324 1289 2382 Domina
1313 2329 1558 2383 omnium
1585 2339 1987 2397 creaturarum,
2019 2340 2073 2386 et
2108 2332 2196 2386 Dei
2221 2347 2309 2403 ge-

717 2419 907 2485 nitrix,
970 2421 1136 2476 libera
1197 2410 1461 2477 miserum
1522 2439 1619 2479 cor
1668 2441 1847 2478 meum
1913 2426 1982 2480 ab
2048 2426 2295 2490 inimico,

719 2513 815 2582 qui
843 2513 1190 2583 impudenter
1219 2516 1413 2584 quaerit
1438 2515 1492 2569 in
1538 2517 1668 2571 illud
1694 2532 1949 2573 exercere
1976 2517 2298 2572 dominium.

797 2700 1065 2762 lllnmina,
1096 2716 1129 2755 ο
1163 2702 1303 2757 lucis
1337 2703 1593 2773 genitrix,
1630 2703 1866 2757 animam
1893 2718 2067 2757 meam
2096 2704 2308 2772 passio-

725 2808 858 2845 num
891 2793 1131 2847 tenebris
1162 2793 1489 2859 obductam;
1518 2804 1571 2848 et
1599 2810 1723 2847 cum
1754 2793 2036 2863 apostolis,
2070 2795 2307 2864 prophe-

728 2885 821 2947 tis,
862 2894 1025 2954 atque
1067 2888 1402 2957 martyribus
1450 2887 1765 2956 deprecare.
1805 2894 1863 2939 ut
1886 2886 2035 2939 ontni
2067 2896 2307 2955 peccato,

719 2978 789 3031 ab
812 2976 961 3031 omni
1011 2977 1229 3032 lmsione
1254 2987 1418 3048 atque
1449 2978 1799 3047 improbitate
1854 2977 2056 3031 inimici
2112 2992 2299 3034 server

721 3070 1032 3126 incolumis.

789 3161 1021 3229 Medere,
1060 3178 1093 3217 ο
1124 3163 1435 3233 purissima,
1472 3163 1672 3217 infelici
1720 3164 1917 3219 animze
1963 3180 2095 3219 mea:
2139 3166 2289 3221 incu-
2322 3162 2365 3220 C

722 3255 965 3309 rabittter
994 3257 1297 3326 aegrotanti,
1327 3272 1390 3311 ex
1433 3257 1723 3312 mundana:
1768 3258 1930 3327 hujus
1961 3259 2081 3313 vitae
2105 3258 2311 3315 fraudi-

723 3347 849 3410 bus,
888 3357 941 3401 et
973 3349 1269 3401 multorum
1308 3360 1655 3417 peccatorum
1699 3350 1989 3419 profluvio.

797 3440 935 3493 (lum
987 3442 1212 3512 angelis,
1268 3442 1554 3511 apostolis,
1597 3450 1651 3497 et
1710 3443 2063 3512 martyribus,
2114 3442 2308 3499 Filium

728 3539 885 3584 tuum
919 3547 983 3586 ac
1015 3532 1307 3587 Dominum
1348 3547 1495 3602 roga,
1534 3549 1567 3588 ο
1612 3534 1998 3598 mundissima,
2044 3542 2160 3588 uta
2196 3543 2311 3588 ten-

722 3623 1047 3691 tationibus,
1091 3625 1366 3695 periculis,
1414 3636 1467 3680 et
1516 3626 1784 3695 angustiis
1834 3634 2101 3681 eruantur
2146 3625 2302 3679 .servi

723 3718 824 3771 tui.

796 3807 1021 3865 Ocasta
1083 3808 1310 3879 Deipara
1367 3809 1730 3880 undequ‘aque
1786 3809 2093 3874 laudabilis,
2124 3809 2304 3863 omnis

720 3901 903 3972 lingua
934 3919 1060 3958 eum
1097 3906 1199 3959 fide
1228 3905 1496 3975 glorificat
1518 3916 1589 3969 te,
1612 3920 1733 3973 quze
1768 3919 1827 3958 es
1864 3903 2032 3972 gloria
2064 3912 2119 3958 et
2142 3904 2311 3959 decus

720 3997 935 4064 generis
965 3996 1160 4061 nostri,
1182 4007 1236 4052 et
1259 4013 1446 4052 eorum
1478 3997 1570 4067 qui
1600 4005 1802 4061 errant,
1840 3995 2090 4050 dircctio.

803 4088 984 4158 Ignem
1010 4089 1291 4159 peperisti,
1320 4099 1372 4144 et
1406 4089 1749 4143 ineombusta
1776 4086 2050 4151 mansisti,
2077 4102 2110 4142 o
2148 4084 2311 4157 Virgo

726 4181 995 4236 maritalis
1043 4182 1145 4234 t0ri
1180 4181 1363 4235 nescia
1394 4197 1407 4233 :
1446 4191 1729 4250 propterea
1761 4180 1911 4233 illum
1946 4194 2111 4233 exora
2146 4194 2310 4249 quem

723 4274 1005 4345 peperisti,
1040 4290 1147 4329 una
1204 4290 1328 4330 eum
1371 4276 1688 4345 angelorum
1738 4275 2139 4345 choris,atque
2185 4291 2315 4345 apo-

721 4366 879 4423 stolis
900 4408 915 4431 ,
958 4378 1017 4423 ut
1049 4369 1229 4424 salvos
1256 4367 1420 4423 iaciat
1452 4384 1569 4435 eos,
1603 4370 1843 4438 psallunt
1879 4369 2106 4424 fideliter
2141 4386 2153 4421 :
2182 4368 2312 4424 Om-

720 4461 811 4515 nia
845 4476 1011 4531 opera
1044 4462 1279 4528 Domini,
1321 4462 1538 4518 laudate
1572 4462 1883 4529 Dominum,
1917 4475 2022 4518 etc.

790 4550 980 4609 Omnis
1003 4554 1190 4623 lingua
1222 4555 1408 4609 laudat
1440 4564 1494 4620 et
1526 4555 1795 4625 glorilirat
1826 4561 1914 4621 te;
1948 4569 1979 4608 o
2003 4552 2171 4625 Virgo
2204 4554 2295 4611 Dei
2332 4542 2389 4605 Ι)

792 4701 927 4774 (33).
958 4700 1274 4771 Opportune
1327 4702 1381 4757 in
1416 4702 1517 4758 hoc
1540 4702 1598 4758 S.
1638 4702 1861 4771 Iosephi
1921 4704 2158 4774 elogium
2224 4704 2284 4759 Β.

720 4772 925 4842 Virgini
952 4775 1213 4828 tributum
1272 4774 1701 4829 Bartbolomzeus
1745 4774 1982 4830 Pisanus
2015 4772 2088 4829 De
2136 4775 2284 4831 laud.

730 4843 873 4917 Virg.
906 4844 999 4898 lib.
1068 4860 1101 4917 ις
1133 4844 1296 4899 fruet.
1329 4845 1393 4917 7,_
1446 4846 1575 4917 dum
1633 4846 1751 4900 ait:
1786 4864 1823 4917 ιθ
1872 4845 2103 4917 Sapiens
2128 4844 2291 4917 debet

718 4915 1104 4996 eligereqnuod
1135 4924 1220 4996 est
1272 4914 1566 4996 perfectius
1612 4926 1667 4970 et
1703 4914 1964 4996 melius!
1990 4916 2086 4996 sed
2131 4916 2291 4996 Chri-

718 4997 836 5040 stns
864 4992 948 5038 est
978 4985 1249 5054 Sapientia
1275 4985 1537 5047 increata,
1558 4996 1755 5040 etcum
1792 4987 1982 5042 melius
2011 4986 2102 5052 sit,
2124 4996 2178 5041 et
2192 4988 2292 5043 eli-

717 5055 939 5123 gibilius
975 5056 1175 5127 habere
1221 5054 1445 5109 Matrem
1501 5057 1619 5111 sine
1660 5057 1811 5111 omni
1856 5059 2286 5127 tnacula,quant

716 5141 842 5178 rum
887 5126 1407 5196 macula,etpotuit
1448 5142 1567 5179 eam
1620 5128 1701 5181 sic
1749 5128 1968 5182 habere.
2030 5126 2218 5195 Igitur,
2260 5148 2278 5181 ι

715 5208 820 5248 etc.
872 5195 1185 5263 Opportune
1233 5195 1406 5251 etiam
1468 5196 1835 5253 Bernardinus
1896 5198 1962 5253 de
2019 5197 2183 5253 Busto
2224 5200 2278 5253 in

715 5264 1134 5338 quialt'serm.
1173 5268 1224 5332 l,
1246 5269 1311 5321 de
1336 5277 1583 5335 concept.
1628 5280 1780 5338 parte
1798 5286 1879 5332 Ill,
1903 5270 2032 5323 dum
2061 5270 2240 5338 inquit
2267 5287 2281 5325 :

722 5336 913 5409 [Cum
942 5336 1196 5392 Christus
1229 5339 1295 5391 ab
1326 5349 1528 5394 aeterno
1572 5336 1795 5409 elegerit
1824 5340 1881 5392 B.
1926 5336 2197 5408 Virgine—ut
2229 5340 2283 5394 in

716 5406 966 5479 Matrem,
1023 5410 1179 5477 juxta
1248 5410 1377 5463 illud
1453 5411 1598 5479 quod
1661 5406 1892 5474 canitur,
1947 5406 2121 5478 Elegit
2172 5427 2288 5465 eam

720 5477 883 5559 ρεαδ,
924 5494 989 5559 ac
1034 5481 1300 5603 praetegit
1326 5477 1485 5542 eam:
1523 5480 1958 5535 concludendum
1991 5477 2073 5535 est
2143 5481 2290 5551 quod

720 5563 857 5603 inse.
885 5563 972 5603 cut
1006 5564 1187 5603 omnia
1247 5558 1405 5603 utura
1450 5559 1609 5603 erant
1666 5553 1976 5603 praesentia.
2010 5568 2041 5603 a
2078 5552 2290 5603 cunctis

718 5552 857 5623 ipse,
885 5552 972 5603 cui
1006 5552 1405 5623 omniaqfutura
1450 5559 1609 5623 erant
1666 5553 1976 5621 praesentia,
2010 5568 2041 5605 a
2078 5552 2296 5607 cunctis

718 5619 911 5682 malis,
944 5628 999 5674 et
1036 5619 1473 5689 dainnispeccati
1504 5619 1784 5691 originalis
1820 5638 1939 5676 eam
1966 5623 2133 5675 voluit
2162 5638 2298 5691 pra:-

719 5702 959 5762 servare.
979 5699 1038 5745 ut
1061 5692 1294 5745 bonililii
1320 5692 1559 5745 debitum
1596 5694 1934 5762 adimpleret.
1973 5711 1991 5743 ι
2019 5693 2296 5746 Etibidein

723 5774 891 5838 serm.
923 5760 979 5823 2,
1017 5774 1166 5831 parte
1201 5778 1302 5838 Ill“;
1338 5783 1355 5813 ι
1405 5764 1553 5825 Quos
1591 5760 1838 5838 Deusiad
1861 5764 2294 5838 aliquodelegit,

721 5834 794 5885 ita
830 5844 1117 5899 praeparat,
1144 5844 1195 5890 et
1234 5835 1491 5903 disponit,
1524 5845 1578 5891 ut
1604 5836 1674 5891 ad
1712 5835 1842 5891 illud
1876 5835 2118 5905 Apostoli
2152 5836 2196 5890 ll
2227 5834 2292 5891 ad

2480 1947 2654 2021 Κύριε
2704 1946 2733 1999 δ
2769 1945 2902 2009 Θεός
2939 1961 3064 2015 μου,
3106 1944 3135 1996 ὁ
3186 1942 3401 2014 τεχθεὶς
3454 1942 3518 1995 ἔκ
3552 1940 3723 2012 κόρης
3769 1940 4002 2009 ἀπειρο‹

2409 2041 2589 2111 γάμου
2623 2080 2639 2102 ,
2684 2038 2892 2105 ταύτης
2945 2035 3327 2108 παρακλήσεσι
3383 2036 3479 2089 καὶ
3524 2034 3633 2087 τῶν
3678 2032 4003 2087 ἀποστόλων

2410 2151 2526 2199 σου,
2563 2132 2791 2203 ἱλασμὸν
2825 2129 3188 2201 πταισμάτων
3221 2145 3311 2201 μοι
3361 2126 3525 2193 δίδου,
3562 2126 3658 2179 καὶ
3694 2125 4002 2196 μελλούσης

2410 2226 2572 2296 ῥῦσαι
2598 2224 2897 2287 κολάσεως.

2476 2315 2665 2385 Μαρία
2716 2316 2898 2386 κυρία
2964 2316 3147 2385 πάσης
3197 2312 3451 2377 κτίσεως,
3514 2309 3711 2382 ἐχθροῦ
3763 2306 4003 2370 ἀναιδῶς

2410 2407 2686 2479 κυριεύειν
2735 2406 3031 2477 ζητοῦντος
3089 2408 3188 2479 τὴν
3244 2405 3506 2477 ταπεινὴν
3574 2404 3805 2475 καρδίαν
3862 2418 4001 2471 μου,

2409 2503 2798 2575 Θεογεννῆτορ,
2830 2503 3128 2575 λύτρωσαι.

2494 2696 2557 2749 Ἦ
2607 2697 2670 2749 τὸ
2722 2696 2838 2765 φῶς
2880 2694 3143 2759 τεκοῦσα,
3196 2694 3432 2763 φώτισον
3458 2693 3557 2758 τὴν
3602 2692 4006 2761 ὲσκοτισμένην

2412 2787 2591 2857 ψυχήν
2617 2805 2718 2856 μου
2748 2790 2859 2850 τοῖς
2887 2786 3105 2850 πάθεσι,
3134 2786 3228 2839 καὶ
3253 2786 3493 2839 δυσῶπει
3518 2786 3615 2839 σὺν
3646 2784 4002 2846 ἀποστόλοις,

2414 2881 2751 2950 προφήταις.
2790 2879 2888 2932 καὶ
2923 2881 3223 2949 μάρτυρσι,
3247 2876 3438 2948 πάσης
3480 2877 3779 2947 ἁμαρτίας,
3817 2876 4005 2946 πάσης

2417 2972 2644 3042 βλάϐης,
2676 2971 2856 3041 πάσης
2882 2970 2982 3041 τῆς
3012 2970 3212 3033 κακίας
3243 2968 3338 3022 τοῦ
3369 2967 3564 3039 ἐχθροῦ
3598 2966 3867 3038 ρυσθῆναί
3903 2984 4001 3037 με.

2482 3156 2791 3227 ’ἰάτρευσον
2846 3154 3083 3219 ἀνιάτως
3149 3151 3437 3220 νοσοῦσαν,
3489 3151 3838 3222 πανάμωμε,
3902 3154 4006 3223 τὴν

2417 3250 2608 3305 ἀθλίαν
2635 3250 2814 3320 ψυχὴν
2864 3266 2965 3319 μου
3015 3248 3109 3301 τοῦ
3146 3248 3262 3318 βίου
3288 3250 3407 3309 ταῖς
3440 3246 3698 3309 ἀπάταις,
3736 3246 3833 3299 καὶ
3870 3244 4006 3297 πολ-

2417 3344 2525 3398 λῶν
2556 3342 2842 3413 ἁμαρτιῶν
2873 3340 3249 3395 ὲπικλύσεσιν.

2490 3435 2646 3489 Μετά
2692 3432 2987 3505 μαρτύρων
3040 3430 3307 3500 ἀγγέλων,
3337 3430 3431 3484 καὶ
3471 3429 3811 3493 ἀποστόλων,
3871 3445 4011 3481 παν-

2418 3528 2639 3597 άμωμε.
2663 3527 2755 3579 τὸν
2781 3528 2871 3579 σὸν
2900 3525 3027 3578 Υἱὸν
3052 3523 3487 3590 ὲκδυσώπει,καὶ
3514 3522 3741 3593 Κύριον,
3761 3521 4007 3589 σωθῆναι

2418 3622 2543 3684 τοὺς
2595 3620 2814 3684 δούλους
2874 3636 2967 3672 σου
3024 3617 3373 3690 πειρασμῶν,
3437 3616 3696 3669 κινδύνων
3749 3615 3847 3669 καὶ
3895 3613 4009 3666 θλί-

2416 3715 2585 3784 ψεων.

2491 3806 2715 3860 Ἀπασα
2764 3804 2986 3875 γλῶσσα
3040 3802 3225 3857 πίστει
3267 3801 3479 3870 δοξάζει
3516 3818 3596 3868 σε,
3645 3800 3812 3870 ἁγνὴ,
3844 3800 4009 3864 δόξαν

2418 3900 2864 3974 χρηματίζουσαν
2921 3898 3017 3952 καὶ
3055 3897 3317 3967 καύχημα
3346 3895 3441 3949 τοῦ
3475 3896 3665 3965 γένους
3696 3894 3880 3965 ἡμῶν,
3911 3894 4009 3948 καὶ

2417 3992 2643 4061 όδηγίαν
2668 3990 2777 4043 τῶν
2808 3990 3202 4059 πλανωμένων,
3237 3989 3467 4043 Θεοτόκε
3501 3987 3851 4058 πανύμνητε.

2493 4083 2795 4152 Ἀφλεκτος
2845 4081 3080 4135 τεκοῦσα
3126 4081 3185 4133 τδ
3229 4079 3340 4152 πῦρ
3391 4079 3798 4150 διεφυλάχθης,
3857 4079 4008 4151 [Iap-

2422 4178 2541 4232 θένε
2575 4177 2921 4246 ἀπειρόγαμε
2942 4191 2955 4205 ·
3002 4175 3082 4228 διὸ
3125 4176 3337 4228 ἱκέτευε
3374 4174 3434 4228 ὃν
3479 4174 3686 4239 ἔτεκες,
3717 4174 3818 4227 σὺν
3852 4174 4006 4227 ἀσω-

2423 4272 2606 4343 μάτων
2636 4273 2838 4342 χοροῖς,
2871 4272 2967 4323 σὺν
2993 4271 3333 4336 ἀποστόλοις,
3360 4270 3487 4335 τοὺς
3518 4268 3727 4332 πιστῶς
3756 4267 4004 4337 σωθῆναι

2418 4366 2751 4435 ψάλλονταςο
2814 4364 3001 4418 Πάντα
3056 4363 3125 4417 τά
3182 4363 3320 4435 ἔργα
3374 4362 3607 4434 Κυρίου,
3639 4362 3734 4415 τὸν
3795 4362 4005 4434 Κύριον

2422 4460 2641 4529 ὑμνεῖτε
2696 4455 2791 4508 καὶ
2824 4455 3169 4524 ὑπερυψοῦτε
3194 4457 3273 4517 είς
3303 4455 3512 4518 πάντας
3538 4454 3667 4518 τοὺς
3697 4453 3930 4517 αἰῶνας.

2498 4549 2689 4619 Ὑμνεῖ
2724 4563 2782 4599 σε
2808 4548 2959 4601 πᾶσα
2986 4545 3207 4616 γλῶσσα
3227 4546 3545 4613 δοξάζουσα,
3570 4546 3702 4600 Θεὸν
3725 4546 3818 4599 τὸν
3832 4545 4004 4616 dmp-

2394 4703 2643 4760 Corinth.
2680 4706 2739 4757 itt
2772 4719 2786 4757 :
2822 4701 3047 4757 Idonea:
3082 4718 3176 4757 nos
3232 4701 3356 4772 fecit
3412 4702 3680 4756 ministros
3723 4701 3862 4757 Navi
3903 4702 4003 4759 Teo

2396 4776 2668 4829 stamenti.
2713 4774 2954 4843 Sapiens
2994 4774 3143 4827 enim
3180 4776 3456 4842 regulator
3484 4788 3570 4837 ea,
3602 4788 3727 4843 qua
3758 4784 3895 4828 sunt
3930 4777 3998 4831 ad

2395 4848 2631 4914 aliquem
2665 4842 2825 4899 finem
2874 4842 3036 4897 debet
3077 4844 3326 4913 regulare
3375 4846 3690 4900 secundum-
3745 4846 3999 4901 ordinem

2396 4918 2569 4987 ipsius
2601 4916 2747 4979 linis,
2787 4914 2943 4987 juxta
2978 4914 3187 4987 dictum
3216 4914 3525 4987 philosophi
3573 4931 3620 4987 ru
3662 4914 3907 4985 Metaph.
3937 4916 4003 4972 Et

2396 4984 2659 5057 probatur
2685 4984 2859 5055 perc.
2896 4984 3115 5057 Prodest
3136 4985 3225 5040 23.
3259 5000 3313 5054 q.
3350 4986 3479 5055 quia
3503 4986 3781 5057 princeps.
3816 4984 3999 5041 fassu-

2396 5054 2593 5113 mendo
2624 5054 2861 5127 aliquem
2892 5054 2959 5109 ad
2991 5056 3225 5110 ofﬁcium
3255 5054 3441 5117 suum,
3471 5055 3675 5110 dicitur
3700 5054 3845 5127 Velle
3872 5058 3998 5111 dis-

2393 5144 2623 5193 pensare
2649 5144 2772 5182 cum
2822 5142 2888 5181 eo
2939 5126 3149 5180 meliori
3188 5128 3371 5195 modo.
3406 5141 3517 5196 quo
3566 5137 3764 5196 pctest.
3812 5126 3997 5183 item:

2390 5198 2492 5265 Qui
2550 5199 2663 5253 vult
2710 5212 3051 5267 consequens
3080 5194 3203 5252 vult
3224 5199 3386 5252 etiam
3417 5194 3585 5250 omne
3620 5198 3999 5253 necessarium

2393 5270 2734 5325 antecedens
2764 5286 2778 5323 :
2821 5278 2877 5323 et
2932 5269 3141 5323 crimen
3193 5276 3277 5322 est
3312 5268 3584 5335 sacrilegii
3612 5269 3892 5330 dubitare,
3929 5285 3999 5324 an

2395 5342 2441 5410 is
2462 5342 2667 5410 dignus
2697 5341 2769 5393 sit
2801 5355 2963 5408 quem
2988 5339 3291 5409 imperator
3314 5339 3580 5408 elegerit?
3612 5338 3715 5392 Sed
3753 5340 3998 5409 gloriosa

2399 5409 2563 5479 Virgo
2593 5409 2759 5463 Maria
2794 5410 2895 5463 fuit
2923 5410 3092 5463 electa
3118 5410 3381 5463 divinitus
3409 5413 3477 5461 ab
3525 5419 3735 5463 aeterno
3777 5420 3998 5465 utesset

2401 5482 2571 5536 Mater
2597 5481 2712 5545 Dei,
2749 5481 2864 5549 ipsa
2914 5480 3129 5534 dicente
3158 5480 3288 5533 illud
3331 5480 3496 5535 Eccli.
3540 5496 3689 5543 utv,
3721 5481 3800 5533 Ab
3842 5483 3998 5535 initio

2394 5564 2443 5607 et
2469 5565 2591 5605 ante
2628 5555 2826 5605 secula
2853 5560 3033 5605 creata
3052 5567 3192 5605 sum.
3214 5552 3278 5605 Et
3300 5549 3563 5605 Proverb.
3592 5566 3716 5605 vui.
3737 5552 3814 5605 Ab
3838 5563 3998 5607 cter-

2403 5640 2468 5676 no
2494 5624 2744 5676 ordinata
2776 5639 2910 5687 sum,
2943 5633 2993 5675 et
3023 5637 3087 5674 ea:
3126 5622 3359 5691 antiquis
3394 5633 3678 5691 antequam
3709 5632 3853 5676 terra
3881 5624 3996 5691 [u-

2403 5696 2494 5760 rit,
2539 5708 2658 5763 qua:
2682 5693 2865 5747 omnia
2902 5693 3148 5747 attribuit
3195 5692 3438 5748 Ecclesia
3481 5693 3539 5748 Β.
3575 5691 3805 5763 Virgini.
3853 5695 3996 5762 Ergo

2404 5765 2547 5819 Deus
2600 5780 2693 5844 per
2752 5765 2980 5833 gratiam
3041 5779 3198 5844 suam
3266 5779 3384 5844 eain
3436 5765 3499 5844 ad
3572 5773 3680 5820 tam
3746 5766 3994 5821 mirabile

2403 5853 2540 5907 opus
2600 5834 2846 5891 idoneam
2872 5834 3235 5906 pra-servavit.
3268 5854 3286 5887 ι
3327 5834 3543 5891 Sieillc.
