4180 6450
204 448 343 514 1341

1624 456 1988 518 MARIALE.

3326 450 3461 516 1342

202 564 449 634 ύμνητον
486 565 744 628 τὲξασαν,
797 565 1044 635 Παρθένε
1090 565 1391 637 θεόνυμφε,
1445 568 1506 621 ὃν
1542 568 1784 623 δυσώπει

1889 584 2086 640 sponsa
2132 570 2268 641 (55),
2293 585 2417 639 qua:
2454 568 2621 623 Deum
2653 568 3147 639 superlandabilcm
3171 568 3465 638 peperisti;

199 658 503 721 ἀπαύστως
531 658 704 711 σῶσαι
726 660 825 723 τὰς
846 659 1027 730 ψυχὰς
1054 660 1229 731 ἡμῶν.

273 839 686 909 Φωτεινοτάτην
735 840 997 912 λαμπάδα
1048 841 1213 910 μέσον
1246 858 1305 895 σε
1358 839 1578 912 ἔχουσαι
1626 860 1787 913 χορο-

202 934 427 987 στασίαι
493 933 823 1004 μαρτύρων,
884 935 979 988 καὶ
1040 935 1380 999 ἀποστόλων,
1447 936 1607 1007 ἁγνὴ,
1673 936 1789 1004 φῶς

200 1027 714 1098 ἀπαστράπτουσαν
770 1027 971 1081 ἐνθέων
1040 1030 1397 1099 χαρισμάτων
1465 1030 1789 1098 φωτίζονται

200 1119 407 1186 ἀΰλως,
441 1120 537 1174 καὶ
564 1119 774 1183 πάντας
813 1121 936 1184 τοὺς
974 1121 1033 1175 ὲν
1064 1121 1243 1175 πίστει
1280 1120 1691 1193 μεγαλύνοντας
1727 1138 1787 1174 σε

201 1212 559 1280 φωτίζουσιν.

275 1304 469 1375 Φέρεις
512 1304 605 1358 τὸν
651 1306 887 1375 φέροντα
936 1306 1113 1361 πάντα
1163 1308 1221 1360 ὲν
1248 1310 1367 1370 ταῖς
1398 1308 1585 1376 ἁγίαις
1634 1306 1789 1377 χερσί

205 1412 329 1459 σου,
360 1396 420 1449 δν
444 1396 772 1464 ἑκδυσώπει,
802 1399 964 1470 ἁγνὴ.
997 1398 1092 1452 τοῦ
1123 1400 1404 1472 ἀλλοτρίου
1434 1401 1534 1472 τῆς
1556 1417 1791 1470 κακουρο

202 1488 330 1556 τίας
355 1489 507 1559 ἡμᾶς
530 1491 862 1563 άχειρὼτους
891 1492 1317 1563 περισώζεσθαι.

217 1706 317 1761 Ἐκ
354 1708 460 1762 τοῦ
498 1709 758 1777 κανόνος
790 1708 901 1780 τῆς
914 1710 1335 1837 ἑταρασκευῆς,
1383 1714 1472 1780 είς
1508 1714 1616 1767 τὸν
1654 1714 1789 1781 ’ορ-

946 1800 1076 1837 oar.

941 1800 1076 1850 ερον.

1890 674 2049 731 quem
2080 671 2135 714 tu
2172 662 2400 731 supplex
2430 677 2559 731 roga
2588 662 2990 716 incessabiliter
3018 676 3113 731 pro
3142 663 3315 716 salute
3348 662 3469 716 ani-

1892 768 2105 807 marum
2148 764 2456 808 nostrarum
2471 792 2485 806 .

1959 847 2253 919 Martyrum
2307 859 2471 915 atque
2508 846 2872 917 apostolorum
2923 846 3077 901 chori
3110 845 3366 900 habentes
3393 855 3465 910 te,

1888 958 1922 998 0
1955 941 2140 1011 Virgo,
2174 945 2226 997 in
2278 943 2479 1007 medio,
2511 951 2771 1011 tanquam
2828 940 3281 1010 l‘ulgentissimam
3333 941 3469 994 lam-

1889 1036 2107 1107 padem,
2140 1036 2449 1091 divinorum
2488 1035 2647 1105 293
2694 1035 3098 1104 rharysmatum
3152 1035 3335 1089 radios
3391 1035 3470 1088 ef-

1890 1130 2235 1189 fundentem.
2296 1127 2653 1198 spiritualiter
2715 1126 3128 1189 illuminautur;
3173 1125 3277 1194 ipsi
3342 1140 3471 1177 vero

1889 1238 1988 1279 eos
2018 1236 2233 1282 omnes,
2276 1234 2305 1273 a
2346 1221 2546 1290 quibus
2592 1228 2646 1272 tu
2705 1217 3093 1287 magniﬁcaris,
3134 1217 3466 1271 illuminant-

1962 1316 2155 1369 Portas
2190 1330 2338 1378 eum,
2372 1315 2464 1384 qui
2509 1323 2690 1384 portat
2723 1313 3001 1375 universa,
3043 1312 3095 1365 in
3128 1312 3237 1366 tuis
3292 1312 3471 1365 mani—

1890 1407 1993 1461 bus
2047 1407 2266 1472 divinis,
2314 1421 2347 1460 o
2408 1405 2589 1476 Virgo.
2627 1407 2806 1475 Ipsum
2875 1421 3025 1472 roga,
3063 1414 3122 1459 ut
3181 1407 3248 1458 ab
3306 1404 3470 1457 alieni

1893 1501 2231 1572 malignitate
2290 1516 2391 1554 nos
2449 1501 2670 1555 inutiles
2720 1510 2773 1553 et
2836 1498 2969 1552 nihil
3022 1500 3264 1553 valentes
3318 1509 3471 1551 tuea-

1892 1603 2003 1647 tur.

2143 1718 2225 1772 Ea:
2253 1716 2463 1773 Canone
2503 1718 2648 1787 feria:
2683 1734 2733 1771 γι
2766 1717 2835 1771 ad
2870 1715 3221 1771 Matutiuum.

281 1927 387 1983 Τὸν
432 1929 797 1983 ἀνατείλαντα
852 1932 918 1984 ὲκ
962 1931 1057 1984 σοῦ
1085 1933 1356 2003 ὑπερϐολῇ
1388 1930 1784 2002 εὐσπλαγχνίας

1961 1935 2099 1992 Cum
2140 1938 2373 2001 videres,
2404 1952 2438 1992 o
2470 1936 2722 2000 Domina,
2764 1937 2941 2001 illum,
2977 1936 3071 2005 qui
3105 1950 3167 1988 ex
3204 1944 3254 1989 te
3310 1949 3471 1988 exor-

206 2022 270 2073 ὲν
304 2021 525 2100 σταυρῷ
567 2022 861 2094 καθορῶσα
907 2025 1224 2098 θρηνῳδεῖς,
1270 2027 1558 2092 Δέσποινα,
1599 2024 1788 2079 τοῦτον

202 2112 524 2179 δοξάζουσιν..

281 2298 449 2354 Λύσιν
509 2301 643 2371 ἡμῖν
690 2300 1045 2371 ὀφλημάτων,
1112 2299 1251 2370 ἁγνὴ
1294 2299 1567 2369 Παρθένε,
1620 2298 1786 2363 δίδου,

200 2395 327 2454 ταῖς
371 2395 670 2462 μητρυιαῖς
722 2410 815 2446 σου
863 2393 1201 2463 πρεσϐείαις,
1243 2394 1276 2462 ή
1305 2392 1396 2444 τὸν
1428 2390 1651 2461 σταυρῷ
1681 2406 1787 2445 πα-

204 2484 400 2552 γέντα,
421 2484 707 2556 ἄνθρωπον
733 2487 1048 2555 γενόμενον,
1072 2483 1205 2536 Θεδν
1230 2484 1401 2553 Λόγον
1432 2484 1705 2553 κυήσασα.

290 2666 639 2738 ’Δπεκύησας
682 2668 813 2723 ἄνευ
864 2668 1093 2737 σπορᾶς,
1143 2667 1411 2738 Παρθένε,
1469 2666 1559 2719 τὸν
1594 2666 1788 2733 Λόγον,

200 2759 299 2813 τὸν
330 2758 551 2831 σταυρῷ
579 2759 979 2827 ὲξαφανίσαντα
1008 2760 1108 2829 τὴν
1136 2758 1347 2829 φθορὰν
1374 2757 1695 2828 ἀγαθότητι.

288 2944 552 3015 Ἤγίασεν
585 2948 615 3000 ό
644 2945 777 3009 Θεὸς
816 2946 914 3016 τὴν
964 2946 1178 3017 μήτραν
1224 2962 1340 3008 σου,
1394 2944 1523 3011 ἁγία
1578 2942 1788 3013 σεμνὴ,

205 3039 545 3109 κατοικήσας
580 3039 638 3091 ὲν
667 3038 829 3109 αὐτῇ,
861 3039 954 3091 καὶ
984 3040 1042 3091 ὲν
1078 3036 1296 3108 σταυρῷ
1343 3035 1643 3106 ὑψούμενος
1690 3034 1789 3107 τήν

204 3128 388 3182 κτίσιν
419 3128 825 3199 συνανύψωσεν.

291 3235 638 3307 ’Υμνολογεῖς
682 3237 777 3290 τὸν
838 3239 902 3290 ἑκ
953 3235 1048 3290 σοῦ
1096 3235 1467 3306 σαρκωθέντα,
1501 3235 1595 3287 καὶ
1626 3233 1788 3305 θρην-

204 3327 365 3399 ῳδεῖς
425 3327 485 3382 ιν
538 3328 760 3398 σταυρῷ
824 3329 1139 3398 ὐψωθέντα,
1200 3328 1361 3379 αὑτὸν
1412 3324 1786 3397 κατανοοῦσα,

202 3416 640 3489 Μητροπάρθινε
662 3418 824 3491 ἁγνὴ,
855 3419 1262 3489 παναμὼμητε.

290 3602 355 3655 Ἦ
392 3602 637 3671 παναγία
670 3601 935 3672 πανάγιον
966 3602 1139 3672 Λόγον
1169 3602 1259 3655 τὸν
1293 3602 1353 3668 ἐξ
1382 3605 1552 3676 αὐτῆς
1580 3599 1795 3660 ἀνατεί-

206 3693 405 3762 λαντα,
433 3698 491 3749 ὲν
520 3695 596 3765 τῷ
637 3695 781 3767 ἁγίῳ
827 3694 1046 3766 σταυρῷ
1085 3694 1480 3766 άνυψούμενον,
1532 3700 1627 3753 καὶ
1660 3699 1793 3752 καθ-

202 3790 504 3859 αγιάζοντα
535 3789 662 3855 τοὺς
693 3788 917 3861 βροτοὺς
947 3790 1152 3863 ὁρῶσα,
1189 3792 1447 3863 ὠδύρετο.

292 3979 493 4045 ’Δγίων
535 3979 793 4050 τάγματα
830 3979 1204 4046 λιτανεύουσι,
1236 3982 1389 4051 Κόρη
1411 4022 1425 4044 ,
1466 3979 1561 4032 τὸν
1588 3981 1652 4033 ὲκ
1692 3995 1791 4047 γα-

206 4072 375 4142 στρός
418 4089 513 4127 σου
560 4073 892 4144 προελθόντα
939 4075 1238 4144 Δεσπότην,
1286 4073 1376 4126 τὸν
1426 4072 1677 4139 δείξαντα
1726 4074 1785 4125 ὲν

204 4161 427 4233 σταυρῷ
467 4161 682 4228 τούτοις
721 4164 908 4237 τρίὸον
936 4165 1239 4238 ἀθλήσεως,
1271 4165 1430 4237 ἁγνὴ,
1464 4165 1559 4218 καὶ
1586 4165 1793 4233 δυξολο-

202 4257 398 4327 γοῦσιν
423 4256 501 4323 ὡς
524 4258 743 4314 πάντων
777 4259 1050 4329 βασιλίδα.

273 4444 547 4515 θιλάγαθε
601 4445 711 4500 τῶν
746 4446 1025 4517 Χερουϐὶμ
1059 4446 1356 4517 ἁγιωτέρα,
1405 4448 1439 4517 ή
1492 4445 1627 4499 Θεοῦ
1659 4446 1793 4499 Θεὸν

203 4540 383 4607 Λόγον
434 4539 597 4609 σαρκὶ
653 4539 1022 4605 ἀποτεκοῦσα,
1084 4541 1172 4593 τὸν
1221 4539 1573 4611 ἀνυψωθεντα
1627 4520 1794 4609 σαρκί

1895 2040 1980 2085 tus
2003 2031 2201 2093 fuerat,
2236 2032 2307 2086 ob
2342 2047 2632 2086 excessum
2665 2029 3054 2085 misericordiae
3083 2045 3193 2083 sua:
3223 2029 3276 2081 in
3306 2043 3472 2081 cruce

1893 2125 2240 2195 pendentem,
2276 2124 2328 2177 in
2366 2124 2603 2177 lamenta
2635 2138 2951 2193 erumpens,
2984 2121 3233 2175 eumdem
3267 2120 3471 2189 gloriti-

1891 2218 2077 2272 cabas.

1961 2307 2223 2363 Maternis
2280 2308 2392 2362 tuis
2451 2305 2941 2361 intercessionibus
3012 2302 3249 2357 concede
3313 2301 3473 2355 nobis

1891 2400 2202 2455 debitorum
2277 2400 2675 2461 remissionem,
2722 2414 2755 2451 o
2833 2396 3019 2464 Virgo,
3092 2411 3214 2463 quae
3302 2394 3469 2446 Deum

1891 2490 2131 2546 Verbum
2186 2491 2461 2547 hominem
2515 2489 2715 2545 factum
2744 2500 2797 2543 et
2826 2489 2974 2543 cruci
3034 2487 3249 2540 alIixum
3314 2502 3477 2555 pepe—

1808 2571 1817 2580 ’
1892 2585 2038 2639 risti.

1964 2675 2093 2729 Sine
2153 2674 2362 2728 semine
2422 2671 2663 2726 Verbum
2725 2671 2978 2741 genuisti,
3038 2686 3070 2725 ο
3132 2669 3322 2738 Virgo,
3379 2668 3473 2737 qui

1893 2780 1990 2835 per
2029 2779 2248 2819 crucem
2288 2778 2354 2818 ex
2396 2762 2495 2818 sua
2526 2762 2857 2831 benignitate
2884 2760 3291 2829 corruptionem
3339 2758 3477 2813 abo-

1892 2858 2021 2914 lcvit

1962 2947 2328 3004 Sanctiﬁcavit
2361 2947 2506 3002 Deus
2536 2946 2752 2999 vulvam
2804 2954 2951 2999 tuum
2988 2945 3238 2999 habitans
3277 2944 3328 2997 in
3362 2944 3474 3007 illa,

1890 3058 1923 3097 o
1989 3040 2151 3112 Virgo
2215 3040 2560 3105 veneranda;
2600 3049 2654 3094 et
2689 3040 2742 3094 in
2789 3054 2951 3095 cruce
2994 3040 3283 3104 exaltatus,
3312 3038 3476 3093 simul

1893 3145 2174 3190 creaturas
2202 3133 2483 3189 exultavit.

1964 3246 2193 3317 Hymnis
2245 3247 2523 3301 collaudas
2581 3246 2733 3300 illum
2787 3246 2880 3315 qni
2935 3261 2999 3299 ex
3049 3253 3101 3299 te
3157 3244 3476 3299 incarnatus

1892 3350 2009 3405 est;
2036 3348 2091 3395 et
2146 3340 2201 3393 in
2241 3354 2405 3393 cruce
2454 3338 2645 3393 videns
2683 3338 3006 3403 exaltatum,
3046 3338 3300 3393 lamentis
3355 3355 3478 3404 pro-

1892 3432 2172 3501 sequeris;
2204 3447 2236 3485 o
2266 3442 2437 3486 mater
2494 3428 2662 3501 Virgo
2705 3439 2878 3495 casta,
2914 3432 3065 3484 omni
3115 3430 3275 3484 laude
3317 3430 3478 3485 deco-

1894 3526 2089 3579 randa.

1966 3618 2101 3672 Cum
2132 3617 2479 3672 sanctissima
2528 3616 2737 3672 videret
2771 3615 3179 3671 sanctissimum
3208 3612 3471 3677 Verbum,

1892 3710 2038 3781 quod
2069 3727 2135 3765 ex
2170 3713 2285 3781 ipsa
2320 3711 2451 3766 solis
2479 3711 2652 3764 instar
2671 3720 2923 3765 exortum
2958 3709 3158 3772 fuerat,
3193 3708 3245 3761 in
3282 3717 3472 3761 sancta

1892 3822 2056 3861 cruce
2110 3807 2435 3871 exaltatum,
2476 3815 2641 3873 atque
2694 3806 2945 3860 homines
2999 3804 3473 3865 sauctilicantcm;

1892 3898 1946 3953 in
1970 3900 2203 3951 lamenta
2234 3895 2507 3965 ﬂetusque
2548 3898 2893 3967 erumpebat.

1961 3986 2292 4042 Sanctorum
2338 3987 2613 4041 exercitus
2663 3987 3047 4053 deprecantur.
3089 4001 3122 4039 0
3154 3983 3470 4038 castissima

1894 4076 2095 4147 puella,
2128 4074 2415 4130 Dominum
2450 4075 2731 4143 illum,qui
2756 4090 2818 4129 ex
2862 4085 3018 4129 utero
3051 4082 3145 4127 tuo
3172 4074 3474 4142 processit;

1892 4178 1947 4225 et
1975 4169 2069 4238 qui
2126 4169 2179 4222 in
2246 4183 2409 4224 cruce
2459 4170 2702 4223 ostendit
2752 4169 2859 4223 illis
2916 4169 3056 4221 viam
3105 4179 3342 4222 strenua:
3380 4167 3476 4219 de-

1894 4262 2245 4330 certationis;
2296 4271 2459 4332 teque
2513 4270 2575 4317 ut
2636 4262 2887 4317 omnium
2949 4259 3214 4331 Reginam
3270 4258 3481 4330 gloriﬁ-

1896 4366 2043 4411 cant.

1967 4448 2011 4503 0
2036 4450 2299 4504 bonorum
2326 4448 2522 4514 amica,
2551 4448 2790 4504 sanctior
2818 4446 3133 4512 Cherubim,
3157 4462 3275 4515 quae
3307 4444 3474 4498 Deum

1899 4537 1993 4593 Dei
2023 4538 2258 4593 Verbum
2318 4540 2371 4592 in
2402 4555 2569 4594 carne
2599 4539 2963 4609 progenuisti,
2993 4538 3086 4608 qui
3117 4548 3170 4591 et
3226 4538 3281 4590 in
3314 4553 3477 4590 cruce

201 4630 427 4702 σταυρῷ
480 4631 825 4699 ἐθελουσίως,
869 4632 1009 4703 ὑπὲρ
1055 4634 1271 4687 πάντων
1323 4632 1555 4696 ἐκτενῶς
1598 4632 1784 4685 τοῦτον

1892 4631 2195 4685 voluntarie
2276 4629 2441 4701 294
2520 4631 2828 4686 secundum
2905 4643 3127 4683 carnem
3209 4626 3475 4681 exaltatus

201 4724 499 4797 πρὲσδευε.

208 4955 314 5010 Ἐκ
335 4952 445 5009 τοῦ
474 4954 732 5022 κανόνος
759 4955 867 5010 τοῦ
894 4954 1219 5023 Σαϐὄάτου,
1242 4958 1331 5023 είς
1361 4957 1468 5011 τὸν
1500 4959 1774 5026 ὐρθρον.

279 5079 587 5151 ’Υπεραγία
616 5080 650 5151 ή
690 5078 824 5133 Θεὸν
862 5080 1160 5151 ὑπεράγιον
1194 5082 1363 5149 Λόγον
1396 5084 1779 5157 άποκυήσασι,

188 5174 427 5243 ἁγίασον
457 5170 703 5236 ἅπαντας
724 5172 849 5237 τοὺς
880 5172 1059 5226 πίστει
1091 5190 1149 5227 σε
1180 5173 1524 5241 δοξάζοντας.

262 5456 359 5526 Μὴ
387 5452 632 5516 κενώσας
656 5453 783 5518 τοὺς
806 5454 1037 5517 κόλπους
1058 5454 1183 5516 τοὺς
1210 5456 1505 5524 πατρικοὺς
1528 5458 1556 5508 ὀ
1583 5456 1780 5525 Λόγος,

262 5636 378 5706 (35)
423 5634 563 5689 Huic
593 5632 653 5687 Β.
706 5632 947 5706 Virginis
985 5634 1161 5704 elogio
1218 5634 1560 5704 splendorem
1610 5634 1773 5689 affert

188 5704 567 5764 Bernardinus
599 5707 666 5760 de
701 5704 870 5761 Busto
902 5708 953 5759 in
1006 5706 1226 5760 Mariali
1252 5721 1418 5761 serm.
1442 5708 1495 5766 2,
1531 5707 1595 5760 de
1623 5707 1772 5760 Con-

188 5786 339 5847 cept.
396 5786 551 5847 parte
593 5792 671 5839 ut,
720 5780 849 5831 dum
911 5778 1107 5832 ibidem
1144 5779 1217 5831 ait
1254 5794 1266 5829 :
1337 5795 1355 5828 ι
1394 5777 1774 5832 lndubitanter

191 5851 487 5903 tenendum
556 5849 699 5917 quod
754 5848 895 5903 Deus
970 5848 1219 5903 dilectam
1282 5848 1548 5918 Sponsam
1614 5865 1767 5903 suam

193 5921 280 5991 (Β,
309 5919 612 5991 Virginem)
662 5930 789 5976 ante
840 5922 1165 5977 crcatioucnt
1213 5921 1398 5977 tnundi
1432 5921 1653 5976 electam
1704 5923 1770 5975 ab

1883 4738 2009 4782 est:
2048 4728 2187 4799 apud
2243 4727 2496 4783 eumdem
2554 4742 2653 4796 pro
2705 4724 2977 4780 universis
3042 4731 3263 4778 strenue
3308 4722 3476 4775 inter-

1884 4821 2038 4876 cede.

2128 4945 2212 4999 Ex
2245 4946 2455 5003 Catiane
2480 4946 2721 5012 Sabbati,
2758 4947 2825 4999 ad
2863 4944 3211 4999 Matutiuum.

1959 5076 2277 5130 Oomnium
2348 5085 2668 5130 sanctorum
2726 5074 3096 5137 sanctissima,
3128 5087 3250 5142 quae
3302 5070 3469 5123 Deum

1888 5169 2127 5225 Verbum
2192 5172 2341 5226 omni
2416 5171 2704 5226 sanctitate
2787 5170 3117 5223 sanctiorem
3195 5164 3468 5234 peperisti,

1886 5264 2165 5320 sanctiﬁca
2202 5278 2394 5320 omnes
2420 5263 2513 5333 qui
2561 5262 2763 5334 glorias
2814 5272 2936 5315 tuas
2964 5275 3086 5315 cum
3122 5258 3225 5313 lide
3271 5258 3472 5311 decan-

1887 5366 2025 5411 tant.

1960 5449 2196 5506 Verbum
2263 5464 2293 5503 e
2377 5447 2501 5504 sinu
2575 5447 2752 5501 Patris
2833 5460 3113 5516 nunquam
3182 5441 3467 5499 discedens

1880 5633 2062 5687 omnis
2095 5632 2301 5703 peccati
2334 5631 2671 5702 turpitudine
2730 5636 3100 5702 praeservavit.
3152 5635 3286 5701 Quis
3315 5633 3460 5689 enim

1878 5714 1963 5758 est
1989 5705 2291 5766 hominum,
2315 5704 2431 5771 qui,
2461 5704 2505 5759 si
2552 5716 2738 5772 posset
2771 5723 3030 5776 sponsam
3070 5723 3220 5761 suam
3261 5706 3458 5769 facere,

1880 5777 2023 5901 iuam
2082 5792 2188 5831 non
2246 5776 2453 5847 absque
2502 5776 2651 5831 omni
2697 5780 2909 5834 macula
2974 5777 3311 5847 procrearet?
3366 5775 3457 5831 Sic

1880 5864 1892 5902 l
1938 5863 1988 5902 e.
