4180 6450
733 402 867 466 1343

1814 395 1874 452 S.
1915 394 2228 453 JOSEPHI
2266 392 2829 453 HYMNOGRAPHI

3825 389 3962 453 1344

732 519 785 570 in
829 512 951 570 sinu
1010 519 1102 564 tuo
1152 513 1213 562 ut
1243 503 1423 561 infans
1468 512 1742 575 receptum
1783 514 1887 567 est,
1936 520 1968 558 ο
2031 504 2295 559 immaeu-
2327 512 2368 559 Α

2328 512 2368 559 Α
2400 502 2456 554 ὲν
2491 505 2603 565 τοῖς
2633 503 2851 565 κόλποις
2885 519 2978 555 σου
3013 501 3089 565 ὡς
3128 500 3327 572 βρέφος
3366 500 3734 573 κρατούμενος
3767 500 3979 572 ὠράθη,

734 610 841 662 lata
874 622 894 658 ι
925 612 978 659 et
1009 617 1075 656 ex
1124 611 1176 655 te
1230 597 1555 670 principium
1608 596 1989 666 sumpsit,-qui
2040 604 2123 649 cst
2177 597 2295 651 sine

1978 596 1989 649 i
2040 604 2123 649 est
2177 597 2295 651 sine
2396 593 2571 663 ἀρχὴν
2596 596 2660 647 ὲκ
2694 592 2785 677 σοῦ
2808 593 3007 659 λαϐὼν,
3038 594 3292 666 ἀχραντε,
3316 593 3345 646 ό
3374 593 3629 663 ἄναρχος.

750 698 1025 753 ινίιιςίοἱο.

750 715 904 753 n-inci
950 714 1025 751 ιο.

736 720 749 771 1
808 714 1059 852 Ριτθῖετθ,
1092 803 1125 843 o
1178 783 1570 849 laudatissima,
1604 782 1772 837 Deum
1805 797 1963 851 quem
2018 783 2296 853 peperisti,

738 890 795 933 ut
822 894 1033 950 gregem
1065 886 1216 931 tuum
1257 874 1326 929 ab
1384 873 1534 929 omni
1585 872 1941 927 tentationum
1976 887 2040 927 ac
2072 874 2301 928 tribula-

741 975 949 1028 tionum
985 985 1178 1043 genere
1212 967 1421 1022 liberet.

809 1064 853 1120 Ο
890 1062 1051 1132 Virgo
1079 1060 1445 1123 sanctissima,
1474 1074 1595 1127 quae
1636 1059 1729 1114 Dei
1764 1059 2037 1114 thalamus
2067 1057 2302 1113 indisso-

742 1156 922 1210 lubilis
947 1153 1087 1208 facta
1111 1168 1169 1208 es
1198 1170 1213 1208 :
1242 1153 1414 1207 eidem
1451 1152 1715 1221 supplica,
1746 1161 1803 1207 ut
1833 1168 1919 1207 me
1944 1152 2161 1207 thalami
2193 1151 2302 1220 spi-

742 1247 911 1301 ritalis
942 1244 1107 1299 faciat
1134 1245 1521 1299 habitatorem.

810 1339 854 1393 Ο
884 1338 1047 1409 Virgo
1079 1338 1444 1401 sanctissima,
1472 1352 1591 1407 qua:
1626 1335 1862 1392 Verbum
1897 1339 2305 1393 sanctissimum

2479 774 2711 828 ’Ῑκέτευε
2745 776 2803 828 ὃν
2833 775 3074 847 ὲκύησας
3102 776 3256 843 Θεὸν,
3284 775 3621 846 πανύμνητε,
3653 776 3981 845 πειρασμῶν

2401 860 2754 916 παντοδαπῶν
2807 864 2901 917 καὶ
2978 863 3209 934 θλίψεων
3264 864 3531 936 ῥύσασθαι
3585 864 3687 936 τὴν
3739 866 3981 935 ποίμνην

2403 973 2518 1010 σου.

2472 1030 2718 1120 Νυμφῶν
2753 1052 3087 1117 ἀκατάλυτος
3125 1053 3351 1123 ὀφθεῖσα
3396 1055 3555 1121 Θεοῦ,
3588 1052 3828 1110 δυσώπει
3876 1058 3982 1110 αὐ-

2400 1146 2514 1211 τὸν,
2545 1145 2783 1227 παναγία
2815 1145 3080 1217 Παρθένε,
3126 1146 3415 1216 νυμφῶνός
3466 1164 3534 1219 με
3584 1150 3848 1220 οἰκήτορα
3882 1148 3981 1202 τοῦ

2407 1237 2603 1305 νοητοῦ
2636 1238 2984 1308 γενήσεσθαι.
3372 1252 3383 1268 ’

2487 1329 2759 1397 ’Λγίασον,
2811 1332 3052 1399 παναγία
3105 1331 3371 1403 Παρθένε,
3423 1334 3549 1396 τοὺς
3586 1333 3803 1396 δούλους
3858 1350 3980 1393 σου,

742 1436 1080 1488 inearnatum
1128 1431 1405 1500 peperisti,
1436 1430 1580 1499 quod
1624 1430 1803 1486 omnis
1848 1430 2072 1500 spiritus
2122 1431 2307 1485 laudat

2404 1420 2495 1473 τὸν
2540 1421 2807 1489 πανάγιον
2856 1422 3029 1491 Λόγον
3074 1422 3253 1499 σαρκὶ
3291 1422 3654 1490 ἀποτεκοῦσα,
3702 1424 3763 1478 δν
3820 1425 3986 1494 ὑμνεῖ

741 1537 794 1581 et
829 1525 1145 1586 sanctiﬁcat,
1180 1523 1461 1578 sanctiﬁca
1491 1538 1679 1577 servos
1705 1533 1847 1576 tuos.

815 1619 1091 1687 Tanquam
1128 1617 1331 1687 angelis
1358 1616 1816 1671 honorabiliorem
1852 1616 2130 1686 Dciparam
2154 1617 2310 1687 hym-

741 1711 826 1766 nis
856 1726 1191 1765 veneremur.

814 1821 1091 1875 Mulierum
1140 1821 1382 1875 omnium
1429 1830 1623 1884 matus,
1664 1837 1785 1892 qua:
1830 1835 1950 1875 sese
2003 1821 2055 1874 in
2110 1821 2307 1887 virtute

2410 1514 2560 1567 πᾶσα
2591 1513 2730 1583 πνοὴ
2760 1514 3080 1582 ἀγιάζουσα.

2488 1605 2578 1669 Ὠς
2612 1604 2721 1659 τῶν
2747 1608 2993 1675 ἀγγέλων
3026 1608 3359 1680 τιμιωτέραν
3393 1608 3494 1680 τὴν
3524 1592 3784 1663 Θεοτόκον
3815 1608 3987 1678 ὑμνο-

2410 1698 2567 1769 λογοῦ
2577 1716 2697 1770 μεν.

2495 1810 2553 1864 Ὀ
2593 1811 2700 1864 τῶν
2729 1811 2967 1880 γυναίων
3014 1811 3269 1866 ἁπάντων
3312 1772 3632 1878 κατάλογός,
3672 1810 3700 1862 ό
3751 1810 3987 1879 ἀσκήσει

743 1912 1041 1968 exercendo
1088 1927 1151 1966 ac
1195 1913 1542 1977 decertando,
1576 1914 1858 1966 Dominum
1908 1914 2299 1981 qna'siverunt,
2337 1882 2379 1939 Β

2340 1882 2379 1939 Β
2408 1902 2499 1958 καὶ
2542 1904 2809 1976 ἀθλήσει,
2849 1904 3177 1974 πανάμωμε,
3219 1905 3460 1975 ζητήσας
3495 1903 3585 1957 τὸν
3619 1902 3839 1974 Κύριον,
3874 1902 3991 1955 λιτ-

742 2005 949 2061 vultum
980 2016 1129 2060 tuum
1153 2006 1418 2069 divinum,
1450 2020 1482 2059 ο
1520 2004 1835 2073 purissima,
1868 2004 2087 2060 assidue
2115 2004 2308 2075 depre-

1984 2004 2087 2060 due
2115 2004 2308 2075 depre-
2409 1995 2592 2052 ἀνεύει
2618 1997 2912 2063 ἀπαύστως
2940 1998 3002 2052 τὸ
3028 1997 3170 2052 θεῖόν
3196 2015 3289 2051 σου
3324 1997 3632 2069 πρόσωπον.

742 2108 955 2153 cantur.

813 2191 950 2246 Cum
992 2192 1245 2260 peccandi
1282 2192 1381 2246 sim
1415 2193 1666 2262 cupidus,
1699 2193 1933 2247 tribunal
1977 2173 2307 2249 horrendum

747 2285 1105 2339 contremisco
1158 2263 1357 2355 iudicis
1390 2287 1483 2355 qni
1539 2302 1601 2340 ex
1636 2296 1686 2340 te
1712 2295 1864 2342 ortus
1898 2296 2000 2352 est,
2037 2303 2068 2341 o
2096 2286 2260 2357 Virgo
2294 2302 2308 2338 :

750 2374 803 2427 in
852 2390 960 2444 quo
1007 2384 1062 2429 tu
1116 2389 1218 2440 me,
1261 2384 1447 2444 utpote
1491 2375 1902 2446 benignissima,
1942 2376 2311 2431 indemnatum

750 2480 1034 2522 οοιιεοτνα.

1185 2589 1413 2644 TONUS
1446 2590 1741 2647 PLAGlUS
1780 2591 1870 2649 Ν.

997 2716 1079 2772 Ex
1103 2717 1314 2776 Canone
1345 2720 1489 2788 feriae
1514 2735 1575 2785 ll,
1604 2721 1674 2774 ad
1710 2720 2054 2778 Mammium.

825 2844 1086 2901 Medicam
1132 2863 1351 2902 manum
1382 2858 1529 2902 tuam
1582 2849 1782 2904 adhibe
1818 2850 1973 2916 mihi,
2007 2849 2316 2905 mortifera-

753 2956 874 2995 rnm
898 2940 1142 3009 corporis
1172 2949 1335 3009 atque
1370 2941 1536 2995 animi
1564 2941 1876 3011 passionum
1908 2943 2098 2997 morbo
2140 2932 2319 3013 gravi;

754 3041 835 3086 ter
867 3035 1183 3115 aegrotanti;
1223 3032 1383 3102 295
1420 3042 1474 3088 ιιι
1503 3041 1574 3101 te,
1611 3049 1643 3089 ο
1667 3044 1839 3101 casta,
1873 3050 1993 3089 cum
2024 3034 2127 3090 tlde
2176 3050 2319 3090 sem-

752 3140 849 3193 per
873 3125 1081 3178 beatam
1102 3125 1386 3194 appellem.

2430 2237 2435 2243 ,
2479 2176 2925 2249 Φιλαμαρτήμων
2959 2177 3314 2249 ὑπάρχων,τὸ
3342 2177 3689 2250 δικαστήριον
3712 2175 3900 2247 τρέμω
3928 2174 3995 2227 τὸ

2412 2270 2642 2340 φοὸερὸν
2662 2270 2754 2324 τοῦ
2778 2273 2842 2324 ὲκ
2865 2270 2979 2334 σοῦ,
3003 2270 3164 2341 ἀγνὴ,
3187 2270 3493 2341 τεχθέντος,
3515 2272 3571 2323 ὲν
3597 2263 3641 2338 ᾧ
3669 2286 3757 2340 με,
3784 2266 3991 2337 ἀγαθὴ,

2414 2362 2783 2435 ἀκατάκριτον
2806 2364 3163 2435 συντήρησον.

2887 2589 3072 2643 ΗΧΟΣ
3109 2589 3290 2643 ΠΛΑΓ
3293 2590 3403 2643 1οΣ
3440 2594 3513 2643 Δ’.

2430 2717 2524 2770 Ἐκ
2568 2716 2673 2771 τοῦ
2704 2716 2964 2781 κανόνος
2993 2714 3102 2784 τῆς
3131 2715 3434 2785 δευτέρας,
3463 2718 3549 2784 εις
3574 2719 3683 2772 τὸν
3714 2720 3995 2788 Ὄρθρογ.

2493 2844 2673 2894 Ἴασαι
2724 2839 2985 2895 νοσοῦντά
3042 2857 3109 2910 με
3160 2840 3411 2910 χαλεπῶς
3446 2841 3547 2910 τῆς
3602 2840 3997 2914 θανατηφόρου

2418 2932 2700 2996 ἀσθενείας
2735 2932 2843 2986 τῶν
2883 2930 3178 3001 σαρκικῶν,
3206 2931 3368 3002 ἁγνὴ,
3420 2931 3666 3001 ψυχικῶν
3712 2948 3772 2985 τε
3819 2932 4000 3004 παθη-

2423 3026 2631 3096 μάτων,
2660 3026 2806 3088 ὅπως
2831 3025 2889 3079 ὲν
2926 3025 3108 3080 πίστει
3142 3026 3229 3079 ἀεὶ
3264 3024 3552 3096 μακαρίζω
3581 3042 3661 3079 σε.

825 3215 921 3279 Te.
964 3231 997 3270 ο
1047 3217 1411 3282 sanctissima,
1467 3218 1747 3272 custodem
1812 3218 1863 3271 in
1924 3216 2313 3273 tentationibus
2343 3257 2389 3320 ο

2347 3257 2389 3320 c
2488 3207 2557 3261 Σὲ
2584 3207 2840 3279 φρουρὸν,
2872 3208 3144 3276 παναγία,
3176 3210 3234 3263 έν
3256 3212 3579 3280 πειρασμοῖς
3605 3211 3909 3282 κέκτημαι,
3935 3212 3998 3265 σὲ

753 3306 955 3361 habeo:
977 3319 1030 3361 tu
1064 3323 1142 3373 es,
1180 3318 1298 3377 post
1328 3309 1519 3375 Deum,
1546 3310 1856 3379 praesidium
1890 3324 2070 3365 meum
2102 3324 2316 3378 semper

754 3400 1248 3467 vigilantissimum.
1287 3400 1383 3464 Te,
1429 3417 1462 3457 ο
1517 3402 1846 3467 castissima,
1876 3402 1930 3456 in
1986 3402 2072 3456 die
2123 3400 2317 3470 judieii

757 3491 1112 3553 liberatrieem
1150 3493 1219 3548 ab
1254 3495 1431 3549 omnis
1463 3494 1831 3550 damnationis
1860 3495 2127 3550 sententia
2166 3496 2318 3550 inve-

753 3582 921 3636 nirnn.

829 3673 904 3730 Te
933 3676 1281 3744 purissimum
1330 3678 1544 3732 Domini
1580 3679 2003 3748 receptaculum,
2033 3694 2157 3733 cum
2216 3677 2321 3734 ﬁde

756 3780 970 3833 precor,
1036 3782 1069 3823 ο
1134 3768 1224 3823 Dei
1258 3769 1522 3838 genitrix;
1580 3770 1649 3823 ab
1677 3769 1824 3823 omni
1889 3771 2101 3823 macula
2168 3772 2320 3839 puri-

757 3856 856 3909 ﬁca
888 3873 992 3922 me,
1016 3869 1069 3913 et
1106 3861 1387 3929 purissimi
1423 3855 1665 3931 Spiritus
1710 3861 1879 3917 divini
1911 3862 2133 3916 domum
2172 3861 2322 3917 edice

756 3964 862 4004 Ille.

830 4044 1010 4098 Puella
1045 4054 1218 4111 casta,
1254 4047 1440 4101 occide
1475 4046 1789 4116 passionum
1835 4062 2079 4102 mearum
2116 4056 2317 4111 motus,

758 4148 813 4190 tu
841 4154 959 4207 quae
992 4147 1145 4208 partu
1180 4151 1272 4194 tuo
1300 4149 1579 4209 peccatum
1635 4142 1825 4196 vivens
1865 4140 2027 4211 primi
2084 4140 2324 4211 parentis

756 4234 1025 4289 occidisti.

833 4344 901 4398 Ut
927 4354 997 4411 te,
1027 4361 1059 4399 o
1081 4346 1148 4400 ab
1191 4346 1338 4400 omni
1376 4346 1495 4401 labe
1521 4346 1814 4417 purissima
1857 4346 1991 4417 (Si),
2024 4346 2321 4415 gratiarum

759 4438 990 4492 actionis
1038 4438 1261 4494 vocibus
1307 4454 1521 4508 semper
1571 4439 1903 4509 gloritleem;
1942 4439 2136 4493 animae
2191 4454 2326 4493 mea:

760 4531 1006 4584 tenebras
1059 4530 1311 4599 climina;
1348 4540 1403 4587 et
1433 4532 1551 4587 luce
1600 4532 1932 4601 poenitentia:
1981 4546 2066 4586 me
2115 4531 2327 4587 delictis

760 4624 1108 4676 obscuratum
1151 4624 1413 4679 illumina.
1493 4661 1498 4666 -

829 4731 969 4786 Deus
1008 4730 1099 4787 Dei
1135 4730 1387 4798 Verbum,
1433 4749 1553 4787 cum
1588 4735 1641 4787 in
1675 4735 1810 4789 uteri
1850 4734 1923 4789 lui
1971 4734 2318 4790 tabernacula

762 4821 1077 4888 habitasset,
1102 4839 1134 4878 o
1163 4824 1342 4879 divina
1374 4827 1547 4896 gratia
1586 4827 1894 4895 plenissima
1921 4845 1933 4892 ;
1974 4826 2099 4881 fecit
2132 4838 2182 4880 te
2209 4843 2327 4881 om-

762 4915 909 4966 nium
953 4915 1041 4983 qui
1088 4915 1140 4968 in
1177 4917 1472 4971 certamine
1521 4918 1935 4985 superabantur.
1965 4917 2273 4987 praesidium
2308 4932 2321 4968 :

760 5008 1111 5073 quamobrem
1143 5009 1377 5064 clamant
1414 5025 1426 5061 :
1459 5010 1746 5065 Beneditus
1779 5025 1865 5075 es;
1891 5009 2028 5064 Deus
2082 5020 2321 5079 patrum,

759 5114 863 5153 σε.

834 5189 933 5259 Τιι,
974 5193 1215 5266 oVirgo,
1246 5211 1433 5251 eorum
1481 5198 1573 5268 qui
1624 5208 1788 5262 stant,
1820 5211 1879 5252 es
1933 5196 2200 5263 ﬁrmitas;
2228 5212 2321 5254 co-

841 5348 1177 5424 (54)_Favcre
1204 5353 1414 5408 videtur
1442 5354 1501 5408 S.
1523 5354 1760 5409 Thomas
1789 5355 2030 5424 Aquinas
2072 5354 2199 5409 dum
2223 5353 2275 5406 in
2306 5368 2321 5407 I

769 5419 995 5499 Sent.
1027 5423 1117 5487 44,
1138 5437 1188 5476 a.
1216 5424 1268 5487 3,
1296 5426 1346 5477 in
1382 5426 1526 5481 hunc
1577 5427 1807 5499 modum
1830 5419 2071 5499 scribit:
2107 5424 2322 5478 Pnritas

769 5492 1063 5563 intenditur
1083 5508 1174 5561 per
1205 5510 1475 5549 recessum
1506 5511 1534 5547 a
1571 5497 1867 5559 contrario,
1911 5506 1963 5549 et
1996 5497 2115 5549 ideo
2146 5502 2324 5563 potest

770 5561 989 5635 aliquid
1029 5572 1268 5617 creatum
1334 5565 1584 5629 inveniri,
1617 5583 1727 5635 quo
1778 5566 1909 5618 nihil
1968 5561 2160 5635 purius
2206 5581 2327 5635 esse

770 5640 945 5705 potest
979 5632 1029 5685 in
1070 5636 1230 5689 rebus
1264 5637 1479 5695 creatis.
1514 5638 1556 5690 si
1586 5632 1730 5690 nulla
1764 5632 2081 5703 contagione
2121 5634 2329 5705 pt‘CCull

772 5702 1106 5769 inquinatum
1134 5708 1221 5766 sit,
1272 5716 1324 5758 et
1360 5708 1479 5761 talis
1527 5706 1627 5760 fuit
1680 5707 1894 5775 puritas
1930 5702 2001 5775 Vl}.
2068 5702 2330 5776 Virginis,

770 5788 948 5845 quea
1007 5777 1488 5845 peccatopriginali
1541 5779 1796 5845 imponitis
1820 5776 1937 5830 fuit.
2004 5797 2022 5827 ι
2080 5777 2169 5831 Sic
2227 5777 2330 5828 ille.

2423 3302 2561 3373 μετά
2587 3303 2721 3355 Θεὸν
2750 3303 3087 3373 προστασίαν
3116 3303 3223 3373 ἔχω
3256 3304 3574 3374 ἀκοίμητον,
3608 3305 3667 3357 σὲ
3723 3305 3999 3374 ρυομένην

2423 3411 2488 3465 με
2510 3396 2568 3447 ὲν
2598 3398 2661 3466 τῇ
2685 3396 2869 3467 ἡμέρᾳ
2896 3395 2995 3466 τῆς
3028 3396 3181 3466 δίκης
3205 3397 3383 3468 πάσης
3409 3396 3787 3467 κατακρίσεως
3816 3396 4001 3467 εὖροι-

2422 3504 2535 3557 μοι,
2566 3488 2828 3573 πάναγνε.

2492 3674 2639 3731 mea
2658 3674 2899 3745 καθαρὸν
2911 3674 3112 3745 δοχεῖον
3132 3674 3226 3728 τοῦ
3245 3673 3512 3727 Δεσπότου
3536 3674 3715 3727 πίστει
3734 3674 3997 3739 δυσωπῶ,

2422 3765 2721 3835 καθάρισόν
2768 3784 2834 3837 με
2884 3768 3093 3840 πάσης,
3146 3770 3533 3840 Θεογεννῆτορ,
3589 3770 3837 3839 κηλίδος,
3904 3771 4001 3824 καὶ

2424 3853 2573 3913 οἷκον
2600 3858 2771 3925 δεῖξον
2796 3859 2890 3913 τοῦ
2920 3860 3160 3932 καθαροῦ
3184 3864 3277 3915 καὶ
3304 3862 3448 3915 θείου
3479 3862 3817 3931 Πνεῦματος.

2498 4046 2814 4117 Νέκρωσον,
2848 4046 3011 4117 ἁγνὴ,
3044 4048 3152 4101 τῶν
3187 4047 3375 4102 παθῶν
3410 4066 3509 4118 μου
3540 4047 3605 4101 τά
3632 4048 3935 4117 κινήματα,
3963 4050 3998 4119 ἡ

2424 4140 2745 4208 νεκρώσασα
2776 4140 2852 4211 τῷ
2882 4142 3026 4212 τόκῳ
3056 4158 3148 4195 σου
3182 4143 3278 4209 τὴν
3302 4140 3691 4214 ζῶσαν,Κόρη,
3726 4142 4004 4213 ἁμαρτίαν

2425 4231 2519 4286 τοῦ
2546 4228 2911 4304 προπάτορος.

2498 4342 2615 4395 Ἰνα
2667 4346 2871 4411 φωναῖς
2922 4343 3258 4415 εὐχαρίστως
3318 4346 3585 4411 πάντοτε,
3644 4350 4000 4420 πανάμωμε,

2426 4433 2633 4499 δοξάζω
2678 4453 2769 4500 σε,
2799 4435 2977 4507 ψυχῆς
3009 4455 3108 4507 μου
3141 4437 3329 4502 δίωξον
3358 4440 3420 4492 τὸ
3452 4441 3664 4504 σκότος,
3700 4442 3794 4494 καὶ
3836 4460 4003 4513 μεταο

2427 4526 2571 4590 νοίις
2600 4527 2738 4595 φωτὶ
2762 4526 2831 4579 τά
2864 4527 3070 4598 ζοφερά
3097 4526 3255 4581 λῦσόν
3288 4546 3392 4600 μου
3417 4530 3762 4601 ἐγκλήματα.

2506 4734 2564 4787 '0
2613 4732 2748 4786 Θεοῦ
2797 4732 2928 4796 Θεὸς
2980 4732 3152 4799 Λόγος
3205 4733 3262 4785 ὲν
3308 4732 3506 4804 γαστρί
3544 4750 3639 4785 σου
3676 4734 4003 4803 σκηνώσεις,

2424 4828 2781 4897 θεοχαρίτωτε
2801 4866 2814 4889 ,
2856 4826 3109 4907 ἁπάντων
3142 4825 3480 4895 προστασίαν
3521 4825 3629 4877 τῶν
3660 4843 4006 4879 κατα-πονου⁶

2428 4916 2605 4987 μένων
2650 4915 2745 4969 καὶ
2780 4914 3026 4985 βοώντων
3078 4914 3315 4968 δεικνύει
3363 4931 3450 4968 σε·
3501 4915 3559 4968 '0
3600 4915 3710 4969 τῶν
3752 4919 4009 4988 πατέρων

2427 5009 2583 5080 ⁴ἡμῶν
2612 5009 2765 5075 Θεὸς,
2799 5007 3090 5078 εὐλογητὸς
3120 5003 3191 5063 εἷ.

2509 5195 2835 5268 ’ἱσταμένων
2883 5194 3173 5267 βεϐαίωσις
3222 5195 3508 5267 ὑπάρχεις,
3568 5196 3663 5249 καὶ
3727 5198 4007 5250 πεσόντων

2426 5352 2649 5407 Nativit.
2687 5352 2897 5407 Domini
2930 5369 3096 5422 prope
3124 5351 3450 5414 ﬁnem,dum
3493 5351 3694 5406 ibidem
3722 5353 3810 5407 his
3839 5355 4011 5406 utitur

2432 5424 2615 5478 verbis
2653 5441 2667 5477 :
2697 5442 2715 5476 ι
2752 5424 2941 5478 Decuit
2967 5424 3192 5477 Matrem
3228 5423 3317 5476 Dei
3353 5437 3475 5476 esse
3505 5424 3861 5491 purissimam
3892 5426 4010 5478 sine

2430 5496 2569 5559 labe,
2601 5496 2717 5549 sine
2751 5506 2995 5563 peccato,
3017 5496 3160 5547 unde
3188 5509 3293 5547 non
3324 5494 3503 5546 solum
3551 5494 3774 5562 quando
3805 5498 4007 5562 puella,

2432 5568 2523 5621 sed
2556 5565 2773 5632 quando
2802 5566 3046 5635 parvula,
3072 5563 3440 5628 sanctissima,
3483 5573 3537 5617 et
3588 5566 3641 5618 in
3668 5576 3831 5635 utero
3880 5580 4008 5618 san-

2433 5636 2696 5701 ctissima,
2728 5645 2780 5689 et
2806 5634 2879 5689 fin
2908 5636 3273 5704 Conceptione
3310 5634 3673 5689 sanctissima.
3712 5634 3832 5689 Non
3862 5636 4005 5689 enim

2433 5709 2658 5762 decebat
2703 5708 3083 5761 sanctuariuin
3121 5706 3235 5765 Dei,
3272 5706 3495 5758 domum
3524 5707 3841 5775 Sapientize,
3885 5706 4010 5759 reli-

2435 5779 2706 5846 qui-arium
2752 5776 2990 5846 Spiritus
3055 5778 3249 5840 sancti,
3282 5792 3473 5830 urnam
3526 5792 3735 5833 manna:
3768 5778 4009 5834 etclcstis

772 5829 1018 5899 Sanctus'
1068 5846 1190 5900 item
1224 5829 1459 5903 'l‘ho‘inas
1516 5866 1545 5904 a
1600 5829 1732 5901 (illa
1764 5846 1931 5913 Nova,
1976 5860 2136 5902 Serm.
2187 5850 2238 5915 '5,
2270 5846 2334 5900 de
2441 5829 2671 5918 aliquam
2710 5850 2758 5901 in
2887 5849 3081 5904 habere
3119 5829 3311 5903 labent.
3352 5868 3370 5901 ι
