4180 6450
199 395 338 459 1345

1618 397 1980 461 MARIALE.

3313 404 3453 469 1346

199 504 520 576 ἀνόρθωσις,
552 501 794 574 Παρθένε
824 519 834 531 ·
867 502 950 556 διὸ
982 503 1406 558 καταπτωθέντα
1442 520 1509 575 με
1541 504 1773 577 ἀνάστη-

1883 524 2004 564 rum
2042 511 2132 579 qui
2168 512 2371 566 eadunt
2403 513 2603 568 erectio
2636 531 2649 567 :
2677 515 3029 583 quamobrem
3066 530 3150 568 me
3181 516 3292 586 jam
3339 516 3459 572 col-

199 615 315 659 σον,
338 597 424 649 ἴνα
455 613 514 648 σε
540 594 749 662 δοξάζω
771 596 870 665 τὴν
898 598 1371 666 κεχαριτωμένην.

266 692 528 753 Φώτισον,
579 689 724 760 πύλη
779 688 875 742 τοῦ
914 689 1114 760 φωτὸς,
1173 691 1272 761 τῆς
1319 691 1545 763 καρδίας
1580 708 1681 762 μου
1710 692 1777 745 τὰ

192 785 443 853 ὄμματα,
495 783 708 851 δέομαι,
755 783 850 837 καὶ
904 783 1290 856 ἀπημαύρωσε
1339 786 1439 854 τῆς
1502 786 1776 855 ἁμαρτίας

193 876 390 937 σκότος
438 873 756 942 βαθύτατον,
790 873 886 927 καὶ
936 875 1224 945 μετανοίας
1260 894 1361 946 μου
1397 878 1570 945 αὐγὴν
1604 880 1774 931 κατὰ·

194 966 450 1035 πεμψον,
504 966 792 1031 Δέσποινα,
854 969 948 1019 καὶ
996 968 1214 1021 αἰωνίου
1268 970 1438 1041 πυρὸς
1480 970 1775 1039 μεσιτεὶσις

194 1073 318 1120 σου,
350 1056 509 1128 ἁγνὴ,
540 1057 926 1127 ὲλευθέρωσον.

260 1168 364 1222 Ἐκ
393 1166 501 1222 τοῦ
530 1169 801 1234 Κανόνος
832 1167 938 1237 τῆς
961 1171 1186 1241 τρίτης,
1209 1175 1294 1239 είς
1326 1172 1434 1227 τὸν
1462 1174 1733 1245 Ὄρθρον.

269 1278 577 1339 Μετανοίας
608 1295 719 1349 μοι,
755 1278 1019 1351 Παρθένε,
1056 1282 1444 1348 καθυπόδειξον
1472 1284 1643 1352 ὁδοὺς,
1678 1286 1772 1341 καὶ

194 1372 297 1442 τῆς
344 1370 669 1441 ἀπαγούσης
712 1390 780 1444 με
816 1375 953 1445 πρὸς
995 1376 1272 1447 ἁμαρτίαν
1301 1378 1628 1450 ὲπίστρεψον
1656 1380 1771 1451 τρί-

195 1466 312 1531 ϐον,
351 1467 436 1522 ἴνα
478 1485 537 1522 σε
587 1469 742 1542 ὑμνῶ
782 1468 882 1541 τὴν
916 1469 1292 1541 πολυύμνητον
1338 1473 1431 1527 καὶ
1466 1472 1771 1544 παμμακά-

194 1577 407 1628 ριστον.

269 1656 750 1727 Κατερραγμένων
781 1656 1177 1729 ἐπανόρθωσις,
1206 1657 1458 1722 Θεοτόκε,
1491 1657 1773 1713 πωοέντα

193 1747 409 1817 Εγιιρον
456 1748 522 1803 ὲκ
554 1748 747 1821 βόθρου
781 1750 891 1803 τῶν
941 1750 1128 1803 κακῶν
1162 1768 1289 1822 μου,
1317 1752 1411 1804 καὶ
1455 1752 1768 1821 έδραίωσον,

192 1838 483 1908 Δέσποινα,
517 1842 577 1896 έν
603 1842 781 1914 πέτρᾳ
807 1841 917 1896 τῶν
944 1841 1038 1896 τοῦ
1072 1842 1209 1897 Θεοῦ
1232 1842 1487 1898 ἐντολῶν.

271 2028 614 2101 Πανῦμνητε,
652 2028 939 2096 Δέσποινα,
972 2028 1377 2100 μεγαλοφώνως
1407 2047 1465 2084 σε
1488 2029 1769 2103 ἀνυμνοῦ-

197 2141 323 2194 μιν.
373 2122 661 2195 πλήρωσον
715 2126 896 2195 πάσης
945 2124 1118 2193 χαρᾶς
1158 2122 1254 2194 τὴν
1311 2125 1452 2195 ἐμὴν
1508 2126 1769 2191 διάνοιαν,

192 2216 544 2288 παρεχομένη
572 2234 663 2287 μοι
691 2214 888 2280 πένθος
912 2215 1138 2284 ἀγαθὸν,
1163 2216 1257 2270 καὶ
1279 2215 1571 2288 μετανοίας
1598 2216 1767 2286 ἀφορ-

194 2309 327 2380 μὰς,
353 2309 450 2363 καὶ
476 2326 679 2378 γνωσιν
709 2309 995 2379 σωτήριον.

280 2402 438 2471 ’Δγία
485 2402 736 2468 Θεοτόκε,
788 2403 821 2473 ή
870 2402 1142 2472 τὸνάγιον
1186 2402 1359 2471 Λόγον
1402 2400 1768 2468 ἀποτεκοῦσα,

192 2497 365 2567 σαρκὶ
389 2496 799 2567 ἀναπαυόμενον
830 2495 987 2567 μόνον
1004 2497 1062 2548 ὲν
1082 2497 1215 2550 πᾶσι
1234 2498 1347 2559 τοῖς
1369 2496 1567 2565 ἁγίοις,
1596 2496 1759 2566 ἁγία·

192 2591 291 2642 σόν
327 2605 433 2659 μου
465 2588 554 2643 τὸν
581 2589 706 2642 νοῦν
746 2590 869 2654 ταῖς
903 2590 1170 2660 πονηραῖς
1208 2588 1497 2661 ἐργασίαις
1531 2590 1619 2643 ἀεὶ
1645 2591 1769 2644 ἐπι-

195 2682 449 2752 μένοντα.

280 2775 345 2828 Ἦ
382 2775 711 2847 μανναδόχος
755 2793 815 2831 σε
849 2778 1105 2849 στάμνος,
1139 2776 1392 2844 Θεοτόκε,
1428 2777 1557 2831 ποτὲ
1592 2796 1771 2852 προει-

191 2868 396 2932 κόνιζεο
454 2868 687 2939 Χριστὸν
744 2869 854 2939 γὰρ
921 2868 1262 2940 ἐϐλάστησας
1318 2870 1382 2924 τὸ
1440 2871 1618 2941 μάννα
1670 2874 1767 2943 τῆς

190 2955 448 3026 γνώσεως
476 2958 881 3031 ἐπομϐρίζοντα
911 2962 1045 3016 πᾶσι
1068 2963 1182 3026 τοῖς
1211 2961 1415 3032 τιμῶσί
1442 2979 1523 3018 σε.

279 3142 453 3214 ’Υπὲρ
481 3143 661 3199 αἰτίαν
688 3144 892 3210 τίκτεις
919 3144 1015 3200 τοῦ
1042 3148 1242 3213 παντὸς
1270 3148 1362 3203 τὸν
1389 3150 1580 3215 αἴτιον,
1606 3150 1768 3223 ὑπερ-

1884 605 2097 675 lapsum
2130 606 2295 676 erige,
2321 614 2380 659 ut
2411 614 2460 659 te
2487 607 2659 674 gratia
2691 606 2904 677 plenam
2937 607 3253 676 gloriﬁcent.

1954 697 2227 760 lllumina,
2270 710 2483 766 precor,
2526 711 2559 752 ο
2612 707 2762 767 porta
2830 697 2988 763 lucis,
3034 698 3226 752 oculos
3274 701 3454 756 cordis

1881 790 2010 852 mei,
2065 806 2203 860 quos
2252 790 2596 845 densissima:
2648 793 2852 861 peccati
2902 792 3140 845 tenebrae
3192 791 3455 847 obscura-

1876 902 2040 954 vere;
2072 900 2125 943 et
2148 888 2337 943 emitte
2360 888 2515 952 mibi,
2558 887 2809 950 Domina,
2842 888 3173 958 paenitentia:
3207 889 3449 953 radium;

1875 988 1929 1031 et
1956 980 2438 1035 intercessionibus
2470 981 2599 1047 luis,
2630 997 2663 1036 ο
2688 978 2853 1051 Virgo
2884 993 3054 1048 casta,
3082 981 3150 1035 ab
3182 981 3302 1054 igne
3327 996 3453 1050 per-

1875 1073 1999 1126 enni
2035 1074 2201 1126 libera
2226 1088 2331 1126 me.

2121 1180 2207 1235 Ea:
2229 1180 2442 1237 Canone
2480 1183 2627 1252 feria:
2659 1200 2741 1249 ιιι,
2778 1184 2847 1237 ad
2881 1180 3204 1237 Matutiuum

1948 1294 2289 1350 Pceniteutia:
2332 1294 2449 1349 vias
2498 1295 2813 1350 demonstra
2865 1292 3021 1360 mibi,
3048 1308 3080 1347 ο
3109 1290 3296 1363 Virgo,
3326 1300 3381 1347 et
3421 1308 3452 1347 ι

1875 1390 2068 1443 semita
2096 1404 2216 1456 qua:
2262 1401 2346 1440 me
2376 1387 2439 1439 ad
2472 1394 2754 1456 peccatum
2785 1385 3024 1448 deducit,
3052 1394 3235 1439 averte
3268 1401 3367 1448 me,
3394 1394 3454 1438 ut

1876 1482 2091 1535 laudem
2128 1492 2174 1532 te
2208 1479 2355 1531 omni
2399 1478 2555 1532 laude
2582 1478 2960 1549 dignissimam
2992 1485 3046 1531 et
3075 1476 3222 1530 omni
3277 1476 3453 1531 beati-

1873 1576 2063 1634 tudine
2100 1572 2614 1626 cumulatissimam.

1947 1667 2354 1721 Prostratorum
2387 1667 2613 1731 erectio,
2645 1681 2675 1719 ο
2707 1664 2959 1735 Deipara,
2992 1680 3021 1720 e
3046 1663 3306 1719 barathro
3336 1676 3453 1717 ma-

1875 1761 2049 1815 lorum
2079 1776 2318 1814 meorum
2369 1774 2455 1812 me
2480 1759 2779 1828 collapsqu
2806 1758 2989 1826 erige;
3018 1764 3072 1810 et
3098 1757 3149 1809 in
3190 1764 3340 1825 petra
3367 1754 3449 1808 di-

1796 1862 1845 1923 Β
1874 1856 2121 1908 vinorum
2163 1853 2328 1925 296
2357 1851 2734 1907 mandatorum
2791 1850 3043 1907 stabilem
3094 1853 3253 1903 ttrma
3279 1863 3383 1911 me,
3416 1866 3449 1902 ο

1881 1949 2129 2004 Domina.

1946 2039 2402 2096 Laudabilissima
2461 2038 2713 2102 Domina,
2742 2039 2954 2107 magnis
2985 2045 3104 2091 tuas
3128 2034 3319 2090 laudes
3349 2050 3451 2089 vo-

1876 2138 2030 2193 cibus
2096 2136 2411 2191 extollimus
2455 2151 2472 2188 :
2527 2133 2691 2202 imple
2745 2132 2896 2186 omni
2948 2130 3145 2201 gaudio
3211 2137 3446 2183 mentem

1877 2246 2087 2297 meam;
2121 2231 2323 2285 luctum
2388 2229 2591 2291 utilem,
2636 2225 3008 2297 paenitentiam
3062 2231 3450 2295 opportunam,

1874 2330 1926 2378 et
1950 2321 2233 2377 scientiam
2255 2318 2601 2375 salutiferam
2637 2318 2943 2372 concedens
2973 2316 3128 2370 mihi.

1951 2414 2178 2485 Deipara
2210 2420 2420 2474 saneta,
2450 2426 2571 2482 quae
2606 2409 2841 2463 Verbum
2879 2418 3150 2474 sanctum,
3185 2407 3328 2479 quod
3360 2423 3453 2461 so-

1875 2508 1986 2563 lum
2012 2505 2271 2561 omnibus
2312 2506 2520 2561 sanctis
2546 2502 2864 2571 requiescit,
2897 2502 3238 2556 iucarnatum
3283 2515 3448 2568 pepe-

1874 2600 1993 2656 risti
2021 2618 2034 2653 :
2064 2601 2343 2655 sanctilica
2373 2610 2610 2654 mentem
2642 2614 2837 2666 meam,
2876 2597 2930 2652 in
2962 2597 3144 2668 pravis
3197 2597 3452 2667 Operiltus

1873 2707 2086 2760 semper
2117 2693 2496 2746 immorantem
2509 2729 2525 2745 .

1946 2782 2094 2839 Urna
2150 2784 2261 2850 illa,
2284 2784 2340 2838 in
2368 2798 2474 2853 qua
2524 2798 2727 2837 manna
2770 2781 3173 2847 continebatur,
3198 2780 3328 2836 olim
3378 2790 3450 2842 le,

1874 2874 2127 2948 Deipara,
2164 2877 2571 2948 praﬁguravit:
2609 2875 2885 2930 Christum
2935 2875 3078 2930 enim
3110 2875 3450 2945 germinasn,

1873 2969 1968 3039 qui
1994 2968 2250 3025 omnibus
2280 2952 2681 3021 honorantibus
2704 2974 2755 3022 te
2781 2965 3023 3021 scientia
3076 2980 3277 3019 manna
3307 2967 3452 3019 velut

1876 3062 2105 3114 imbrem
2140 3060 2399 3114 demittit.

1948 3152 2120 3220 Supra
2165 3166 2355 3206 omnes
2397 3165 2593 3206 causas
2640 3165 2703 3204 ac
2736 3149 2993 3212 rationes,
3027 3163 3247 3203 causam
3288 3156 3451 3216 atque

192 3233 325 3304 ϐολῇ
372 3236 739 3308 χρηστότητος
789 3237 980 3309 βροτὸν
1031 3242 1433 3312 γεγενημένον’
1464 3241 1587 3298 ὅθεν
1631 3260 1773 3314 συμ-

1877 3257 2157 3299 auctorem
2197 3243 2437 3299 universi
2491 3242 2766 3314 peperisti,
2793 3248 3012 3312 propter
3045 3240 3268 3294 nimiam
3291 3252 3447 3293 suam

193 3329 392 3398 φώνως
423 3345 507 3397 σε,
539 3330 700 3401 ἁγνὴ,
734 3331 1137 3404 μακαρίζομεν.

264 3512 698 3585 κυματούμενον
730 3513 877 3586 σάλῳ
924 3532 994 3587 με
1028 3516 1127 3587 τῆς
1156 3517 1453 3589 ἁμαρτίας,
1506 3520 1667 3592 ἁγνὴ,
1703 3524 1769 3594 τῇ

195 3608 264 3675 σῇ
305 3604 555 3677 μεσιτείᾳ
583 3607 719 3675 πρὸς
771 3607 1042 3676 σωτηρίαν
1068 3606 1378 3676 μετανοίας,
1411 3606 1537 3679 βοῶ,
1568 3610 1769 3677 ἴθυνον,

195 3698 490 3763 Δέσποινα,
532 3697 915 3768 παγγαλήνους
963 3698 1208 3768 λιμένας,
1240 3700 1388 3765 ὅπως
1436 3702 1613 3773 βλέψω
1653 3703 1771 3775 φῶς

197 3792 306 3863 τῆς
344 3791 619 3861 σωτηρίας
643 3792 673 3845 ὁ
694 3791 1077 3862 ἐσκοτισμένος
1106 3792 1192 3847 ἀεὶ
1224 3795 1290 3864 τῇ
1324 3793 1588 3868 ῥᾳθυμίᾳ.

269 3984 657 4046 Φωτιστικαϊς,
694 3979 1028 4050 Μνάμωμε,
1077 3980 1387 4051 ἀστραπαῖς
1436 3984 1534 4037 τοῦ
1561 3985 1626 4039 ὲκ
1672 3984 1773 4056 τῆς

199 4075 302 4146 σῆς
330 4073 691 4145 προελθόντος
720 4074 933 4146 μήτρας
961 4073 1091 4127 Υἱοῦ
1122 4077 1215 4127 καὶ⁴
1239 4074 1397 4141 Θεοῦ,
1429 4078 1554 4140 τοὺς
1592 4076 1771 4130 πίστει

196 4168 506 4240 ὑμνοῦντάς
568 4183 626 4220 σε
684 4166 998 4236 φαίδρυνον,
1063 4167 1161 4221 καὶ
1211 4168 1438 4233 σκότους
1482 4170 1629 4239 ἡμᾶς
1677 4169 1769 4223 τοῦ

196 4259 475 4329 ἀφεγγοῦς
517 4260 611 4313 καὶ
651 4261 750 4329 τῆς
784 4258 1145 4331 αξωνιξούσης
1186 4259 1368 4328 ἐξελοῦ
1403 4261 1676 4327 κολάσεως
1705 4265 1771 4334 τῇ

197 4360 267 4428 σῇ
303 4355 574 4427 μεσιτείςι.

208 4468 313 4521 Ἕκ
346 4464 453 4519 τοῦ
486 4462 756 4529 Κανόνος
778 4461 885 4531 τῆς
913 4461 1216 4532 τετάρτης,
1244 4466 1332 4530 εις
1353 4464 1461 4519 τὸν
1498 4467 1770 4534 Ὀρθρον.

1874 3336 2284 3407 benignitatem,
2309 3335 2585 3388 hominem
2622 3334 2847 3388 factum.
2912 3328 3067 3385 Unde
3107 3339 3177 3395 te,
3204 3345 3237 3384 ο
3285 3345 3445 3400 pura,

1874 3443 2111 3484 equisone
2145 3442 2274 3481 voce
2301 3426 2515 3479 beatam
2540 3439 2943 3495 nuncupamus.

1945 3520 2028 3577 Me
2055 3522 2108 3575 in
2134 3519 2338 3591 peccati
2367 3519 2483 3574 salo
2509 3518 2881 3582 ﬂuctuantem,
2912 3515 3301 3570 intercessione
3330 3522 3447 3580 tua,

1873 3631 1908 3669 ο
1938 3625 2110 3679 casta,
2143 3616 2209 3668 ad
2262 3612 2742 3682 tranquillissimos
2789 3608 3047 3665 salutaris
3113 3607 3447 3676 paenitentiae

1873 3718 2086 3781 portus,
2116 3723 2336 3778 precor,
2372 3707 2633 3770 Domina,
2656 3704 2947 3769 deducito;
2979 3711 3035 3756 ut
3057 3699 3330 3772 perpetuis
3358 3714 3448 3755 so-

1873 3804 2071 3859 cordia:
2102 3802 2339 3857 tenebris
2368 3800 2662 3866 involutus,
2693 3797 2909 3853 tandem
2940 3795 3234 3866 aliquando
3256 3793 3448 3848 salutis

1874 3896 2055 3951 lumen
2093 3895 2380 3964 aspiciam.

1944 3987 2371 4059 Fulgurantibus
2402 3985 2573 4041 radiis
2596 3984 2717 4039 Filii
2750 3993 2802 4039 et
2836 3983 2925 4037 Dei
2957 3982 3058 4047 tui,
3082 3980 3173 4050 qui
3197 3995 3263 4035 ex
3294 3988 3450 4033 utero

1875 4088 1969 4134 tuo
2004 4078 2271 4149 processit
2325 4077 2574 4131 illumina
2607 4086 2659 4130 et
2688 4074 2957 4137 exbilara,
2991 4088 3025 4127 ο
3079 4069 3450 4126 intemeratis-

1874 4173 2032 4236 sima,
2065 4187 2157 4225 eos
2191 4173 2281 4240 qui
2319 4179 2370 4225 te
2401 4184 2525 4225 cum
2565 4169 2666 4223 [ide
2701 4166 3050 4228 collaudant;
3093 4172 3147 4219 et
3192 4163 3453 4216 interces-

1878 4264 2031 4318 sione
2065 4274 2153 4317 tua
2188 4278 2217 4317 a
2241 4263 2481 4317 tenebris
2514 4259 2923 4316 obscurissimis
2950 4255 3171 4320 Averni,
3202 4262 3257 4311 et
3293 4269 3322 4309 a
3353 4268 3451 4325 pe-

1878 4355 2031 4408 renni
2076 4364 2341 4408 tormento
2370 4351 2517 4422 eripe
2551 4369 2670 4407 nos.

2122 4463 2207 4516 Ex
2236 4464 2446 4517 Canone
2479 4464 2626 4531 ferite
2659 4478 2709 4515 tv
2755 4461 2825 4514 ad
2858 4459 3203 4514 Malutinum.

270 4574 665 4648 Παρισταμένη
700 4572 779 4643 τῷ
826 4573 1045 4644 σταυρῷ
1091 4590 1207 4639 σου,
1240 4574 1432 4642 Κύριε,
1483 4577 1517 4647 η
1553 4576 1773 4646 ἀπειρό-

1947 4575 2225 4630 Assistens
2267 4572 2433 4644 Virgo
2482 4574 2710 4643 innupta
2759 4570 2907 4627 cruci
2966 4580 3092 4634 tuze,
3132 4568 3448 4623 Dominator

197 4688 403 4742 γαμος,
433 4668 528 4722 καὶ
555 4666 652 4730 τὰς
680 4667 739 4719 ὲν
771 4666 853 4719 σοὶ
881 4666 1114 4737 τρώσεις
1151 4666 1458 4738 καθορῶσα,
1495 4669 1739 4721 Δέσποτα
1758 4709 1772 4733 ,

197 4761 617 4834 τιτρωσκομένη
665 4759 850 4828 ἔλεγεν
874 4774 889 4789 ’
928 4760 1109 4830 Οίμοι,
1145 4760 1331 4814 τέκνον
1361 4762 1372 4814 ί
1406 4759 1604 4824 ὠδῖνας
1641 4762 1776 4814 ἀπο-

200 4855 452 4928 φυγοῦσα
494 4853 572 4925 τῷ
618 4853 763 4922 τόκῳ
810 4867 929 4918 σου,
979 4851 1075 4907 νῦν
1124 4853 1399 4926 ὀδυνηρῶς
1444 4854 1778 4926 κατατρύχο-

200 4969 301 5022 μαι
1420 5005 1424 5009 .

280 5040 347 5095 ⁸11
393 5040 739 5111 πολύμνητος
778 5040 956 5109 ἀμνὰς
996 5039 1088 5094 τὸν
1127 5040 1267 5110 ἄρνα
1294 5040 1607 5111 θεασαμένη
1641 5041 1778 5111 πρὸς

196 5136 451 5191 ἑκούσιον
485 5134 776 5205 ἑλκόμενον
807 5133 998 5196 πάθος,
1035 5133 1132 5187 καὶ
1163 5132 1564 5204 σταυρούμενον
1592 5134 1775 5204 σαρκὶ,

194 5228 438 5302 ἠλάλαζε
464 5226 793 5298 δακρύουσα,
822 5228 919 5282 καὶ
947 5228 1044 5298 τὴν
1074 5226 1457 5299 μακροθυμίαν
1489 5226 1648 5299 ὕμνει
1679 5224 1778 5297 τὴν

196 5324 393 5380 τούτου
419 5321 738 5389 δοξάζουσα.

270 5508 381 5563 Τὸν
406 5507 609 5576 ἑαυτῆς
635 5504 835 5576 μόσχον
858 5505 890 5575 ἡ
921 5502 1210 5576 ἄμεμπτος
1232 5503 1462 5575 δάμαλις
1489 5505 1780 5560 κατιδοῦσα

202 5602 349 5673 ξύλῳ
367 5598 775 5672 ἀναρτάῳενον,
806 5597 1030 5664 Τέκνον,
1061 5597 1191 5652 ἐϐόα
1218 5597 1539 5671 ἀλαλαγμῷ,
1571 5600 1687 5664 πῶς
1720 5617 1782 5654 σε

200 5694 551 5765 παναμωμον
596 5690 767 5761 δῆμος
796 5689 906 5745 οὐδ’
949 5689 1086 5753 ὅλως
1132 5688 1468 5761 ᾠκτείρησεν
1513 5688 1674 5744 αὑτὸν
1698 5692 1781 5745 ol-

203 5786 558 5859 κτειρηκότα,
590 5784 729 5841 ἀλλά
776 5783 967 5854 σκέψει
1012 5782 1162 5855 δολία
1219 5782 1522 5839 θανατῶσαι
1580 5783 1781 5849 ἀδίκως

204 5880 491 5953 προείλετο
511 5896 526 5947 ;
885 5904 889 5909 -

1880 4667 2127 4730 Domine,
2161 4677 2324 4736 atque
2382 4668 2598 4721 intuens
2662 4666 2886 4720 vulnera
2944 4672 3055 4726 tua,
3117 4663 3231 4731 ipsa
3281 4659 3451 4714 etiam

1877 4761 2288 4825 vulnerabatur,
2338 4776 2404 4815 ac
2453 4759 2709 4814 dicebat:
2754 4757 2849 4812 l-lei
2897 4757 3053 4819 mibi,
3090 4756 3196 4810 lilil
3238 4754 3458 4810 dolores

1879 4864 2087 4924 partus,
2115 4870 2240 4908 cum
2278 4862 2331 4908 tu
2384 4854 2709 4919 nascereris,
2750 4851 3031 4921 eﬂugi;et
3077 4865 3221 4904 nune
3252 4848 3458 4904 doloni-

1878 4947 1981 5002 bus
2017 4962 2235 5018 premor
2259 4961 2323 5000 ac
2352 4946 2677 5001 discrucior.

1946 5040 2099 5110 Agna
2128 5040 2241 5106 illa,
2267 5056 2395 5109 quae
2440 5039 2687 5108 plurimis
2712 5038 2913 5107 ubique
2935 5035 3188 5090 laudibus
3210 5033 3450 5088 celebra-

1882 5143 1989 5199 tur,
2016 5132 2177 5203 297
2206 5134 2396 5187 videns
2421 5134 2632 5201 Agnum
2661 5131 2727 5184 ad
2754 5133 3113 5184 voluntariam
3140 5128 3450 5197 passionem

1883 5234 2198 5289 attractum,
2231 5240 2293 5279 ac
2321 5222 2623 5277 secundum
2651 5235 2871 5275 carnem
2902 5219 3244 5281 cruciﬁxum,
3278 5216 3453 5286 ejula-

1883 5321 1975 5375 bat
2001 5335 2127 5375 cum
2149 5318 2421 5390 lacrymis,
2451 5326 2507 5371 et
2532 5316 2676 5371 illius
2700 5313 3163 5386 longanimitatem
3187 5327 3313 5367 cum
3338 5313 3452 5366 lauc

1882 5413 2042 5468 dibus
2081 5410 2435 5483 gloriﬁcabat.

1951 5506 2190 5562 Juvenca
2239 5504 2588 5560 immaculata
2643 5502 2831 5557 videns
2880 5501 3110 5556 vitulum
3173 5514 3333 5554 suum
3399 5498 3455 5553 in

1882 5615 2045 5657 cruce
2075 5612 2432 5667 suspensum,
2464 5611 2586 5653 cum
2634 5596 2837 5667 gemitu
2867 5594 3139 5649 clamabat
3171 5608 3184 5644 :
3226 5588 3272 5647 Ο
3310 5590 3452 5657 Fili;

1882 5694 2158 5767 quomodo
2192 5692 2425 5763 populus
2457 5692 2842 5762 praevaricator
2872 5689 3076 5743 nullam
3111 5687 3187 5743 tui
3221 5687 3454 5742 misera-

1884 5790 2087 5844 tionem
2121 5787 2330 5853 habuit,
2357 5786 2450 5857 qui
2486 5785 2635 5840 illius
2661 5784 2919 5839 misertus
2949 5785 3049 5839 es?
3086 5782 3183 5839 sed
3221 5780 3453 5836 frauda-

1888 5884 2029 5938 lento
2058 5881 2288 5939 consilio
2321 5890 2372 5937 te
2393 5879 2594 5951 injuste
2634 5877 2937 5936 interﬁcere
2967 5877 3232 5933 decrevit.
