4180 6450
110 5794 701 6255 ί

742 391 877 455 1347

1875 382 1935 439 5.
1976 378 2290 440 JOSEPIII
2335 376 2890 437 IlYMNOGRAPHI

812 502 1018 554 Novum
1054 495 1426 566 spectaculum
1455 495 1668 547 intueor
1696 489 2085 561 (exclamabas,
2104 505 2137 543 ο
2166 488 2313 541 omni
2348 494 2391 547 Α

3860 376 4002 441 1348

2496 484 2658 537 Ξένον
2690 485 2870 555 θέαμα
2907 482 3111 553 βλέπω,
3143 484 3396 556 ἕκραζες,
3426 486 3771 557 πανύμνητε,
3808 487 3933 550 πῶς
3978 489 4006 540 ὀ

736 591 897 646 laude
935 589 1277 659 dignissima)
1308 605 1320 640 :
1360 586 1644 651 Quomodo
1702 594 1781 647 tu,
1817 583 1906 649 qui
1934 592 2156 651 aspectu
2192 582 2317 634 uni-

2441 578 2497 647 ῖῴ
2548 576 2824 646 βλέμματι
2869 576 3052 627 πᾶσαν
3093 577 3198 645 γῆν
3232 575 3496 643 σαλεύων,
3526 576 3620 629 ἐπὶ
3643 575 3802 643 ξύλου
3833 577 4008 644 {idfati-

742 696 952 737 versam
1008 679 1259 733 concutis
1305 686 1529 738 terram,
1574 674 1628 728 in
1680 688 1844 727 cruce
1890 673 2162 725 exaltatus
2217 671 2319 724 ob-

738 776 1011 832 dormisti:
1040 790 1165 829 cum
1220 783 1398 825 tamen
1447 784 1543 823 eos
1593 770 1687 838 qui
1741 764 2082 820 dormierunt
2132 782 2163 820 a
2224 780 2320 819 sa:-

737 871 863 924 culo
916 871 1288 925 suscitaturus
1333 862 1452 918 sis?
1499 863 1701 925 Adoro,
1740 874 1774 913 o
1834 857 1957 926 Fili,
2005 858 2319 929 patientiam

740 969 916 1016 tuam.

809 1052 885 1106 Te
908 1052 1196 1106 Dominum
1223 1050 1367 1114 vitae,
1402 1059 1455 1105 et
1480 1047 1790 1118 speciosum
1822 1046 2002 1101 forma
2034 1060 2200 1115 super
2261 1046 2324 1100 ll-

2425 687 2583 739 μενος
2633 667 2913 731 ὗπνωσας.
2974 667 3102 729 τοὺς
3161 668 3465 731 ὑπνοῦντας
3522 667 3733 738 μέλλων
3792 670 3857 721 ἑκ
3908 668 4005 721 τοῦ

2421 763 2617 825 αἰῶνος
2660 762 3004 829 άνυπνίζειν;
3055 764 3346 834 προσκυνῶ
3389 780 3506 829 σου,
3536 762 3654 827 Υίὲ,
3697 762 3760 814 τὸ
3792 761 4007 832 μακρό-

2423 854 2486 907 θυ
2495 874 2611 924 μον.

2498 1040 2705 1112 Κύριόν
2737 1058 2796 1095 σε
2822 1038 2921 1111 τῆς
2949 1039 3093 1111 ζωῆς
3125 1040 3220 1095 καὶ
3248 1042 3447 1112 ὡραῖον
3489 1040 3780 1109 ἀπεκύησα
3812 1039 4004 1094 κάλλει

743 1147 847 1200 lios
882 1145 1167 1198 hominum
1197 1145 1327 1196 olim
1385 1130 1565 1211 peperi
1612 1140 1976 1209 (exclamabat
2020 1138 2226 1208 Virgo),
2272 1146 2328 1191 et

2441 1134 2570 1205 ὅπερ
2603 1135 2753 1196 υίοὺς
2783 1132 3112 1205 ἀνθρώπων,
3148 1134 3183 1205 η
3231 1133 3510 1205 Παρθένος
3538 1135 3878 1205 ἑκραύγαζε,
3910 1136 4005 1187 καί

741 1236 1018 1306 quomodo
1057 1235 1289 1287 moreris
1325 1247 1490 1294 nunc,
1527 1245 1559 1285 0
1584 1230 1678 1296 illi,
1717 1247 1824 1284 non
1849 1231 2060 1284 habens
2087 1232 2323 1299 speciem

744 1342 922 1396 neque
957 1327 1211 1380 decorem
1239 1325 1288 1376 iu
1318 1338 1481 1377 cruce
1508 1336 1833 1392 suspensus,
1863 1322 1958 1391 qui
1984 1331 2119 1376 nutu
2143 1321 2325 1376 omnia

746 1422 1156 1492 pulchritudine
1183 1435 1441 1474 exornas.

813 1515 858 1568 O
897 1514 1154 1578 Verbum,
1190 1513 1272 1568 sol
1307 1514 1555 1567 nesciens
1593 1520 1848 1568 occasum
1881 1510 2082 1581 (aiebat
2114 1510 2326 1582 Virgo),

746 1603 1025 1674 quomodo
1062 1618 1206 1656 nunc
1243 1602 1294 1655 iu
1338 1602 1485 1672 ligno
1531 1612 1819 1657 extensum
1860 1602 2140 1665 occidisti;
2171 1612 2225 1656 et
2251 1604 2331 1656 sol

745 1698 959 1760 videns,
992 1696 1199 1750 destitit
1227 1710 1254 1748 a
1282 1711 1447 1749 cursu
1478 1711 1601 1759 suo,
1631 1711 1739 1750 non
1770 1694 1950 1750 ferens
1999 1711 2117 1749 sese
2163 1710 2330 1764 appa-

749 1807 867 1845 rere
900 1805 963 1843 ac
1008 1789 1191 1842 lucere
1230 1787 1357 1840 dum
1408 1798 1463 1839 tu
1520 1786 1746 1856 pateris,
1776 1801 1808 1841 ο
1858 1786 2125 1852 Domine;
2166 1784 2330 1840 laudo

748 1893 802 1939 et
830 1884 1000 1938 adoro
1040 1881 1278 1933 divinam
1313 1881 1611 1949 potentiam
1654 1889 1824 1934 tuam.

819 1974 953 2027 Cum
987 1972 1176 2027 dolore
1209 1971 1518 2041 su~pirans,
1543 1986 1666 2025 cum
1704 1984 1949 2028 materno
1988 1971 2183 2028 allectu
2210 1972 2329 2042 eju-

748 2070 890 2132 lans,
914 2080 965 2123 et
991 2067 1419 2123 coarctatiouem
1470 2075 1637 2135 atque
1674 2067 1980 2137 angustiam
2026 2066 2206 2122 cordis
2243 2080 2330 2120 re-

749 2162 987 2233 primere
1023 2177 1132 2215 non
1167 2161 1376 2226 valens,
1410 2161 1585 2215 oculis
1612 2161 1664 2214 in
1689 2176 1853 2216 cruce
1886 2160 2081 2215 defixis
2112 2161 2177 2215 ad
2205 2175 2329 2214 eum

752 2255 843 2323 qui
876 2271 941 2309 ex
976 2263 1133 2307 utero
1191 2261 1284 2305 tuo
1315 2261 1477 2307 natus
1521 2261 1659 2315 erat,
1692 2252 2074 2308 exclamabas:
2105 2251 2149 2306 0
2203 2250 2327 2317 Fili,

750 2348 1028 2416 quodnam
1063 2345 1437 2415 spectaculum
1480 2354 1566 2399 est
1627 2344 1771 2400 hoc?
1806 2346 2085 2415 quomodo
2128 2346 2332 2415 pateris

753 2446 834 2501 tu,
886 2438 979 2507 qui
1035 2448 1229 2490 natura
1280 2452 1338 2490 es
1388 2436 1789 2506 impassihilis,
1830 2449 1993 2506 atque
2049 2437 2333 2491 hominum

752 2546 925 2601 genus
945 2531 1171 2584 omnino
1208 2530 1287 2585 vis
1312 2547 1339 2584 a
1368 2534 1721 2600 corruptione
1746 2533 2021 2588 liberare?

827 2625 964 2677 Cum
1007 2623 1491 2694 lugerim.d'olores
1521 2636 1759 2680 matrum
1787 2642 1853 2682 eo
1879 2636 2120 2698 tempore
2146 2643 2255 2699 quo
2285 2637 2339 2681 te

758 2717 965 2786 peperi,
987 2732 1019 2769 o
1066 2716 1351 2770 mitissime
1383 2716 1521 2783 Fili;
1555 2733 1703 2772 nunc
1757 2718 1910 2786 dum,
1941 2728 1993 2773 te
2023 2720 2334 2774 voluntarie

758 2809 1065 2878 passionem
1092 2810 1370 2879 amplecti,
1394 2819 1448 2863 et
1473 2811 1691 2864 dolores
1720 2812 1906 2865 subire
1931 2810 2109 2875 video,
2132 2811 2339 2867 viscera

764 2917 882 2955 mea
935 2902 1368 2967 discruciantur,
1393 2913 1447 2956 et
1477 2903 1661 2956 anima
1703 2919 1823 2957 mea
1861 2904 2100 2973 repletur
2134 2904 2342 2959 dolori-

761 2994 882 3049 bus.
918 2994 996 3049 lta
1034 2996 1381 3048 exclamabat
1414 2996 1720 3050 castissima
1754 2995 1866 3060 illa,
1900 3011 2064 3066 quam
2095 3012 2195 3051 nos
2247 3010 2343 3065 pro

762 3088 956 3141 merito
991 3087 1419 3156 tuaguilicamus.

937 3215 1102 3283 298
1136 3214 1213 3267 Ex
1246 3213 1453 3269 Conone
1479 3214 1625 3282 [ert'w
1651 3231 1704 3279 γ,
1733 3214 1802 3267 ad
1826 3214 2173 3270 Matutiuum.

836 3341 1037 3395 Prmter
1061 3352 1269 3395 natura:
1296 3343 1459 3410 leges,
1488 3342 1768 3411 peperisti,
1788 3357 1821 3395 ο
1844 3343 2345 3409 intemeratissima,

763 3436 1128 3505 lt-gislatorem
1186 3452 1249 3490 ac
1298 3434 1507 3499 Deum,,
1538 3437 1815 3490 hominem
1867 3435 2070 3490 factum
2110 3456 2122 3491 :
2166 3454 2348 3507 quem,

766 3539 954 3598 utpote
986 3530 1303 3598 benignum,
1337 3530 1647 3597 deprecare,
1687 3538 1745 3581 ttt
1798 3529 2043 3599 ignoscat
2084 3532 2242 3585 nobis
2287 3546 2350 3585 ea

765 3636 887 3690 qua:
914 3630 1102 3674 contra
1135 3622 1304 3689 legem
1331 3619 1685 3688 deliquimus,
1719 3618 1849 3673 dum
1879 3621 2096 3674 assidue
2146 3622 2351 3675 clama-

770 3728 892 3767 mus
925 3731 937 3767 :
970 3712 1268 3768 Cantemus
1302 3710 1557 3776 Domino,
1591 3712 1830 3783 gloriose
1862 3714 2005 3768 enim
2038 3714 2353 3784 magniﬁca-

771 3817 858 3861 tus
881 3815 981 3861 εει.

846 3900 1169 3970 Deprecare,
1192 3916 1225 3955 o
1249 3899 1438 3970 Virgo,
1466 3900 1617 3955 illum
1651 3901 1745 3973 qui
1779 3902 1955 3957 bonus
1982 3908 2089 3966 est,
2119 3912 2177 3956 ut
2226 3919 2353 3973 pec-

770 3999 1021 4044 catorum
1090 3991 1543 4057 absolutionem,
1597 4000 1651 4045 et
1724 4006 1755 4045 a
1820 3993 2159 4062 gravissimis
2231 3994 2355 4048 vitae

776 4086 939 4155 hujus
1025 4085 1455 4140 adversitatibus
1530 4086 1950 4155 liberationem,
2025 4088 2159 4141 mihi
2251 4087 2358 4142 lar-

773 4178 973 4247 giatur.

847 4269 924 4324 Da
981 4270 1112 4323 mihi
1170 4270 1334 4337 vires,
1368 4286 1401 4325 0
1434 4271 1716 4337 inviolata,
1753 4281 1813 4326 ut
1836 4272 2088 4328 caelestes
2147 4272 2355 4341 cogita-

778 4363 954 4415 tioues
982 4362 1034 4414 iu
1069 4363 1250 4416 anima
1293 4379 1411 4416 mea
1441 4365 1690 4420 excolere
1732 4367 1961 4435 possim,
1984 4375 2038 4420 ct
2068 4366 2213 4421 illius
2241 4382 2358 4421 mo-

778 4462 864 4506 tus
889 4453 954 4506 ad
988 4454 1107 4507 vitae
1148 4454 1426 4523 ingressus
1448 4456 1639 4527 dirige.

2428 1225 2547 1288 πῶς
2597 1225 2855 1293 θνήσκεις
2906 1220 3023 1288 νῦν,
3068 1223 3189 1288 Υἱὲ,
3237 1225 3433 1288 κάλλος
3486 1226 3590 1279 οὐκ
3649 1225 3786 1296 ἔχων
3816 1229 3879 1279 ἐν
3927 1227 4005 1295 τῷ

2436 1317 2873 1391 σταυροῦσθαι,ό
2894 1318 3253 1384 καλλωπίζων
3288 1320 3467 1374 πάντα
3492 1320 3752 1392 vatiuati;

2515 1505 2572 1558 Ὀ
2592 1504 2787 1569 άδυτος
2804 1505 2975 1576 ἥλιος,
3002 1504 3121 1567 πῶς
3142 1505 3264 1570 ἔδυς
3288 1502 3628 1576 ξύλῳ,Λόγε,
3658 1504 4010 1575 τεινόμενος;

2432 1598 2467 1667 ἡ
2490 1596 2766 1668 Παρθένος
2789 1596 2918 1650 ἐϐόα
2936 1612 2949 1626 ·
2981 1598 3076 1650 καὶ
3103 1596 3319 1666 βλέπων
3343 1598 3472 1669 ἔστη
3490 1596 3584 1650 τοῦ
3607 1596 3807 1667 δρόμου
3836 1596 4011 1664 ἥλιος,

2434 1690 2643 1759 φαίνειν
2668 1690 2745 1761 μὴ
2775 1690 3001 1757 σθένων,
3032 1689 3127 1742 σού
3151 1690 3474 1761 πάσχοντος,
3500 1690 3783 1757 Momm;
3812 1688 4013 1760 Ὕμνο-

2434 1781 2600 1852 λογῶ,
2641 1784 2933 1855 προσκυνῶ
2956 1787 3019 1839 τὸ
3053 1786 3197 1840 θεῖον
3222 1783 3423 1854 κράτος
3457 1800 3574 1838 σου.

2519 1972 2829 2044 Ὀδυνηρῶς
2891 1970 3246 2037 στενάζουσα,
3280 1969 3593 2045 .μητρικῶς
3636 1968 4014 2034 ἀλαλάζουσα,

2435 2068 2535 2123 καὶ
2564 2068 2663 2139 τὴν
2710 2070 2771 2121 ἐκ
2822 2069 2934 2121 τῶν
2992 2068 3315 2139 σπλάγχνων
3368 2066 3597 2138 συνοχὴν
3622 2064 3698 2138 μὴ
3750 2065 4018 2136 φέρουσα,

2438 2160 2656 2233 σταυρῷ
2688 2160 2996 2232 ὲνητένιζες
3021 2161 3099 2233 τῷ
3132 2162 3197 2215 ὲκ
3235 2162 3333 2232 τῆς
3352 2160 3449 2229 σῆς
3478 2158 3723 2230 τεχθέντι
3755 2158 4018 2227 γαστρὸς,

2437 2254 2663 2319 Τέκνον,
2697 2254 2969 2319 ὲκϐοῶσα,
3002 2253 3055 2307 τί
3084 2253 3145 2307 τὸ
3189 2255 3372 2324 ὅραμα
3396 2250 3554 2306 τοῦτο
3578 2269 3593 2319 ;
3617 2252 3733 2315 πῶς
3757 2252 4016 2322 πάσχεις,

2436 2349 2464 2401 ὁ
2507 2350 2573 2416 τῇ
2626 2347 2786 2416 φύσει
2850 2346 3091 2418 ἀπαθὴς,
3126 2347 3235 2400 πᾶν
3267 2356 3354 2411 ;τε
3413 2344 3581 2399 θέλων
3629 2344 3872 2413 τὸγένος
3909 2343 4021 2398 τῶν

2440 2438 2748 2509 ἀνθρώπων
2785 2439 2991 2511 φθορᾶς
3026 2438 3431 2509 ὲλευθερῶσαι;

2504 2622 2759 2692 Φυγοῦσα
2791 2624 2891 2688 τὰς
2920 2625 3115 2689 ὠδῖνας
3145 2626 3243 2690 τὰς
3273 2626 3551 2697 μητρικὰς
3588 2624 3668 2696 τῷ
3699 2625 3880 2698 καιρῷ
3926 2628 4026 2698 τῆς

2445 2716 2685 2786 λοχείας,
2722 2717 3065 2789 μακρόθυμε,
3101 2721 3160 2772 ὲν
3206 2718 3284 2787 τῷ
3312 2719 3370 2772 δὲ
3421 2719 3517 2773 νῦν
3562 2719 3727 2774 πάθει
3756 2721 4027 2787 ἑκουσίως

2444 2806 2825 2878 προσομιλεῖν,
2874 2808 2971 2861 καὶ
3008 2809 3173 2877 ἄλγος
3203 2808 3907 2883 καθυφίστασθαι,ήλγησα
3954 2814 4025 2867 τὰ

2446 2899 2754 2968 σπλάγχνα,
2783 2900 2877 2952 καὶ
2900 2902 3000 2970 τὴν
3028 2901 3208 2973 ψυχὴν
3231 2902 3421 2972 ὀδύνης
3448 2905 3797 2979 ἑπληρὼθην,
3829 2914 3867 2977 η
3888 2909 4033 2965 πάν-

2445 3009 2608 3059 αγνος
2638 2994 2784 3058 ὲόόα,
2813 2995 2879 3065 ἢν
2914 2994 3154 3061 ἐπαξίως
3194 2995 3592 3069 μεγαλύνομεν.

2380 3210 2426 3270 C
2456 3211 2589 3283 ,Ἐκ
2614 3211 2720 3265 τοῦ
2748 3212 3017 3277 Κανόνος
3040 3211 3149 3281 τῆς
3168 3211 3461 3282 πέμπτης,
3490 3214 3579 3279 εις
3600 3212 3708 3266 τὸν
3736 3213 4018 3283 Ὅρθρον.

2515 3340 2781 3411 Νομίμων
2811 3340 2935 3409 δίχα
2966 3340 3065 3409 τῆς
3100 3340 3316 3409 φύσεως
3344 3340 3573 3402 τέτοκας
3603 3341 3695 3393 τὸν
3732 3342 4036 3414 νομοδότην

2453 3436 2548 3485 καὶ
2602 3432 2736 3485 Θεὸν
2781 3431 3069 3501 ἄνθρωπον
3115 3432 3408 3501 γενόμενον
3435 3448 3448 3462 ο
3490 3433 3653 3484 αὐτὸν
3697 3432 3772 3496 ὡς
3827 3434 4037 3501 ἀγαθὸν

2454 3526 2694 3590 ἱκέτευε,
2724 3524 3056 3593 πανάμωμε,
3086 3523 3245 3593 ἡμῶν
3266 3522 3365 3586 τὰς
3389 3523 3620 3593 ἀνομίας
3650 3524 3904 3594 παριδεῖν
3928 3527 4037 3580 τῶν

2456 3616 2703 3687 βοώντων
2740 3617 2969 3670 πάντοτε
2995 3630 3009 3645 °
3044 3615 3135 3687 Τῷ
3169 3617 3358 3688 Κυρίῳ
3382 3616 3605 3689 ᾷσωμεν
3625 3634 3637 3647 ·
3670 3617 3902 3685 ἐνδόξως
3927 3618 4038 3690 γὰρ

2454 3709 2791 3776 δεδόξασται.

2526 3900 2693 3953 Λύσιν
2727 3898 3037 3969 δωρηθῆναί
3085 3917 3208 3969 μοι,
3259 3898 3517 3971 ἄχραντε,
3551 3897 3843 3969 ἁμαρτιῶν
3876 3899 4039 3967 αἴτη-

2458 4011 2549 4048 σαι
2600 3993 2691 4046 τὸν
2743 3992 2975 4061 ἀγαθὸν,
3010 3993 3107 4045 καὶ
3148 3991 3259 4045 τῶν
3291 3995 3349 4045 ἐν
3381 3990 3459 4061 τῷ
3507 3990 3607 4062 βίῳ
3636 3991 3923 4062 χαλειιιτιῖιν⁸
3941 4009 4039 4046 πε-

2461 4088 2781 4158 ριστάσεων.

2526 4277 2801 4346 Γεωργεῖν
2845 4293 2911 4347 με
2943 4276 3216 4345 νοήματα,
3251 4275 3516 4352 ἄχραντε,
3552 4272 3783 4345 οὐράνια
3813 4274 4038 4329 ἑνδυνάο

2463 4384 2667 4437 μωσον,
2704 4369 2798 4420 καὶ
2851 4367 2951 4433 τῆς
2979 4365 3159 4435 ψυχῆς
3192 4382 3293 4435 μου
3349 4363 3681 4418 κατεύθυνον
3716 4365 3858 4434 πρὸς
3888 4366 4040 4436 ζωῆς

2463 4459 2702 4520 εἰσόδους
2726 4461 2795 4511 τὰ
2829 4462 3127 4529 κινήματα.

842 4550 1120 4615 Aquarum
1174 4549 1296 4601 vitae
1339 4549 1557 4603 liuentis
1600 4550 1757 4619 plena
1788 4566 1909 4605 cum
1936 4551 2034 4615 sis,
2064 4566 2099 4606 ο
2147 4550 2342 4607 Puella.

2534 4552 2808 4621 Ναμάτων
2843 4550 3177 4621 ζωηρῤύτων
3204 4548 3469 4612 ἀνάπλεος
3502 4544 3657 4616 οὖσα,
3690 4549 3866 4620 Κόρη,
3905 4553 4041 4606 πάν-

778 4650 963 4708 potum
1024 4640 1182 4694 nobis
1212 4642 1468 4697 oumibus
1512 4643 1714 4712 praebe.
1746 4644 1876 4699 dum
1912 4654 1962 4699 te
2002 4646 2087 4715 pia
2130 4660 2193 4700 ac
2228 4645 2355 4699 reli-

781 4734 930 4801 giosa
958 4742 1137 4787 mente
1163 4734 1471 4789 laudamus.

851 4825 1122 4879 Palatium
1156 4827 1320 4895 Regis
1370 4828 1645 4895 altissimi,
1676 4837 1730 4883 et
1765 4830 1993 4884 thronus
2052 4829 2357 4899 ignil‘ormis

782 4918 921 4971 facta
978 4934 1058 4981 es,
1114 4933 1146 4970 ο
1204 4916 1388 4987 Virgo,
1426 4919 1722 4974 Cherubim
1774 4931 1827 4976 et
1857 4920 2139 4991 Seraphim
2196 4921 2358 4975 modo

783 5012 1045 5063 iuetl‘abili
1117 5010 1406 5064 sublimior
1440 5028 1450 5062 :
1481 5015 1836 5082 quamobrem
1904 5014 2084 5068 omnis
2136 5014 2359 5081 spiritus

784 5114 834 5155 te
868 5113 1123 5171 tanquam
1150 5101 1427 5157 Creatoris
1470 5116 1697 5159 matrem
1730 5106 1983 5161 laudibus
2020 5106 2252 5159 extollit.

852 5195 1118 5263 Impetum
1184 5198 1376 5252 mortis
1428 5199 1737 5268 repressisti
1795 5198 1925 5253 dum
1999 5199 2360 5254 immortalem

2457 4660 2555 4706 τας
2585 4644 2729 4713 ἡμᾶς
2766 4646 2989 4727 πότιεσον
3016 4640 3427 4711 εὺσεσοφρόνως
3454 4640 3759 4711 ύμνοῦντάς
3784 4659 3866 4697 σε.

2533 4829 2800 4883 Παλάτιον
2834 4828 3039 4900 ὑψηλοῦ
3083 4829 3366 4900 βασιλέως,
3418 4830 3511 4884 καὶ
3553 4828 3901 4900 πυρίμορφος
3946 4848 4042 4900 γε·

2459 4920 2689 4992 γένησαι
2727 4921 2936 4993 θρόνος,
2974 4924 3081 4975 τῶν
3114 4923 3396 4993 Χερουῦὶμ
3442 4923 3717 4993 ἀνωτέρα,
3772 4925 4043 4994 Παρθένε,

2462 5016 2557 5067 καὶ
2610 5016 2860 5086 Σεραφὶμ
2887 5018 3028 5087 ὑπὲρ
3069 5017 3193 5069 νοῦν
3248 5016 3642 5086 χρηματίσασα
3663 5032 3677 5045 ·
3706 5016 3966 5072 ἐντεῦθέν
3988 5036 4045 5071 σε

2465 5105 2615 5157 πᾶσα
2642 5105 2779 5175 πνοὴ
2795 5105 2869 5166 ὡς
2904 5107 3135 5176 Μητέρα
3164 5106 3378 5171 δοξάζει
3412 5105 3507 5159 τοῦ
3542 5106 3866 5170 κτίσαντος.

2538 5199 2814 5267 Ἔστησας
2854 5198 3035 5271 ῥύμην
3080 5200 3175 5253 τοῦ
3202 5200 3459 5266 θανάτου,
3486 5200 3579 5253 τὸν
3616 5200 3887 5255 ἀθάνατον
3914 5202 4047 5255 Θεὸν

788 5286 955 5341 Deum
1007 5288 1296 5356 peperisti;
1326 5305 1488 5359 quem
1523 5307 1676 5359 roga,
1704 5307 1737 5346 ο
1764 5300 1939 5359 casta,
1971 5300 2031 5346 ut
2079 5291 2342 5361 passione:

2464 5288 2857 5357 ἀποκυήσασαο
2886 5289 2945 5341 ὃν
2969 5289 3234 5354 δυσώπει,
3264 5291 3427 5361 ἁγνὴ,
3459 5292 3525 5344 τὰ
3554 5291 3703 5360 πάθη
3734 5290 4048 5346 θανατῶσλι

788 5381 1120 5435 miserabilis
1154 5381 1404 5450 corporis
1431 5382 1535 5437 mei
1566 5383 1876 5449 mortiticet,
1910 5391 1964 5439 et
2004 5385 2115 5439 vita
2139 5384 2360 5456 dignum

787 5490 873 5527 me
912 5474 1092 5527 faciat.

852 5565 998 5622 Oﬂ'er
1040 5566 1267 5622 Domino
1303 5569 1779 5639 supplicationem,
1816 5579 1875 5625 ut
1933 5573 2281 5640 misereatur,
2312 5580 2366 5627 et

786 5659 1016 5712 salutem
1054 5659 1256 5714 tribuat
1306 5651 1372 5716 iis
1398 5662 1488 5732 qui
1521 5663 1584 5715 ad
1619 5672 1670 5717 te
1708 5661 2054 5733 confugiunt,
2080 5664 2367 5719 osauctis-

787 5749 924 5815 eitua
952 5750 1210 5818 lleipara,
1254 5752 1533 5807 hominum
1569 5754 1857 5807 auxilium.

943 5859 993 5897 τιι
1023 5845 1097 5901 sis
1125 5846 1261 5902 lucis
1290 5847 1648 5914 domicilium,
1670 5848 1933 5914 illumina,
1973 5865 2002 5903 ο
2026 5847 2209 5922 Virgo,
2245 5850 2364 5904 aui-

2464 5381 2558 5436 τοῦ
2586 5380 2842 5436 ταπεινοῦ
2873 5398 2977 5452 μου
3001 5380 3278 5453 σώματος,
3315 5384 3408 5436 καὶ
3442 5382 3588 5454 ζωῆς
3617 5401 3685 5455 με
3718 5384 3978 5452 ἀξιῶσαι.

2544 5572 2853 5642 ⁹ἱκετηρίαν
2892 5570 3215 5640 προσάγαγε
3246 5571 3439 5642 Κυρίῳ
3463 5570 3931 5645 ματοικτειρῆσαι
3958 5577 4049 5630 καὶ

2470 5661 2643 5716 σῶσαι
2660 5665 2787 5728 τοὺς
2804 5664 2897 5717 ἐπὶ
2920 5665 3002 5717 σοὶ
3022 5645 3492 5734 καταφεύγοντας,
3515 5665 3759 5733 παναγία
3775 5668 4041 5740 Παρθένε,

2470 5756 2565 5810 ἀνθ
2575 5756 2773 5827 ρώπων
2808 5757 3054 5829 βοήθεια.

2536 5850 2715 5916 «tum;
2746 5850 2880 5907 οὖσα
2904 5853 3130 5924 δοχείον,
3166 5851 3421 5921 φώτισον,
3465 5854 3734 5925 Παρθένε,
3788 5856 3892 5929 τὴν
3934 5876 4049 5911 cm-
