4180 6450
187 410 317 474 1349
1628 416 1813 475 MAR]
1826 446 1838 473 ,α

1779 416 1988 478 LIALE.
3296 430 3430 495 1350

182 526 454 579 τισοεῖσαν
497 524 674 595 ψυχήν
710 543 813 594 μου
863 529 973 591 τοῖς
1012 528 1258 595 πάθεσιν,
1290 530 1437 593 ὅπως
1470 531 1527 582 ἐν
1574 530 1757 582 πίστει
1784 543 1833 600 Α

1790 543 1833 600 Α
1863 548 2002 587 mam
2046 548 2220 588 meam
2251 548 2540 603 pravarum
2588 534 2938 589 aﬂectionttm
2972 536 3208 592 tenebris
3229 539 3441 592 involu-

183 618 270 669 καὶ
300 615 453 687 πόθῳ
481 617 568 671 ἀεὶ
599 617 807 683 δοξάζω
836 635 917 675 σε.

1860 635 1993 689 tam,
2026 633 2231 679 utcum
2284 624 2386 680 tide
2423 623 2613 679 aﬂ‘ectu
2677 641 2891 696 semper
2939 636 3150 683 cantem
3208 629 3435 698 gloriam

1862 726 2037 771 tuam.

191 838 286 891 Ἐκ
351 838 458 893 τοῦ
508 840 767 907 κανόνος
824 839 965 965 ιςῦἷςθ
1000 840 1417 911 Παρασκευῆς,
1492 845 1579 909 είς
1654 843 1759 895 τὸν

894 930 928 965 o
968 931 1096 965 Dor.

1654 843 1759 895 τὸν
2037 843 2200 915 299
2225 842 2306 896 Ex
2329 845 2534 901 Canone
2557 845 2704 914 {eriar
2729 862 2801 909 vi,
2827 847 2895 899 ad
2922 845 3260 903 Malutinum.

887 930 1096 981 paper.

251 1038 341 1102 Ὠς
389 1038 582 1110 έϐλεψέ
630 1057 690 1092 σε
738 1041 957 1112 σταυρῷ
1005 1041 1096 1094 τὸν
1153 1040 1222 1093 τά
1274 1041 1455 1094 πάντα
1495 1040 1759 1108 βλέποντα

1938 1044 2039 1101 Ubi
2095 1048 2441 1102 immaculata
2482 1049 2615 1117 (55),
2650 1050 2783 1103 vidit
2831 1050 3097 1105 videntem
3151 1052 3329 1107 omnia
3389 1055 3439 1107 in

186 1131 482 1201 ἡλούμενον
510 1133 544 1200 ἡ
582 1132 895 1201 ἄμεμπτος,
931 1131 1229 1203 ὀδυρομένη
1266 1132 1450 1199 ἔλεγε·
1488 1133 1551 1184 Τί
1580 1132 1759 1197 τοῦτο,

1864 1155 2025 1196 cruce
2067 1142 2368 1207 sublatum,
2402 1142 2590 1195 dolore
2630 1142 2877 1211 perculsa
2909 1182 2923 1204 ,
2964 1144 3033 1197 ita
3084 1145 3261 1199 locuta
3312 1160 3388 1200 est
3423 1166 3434 1200 :

190 1224 379 1276 τέκνον
409 1224 576 1293 ὲμόν;
604 1224 672 1276 Τί
712 1241 794 1276 σοι
827 1225 1218 1279 ἀνταπέδωκαν
1264 1227 1313 1277 οἱ
1355 1225 1761 1288 ἀπολαύσαντες

1864 1233 2004 1299 Quid
2036 1244 2119 1289 est
2154 1236 2278 1297 hoc,
2308 1234 2378 1287 lili
2412 1234 2524 1287 mi?
2563 1236 2689 1302 quid
2735 1237 2830 1289 tibi
2859 1236 3245 1301 retribuerunt,
3281 1242 3373 1308 qui
3409 1258 3437 1293 a

193 1312 407 1367 πολλῶν
456 1331 551 1368 σου
601 1315 980 1385 δωρημάτων;
1020 1316 1136 1380 πῶς
1192 1317 1401 1370 ὐποίσω
1437 1318 1529 1371 τὸν
1559 1320 1759 1383 πόνον;

1866 1337 1917 1381 te
1974 1338 2051 1381 tot
2114 1325 2375 1380 beneficia
2437 1330 2803 1398 acceperunt?
2859 1330 3129 1400 quomodo
3197 1332 3440 1388 dolorem

186 1407 322 1472 Δόξα
363 1411 430 1479 τῇ
465 1411 554 1480 σῇ,
590 1407 930 1479 εὐσπλαγχνε
971 1410 1064 1463 καὶ
1106 1409 1448 1483 μακροθυμε,
1479 1412 1763 1483 οἰκονομία

1865 1420 2182 1473 sustinebo!
2224 1418 2406 1475 Gloria
2460 1420 2532 1475 sit
2583 1424 2904 1477 venerandae
2929 1424 3276 1493 dispositioni
3317 1437 3443 1493 lna-,

188 1504 412 1569 φρικτῇ.
1866 1528 1897 1565 o
1933 1512 2447 1568 misericordissime
2469 1530 2531 1568 ac
2564 1515 2986 1583 patientissime.

251 1592 526 1661 Νομίμων
563 1593 686 1664 δίχα
718 1595 828 1648 τῶν
863 1595 1225 1668 ἀνθρωπίνων
1251 1615 1308 1650 σε
1335 1598 1527 1651 τέκνον
1555 1596 1761 1662 ἔτεκον,

1939 1602 2015 1657 Te
2050 1617 2246 1672 prazler
2277 1604 2423 1673 leges
2454 1605 2720 1660 humanas
2752 1608 2956 1675 peperi,
2992 1624 3024 1661 ο
3050 1607 3187 1674 Fili;
3218 1620 3272 1665 et
3302 1628 3446 1682 quo-

187 1681 276 1733 καὶ
325 1682 442 1744 πῶς
489 1684 685 1754 ἄνομοι
716 1686 913 1755 ὐψοῦσί
950 1704 1008 1739 σε
1037 1688 1179 1760 ξύλῳ
1213 1690 1379 1759 μέσον
1404 1689 1641 1759 ἀνόμων,
1674 1687 1764 1740 τὸν

1868 1695 2029 1751 modo
2078 1697 2209 1767 legis
2252 1699 2544 1751 violatores
2598 1701 2651 1753 in
2712 1699 2917 1768 lignum
3001 1710 3052 1756 te
3105 1681 3444 1759 sustulerunt

188 1773 344 1842 μόνον
396 1775 592 1845 νόμους
633 1776 781 1847 ζωῆς
812 1778 1199 1851 ὲκτιθέμενον;
1234 1782 1268 1851 ή
1294 1781 1558 1844 Θεοτόκος
1596 1780 1762 1853 θρην-

1870 1792 1923 1845 ἱη
1978 1792 2158 1846 medio
2219 1802 2690 1861 transgressorum
2725 1792 2880 1864 legis,
2938 1794 3031 1862 qui
3097 1795 3246 1850 solus
3322 1798 3444 1851 vitre

181 1865 389 1935 ῳδοῦσα
416 1867 823 1939 ἀπεφθέγγετο.
1796 1936 1832 1990 Β

1796 1936 1837 1990 Β
1871 1883 2016 1954 leges
2074 1885 2405 1941 condidisti?
2447 1883 2522 1939 Ita
2572 1886 2909 1956 gemebunda
2974 1885 3202 1957 Deipara
3253 1888 3445 1960 loque-

1868 1977 2048 2033 batur.

248 2052 389 2106 Νέον
425 2052 624 2123 βρέφος
665 2053 909 2125 ἐκύησας
949 2054 1041 2107 τὸν
1078 2053 1185 2128 πρὸ
1228 2053 1336 2108 τῶν
1391 2056 1602 2110 αίωνων
1636 2055 1766 2108 όντα

1938 2070 2149 2126 Novum
2186 2070 2445 2127 infantem
2490 2072 2768 2142 peperisti,
2802 2073 2894 2143 qui
2929 2083 3047 2128 erat
3086 2086 3211 2130 ante
3260 2076 3443 2130 omnia

186 2147 520 2211 παντέλειον,
543 2147 638 2200 καὶ
657 2148 901 2220 σταυρῷ,
928 2148 1082 2218 Κόρη
1099 2149 1431 2220 πανάμωμε,
1456 2148 1765 2202 τελειοῦντα

1867 2166 2066 2221 smeula
2130 2167 2583 2235 perfectissimus,
2616 2187 2648 2221 υ
2700 2167 2882 2222 Puella
2942 2178 3051 2223 tota
3086 2184 3257 2239 pura;
3288 2179 3342 2223 ct
3393 2172 3444 2223 in

185 2238 360 2291 πάντα
390 2239 710 2309 ἀγαθότητι.

1866 2259 2025 2328 signo
2058 2260 2239 2314 crucis
2267 2260 2449 2313 omnia
2471 2261 2678 2329 perlicit
2708 2260 2949 2314 bonitate
2974 2276 3091 2316 sua.

248 2348 656 2419 Νενοσηκότας,
691 2348 961 2420 Παρθένε,
991 2353 1056 2422 τῇ
1086 2350 1337 2421 ἁμαρτίᾳ
1368 2350 1515 2420 ἡμᾶς
1551 2350 1763 2421 ίάτρευ-

1937 2368 2049 2423 Nos
2079 2370 2287 2437 peccati
2329 2368 2520 2422 morbo
2561 2377 2909 2437 aegrotantes,
2941 2370 3167 2434 curasti,
3202 2384 3234 2424 ο
3287 2368 3444 2439 Virgo

186 2458 297 2506 σας,
342 2442 596 2512 κυήσασα
644 2440 737 2493 τὸν
785 2442 1015 2514 Σωτῆρα
1052 2442 1234 2512 ίατρόν
1264 2458 1322 2494 τε
1373 2440 1480 2493 τῶν
1513 2440 1669 2505 ὅλων,
1708 2444 1764 2493 ὲν

1867 2461 2149 2521 inviolata,
2204 2461 2331 2514 ilum
2393 2462 2636 2514 omnium
2679 2461 3023 2515 Salvatorem
3073 2472 3126 2517 et
3179 2464 3443 2518 medicum

186 2534 323 2606 ξύλῳ
369 2534 465 2588 τοῦ
518 2533 757 2605 σταυροῦ
810 2534 1312 2604 τραυματισθέντα,
1363 2533 1619 2603 ἄχραντε,
1674 2534 1765 2586 τὸν

1869 2554 2124 2623 peperisti
2166 2571 2179 2606 :
2208 2554 2299 2623 qui
2327 2554 2379 2606 in
2414 2554 2561 2623 ligno
2587 2554 2767 2607 crucis
2796 2554 3137 2621 vulneratus,
3162 2555 3438 2609 immorta-

184 2628 494 2697 παρέχοντα
524 2625 841 2695 ἀφθαρσίαν
868 2630 987 2690 ταῖς
1024 2625 1225 2696 ψυχαῖς
1258 2628 1435 2697 ήμῶν.

1301 2628 1435 2696 μῶν·
1868 2648 2072 2699 litatem
2113 2646 2401 2701 animabus
2438 2645 2641 2699 n0stris
2670 2646 2952 2715 clargitur.

259 2721 537 2790 Ῥομφαία
567 2721 668 2790 τὴν
693 2719 793 2790 σὴν
822 2719 1005 2790 διῆλθε
1035 2720 1287 2790 καρδίαν,
1318 2717 1642 2790 καθορώσης
1673 2721 1765 2772 σὸν

1938 2738 2165 2793 Gladius
2223 2754 2320 2792 cor
2381 2748 2530 2791 tuum
2600 2737 2977 2806 pertransit-it,
3033 2752 3065 2792 ο
3130 2738 3444 2793 intemerata

185 2811 327 2881 Υίὺν,
369 2813 606 2885 ἄχραντε
651 2811 826 2882 Κόρη,
874 2810 1153 2882 ήλωμένον
1184 2813 1242 2864 ὲν
1294 2812 1456 2883 ξύλῳ,
1488 2816 1582 2866 καὶ
1619 2814 1762 2884 πάθη

1871 2825 2081 2889 Puella,
2119 2841 2243 2881 cum
2297 2824 2491 2879 Filium
2544 2834 2693 2879 tuum
2745 2827 2798 2879 in
2854 2826 3000 2896 ligno
3046 2838 3330 2883 extensum
3371 2828 3446 2883 vi-

186 2907 444 2976 φέροντα,
496 2906 592 2958 καὶ
642 2904 814 2975 λόγχῃ
857 2903 1010 2957 θείαν
1056 2902 1301 2974 πλευρὰν
1345 2906 1764 2976 ὲξορυττόμενον

1866 2920 2028 2983 tilsll;
2076 2918 2359 2988 passiones
2405 2930 2600 2987 sponte
2638 2919 2906 2984 tolerare;
2953 2929 3007 2973 et
3052 2920 3237 2974 divino
3281 2922 3449 2976 latere

184 3003 467 3072 θελήματι,
502 3003 597 3055 καὶ
626 2996 1077 3070 κατασφάττοντα
1117 3002 1175 3053 ὲν
1211 3001 1349 3071 αὐτῇ
1385 3002 1474 3053 τὸν
1509 3000 1765 3073 πολέμιον

1866 3010 2053 3063 lancea
2115 3008 2387 3078 perfosso,
2440 3008 2493 3061 in
2554 3009 2743 3062 eodem
2824 3008 3104 3064 inimicum
3158 3011 3445 3065 draconi-ni

182 3094 452 3165 δράκοντα
482 3109 494 3122 ⁸
528 3093 651 3147 ὅθεν
681 3091 1035 3164 θρηνῳδοῦσα
1090 3093 1374 3162 μητρικῶς
1407 3091 1594 3147 τοῦτον
1641 3094 1765 3163 ἐμε-

1870 3115 2120 3157 niactare
2154 3118 2217 3156 ac
2242 3103 2494 3172 jugulare
2528 3120 2539 3154 :
2575 3102 2721 3155 unde
2752 3103 3009 3155 maternis
3037 3104 3276 3171 querelis
3296 3103 3440 3157 dolo-

184 3186 435 3254 τάλυνες-
1869 3211 1983 3249 rem
2010 3205 2162 3248 tuum
2188 3194 2499 3264 divulgans.
2528 3193 2679 3247 illum
2714 3195 3125 3262 inagniticabas.

250 3298 414 3370 Λύπῃ
445 3298 841 3369 πεπλήρωμαι,
891 3296 1077 3367 ὁρῶσά
1121 3313 1202 3363 σε,
1242 3295 1361 3361 Υἱὲ,
1410 3295 1611 3357 ἀδίκως
1654 3295 1762 3348 πά·
1789 3313 1833 3376 C

1794 3313 1833 3376 [ζ
1938 3301 2179 3357 Tristitia
2219 3304 2377 3372 plena
2413 3318 2557 3367 sum,
2595 3317 2718 3355 cum
2747 3301 2904 3355 video
2937 3310 3007 3365 te,
3031 3315 3064 3354 ο
3097 3298 3221 3365 Fili,
3248 3299 3445 3370 injuste

190 3407 403 3461 σχοντα,
438 3390 727 3461 τέτρωμαι
755 3390 956 3460 ψυχὴν,
986 3389 1159 3459 λόγχῃ
1202 3389 1505 3460 τρωθέντος
1542 3405 1635 3441 σου
1664 3389 1763 3456 τὴν

1872 3398 2201 3464 patientem:
2237 3395 2554 3449 vulneratur
2584 3394 2762 3447 anima
2794 3409 2933 3455 mea,
2960 3394 3088 3447 dutn
3111 3393 3253 3446 latus
3292 3401 3444 3445 tuum

182 3485 444 3555 πλευρὰν,
475 3486 509 3553 ἠ
558 3483 816 3545 Θεοτόκος
861 3482 992 3535 ἐϐόα
1024 3483 1287 3537 κλαίουσα
1320 3483 1414 3535 καὶ
1441 3481 1763 3551 ὀδυρομένη,

1875 3488 2060 3542 lancea
2115 3488 2438 3557 poi-foditur.
2502 3485 2575 3540 Ita
2631 3500 2755 3540 cum
2818 3485 3092 3555 lacrymis,
3150 3493 3203 3537 et
3266 3484 3447 3537 dolore

186 3576 320 3645 μόνη
356 3576 633 3629 Δέσποινα
666 3593 680 3608 ·
714 3576 782 3646 ἣν
814 3576 1052 3641 έπαξὶως
1106 3575 1307 3638 πάντες
1361 3575 1763 3645 μακαρίζομεν,

1874 3578 2283 3633 vociferabatur
2310 3578 2539 3648 Dcipara
2569 3577 2807 3631 Domina
2851 3578 3033 3639 unica,
3069 3592 3231 3645 quam
3257 3578 3448 3630 merito

183 3672 273 3725 καὶ
320 3670 568 3734 εὐσεϐῶς
640 3668 1062 3740 κραυγάζομεν·
1120 3669 1181 3722 '0
1218 3666 1604 3739 ὐπερύμνητος
1655 3665 1765 3718 τῶν

1871 3687 2063 3727 omnes
2123 3672 2334 3725 beatam
2390 3671 2645 3733 dicimus,
2687 3680 2740 3724 et
2792 3670 2984 3724 devote
3032 3668 3403 3722 exclamamus
3436 3709 3448 3722 .

185 3765 439 3835 πατέρων
470 3762 564 3817 καὶ
595 3762 754 3833 ήμῶν
776 3762 928 3827 Θεὸς,
954 3762 1245 3832 εὐλογητὸς
1276 3760 1347 3815 εἱ.

963 3762 1245 3832 εὐλογητὸς
1276 3760 1347 3815 εί.
1872 3759 2195 3815 Benedictus
2222 3778 2302 3824 es,
2327 3762 2487 3824 Deus,
2510 3771 2614 3813 etc.

250 3858 475 3928 Νοητὴν
503 3857 755 3927 νεφέλην,
790 3858 887 3909 καὶ
932 3855 1138 3926 σκηνὴν
1170 3852 1536 3922 ἁγιάσματος,
1578 3851 1765 3923 θρόνον

1941 3852 2148 3907 Nubem
2203 3854 2646 3917 intellectualem,
2676 3850 3083 3906 tabernaculum
3145 3850 3440 3905 sanctiﬁca-

182 3950 315 4004 Θεοῦ
348 3953 447 4006 καὶ
480 3950 682 4020 πύλην,
713 3949 891 4019 φωτὸς
924 3948 1169 4017 λυχνίαν,
1228 3947 1322 4000 καὶ
1370 3945 1635 4015 ἀνατολὴν
1670 3943 1764 3998 τού

1875 3946 2063 4011 tionis,
2104 3946 2356 4000 thronum
2388 3945 2480 3998 Dei
2514 3953 2568 3998 et
2606 3955 2839 4012 portam,
2876 3943 3013 3997 lucis
3040 3942 3447 4007 candelabrum,

186 4045 363 4111 Λόγου
400 4044 452 4097 oi
485 4042 666 4096 πιστοί
699 4060 757 4095 σε
793 4042 992 4105 πάντες
1022 4039 1484 4111 κατονομάζομεν,
1521 4040 1764 4106 πάναγνε

1874 4051 1926 4093 et
1950 4038 2226 4093 Orientem
2258 4038 2420 4107 300
2438 4036 2620 4100 Verbi,
2650 4036 2887 4090 universi
2913 4046 2963 4091 te
2991 4035 3174 4090 ﬁdeles
3205 4037 3448 4089 nomina-

193 4134 467 4203 Παρθένε,
519 4134 616 4187 τοῦ
666 4138 847 4188 πάντα
894 4132 1304 4203 τεκτηναμένου
1356 4132 1556 4201 Μήτηρ
1588 4130 1766 4199 ὐπάρ-

1874 4146 2019 4197 mus,
2051 4148 2085 4185 ο
2116 4130 2281 4200 Virgo
2304 4132 2637 4193 castissima,
2670 4139 2724 4184 et
2770 4129 2939 4183 Mater
2983 4128 3267 4183 benedicta
3307 4128 3450 4182 illius

185 4241 280 4292 χου
290 4242 359 4278 σα
401 4225 751 4296 εὐλογημένη
763 4264 777 4278 .

1874 4228 1965 4295 qui
2000 4226 2254 4279 universa
2300 4224 2607 4279 fabricavit.

250 4319 561 4387 Φωτοειδὴς
595 4317 806 4380 παστὰς
836 4316 1080 4388 ὼράθης,
1104 4312 1372 4384 Παρθένε,
1396 4312 1489 4366 τοῦ
1513 4312 1768 4384 οἰκήσαν-

1946 4318 2244 4373 Thalamus
2292 4318 2415 4373 luce
2472 4318 2665 4387 plenus
2724 4314 2867 4370 l‘acla
2896 4330 2979 4381 es,
3017 4331 3049 4369 ο
3076 4313 3263 4385 Virgo,
3307 4315 3450 4368 illius

184 4413 271 4476 τός
314 4431 414 4467 σου
452 4414 554 4485 τήν
601 4412 840 4483 ἄφθορον
895 4410 1079 4480 νηδὺν,
1145 4408 1241 4461 καὶ
1280 4406 1451 4470 πάθος
1504 4407 1769 4479 μακάρι·.ν

1874 4410 1965 4481 qui
2003 4410 2415 4464 immaculatum
2449 4418 2662 4461 uterum
2717 4417 2866 4461 tuum
2895 4407 3180 4471 habitavit,
3222 4421 3286 4460 ac
3322 4407 3450 4459 bea-

188 4506 708 4577 καθυπομεὶναντος
737 4504 1000 4567 ἐθέλοντι,
1039 4503 1134 4556 καὶ
1185 4501 1319 4554 πᾶσι
1345 4501 1445 4569 τὴν
1500 4499 1768 4553 ἀπάθειαν

1878 4514 1985 4557 tam
2020 4503 2330 4572 passionem
2359 4501 2663 4555 voluntarie
2696 4500 2976 4562 sustinuit,
3003 4508 3170 4567 atque
3198 4498 3451 4553 omnibus

185 4600 569 4670 παρασχόντος
622 4599 689 4652 δι’
725 4601 930 4667 ἄφατον
972 4597 1139 4659 ἔλεος,
1171 4593 1230 4648 ὃν
1294 4593 1475 4647 πίστει
1524 4611 1766 4664 προσκυ-

1877 4595 2371 4664 impassibilitatem
2411 4592 2686 4647 concessit
2721 4601 2941 4661 propter
2972 4591 3296 4645 ineﬂ‘abilcm
3355 4593 3424 4643 mi

184 4689 401 4757 νοῦντές
430 4709 492 4746 σε
519 4690 757 4755 εὐσεϐῶς
795 4689 1192 4762 μεγαλύνομεν.
1794 4701 1835 4761 1]

1800 4701 1848 4761 ι)
1875 4687 2229 4741 serieordiam
2282 4700 2461 4750 suam,
2493 4695 2654 4752 quem
2716 4696 2840 4736 cum
2903 4680 3009 4736 ﬁde
3054 4679 3366 4745 adorantes,
3405 4690 3451 4733 te

1877 4780 2068 4834 devote
2098 4777 2535 4848 magniﬁcamus.

254 4966 369 5035 (55)
453 4963 567 5019 Vox
602 4965 947 5019 immaculatd
996 4978 1120 5017 cum
1162 4963 1415 5035 absolute
1440 4962 1767 5035 omnisina-
1872 4975 2197 5035 consensus,
2226 4957 2370 5035 haud
2400 4957 2709 5035 dubie__eius
2738 4955 3107 5035 innocentiam
3141 4968 3240 5035 pro
3270 4954 3453 5035 omni-

182 5026 317 5092 eula:
338 5026 649 5092 carentiam
677 5037 949 5105 importct,
974 5035 1179 5089 nullam
1210 5034 1583 5088 [imitationem
1614 5034 1765 5097 dicit,
1874 5032 1978 5085 bus
2014 5033 2137 5086 vitae
2152 5039 2308 5105 _sua:';
2347 5031 2678 5105 instantibus
2711 5032 2837 5105 sinu
2875 5038 2989 5082 sua:
3042 5026 3454 5105 signiﬁcationis

183 5121 236 5163 et
260 5110 326 5162 ad
361 5107 556 5162 omnia
604 5107 728 5161 vita:
754 5095 998 5176 iempora
1025 5116 1190 5175 atque
1238 5112 1516 5176 momenta
1548 5095 1770 5172 prmen-l
1876 5111 2110 5156 coercet.
2140 5095 2317 5176 Quam
2374 5100 2598 5153 macula:
2634 5098 2932 5176 carentiam
2973 5112 3071 5166 pro
3100 5095 3251 5176 omni
3285 5095 3453 5176 diffe-

185 5182 353 5244 ditur,
388 5179 539 5234 sicut
575 5178 847 5232 inﬁnitum
868 5165 883 5176 ’
909 5165 1254 5245 simpliciter,
1282 5185 1337 5229 et
1370 5165 1616 5228 absolute
1648 5188 1771 5241 pro-
1879 5176 2065 5245 rentia
2091 5165 2352 5239 temporis
2379 5180 2565 5245 acute_
2585 5165 3451 5245 sapientissimus“attigirldiota

185 5236 354 5305 latum
392 5266 465 5305 ex
526 5258 718 5302 neutro
777 5236 1035 5303 extremo'
1085 5236 1251 5301 linem
1288 5246 1564 5310 admittit;
1596 5236 1773 5313 neque
1881 5245 2003 5299 lilir.
2041 5243 2115 5297 De
2139 5236 2475 5313 contemplat.
2534 5239 2591 5293 Β.
2637 5239 2785 5313 Virg.
2817 5242 2996 5293 locum
3040 5239 3192 5291 illum
3239 5236 3452 5313 cantio.

188 5324 526 5375 immensum
557 5319 776 5389 proprie
824 5320 1042 5373 vocabis
1081 5318 1226 5388 quod
1285 5318 1445 5372 alicui
1502 5307 1777 5389 mensura:
1881 5328 2002 5389 cap.
2036 5330 2112 5381 tv,
2149 5307 2633 5389 Tota_p'ulchranes,
2667 5312 2840 5389 antica
2865 5325 3002 5371 mea,
3033 5318 3081 5363 et
3108 5307 3453 5389 piaculi-iuno"

185 5393 415 5446 subesse
439 5377 813 5460 punish-Quin
838 5391 1018 5458 potius
1055 5377 1113 5445 sil
1138 5390 1253 5444 lizec
1285 5389 1505 5443 nomina
1520 5387 1767 5460 elIcran-
1873 5377 1963 5460 est
1986 5387 2040 5460 in
2077 5377 2145 5460 te,
2167 5377 2501 5460 explanatis:
2539 5383 2672 5435 Tota
2695 5381 2919 5460 pulchre
2950 5396 3003 5433 es
3026 5419 3041 5444 ,
3076 5380 3149 5433 ait
3197 5395 3211 5460 ι
3242 5395 3258 5427 ι
3293 5377 3454 5457 Virgo

185 5470 273 5516 tur
304 5464 372 5515 de
390 5448 475 5527 re,
498 5475 618 5528 qua:
643 5448 1093 5516 Sigeum-admittit
1120 5460 1303 5528 aliquo
1330 5460 1492 5512 modo
1512 5458 1767 5517 fortnam,
1875 5448 2293 5528 gloriosissima,
2330 5471 2437 5507 non
2466 5455 2517 5528 in
2573 5462 2747 5528 parte,
2782 5452 2873 5528 sed
2909 5452 2963 5528 in
2993 5461 3129 5528 toto,
3157 5459 3212 5504 et
3240 5448 3449 5528 peccati

185 5549 304 5602 qua:
361 5519 472 5601 per.
516 5519 643 5585 illas
682 5546 844 5586 voces
899 5540 1145 5599 negatur,
1205 5519 1435 5602 quilibet
1475 5528 1771 5602 afﬁrmabit
1871 5519 2106 5593 macula,
2152 5526 2272 5602 siie
2305 5519 2711 5585 mortalis,'sive
2755 5522 2985 5602 venialis
3014 5519 3455 5602 sive'rori‘ginalis

186 5591 525 5660 loetitionein
553 5617 677 5656 esse
729 5591 1144 5672 liyperbol'icam'.
1175 5591 1238 5654 et'
1278 5601 1655 5671 iinpropriam.
1690 5597 1771 5672 Aid
1871 5616 1981 5653 non
2012 5591 2101 5651 est»
2151 5598 2212 5672 in
2242 5608 2295 5651 te
2331 5611 2429 5672 nec
2486 5609 2726 5672 unquam
2748 5665 2759 5672 _
2783 5592 2906 5655 fuit,
2935 5606 3035 5672 nec
3066 5593 3187 5646 erit.
3222 5591 3299 5644 Ex
3345 5605 3455 5656 quo

185 5677 441 5729 eumdem
495 5674 720 5727 modum
769 5665 941 5727 dictio
1003 5665 1371 5734 immaculata;
1406 5665 1530 5725 etim
1592 5671 1774 5724 omnis
1874 5678 2044 5739 patet,
2071 5668 2215 5737 quod
2245 5666 2717 5721 voximmaculata
2748 5665 3142 5739 innocentiam,
3178 5671 3237 5739 et
3290 5676 3451 5739 exile-

187 5745 416 5803 maculac
446 5746 747 5798 carentiam
800 5745 945 5797 dicat
975 5758 1075 5812 pro
1117 5743 1266 5796 omni
1309 5730 1567 5811 temporis
1617 5742 1775 5795 dilfe-
1874 5730 2112 5812 piionern
2138 5739 2206 5792 ab
2234 5740 2379 5793 omni
2426 5734 2982 5812 peccato,_p_ro_omni
3015 5735 3271 5812 temporis
3298 5730 3455 5812 dilic-

189 5821 383 5880 rentia,
436 5824 494 5869 et
548 5824 852 5883 apponatur
883 5812 942 5865 B.
976 5802 1189 5882 'Virgini
1218 5813 1270 5867 in
1315 5802 1479 5867 sensu
1530 5815 1775 5882 proprio,
1875 5802 2046 5883 ieiitia
2071 5825 2256 5883 secum
2303 5802 2623 5883 apportet.)
2654 5802 2789 5883 Vide
2820 5803 3021 5883 Vegam
3056 5802 3456 5883 in’DTheologia

190 5903 293 5942 non
334 5875 723 5962 li'yperbo'lico,
774 5894 831 5940 ut
864 5875 1105 5940 admittit
1129 5885 1441 5941 communis
1488 5875 1775 5940 doctorum
1876 5882 2142 5949 Mariana,
2181 5875 2437 5937 Palaestra
2461 5881 2517 5948 4,
2546 5878 2858 5938 Certamine
2897 5880 2953 5945 ’5,
2984 5894 3037 5931 n.
3069 5875 3191 5931 510.
