4180 6450
741 397 877 463 1355

1867 398 1926 457 8.
1967 397 2283 460 JOSEPHI
2322 398 2882 468 HYMNOGRAPHI

3849 413 3868 475 1
3880 414 3988 477 356

803 506 1240 563 llluminantihus
1264 505 1747 563 intercessionibus
1782 509 1912 571 tuis,
1943 525 1976 565 ο
2006 510 2194 580 Virgo,
2224 511 2297 563 in-

2478 517 2841 595 Φωτιστικαϊς
2871 518 3187 591 πρεσϐείαις
3223 537 3339 590 σου,
3377 525 3645 597 Παρθένε,
3682 526 3810 589 τοὺς
3868 543 3991 579 νοε-

732 600 1069 655 tellectuales
1123 600 1315 655 oculos
1368 616 1554 660 meos.
1612 602 1816 656 malitia
1878 602 2301 666 oblenebratos,

729 696 999 758 illumina,
1030 708 1224 763 precor
1252 714 1266 749 :
1295 703 1349 747 et
1384 694 1450 747 ad
1483 695 1816 763 poenitentia:
1845 695 1957 750 vias
1986 694 2166 752 adduc
2196 709 2301 760 me,

732 800 791 842 nt
819 789 1017 842 debitis
1043 788 1293 841 laudibus
1317 801 1616 856 prosequar
1640 798 1710 851 te,
1731 802 1854 856 qua:
1896 786 2132 843 Verbum
2164 786 2303 842 inef-

728 881 894 935 fabile
919 894 1149 949 corpore
1179 878 1427 933 induisti.

834 991 917 1044 ita:
945 1005 1143 1045 canone
1170 990 1221 1043 in
1254 988 1532 1043 Dominica
1562 986 1930 1057 Carnisprioii,
1951 988 2191 1057 Vespere.

793 1152 961 1207 Nocte
992 1157 1338 1219 peccatorum
1371 1148 1720 1210 obscuratus,
1746 1145 1813 1200 ad
1854 1156 1925 1211 te,
1957 1162 2078 1216 qua:
2113 1144 2293 1200 Solem

722 1243 947 1310 justitiuc
975 1240 1278 1303 Christum,
1320 1239 1385 1292 iis
1415 1240 1506 1307 qui
1550 1239 1603 1293 in
1649 1238 1884 1293 tenebris
1916 1240 2293 1306 versabantur,

722 1333 1001 1405 peperisti,
1027 1348 1171 1386 nunc
1193 1332 1439 1401 impenso
1460 1330 1654 1385 alIectu
1672 1329 1965 1401 confugio;
1988 1346 2021 1385 o
2044 1329 2292 1396 Domina,

720 1425 869 1479 salva
896 1439 1000 1478 me.

790 1513 929 1568 Victi
959 1522 1086 1566 sunt
1126 1511 1179 1564 in
1210 1520 1282 1577 te,
1313 1525 1346 1565 o
1387 1511 1690 1565 castissima
1732 1510 1919 1581 Virgo,
1950 1519 2157 1566 naturae
2185 1518 2292 1565 ter-

719 1607 850 1661 mini
885 1625 895 1657 :
932 1606 1091 1658 enixa
1144 1605 1288 1657 enim
1325 1605 1530 1671 absque
1568 1603 1709 1657 virili
1739 1605 1930 1674 copula
1957 1603 2154 1671 Deum,
2189 1605 2293 1658 im-

720 1699 990 1754 maculata
1024 1705 1147 1767 post
1182 1706 1396 1767 partum
1430 1695 1594 1750 veluti
1624 1705 1749 1751 ante
1782 1711 2022 1766 partum,
2049 1712 2082 1752 ο
2112 1709 2287 1761 casta,

720 1790 1089 1863 pcrtnansisti.

785 1882 828 1937 0
858 1881 1018 1951 Virgo
1055 1879 1202 1935 omni
1258 1879 1419 1934 laude
1456 1879 1799 1949 dignissima,
1830 1895 1951 1949 quae
1998 1879 2115 1935 sola
2161 1880 2295 1935 lide-
2326 1868 2371 1926 Β

718 1977 849 2029 lium
886 1975 1155 2029 auxilium
1193 1989 1252 2028 es
1278 1972 1439 2043 .apud
1475 1970 1643 2027 Deum
1687 1972 2087 2040 firmissimum,
2125 1974 2295 2028 libera

718 2085 804 2124 me
827 2085 855 2123 a
885 2069 1145 2131 tenebris,
1181 2076 1235 2121 et
1266 2083 1294 2120 a
1322 2066 1593 2138 supplicio
1641 2066 1787 2137 quod
1816 2066 1958 2121 male
1991 2066 2297 2121 viventibus

717 2172 801 2217 est
829 2168 1215 2230 pra-paratum.

785 2255 863 2310 Ne
911 2269 1095 2308 cesses
1134 2268 1235 2323 pro
1266 2251 1423 2305 nobis
1471 2265 1700 2305 exorare
1750 2251 1939 2312 Deum,
1985 2249 2076 2319 qui
2122 2250 2297 2304 banus

717 2359 823 2411 cst,
871 2355 925 2400 et
972 2344 1123 2400 solus
1182 2343 1440 2397 conscius
1494 2340 1830 2395 inﬁrmitatis
1879 2348 2082 2395 nostrae
2129 2346 2228 2393 :ut
2262 2353 2293 2393 a

719 2453 889 2511 peste,
924 2439 1088 2501 futile,
1111 2444 1443 2501 terraemotu,
1469 2434 1729 2504 omnique
1752 2433 2078 2488 adversitate
2099 2432 2293 2487 libere-

722 2545 809 2585 tur
842 2530 1059 2594 civitas,
1094 2543 1217 2599 quaa
1259 2537 1312 2581 te
1338 2528 1593 2593 honorat,
1618 2541 1652 2579 ο
1702 2524 1953 2597 Deipara,
1983 2539 2107 2595 spes
2137 2524 2294 2579 terri-

718 2638 1001 2693 genarum.

980 2708 1064 2761 Ex
1095 2722 1292 2760 canone
1321 2706 1375 2757 in
1409 2704 1493 2758 die
1524 2704 1678 2757 tertia
1719 2701 2043 2772 Tyrophagi.

788 2777 835 2852 ὁ
870 2796 1050 2866 Virgo,
1079 2794 1227 2849 omni
1272 2793 1433 2847 laude
1462 2792 1808 2855 celebranda,
1846 2800 1963 2845 esto
2002 2790 2160 2847 nobis
2204 2791 2291 2845 via

721 2890 1077 2960 ιιαιηὶιυιιιίω,
1103 2885 1379 2940 deducens
1412 2898 1509 2938 nos
1530 2883 1597 2936 ad
1624 2891 1806 2952 portas
1833 2881 2044 2937 salutis.

789 2988 833 3036 υ
863 2982 1064 3043 l’nclla,
1094 2993 1215 3049 qua:
1260 2992 1496 3031 massam
1526 2985 1768 3029 nostram
1798 2982 2093 3039 terrenam,
2125 2972 2291 3029 coale-

720 3086 859 3129 διε-ιιι
887 3072 1107 3127 clIccisti
1133 3068 1365 3124 Lauinia:
1396 3082 1529 3121 mete
1557 3066 1770 3121 sulcum
1796 3077 2068 3120 terrenum
2092 3075 2145 3120 et
2166 3080 2291 3119 cor-

722 3180 963 3238 ruptum,
1023 3177 1238 3217 tuarum
1282 3161 1442 3232 303
1505 3160 1915 3215 miserationum
1975 3159 2148 3214 imbre
2188 3157 2289 3213 los-

2408 608 2538 675 ρούς
2571 628 2674 679 μου
2723 611 3035 681 ὀφθαλμοὺς
3073 613 3494 684 ὲσκοτισμένους
3524 618 3695 688 κακία
3725 617 3988 687 φώτισον,

2403 697 2615 768 δέομαι,
2654 700 2910 770 καὶπρὸς
2960 700 3123 763 ὁδοὺς
3150 704 3437 770 μετανοίας
3489 708 3771 776 εἰσάγαγε,
3834 707 3989 768 ὅπως

2406 794 2759 859 χρεωστικῶς
2786 809 2846 844 σε
2880 789 3165 862 ὑμνολογῶ
3200 794 3302 861 τὴν
3337 795 3477 867 ὑπὲρ
3499 795 3659 864 λόγον
3687 796 3779 850 τὸν
3808 794 3987 862 Λόγον

2403 880 2843 949 σωματώσασαν.

2418 988 2515 1041 Ἐκ
2547 989 2654 1043 τοῦ
2686 994 2954 1060 Κανόνος
2997 997 3107 1063 τῆς
3141 996 3445 1067 Κυριακῆς
3484 996 3589 1065 τῆς
3666 995 3984 1064 Ἀποκρέω.

3045 1068 3330 1137 ἑσπέρας.

2471 1166 2649 1220 Νυκτὶ
2690 1171 3106 1241 παραπτὼσεων
3138 1175 3564 1245 ἠμαυρωμένος,
3620 1177 3759 1248 πρὸς
3786 1178 3844 1231 σὲ
3881 1178 3985 1245 τὴν

2399 1261 2678 1331 κυήσασαν
2697 1268 2811 1329 τοῖς
2837 1269 2896 1321 ἐν
2930 1269 3109 1323 σκότει
3142 1271 3333 1324 Ἥλιον
3350 1272 3696 1341 δικαιοσύνης
3718 1273 3979 1342 Χριστὸν.

2398 1352 2499 1407 νῦν
2527 1359 2858 1427 καταφεύγω
2889 1362 3143 1426 ἐκτενῶς,
3175 1364 3467 1431 Δέσποινα,
3503 1364 3681 1417 σῶσόν
3716 1381 3805 1434 με.

2466 1543 2815 1616 Νενίκηνται,
2844 1547 3115 1617 Πάναγνε,
3150 1549 3209 1602 ὲν
3235 1550 3318 1602 σοὶ
3347 1550 3550 1621 οἱὸροι,
3581 1549 3849 1620 Ιῐαρθένε,
3874 1549 3981 1618 τῆς

2396 1635 2615 1704 φύσεως
2636 1652 2653 1669 ο
2706 1639 2886 1709 μένεις
2934 1639 3044 1708 γὰρ
3072 1637 3273 1703 τέξασα
3320 1643 3448 1694 ἄνευ
3477 1641 3668 1711 ἀνδρὸς
3696 1642 3788 1695 τὸν
3821 1641 3981 1707 Θεὸν,

2392 1726 2471 1790 ὼς
2510 1728 2616 1800 πρὸ
2642 1729 2735 1782 τοῦ
2766 1731 2947 1795 τόκου,
2976 1736 3171 1802 σεμνὴ,
3206 1733 3367 1787 πάλιν
3410 1733 3755 1803 ἀπήμαντος.

2473 1910 2714 1980 Παρθένε
2774 1910 3117 1981 πανύμνητε,
3152 1916 3187 1984 ἡ
3236 1915 3371 1986 μόνη
3404 1917 3543 1985 πρὸς
3586 1916 3719 1969 Θεὸν
3769 1916 3980 1969 πιστῶν

2396 2000 2785 2073 ἐνυπάρχουσα
2813 2003 3036 2075 βοήθεια
3079 2008 3307 2077 στερρὰ,
3339 2007 3434 2061 τοῦ
3466 2010 3693 2072 σκότους
3724 2026 3791 2079 με
3815 2008 3980 2079 ῥῦσαι

2400 2092 2496 2144 καὶ
2574 2092 2853 2155 κολάσεως
2926 2095 3026 2164 τῆς
3100 2096 3473 2168 ἀποκειμένης
3544 2102 3655 2161 τοῖς
3721 2100 3979 2170 πονηρῶς

2402 2182 2630 2254 βιοῦσιν.

2481 2276 2654 2346 ’Υπὲρ
2688 2275 2842 2345 ἡμῶν
2873 2276 3196 2332 δυσωποῦσα
3222 2278 3312 2333 τὸν
3365 2280 3593 2348 Ἀγαθὸν
3624 2279 3701 2351 μὴ
3752 2282 3981 2351 ὲλλίπῃς

2398 2364 2490 2419 τὸν
2514 2364 2612 2437 τὴν
2637 2365 2925 2420 ἀσθένειαν
2964 2370 2998 2436 ἡ
3009 2368 3124 2438 μῶν
3156 2371 3521 2439 ἐπιστάμενον
3545 2372 3726 2440 μόνον,
3760 2371 3980 2443 λοιμοῦ,

2398 2455 2559 2525 λιμοῦ
2589 2475 2671 2523 τε,
2707 2459 2802 2512 καὶ
2825 2461 3073 2530 σεισμοῦ,
3102 2462 3197 2515 καὶ
3222 2462 3404 2532 πάσης
3442 2463 3735 2527 κακώσεως
3764 2465 3977 2535 λυτρὼ·

2399 2548 2595 2602 σασϐαι
2626 2550 2727 2621 τὴν
2758 2552 3012 2620 τιμῶσαν
3041 2570 3101 2606 σε
3135 2555 3312 2619 πόλιν,
3347 2556 3600 2621 θεοτόκε,
3624 2558 3658 2627 ἡ
3688 2557 3845 2621 ἐλπὶς
3871 2559 3980 2611 τῶν

2396 2657 2664 2709 γηγενων.

2483 2729 2578 2782 Ἐκ
2604 2728 2708 2783 τοῦ
2734 2731 3007 2799 Κανόνος
3038 2731 3149 2800 τῆς
3168 2734 3374 2802 τρίτης
3395 2734 3506 2803 τῆς
3533 2737 3903 2808 Τυροφόγου.

2468 2814 2715 2883 Παρθένε
2756 2817 3100 2889 πανύμνητε,
3144 2820 3263 2883 ὁδὸς
3308 2824 3439 2891 ἡμῖν
3465 2823 3624 2889 γενοῦ
3661 2824 3761 2896 τῆς
3807 2842 3979 2897 μετα-

2395 2906 2566 2971 νοίας,
2602 2908 2879 2979 σωτηρίας
2908 2911 3181 2980 ὀδηγοῦσα
3213 2912 3349 2982 πρὸς
3377 2912 3475 2976 τὰς
3510 2914 3703 2979 πύλας.

2476 2997 2541 3052 Ἦ
2558 3001 2909 3073 οὐρανώσασα
2926 3005 2989 3073 ήη.
3006 3002 3082 3057 ῶν
3108 3002 3169 3057 τὸ
3193 3004 3416 3071 γεῶδες,
3446 3006 3622 3077 Κόρη,
3641 3007 3701 3059 τὸ
3719 3006 3975 3079 φύραμα,

2394 3090 2495 3160 τὴν
2543 3092 2844 3159 γεωθεῖσαν
2878 3095 2973 3147 καὶ
3029 3096 3473 3168 καταφθαρείσαν
3506 3097 3608 3167 τῆς
3654 3098 3831 3169 ψυχῆς
3868 3117 3974 3171 μου

2398 3181 2614 3234 αῦλακα
2644 3183 2721 3251 τῷ
2764 3183 2957 3255 ϐμϐρῳ
2999 3185 3106 3240 σῶν
3129 3186 3431 3257 οἰκτιρμῶν
3463 3190 3814 3261 καρποφόρον
3844 3193 3972 3261 ἁρε-

723 3260 904 3313 cuntlu
968 3258 1301 3319 virtutibus,
1356 3256 1483 3307 dum
1545 3254 1764 3318 clamat,
1819 3262 1875 3307 et
1924 3252 2293 3323 supercxaltat

2399 3273 2518 3334 ταῖς
2563 3238 3125 3345 ἀνάδιειξονίροῶσαν
3173 3238 3978 3351 καὶιτέριστὸν

718 3354 995 3410 Christum
1022 3351 1075 3404 in
1104 3348 1323 3404 saecula.

793 3448 870 3502 Te
912 3447 1049 3500 forte
1104 3440 1601 3513 propugnaculum,
1651 3448 1703 3494 et
1738 3453 1887 3509 spent
1940 3436 2174 3501 ﬁrmam,
2209 3438 2294 3506 pie

718 3540 1077 3609 religiOseqne
1130 3535 1505 3588 collaudantes
1567 3534 1944 3601 deprecamur.
2008 3530 2207 3594 Exora,
2261 3542 2295 3583 ο

722 3634 906 3703 Virgo,
939 3630 1107 3683 lilium
1139 3637 1291 3681 tuum
1330 3641 1426 3695 pro
1452 3633 1638 3679 nostra
1669 3623 1863 3677 salute.

936 3721 1019 3774 Ea:
1053 3736 1252 3773 canone
1286 3720 1341 3770 in
1372 3717 1457 3769 die
1484 3726 1702 3785 quarta,
1740 3710 2007 3765 Diluculo.

786 3815 1084 3883 Compesce
1107 3808 1399 3863 tumultum
1436 3806 1756 3875 passionum
1788 3818 2055 3868 mearum;
2078 3802 2294 3857 medere

720 3906 1034 3960 vulneribus
1070 3900 1266 3955 anima:
1316 3913 1451 3952 mea:
1487 3912 1501 3950 :
1536 3911 1565 3950 a
1602 3908 1796 3950 somno
1841 3894 2077 3967 torperis
2116 3895 2292 3947 excita

721 4014 827 4064 me,
858 3992 1247 4050 intercessione
1280 4004 1344 4044 ac
1374 3987 1710 4059 protectione
1742 3995 1854 4051 tua,
1885 4001 1917 4040 ο
1947 3977 2292 4040 sanctissima

719 4092 926 4161 regine,
961 4086 1131 4139 Mater
1152 4092 1205 4139 et
1230 4081 1411 4150 Virgo.

787 4182 952 4249 Aperi
990 4179 1168 4240 nobis,
1200 4191 1234 4230 ο
1271 4173 1457 4244 Virgo,
1492 4172 1860 4243 pulsantibus,
1889 4179 1943 4225 et
1982 4171 2292 4226 miscricor-

722 4277 867 4332 diam
898 4285 1045 4328 tuam
1082 4267 1489 4331 invocantibus,
1519 4279 1551 4318 ο
1575 4263 1982 4335 paratissimum
2011 4262 2290 4316 hominum

721 4367 1011 4436 refugium,
1040 4373 1094 4417 et
1115 4362 1329 4415 ﬁrmum
1356 4359 1407 4412 in
1441 4358 1603 4411 rebus
1644 4358 1896 4410 omnibus
1920 4356 2205 4422 auxilium,
2238 4364 2295 4409 et

724 4457 1087 4512 fortissimum
1120 4454 1173 4505 in
1211 4449 1624 4505 necessitatibus
1657 4447 1988 4517 praesidium.

789 4546 1142 4603 Vclocissima
1170 4542 1557 4596 intercessione
1589 4549 1701 4603 tua,
1726 4538 2138 4608 vigilantissima
2164 4551 2290 4607 pro.

2395 3364 2476 3427 ei;
2506 3368 2631 3429 τοὺς
2653 3366 2878 3431 αἰῶνας.

2468 3458 2535 3510 Σὲ
2566 3459 2664 3528 τὴν
2696 3465 2970 3529 κραταιὰν
3000 3463 3342 3532 προστασίαν
3394 3465 3489 3518 καὶ
3528 3464 3752 3535 βεϐαίαν
3780 3466 3976 3523 ἐλπίδα

2396 3552 2763 3622 ἁνυμνοῦντες
2801 3554 3043 3617 εὐσεϐῶς
3074 3555 3530 3626 ὲκδυσωποῦμεν·
3568 3556 3671 3613 Τὸν
3702 3559 3830 3613 Υἱὸν
3878 3576 3974 3613 σου

2394 3644 2661 3711 δυσώπει,
2695 3646 2958 3718 Παρθένε,
2996 3648 3091 3701 τοῦ
3124 3650 3363 3714 σωθῆναι
3390 3652 3559 3720 ἡμᾶς.

2408 3734 2509 3786 Ἐκ
2537 3733 2644 3787 τοῦ
2684 3737 2956 3801 Κανόνος
2980 3734 3093 3802 τῆς
3130 3738 3436 3805 τετάρτης,
3460 3740 3545 3804 εις
3562 3739 3672 3792 τὸν
3695 3740 3971 3809 Ὀρθρον.

2466 3819 2816 3873 Κατεύνασον
2865 3821 2955 3874 τὸν
3005 3825 3244 3892 τάραχον
3283 3823 3390 3877 τῶν
3417 3825 3603 3878 παθῶν
3633 3844 3756 3897 μου,
3806 3829 3976 3899 Θερά-

2400 3927 2605 3963 πευσον
2636 3911 2703 3963 τὰ
2747 3912 3037 3981 τραύματα
3078 3915 3178 3982 τῆς
3214 3915 3394 3986 ψυχῆς
3431 3934 3555 3985 μου,
3602 3919 3883 3987 ἐξέγειρον
3915 3922 3975 3987 ἐξ

2398 4002 2568 4057 ὕπνου
2603 4020 2670 4073 με
2699 4004 2971 4074 ῥᾳθυμίας
3000 4008 3068 4076 τῇ
3103 4010 3351 4078 μεσιτείᾳ
3388 4026 3504 4070 σου,
3556 4013 3624 4081 τῇ
3659 4014 3975 4084 προστασίᾳ⁵

2397 4112 2513 4161 σου,
2540 4096 2787 4163 παναγία
2814 4096 3101 4162 Δέσποινα,
3129 4099 3579 4169 Μητροπάρθενε.

2470 4184 2719 4251 ’Δνοιξον
2765 4185 3058 4256 κρούουσιν
3113 4188 3265 4257 ἡμῖν,
3315 4190 3412 4240 καὶ
3464 4190 3525 4242 τὸ
3580 4190 3728 4253 ἔλεος
3758 4191 3823 4244 τὸ
3882 4192 3976 4246 σὸν

2396 4277 2917 4348 προσκαλουμένοις,
2951 4280 3144 4349 ταχινή
3189 4279 3295 4333 τῶν
3324 4279 3627 4348 ἀνθρώπων
3653 4285 3973 4355 καταφυγὴ,

2396 4371 2491 4423 καὶ
2521 4372 2723 4441 στερρὰ
2760 4372 2817 4422 εν
2861 4372 2997 4423 πᾶσι
3037 4371 3283 4442 βοήθεια,
3333 4374 3600 4445 Παρθένε,
3642 4377 3735 4427 καὶ
3763 4378 3875 4429 τῶν
3918 4382 3977 4429 ὲν

2394 4464 2661 4529 ἀνάγκαις
2688 4461 2883 4530 βεϐαία
2906 4464 3227 4532 προστασία.

2463 4556 2540 4625 Τῇ
2571 4553 2803 4625 ὀξυτάτῃ
2838 4571 2932 4607 σου
2972 4556 3256 4627 πρεσϐείᾳ,
3282 4561 3347 4629 τῇ
3364 4558 3625 4630 ἀγρύπνῳ
3649 4577 3741 4613 σου
3766 4564 3973 4635 σκέπη,

720 4643 953 4699 tectione
974 4649 1088 4701 tua,
1117 4635 1414 4690 fortissimo
1439 4632 1641 4686 auxilio
1666 4641 1780 4694 tuo,
1806 4646 1838 4683 o
1864 4629 2086 4683 Domina
2114 4638 2286 4694 casta,

2399 4649 2465 4716 τῇ
2492 4613 2733 4717 κριταιᾷ
2773 4613 2889 4711 σου,
2926 4613 3546 4721 Δέσποιναᾟγῦὴίινῦν
3594 4613 3976 4725 βοηθείασυῖ

718 4748 983 4790 conserva
1019 4745 1163 4784 nunc
1191 4728 1374 4782 ﬁdeles
1405 4726 1637 4780 famulos
1661 4734 1781 4778 tuos
1817 4724 1885 4777 ab
1911 4724 2059 4777 omni
2084 4724 2288 4791 impetu

718 4825 933 4890 hostili;
963 4832 1016 4876 et
1044 4837 1072 4874 a
1112 4818 1453 4889 passionibus
1489 4823 1542 4869 et
1574 4816 1833 4885 peccatis,
1865 4823 2027 4884 atque
2053 4829 2082 4867 a
2115 4825 2288 4868 tenta-

720 4918 961 4972 tionibus
989 4914 1136 4968 salva
1173 4926 1292 4965 nos.

1003 5021 1083 5075 Ex
1111 5036 1309 5075 canone
1338 5020 1389 5071 in
1414 5019 1498 5072 die
1523 5028 1732 5087 quarta,
1769 5017 2005 5087 Vespere.

782 5116 1089 5185 ConCepisti
1135 5112 1500 5178 ineﬂ'abilitcr,
1533 5121 1587 5166 et
1641 5112 1895 5182 peperisti
1954 5120 2283 5181 supernatu-

718 5211 926 5273 raliter,
961 5207 1104 5261 oDci
1139 5205 1394 5275 genitrix,
1433 5203 1844 5257 Dominatorem
1875 5213 2283 5267 creaturarum;

715 5318 876 5373 quem
915 5302 1250 5354 incessanter
1291 5299 1581 5366 deprecare
1608 5305 1666 5350 ut
1698 5311 1819 5362 nos,
1853 5295 1947 5366 qtti
1976 5306 2027 5351 te
2069 5296 2281 5351 beatam

716 5406 1116 5463 nuncupatnus,
1148 5390 1214 5443 ab
1245 5389 1389 5442 omni
1424 5388 1499 5441 ira
1524 5387 1829 5440 liberemur.

786 5487 889 5550 Tu,
925 5501 1047 5555 qua:
1072 5484 1316 5538 omnium
1345 5497 1405 5535 cs
1439 5480 1686 5542 Domina,
1708 5480 2137 5549 supplicationes
2162 5496 2281 5535 scr-

718 5593 905 5633 vorutn
942 5587 1155 5629 tuorum
1188 5573 1510 5642 suscipiens,
1537 5588 1570 5626 ο
1598 5572 1779 5641 regina
1812 5582 1997 5628 sancta
2028 5571 2279 5641 Deipara,

710 5670 861 5738 eripe
896 5684 979 5721 me
1013 5684 1041 5721 a
1079 5662 1337 5729 tenebris’,
1377 5676 1537 5733 atque
1565 5666 1633 5718 ab
1682 5665 1802 5731 igne
1833 5664 2228 5733 inextinguibili
2266 5685 2277 5719 :

712 5758 867 5811 abole
914 5755 1318 5809 multitudinem
1356 5753 1626 5806 malorum
1658 5769 1906 5808 meorum
1951 5756 2280 5812 mediatione

711 5858 823 5914 tua,
856 5857 1014 5917 atque
1051 5848 1208 5901 unica
1245 5846 1641 5900 intercessione
1670 5854 1809 5913 tua,

2398 4740 2636 4809 τήρησον
2658 4741 2781 4802 τοὺς
2833 4742 3058 4804 πιστούς
3102 4759 3195 4794 σου
3244 4743 3458 4808 οἰκέτας
3491 4744 3556 4797 ὲκ
3606 4747 3785 4816 πάσης
3821 4748 3975 4800 ἐναν-

2393 4830 2512 4891 τίας
2544 4830 2872 4900 προσϐολῆς,
2915 4836 3008 4884 καὶ
3043 4833 3253 4898 παθῶν,
3288 4835 3383 4888 καὶ
3441 4838 3822 4906 πταισμάτων,
3880 4842 3973 4892 καὶ

2394 4923 2717 4992 πειρασμῶν
2740 4923 3023 4979 διάσωσον.

2535 5033 2629 5084 Ἐκ
2672 5033 2779 5086 τοῦ
2808 5036 3079 5097 Κανόνος
3109 5034 3219 5102 τῆς
3249 5036 3549 5108 τετάρτης,
3577 5037 3863 5108 ἑσπέρας.

2460 5120 2755 5185 Συνέλαϐες
2811 5122 2949 5191 ὑπὲρ
3003 5122 3159 5189 λόγον
3210 5125 3303 5175 καὶ
3345 5124 3529 5188 ἔτεκες
3588 5125 3729 5195 ὑπὲρ
3782 5130 3967 5195 φύσιν,

2387 5213 2771 5284 Θεογεννῆτορ,
2827 5215 2918 5266 τὸν
2947 5217 3223 5286 Δεσπότην
3272 5217 3369 5285 τῆς
3412 5218 3662 5281 κτίσεως,
3694 5220 3752 5272 ὃν
3787 5221 3970 5273 ἀπαύ-

2390 5322 2531 5368 στως
2568 5307 2833 5377 πρέσϐευε
2872 5308 3137 5378 ρυσϐἧναι
3174 5311 3319 5379 ἡμᾶς
3343 5311 3406 5362 ἐκ
3434 5312 3612 5380 πάσης
3645 5313 3818 5383 ὀργῆς
3844 5314 3971 5378 τούς

2362 5402 2371 5408 ’
2388 5414 2446 5449 σε
2482 5399 2566 5449 ἀεὶ
2629 5402 3048 5469 μακαρὲζοντας.

2466 5489 2528 5543 'll
2549 5492 2764 5544 πάντων
2784 5493 3121 5558 δεσπόζουσα
3151 5493 3246 5557 τὰς
3280 5496 3493 5556 ἱκεσίας
3518 5497 3811 5567 δεχομένη,
3867 5500 3967 5552 Δέ-

2388 5598 2602 5647 σποινα,
2633 5583 2740 5636 τῶν
2772 5585 2974 5637 δούλων
3008 5603 3122 5650 σου,
3152 5587 3283 5654 ἁγία
3306 5588 3565 5653 Θεοτόκε,
3596 5590 3690 5643 τοῦ
3740 5595 3971 5658 σκότοκ

2389 5692 2454 5744 με
2485 5676 2786 5747 λύτρωσαι,
2825 5679 2918 5731 καὶ
2951 5681 3123 5750 πυρὸς
3163 5680 3258 5733 τοῦ
3294 5683 3585 5747 ἀσϐέστου,
3625 5684 3735 5736 τῶν
3778 5687 3971 5739 κακῶν

2388 5786 2487 5836 μου
2514 5770 2579 5820 τὰ
2600 5769 2777 5839 πλήθη
2802 5770 3129 5840 ὲξαλεὶψασα
3152 5778 3214 5845 τῇ
3238 5777 3295 5830 ἐν
3316 5779 3379 5847 σῇ
3416 5778 3684 5847 μεσιτείᾳ,
3707 5780 3803 5833 καὶ
3835 5781 3973 5852 μόνῃ

2384 5864 2449 5931 τῇ
2490 5861 2611 5931 θείᾳ
2639 5880 2731 5915 σου
2760 5866 3049 5935 πρεσϐείᾳ.
