4180 6450
259 420 391 484 1357
432 435 437 439 '

302 541 429 591 Ὀτι
459 533 694 598 ἀνέδειξέ
728 550 785 586 σε
817 532 970 595 Θεὸς,
997 528 1243 602 Παρθένε
1268 527 1425 598 ἁγνὴ,
1450 525 1705 596 βοήθειαν
1721 523 1815 576 τοῦ
1847 532 1889 584 Α

235 636 431 702 γένους
479 631 589 683 τῶν
639 629 871 701 βροτῶν,
928 627 1002 697 μὴ
1034 625 1257 694 ἑλλίπῃς
1309 623 1541 684 ἐκτενῶς
1592 620 1816 674 καθικε-

235 726 472 777 τεύουσα
502 723 664 775 αὑτὸν
694 720 834 789 ὑπὲρ
863 717 1018 789 ημῶν
1047 716 1155 769 τῶν
1187 714 1419 769 πιστῶν.

377 850 479 904 Ἐκ
509 849 615 903 τοῦ
643 846 901 912 κανόνος
924 845 1032 913 τῆς
1063 843 1356 914 πέμπτης,
1390 840 1673 909 ἑσπέρας.

324 956 480 1022 Ἀγία
514 953 781 1023 Παρθένε,
834 953 867 1021 ἡ
896 951 1005 1003 τῶν
1058 950 1264 1003 πιστῶν
1324 938 1610 1018 ἀντίληψις
1657 948 1816 1017 μόνη,

237 1047 340 1118 τὴν
374 1046 672 1115 πρεσϐείαν
734 1062 830 1097 σου
896 1044 1157 1114 συνεργὸν
1211 1042 1388 1113 καιρῷ
1426 1042 1524 1111 τῆς
1567 1040 1818 1111 νηστείας

240 1144 377 1194 πᾶσι
405 1140 547 1193 δίδου
580 1141 689 1202 τοῖς
711 1137 974 1191 Θεοτόκον
1027 1137 1201 1207 ἁγνήν
1234 1152 1292 1188 σε
1327 1134 1676 1204 γινώσκουσι.

325 1323 417 1387 Ὧς
448 1323 632 1377 αἰτίαν
684 1339 744 1374 σε
807 1319 1028 1375 πάντων
1058 1320 1193 1374 τῶν·
1226 1319 1470 1388 ἀγαθῶν,
1531 1320 1816 1384 Δέσποινα,

237 1418 440 1481 πάντες
498 1415 730 1478 ὲκτενῶς
772 1414 1130 1484 δυσωποῦμεν
1171 1412 1528 1467 συνεισελθεῖν
1579 1414 1725 1483 ἡμᾶς
1755 1414 1818 1482 τῇ

241 1511 496 1579 μεσιτείᾳ
548 1526 642 1561 σου
697 1508 775 1578 τῷ
799 1509 897 1577 τῆς
954 1506 1206 1576 νηστείας
1258 1505 1452 1575 ἀγῶνι,
1505 1506 1600 1559 καὶ
1644 1507 1819 1577 πέρας

237 1602 597 1689 δωρήρασθαι
640 1601 833 1653 τούτου
863 1604 1150 1670 σωτήριον.

315 1686 574 1764 καθαρὸν
626 1693 935 1763 ἱλαστήριον
1016 1692 1127 1744 τῶν
1193 1686 1820 1761 άμαρτανόντων,’άγία

280 1789 530 1853 έσποινα,
591 1786 837 1857 μεσιτείᾳ
870 1802 963 1837 σου
1027 1784 1319 1855 διάρρηξον
1368 1783 1478 1836 τῶν
1533 1782 1819 1853 ἁμαρτιῶν

238 1894 344 1946 μου
375 1876 438 1929 τὺ
478 1876 861 1947 χειρόγραφον.

303 1968 421 2037 Τῆς
448 1968 701 2037 νηστείας
742 1965 916 2028 πύλας
947 1964 1233 2034 μέλλοντες
1269 1960 1631 2033 εἰσέρχεσθαι,
1663 1962 1815 2015 ἐκδυ-

237 2060 532 2131 σωποῦμέν
562 2076 644 2124 σε,
700 2059 797 2112 τοῦ
844 2056 984 2113 Θεοῦ
1013 2057 1111 2128 τὴν
1150 2055 1344 2125 πύλην,
1384 2053 1658 2109 συνελθεῖν
1704 2056 1816 2117 τοῖς

234 2154 478 2215 οἰκέταις
512 2170 628 2215 σου,
653 2151 955 2213 Δέσποινα,
990 2149 1088 2203 καί¹
1116 2148 1383 2202 πλατῦναι
1431 2146 1648 2210 πάντως
1691 2147 1816 2208 τοὺς

235 2233 694 2315 λογισμοὺςίκαὶ
744 2242 984 2306 διανοίας
1036 2242 1105 2295 τά
1136 2242 1381 2311 σωτήρια
1439 2240 1698 2311 πράττειν
1752 2238 1820 2290 τά

236 2337 545 2407 θελήματα.
604 2340 609 2345 ’

316 2429 451 2491 Ταῖς
499 2427 827 2497 φωτοδόλοις
886 2443 982 2479 σου
1024 2426 1354 2495 ἀστραπαῖς,
1418 2422 1684 2475 Δέσποινα
1722 2422 1816 2474 τοῦ

237 2521 680 2591 κόσμουνάγαθὴ,
715 2521 776 2574 τὸ
800 2521 900 2591 τῆς
941 2519 1119 2591 ψυχῆς
1151 2537 1253 2591 μου
1286 2518 1559 2572 ἀπέλασον
1607 2517 1816 2578 σκότος,

239 2616 335 2667 καὶ
363 2614 464 2684 τὴν
509 2614 680 2667 νύκτα
726 2614 823 2684 τῆς
868 2613 1144 2684 ἁμαρτίας
1211 2629 1338 2681 μου,
1398 2610 1694 2681 προθύμως
1733 2610 1819 2662 ἵνα

234 2708 428 2777 ψάλλω
459 2707 552 2760 καὶ
585 2707 878 2776 μακαρίζω
906 2725 987 2759 σε.

308 2800 374 2851 Ἠ
415 2799 553 2868 μόνη
600 2799 661 2851 τὸ
722 2798 947 2861 ἀσθενὲς
997 2799 1094 2867 τῆς
1143 2796 1489 2869 ἀνθρωπίνης
1534 2795 1819 2866 ὑπάρξεως

238 2890 318 2960 τῷ
346 2890 477 2959 θείῳ
514 2906 608 2943 σου
643 2888 870 2960 τοητῷ,
930 2891 1092 2959 ἁγνὴ,
1136 2888 1510 2961 ἑπιρρὡασα.
1563 2888 1820 2955 συνεργός

241 3003 335 3054 μοι
388 2983 587 3053 φάνηθι
636 2984 774 3055 πρὸς
831 2986 893 3037 τὺ
938 2988 1037 3054 τῆς
1089 2985 1340 3054 νηστείας
1403 2983 1623 3035 εἰσιόντι
1677 2982 1819 3035 θεῖον

242 3079 479 3133 στάδιον.
741 3070 745 3085 ἰ
1384 3084 1395 3098 ’
1707 3067 1712 3072 “

320 3173 476 3243 Μόνη
506 3170 731 3241 βοήθεια
754 3168 1081 3240 ἀνθρώπων,
1114 3168 1307 3240 βοηθὸς
1338 3169 1470 3240 ἡμῖν
1504 3167 1682 3239 καιρῷ
1723 3166 1819 3237 τῆς

1700 409 2065 473 ΜΜΠΛΙΕ.

3360 412 3490 475 1353

1991 521 2445 592 Quandoquidem
2479 520 2621 576 Deus
2646 520 2933 575 constituit
2956 529 3005 574 te
3034 520 3257 575 humani
3281 540 3431 590 gener
3452 527 3495 576 is

1923 618 2215 679 auxilium;
2250 612 2586 671 neomittas.
2616 630 2647 668 0
2677 613 2839 683 Virgo
2863 624 3041 676 easta,
3073 615 3321 684 impense
3345 632 3493 669 emn—

1918 710 2043 764 dem
2080 724 2175 777 pro
2207 709 2362 762 nobis
2396 706 2646 761 ﬁdelibus
2675 707 2976 777 deprecari.

2200 830 2297 883 Ex'
2317 847 2518 885 canone
2542 833 2595 883 in
2626 830 2710 883 die
2726 831 2937 901 quinm,
2979 828 3218 897 Vespere.

1997 942 2160 1015 304
2187 942 2230 996 Ο
2264 930 2423 1012 νὶιεο
2452 954 2662 1004 sancta,
2686 942 2904 997 unicum
2931 944 3170 999 lidelidm
3198 914 3488 1007 auxilium.

1922 1041 2159 1093 concede
2202 1038 2521 1107 adjutrieem
2550 1038 3011 1092 intercessionem
3063 1050 3212 1093 tuam
3253 1052 3494 1110 tempore

1919 1132 2133 1200 jejnnii,
2179 1133 2431 1186 omnibus
2461 1141 2511 1186 te
2561 1131 2845 1202 Deiparam
2894 1142 3098 1187 castam
3148 1138 3495 1203 agnoscenti-

1922 1224 2046 1278 bus.

1993 1314 2089 1379 Te,
2115 1324 2171 1369 ut
2199 1315 2443 1368 omnium
2492 1314 2761 1370 bonorum
2803 1334 3051 1384 causam,
3084 1317 3330 1385 Domina,
3368 1324 3493 1376 uni-

1924 1392 2066 1462 versi
2095 1408 2298 1463 obnixe
2325 1409 2705 1484 deprecamur,
2741 1394 2803 1463 ut
2830 1420 2880 1465 te
2912 1412 3251 1475 mediatrice,
3277 1414 3326 1466 in
3358 1415 3499 1484 jeju-

1923 1500 1995 1554 nii
2040 1517 2269 1567 agonem
2312 1480 2480 1556 simul
2515 1502 2937 1564 descendamus.
2989 1514 3042 1559 et
3087 1506 3152 1560 ad
3199 1508 3492 1562 salutarem

1861 1664 1877 1677 ἠ
1935 1594 2182 1662 ejusdem
2210 1576 2371 1649 lincni
2398 1596 2772 1650 deveniamus.

1956 1678 2193 1741 'Pm'um
2251 1688 2594 1757 peccantium
2666 1689 3127 1758 propitiatorium,
3174 1707 3210 1742 ο
3270 1691 3495 1747 Domina

1924 1791 2141 1843 sancta,
2172 1780 2568 1834 interi-rSsione
2598 1792 2685 1834 tua
2718 1780 2942 1852 eﬂringe
2972 1790 3315 1851 peccatorum
3352 1802 3497 1839 tneo-

1848 1879 1889 1938 Β
1921 1888 2039 1925 rum
2065 1872 2507 1940 chirographum.

1997 1961 2197 2034 Jt-jnnii
2224 1974 2433 2033 portam
2461 1964 2779 2033 ingressuri,
2806 1972 2857 2019 te
2885 1964 2974 2019 Dei
3009 1979 3215 2035 portam
3240 1970 3498 2039 depreca-

1922 2072 2079 2119 mur,
2107 2072 2139 2111 ο
2175 2055 2425 2118 Domina,
2458 2067 2515 2110 ut
2539 2057 2763 2125 adjures
2788 2058 3022 2115 famulos
3046 2072 3189 2125 tuos,
3218 2074 3379 2132 atque
3408 2080 3500 2133 pe.-

1924 2150 2075 2203 uitus
2142 2149 2335 2203 dilates
2375 2158 2585 2205 mentes
2639 2160 2694 2205 et
2732 2149 3090 2220 cogitationes
3131 2156 3199 2209 ad
3233 2159 3495 2211 salutaria

1921 2239 2189 2308 desideria
2225 2240 2578 2310 perﬁcienda.

1978 2423 2356 2479 Luci.lissimis
2408 2424 2790 2494 splendoribus
2842 2428 2986 2497 tnis;,
3033 2443 3068 2482 ο
3125 2428 3266 2483 bona
3299 2431 3491 2483 mundi

1925 2516 2175 2578 Domina,
2222 2515 2435 2568 discute
2477 2514 2729 2569 tenebras
2774 2516 2969 2569 anima:
3005 2533 3157 2582 meat,
3189 2527 3242 2572 et
3282 2527 3494 2573 noctem

1921 2604 2129 2673 peccati
2182 2604 2312 2668 mei,
2365 2613 2422 2658 ut
2466 2606 2719 2659 alacriter
2768 2606 3017 2675 psallam,
3069 2616 3233 2677 teque
3284 2608 3494 2663 beatili-

1920 2714 2062 2752 CCIII.

1996 2792 2039 2845 0
2071 2800 2238 2855 casta,
2275 2806 2395 2859 qua:
2425 2791 2537 2846 διιιιι
2571 2792 2758 2846 divino
2790 2803 2943 2861 partu
2977 2804 3072 2849 tuo
3107 2796 3361 2850 humana:
3396 2812 3495 2851 na-

1924 2892 2058 2936 tura:
2093 2884 2518 2937 imbecillitatem
2547 2886 2951 2949 corroborasti;
2982 2896 3100 2940 esto
3142 2889 3276 2941 mihi
3333 2893 3491 2943 anxi-

1923 2976 2123 3038 liatrsx,
2156 2975 2284 3029 dum
2318 2977 2560 3030 dit'inum
2592 2977 2789 3047 jejunii
2828 2980 3064 3035 stadium
3097 2980 3391 3049 ingredior.

1947 3173 1955 3178 "
1996 3162 2227 3218 Unicum
2280 3163 2565 3216 hominum
2615 3164 3070 3229 auxiliumpesto
3124 3166 3283 3239 nobis
3326 3169 3498 3222 servis

242 3263 577 3333 ἐγκρατείας
601 3266 716 3326 τοῖς
754 3264 868 3326 σοῖς
903 3261 1120 3325 δούλοις
1154 3261 1337 3329 γενοῦ,
1377 3263 1525 3323 ὅπως
1548 3261 1605 3312 ἒν
1656 3278 1819 3328 μετα-

1930 3259 2037 3310 tuis
2070 3255 2302 3322 adjutrix
2354 3265 2595 3325 tempore
2625 3259 2999 3323 abstinentiae;
3039 3268 3093 3313 ut
3130 3260 3182 3313 in
3231 3250 3501 3330 paeniten-

241 3357 363 3427 νοίᾳ
386 3355 804 3426 εύαρεστοῦντες
836 3354 1096 3425 λάϐωμεν
1129 3352 1375 3424 οὐρανῶν
1395 3354 1494 3423 τὴν
1517 3352 1815 3421 βασιλείαν.

316 3540 629 3611 Θεοκυῆτορ
651 3540 916 3609 πάναγνε,
940 3538 1034 3590 ἐπὶ
1059 3538 1118 3591 σὲ
1144 3530 1588 3607 καταφεύγομεν,
1617 3536 1820 3590 οἴκτει-

244 3646 340 3698 ρον
363 3629 511 3698 ἡμᾶς
541 3631 605 3698 τῇ
638 3627 818 3699 ἀγαθῇ
846 3626 1114 3699 πρεσϐείᾳ
1138 3644 1255 3692 σου,
1281 3626 1374 3679 καὶ
1395 3626 1536 3679 δίδου
1574 3626 1821 3679 εύῖλατον

242 3696 335 3773 τὸν
365 3696 493 3773 λ’ίόν
521 3696 612 3773 σου
641 3696 735 3773 καὶ
762 3696 967 3791 Κύριον
990 3696 1196 3773 ἅπασιν
1242 3721 1378 3789 ἡμῖν
1434 3720 1493 3771 ὲν
1523 3719 1601 3788 τῷ
1644 3720 1820 3789 καιρῷ

243 3814 347 3883 τῆς
384 3815 660 3885 νηστείας,
686 3814 786 3883 τῆς
816 3813 912 3866 νῦν
967 3813 1331 3883 εἰσαγομένης
1357 3814 1437 3877 εἰς
1479 3814 1687 3865 πιστῶν
1712 3832 1820 3867 σω-

240 3903 439 3973 τηρίαν
460 3905 567 3957 τῶν
586 3921 645 3957 σε
664 3904 1105 3975 ύμνολογούντων
1121 3907 1201 3967 εἰς
1222 3904 1429 3967 πάντας
1451 3906 1576 3967 τοὺς
1595 3905 1818 3968 αἰῶνας.

314 3997 784 4050 Καταπιπτόντων
853 3997 1248 4066 ἐπανόρθωσις,
1332 3998 1676 4068 ἁμαρτωλῶν
1723 4015 1820 4069 με-

245 4091 409 4151 σῖτις,
476 4089 643 4154 ξένων
701 4088 985 4159 ἀνάφυξις,
1041 4088 1395 4157 λυπουμένων
1452 4089 1817 4158 παράκλησις,

247 4179 494 4247 παναγία
531 4179 802 4250 Παρθένε,
844 4182 944 4248 τὴν
973 4179 1073 4249 τῆς
1108 4179 1285 4249 ψυχῆς
1350 4197 1453 4250 μου
1500 4181 1677 4253 λύπην
1707 4181 1821 4234 δια-

245 4262 534 4337 σκέδασον,
585 4272 748 4343 ἁγνὴ.
808 4273 903 4325 καὶ
952 4273 1301 4342 παράκλησιν
1354 4272 1558 4326 ἄνωθεν
1587 4275 1652 4326 ἐκ
1680 4272 1819 4325 Θεοῦ

248 4386 342 4437 μοι
395 4367 618 4436 δοθῆναι
672 4367 936 4431 δυσῶπει,
985 4366 1316 4438 μελῳδοῦντι
1366 4367 1686 4437 προθύμως,
1727 4367 1819 4419 καὶ

246 4459 618 4529 ύπερυψούντί
648 4476 705 4512 σε
739 4461 817 4523 είς
857 4461 1064 4523 πάντας
1094 4460 1219 4523 τοὺς
1242 4459 1465 4520 αἰῶνας.

1927 3348 2021 3410 tia,
2060 3347 2169 3401 Deo
2199 3348 2394 3417 placite
2442 3348 2799 3420 hilariter-que
2826 3350 3146 3415 servientes,
3176 3353 3499 3421 recipiamus

1925 3456 2147 3506 regnum
2180 3441 2465 3498 caelorum.

1992 3530 2036 3585 Ο
2070 3532 2374 3586 castissima
2419 3532 2511 3586 Dei
2571 3532 2840 3599 Gcnitrix,
2881 3537 2946 3586 ad
2992 3543 3045 3588 te
3090 3534 3437 3603 confugimus
3482 3559 3494 3592 :

1926 3629 2186 3683 miserere
2210 3628 2383 3682 nostri
2420 3630 2650 3697 benigna
2688 3629 3083 3685 intercessione
3110 3640 3223 3696 tua,
3254 3643 3309 3688 et
3334 3634 3497 3688 redde

1925 3722 2215 3791 propitium
2249 3720 2445 3775 Filium
2471 3731 2621 3775 tuum
2658 3736 2718 3776 ac
2745 3721 3031 3777 Dominum
3064 3724 3220 3777 nobis
3242 3727 3498 3780 omnibus

1924 3822 2166 3881 tempore
2202 3811 2397 3881 jejunii
2436 3827 2579 3866 nunc
2612 3812 2943 3881 incipientis,
2988 3813 3043 3867 in
3087 3814 3320 3869 Salutem
3361 3816 3495 3871 lide-

1926 3904 2055 3959 lium
2085 3922 2097 3957 :
2132 3904 2223 3974 qui
2250 3914 2301 3958 te
2334 3904 2552 3975 hymnis
2574 3906 2849 3959 celebrant
2882 3922 2974 3975 per
2998 3908 3180 3963 omnia
3207 3910 3424 3965 saecula.

1995 3997 2315 4053 Labentium
2361 3999 2605 4063 erectio;
2640 4000 2985 4069 peccantium
3033 4002 3355 4068 mediatrix;
3402 4020 3498 4074 pr-

1926 4093 2267 4160 regrinorum
2297 4093 2677 4164 refrigerium;
2712 4094 2945 4148 tristium
2984 4096 3315 4161 consolatio,
3338 4097 3499 4169 Virgo

1925 4185 2307 4252 sanctissima;
2341 4186 2509 4240 animi
2543 4186 2647 4240 mei
2680 4201 2968 4242 numerem
2996 4185 3295 4258 dispelle,o
3327 4200 3498 4254 casta,

1925 4282 1978 4331 et
2024 4277 2248 4347 impetra
2272 4276 2434 4348 305
2481 4278 2614 4332 mihi
2647 4280 2901 4348 precibus
2934 4282 3042 4335 tuis
3067 4297 3097 4336 a
3127 4279 3238 4337 Deo
3264 4282 3499 4353 desuper

1924 4371 2388 4436 consolationem;
2455 4372 2586 4426 dum
2650 4372 2894 4428 hilariter
2964 4383 3343 4447 cano,-teque
3393 4394 3489 4431 su-

1925 4462 2200 4531 perexalto
2239 4478 2334 4532 per
2365 4463 2548 4517 omnia
2581 4464 2803 4518 saecula.

314 4552 591 4621 Φιλάγαθε
607 4552 874 4623 Παρθένε,
896 4552 987 4641 τὸν
1011 4552 1214 4621 ἀγαθὸν
1242 4552 1276 4622 ἡ
1295 4551 1530 4603 τεκοῦσα
1557 4549 1813 4619 Σωτῆρα,

1994 4556 2180 4609 Amica
2214 4556 2481 4611 bonorum
2527 4556 2713 4627 Virgo,
2754 4575 2872 4627 qua:
2918 4560 3121 4615 bonum
3159 4560 3496 4616 Salvatorem

244 4640 519 4706 ἀγάθυνον
547 4641 754 4703 πάντας
780 4629 951 4712 ἡμᾶς,
993 4641 1220 4695 πάθεσιν
1250 4641 1512 4711 ἀμέτροις
1542 4639 1637 4693 καὶ
1667 4641 1816 4707 λογι-

247 4736 411 4799 σμοῖς
450 4734 893 4804 κεκακωμένους,
940 4734 1229 4799 Δέσποινα,
1266 4735 1363 4787 καὶ
1408 4733 1816 4804 βεϐαρυμένους

244 4827 532 4898 ἁμαρτιῶν
562 4828 803 4899 φορτίοις
824 4827 1270 4895 δυσδαστάκτοις,
1298 4830 1382 4881 ἵνα
1408 4846 1465 4882 σε
1501 4827 1820 4898 καταχρέως

245 4920 322 4984 ὡς
379 4921 645 4973 θεοτόκον
699 4920 1119 4991 μεγαλύνωμεν.

314 5110 383 5163 Ἦ
416 5108 728 5179 προστασία
765 5106 986 5161 πάντων
1024 5107 1136 5161 τῶν
1180 5108 1261 5171 εἰς
1287 5107 1347 5160 σὲ
1399 5109 1759 5173 πεποιθότων,
1789 5112 1822 5179 ἡ

242 5204 303 5254 ἐν
335 5200 604 5267 ἀνάγκαις
640 5197 916 5268 ἄγρυπνος
960 5199 1281 5269 ὑπάρχουσα
1329 5200 1647 5270 προστάτις,
1700 5201 1821 5254 Θεο-

244 5292 396 5353 τόκε,
427 5290 527 5359 τῆς
565 5288 927 5359 αἰωνιξούσης
964 5289 1234 5361 λύτρωσαι
1265 5291 1414 5363 ἡμᾶς
1460 5292 1707 5361 γεέννη·,
1727 5294 1821 5345 καὶ

244 5382 360 5435 τῶν
392 5379 774 5450 ἀποκειμένων
808 5381 1083 5435 κολάσεων
1119 5381 1358 5453 πικρῶν,
1384 5383 1533 5445 ὅπως
1564 5400 1824 5453 χρεωστι-

245 5478 361 5541 κῶς
394 5474 773 5547 ύμνοῦμενπὰ
815 5475 1080 5545 μεγαλείά
1105 5492 1220 5529 σου.

899 5584 1084 5642 Ἦγορ
1108 5589 1188 5642 β’.

540 5620 545 5635 π
899 5589 973 5641 τΗ
1015 5606 1046 5640 ο
1174 5628 1188 5642 .

261 5681 365 5734 Ἐκ
396 5678 500 5732 τοῦ
524 5677 785 5744 κανόνος
814 5676 928 5745 τῆς
958 5589 1241 5747 aaut-riae
1275 5675 1384 5745 τῆς
1404 5660 1726 5746 ἐϐδομάὸοζ
1751 5685 1823 5732 a'.

316 5796 383 5848 Ἦ
442 5795 542 5866 τὴν
601 5796 788 5864 πηγὴν
834 5794 935 5865 τῆς
1005 5793 1304 5855 ἀπαθείας’
1342 5792 1599 5862 κυήσασα
1658 5808 1827 5861 τραυ-

248 5890 580 5961 ματισθέντα
632 5888 851 5955 πάθεσι,
928 5889 1101 5960 Κόρη,
1156 5886 1515 5959 θεράπευσον,
1574 5886 1665 5936 καὶ
1728 5903 1827 5935 πυ-

1927 4648 2209 4717 peperisti,
2247 4649 2421 4703 bonos
2462 4647 2612 4703 ellice
2668 4667 2768 4705 nos
2809 4652 3119 4717 universos,
3161 4669 3194 4707 ο
3245 4654 3496 4715 Domina.

1926 4740 2302 4797 immoderatis
2344 4742 2513 4797 animi
2558 4746 3064 4812 perturbationibus
3100 4757 3154 4801 et
3206 4750 3497 4817 cogitatio-

1925 4830 2087 4885 nihus
2118 4827 2288 4885 malos
2324 4832 2569 4898 ell‘ectos,
2606 4844 2657 4888 et
2681 4835 3123 4905 importabilihus
3150 4848 3496 4906 peccatorum

1926 4923 2158 4977 sarcinis
2188 4934 2465 4992 gravatos,
2503 4937 2561 4978 ut
2583 4935 2655 4990 te,
2689 4937 2847 4994 prout
2867 4942 3083 4997 azquum
3108 4938 3212 4994 est,
3238 4936 3498 4999 tanquam

1927 5015 2212 5085 Deiparam
2234 5018 2625 5087 gloriﬁcemns.
3249 5080 3257 5089 γ

1992 5106 2036 5161 Ο
2064 5109 2441 5179 omnium,qui
2471 5109 2521 5162 in
2548 5120 2597 5162 te
2628 5109 2924 5174 confidunt,
2953 5110 3337 5179 patrocinium,
3378 5126 3500 5182 qme

1930 5201 2343 5272 vigilantissima
2373 5201 2425 5255 in
2450 5184 2871 5256 necessitatibus
2893 5218 2951 5256 es
2977 5205 3303 5272 protectrix;
3332 5204 3498 5257 libera

1930 5310 2051 5360 nos,
2080 5309 2113 5349 0
2147 5294 2395 5365 Deipara.
2425 5309 2455 5348 a
2487 5295 2733 5365 gehenna
2763 5297 3012 5366 perenni,
3038 5297 3180 5351 etab
3209 5298 3497 5352 amarissi-

1930 5388 2037 5441 mis
2060 5387 2339 5456 suppliciis
2367 5386 2481 5454 jam
2516 5388 2853 5457 praeparatis,
2896 5397 2955 5443 ut
2990 5389 3172 5444 debite
3214 5389 3501 5445 laudemus

1931 5481 2198 5551 magnalia
2221 5491 2334 5535 tua.

2552 5587 2790 5643 TONUS
2818 5587 2883 5643 II.

2552 5588 2790 5643 TONUS
2818 5588 2883 5643 Il.

1937 5682 2016 5734 Ex
2029 5696 2226 5734 canone
2241 5679 2387 5748 feriae
2414 5694 2448 5732 ιι
2478 5684 2663 5748 prima:
2689 5678 3028 5732 hebdomade:
3047 5678 3500 5750 Quadragesimw.

2005 5766 2463 5860 lmpassihilitatis
2487 5790 2689 5844 fontem
2716 5790 2899 5854 enixa,
2934 5808 3020 5845 me
3048 5793 3362 5861 passionum
3393 5796 3505 5849 vnl-

1935 5883 2156 5938 neribus
2174 5865 2485 5937 confecinm
2519 5882 2729 5937 medica
2761 5867 2922 5936 manu
2955 5900 3110 5949 cura,
3134 5900 3167 5940 ο
3196 5884 3376 5939 Puella
3409 5904 3419 5939 :
3454 5894 3506 5941 et
