4180 6450
724 394 743 457 1
757 397 859 460 3.59

1852 394 1908 451 S-
1950 392 2262 452 JOSEPIII
2307 394 2865 455 IIYMNOGRAPHI

3842 404 3978 473 1350

720 509 789 562 ab
816 508 935 573 igne
965 512 1169 556 mterno
1202 500 1351 571 eripe
1380 517 1484 565 me,
1548 516 1666 569 qua:
1721 502 1835 555 sola
1882 517 1940 556 cs
1994 502 2086 556 Dei
2124 502 2297 571 gratia

2406 505 2497 573 ρδς
2562 506 2779 557 αἰωνίου
2846 504 3154 575 ὲξὰρπασόν
3227 524 3327 577 με,
3398 508 3533 577 μόνη
3597 510 3978 581 οεοχαρίτωτε.

717 596 1034 667 plenissima
1060 594 1196 662 (45).

791 711 895 775 Τυ,
926 725 959 762 o
994 688 1166 774 casta,
1194 724 1311 778 quae
1338 707 1635 762 cmliﬁcasti
1660 706 2024 762 substantiam
2052 719 2289 762 nostram

720 817 991 859 terr-aiam
1030 813 1083 857 et
1141 804 1587 871 corruptibilcni;
1641 801 1866 854 ferventi
1902 802 2293 856 intercessione

720 911 812 952 tua
850 899 933 952 lac
966 908 1023 949 ut
1051 897 1356 966 dirigantur
1388 910 1575 965 preces
1609 906 1663 949 et
1706 895 2128 964 supplicationes
2194 912 2292 949 no-

724 1002 855 1045 strzc
893 988 958 1041 ad
998 999 1149 1041 tuum
1176 998 1341 1057 atque
1372 987 1615 1040 omnium
1656 988 1818 1040 Deum
1851 998 1903 1040 et
1930 987 2154 1057 llrgem.

790 1102 1122 1157 lnlirmatam
1211 1102 1468 1155 omnibus
1544 1101 1911 1171 pessimorum
1985 1101 2291 1153 dzcnionnm

719 1197 1101 1250 invasionihus
1138 1195 1393 1247 miseram
1437 1194 1678 1247 animam
1735 1208 1934 1253 meam.
1994 1192 2229 1254 medica,
2259 1206 2292 1245 ο

723 1288 947 1339 lloniina
970 1286 1317 1339 immaculata
1336 1285 1473 1355 (Μ),
1503 1294 1557 1338 ιιι
1579 1300 1699 1354 quae
1726 1284 1995 1337 medicum
2014 1282 2290 1338 Christum

718 1378 1147 1448 redemptionem
1173 1386 1412 1431 nostram
1438 1377 1691 1447 peperisti
1715 1394 1727 1429 :
1758 1386 1810 1431 te
1830 1378 1998 1440 enim,
2027 1389 2059 1428 0
2082 1374 2290 1442 Puella,

716 1470 992 1540 Virginem
1028 1470 1400 1540 incorruptam
1434 1468 1774 1539 agnovimus.

1346 1599 1580 1656 TONUS
1611 1600 1675 1655 ll.

888 1730 971 1786 Ea:
1001 1748 1200 1786 canone
1225 1731 1372 1800 feria:
1408 1746 1467 1785 ιιι
1494 1730 1731 1799 ejusdem
1764 1730 2128 1784 Iwbdonmdw.

783 1863 827 1919 Ο
860 1874 1023 1929 terra,
1056 1864 1125 1918 ab
1198 1863 1432 1918 aratoris
1478 1879 1641 1916 manu
1694 1862 1974 1927 immunis,
2023 1878 2144 1933 qua:
2173 1862 2295 1917 uni-
2329 1875 2371 1931 ιι

720 1958 864 2011 versi
899 1955 1233 2015 Nutritorcm
1270 1955 1601 2024 produxisti,
1646 1956 1738 2025 qui
1781 1957 2033 2023 aperiens
2072 1970 2291 2009 manum

718 2050 1056 2119 beneplacito
1088 2048 1251 2117 306
1297 2061 1420 2112 suo,
1469 2046 1657 2116 implet
1684 2062 1844 2101 omne
1874 2048 2074 2101 animal
2112 2048 2293 2101 divina

720 2139 916 2191 virtute
951 2156 964 2191 :
999 2137 1231 2191 fortittca
1260 2150 1400 2206 pane
1425 2136 1572 2190 vitali
1608 2135 1774 2189 corda
1810 2146 1995 2191 nostra
2021 2136 2295 2190 debilitata

718 2249 781 2286 ac
810 2232 980 2284 fracta
1021 2242 1085 2284 ex
1141 2233 1390 2283 satietate
1437 2229 1891 2299 gravissimorum
1946 2240 2294 2299 peccatorum

719 2332 1059 2376 nostrorum.

786 2429 830 2485 Ο
856 2430 945 2484 Dei
970 2429 1212 2485 Genitrix
1244 2438 1419 2494 casta,
1440 2429 1762 2484 medicinam
1788 2430 1984 2484 adhibe
2020 2432 2297 2488 ulceribus

718 2519 915 2574 anima),
948 2536 1100 2585 mete,
1133 2520 1422 2589 cordisque
1476 2520 1843 2588 passionibus,
1877 2538 1939 2574 ac
1970 2521 2171 2574 mentis
2201 2538 2296 2574 vo-

723 2611 1019 2676 lubilitati;
1054 2612 1253 2680 quippe
1287 2626 1405 2678 quae
1433 2611 1544 2665 sola
1575 2619 1925 2679 peccatorum
1962 2629 2021 2667 es
2069 2615 2300 2667 auxilia-

722 2704 853 2766 trix,
886 2712 941 2756 et
970 2718 1159 2756 murus
1184 2716 1374 2755 eorum
1405 2702 1497 2771 qui
1529 2702 1767 2757 hostium
1804 2706 2298 2773 deprtdationibns

719 2806 847 2849 sunt
875 2795 1130 2865 expositi.

789 2906 923 2971 Quis
980 2904 1193 2959 auditas
1246 2903 1407 2960 faciet
1436 2905 1623 2960 Iaudes
1674 2915 1817 2971 tuas,
1873 2923 1905 2962 ο
1948 2906 2133 2978 Virgo,
2164 2923 2287 2977 qua:

720 2997 1313 3068 inexcogitabili'modo
1346 3000 1602 3067 peperisti
1654 2999 1979 3054 laudabilem
2035 3000 2295 3055 Domina-

722 3102 891 3145 torem
952 3085 1376 3155 ac'Dominum,
1429 3106 1590 3159 quem
1668 3093 1915 3162 primarii
1979 3093 2297 3163 angelorum

2504 706 2563 757 'll
2599 705 2958 774 οὐρανὼσασα
2984 707 3137 778 ἡμῶν
3170 708 3268 779 τὴν
3327 707 3500 779 γεώδη
3559 712 3652 762 καὶ
3709 710 3976 781 φθαρτὴν,

2404 798 2559 866 ἁγνὴ,
2580 798 2789 861 οὐσίαν,
2818 802 2883 868 τῇ
2919 798 3095 869 θερμῇ
3120 816 3215 852 σου
3248 801 3518 871 πρεσϐείᾳ
3541 802 3977 871 κατευθυνθῆναι

2400 890 2557 959 ἡμῶν
2587 889 2854 955 ἐντεύξεις
2889 892 2985 943 καὶ
3016 892 3230 961 δεήσεις
3269 893 3497 961 ποίησον
3538 895 3674 964 πρὸς
3732 894 3825 947 τὸν
3883 898 3974 947 σὸν

2401 985 2497 1035 καὶ
2528 984 2745 1036 πάντων
2775 984 2911 1037 θεὸν
2938 987 3030 1038 καὶ
3065 986 3313 1054 βασιλέα.

2484 1094 2953 1163 Ἐξασθενήσασαν
2979 1096 3181 1159 πάσαις
3214 1095 3542 1166 προσϐολαῖς
3564 1097 3672 1150 τῶν
3699 1099 3975 1150 κακίστων

2399 1184 2669 1253 δαιμόνων
2699 1186 2797 1255 τὴν
2828 1187 3016 1240 ἀθλίαν
3050 1206 3149 1258 μου
3178 1188 3357 1260 ψυχὴν
3392 1190 3564 1254 ἴασαι,
3598 1191 3830 1260 ἄχραντε
3879 1190 3978 1241 Δέ-

2406 1295 2623 1340 σποινα,
2684 1282 2764 1331 ia:
2775 1279 2865 1349 ρδν
2908 1283 3159 1333 τετοκυῖα
3183 1282 3415 1351 Χριστὸν
3442 1286 3540 1351 τὴν
3600 1282 3980 1351 ἀπολύτρωσιν

2402 1370 2585 1441 ἡμῶν,
2614 1372 2729 1424 τῶν
2762 1372 2983 1426 εἰδότων
3018 1390 3077 1426 σε
3122 1374 3292 1445 κόρην
3318 1374 3593 1445 Παρθένον
3627 1375 3976 1445 ἀδιάφθορον.

3059 1574 3244 1626 ΙΙΧΟΣ
3278 1572 3353 1626 B’.

2401 1703 2497 1754 Ἐκ
2534 1703 2635 1756 τοῦ
2658 1703 2927 1768 Κανόνας
2946 1704 3056 1771 τῆς
3080 1704 3280 1771 τρίτης
3295 1704 3405 1773 τῆς
3422 1702 3609 1772 αὐτῆς
3631 1700 3977 1771 ἐεδομάδος.

2485 1852 2547 1904 'll
2580 1851 2934 1921 ἀγεώργητος
2957 1851 2990 1919 ἡ
3030 1851 3103 1918 γῆ
3134 1852 3166 1919 ἠ
3201 1849 3549 1920 βλαστήσασα
3595 1848 3686 1901 τὸν
3712 1846 3805 1900 τοῦ
3847 1864 3981 1899 παν-

2400 1942 2490 2005 τὸς
2522 1941 2742 2012 Τροφέα
2775 1941 2864 1993 τὸν
2896 1941 3256 2005 ὑπανοίγοντα
3291 1942 3469 2011 χεῖρα,
3523 1939 3618 1992 καὶ
3648 1938 3867 2006 εὐδοκία
3910 1938 3976 2003 τῇ

2398 2030 2564 2085 αὑτοῦ
2607 2030 2986 2099 ὲμπιπλοῠντα
3023 2031 3129 2082 πᾶν
3162 2029 3302 2092 ζῶον
3363 2029 3521 2098 ἰσχύϊ
3574 2028 3751 2100 θεῖκῃ,
3785 2030 3976 2096 στήρι-

2400 2122 2487 2185 ξον
2521 2121 2673 2190 ἄρτῳ
2708 2120 2927 2190 ζωτικῷ
2963 2121 3304 2190 παρειμένας
3334 2121 3566 2191 καρδίας
3596 2120 3673 2191 τῷ
3703 2121 3847 2189 κόρῳ
3868 2120 3979 2171 τῶν

2396 2214 2675 2283 δυσχερῶν
2708 2213 2865 2284 ἡμῶν
2899 2215 3338 2284 παραπτώσεων.

2468 2423 2835 2494 θεογεννῆτορ
2872 2423 3031 2494 ἁγνὴ,
3080 2424 3181 2494 τῆς
3223 2424 3399 2493 ψυχῆς
3456 2441 3557 2493 μου
3602 2422 3669 2475 τὰ
3694 2423 3828 2491 ἒλκη
3886 2424 3983 2476 καὶ

2402 2514 2631 2582 καρδίας
2657 2515 2724 2566 τα
2760 2514 2928 2582 πάθη,
2983 2517 3077 2568 καὶ
3107 2518 3226 2579 νοὸς
3257 2515 3356 2578 τὰς
3391 2514 3663 2585 ἐκτροπὰς
3696 2512 3973 2583 θεράπευο

2402 2621 2515 2665 σον,
2545 2604 2619 2667 ὡς
2656 2606 2791 2676 μόνη
2817 2608 3158 2677 ἁμαρτωλῶν
3197 2606 3389 2677 βοηθὸς
3444 2607 3539 2659 καὶ
3587 2607 3981 2677 πορθουμένων

2401 2714 2453 2750 τε
2468 2714 2599 2767 ιχος.

2472 2901 2569 2963 Τίς
2588 2900 2829 2965 ἀκούσας
2850 2901 3072 2971 ποιήσει
3095 2902 3192 2962 τὰς
3218 2902 3454 2964 αἰνέσεις
3480 2916 3574 2952 σου
3592 2899 3689 2967 τῆς
3712 2896 3983 2966 τεκούσης

2400 2994 2543 3065 ὑπὲρ
2568 2995 2693 3048 νοῦν
2737 2994 2829 3047 τὸν
2880 2994 3094 3048 αῑνετδν
3149 2995 3245 3046 καὶ
3296 2995 3599 3061 Δεσπότην,
3661 2992 3822 3062 ἁγνὴ,
3882 2992 3981 3041 καὶ

2400 3087 2627 3157 Κύριον,
2658 3087 2716 3139 ὃν
2746 3088 3132 3157 ὑπεραινοῦσιν
3154 3088 3405 3154 ἀγγέλων
3430 3086 3768 3155 ταξιαρχίαι;
3805 3084 3983 3134 Αὑτὸν

718 3180 944 3235 ordines
975 3180 1308 3234 collaudant.
1346 3178 1609 3235 Eumdein
1640 3190 1696 3235 tu
1726 3184 2043 3250 deprecare,
2078 3200 2110 3236 o
2132 3182 2297 3252 Virgo

2405 3175 2499 3232 οὖν
2544 3179 2850 3232 ὲκδυσώπει
2899 3180 3039 3250 ὑπὲρ
3095 3179 3226 3232 λαοῦ
3268 3179 3675 3248 ἡμαρτηκότος,
3732 3174 3984 3245 Παρθένε

720 3276 969 3345 innupta,
1001 3288 1097 3343 pro
1125 3275 1346 3344 populo,
1401 3275 1496 3344 qui
1544 3289 1665 3329 sese
1694 3278 1933 3345 peccatis
1980 3275 2295 3330 obstrinxit.

1330 3395 1568 3453 TONUS
1612 3398 1678 3454 ιι.

880 3509 961 3564 Ex
994 3526 1194 3563 canone
1219 3509 1369 3578 ferite
1402 3525 1450 3562 tv
1480 3510 1715 3578 ejusdem
1755 3511 2112 3564 liebdomadie.

792 3653 874 3709 Tu
910 3670 1032 3725 qua:
1056 3654 1108 3708 in
1146 3668 1337 3709 omnes
1392 3664 1676 3709 creaturas
1719 3671 1943 3712 exerces
1978 3658 2289 3727 imperium,

722 3764 755 3803 ο
783 3748 1046 3815 Domina;
1080 3748 1281 3818 quippe
1310 3763 1435 3818 quae
1459 3746 1753 3803 Dominum
1804 3750 1982 3819 ipsum
2015 3752 2293 3820 peperisti,

724 3844 892 3895 libera
924 3857 1011 3895 me
1047 3856 1077 3894 a
1109 3840 1369 3896 servitute
1400 3840 1573 3896 dolosi
1606 3841 1849 3896 omnium
1882 3842 2074 3897 hostis.

801 3932 876 3987 Te
904 3933 1259 4003 refulgentem
1293 3933 1620 4003 lampadem,
1670 3942 1723 3987 et
1758 3933 2059 3999 lucernam,
2093 3934 2146 3988 in
2187 3950 2294 4005 qua

726 4026 865 4096 ignis
890 4023 1203 4080 Divinitatis
1234 4033 1606 4080 commoratus
1637 4024 1965 4080 illuminavit
1989 4040 2082 4081 eos
2117 4028 2209 4096 qui
2240 4027 2294 4081 in

1618 4150 1709 4191 fee

798 4203 935 4270 (i3).
966 4200 1227 4257 iPlenum
1252 4202 1455 4272 (inquit
1484 4200 1776 4257 Pelbartus
1801 4204 1853 4255 in
1882 4201 2133 4256 Stellario
2158 4203 2282 4257 tibr.

731 4290 801 4338 iv,
830 4289 880 4341 p.
924 4275 971 4335 l,
1005 4274 1140 4343 qL‘Z,
1181 4288 1231 4327 a.
1272 4273 1327 4343 5)
1359 4284 1441 4327 est
1483 4273 1639 4340 cujus
1670 4276 1814 4327 nulla
1852 4289 1975 4341 pars
1998 4285 2079 4328 est
2104 4290 2296 4338 vacua,

729 4361 801 4406 iv,
846 4343 1007 4412 Pliys.
1044 4342 1204 4412 Ergo,
1245 4342 1422 4397 subdit
1462 4344 1625 4407 idem,
1665 4359 1790 4412 pars
1833 4344 2080 4413 originis,
2112 4344 2163 4397 id
2194 4354 2300 4407 est,

729 4415 1101 4479 conceptionis
1129 4413 1331 4477 Mai-iw,
1375 4430 1480 4467 non
1528 4414 1626 4466 fuit
1672 4429 1700 4466 a
1738 4414 1907 4483 gratia
1937 4429 2124 4483 vacua,
2157 4414 2301 4482 qo'od

2405 3271 2712 3343 ἀπειρόγαμ
2724 3287 2771 3323 ε.

3043 3380 3231 3434 ΗΧΟΣ
3264 3381 3340 3435 B'.

2440 3472 2533 3523 Ἐκ
2565 3470 2669 3524 τοῦ
2694 3470 2965 3535 Κανόνας
2987 3468 3099 3535 τῆς
3142 3466 3424 3535 τετάρτης
3450 3464 3554 3533 τῆς
3580 3465 3772 3534 αὐτῆς
3786 3465 3950 3519 e660-

3079 3555 3293 3623 μάδοςο

2474 3659 2820 3724 Δεσπόξουσα
2869 3659 3125 3713 ἁπάντων
3164 3660 3271 3711 τῶν
3300 3656 3639 3726 ποιημάτων,
3684 3658 3982 3720 Δέσποινα,

2404 3754 2478 3817 ὡς
2513 3756 2605 3807 τὸν
2633 3754 2914 3822 Δεσπότην
2948 3752 3168 3817 τὲξασα,
3225 3750 3325 3819 τῆς
3382 3749 3623 3811 δουλείας
3650 3766 3717 3817 με
3761 3748 3984 3801 ἐλευθέ-

2407 3862 2578 3918 ρωσον
2604 3845 2698 3898 τοῦ
2728 3845 2904 3897 δολίου
2938 3841 3031 3895 τοῦ
3075 3843 3233 3913 μόνου
3266 3842 3655 3913 πολεμήτορος.

2477 3938 2543 3990 Σὲ
2573 3939 2669 4008 τὴν
2700 3937 2925 4009 φαεινὴν
2954 3936 3213 4005 λαμπάδα
3238 3938 3331 3988 καὶ
3371 3935 3613 4005 λυχνίαν,
3642 3937 3700 3987 ὲν
3794 3935 3853 3986 τὸ
3876 3932 3983 4003 περ

2407 4024 2506 4096 τῆς
2591 4025 2853 4094 Θεότητος
2912 4024 3167 4094 οοίκῆσαν
3237 4024 3469 4092 ἐφώτισε
3525 4024 3649 4085 τοὺς
3716 4022 3985 4075 νυκτώὁιι

2407 4204 2569 4257 finem
2598 4220 2612 4268 ;
2640 4203 2887 4272 sequitur
2933 4202 3222 4272 gloriosam
3256 4200 3528 4271 Virginem
3556 4204 3767 4271 plenam
3818 4200 3986 4255 fuisse

2408 4276 2576 4339 gratia
2603 4276 2654 4327 in
2713 4274 2997 4343 principio,
3035 4274 3231 4336 medio,
3273 4283 3326 4326 et
3382 4275 3514 4343 line;
3556 4286 3688 4338 ergo
3720 4285 3985 4342 c0iicepta

2411 4344 2513 4397 fuit.
2535 4342 2741 4411 absque
2766 4353 2990 4413 peci'ato
3018 4344 3292 4412 originali.
3332 4362 3350 4393 ι
3390 4342 3480 4396 Sic
3511 4343 3621 4397 ille.

2482 4417 2616 4483 (Η).
2658 4414 2713 4467 Si
2748 4411 3035 4482 diligenter
3080 4411 3401 4467 evolvantur
3458 4413 3602 4476 libri,
3653 4411 3985 4480 disputatio-

732 4486 941 4576 t'iii‘sset,
972 4484 1015 4536 si
1047 4484 1347 4576 inhpeccato
1372 4482 1919 4576 origiilipliuconcept'a
1946 4482 2116 4576 foret;
2159 4503 2177 4534 i
2213 4484 2303 4576 Sic
2336 4521 2381 4576 Β
2413 4482 2531 4565 pes,
2563 4494 2844 4576 tractatus,
2876 4494 2930 4537 et
2980 4483 3126 4576 varia
3161 4488 3359 4552 scripta
3408 4498 3604 4564 eorum
3636 4484 3729 4576 qui
3759 4553 3771 4576 Ι
3792 4494 3985 4576 coqtra

728 4554 1033 4608 l’elliaitus.
1094 4555 1300 4608 Dicitur
1326 4570 1485 4623 porro
1529 4552 1585 4605 Β.
1618 4554 1781 4623 Virgo
1804 4569 1832 4607 a
1862 4552 2103 4623 Josepho
2140 4572 2158 4605 ι
2188 4556 2299 4609 sola

732 4624 917 4695 divina
952 4625 1125 4692 gratia
1158 4625 1683 4693 plenissimaziquia
1709 4625 1819 4677 sola
1846 4639 1941 4692 per
1967 4625 2299 4695 singularem

735 4694 825 4747 Dei
861 4696 913 4747 in
939 4709 995 4748 se
1024 4696 1476 4755 benevolentiam,
1506 4696 1574 4746 ab
1622 4696 1769 4747 omni
1803 4710 2026 4763 prorsus
2052 4694 2298 4763 peccato,

730 4768 871 4833 quod
927 4766 1163 4835 gratiam
1218 4763 1481 4826 excludit,
1528 4779 1742 4833 semper
1792 4765 2164 4818 alienissima:
2220 4767 2303 4819 vel

730 4836 856 4903 quia
894 4834 1006 4887 sola
1037 4850 1065 4887 a
1090 4834 1265 4903 primo
1296 4850 1409 4888 sua:
1440 4835 1814 4903 conceptionis
1846 4836 2093 4897 instanti,
2122 4844 2175 4889 et
2208 4852 2307 4905 per

731 4919 893 4957 omne
925 4906 1047 4958 vita:
1097 4914 1334 4972 tempus,
1356 4906 1555 4957 divinis
1581 4906 1755 4958 oculis
1794 4906 1846 4958 in
1892 4906 2151 4960 omnibus
2178 4921 2305 4974 gra-

733 4976 1032 5029 tiosissima
1067 4992 1081 5030 :
1115 4974 1200 5029 vel
1243 4976 1368 5043 quia
1399 4991 1520 5028 cum
1555 4975 1673 5043 ejus
1701 4976 1887 5045 gratia:
1936 4977 2212 5044 plenitudo
2236 4979 2305 5031 sit

731 5060 795 5098 ex
820 5045 938 5113 ejus
964 5046 1227 5115 dignitate
1289 5049 1655 5099 mcusuranda
1700 5056 1754 5099 et
1788 5048 2147 5100 maternitatis
2184 5048 2303 5115 ejus

733 5116 969 5184 dignitas
997 5131 1214 5170 onmem
1276 5132 1659 5185 quamcunque
1710 5116 2021 5169 hominibus
2074 5119 2306 5185 possibi—

733 5186 838 5237 lem
908 5187 1225 5253 dignitatem
1282 5194 1525 5254 superet,
1580 5187 1857 5254 plenitudo
1900 5188 2061 5240 etiam
2120 5191 2306 5255 gratiae

734 5256 904 5320 ipsius
965 5270 1181 5309 onmem
1252 5271 1388 5324 puro
1455 5256 1583 5310 Atla:
1635 5260 1745 5310 lilio
1791 5258 2305 5311 comniunicaliilem

733 5326 1051 5394 dignitatem
1083 5328 1328 5391 excedet,
1361 5338 1413 5380 et
1447 5330 1788 5395 privilegium
1826 5330 2200 5383 iiiiniuiistatis
2236 5330 2304 5382 ab

734 5398 985 5475 priginali
1041 5407 1284 5476 peccato,
1344 5399 1490 5465 quod
1542 5402 1772 5519 gratiam
1823 5401 2084 5463 excludit,
2145 5400 2197 5451 in
2242 5414 2303 5452 se

736 5468 986 5519 includit.
1014 5467 1153 5519 llinc
1192 5468 1397 5519 Paulus
1429 5468 1494 5519 de
1527 5467 1547 5519 l
1575 5470 1752 5519 eredia
1786 5470 1837 5519 in
1876 5477 2034 5519 tract.
2063 5469 2138 5519 De
2169 5468 2303 5519 Con-

736 5467 986 5522 includit.
1014 5467 1153 5521 llinc
1192 5468 1397 5519 Paulus
1429 5468 1494 5520 de
1527 5467 1752 5521 lleredia
1786 5470 1837 5521 in
1876 5477 2034 5522 tract.
2063 5469 2138 5522 De
2169 5468 2307 5523 Con-

740 5547 874 5604 cept.
919 5538 983 5590 Β.
1059 5536 1141 5601 γ.,
1174 5537 1240 5590 ad
1277 5537 1552 5591 lunocent.
1606 5538 1741 5602 \‘Ill,
1774 5541 1825 5590 in
1860 5540 1947 5592 illa
2004 5544 2164 5593 verba
2201 5546 2306 5592 Ave

738 5605 939 5679 Maria,
995 5612 1168 5677 gratia
1218 5607 1393 5676 plena.
1456 5627 1473 5658 ι
1508 5609 1858 5675 Plenitudini,
1924 5610 2119 5679 inquit,
2173 5624 2307 5664 coa-

738 5678 909 5749 venit,
961 5688 1019 5731 ut
1066 5680 1137 5733 sit
1160 5693 1253 5747 per
1296 5689 1461 5731 totam
1525 5680 1816 5733 eSsentiam
1876 5678 2128 5749 subjecti,
2178 5683 2304 5749 quia

739 5747 783 5800 si
803 5752 873 5801 ita
901 5763 1008 5801 non
1030 5759 1193 5811 esset,
1224 5765 1499 5816 nunquam
1523 5751 1677 5818 plena
1708 5759 1881 5804 esset:
1915 5747 2150 5805 essentia
2183 5747 2307 5805 vero

745 5819 975 5888 subjecti
1042 5822 1212 5874 divisa
1264 5829 1348 5874 cst
1406 5824 1458 5873 in
1514 5821 1862 5891 principium,
1936 5825 2195 5888 medium,
2253 5833 2308 5876 et

2411 4556 2814 4607 immaculatain
2868 4555 3281 4623 conceptionem
3314 4555 3654 4622 scripserunt
3690 4553 3774 4605 vel
3807 4555 3983 4605 eidem

2408 4626 2653 4678 modeste
2682 4626 3023 4678 subscribere
3072 4634 3418 4687 recusarunt,
3456 4639 3725 4691 nusquam
3782 4624 3987 4690 legetur

2404 4697 2545 4764 apud
2587 4697 2707 4748 illas
2760 4695 2951 4748 titulus
3000 4694 3397 4764 immaculata.
3439 4696 3599 4747 toties
3656 4709 3685 4745 a
3749 4692 3986 4761 Josepho

2408 4763 2594 4819 ItOSll‘O
2639 4766 2933 4818 attributus
2997 4763 3198 4833 Virgini
3233 4781 3246 4816 :
3289 4766 3423 4817 nihil
3464 4766 3608 4816 enim
3657 4764 3986 4833 disputatio-

2408 4852 2529 4889 nem
2596 4837 2932 4889 sustinentes
2974 4836 3225 4887 volebant
3257 4835 3435 4888 dicere
3464 4849 3802 4903 repugnans,
3836 4846 3894 4885 ut
3922 4834 3984 4886 ab

2408 4907 2697 4960 Aristotele
2730 4907 2783 4959 in
2811 4904 3018 4974 Topicis
3058 4906 3383 4968 didicerant,
3430 4917 3483 4957 et
3517 4906 3685 4973 probe
3714 4905 3985 4958 callebant

2414 4978 2630 5030 titulum
2676 4978 3038 5030 iiiiiiiacu|;it.r
3059 4977 3348 5042 quomodo.
3372 4991 3555 5043 unque
3577 4982 3981 5033 enuntiaretur.

2408 5063 2563 5116 mque
2618 5062 2740 5101 esse
2774 5046 3045 5114 opinionis
3094 5045 3369 5116 Virginem
3401 5060 3429 5098 a
3475 5056 3701 5113 peccato
3731 5045 3983 5113 originali

2408 5114 2697 5171 eximentis
2775 5118 3212 5185 prolestativuni.
3278 5114 3416 5169 Hinc
3495 5117 3870 5184 Hieronymus
3926 5121 3985 5166 ab

2411 5190 2681 5257 Angesto,
2737 5189 2913 5241 exacti
2962 5186 3153 5254 judicii
3208 5188 3514 5254 theologus,
3571 5187 3775 5239 lectura
3812 5189 3868 5248 5,
3907 5186 3983 5239 sui

2408 5256 2801 5327 Prdpugnaculi
2833 5270 3021 5312 contra
3066 5258 3314 5311 nolentes
3363 5258 3821 5325 gloriosissimam
3866 5256 3980 5309 γπ-

2408 5332 2587 5399 ginem
2651 5328 2877 5381 Mariam
2911 5330 3017 5382 dici
3072 5330 3496 5392 immaculatam,
3550 5328 3699 5380 nullo
3741 5329 3854 5380 alio
3890 5345 3982 5396 pii-

2409 5398 2533 5463 gnat
2568 5410 2907 5469 argumento.
2960 5413 3125 5467 quam
3176 5398 3495 5468 probatione
3553 5399 3985 5466 praeservationis

2410 5471 2584 5538 ipsius
2634 5473 2702 5524 ab
2753 5471 3005 5538 originali
3051 5478 3293 5537 peccato,
3347 5481 3498 5521 ratus
3552 5484 3658 5521 non
3707 5483 3877 5537 posse
3917 5469 3983 5520 illi

2412 5542 2627 5593 titulum
2680 5540 3041 5594 immaculata:
3070 5550 3397 5608 competere,
3461 5553 3625 5607 quam
3696 5539 3780 5592 vel
3833 5543 3986 5592 unius

2411 5611 2667 5665 instantis
2718 5612 2928 5663 macula
2985 5610 3261 5664 fmdasset.
3316 5609 3445 5662 Vide
3502 5613 3985 5663 Armamenlarium

2410 5680 2754 5749 Serapliicum
2815 5696 2913 5751 pro
2967 5682 3125 5735 titulo
3182 5682 3543 5735 immaculata:
3599 5681 3988 5752 Conceptiunis

2412 5769 2532 5823 pag.
2581 5753 2701 5809 155.
