4180 6450
696 395 828 459 1361

1823 396 1883 452 S.
1923 395 2236 455 JOSEPIII
2279 397 2838 459 HYMNOGRAPIII

3807 401 3944 469 1368

693 512 867 566 salve:
892 526 976 565 me
998 510 1337 567 damnationi
1376 505 1672 564 obnoxium
1703 526 1716 562 :
1749 524 1781 564 ο
1816 510 2037 564 unicum
2077 511 2261 581 prazsi-

2369 511 2460 563 τὸν
2511 514 2859 581 κατάκριτον,
2914 509 3051 581 μόνη
3094 508 3400 580 προστασία
3436 507 3530 562 τοῦ
3584 507 3779 576 γένους
3827 508 3942 560 τῶν

691 604 838 657 dium
875 605 1090 674 generis
1116 606 1360 660 humani.

764 697 1005 751 Montem
1032 712 1061 751 a
1087 698 1317 767 lapicida
1344 702 1643 769 intactum;
1672 710 1882 772 portam
1912 696 2261 766 impervium,

691 796 1065 850 sublimiorem
1105 797 1266 864 male,
1319 800 1703 871 universisque
1778 796 1941 851 rebus
2016 794 2263 860 creatis;

691 891 925 956 speciem
965 888 1168 955 Iacob;
1201 908 1391 948 urnam
1426 904 1591 947 totam
1629 906 1874 957 auream,
1914 898 1968 942 et
2006 896 2262 957 pontem;

689 994 742 1035 et
766 981 985 1036 Matrem
1010 983 1309 1051 Creatoris,
1335 984 1612 1056 Virginem
1640 984 1823 1040 ﬁdeles
1870 981 2263 1037 beatiﬂcemus.

790 1185 872 1239 Ea:
898 1203 1095 1242 canone
1124 1189 1176 1241 in
1206 1187 1341 1258 feria
1372 1204 1421 1242 tv
1453 1188 1603 1243 hebd.
1637 1205 1716 1253 ιιι,
1749 1188 1818 1241 ad
1844 1184 2191 1241 Matutinum.

761 1366 1105 1421 lnrarnatum
1136 1382 1200 1422 ex
1229 1375 1349 1433 te,o
1377 1365 1742 1430 immaculata,
1783 1364 2013 1420 Verbum
2043 1380 2264 1433 proces-

689 1459 781 1524 sit,
837 1469 896 1513 ut
942 1459 1241 1529 primorum
1298 1468 1580 1528 parentum
1619 1459 1830 1529 lapsum
1880 1458 2116 1526 erigeret
2168 1473 2265 1526 per

690 1551 899 1602 viscera
938 1548 1325 1602 misericordia
1352 1563 1483 1602 suae.

766 1640 857 1694 Dei
893 1639 1192 1707 Sapientia,
1211 1640 1434 1692 domum
1451 1638 1553 1691 sibi
1579 1637 1881 1700 ardilicans,
1910 1652 1972 1690 ex
2000 1644 2053 1691 te
2082 1636 2263 1690 incar-

693 1741 816 1785 nata
843 1740 928 1787 est
979 1729 1237 1784 ineffabili
1288 1730 1373 1784 sui
1419 1730 1591 1798 ipsius
1635 1730 1990 1794 demissione,
2034 1743 2067 1781 ο
2101 1726 2265 1798 Virgo

694 1823 963 1891 innupta;
1002 1830 1061 1875 tu
1097 1822 1240 1875 enim
1274 1823 1385 1875 sola
1419 1838 1485 1875 ex
1518 1822 1778 1875 omnibus
1815 1820 2262 1889 generationibus

2366 605 2463 656 ἀνθ
2474 602 2691 675 ρώπων.

2437 695 2510 748 ’ῐὸ
2550 696 2896 767 ἁλατόμητον
2936 696 3086 765 ὅρος,
3131 695 3233 766 τὴν
3261 693 3566 748 ἀδιόδευτον
3601 692 3800 764 πύλην,
3836 692 3941 761 τὴν

2366 787 2646 859 ἀνωτέραν
2691 788 2951 859 οὐρανοῦ,
3010 789 3105 841 καὶ
3161 787 3261 855 τῆς
3297 788 3529 846 κτίσεως
3586 791 3790 855 πάσης,
3838 786 3943 855 τὴν

2365 881 2625 953 καλλονὴν
2652 881 2745 935 τοῦ
2785 881 3003 946 Ἰακὼϐ,
3033 881 3132 950 τὴν
3176 881 3414 949 στάμνον
3448 880 3549 950 τὴν
3601 879 3942 948 πάγχρυσον,

2366 974 2459 1027 καί
2482 975 2747 1045 γέφυραν,
2789 977 2884 1029 καὶ
2916 974 3147 1045 Μητέρα.
3175 972 3270 1026 τοῦ
3303 974 3559 1038 κτίστου,
3590 971 3688 1041 τὴν
3731 971 3937 1041 Παρθέ-

2364 1084 2454 1120 νον
2480 1069 2895 1138 μακαρίσωμεν,
2925 1067 3129 1122 πιστοί.

2378 1175 2472 1227 Ἐκ
2491 1173 2598 1229 τοῦ
2631 1176 2899 1240 Κανόνας
2918 1172 3027 1239 τῆς
3052 1173 3341 1239 τετάρτης
3372 1172 3483 1241 τῆς
3510 1169 3840 1239 ἑϐδομάδος
3866 1176 3942 1238 3’,

2885 1248 2973 1311 εἰς
3012 1244 3121 1298 τὸν
3149 1246 3421 1312 Ὄρθρον.

2435 1354 2864 1426 Σιυματοῦμενος
2895 1358 2959 1410 ὲκ
2990 1353 3114 1421 σοῦ,
3148 1355 3326 1425 Κόρη,
3362 1353 3633 1424 προῆλθεν
3661 1354 3689 1405 ό
3748 1351 3942 1421 Λόγος,

2365 1450 2465 1517 τὴν
2504 1449 2804 1511 ἔκπτωσιν,
2840 1450 3103 1519 ἄχραντε,
3131 1447 3239 1499 τῶν
3265 1446 3628 1517 προπατόρων
3657 1446 3744 1499 διὰ
3773 1445 3947 1498 σπλά-

2364 1557 2507 1610 γχνα
2542 1538 2847 1610 οἰκτιρμῶν
2876 1539 3279 1609 διορθούμενος.

2447 1634 2541 1686 Ἐκ
2572 1630 2666 1685 σοῦ
2688 1632 2782 1686 τοῦ
2798 1631 2932 1684 Θεοῦ
2959 1634 2993 1701 ὴ
3024 1633 3195 1701 Σοφία
3221 1628 3370 1686 οἷκον
3393 1633 3559 1703 ἑαυτῇ
3585 1630 3945 1702 δομησαμένη

2365 1725 2655 1796 ὲσαρκώθη
2702 1726 3001 1797 ἀπορρήτῳ
3055 1726 3485 1793 συγκαταωσει,
3533 1726 3686 1795 Κόρη
3715 1724 3948 1793 ἀπειρό-

2366 1835 2510 1887 γαμε
2538 1834 2551 1848 ο
2593 1819 2657 1871 σὺ
2692 1820 2802 1888 γὰρ
2850 1818 2987 1887 μόνη
3035 1817 3228 1870 πασῶν
3280 1819 3484 1882 γενεῶν
3520 1818 3797 1884 ὲκλέλεξαι
3839 1815 3950 1884 ἃφ-

688 1913 857 1966 electa
908 1930 988 1977 es,
1039 1914 1352 1984 incorrupta
1405 1914 1460 1968 in
1513 1913 1902 1969 habitationem
1959 1913 2261 1983 incorrupti

2369 1882 2522 1978 θορος
2556 1882 2949 1977 ἀφθάρτου-είς
2974 1882 3265 1959 πατοικὶαν
3293 1907 3489 1975 Λόγου.

692 2004 874 2061 Verbi.

763 2098 839 2151 Ex
896 2106 968 2163 te,
1010 2113 1044 2152 ο
1088 2096 1274 2168 Virgo,
1328 2110 1699 2169 paupertatem
1754 2108 1996 2154 nostram
2055 2098 2265 2167 accepit

688 2199 903 2256 sponte,
938 2190 1028 2244 ille
1076 2190 1166 2259 qui
1198 2190 1352 2245 dives
1387 2201 1471 2245 est
1514 2202 1709 2257 suapte.
1746 2199 1941 2244 natura
1970 2208 1983 2244 :
2029 2190 2263 2244 visibilis

689 2292 871 2336 autem
918 2282 1092 2337 factus
1123 2283 1285 2353 312
1324 2293 1409 2338 est
1457 2284 1612 2337 nobis
1648 2284 1736 2338 ille
1766 2284 1859 2352 qui
1907 2283 2197 2337 invisibilis
2230 2299 2257 2337 a

688 2376 943 2445 supernis
973 2378 1157 2431 choris
1215 2378 1489 2439 laudatur.
1526 2377 1823 2446 imaginem
1856 2378 2143 2432 contritam
2179 2394 2262 2432 re-

690 2472 921 2524 stituens
956 2480 1179 2539 propter
1209 2486 1362 2525 suam
1400 2472 1722 2525 bonitatem.

794 2573 880 2635 Ex
911 2600 1107 2638 canone
1127 2584 1179 2637 in
1203 2585 1338 2653 feria
1360 2600 1393 2639 ν
1414 2583 1566 2640 Ιιεὺά.
1592 2600 1675 2651 ιιι,
1704 2584 1771 2638 ad
1801 2582 2153 2639 Hatulinum.

763 2760 993 2817 Domina
1048 2772 1257 2826 saneta,
1301 2761 1504 2819 Christi
1541 2762 1633 2817 Dei
1669 2761 1840 2817 nostri
1892 2761 2100 2827 Mater;
2138 2777 2261 2815 cum

690 2857 935 2909 omnium
960 2854 1223 2909 factorem
1254 2854 1511 2909 ineﬂ'abili
1540 2855 1747 2908 ratione
1769 2854 2076 2923 pepereris;
2098 2866 2263 2906 exora

692 2964 799 3002 una
842 2960 966 3001 cum
1010 2947 1186 3001 sacris
1216 2945 1478 3015 apostolis
1509 2944 1726 2999 assidue
1758 2943 2053 2997 bonitatem
2092 2943 2261 3010 illius,

693 3052 751 3095 ut
779 3058 879 3095 nos
906 3039 972 3093 ab
1011 3038 1177 3092 animi
1216 3037 1721 3107 perturbationibus
1748 3037 1955 3102 liberet,
1992 3045 2045 3089 et
2073 3051 2267 3106 pecca-

691 3144 869 3187 tormn
897 3123 1108 3185 veniam
1143 3131 1300 3185 nobis
1333 3130 1614 3200 largiatur.

2450 2094 2545 2147 Ἐκ
2600 2093 2695 2149 σοῦ
2748 2093 2848 2164 τὴν
2893 2094 3053 2164 ήμῶν
3097 2093 3393 2163 πτωχείαν,
3444 2090 3724 2161 Παρθένε,
3773 2089 3954 2142 θέλων

2364 2187 2629 2255 ἑφόρεσεν
2671 2187 2699 2238 ὁ
2732 2184 2988 2248 πλούσιος
3016 2187 3081 2254 τῇ
3132 2186 3293 2253 φύσει
3320 2203 3335 2216 ·
3369 2184 3561 2256 ὁρατὸς
3612 2184 3672 2235 δὲ
3721 2183 3953 2250 γέγονεν

2365 2280 2499 2348 ἡμῖν
2531 2279 2558 2330 ὁ
2585 2278 2831 2346 ἀοράτως
2885 2279 2997 2339 τοῖς
3053 2276 3166 2330 ἄνω
3204 2278 3384 2347 χοροῖς
3431 2277 3791 2346 ὑμνούμενος,
3846 2274 3955 2345 τὴν

2368 2371 2751 2441 συντριϐεῖσαν
2787 2372 2977 2424 εἰκόνα
3011 2369 3373 2423 ἀναπλάττων
3402 2368 3720 2436 ἀγαθότητι.

2379 2581 2474 2634 Ἐκ
2502 2578 2608 2634 τοῦ
2638 2575 2908 2642 Κανόνος
2940 2578 3051 2646 τῆς
3078 2579 3353 2645 πέμπτης
3386 2577 3497 2645 τῆς
3518 2575 3847 2647 ἑϐδομάδος
3873 2583 3948 2645 π’,

2888 2652 2976 2715 εἰς
3003 2651 3110 2703 τὸν
3139 2652 3409 2718 Ὀρθρον.

2449 2761 2607 2830 ’Δγία
2634 2762 2919 2827 Δέσποινα,
2952 2760 3186 2831 Χριστοῦ
3238 2760 3334 2813 τοῦ
3362 2759 3496 2813 Θεοῦ
3530 2758 3687 2829 ἡμῶν
3723 2758 3878 2827 Μῆτε
3892 2776 3949 2828 ρ,

2366 2852 2439 2916 ὡς
2465 2856 2557 2907 τὸν
2581 2852 2837 2907 ἁπάντων
2880 2852 3110 2921 ποιητὴν
3142 2853 3474 2922 ἀπορρήτως
3520 2850 3777 2917 τεκοῦσα,
3833 2851 3949 2902 ίκέο

2365 2962 2514 3010 τευε,
2543 2947 2640 2999 σὺν
2684 2946 3004 3009 ἀποστόλοις
3068 2946 3234 3013 ἱεροῖς
3268 2945 3552 3009 ἑκάστοτε,
3600 2943 3698 3012 τὴν
3734 2942 3945 3009 ἀγαθό-

2368 3055 2506 3106 τητα
2535 3038 2699 3091 αὑτοῦ
2725 3039 2909 3091 παθῶν
2957 3040 3104 3106 ἡμᾶς
3146 3034 3550 3107 λυτρώσασθαι,
3602 3038 3693 3089 καὶ
3748 3037 3952 3103 ἄφεσιν

2367 3130 2500 3199 ἡμῖν
2527 3128 2710 3181 δοῦναι
2746 3128 3181 3199 ἁμαρτημάτων.

760 3223 1006 3277 Lucerna
1084 3220 1535 3290 inextinguibilis,
1590 3218 1827 3272 thalame
1901 3218 2261 3286 undequaque

2437 3222 2645 3291 Λυχνία
2706 3221 2991 3283 ἄσϐεστος,
3052 3218 3280 3290 νυμφὼν
3352 3219 3611 3288 ὁλόφωτε,
3689 3221 3949 3290 Σεραιρίμ.

691 3330 1011 3377 coruscans,
1047 3312 1328 3381 Seraphim
1375 3311 1682 3373 sublimior,
1714 3310 2023 3362 vehiculum
2064 3308 2261 3361 cheru-

693 3410 894 3469 bicum,
928 3407 997 3460 ab
1026 3405 1171 3459 omni
1205 3404 1413 3458 macula
1470 3403 1731 3457 immunis
1756 3402 1889 3469 (48),
1943 3418 1969 3455 a
1997 3401 2261 3472 gravissi-

692 3503 794 3555 mis
835 3500 1073 3569 peccatis
1108 3507 1161 3552 et
1190 3497 1447 3567 periculis
1477 3497 1645 3553 libera
1666 3512 1771 3549 me.

759 3594 1151 3649 Generationes
1184 3591 1593 3659 generationnm
1622 3587 1932 3642 beatiﬁcauit
1959 3596 2030 3650 te,
2056 3596 2114 3641 ut
2135 3587 2259 3642 olim

692 3682 1012 3749 praedixisti,
1046 3698 1078 3734 o
1113 3680 1297 3733 divina
1340 3678 1597 3734 felicitate
1631 3678 2066 3733 cumulatissima
2103 3677 2261 3732 :sola

689 3774 832 3827 enim
869 3772 1179 3827 hominibus
1211 3772 1425 3825 beatum
1460 3769 1696 3824 Verbum
1733 3767 2170 3839 peperisti,qnod
2196 3784 2260 3823 ex

689 3879 759 3925 te.
797 3866 958 3919 modo
994 3861 1378 3932 inexplicabili,
1411 3876 1607 3930 corpus
1638 3861 1960 3929 assumpsit.

759 3960 904 4013 Luce
934 3957 1116 4011 divina
1146 3956 1391 4009 illumina
1425 3970 1533 4017 me,
1574 3969 1607 4007 ο
1634 3951 1801 4022 Virgo
1833 3952 2085 4021 Deipara,
2114 3954 2263 4023 geni-

688 4054 789 4105 trix
856 4051 1035 4115 locis;
1080 4048 1384 4118 animmque
1419 4061 1553 4102 mea:
1586 4045 1874 4116 caliginem
1926 4045 2152 4114 dissipa,
2206 4055 2264 4100 ut

689 4146 990 4201 bcatiliccm
1024 4154 1095 4207 te,
1129 4156 1292 4211 quam
1318 4140 1584 4194 universa:
1621 4140 1901 4192 hominum
1954 4139 2266 4208 generatio-

690 4254 808 4302 nes,
868 4236 1333 4307 quemadmodum
1402 4242 1564 4289 antea
1620 4232 1982 4304 prOphetasti,
2046 4232 2262 4287 beatam

689 4331 986 4400 appellant.

781 4440 865 4495 Ea:
892 4456 1092 4496 canone
1114 4440 1169 4493 in
1197 4439 1331 4508 feria
1364 4456 1415 4494 vt
1442 4436 1594 4491 Irebd.
1620 4452 1706 4501 ιιι,
1741 4438 1809 4490 ad
1839 4435 2187 4491 Matutinum.

2368 3315 2664 3382 ὑπερτέρα,
2698 3314 3037 3384 Χερουὸικδν
3054 3314 3258 3383 ὄχημα,
3285 3315 3618 3383 πανάμωμε,
3654 3314 3948 3385 ἁμαρτιῶν

2369 3423 2438 3475 με
2477 3406 2729 3476 χαλεπῶν
2758 3407 2853 3459 καὶ
2881 3406 3141 3459 κινδύνων
3177 3406 3567 3474 ἐλευθέρωσον.

2437 3595 2623 3647 Γενεαὶ
2644 3594 2845 3662 γενεῶν
2870 3611 2949 3659 σε,
2984 3593 3410 3663 θεομακάριστε,
3445 3596 3833 3664 μακαρίζουσι,
3870 3596 3949 3659 ὡς

2366 3686 2532 3742 πάλαι
2581 3687 2993 3756 προεφήτευσας
3018 3701 3035 3717 ο
3074 3686 3210 3756 μόνη
3270 3687 3379 3756 γὰρ
3411 3686 3619 3757 βροτοῖς
3644 3686 3737 3741 τὸν
3770 3691 3953 3757 μακά.

2372 3796 2483 3849 ριον
2510 3778 2733 3841 τέτοκας
2758 3778 2933 3846 Λόγον
2952 3778 3280 3850 amamus;
3302 3781 3367 3833 ἐκ
3387 3781 3480 3833 σοῦ
3515 3781 3947 3850 σωματωθέντα.

2436 3962 2580 4013 Φωτὶ
2625 3961 2703 4031 τῷ
2739 3960 2867 4031 θείῳ
2914 3979 2981 4031 με
3029 3962 3460 4033 φωταγὼγησον,
3512 3965 3544 4034 ἡ
3599 3964 3694 4017 τοῦ
3744 3967 3949 4032 φωτὶς⁹

2370 4052 2637 4122 Παρθένε,
2671 4053 2922 4117 Θεοτόκε,
2973 4052 3283 4124 λοχεύτρια,
3330 4056 3424 4107 καὶ
3467 4054 3646 4124 ψυχῆς
3704 4073 3808 4124 μου
3856 4058 3951 4109 τὶν

2367 4143 2528 4212 ζόφον
2558 4143 2846 4208 ἀπέλασον,
2876 4145 3024 4209 ὅπως
3047 4163 3105 4198 σε
3138 4146 3451 4217 μακαρίζω,
3489 4149 3554 4215 ἢν
3578 4149 3949 4218 μακαρίζουσι

2369 4238 2665 4292 πᾶσαιτῶν
2693 4238 2999 4309 ἀνθρώπων
3025 4242 3234 4309 γενεαὶ,
3273 4241 3349 4305 ὡς
3383 4246 3825 4313 προεφήτευσας.

2387 4441 2487 4493 Ἐκ
2537 4438 2644 4493 τοῦ
2674 4442 2950 4512 Κανόνος
3004 4440 3114 4509 τῆς
3161 4441 3575 4511 παρασκευῆς,
3637 4443 3746 4512 τῆς
3782 4445 3951 4499 ἐϐδο-

2706 4511 2900 4580 μάδος
2933 4518 3005 4581 τ’,
3039 4516 3128 4578 εἰς
3177 4514 3286 4566 τὸν
3314 4514 3589 4581 Ὄρθρον.

755 4621 990 4685 Novum,
1009 4630 1068 4675 ut
1095 4620 1380 4682 iniantem.
1402 4620 1654 4689 peperisti
1680 4636 1712 4674 ο
1739 4621 2074 4685 castissima,
2091 4621 2259 4676 Creao

2440 4625 2577 4678 Νέον
2606 4625 2930 4696 ἀπεκύησας
2966 4625 3042 4689 ὡς
3097 4624 3315 4696 βρέφος,
3363 4627 3630 4694 πάναγνε,
3666 4626 3760 4679 τὸν
3806 4630 3951 4683 Πλα-

687 4725 858 4770 torem
896 4731 1073 4769 meum
1102 4734 1116 4780 ;
1141 4731 1303 4785 quem
1336 4715 1654 4785 deprecare,
1683 4724 1733 4769 te
1754 4731 1873 4780 oro,
1902 4727 1958 4770 ut
1977 4733 2063 4771 me
2091 4718 2259 4771 multa

688 4809 892 4862 malitia
925 4809 1308 4871 inveteratum,
1338 4825 1601 4863 renovare
1634 4810 1910 4877 dignetur.

758 4902 1075 4971 Compesce,
1115 4918 1148 4955 0
1181 4903 1386 4958 Christi
1422 4903 1514 4956 Dei
1556 4903 1743 4966 Mater,
1779 4903 2041 4957 malitiam
2076 4904 2261 4958 cordis

689 4993 794 5046 mei
822 4996 1189 5064 umlequaque
1218 4994 1580 5063 periclitantis
1605 5013 1618 5049 :
1642 4994 1838 5049 collicle
1858 4994 2039 5063 jacula
2070 4996 2264 5049 ιιιριιιοσ

687 5104 840 5151 num,
899 5098 953 5143 et
989 5104 1151 5144 arcus
1210 5088 1640 5158 oppugnantium
1702 5089 1957 5143 miseram
2026 5091 2262 5143 animam

688 5196 886 5235 meam.

760 5272 1117 5327 Sanctissima
1190 5272 1441 5335 Domina,
1492 5287 1618 5343 spes
1698 5288 1817 5326 mea
1878 5282 1933 5327 et
1992 5273 2260 5343 refugium

690 5380 892 5429 meum,
941 5365 1158 5419 medere
1204 5366 1521 5421 vulneribus
1560 5365 1757 5421 animae
1800 5381 1973 5428 me'r;
2026 5377 2259 5421 mentem

687 5472 862 5510 meam
892 5458 1113 5526 paciﬁca
1137 5475 1151 5522 ;
1187 5472 1246 5512 ut
1271 5468 1325 5511 et
1357 5475 1457 5529 ego
1484 5460 1728 5529 gaudens
1753 5459 2058 5515 collaudem
2086 5461 2257 5515 mira-

688 5550 816 5605 bilia
854 5560 962 5616 tua,
984 5568 1017 5605 ο
1044 5550 1272 5623 Deipara
1298 5570 1512 5624 semper
1548 5553 1732 5624 Virgo.

755 5730 888 5803 (48).
936 5732 1259 5789 Universum
1334 5752 1506 5805 genus
1572 5737 1797 5791 maculm
1856 5747 1964 5792 tam
2028 5741 2263 5795 aemulis

684 5817 848 5876 quam
880 5807 1270 5871 originalishis
1295 5810 1517 5859 verbisa
1547 5807 1602 5861 Β,
1627 5808 1841 5876 Virgine
1859 5815 2085 5864 removit
2107 5812 2262 5866 lose-

689 5873 849 5942 phus,
889 5892 1012 5931 cum
1047 5878 1159 5933 hsce
1193 5879 1354 5933 verba
1390 5879 1657 5946 absolute,
1688 5873 2028 5950 simpliciter,
2055 5893 2104 5938 et
2142 5886 2259 5939 sine

2372 4719 2635 4788 στουργόν
2671 4736 2797 4787 μου,
2830 4719 2891 4772 ὃν
2922 4718 3248 4773 δυσωποῦσα
3281 4719 3741 4791 πεπαλαιωμένον
3777 4740 3844 4791 με
3890 4725 3952 4776 ὲν

2373 4810 2540 4881 πολλῇ
2578 4813 2745 4881 κακία
2772 4812 3122 4865 ἀνακαινίσαι
3158 4812 3372 4882 δέομαι.

2442 4904 2657 4958 Παῦσον
2689 4908 2788 4976 τῆς
2818 4906 2955 4975 ἐμῆς
2980 4906 3319 4960 πολνωδύνου
3367 4910 3545 4961 πᾶσαν
3573 4908 3803 4978 καρδίας
3849 4910 3952 4979 τὴν

2363 4996 2628 5058 κάκωσιν,
2656 4999 2848 5068 Μήτερ
2876 4999 3110 5069 Χριστοῦ
3148 4999 3241 5053 τοῦ
3276 4999 3413 5053 Θεοῦ
3441 5017 3457 5031 δ
3486 4999 3722 5070 θραῦσον
3750 5002 3951 5069 δαιμό-

2365 5107 2473 5142 νων
2503 5089 2571 5141 τὰ
2596 5088 2725 5159 βέλη
2771 5092 2863 5143 καὶ
2896 5090 2964 5144 τὰ
3007 5090 3135 5156 τόξα
3182 5092 3291 5145 τῶν
3343 5091 3791 5162 ἑκπολεμούντων
3847 5095 3951 5163 τὴν

2365 5182 2630 5251 ταπεινὴν
2673 5182 2853 5253 ψυχήν
2882 5202 3004 5253 μου.

2439 5275 2686 5343 Παναγία
2708 5276 2995 5342 Δέσποινα,
3014 5279 3047 5347 ἡ
3070 5277 3223 5341 ἐλπίς
3252 5296 3375 5347 μου,
3406 5280 3500 5331 καὶ
3535 5280 3851 5348 καταφυγὴ.
3880 5282 3949 5332 τὰ

2367 5369 2657 5437 τραύματα
2687 5371 2783 5439 τῆς
2813 5371 2953 5439 ἐμῆς
2978 5372 3126 5424 ἴασαι
3157 5372 3357 5443 ψυχῆς,
3390 5373 3480 5425 τὸν
3507 5374 3632 5425 νοῦν
3662 5391 3763 5441 μου
3789 5375 3947 5443 είρή-

2368 5478 2580 5524 νευσον,
2606 5462 2693 5513 ἵνα
2714 5462 2868 5529 κάγὼ
2907 5464 3111 5535 χαίρων
3131 5465 3357 5535 ἀνυμνῶ
3382 5467 3449 5519 τὰ
3508 5466 3777 5536 μεγαλεῖά
3827 5483 3947 5530 σου,

2369 5554 2597 5607 Θεοτόκε
2627 5556 2791 5609 ἀειπὰ
2798 5557 2975 5626 ρθενε.

2374 5741 2698 5797 lim’tatione
2728 5743 2833 5796 ulla
2881 5743 3110 5811 prolata,
3143 5742 3207 5797 ad
3234 5741 3528 5812 cujuslibet
3574 5741 3803 5797 maculze
3838 5743 3946 5798 im-

2373 5816 2694 5869 munitatem
2727 5816 3143 5888 signiﬁcandam
3180 5814 3289 5870 sint
3328 5829 3393 5868 ex
3430 5830 3488 5868 se
3517 5813 3731 5867 idonea.
