4180 6450
229 437 371 499 1369

1670 444 2032 504 MARIALE.

3344 434 3478 498 1370
3531 411 3538 433 ’

240 556 343 606 ‘Ex
378 551 486 606 τοῦ
527 553 952 629 Κανόνοςμτοῦ
1019 553 1321 629 Σαόϐἀτου
1383 554 1492 624 τῆς
1554 555 1800 626 ἑϐδομά-

1908 557 2065 629 313
2090 555 2172 609 Ex
2194 572 2393 610 canone
2421 555 2471 609 iu
2505 551 2739 629 Sabbeto
2772 551 3063 605 Dominicw
3096 566 3174 614 tu,
3212 548 3280 602 ad
3301 548 3480 602 Matu-

652 624 758 688 ὄος
783 625 852 695 τ’,
890 627 976 691 εἰς
1000 628 1105 679 τὸν
1125 629 1397 696 Ὀρθρογ.

298 771 417 822 Ἵνα
441 788 499 823 σε
528 772 733 837 φωναῖς
769 771 1106 841 διαπρυσίοις
1136 770 1582 841 ἁνευφημοῦμεν,
1624 771 1798 841 Κόρη,

221 861 325 924 τάς
383 863 567 931 φωνὰς
621 862 778 932 ἡμῶν
817 864 1023 928 ταύτας
1078 865 1401 934 προσδέχου,
1452 864 1543 917 καὶ
1575 864 1803 933 ίλασμδν

228 954 557 1024 ὀφλημάτων
585 955 851 1026 λήψεσθαι
875 957 964 1010 τὸν
996 957 1123 1010 Υίόν
1150 975 1242 1010 σου
1263 959 1613 1011 καθικέτευε.

296 1139 539 1202 Τέτοκας
566 1138 815 1208 νομίμων
852 1137 975 1208 δίχα
1014 1138 1231 1206 φύσεως
1284 1138 1378 1192 τὸν
1420 1138 1802 1208 Πλαστουργδν

219 1233 517 1301 γενόμενον
545 1231 852 1302 ἄνθρωπον,
899 1232 1135 1301 ἀχραντε
1160 1250 1173 1263 ⁸
1214 1231 1378 1285 αὐτὸν
1426 1228 1517 1285 οὖν
1563 1232 1802 1285 δυσώπει

220 1326 445 1379 πάντων
478 1328 574 1389 τὰς
598 1326 829 1397 ἀνομίας
852 1325 947 1378 νῦν
973 1325 1218 1395 παριδεῖν
1240 1325 1423 1378 καὶτὰ
1457 1325 1799 1395 πταίσματα.

310 1514 401 1577 Ὠς
429 1513 663 1567 τεκοῦσα
685 1512 819 1567 Θεὸν
858 1513 1270 1585 ἀναμάρτητον,
1305 1512 1405 1576 τὰς
1430 1514 1461 1581 ἠ
1472 1510 1588 1582 μῶν
1620 1512 1803 1582 ἁμαρ-

219 1606 344 1670 τίας
402 1606 687 1676 ἐξάλειψον
725 1610 847 1670 ταῖς
904 1608 1202 1678 μητρυιαῖς
1281 1605 1602 1674 πρεσὸείαις
1674 1621 1798 1671 σου,

220 1702 477 1765 Θεοτόκε,
506 1701 600 1754 καὶ
636 1700 777 1766 σῶζε
804 1700 1174 1764 ἀναϐοῶνταςο
1210 1701 1522 1771 Εὑλογεῖτε,
1560 1701 1631 1755 τὰ
1667 1700 1804 1770 ἔργα

224 1793 459 1865 Κυρίου,
475 1793 565 1847 τὸν
585 1793 811 1865 Κύριον.

2629 625 2815 677 tinum.

1976 773 2048 829 Ut
2096 783 2148 829 te
2203 773 2369 828 claris
2437 772 2664 827 vocibus
2739 768 3123 823 concelebrare
3180 766 3476 836 possimus,

1903 868 2111 931 Puella,
2162 868 2377 937 suscipe
2430 866 2526 919 bas
2576 863 2882 919 oblationes
2920 872 3159 924 nostras,
3194 868 3247 913 et
3284 857 3476 911 Filiqu

1904 971 2056 1016 tuum
2098 976 2320 1029 precare
2382 968 2441 1014 ut
2485 959 2790 1013 debitorum
2827 964 3135 1010 nostrorum
3165 952 3479 1025 propitiatio

1905 1067 2029 1106 nem
2070 1052 2420 1120 recipiamus.

1975 1140 2262 1211 Peperisti,
2298 1154 2491 1211 prteter
2521 1141 2666 1211 leges
2698 1149 2926 1204 naturae,
2948 1137 3261 1191 Creatorem
3300 1136 3479 1189 homi-

1904 1251 2028 1291 nem
2068 1236 2296 1299 l'actum,
2345 1250 2378 1290 ο
2410 1235 2797 1289 immaculata:
2824 1232 3077 1287 eumdem
3105 1246 3233 1299 ergo
3270 1230 3481 1299 suppli-

1904 1328 2041 1383 citer
2075 1346 2263 1393 exora,
2297 1338 2355 1383 ut
2386 1328 2699 1397 iniquitates
2753 1335 2807 1382 et
2837 1335 3058 1396 peccata
3096 1324 3475 1379 universorum

1904 1423 2163 1478 dimittat.

1975 1517 2054 1571 Tu
2092 1532 2212 1586 quae
2266 1515 2436 1571 Deum
2468 1514 2537 1569 ab
2576 1514 2722 1569 omni
2769 1513 2974 1583 peccati
3008 1512 3125 1566 labe
3179 1511 3479 1564 immunem

1906 1611 2189 1681 peperisti,
2220 1609 2338 1664 dele
2366 1616 2584 1677 peccata
2618 1617 2805 1661 nostra
2839 1604 3101 1661 maternis
3134 1602 3483 1657 intercessio~

1908 1702 2068 1756 uibus
2113 1701 2241 1766 tuis,
2272 1716 2303 1755 ο
2330 1700 2576 1769 Deipara,
2607 1710 2657 1753 et
2690 1700 2838 1757 salva
2877 1699 3217 1753 clamantes:
3250 1695 3481 1751 Benedi-

1905 1798 2030 1859 cite,
2056 1811 2221 1866 opera
2255 1795 2494 1859 Domini,
2528 1793 2839 1850 Dominum.

292 1901 476 1964 Φωτδς
527 1902 843 1971 οἰκητήριον
880 1902 912 1972 ἡ
964 1900 1030 1972 σὴ
1065 1901 1378 1972 γεγένηται,
1407 1898 1671 1969 παναγία,
1702 1902 1799 1972 μήο

1982 1905 2145 1963 Lucis
2188 1908 2561 1962 habitaculum
2618 1908 2789 1962 factus
2824 1914 2906 1961 est
2949 1905 3334 1962 sanctissimus
3367 1913 3483 1958 ute-

220 2011 350 2066 τρα.
386 1996 628 2063 πάναγνε
648 2010 663 2025 ο
704 1992 827 2047 ὅθεν
853 1993 1058 2055 πιστῶς
1085 1993 1298 2046 ἀναϐοῶ
1322 2010 1403 2045 σοι
1428 2010 1441 2025 ·
1500 1992 1600 2057 τὰς
1634 1992 1803 2061 κόρας

219 2088 320 2157 τῆς
350 2086 533 2156 ψυχῆς
563 2105 663 2157 μου
695 2085 1064 2153 καταύγασον,
1101 2086 1197 2139 καὶ
1222 2084 1410 2155 τρίϐον
1436 2085 1535 2157 τὴν
1585 2084 1804 2139 εὐθεῖαν

218 2179 502 2247 ὑπόδειξον
526 2180 605 2250 τῷ
633 2196 693 2232 σε
723 2178 964 2249 γνησίως
997 2177 1382 2249 μακαρίζοντι.

234 2423 337 2474 Ἐιι
359 2420 467 2474 τοῦ
497 2422 765 2483 Κανόνος
804 2416 1063 2481 διπλοῦς
1111 2414 1222 2483 τῆρ
1267 2415 1471 2481 τρίτης
1501 2412 1612 2483 τῆς
1636 2413 1802 2469 ἐσδο-

573 2489 766 2559 μάδος
804 2488 874 2552 δ’,
909 2490 998 2552 είς
1046 2487 1153 2539 τὸν
1188 2487 1454 2554 Ὄρθρον.

295 2633 492 2706 Σάρκα
518 2632 813 2703 γενόμενον
841 2629 1217 2693 ἀναλλοιὼτως
1240 2628 1333 2682 τὸν
1364 2628 1623 2699 Χριστὸν,
1657 2627 1804 2697 Παρ-

224 2729 373 2791 θένε,
443 2730 754 2799 κυοφορεῖς,
804 2726 866 2779 δν
930 2725 1166 2788 ἐκτενῶς
1236 2722 1451 2775 ἱκέτευε
1524 2721 1803 2792 σαρκικῶν

225 2820 417 2874 παθῶν
460 2820 768 2886 ἀπαλλάξαι
814 2819 942 2882 τοὺς
995 2814 1436 2888 προσκυνοῦντας
1480 2813 1712 2885 σταυρὸν
1742 2812 1801 2866 δν

226 2913 603 2985 καθυπέμεινε
633 2913 819 2983 σαρκί.

303 3026 584 3096 ’Δρῤητον
619 3024 680 3077 τὸ
714 3023 897 3093 θαῦμα
953 3024 1053 3092 τῆς
1116 3020 1216 3089 σῆς
1274 3018 1546 3086 κυήσεως,
1584 3017 1804 3085 Μητροο

229 3119 492 3188 πᾶροενυ
528 3118 645 3181 πῶς
671 3118 780 3187 γὰρ
809 3115 1054 3185 λοχεύεις
1082 3114 1176 3166 καὶ
1204 3112 1457 3180 ἁγνεύεις
1488 3113 1547 3163 ὲν
1581 3109 1799 3176 ταυτῴ;

230 3211 348 3273 πῶς
380 3209 740 3273 παιδοτοκεῖς,
776 3209 869 3260 καὶ
900 3209 1112 3274 ἀγνοεῖς
1160 3205 1359 3274 πεῖραν
1406 3201 1543 3263 ὅλως
1573 3200 1800 3269 ἀνδρός;

227 3304 256 3356 ὅ
293 3299 435 3356 εἶδεν
464 3304 491 3355 ό
540 3302 679 3371 ὑπὲρ
726 3301 889 3368 φύσιν
936 3297 996 3363 ἐξ
1037 3296 1171 3368 ἐμοῦ
1223 3292 1604 3363 καινοπρεπῶς
1635 3292 1803 3360 Λόγος
1836 3279 1877 3335 C

230 3392 368 3447 θεοῦ
400 3392 704 3463 γεννηθείς.

297 3575 509 3643 Νοητὸν
556 3574 633 3637 ὡς
689 3574 941 3643 ἁγίασμα
988 3571 1082 3625 τὸν
1122 3572 1179 3622 ὲν
1215 3568 1390 3635 ἁγίοις
1424 3565 1555 3619 Θεὸν
1590 3566 1797 3618 ἀναπε-

230 3667 517 3738 παυμένον
546 3665 773 3728 τίκτεις,
820 3662 955 3732 ἁγία
1002 3662 1285 3731 Θεομῆτορ
1324 3658 1487 3727 ἁγνὴ.
1518 3657 1698 3709 πάντα
1737 3652 1806 3705 τὰ

230 3762 447 3831 πέρατα
482 3759 776 3827 ἀγιάζοντα
806 3756 929 3826 θεία
956 3754 1323 3825 προσκυνήσει
1354 3754 1617 3819 σήμερον,
1644 3748 1790 3815 [lap-

229 3855 377 3921 θένε,
411 3853 571 3919 ξύλου
604 3850 895 3919 παναγίου,
935 3850 992 3902 ὲν
1017 3841 1062 3917 ᾧ
1092 3848 1255 3919 σαρκὶ
1284 3847 1487 3913 ἐπάγη.
1539 3911 1545 3917 ,
1580 3862 1583 3863 ⁷

298 4046 456 4115 Μόνη
502 4041 739 4111 ἀφθορος
792 4039 967 4102 κύεις,
1025 4037 1161 4107 μόνη
1200 4030 1456 4103 θηλάζεις
1485 4028 1685 4099 βρέφος
1728 4026 1802 4097 μὴ

229 4137 555 4210 λοχεύουσα,
590 4134 723 4205 μόνη
760 4133 852 4185 τὸν
884 4131 1126 4198 Κτίστην
1147 4130 1371 4188 τίκτεις,
1408 4127 1501 4177 καὶ
1522 4120 1813 4190 Δεσπότην

231 4248 351 4291 σου,
387 4223 436 4280 εί
479 4225 573 4279 καὶ
607 4224 768 4294 δούλη
830 4223 925 4276 καὶ
958 4223 1177 4291 Μήτηρ’
1234 4220 1318 4285 σὲ,
1358 4220 1803 4291 Παρθενομῆτορ,

227 4318 513 4393 ὑμνοῦμεν
532 4319 611 4381 είς
636 4318 856 4379 αίῶνας.

304 4432 370 4484 At
404 4428 587 4496 γενεαί
642 4444 701 4480 σε
758 4425 965 4479 ἅπασαι
1006 4423 1417 4495 μακαρίζουσιν,
1467 4423 1605 4492 ἁγνή
1641 4440 1655 4454 ·
1703 4423 1809 4493 Ἰη-

231 4524 359 4586 σοῦς
386 4522 496 4592 γάρ
530 4520 691 4589 μόνος
720 4520 747 4570 ό
787 4518 1005 4587 τεχθεὶς
1029 4517 1093 4568 ὲκ
1131 4517 1231 4582 τῆς
1263 4515 1361 4584 σῆς
1391 4514 1603 4583 νηδύος.
1640 4515 1806 4576 αὐτὸς

1911 2017 2005 2055 rus
2033 2012 2177 2063 tuus,
2214 2017 2245 2054 ο
2280 2001 2586 2055 castissima
2617 2017 2630 2052 :
2684 2000 2824 2054 unde
2854 2016 2975 2054 eum
3009 2001 3113 2054 tide
3146 2000 3210 2052 ad
3246 2008 3299 2052 te
3354 2013 3484 2069 pro-

1907 2094 2122 2147 clamo:
2176 2092 2424 2147 lllumiua
2489 2092 2721 2163 pupillas
2781 2092 2977 2146 anima:
3038 2108 3192 2156 meae,
3219 2102 3272 2146 et
3338 2096 3478 2145 riam

1908 2191 2111 2237 rectam
2157 2184 2380 2239 ostende
2411 2183 2542 2237 milii
2595 2184 2725 2238 dum
2754 2192 2803 2237 te
2853 2182 3092 2253 legitime
3135 2183 3348 2238 beatam
3387 2197 3482 2252 ap-

1906 2272 2067 2340 pello.

1908 2418 1991 2475 Ex
2013 2437 2210 2475 canone
2233 2420 2433 2489 duplici
2452 2422 2500 2473 in
2520 2420 2650 2489 feria
2679 2436 2763 2487 Ill,
2793 2422 2945 2475 hebd.
2972 2437 3023 2476 Iv
3045 2421 3115 2474 ad
3136 2420 3479 2474 Matutinum.

1977 2642 2260 2697 Christum
2329 2643 2445 2697 sine
2506 2642 2806 2696 mutatione
2875 2656 3096 2696 carnem
3175 2639 3399 2704 factum,
3447 2655 3483 2694 0

1906 2736 2087 2806 Virgo,
2139 2744 2317 2803 gestas
2358 2734 2410 2787 iu
2442 2744 2597 2789 utero
2633 2752 2647 2789 :
2702 2733 2953 2787 eumdem
2993 2733 3192 2787 obnixe
3236 2747 3480 2801 precare,

1906 2839 1965 2883 ut
1989 2843 2019 2882 a
2047 2827 2362 2882 carnalibus
2391 2826 2738 2895 passiouibus
2760 2825 2949 2881 liberet
2974 2840 3069 2880 eos
3116 2825 3209 2894 qui
3238 2840 3479 2885 crucem,

1905 2936 2068 2990 quam
2104 2918 2406 2973 secundum
2442 2932 2660 2972 carnem
2694 2917 2979 2983 sustinuit,
3014 2915 3266 2969 adorant.

1976 3026 2249 3081 lneﬂ‘abile
2300 3035 2384 3082 est
2446 3025 2773 3079 miraculum
2843 3023 3216 3093 conceptionis
3253 3033 3380 3089 tua},
3448 3036 3483 3077 ο

1909 3117 2076 3187 Virgo
2122 3117 2294 3172 Mater
2336 3137 2348 3171 :
2388 3118 2661 3187 quomodo
2709 3118 2857 3172 enim
2913 3116 3177 3184 concipis,
3214 3126 3265 3169 et
3317 3116 3480 3169 simul

1909 3217 2057 3263 casta
2102 3209 2432 3278 pcrmanes?
2475 3208 2750 3277 quomodo
2805 3223 3031 3277 puerum
3085 3206 3250 3276 paris,
3300 3215 3354 3261 et
3382 3206 3478 3259 viri

1908 3301 2294 3370 experientiam
2329 3315 2553 3369 prorsus
2582 3299 2833 3367 ignoras?
2861 3299 2979 3367 Ipse
3010 3299 3162 3353 solus
3194 3298 3363 3358 novit,
3388 3296 3478 3364 qui

1908 3408 2068 3462 supra
2102 3402 2347 3445 naturam
2373 3408 2435 3445 ex
2472 3408 2580 3458 me,
2610 3409 2732 3446 cum
2769 3400 2915 3446 esset
2939 3390 3171 3445 Verbum
3198 3388 3314 3455 Dei,
3345 3405 3482 3443 nova

1910 3487 2121 3539 ratione
2161 3487 2373 3555 genitus
2406 3492 2510 3538 est.

1980 3578 2260 3647 Tanquam
2318 3576 2563 3646 spiritale
2623 3575 3020 3636 sanctuarium,
3065 3573 3259 3635 Deum,
3290 3572 3382 3639 qui
3426 3573 3478 3624 in

1908 3669 2111 3722 sanctis
2153 3666 2661 3737 requiescit,paris,
2714 3680 2747 3719 ο
2806 3673 2993 3718 sancta
3034 3673 3086 3716 et
3117 3672 3267 3717 casta
3314 3658 3487 3730 Virgo

1907 3761 2001 3814 Dei
2056 3760 2262 3814 Mater:
2297 3742 2468 3824 illum,
2524 3759 2772 3827 inquam,
2830 3756 2924 3825 qui
2986 3754 3145 3808 bodie
3197 3753 3481 3808 universos

1909 3864 2065 3907 terra:
2091 3852 2224 3906 lines
2242 3851 2544 3906 sanctiﬁcat
2566 3850 2748 3903 divina
2785 3847 3100 3902 adoratione
3124 3844 3483 3898 sanctissima:

1908 3947 2108 4008 crucis,
2138 3946 2191 3999 in
2226 3958 2390 4015 quam
2418 3944 2716 3998 secundum
2746 3956 2965 3996 carnem
2998 3940 3222 3993 adactus
3244 3946 3348 3991 est.

1976 4039 2141 4111 314
2171 4038 2297 4092 Sola
2319 4040 2437 4092 sine
2466 4035 2818 4104 corruptione
2858 4032 3125 4101 concipis,
3166 4030 3283 4085 sola
3312 4030 3482 4083 laetas

1910 4132 2194 4196 infantem,
2219 4140 2406 4200 partus
2424 4131 2669 4185 sordium
2697 4127 2877 4182 nescia
2906 4145 2918 4179 :
2947 4125 3060 4181 sola
3085 4123 3200 4178 edis
3228 4122 3281 4177 in
3307 4123 3480 4175 lucem

1908 4225 2241 4288 Creatorem,
2275 4233 2330 4278 et
2360 4222 2644 4277 Dominum
2679 4231 2829 4275 tuum
2852 4236 2867 4281 ;
2894 4217 3089 4272 ancilla
3116 4230 3175 4270 es
3204 4222 3258 4270 et
3289 4212 3480 4269 Mater.

1909 4316 2005 4380 Te.
2039 4317 2200 4389 Virgo
2223 4331 2441 4388 parens,
2470 4315 2755 4370 laudamus
2784 4313 2837 4366 in
2872 4312 3091 4366 saecula.

1982 4426 2257 4482 Universae
2273 4424 2647 4495 generationes
2666 4433 2717 4477 te
2740 4423 2954 4477 beatam
2984 4420 3194 4486 dicunt,
3221 4436 3253 4475 ο
3289 4428 3437 4473 casta
3466 4461 3480 4477 .

1908 4522 2058 4576 solus
2079 4520 2222 4573 enim
2242 4517 2403 4573 Jesus
2423 4533 2487 4572 ex
2508 4527 2660 4570 utero
2681 4524 2773 4567 tuo
2789 4522 2969 4577 natus,
2992 4522 3052 4567 ut
3075 4513 3187 4583 ipse
3213 4511 3383 4576 novit,
3408 4512 3485 4566 fc-

227 4620 304 4678 ὼς
332 4616 643 4679 ἐπίσταται,
684 4612 934 4680 ἐποίησε,
990 4611 1166 4680 Κόρη,
1202 4609 1337 4679 μετὰ
1385 4608 1503 4673 σοῦ,
1534 4607 1795 4677 Παρθένε,

1908 4614 1997 4679 cit,
2016 4628 2049 4668 o
2069 4612 2234 4681 Virgo
2248 4610 2455 4675 Puella,
2477 4608 2743 4679 magnalia
2763 4616 2939 4661 tecum
2960 4606 3071 4677 (49)
3098 4626 3107 4661 :
3132 4606 3307 4675 ipsum
3332 4620 3485 4660 eum-

232 4712 519 4788 μεγαλεῖα,
552 4708 612 4762 ὃν
636 4706 877 4761 δυσώπει
933 4704 1204 4769 σώζεσθαι
1242 4702 1480 4772 ποίμνην
1524 4702 1620 4754 καὶ
1673 4699 1801 4753 λαόν

231 4824 349 4860 σου.

312 4898 400 4951 Ἐν
432 4895 509 4964 τῷ
539 4893 757 4965 σταυρῷ
807 4891 881 4955 ὡς
920 4892 1109 4944 ἵστατο
1152 4890 1185 4960 ἡ
1220 4888 1395 4955 ἀμνάς
1424 4904 1541 4950 σου,
1598 4884 1794 4955 Ἰησοῦ,

226 4988 321 5041 τὸν
354 4984 591 5055 ποιμένα
620 4984 714 5038 καὶ
758 4984 1036 5052 Δεσπότην
1080 4981 1251 5050 αὐτῆς
1285 4997 1343 5033 σε
1372 4980 1557 5049 ὁρῶσα
1588 4977 1800 5047 πικρῶς

229 5078 563 5149 ἐπωδύρετο,
600 5075 695 5129 καὶ
732 5075 1014 5144 σπλάγχνα
1052 5071 1277 5126 κινοῦσα
1307 5072 1400 5124 ἐπὶ
1429 5069 1545 5133 σοῦ,
1576 5068 1798 5139 Χριστὲ,

230 5169 568 5225 ἀνεκαλεῖτο·
589 5168 652 5221 Τί
679 5167 739 5219 τὸ
765 5166 913 5231 ξένον
937 5164 1115 5235 θέαμα
1136 5180 1152 5231 ;
1174 5166 1207 5234 ἠ
1232 5161 1344 5233 ζωὴ
1369 5163 1483 5225 πῶς
1510 5162 1799 5232 θνήσκειςς

306 5424 440 5492 (49),
479 5442 499 5474 ι
547 5420 687 5487 Quid
709 5434 987 5492 magnum
1024 5416 1233 5492 (inquit
1274 5415 1327 5468 in
1356 5430 1453 5492 sua
1480 5415 1644 5492 Sacra
1678 5414 1801 5468 Dei-

229 5484 365 5567 para
393 5484 531 5567 page
550 5484 675 5567 55],
705 5490 767 5545 Ρ.
795 5484 1069 5561 sylvester
1095 5484 1172 5567 de.
1200 5484 1493 5567 saai'edra)
1539 5487 1583 5541 si
1611 5501 1639 5538 a
1676 5502 1802 5567 pec:

230 5556 357 5621 rato
394 5556 669 5633 originali
708 5556 1201 5633 nnir'prgeservajit
1247 5558 1543 5627 Virginem,
1567 5572 1686 5633 quia:
1733 5556 1809 5633 illi

236 5641 409 5693 Mater
465 5628 649 5689 futura
698 5628 869 5688 erat?‘
914 5631 1188 5685 Naturalis
1270 5640 1351 5683 est
1404 5628 1697 5698 propensio
1756 5628 1807 5680 iu

233 5718 589 5781 cognatorum
630 5705 950 5781 __utilit_ateu_i
983 5742 998 5768 ,
1095 5700 1351 5781 honorem
1408 5697 1481 5752 ’et
1558 5697 1805 5779 gloriam.

241 5768 398 5835 Ibide
433 5777 754 5850 rogantibus
784 5774 938 5850 §inai
987 5772 1188 5827 montis
1234 5772 1484 5825 abbatem
1543 5768 1807 5850 piissimis

240 5840 547 5917 monachis,
617 5864 715 5903 cur
785 5847 925 5901 Deus
1021 5852 1193 5917 tanta,
1251 5851 1313 5917 et
1356 5851 1434 5895 tot
1486 5840 1809 5917 contulisset

241 5908 451 5979 homini
507 5908 798 5987 beneﬁcia,
880 5913 1159 5986 respondit
1228 5912 1495 5969 referente
1554 5908 1804 5983 Philippo

1867 4727 1877 4742 κ
1909 4707 2030 4762 dem
2056 4707 2351 4776 deprecare
2380 4719 2478 4774 pro
2506 4702 2679 4758 salute
2709 4699 2888 4771 gregis
2910 4707 2964 4754 et
2988 4698 3170 4770 populi
3204 4698 3311 4753 sui.

1979 4885 2052 4942 Ut
2095 4886 2245 4955 Agna
2274 4895 2365 4940 tua
2400 4894 2550 4941 stans
2576 4884 2729 4953 juxta
2764 4897 3006 4947 crucem,
3052 4880 3187 4935 vidit
3221 4881 3347 4934 tein
3398 4896 3483 4946 ea,

1908 4996 1939 5032 (ι
1955 4978 2135 5039 Jesus,
2158 4988 2424 5047 pastorem
2444 4986 2496 5030 et
2517 4976 2803 5030 Dominum
2821 4989 3011 5038 suum;
3032 4973 3256 5028 deﬂebat
3282 4988 3481 5034 amaro,

1908 5080 1963 5125 et
1990 5070 2293 5125 visceribus
2342 5076 2614 5123 commota
2692 5082 2856 5135 super
2885 5076 2956 5129 te,
3011 5066 3265 5128 Christe,
3310 5065 3380 5117 ita
3438 5074 3486 5116 te

1908 5163 2306 5231 compellabat:
2358 5160 2511 5225 Quod
2566 5175 2765 5213 novum
2825 5158 3200 5227 spectaculum
3224 5165 3306 5209 est
3345 5156 3487 5209 huc?

1910 5257 2186 5312 auomodo
2223 5254 2471 5317 moreris,
2502 5267 2535 5307 0
2566 5252 2717 5306 vita?

1908 5413 2224 5537 presbytero
2250 5414 2486 5481 Dioptrte
2520 5409 2618 5464 lib.
2649 5427 2782 5493 mc.
2816 5411 2849 5464 3
2882 5428 2903 5491 ε.
2924 5407 3061 5473 Quia
3093 5413 3357 5487 cognatus
3387 5420 3487 5457 no-

1952 5500 1997 5537 IS
2054 5493 2112 5537 et
2158 5485 2400 5537 eiusdem
2464 5483 2804 5537 substantire.
2857 5480 3099 5537 eiusdem
3159 5491 3373 5537 generis
3422 5491 3486 5530 ac

1952 5486 1997 5538 is
2054 5478 2112 5538 et
2158 5478 2400 5548 eiusdem
2464 5483 2804 5545 substantire,
2857 5480 3099 5548 ejusdem
3159 5478 3486 5548 generisrac

1917 5555 2127 5619 tormze,
2148 5546 2309 5607 Immo
2334 5564 2494 5608 natus
2519 5553 2790 5618 videlicet,
2812 5546 3123 5619 acproinde
3141 5618 3148 5619 ί
3169 5546 3485 5619 naturaliter

1914 5617 2130 5678 deditus
2160 5635 2242 5679 est
2271 5641 2333 5679 ac
2360 5625 2537 5692 diligit
2575 5617 2855 5692 cognatOs,
2887 5617 2941 5675 et
2967 5618 3186 5692 generis
3211 5617 3295 5669 sui
3327 5617 3483 5671 subs-

1912 5697 2219 5764 tantiteque.
2255 5689 2497 5750 Perbelle
2532 5689 2656 5748 lia-c‘
2694 5705 2874 5745 autem
2920 5690 3133 5764 cadunt
3175 5689 3228 5764 in
3272 5702 3481 5764 sacram

1912 5758 2215 5830 Deiparam,
2265 5782 2426 5833 quam
2465 5765 2725 5819 Dominus
2771 5776 3019 5832 magnam
3063 5758 3258 5833 euecit,
3302 5758 3350 5811 id
3400 5766 3485 5833 est

1909 5828 2132 5891 omnino
2160 5828 2403 5898 liberam,
2435 5849 2490 5890 et
2550 5852 2710 5904 quam
2769 5828 2886 5888 sub'
2932 5828 3216 5903 tyrannide
3271 5828 3483 5901 peccati

1910 5908 2189 5978 originalis
2228 5924 2503 5979 nunquam
2545 5905 2813 5979 permisit.
