4180 6450
220 396 355 459 1373

1666 399 2026 462 MARIALE.

3333 410 3467 471 1374

216 523 307 558 σον
359 506 496 576 πρὸς
548 505 866 577 πλατυσμὸν
912 506 1006 577 τῆς
1058 506 1204 575 ζωῆς
1257 505 1528 574 βαδίζειν,
1592 505 1786 576 Μῆτερ

1893 520 2032 563 stam
2060 511 2199 563 viam
2232 509 2462 565 feliciter
2505 512 2679 567 deduc
2732 529 2839 579 me,
2894 522 2954 568 ut
3006 514 3072 568 ad
3124 516 3465 572 latitudinem

214 599 372 654 Θεοῦ.

281 693 397 747 Νῦν
435 694 511 757 ὡς
556 694 743 766 ἀρνίον
788 695 996 749 ἄκακον
1039 695 1258 766 καθορῶ
1304 713 1365 750 σε
1412 696 1787 766 κρεμάμενον,

215 788 306 838 καὶ
338 787 443 839 ὑπὸ
485 786 704 856 ἀνόμων
746 786 827 857 τῷ
858 789 1079 859 σταυρῷ
1131 788 1513 859 πηγνύμενον,
1547 788 1641 841 Υίέ
1686 804 1789 858 μου

214 878 550 948 προάναρχε,
613 882 727 942 τοῖς
791 880 1045 950 ὀδυρμοῖς
1100 882 1479 951 συγκόπτομαι
1531 881 1625 933 καὶ
1672 881 1790 943 ταῖς

216 972 512 1040 μητρικαῖς
550 970 983 1040 περιστατοῦμαι
1008 970 1244 1034 ὀδύναις,
1271 974 1303 1041 ἡ
1336 969 1608 1038 πάναγνος
1636 970 1787 1031 ὲὸόα,

211 1062 277 1131 ἠν
294 1064 494 1130 φωναῖς
513 1063 793 1132 ἀσιγήτοις
817 1063 987 1133 ύμνοῦ
995 1081 1095 1134 μεν
1112 1064 1450 1134 καταχρέως,
1475 1065 1553 1126 είς
1580 1063 1790 1126 πάντας

209 1171 339 1231 τοὺς
395 1170 620 1237 αἰῶνας,

277 1258 490 1328 Φθορᾶς
525 1275 584 1311 σε
629 1258 753 1328 δίχα
797 1258 997 1313 τέτοκα
1041 1260 1104 1313 ὲκ
1136 1259 1396 1330 γαστρὸς,
1443 1258 1550 1329 πρὸ
1577 1257 1788 1312 αἰώνων

212 1346 405 1415 Πατὴρ
454 1346 514 1399 δν
584 1346 867 1417 ἐγέννησε,
919 1349 1014 1402 καὶ
1066 1350 1185 1415 πῶς
1246 1350 1468 1421 φθορεῖς
1507 1351 1787 1420 ἄνθρωποι

211 1438 585 1507 σπαράττουσί
614 1456 696 1501 σε,
747 1439 863 1504 Υίὲ,
921 1440 1016 1492 καὶ
1076 1441 1173 1511 τὴν
1211 1441 1453 1512 πλευρὰν
1499 1440 1787 1511 ὀρύττουσι

207 1529 397 1601 λόγχῃ.
424 1531 517 1584 καὶ
544 1533 643 1594 τας
663 1534 853 1601 χεῖρας
878 1534 975 1587 σὺν
995 1536 1108 1597 τοῖς
1138 1533 1299 1586 ποσὶν
1326 1533 1549 1603 ὴλοῦσιν
1585 1533 1790 1587 ἀπανθ-

207 1622 409 1693 ρώπως
425 1639 441 1688 ἱ
473 1625 506 1694 ἠ
540 1623 812 1693 πάναγνος
831 1624 981 1692 ὲῦύα,
1012 1628 1078 1691 ῆν
1112 1624 1351 1692 ἐπαξίως
1377 1626 1787 1697 μεγαλύνωμεν.

214 1792 321 1847 Ἐκ
353 1792 459 1849 τοῦ
489 1794 759 1859 Κανόνος
788 1794 896 1848 τοῦ
921 1793 1225 1848 Σαϐϐάτου
1257 1793 1367 1861 τῆς
1388 1792 1586 1863 μέσης
1611 1790 1779 1846 d660-

587 1865 801 1933 μὰδος,
842 1868 927 1932 είς
953 1866 1059 1919 τὸν
1092 1867 1369 1934 Ὀρθρον.

286 1950 348 2006 ⁸0
372 1952 507 2007 Θεοῦ
537 1953 668 2016 Θεὸς
700 1953 872 2021 Λόγος
903 1955 1082 2027 ζητῶν
1116 1954 1319 2007 οεῶσαι
1347 1953 1439 2006 τὸν
1471 1952 1780 2024 ἄνθρωπον,

200 2043 368 2116 ἁγνὴ,
398 2046 461 2097 ἐκ
491 2044 588 2099 σοῦ
621 2046 918 2117 σαρκοῦται
950 2049 1041 2099 καὶ
1064 2046 1251 2117 βροτὸς
1284 2046 1497 2118 ὁρᾶται,
1524 2046 1582 2099 δν
1607 2047 1784 2099 ἀπαύ-

200 2153 345 2198 στως
375 2135 834 2207 δυσώπει,εύρεῖν
856 2139 1004 2209 ἡμᾶς
1037 2138 1187 2202 ἔλεος
1228 2140 1287 2192 ὲν
1318 2138 1493 2210 καιρῷ
1517 2138 1617 2209 τῆς
1644 2139 1783 2192 ἁπο-

197 2229 411 2299 λογίας.

267 2416 341 2468 Σὲ
389 2416 487 2485 τὴν
538 2417 707 2486 μόνην
754 2416 967 2487 ἀγαθὴν
1001 2415 1448 2484 ὲκδυσωποῦμεν,
1510 2415 1777 2486 Παρθένε,

198 2510 623 2579 κεκακωμένους
671 2511 817 2581 ἡμᾶς
872 2509 1147 2579 ἁγάθυνον
1173 2549 1189 2575 ,
1235 2510 1330 2563 καὶ
1400 2510 1635 2571 ἐκτενῶς
1690 2509 1781 2561 τὸν

200 2602 437 2670 Χριστὸν
464 2600 704 2655 δυσώπει
731 2603 890 2670 φύσει
921 2603 1052 2656 ὄντα
1081 2602 1306 2672 ἀγαθὸν,
1342 2602 1671 2673 ἐγκρατείας
1689 2602 1782 2654 τὸν

198 2693 396 2763 καιρὸν
444 2692 512 2745 τὰ
544 2693 727 2761 ἀγαθὰ
778 2697 1119 2765 πράττοντας
1186 2694 1586 2765 ἀποπληρῶσαι
1635 2695 1783 2764 ἡμᾶς

198 2783 638 2855 ύμνολογοῦντας
668 2786 853 2839 αὐτόν.

266 2895 375 2948 Τὸν
408 2895 639 2968 σταυρὸν
682 2896 920 2966 Χριστοῦ
946 2896 1039 2951 τὸν
1076 2897 1279 2968 τίμιον,
1336 2898 1567 2952 Θεοτὸκε
1617 2898 1778 2969 ἁγνὴ,

201 2986 526 3059 βλέψαντας,
561 2990 657 3043 καὶ
691 2989 756 3043 ὲκ
808 2989 1037 3060 καρδίας
1076 2992 1564 3062 προσκυνήσαντας
1610 2992 1780 3061 ἡμᾶς.

200 3084 321 3144 ταῖς
356 3084 477 3146 σαῖς
537 3082 673 3152 πρὸς
722 3083 812 3135 τὸν
858 3083 1138 3151 Δεσπότην
1183 3081 1415 3148 ἀξίωσον
1463 3083 1783 3154 πρεσϐείαις

202 3176 331 3228 ἰδεῖν
363 3178 457 3229 καὶ
483 3176 557 3229 τὰ.
581 3175 729 3246 πάθη
755 3177 824 3231 τὰ
850 3174 1026 3229 σεπτὰ
1055 3173 1246 3239 αὑτοῦ,
1274 3173 1465 3227 παθῶν
1496 3172 1778 3243 κεκαθαρ-
1809 3198 1851 3257 c

203 3273 422 3341 μένους.

267 3378 484 3451 Σαρκός
530 3396 634 3450 μου
684 3379 784 3440 τὰς
828 3379 1073 3448 κινήσεις
1125 3378 1551 3449 ἀπονέκρωσον,
1580 3378 1613 3446 ἠ
1643 3376 1778 3429 Θεὸν

200 3474 367 3543 σαρκὶ
451 3471 799 3526 ἀποτεκοῦσα
873 3472 1015 3543 ὑπὲρ
1086 3475 1252 3535 νοῦν,
1318 3470 1417 3526 καὶ
1491 3469 1778 3539 παράσχου

197 3568 487 3636 φωτισμὸν
521 3569 587 3637 τῇ
631 3566 842 3637 διανοίᾳ.
874 3582 1005 3636 μου,
1050 3564 1213 3635 ἁγνὴ,
1259 3564 1458 3635 νεφέλη
1504 3559 1637 3617 οὖσα
1666 3580 1779 3631 φω-

196 3660 307 3722 τός.

211 3790 304 3843 Ἐκ
333 3787 445 3843 τοῦ
471 3788 739 3854 Κανόνας
765 3787 875 3854 τῆς
907 3786 1189 3853 δευτέρας
1216 3783 1326 3853 τῆς
1353 3780 1688 3853 ἑϐδομάδος
1710 3778 1777 3846 ε’,

718 3860 805 3925 είς
833 3858 941 3911 τὸν
974 3859 1247 3925 Ὄρθρον.

265 3988 384 4059 Τὴν
411 3986 725 4059 ὡραιότητα
754 3984 857 4055 τῆς
902 3983 1204 4055 παρθενίας
1241 4000 1359 4045 σου,
1390 3984 1484 4037 καὶ
1516 3982 1577 4034 τὸ
1612 3980 1779 4049 ὑπέρο

196 4081 454 4151 λαμπρον
487 4080 548 4132 τὸ
568 4079 667 4147 τῆς
696 4077 918 4145 ἁγνείας
943 4094 1036 4130 σου
1067 4075 1096 4128 ὁ
1125 4076 1373 4147 Γαϐριὴλ
1404 4072 1778 4139 καταπλαγεὶς

197 4173 328 4226 ἐϐόα
360 4189 467 4237 σοι,
502 4170 728 4224 Θεοτόκε
751 4187 767 4203 °
801 4171 957 4224 Ποῖόν
1001 4186 1083 4223 σοι
1124 4168 1404 4239 ἐγκώμιον
1443 4164 1779 4238 προσαγάγω

195 4263 455 4331 ὲπάξιον;
486 4264 538 4317 τί
569 4263 626 4317 δὲ
670 4263 924 4333 ὀνομάσω
964 4279 1048 4326 σε,
1080 4260 1272 4331 ἀπορῶ
1323 4260 1419 4313 καὶ
1462 4258 1777 4327 ἐξίσταμαι.

198 4361 307 4423 Διὸ,
349 4359 426 4423 ῶς
458 4358 824 4429 προσετάγην,
883 4356 990 4427 βοῶ
1018 4372 1131 4409 σοι’
1173 4357 1371 4426 Χαῖρε,
1410 4354 1445 4426 ἡ
1476 4368 1780 4424 κεχαριτω-

205 4456 364 4525 μένη.

266 4539 598 4610 Πολυώνυμε
626 4538 801 4610 Κόρη,
853 4537 1088 4609 χαίροις,
1143 4535 1275 4604 ἁγία
1323 4535 1590 4607 Παρθένε,
1642 4536 1857 4620 Θεο-Ῑ)

199 4636 409 4705 κυῆτορ
465 4632 689 4703 Μαρία,
740 4632 852 4685 τῶν
907 4630 1115 4683 πιστῶν
1185 4628 1486 4699 καύχημα,
1534 4629 1779 4697 κατάρας

198 4729 495 4799 λύτρωσις,
542 4724 746 4796 κλίμαξ
780 4724 1091 4797 ἐπουράνιε,
1138 4721 1516 4794 ἀκατανόητον
1564 4720 1775 4791 θαῦμα,

200 4822 329 4895 βᾶτε
360 4817 764 4891 ἀκατάιρλεκτε,
796 4816 870 4886 γῆ
894 4814 1244 4887 ἁγεὼργητε.

283 5009 347 5061 Ἢ
380 5002 523 5077 μετὰ
559 5002 719 5056 τόκον
754 4999 993 5069 ἇιροορος
1027 4996 1281 5067 μείνασα,
1318 4994 1650 5064 πανάμωμε,
1686 4993 1780 5045 λύ-

202 5117 434 5172 τρωσαι,
463 5094 720 5166 δεόμεθα,
746 5090 904 5162 ἁγνὴ,
937 5088 1289 5158 καταφθορᾶς
1315 5088 1441 5148 τοὺς
1460 5085 1684 5147 δούλους
1717 5101 1777 5136 σε

201 5190 411 5254 πιστῶς
437 5188 566 5251 τοὺς
593 5184 966 5257 μελῳδοῦντας
996 5182 1053 5234 ὲν
1077 5180 1303 5250 ὁμονοίᾳ
1348 5177 1529 5249 ψυχῆς
1555 5194 1569 5207 ·
1611 5176 1778 5230 Εὐλο-

201 5289 375 5357 γεῖτε,
402 5284 474 5336 τὰ
504 5282 664 5352 ἔργα.

269 5396 427 5452 Μετὰ
478 5392 790 5463 μαρτύρων,
848 5387 985 5459 μετὰ
1022 5382 1323 5456 προφητῶν
1362 5380 1461 5451 τὴν
1512 5378 1777 5433 τεκοῦσαν

202 5509 285 5556 σε,
319 5490 462 5559 μετὰ
484 5486 644 5541 ὁσίων
674 5485 914 5547 πάντων,
946 5479 1173 5551 Χριστὲ,
1204 5474 1564 5530 δυσωποῦσαν
1600 5472 1777 5542 πρόσ-

201 5584 351 5650 δεξαι
381 5580 493 5643 ἀεὶ,
540 5578 679 5650 ὑπὲρ
707 5575 912 5630 δούλων
955 5573 1066 5626 τῶν
1114 5569 1566 5641 ⁴ιιιοιροργισεὶ.ντων
1596 5584 1656 5620 σε
1686 5565 1779 5617 τὸν

209 5675 369 5745 μόνον
400 5672 783 5742 φιλάνθρωπον
823 5666 1121 5737 Δεσπότην,
1153 5663 1211 5718 ὃν
1245 5662 1566 5734 ἐπουράνιαι
1600 5659 1780 5723 τάξεις

207 5768 487 5838 τρέμουσι.

1893 602 2014 656 vitae
2044 604 2378 671 perveniam,
2408 618 2441 658 0
2475 603 2567 657 Dei
2601 616 2794 659 mater.

1957 696 2095 749 Cum
2129 695 2339 751 videam
2371 706 2419 750 te
2451 711 2619 759 nunc,
2653 712 2686 751 0
2714 697 2813 752 Fili
2847 699 2920 752 mi
2948 708 3168 763 aeterne,
3206 710 3465 769 tanquam

1889 802 2089 857 agnum
2145 788 2491 843 innocentem
2532 804 2882 857 suspensum,
2918 802 2972 845 et
3009 807 3107 859 pro
3155 791 3360 860 iniquis
3410 795 3463 846 in

1889 896 2053 939 cruce
2086 883 2383 949 conlisum,
2416 884 2730 938 discrucior
2780 885 3043 953 querelis,
3092 892 3146 939 et
3184 885 3468 939 doloribus

1893 976 2154 1031 maternis
2182 976 2490 1029 circumdor
2526 994 2538 1030 :
2585 976 2858 1031 clamabat
2920 979 3252 1040 castissima,
3291 992 3455 1045 quam

1868 1067 2117 1123 vocibus
2161 1068 2402 1123 assiduis
2428 1068 2610 1124 debite
2633 1068 2924 1124 laudamus
2951 1069 3003 1121 in
3029 1071 3248 1123 sascula.

1964 1256 2093 1312 Sine
2119 1258 2471 1326 corruptione
2499 1273 2560 1311 ex
2593 1266 2746 1312 utero
2773 1266 2825 1311 te
2849 1259 3056 1327 peperi,
3082 1272 3117 1311 ο
3150 1258 3274 1323 Fili,
3297 1276 3459 1329 quem

1890 1348 2049 1402 Pater
2089 1359 2213 1403 ante
2248 1348 2444 1403 saecula
2473 1348 2793 1415 generavit:
2823 1359 2877 1401 et
2901 1349 3178 1416 quomodo
3214 1349 3463 1403 liomines

1891 1442 2271 1509 corruptibiles
2323 1450 2374 1495 le
2422 1440 2760 1507 dilacerant;
2805 1450 2859 1495 et
2896 1442 3080 1496 lancea
3131 1443 3271 1496 latus
3311 1453 3461 1497 tuum

1889 1533 2221 1604 perfodiunt,
2259 1542 2313 1587 et
2337 1548 2534 1586 manus
2570 1547 2632 1586 ac
2664 1534 2828 1601 pedes
2879 1533 3252 1589 inhumaniter
3294 1535 3464 1589 clavis

1888 1626 2199 1696 conligunt?
2241 1626 2315 1680 lta
2368 1625 2677 1679 castissima
2722 1626 3066 1680 exclamabat
3115 1643 3129 1681 :
3169 1642 3334 1696 quam
3364 1643 3462 1680 nos

1888 1734 1989 1789 pro
2011 1719 2205 1771 merito
2232 1717 2668 1786 magnitieemus.

1892 1809 1979 1861 Ea:
2002 1821 2198 1859 canone
2228 1807 2283 1858 in
2321 1804 2551 1859 Subbato
2584 1804 2767 1859 media:
2799 1805 2975 1871 hebd.,
3014 1804 3083 1857 ad
3111 1802 3459 1858 Matutinum.

1955 1950 2192 2007 Verbum
2219 1950 2311 2007 Dei
2336 1950 2582 2005 divinum
2616 1950 2805 2005 volens
2855 1950 3132 2007 hominem
3180 1952 3458 2017 deiﬁcare,

1884 2058 1948 2099 ex
1978 2054 2048 2107 te,
2076 2060 2111 2098 0
2145 2052 2319 2107 casta,
2364 2042 2702 2097 incarnatnm
2748 2051 2853 2107 est,
2880 2057 2935 2098 et
2972 2046 3133 2098 homo
3164 2046 3411 2113 apparuit
3444 2062 3455 2097 :

1885 2152 2045 2207 quem
2083 2137 2202 2193 sine
2257 2137 2571 2191 cessatione
2610 2136 2932 2203 deprecare,
2993 2145 3052 2190 ut
3106 2137 3159 2189 in
3217 2146 3460 2205 tempore

1885 2230 2172 2285 reddendae
2228 2230 2484 2295 rationis,
2536 2228 2972 2284 misericordiam
3026 2231 3272 2285 invenire
3331 2245 3460 2299 pos-

1883 2323 2076 2377 simus.

1956 2411 2033 2467 Te
2061 2413 2236 2467 solam
2274 2414 2474 2468 bonam
2508 2414 2891 2484 deprecamur,
2920 2411 3106 2480 Virgo,
3134 2421 3190 2465 ut
3214 2428 3312 2465 nos
3343 2428 3459 2465 ma-

1886 2508 2002 2561 litia
2042 2505 2295 2571 infectos,
2321 2506 2496 2562 bonos
2544 2509 2785 2573 eiiicias;
2817 2516 2872 2562 et
2906 2507 3152 2575 impense
3180 2506 3456 2561 Christum

1885 2614 2098 2664 exores,
2118 2599 2209 2670 qui
2235 2608 2427 2655 natura
2461 2601 2637 2655 bonus
2667 2611 2779 2665 est;
2812 2609 3085 2669 quatenus
3115 2597 3459 2652 abstinentia:

1886 2703 2101 2762 tempus
2146 2692 2201 2745 in
2240 2692 2401 2747 bonis
2432 2694 2695 2761 cperibus
2721 2694 2945 2761 explere
2972 2692 3276 2761 possimus,
3302 2705 3457 2743 eum.

1885 2783 2005 2837 dem
2029 2782 2308 2837 Christum
2343 2783 2743 2839 collaudantes.

1957 2891 2093 2945 Dum
2120 2892 2416 2963 pretiosam
2460 2893 2664 2951 Christi
2715 2911 2932 2951 crucem
2988 2896 3285 2961 intuemur,
3310 2902 3363 2948 et
3391 2908 3459 2947 ex

1886 2982 2049 3037 corde
2077 2983 2397 3048 adoramus;
2438 2987 2692 3054 precibus
2735 2988 2843 3041 tuis
2891 2994 3033 3056 apud
3059 2986 3347 3041 Dominum
3376 2984 3458 3039 di-

1888 3090 2023 3144 gnos
2046 3089 2145 3128 nos
2177 3074 2346 3138 edice,
2409 3091 2443 3129 ο
2487 3086 2637 3131 casta
2694 3078 2944 3147 Deipara,
3003 3088 3061 3133 ut
3112 3078 3456 3131 venerandas

1887 3168 2031 3222 illius
2060 3169 2341 3237 passiones
2368 3184 2397 3223 a
2424 3170 2777 3239 passionibus
2802 3172 3007 3226 nostris
3036 3170 3331 3241 puriﬁcati,
3374 3168 3457 3222 iu-

1885 3259 2130 3327 telligere
2160 3261 2464 3329 possimus.

1953 3368 2197 3439 Tu,qu:e
2221 3368 2393 3423 Deum
2431 3370 2483 3424 in
2518 3384 2707 3435 carne,
2740 3370 3065 3439 intelligibili
3103 3371 3315 3424 ratione
3361 3384 3455 3438 pe-

1883 3460 2095 3531 peristi,
2145 3463 2327 3517 carnis
2385 3478 2520 3516 mea:
2579 3465 2975 3518 commotiones
3048 3461 3350 3527 mortiﬁca;
3404 3468 3461 3512 et

1882 3553 2121 3608 concede
2143 3554 2304 3624 317
2334 3555 2505 3609 menti
2535 3570 2669 3609 mea:
2712 3555 3160 3616 illustrationem,
3190 3568 3317 3608 eum
3352 3553 3451 3617 sis,

1882 3658 1917 3699 ο
1955 3654 2132 3711 casta,
2174 3648 2351 3700 nubes
2390 3647 2556 3701 lueis.

1889 3768 1978 3823 Ex
2003 3786 2204 3825 canone
2242 3772 2297 3825 in
2320 3771 2459 3840 feria
2482 3788 2518 3826 ll
2548 3771 2843 3827 Dominicis
2887 3789 2941 3840 ν,
2980 3774 3051 3825 ad
3104 3772 3450 3826 Matutinum.

1952 3975 2294 4045 Virginitatis
2326 3984 2431 4031 tua:
2454 3975 2888 4046 pulchritudine,
2929 3985 2982 4029 et
3008 3976 3274 4029 immenso
3294 3976 3456 4028 casti-

1880 4065 2008 4120 tatis
2026 4077 2130 4120 tuae
2147 4066 2441 4134 splendore
2468 4065 2882 4136 obstupefactus
2925 4065 3168 4129 Gabriel,
3187 4066 3459 4119 clamabat

1881 4159 1947 4212 ad
1970 4166 2020 4213 te
2038 4157 2129 4212 Dei
2160 4174 2290 4227 para
2316 4175 2331 4214 :
2356 4157 2476 4223 Quo
2495 4167 2547 4213 te
2568 4159 2820 4213 encomio
2845 4160 3009 4230 digne
3025 4158 3307 4213 celebrare
3333 4174 3453 4227 pos-

1881 4250 1983 4306 sim
2022 4269 2037 4306 :
2066 4259 2121 4304 et
2148 4266 2258 4320 quo
2290 4260 2339 4305 te
2370 4252 2593 4305 nomine
2644 4253 2909 4323 appellem
2968 4265 3192 4320 prorsus
3240 4251 3456 4318 ignoro,

1881 4348 1935 4395 et
1966 4349 2144 4395 mente
2176 4342 2382 4396 excedo
2415 4358 2429 4395 :
2466 4352 2772 4412 propterea,
2796 4342 2949 4411 juxta
2987 4342 3039 4395 id
3079 4341 3222 4410 quod
3281 4340 3449 4408 impeo
3489 4404 3498 4411 .

1882 4442 2063 4490 ratum
2094 4443 2180 4490 est
2209 4436 2362 4499 mihi,
2393 4436 2644 4490 exclamo
2678 4437 2744 4489 ad
2779 4445 2829 4489 te
2864 4454 2876 4489 :
2907 4436 3043 4497 Ave,
3067 4435 3242 4503 gratia
3268 4433 3452 4502 plena.

1960 4526 2145 4594 Salve,
2177 4528 2366 4584 multis
2386 4528 2701 4583 nominibus
2723 4529 2999 4584 celebrata
3022 4526 3241 4593 Puella;
3267 4537 3455 4581 sancta

1882 4618 1977 4673 Dei
2011 4619 2255 4675 Genitrix
2301 4618 2496 4685 Maria,
2549 4620 2788 4675 fidelium
2820 4620 3014 4690 gloria,
3060 4617 3459 4672 maledictionis

1882 4711 2205 4780 redemptio.
2246 4712 2393 4766 scala
2435 4713 2697 4773 caelestis,
2738 4711 3062 4765 miraculum
3116 4709 3262 4763 omni
3297 4708 3454 4763 intel~

1880 4800 2019 4855 lectu
2050 4802 2330 4870 superius,
2360 4802 2530 4856 rubus
2560 4801 2958 4866 incombusms,
2995 4810 3136 4854 terra
3174 4815 3456 4868 nunquam

1880 4900 2066 4945 aratro
2091 4892 2395 4960 proscissa.

1950 4983 1995 5039 Ο
2027 4984 2322 5054 purissima
2366 4996 2529 5055 atque
2552 4987 2891 5051 castissima,
2930 5001 3053 5055 quae
3089 4994 3209 5055 post
3242 4993 3457 5052 partum

1882 5076 2199 5146 incorrupta
2227 5078 2592 5148 permansisti,
2664 5078 2889 5144 redime,
2950 5089 3000 5133 te
3058 5092 3370 5147 precamur,
3430 5092 3463 5128 a

1882 5170 2235 5239 corruptione
2292 5185 2480 5224 servos
2543 5178 2687 5234 tuos,
2731 5171 2825 5238 qui
2877 5170 3106 5223 ﬁdeliter
3161 5171 3459 5224 concinuut

1881 5262 2124 5316 unanimi
2145 5278 2414 5317 consensu
2437 5280 2449 5316 :
2485 5261 2813 5327 Benedicite,
2836 5278 3027 5333 Opera,
3052 5274 3155 5317 etc.

1954 5372 2285 5431 Genitricem
2317 5382 2467 5428 tuam
2509 5390 2724 5443 semper
2757 5374 2996 5443 suscipe,
3051 5374 3289 5433 Christe,
3328 5387 3459 5424 eum

1884 5469 2239 5540 martyribus,
2284 5469 2587 5538 prephetis,
2633 5476 2796 5537 atque
2842 5468 3099 5521 omnibus
3142 5466 3352 5521 sanctis
3411 5473 3458 5517 te

1883 5564 2265 5632 deprecantem
2300 5576 2399 5629 pro
2435 5560 2607 5616 servis
2662 5561 2793 5623 tuis,
2855 5559 2949 5629 qui
2985 5559 3051 5612 ad
3108 5557 3451 5613 iracundiam

1885 5661 2323 5727 provocaverunt
2357 5662 2408 5707 te
2435 5652 2724 5707 Dominum
2751 5652 3235 5722 placabilissimum
3280 5650 3455 5705 solum

1886 5758 2187 5803 amatorem
2241 5745 2545 5807 hominum,
2578 5755 2632 5800 et
2663 5748 3107 5813 omnipotentem,
3155 5760 3312 5814 quem
3343 5760 3455 5796 ('0:-

1886 5842 2045 5896 lestes
2084 5841 2355 5895 exercitus
2391 5843 2837 5896 contremistunt.
