4180 6450
661 307 799 371 1375

752 417 837 472 Ex
863 435 1060 472 canone
1103 420 1157 472 in
1194 417 1329 488 feria
1360 430 1420 469 ιιι
1443 414 1596 469 hebd.
1637 432 1685 479 v,
1718 417 1785 469 ad
1819 417 2162 472 Matutinum.

720 618 976 672 Divinum
1034 616 1193 669 Verbi
1254 616 1667 670 tabernaculum
1723 616 1864 669 facta
1894 630 1974 681 es,
2030 631 2063 671 ο
2119 616 2235 670 sola

654 709 964 763 castissima
1002 708 1162 776 Virgo
1200 706 1391 769 Mater,
1429 724 1551 775 quae
1606 707 1840 776 puritate
1888 710 2113 779 angelos
2140 724 2235 761 su-

659 801 889 869 perasti;
928 816 1011 853 me
1056 815 1219 866 super
1253 814 1447 851 omnes
1492 800 1808 854 carnalibus
1858 802 2093 871 peccatis
2128 801 2233 854 fce-

659 895 845 946 datum
874 891 1106 945 cnmnda
1140 890 1629 944 intercessionilms
1664 892 1794 952 tuis.
1833 909 1865 947 0
1899 894 2236 957 veneranda;

661 986 859 1039 divinis
899 984 1313 1054 irrigatiouibus
1342 985 1591 1052 przebens
1629 1001 1880 1055 magnam
1927 986 2241 1041 misericor-

663 1082 831 1132 diam.

738 1170 1026 1239 Requicvit
1059 1173 1108 1225 in
1131 1182 1180 1227 te
1207 1175 1488 1241 Christus,
1519 1191 1551 1229 ο
1587 1177 1699 1229 sola
1736 1174 2043 1236 benedicta,
2078 1182 2243 1244 atque

662 1278 727 1315 cx
751 1275 802 1316 te
832 1280 1051 1318 carnem
1085 1283 1237 1320 suam
1266 1272 1527 1339 suscepit.

736 1354 1148 1411 Miserationum
1181 1370 1397 1414 tuarum
1429 1361 1747 1424 stillicidiis,
1774 1376 1807 1415 ο
1842 1375 2057 1429 semper
2085 1359 2245 1430 Virgo

666 1446 952 1514 inviolata,
1009 1453 1175 1521 318
1231 1454 1548 1521 passionum
1612 1454 1797 1508 cordis
1872 1455 1976 1507 mei
2034 1455 2246 1517 sordes,

666 1540 921 1602 crnitmla,
959 1543 1170 1598 donans
1208 1545 1339 1599 mibi
1387 1548 1750 1616 lacrjmarum
1781 1548 2018 1613 canales,
2049 1546 2249 1616 quibus

668 1633 847 1683 anima
871 1650 986 1687 mea
1021 1637 1360 1701 puriﬁcctur.

1742 276 1818 365 's.
1861 306 2176 366 JOSEPlll
2220 308 2777 371 llYMNOGRAPHI

3779 309 3917 371 I376

2264 426 2306 479 A
2351 425 2451 477 Ἐκ
2484 422 2590 476 τοῦ
2647 422 2908 485 κανόνος
2958 421 3067 486 τῆς
3104 423 3306 488 τρίτης
3344 421 3454 490 τῆς
3484 419 3814 491 ἑϐδομάδος
3847 429 3915 485 ε’,

2860 494 2947 558 εἰς
2976 493 3083 545 τὸν
3122 495 3395 561 Ὀρθρον.

2404 620 2537 673 Θεία
2582 620 2813 686 γέγονας
2861 617 3035 686 σκηνὴ
3083 615 3178 667 τοῦ
3226 616 3433 684 Λόγου,
3468 614 3605 685 μόνη
3658 615 3909 681 πάναγνε

2336 711 2801 780 Παρθενομῆτορ,
2853 710 2918 777 τῇ
2988 707 3322 777 καθαρότητι
3397 707 3663 775 ἀγγέλους
3746 707 3926 774 ὑπερ-

2336 807 2553 872 ἀρασα,
2592 804 2683 856 τὸν
2727 802 2867 872 ὑπὲρ
2916 802 3123 859 πάντας
3167 798 3273 866 ἐμὲ
3327 802 3721 870 ρερυπωμένον
3784 816 3928 867 ωρ..

2346 898 2439 957 κὸς
2482 894 2946 964 πλημμελήμασιν
2996 894 3348 962 ἀποκάθαρον
3408 892 3730 959 πρεσϐείαις
3782 909 3877 944 σου
3911 932 3926 951 .

2346 992 2459 1051 τοῖς
2500 988 2703 1052 ἐνθέοις
2750 990 2953 1059 νάμασι
3005 987 3359 1056 παρέχουσα,
3400 986 3615 1056 σεμνὴ,
3672 987 3734 1037 τὸ
3779 985 3930 1053 μέγα

2350 1081 2511 1141 ἔλεος.

2433 1173 2883 1227 Ἐπανεπαύσατο
2931 1174 3166 1241 Χριστὸς
3213 1176 3270 1227 ἐν
3299 1175 3382 1226 σοὶ
3411 1175 3476 1243 τῇ
3513 1171 3651 1241 μόνῃ
3696 1169 3933 1238 εὐλογη-

2357 1267 2515 1337 μένη.
2548 1268 2641 1319 καὶ
2674 1266 2859 1337 σὰρκα
2892 1267 2989 1336 τὴν
3022 1265 3213 1319 ἑαυτοῦ
3246 1268 3310 1318 ὲκ
3338 1263 3431 1317 σοῦ
3465 1265 3747 1331 ἐφόρεσεν.

2420 1358 2537 1411 Τῶν
2553 1360 2851 1429 οἰκτιρμῶν
2876 1376 2969 1412 σου
2987 1360 3079 1411 καὶ
3101 1358 3336 1428 ῥανίσιν,
3399 1356 3753 1425 ’Λειπάρθενε
3784 1355 3932 1422 ἀμὸ-

2352 1450 2530 1513 λυντε,
2562 1450 2688 1511 τοὺς
2728 1449 3039 1520 μολυσμοὺς
3074 1450 3198 1511 τοὺς
3236 1448 3500 1517 ἐμπαθεῖς
3553 1448 3650 1514 τῆς
3700 1445 3938 1513 καρδίας

2357 1561 2455 1613 μου
2488 1538 2819 1607 ἀπόπλυνον,
2864 1544 3117 1612 δακρύων
3145 1542 3363 1612 ὀχετούς
3419 1558 3509 1611 μοι
3564 1537 3940 1609 παρεκτικοῦς

2355 1638 2678 1705 καθάρσεως
2709 1635 2946 1704 ψυχικῆς
2982 1636 3327 1704 δωρουμένη.

740 1724 993 1779 Animam
1057 1745 1232 1783 meam
1290 1733 1609 1799 passionum
1661 1733 2111 1799 voluptuosarum
2162 1730 2448 1801 nigredine
2496 1730 2933 1793 obtenebratam,
2989 1728 3323 1793 illumina,o
3393 1734 3712 1795 casta,qu:e
3753 1722 3941 1776 lucem

670 1819 949 1886 peperisti,
987 1829 1044 1873 ut
1074 1836 1197 1873 cum
1240 1822 1341 1876 lidc
1374 1840 1590 1892 St'litpel‘
1626 1823 1970 1894 magniﬁeem
1999 1834 2070 1877 te.

736 1946 819 2000 Ex
850 1965 1048 2003 canone
1083 1950 1135 2003 in
1166 1950 1299 2020 feria
1332 1968 1383 2006 tv
1417 1954 1567 2008 Itcbd.
1612 1971 1665 2019 v,
1709 1955 1777 2006 ad
1814 1952 2158 2006 Matuliuum.

1265 2088 1289 2112 δη

742 2148 878 2202 Cum
913 2149 1143 2216 videres,
1187 2168 1219 2205 υ
1266 2153 1616 2217 veneranda,
1651 2154 1806 2208 illum
1844 2154 1937 2225 qui
1990 2170 2055 2208 ex
2100 2154 2254 2223 puris

674 2241 1037 2308 sanguinibus
1084 2244 1191 2297 tuis
1242 2260 1443 2313 corpus
1508 2256 1821 2316 acceperat,
1868 2258 2031 2316 atque
2082 2264 2147 2302 ex
2206 2258 2257 2303 te

678 2332 840 2385 modo
883 2332 1291 2403 inexcogitabili
1344 2344 1506 2390 natus
1565 2337 1763 2402 fuerat,
1815 2354 2142 2406 suspensum
2199 2339 2251 2392 in

678 2424 822 2491 ligno
859 2424 912 2478 in
955 2427 1137 2480 medio
1186 2427 1628 2495 malefactorum,
1686 2432 1995 2486 visceribus
2041 2433 2257 2486 discru-

677 2516 937 2578 ciabaris,
968 2527 1022 2572 et
1068 2529 1316 2575 materno
1344 2521 1540 2575 amictu
1576 2524 1797 2592 plorans
1823 2524 2133 2579 clamabas:
2160 2523 2257 2579 llei

681 2610 838 2676 mihi,
876 2611 978 2664 Fili
1011 2612 1120 2664 mi!
1152 2630 1277 2681 quae
1309 2624 1389 2668 est
1424 2614 1538 2669 lure
1564 2616 1744 2670 divina
1772 2628 1934 2686 atque
1966 2618 2260 2673 ineﬂ'abilis

681 2705 970 2774 dispositio
999 2716 1113 2771 tua,
1144 2724 1242 2777 per
1281 2725 1446 2777 quam
1494 2709 1704 2777 plasma
1753 2724 1905 2765 tuum
1939 2712 2263 2768 vivilicasti?

682 2799 1075 2855 misericordiae
1096 2810 1202 2856 tua:
1224 2802 1430 2856 viscera
1455 2804 1728 2857 collaudo.

754 2891 915 2946 Porta
942 2894 1221 2959 salutaris,
1256 2911 1389 2963 pons
1436 2896 1712 2950 deducens
1743 2896 1809 2950 ad
1856 2895 2065 2961 Deum;
2098 2896 2257 2953 Chri-

684 2985 988 3038 stianorum
1033 3002 1259 3055 pracses.
1316 2986 1544 3040 Domina
1604 2989 1952 3053 castissima;
2004 3004 2092 3042 me
2142 2992 2265 3043 vita:

685 3078 1090 3131 calamitatibus
1123 3080 1547 3145 circumdatum,
1576 3079 1943 3150 ﬂuctibusque
1966 3080 2260 3149 jactatutn,

686 3167 954 3235 guberna,
976 3185 1006 3220 ο
1038 3169 1243 3223 Puella.

757 3272 802 3329 Ο
834 3274 927 3328 Dei
951 3277 1182 3344 genitrix
1218 3278 1558 3345 castissima,
1615 3279 1811 3333 anima:
1850 3296 1983 3335 mete
2017 3280 2260 3345 vulnera,

2273 1965 2319 2024 Β
2360 1955 2461 2009 Ἐκ
2491 1954 2599 2009 τοῦ
2630 1953 2887 2019 κανόνος
2922 1952 3031 2020 τῆς
3057 1952 3337 2018 τετάρτης
3352 1951 3463 2017 τῆς
3484 1950 3813 2020 ἑϐδομάδος
3861 1958 3937 2017 ε’,

2879 2028 2966 2089 είς
2995 2026 3100 2078 τὸν·
3143 2026 3416 2092 Ὀρθρον.

2431 2154 2537 2205 Τὸν
2575 2152 2634 2218 ἐξ
2681 2151 2930 2222 αἱμάτων
2979 2168 3072 2204 σου
3126 2150 3307 2218 ἁγνῶν
3358 2150 3784 2220 σωματωθέντα.
3848 2153 3951 2203 καὶ

2364 2245 2505 2314 ὑπὲρ
2552 2244 2762 2297 ἔννοιαν
2796 2245 2858 2297 ὲκ
2905 2243 3023 2308 σοῦ,
3060 2241 3254 2311 σεμνὴ,
3306 2242 3589 2313 τεχθέντα,
3638 2242 3731 2293 ἐπὶ
3781 2241 3951 2306 ξύλου

2364 2337 2713 2408 κρεμάμενον
2738 2336 2805 2407 μέ
2816 2354 2904 2389 σον
2937 2338 3048 2390 τῶν
3071 2335 3400 2405 κακούργων
3422 2336 3629 2406 ὁρῶσα,
3651 2336 3717 2388 τὰ
3732 2335 3952 2402 σπλαγ-

2365 2428 2464 2500 χνα
2495 2430 2701 2500 ἡλγεις,
2733 2430 2827 2481 καὶ
2864 2428 3146 2498 μητρικῶς
3185 2426 3460 2498 θρηνοῦσα
3495 2426 3686 2490 ὲϐᾧαςο
3731 2427 3801 2477 Οτ
3829 2442 3953 2495 μοι,

2364 2524 2580 2584 τέκνον,
2627 2521 2712 2585 τίς
2740 2523 2772 2593 ἡ
2805 2521 2928 2574 θεία
2976 2522 3070 2573 καὶ
3120 2521 3325 2589 ᾶφατος
3377 2518 3667 2588 οἰκονομία
3706 2534 3825 2583 σου,
3878 2516 3958 2569 δι’

2366 2615 2431 2684 ἧς
2465 2614 2719 2678 scema;
2756 2614 2816 2666 τὸ
2866 2612 3092 2683 πλάσμα
3142 2629 3270 2678 σου;
3322 2610 3549 2680 ἀνυμνῶ
3605 2626 3696 2662 σου
3760 2610 3823 2662 τὸ
3857 2607 3957 2662 εῦ-

2369 2706 2693 2776 σπλαγχνον.

2450 2893 2519 2945 Ἦ
2572 2892 2838 2960 σωτήριος
2882 2889 3051 2958 πύλη,
3095 2890 3130 2959 ἠ
3172 2889 3308 2958 πρὸς
3363 2888 3498 2941 Θεὸν
3552 2888 3789 2958 γέφυρα,
3858 2884 3969 2943 εἰν

2370 2982 2715 3053 Χριστιανῶν
2744 2983 2776 3049 ἡ
2811 2980 3130 3050 προστάτις,
3166 2981 3432 3046 παναγνε,
3469 2979 3761 3042 Δέσποινα,
3794 2994 3964 3047 περι-

2372 3073 2741 3143 στατούμενον
2779 3073 2902 3134 ταῖς
2930 3072 3238 3141 συμφοραῖς
3273 3088 3341 3141 με
3378 3069 3473 3123 τοῦ
3532 3070 3649 3141 βίου
3702 3071 3798 3123 καὶ
3826 3070 3966 3122 κλυ-

2368 3166 2744 3236 δωνιζόμενον,
2765 3163 2939 3235 Κόρη,
2968 3163 3320 3232 κυϐέρνησον.

2441 3275 2809 3344 Θεογεννῆτορ
2832 3274 3099 3340 πάναγνε,
3115 3272 3214 3341 τῆς
3232 3271 3406 3339 ψυχῆς
3427 3288 3529 3339 μου
3555 3268 3623 3321 τὰ
3644 3268 3966 3338 τραύματα,

686 3375 739 3419 et
767 3369 969 3435 peccati
996 3370 1279 3423 cicatrices
1315 3372 1491 3436 abole,
1522 3372 1806 3426 exsiccaus
1838 3382 2003 3441 atque
2025 3387 2261 3428 exurens

2370 3369 2466 3423 καὶ
2511 3369 2610 3437 τῆς
2659 3367 2935 3436 ἁμαρτίας
2994 3368 3095 3426 τὰς
3148 3363 3311 3425 οὐλὰς
3366 3362 3689 3430 ὲξάλειψον,
3756 3362 3969 3428 πηγαῖς

690 3458 933 3515 futilibus
968 3477 998 3515 e
1034 3462 1203 3517 latere
1234 3463 1351 3516 Filii
1388 3464 1461 3518 tui
1496 3465 1863 3527 manantibus,
1890 3475 1943 3519 et
1972 3466 2269 3534 puriﬁcaus

690 3551 910 3605 ﬂuentis
949 3569 1069 3620 qua:
1097 3569 1161 3607 ex
1196 3554 1315 3623 ipso
1350 3558 1653 3623 procedunt
1681 3557 1782 3609 :ad
1821 3566 1871 3610 le
1900 3557 2045 3610 enim
2081 3573 2268 3610 vocem

692 3644 901 3709 attollo,
935 3658 989 3699 et
1047 3647 1113 3699 ad
1167 3653 1222 3701 te
1278 3646 1555 3717 confugio,
1618 3657 1673 3702 et
1734 3658 1784 3702 te
1840 3648 2036 3702 invoco
2097 3646 2274 3719 gratia

693 3737 931 3806 plenam.

765 3829 1100 3897 Concepisti,
1135 3846 1167 3884 ο
1189 3828 1380 3900 Virgo,
1410 3830 1527 3885 sine
1571 3831 1807 3893 semine,
1836 3846 1960 3886 eum
1998 3832 2091 3902 qui
2147 3830 2275 3885 uni-

696 3935 854 3974 versa
888 3920 1115 3982 creavit,
1150 3919 1386 3974 Verbum
1429 3920 1545 3985 Dei,
1580 3921 1786 3991 absque
1821 3922 2103 3977 voluntate
2148 3937 2273 3976 car-

694 4012 780 4066 nis
814 4029 827 4065 :
865 4012 1073 4080 absque
1106 4014 1456 4083 corruptione
1490 4016 1767 4082 peperisti,
1800 4027 1852 4069 et
1882 4018 2089 4084 absque
2119 4016 2274 4069 dolo-

698 4104 872 4167 ribus,
905 4104 997 4172 qui
1034 4112 1257 4157 caeteras
1295 4114 1499 4158 matres
1545 4105 1812 4159 invadunt
1853 4125 1865 4158 :
1901 4116 2185 4175 propterea
2227 4116 2279 4160 te

695 4195 983 4266 Deiparam
1006 4197 1190 4267 lingua
1214 4198 1446 4252 ctcorde
1463 4196 1808 4263 confitentes,
1836 4200 2273 4268 magniﬁcamus.

805 4324 890 4378 Ea:
922 4342 1121 4380 canone
1146 4327 1199 4379 in
1225 4328 1358 4396 feria
1383 4342 1431 4380 γι
1462 4326 1611 4380 Itebd.
1645 4343 1673 4381 ν
1697 4328 1766 4381 ad
1799 4326 2149 4384 Matutiuum.

769 4524 907 4580 Cum
945 4526 1154 4581 videret
1189 4533 1243 4581 te
1295 4527 1607 4582 castissima
1672 4528 1724 4581 in
1775 4542 1938 4581 cruce
1966 4529 2271 4594 sublatum,

700 4616 940 4687 ejnlabat
1001 4618 1165 4673 corde
1246 4608 1554 4681 vulneraia,
1617 4634 1681 4673 ac
1741 4618 1991 4677 «licebat:
2046 4619 2279 4689 Propter

2373 3461 2769 3530 ἀποσμήχουσα
2807 3459 2925 3520 ταῖς
2956 3458 3021 3508 ὲκ
3066 3455 3305 3525 πλευρᾶς
3338 3453 3430 3505 τοῦ
3483 3453 3644 3504 τόκου
3698 3468 3818 3513 σου,
3873 3450 3973 3503 καὶ

2373 3556 2484 3616 τοῖς
2515 3550 2575 3616 ἐξ
2604 3549 2770 3618 αὐτῆς
2802 3545 3249 3614 ἀποκαθαίρουσα
3286 3542 3521 3613 ῥείθροις
3544 3559 3555 3571 ·
3590 3540 3726 3609 πρὸς
3766 3539 3825 3591 σὲ
3858 3539 3972 3606 γὰρ

2375 3644 2670 3716 ἀνακράζω
2692 3682 2705 3703 ,
2741 3640 2836 3693 καὶ
2873 3639 2932 3691 σὲ
2964 3637 3323 3707 καταφεύγω,
3356 3637 3450 3690 καὶ
3474 3636 3538 3688 σὲ
3595 3633 3977 3702 ἐπικαλοῦμαι

2376 3742 2476 3807 τὴν
2515 3755 2649 3806 κεχα
2662 3733 2991 3806 ριτωμένην.

2451 3827 2771 3892 Συνέλαὸες,
2832 3825 3095 3895 Παρθένε,
3150 3823 3275 3891 δίχα
3311 3822 3520 3891 σπορᾶς
3572 3820 3663 3871 τὸν
3699 3818 3772 3872 τὰ
3827 3816 3979 3886 σύμ-

2382 3938 2561 3975 παντα
2590 3917 3084 3989 δημιουργήσαντα
3116 3914 3291 3981 Λόγον
3319 3912 3455 3965 Θεοῦ
3484 3911 3616 3964 ἄνευ
3642 3908 3978 3978 θελημάτων

2378 4014 2488 4066 τῶν
2512 4015 2613 4082 τῆς
2660 4010 2889 4079 σαρκὸς,
2944 4008 3075 4062 ἄνευ
3129 4005 3339 4074 φθορᾶς
3369 4004 3425 4056 δὲ
3454 4004 3703 4065 τέτοκας,
3746 3999 3981 4054 ἄνευθεν

2380 4108 2584 4161 ὠδίνων
2614 4104 2721 4166 τῶν
2758 4102 3041 4173 μητρικῶν
3065 4119 3079 4132 ο
3121 4099 3203 4155 διό
3235 4118 3294 4153 σε
3326 4098 3588 4151 Θεοτόκον
3625 4098 3716 4149 καὶ
3753 4092 3981 4163 γλώσσῃ

2382 4202 2479 4255 καὶ
2514 4198 2713 4269 καρδία
2743 4195 3137 4264 ὁμολογοῦντες
3177 4192 3580 4265 μεγαλύνομεν.

2396 4330 2497 4383 Ἐκ
2527 4327 2631 4381 τοῦ
2652 4324 2920 4388 Κανόνος
2946 4322 3057 4389 τῆς
3075 4317 3465 4389 παρασκευῆς
3490 4317 3602 4385 τῆς
3628 4314 3963 4386 ἑϐδομάδος

2841 4401 2908 4459 ε’,
2944 4397 3031 4460 είς
3059 4394 3165 4446 τὸν
3193 4394 3469 4459 Ὀρθρον.

2468 4527 2685 4598 ’0ρῶσὰ
2715 4541 2775 4577 σε
2805 4525 2864 4576 ὲν
2892 4520 3109 4593 σταυρῷ
3136 4517 3449 4590 ἠρτημένον
3478 4518 3511 4587 ἡ
3549 4514 3822 4583 παναγία,
3856 4516 3983 4584 ἠλό-

2385 4620 2514 4686 λαζε
2545 4618 2861 4689 τετρωμένη
2877 4617 2946 4669 τὰ
2963 4615 3244 4683 σπλάγχνα
3275 4612 3370 4664 καὶ.
3390 4610 3546 4677 ἔλεγε
3573 4624 3588 4639 ⁸
3621 4608 3723 4661 Διὰ.
3778 4608 3990 4673 σπλάγ-

700 4711 909 4764 viscera
938 4710 1440 4764 ruiserieordiarum
1480 4721 1721 4773 tuarum,
1745 4709 1994 4777 Domine,
2028 4714 2136 4781 pati
2180 4729 2266 4767 vo-

2385 4732 2506 4785 χνα,
2565 4712 2759 4781 Κύριε,
2798 4709 2906 4763 σῶν
2954 4707 3258 4778 οἰκτιρμῶν
3292 4705 3488 4758 παθεῖν
3543 4701 3803 4770 ἠνέσχου,
3850 4701 3987 4752 πᾶσι

705 4801 876 4863 luisti,
908 4802 1154 4870 praabcus
1180 4804 1435 4857 omnibus
1477 4804 1996 4872 impassibilitatem.

775 4905 940 4975 319
965 4903 1167 4960 Urnam
1203 4916 1275 4971 te,
1323 4907 1565 4961 divinum
1611 4907 1838 4962 Deitatis
1870 4924 2067 4963 manna
2107 4911 2286 4966 conti-

707 5006 923 5050 nentem
964 5000 1305 5068 agnovimus,
1348 5014 1380 5051 ο
1418 4998 1639 5064 Puella;
1679 5015 1886 5058 arcam,
1919 5009 1972 5054 et
2014 5016 2282 5073 mensam,

707 5100 763 5143 ct
792 5090 1204 5154 candelabrum,
1226 5093 1483 5146 thronum
1522 5091 1614 5146 Dei
1648 5104 1701 5146 et
1732 5094 2019 5162 palatium,
2064 5105 2115 5147 ct
2142 5111 2283 5163 pou-

714 5190 818 5233 tem
847 5182 916 5235 ad
939 5181 1178 5235 divinam
1213 5183 1379 5236 vitam
1432 5184 1806 5237 traducentem
1847 5200 1941 5238 eos
1976 5185 2068 5253 qui
2100 5187 2289 5239 conci-

714 5284 849 5326 nunt
883 5290 897 5326 :
932 5273 1221 5328 Benedicat
1256 5277 1433 5330 omnis
1468 5285 1716 5330 creatura
1750 5274 2062 5339 Dominum,
2103 5286 2208 5332 etc.

782 5384 825 5437 0
864 5386 1085 5440 Domina
1123 5386 1395 5441 universis
1428 5388 1737 5453 sublimior,
1759 5387 1843 5442 fac
1862 5405 1947 5443 me
1978 5391 2295 5458 passionum

720 5479 927 5533 malitia
961 5481 1321 5549 superiorem,
1359 5482 1487 5535 dum
1541 5492 1591 5535 te
1631 5481 1979 5536 verissimam
2012 5482 2296 5552 Deiparam

725 5568 987 5636 glorillco,
1016 5580 1068 5623 ct
1094 5579 1484 5639 pat'lumtuurn
1523 5572 1738 5643 hymnis
1770 5572 2008 5639 celebro,
2040 5588 2071 5627 ο
2100 5575 2298 5630 imma-

716 5657 923 5731 gulata,
954 5659 1064 5714 Deo
1096 5659 1442 5728 charissima,
1466 5661 2096 5731 incompreltensibiliter
2130 5664 2304 5721 bono-

732 5764 932 5808 ratum.

2394 4805 2651 4874 παρέχων
2681 4803 2978 4856 ἀπάθειαν.

2464 4911 2708 4980 Στάμνον
2739 4926 2797 4961 σε
2823 4909 2883 4960 τὸ
2916 4907 3061 4958 θεῖον
3096 4904 3269 4974 μάννα
3321 4899 3671 4969 κεκτημένην
3706 4897 3809 4966 τῆς
3842 4897 3988 4950 Θεό-

2394 5018 2555 5071 τητος
2604 5000 2869 5067 ἔγνωμεν,
2905 4996 3078 5065 Κόρη,
3117 4992 3369 5052 κιϐωτὸν,
3426 4991 3521 5044 καὶ
3551 4989 3859 5059 τράπεζαν,
3895 4988 3992 5039 καὶ

2399 5094 2642 5165 λυχνίαν,
2676 5092 2863 5162 θρόνον
2926 5088 3085 5150 Θεοῦ,
3119 5087 3214 5139 καὶ
3251 5084 3541 5146 παλάτιον,
3569 5084 3825 5151 γέφυραν
3865 5099 3993 5149 μετ-

2405 5188 2648 5252 άγουσαν
2680 5184 2814 5255 πρὸς
2844 5182 2996 5235 θείαν
3016 5180 3162 5249 ζωὴν
3194 5177 3320 5241 τοὺς
3338 5176 3760 5246 ἀναμέλποντας
3782 5189 3797 5203 ·
3823 5174 3991 5227 E010-

2402 5282 2570 5350 γείτω
2597 5282 2630 5350 ἡ
2658 5279 2807 5332 πᾶσα
2830 5276 3007 5338 κτίσις
3038 5274 3129 5328 τὸν
3162 5272 3391 5343 Κύριον.

2480 5393 2705 5447 Πάντων
2754 5387 3066 5460 ὑπερτέρα,
3118 5388 3416 5470 Δέσποινα,
3476 5385 3575 5451 τῆς
3630 5381 3741 5433 τῶν
3802 5380 3995 5433 παθῶν

2410 5486 2604 5548 κακίας
2670 5482 2843 5549 δεῖξον
2914 5482 3213 5550 ὑπέρτερον
3282 5478 3375 5530 τὸν
3453 5474 3751 5539 δοξάζοντα
3859 5491 3997 5527 καν-

2411 5579 2587 5650 αληθῆ
2640 5594 2701 5631 σε
2744 5575 3042 5639 Θεοτόκον,
3086 5577 3180 5627 καὶ
3229 5571 3503 5643 ὑμνοῦντα
3533 5570 3624 5623 τὸν
3670 5569 3833 5623 τόκον
3882 5585 3996 5634 σου,

2412 5673 2688 5744 ἄχραντε,
2742 5670 2832 5725 τὸν
2909 5666 3299 5737 ἀκαταληψίᾳ,
3361 5661 3767 5735 θεοχαρίτωτε,
3822 5660 3997 5730 τιμώ-

2421 5783 2601 5837 μενον.
