4180 6450
233 424 369 489 137³1

754 607 843 671 είς
869 605 977 658 τὸν
1010 606 1281 674 Ὄρθρον.

1639 426 2001 485 MARIALE.

243 537 348 589 Ἐκ
373 534 480 590 τοῦ
504 534 774 591 Κανόνοι*
802 532 907 587 τοῦ
937 533 1239 588 Σαόϐἁτου
1259 533 1367 604 τῆς
1386 533 1713 603 ἑϐδομάδος
1739 533 1806 591 ε’.
1840 544 1883 599 Λ

3351 433 3485 496 1378

2025 536 2107 589 Ea:
2125 554 2321 591 canone
2339 538 2643 593 inSabbato
2674 539 2829 593 Itcbd.
2859 556 2910 605 ν,
2932 544 2999 593 ad
3030 540 3376 600 Matutinnm.

304 720 385 774 Tu
413 736 535 789 qua:
554 721 670 775 sola
706 734 765 773 es
790 719 938 773 omni
969 720 1127 773 laude
1151 720 1472 790 dignissima
1494 763 1507 782 ,
1541 720 1609 775 iis
1641 720 1734 789 qui
1764 732 1814 775 te
1872 721 2103 784 ﬁdeliter
2136 725 2372 791 laudant,
2409 742 2632 797 precare
2668 736 2727 779 ut
2779 725 3111 782 concedatur
3139 736 3483 797 peccatorum

228 817 508 875 remissio.
540 826 594 870 et
616 815 922 868 divinorum
953 814 1345 869 charismatum
1379 815 1714 877 distributio,
1751 824 1803 870 et
1832 814 2068 871 Verbum
2111 821 2519 874 sanctissimum
2553 836 2740 875 exora.

317 911 381 962 ἸΙ
411 907 507 961 τοῦ
547 907 711 977 νόμου
745 907 835 960 τὸν
862 908 1097 976 Δοτῆρα,
1147 908 1501 979 Ἀειπάροενε
1540 910 1815 977 κυήσασα,

1994 908 2152 981 Virgo
2202 921 2481 981 perpetua.
2541 929 2662 982 quae
2715 914 2846 983 legis
2905 916 3156 969 Datorem
3227 916 3482 983 gemuisti,

229 1004 446 1056 ἱκέτευε
470 1002 569 1064 τὰς
592 1001 823 1070 ἀνομίας
851 1002 1121 1071 ύπεξᾶραι
1138 1003 1318 1065 πάσας
1346 1004 1403 1054 ὲν
1424 1003 1597 1072 καιρῷ
1619 1002 1697 1073 τῷ
1723 1002 1799 1055 νῦη

1910 1005 2161 1059 eumdem
2188 1022 2433 1075 precare,
2482 1020 2539 1062 ut
2570 1027 2599 1061 υ
2634 1009 2814 1061 medio
2860 1009 3017 1061 tollat
3053 1023 3245 1061 omnes
3280 1008 3483 1074 iniqui-

226 1096 489 1149 ἐνεστῶτι
509 1098 623 1157 τοῖς
655 1094 839 1157 καλῶς
866 1094 1321 1165 προαιρουμένοις
1364 1093 1615 1158 ἐξασκεῖν
1650 1093 1799 1158 θείας

226 1189 486 1257 νηστείας
522 1187 781 1257 σπουδήν.

312 1280 567 1342 Ἱκεσίαις
621 1279 925 1349 οἰκτίρμων
956 1280 1054 1347 τῆς
1085 1278 1366 1348 κυησάσης
1391 1294 1473 1341 σε,
1503 1278 1599 1331 καὶ
1635 1278 1803 1345 ἁγίων

228 1371 549 1440 μαρτύρων,
602 1372 693 1424 καὶ
740 1372 1053 1425 ἀποστόλων
1088 1389 1205 1433 σου,
1244 1369 1476 1437 φώτισον
1517 1370 1674 1440 ἡμῶν
1707 1371 1805 1434 τὰς

226 1463 409 1532 ψυχὰς
441 1463 533 1515 τοῦ
560 1462 807 1529 δοξάζειν
831 1480 891 1516 σε
926 1466 984 1516 ὲν
1010 1462 1328 1530 ἀγαλλιάσει
1361 1462 1539 1533 ψυχῆς
1570 1465 1651 1529 εἰς
1681 1465 1806 1528 τοὺς

226 1557 453 1617 αἰῶνας.

298 1648 453 1717 Φωνῇ
472 1646 704 1714 ἀγγέλου
722 1646 916 1714 βουλῆς
943 1646 1033 1699 τὸν
1060 1646 1324 1714 ΙἈγγελον
1350 1646 1447 1716 τῆς
1470 1647 1565 1701 τοῦ
1596 1648 1808 1719 Πατρὸς

224 1740 486 1810 ἀρρήτως
538 1739 691 1805 Θεὸν,
744 1739 996 1804 Θεοτόκε,
1044 1739 1316 1809 ὲκύησαςο
1366 1744 1465 1803 τὰς
1503 1742 1685 1809 φωνὰς
1714 1738 1809 1794 οὖν

1914 1102 2048 1148 tates
2077 1111 2289 1159 eorum,
2317 1096 2409 1165 qui
2438 1099 2688 1166 prmsenti
2718 1109 2963 1166 tempore
2982 1098 3034 1150 in
3060 1098 3245 1150 divino
3270 1096 3487 1166 jejunio

1908 1201 2030 1240 sese
2057 1188 2290 1243 sollicite
2319 1204 2575 1243 exercere
2600 1190 2923 1243 deliberant.

1987 1272 2470 1344 Depreeationibns
2512 1276 2808 1332 Genitricis
2852 1288 3029 1342 tuae,0
3062 1277 3398 1338 misericors.
3432 1285 3488 1330 et

1911 1379 2221 1422 sanctorum
2256 1380 2555 1439 martyrum
2596 1378 2650 1424 et
2688 1372 3058 1439 apostolorum
3087 1380 3327 1433 tuorum,
3363 1369 3487 1421 illu-

1914 1464 2059 1517 mina
2090 1464 2303 1515 animas
2344 1472 2583 1523 nostras.
2619 1472 2677 1516 ut
2714 1463 3081 1533 glorificemus
3110 1473 3160 1516 te
3210 1463 3262 1515 in
3296 1462 3485 1516 exsul-

1916 1555 2119 1608 tatione
2158 1554 2322 1606 animi
2357 1570 2449 1621 per
2486 1554 2680 1607 saecula
2715 1554 2989 1607 universa.

1980 1647 2060 1699 Ad
2086 1661 2272 1700 vocem
2303 1648 2478 1716 angeli
2510 1646 2776 1715 Angelum
2821 1646 3035 1701 consilii
3086 1646 3261 1699 Patris
3292 1642 3484 1715 igwtl‘ac

1911 1736 2091 1791 bititer
2119 1737 2437 1804 concepisti,
2487 1752 2518 1788 0
2570 1735 2794 1804 Deipara
2831 1754 2843 1790 :
2880 1750 3039 1789 voces
3091 1748 3222 1802 ergo
3268 1734 3485 1801 sust-ipe

223 1832 338 1884 τῶν
385 1831 588 1884 δούλων
634 1849 727 1883 σου
777 1832 1087 1901 πρόσδεξαι,
1138 1832 1204 1891 ἀς
1229 1834 1288 1885 ὲν
1320 1833 1398 1904 τῷ
1428 1834 1527 1903 τῆς
1560 1834 1799 1903 νηστείας

1909 1842 2191 1883 servorum
2228 1837 2468 1892 tuorum,
2507 1843 2644 1897 quas
2674 1828 2866 1895 jejunii
2900 1838 3140 1892 tempore
3175 1825 3481 1890 ofl‘crimus,
3565 1860 3569 1864 -

225 1926 405 1995 χροένῳ
461 1900 831 1994 προσάγομεν,
890 1927 985 1978 καὶ
1034 1924 1239 1989 ταύτας
1297 1900 1624 1996 προσάγαγε.
1665 1925 1799 1997 Θεῷ,

1912 1936 2112 1991 easque
2143 1931 2199 1975 tu
2235 1920 2345 1976 Deo
2380 1920 2538 1985 offer,
2572 1920 2746 1975 instar
2776 1921 3165 1991 thymiamatis.

221 2012 417 2083 ὥσπερ
449 2012 726 2083 θυμίαμα.

235 2123 333 2175 Ἐκ
375 2121 482 2176 τοῦ
515 2126 784 2189 Κανίνος
816 2121 927 2190 τῆς
950 2125 1149 2190 τρίτης
1178 2122 1296 2176 τῶν
1328 2125 1539 2190 Datur,
1571 2126 1658 2191 εις
1698 2125 1805 2179 τὸν

877 2197 1152 2261 Ὀρθρον.

310 2321 479 2392 Ἀρχὴ
531 2322 806 2390 σωτηρίας
841 2323 992 2390 ἠτοῦ
1026 2323 1263 2394 Γαϐριὴλ
1293 2324 1635 2395 προσηγορία
1668 2324 1805 2396 πρὸς

219 2409 323 2479 τὴν
374 2412 648 2480 Παρθένον
681 2414 905 2480 γέγονεν
940 2429 955 2444 ⁸
987 2414 1185 2483 ἢκουσε
1217 2415 1324 2482 γὰρ
1355 2416 1440 2478 τὸ,
1473 2415 1665 2485 Χαῖρε,
1705 2417 1805 2469 οὐκ

220 2502 475 2568 ἀπέφυγε
503 2502 594 2553 τὸν
624 2505 937 2574 ἀσπασμὸν.
968 2506 1068 2557 οὐκ
1100 2506 1351 2559 ὲδίστασε
1376 2508 1453 2570 ὡς
1476 2510 1510 2577 ὴ
1540 2509 1722 2577 Σάρρα
1748 2509 1804 2560 ὲν

219 2595 288 2661 τῇ
326 2596 519 2662 σκηνῇ,
553 2593 667 2647 ἀλλ’
700 2595 871 2658 οὕτως
901 2596 1145 2663 ἐλεγενί
1169 2598 1300 2650 Ἰδοὺ
1330 2600 1363 2667 ἡ
1388 2599 1548 2669 δούλη
1576 2600 1801 2669 Κυρίου,

221 2685 444 2751 γένοιτό
473 2703 564 2756 μοι
598 2687 739 2739 κατά
767 2688 829 2739 τὸ
861 2688 1014 2757 ῥῆμά
1036 2705 1152 2743 σου.
1170 2708 1186 2740 ι

296 2778 492 2847 Χαῖρε,
550 2779 631 2829 σοὶ
688 2777 919 2849 βοῶμεν,
969 2783 1037 2850 τῇ
1090 2780 1342 2851 κυησάσῃ
1394 2781 1491 2852 τὴν
1542 2782 1734 2851 χαρὰν,
1766 2783 1801 2851 ἡ

220 2871 641 2941 κεχαριτωμένη
665 2871 891 2925 Θεοτόκε
917 2872 1180 2943 Παρθένε,
1213 2874 1345 2926 Θεὸν
1372 2874 1430 2925 ὃν
1460 2874 1647 2936 ἔτεκες
1674 2874 1803 2927 δυσ-

216 2962 364 3014 ὠπει
417 2962 758 3031 λυτρωοῆναι
806 2963 1068 3017 κινδύνων
1109 2964 1206 3017 καὶ
1258 2965 1467 3035 φθορᾶς
1523 2966 1646 3028 τοὺς
1700 2967 1799 3018 ἀν-

220 3051 530 3121 υμνοῦντάς
558 3070 617 3105 σε
652 3053 759 3106 ἀεί.

296 3144 548 3210 Παναγία
583 3146 860 3213 Παρθένι,
924 3146 987 3196 σύ
1023 3162 1090 3213 με
1157 3144 1462 3209 διάσωσον,
1515 3146 1614 3214 τῆς
1660 3146 1799 3214 ἐμῆς

1915 2124 1999 2179 Ex
2030 2142 2230 2181 canone
2256 2126 2311 2180 in
2342 2125 2556 2195 feriam
2587 2125 2641 2177 in
2674 2124 2857 2205 Bantia
2893 2124 3227 2189 Palmarum,
3262 2129 3331 2177 ad
3361 2124 3487 2179 Μα-

2585 2205 2839 2248 tumtum.

1989 2316 2324 2386 Principium
2377 2316 2574 2369 salutis
2626 2314 2729 2367 fuit
2792 2315 3052 2368 allocutio
3094 2313 3366 2369 Gabrielis
3417 2316 3481 2368 ad

1914 2409 2187 2478 Virginem
2223 2427 2236 2462 :
2269 2410 2480 2462 audivit
2509 2410 2680 2472 enim,
2720 2410 2852 2462 Ave.
2879 2406 2996 2460 Non
3024 2405 3226 2471 refugit
3271 2407 3449 2459 saluta
3470 2438 3483 2447 -

1912 2503 2149 2565 tionem;
2192 2514 2299 2555 non
2321 2501 2589 2554 dubitavit
2613 2510 2669 2555 ut
2700 2501 2860 2555 Sarra
2896 2502 2947 2554 in
2982 2501 3482 2567 tabernaculo;sed

1912 2593 1985 2646 ita
2014 2593 2148 2645 dixit
2186 2609 2199 2645 :
2238 2610 2257 2643 ι
2296 2591 2436 2646 Ecce
2477 2592 2642 2662 320
2676 2594 2871 2648 ancilla
2916 2594 3169 2659 Domini,
3212 2593 3304 2647 fiat
3349 2594 3481 2647 Inibi

1912 2686 2209 2739 secundum
2237 2685 2459 2738 verbum
2488 2694 2661 2740 tuum.
2696 2702 2715 2735 ι

1980 2780 2049 2829 At
2078 2786 2128 2830 re
2148 2778 2466 2839 clamamus,
2490 2776 2698 2838 Gaude,
2730 2793 2849 2845 quae
2866 2778 3122 2848 gaudium
3155 2782 3481 2851 concepisti.

1910 2884 1944 2922 ο
1968 2870 2139 2937 gratia
2172 2870 2327 2938 plena
2362 2868 2586 2936 Dcipara
2640 2866 2805 2936 Virgo
2839 2888 2851 2922 :
2892 2869 3085 2935 Deum,
3119 2886 3280 2941 quem
3316 2890 3479 2943 pepe-

1914 2960 2060 3022 risti,
2090 2957 2411 3027 deprewre,
2476 2968 2535 3011 ut
2588 2958 2775 3013 liberet
2824 2975 2854 3013 a
2894 2961 3148 3029 periculis
3177 2972 3231 3017 ct
3292 2980 3487 3021 corru-

1909 3057 2094 3125 ptioue
2123 3069 2219 3110 eos
2248 3055 2340 3123 qui
2371 3052 2418 3108 fe
2448 3055 2669 3110 assidue
2691 3058 3100 3115 concelebrant.

1984 3147 2144 3215 Virgo
2165 3147 2531 3209 sanctissima,
2577 3156 2630 3200 tu
2657 3163 2741 3201 me
2765 3149 2975 3202 salvum
3009 3149 3111 3213 fac,
3148 3159 3202 3205 et
3228 3166 3361 3207 mea:
3396 3153 3481 3207 in-

217 3236 517 3299 ἀσθενείας
573 3235 730 3303 γενοῦ
770 3234 1011 3305 βοήθεια,
1046 3236 1078 3304 ἡ
1108 3234 1200 3286 τὸν
1230 3234 1459 3304 θελητὴν
1494 3234 1587 3287 τοῦ
1618 3235 1799 3298 ἐλέους

1907 3235 2177 3290 [inuitatis
2198 3250 2315 3291 esto
2335 3238 2617 3301 auxilium,
2635 3255 2756 3307 qua:
2776 3240 3164 3297 misericordia
3178 3254 3477 3300 amatorem

217 3331 497 3399 κυήσασα,
533 3329 591 3381 ὃν
624 3328 1011 3399 ὑπεροψοῦμεν
1054 3330 1133 3390 είς
1165 3326 1371 3389 πάντας
1409 3330 1535 3389 τοὺς
1573 3328 1794 3389 αἰῶνας.

306 3422 406 3474 Ἐκ
458 3420 575 3483 σοῦ,
635 3421 879 3491 Παρθένε
940 3419 1324 3490 οεοχαρίτωτε,
1374 3422 1485 3482 τοῖς
1532 3421 1590 3471 ὲν
1644 3421 1798 3473 νυκτὶ

216 3513 417 3569 παθῶν
446 3512 879 3583 κεκρατημένοις
926 3513 1166 3585 ἀνέτεσιλε
1195 3511 1287 3564 τοῦ
1316 3512 1492 3579 φωτὸς
1517 3514 1611 3564 καὶ
1642 3515 1797 3585 είρή-

217 3623 317 3676 νης
368 3606 606 3675 Χριστὸς
646 3607 901 3674 χορηγὶς,
950 3605 1047 3673 τὴν
1074 3603 1135 3667 ἐξ
1161 3602 1491 3675 ἀπροσεξίας
1522 3603 1664 3657 λύων
1694 3623 1798 3658 πα-

217 3697 476 3765 ράϐασιν,
517 3694 608 3747 καὶ
648 3694 746 3764 τὴν
778 3694 1162 3765 ἀπολύτρωσιν
1202 3696 1336 3764 ἡμῖν
1370 3694 1556 3764 σαφῶς
1590 3694 1797 3766 δωρού-

217 3804 408 3859 μενος.

225 3917 330 3972 Ἐκ
382 3915 491 3970 τοῦ
577 3918 846 3982 Κανόνος
905 3915 1123 3969 διπλοῦ
1170 3915 1282 3982 τῆς
1338 3914 1622 3985 τετάρτης
1679 3913 1797 3969 τῶν

608 3988 826 4051 Βαΐων,
864 3988 953 4052 είς
986 3987 1092 4040 τὸν
1141 3988 1406 4053 Ὄρθρον.

283 4114 381 4185 Τῷ
432 4113 602 4183 τιμίῳ
655 4112 877 4183 σταυρῷ
914 4111 1008 4165 τοῦ
1060 4111 1191 4165 Υίοῦ
1239 4130 1332 4165 σου
1381 4112 1793 4184 φυλαττόμενοι,

210 4208 486 4258 Δέσποινα
520 4202 659 4274 ἀγνὴ
692 4203 946 4269 Θεοτόκε,
979 4204 1159 4255 πᾶσαν
1189 4202 1495 4273 προσόολὴν
1524 4203 1616 4255 τοῦ
1640 4204 1795 4256 πολε-

213 4301 454 4367 μήτορος
485 4294 725 4358 ἀπαντες
759 4294 963 4365 ῥᾳδίως
990 4293 1396 4364 ἐκτρεπόμεθα’
1422 4294 1503 4348 διό
1534 4310 1593 4346 σε
1622 4312 1793 4347 κατα-

207 4389 393 4459 χρέως
444 4386 739 4455 δοξάζομεν
765 4387 840 4448 ὡς
880 4385 1108 4457 Μητέρα
1146 4384 1241 4438 τοῦ
1274 4384 1449 4453 φωτὸς
1492 4386 1585 4439 καὶ
1624 4386 1794 4456 μόνην

206 4483 409 4534 ἐλπίδα
428 4480 537 4532 τῶν
558 4479 744 4548 ψυχῶν
767 4478 943 4547 ἡμῶν.

1901 3328 2224 3396 concepisti,
2278 3344 2438 3396 quem
2463 3331 2932 3398 superexaltamtts
2958 3333 3009 3386 in
3045 3336 3227 3389 omnia
3251 3340 3477 3392 saecula.

1972 3419 2045 3473 Ex
2077 3429 2145 3484 tr,
2184 3437 2216 3472 ο
2260 3418 2423 3491 Virgo
2450 3421 2557 3476 Deo
2590 3423 2938 3491 charissima,
2975 3426 3042 3480 iis
3078 3427 3174 3496 qui
3206 3430 3259 3482 in
3318 3442 3481 3487 nocte

1902 3515 2219 3582 passionum
2256 3515 2660 3577 detinebantur,
2699 3529 2924 3571 exortus
2972 3529 3055 3572 est
3087 3532 3282 3575 auctor
3336 3524 3475 3580 lucis

1900 3616 1949 3660 et
1988 3605 2141 3674 pacis
2179 3604 2457 3670 Christus,
2505 3608 2998 3677 transgressionem
3039 3625 3103 3664 ex
3147 3614 3477 3683 negligentia

1899 3708 2074 3753 ortam
2122 3699 2357 3764 diluens,
2397 3711 2447 3754 et
2495 3699 2786 3756 manifeste
2837 3703 2995 3759 nobis
3046 3703 3474 3776 redemptionem

1897 3789 2211 3860 dilargiens.

1898 3916 1982 3971 Ex
2004 3934 2203 3972 canone
2221 3919 2419 3986 duplici
2442 3920 2494 3972 in
2514 3920 2648 3993 feria
2676 3934 2726 3993 tv
2751 3922 2805 3973 in
2839 3919 3017 3976 Ramic
3048 3921 3385 3993 Palmarum,
3406 3929 3475 3983 ad

2516 3990 2864 4046 Matutinum.

1948 4114 2220 4170 'Pretiosa
2246 4114 2365 4170 Filii
2418 4116 2492 4169 tui
2537 4131 2699 4171 cruce
2739 4117 3018 4181 custoditi,
3056 4117 3285 4175 Domina
3319 4131 3473 4178 easta

1898 4208 2149 4278 Deipara,
2182 4224 2400 4262 omnem
2435 4209 2609 4263 bostis
2646 4210 2911 4277 impetum
2944 4208 3103 4266 facile
3125 4229 3316 4269 omnes
3354 4215 3473 4269 evi-

1897 4311 2075 4355 tamus
2110 4311 2436 4371 :proplerea
2480 4311 2530 4355 te
2567 4317 2665 4371 pro
2706 4301 2891 4356 debito
2942 4302 3311 4372 glorificamus
3351 4318 3474 4361 tan-

1894 4408 2060 4462 quam
2091 4390 2324 4447 Matrem
2356 4392 2517 4459 lucis,
2547 4401 2712 4463 atque
2743 4393 2958 4447 unicam
2983 4408 3133 4463 spem
3161 4396 3472 4452 animarum

1893 4493 2223 4539 nostrarum.

276 4574 376 4643 Μὴ
409 4572 708 4641 φλαχοείσα
738 4570 816 4641 τῷ
844 4570 975 4641 πυρὶ
1002 4569 1100 4639 τῆς
1129 4569 1413 4638 Θεότητος,
1441 4570 1598 4642 ἁγνὴ,
1624 4571 1790 4624 κατά-

1966 4573 2011 4630 Ο
2040 4592 2211 4641 casta,
2238 4591 2359 4647 qua
2398 4592 2427 4630 a
2458 4576 2764 4633 Divinitatis
2794 4579 2913 4650 igne
2939 4596 3285 4652 nequaquam
3315 4598 3469 4638 com-

206 4669 411 4735 φλεξόν
462 4684 565 4736 μου
610 4665 708 4727 τὰς
748 4663 968 4727 ὑλώδεις
1016 4664 1191 4735 ὁρμάς
1237 4664 1347 4716 τῶν
1390 4665 1597 4731 παθῶν,
1646 4665 1792 4729 ὅπως

204 4761 447 4823 πιστῶς,
472 4761 633 4828 ἁγνὴ,
661 4758 869 4825 δοξάζω
899 4775 980 4814 σε.

275 4853 713 4925 Παρθενομῆτορ
752 4852 1009 4923 ἇχραντε,
1047 4854 1079 4922 ἡ
1112 4852 1236 4923 ῥίζα
1265 4850 1357 4906 τοῦ
1399 4852 1623 4918 Ἰεσσαὶ,
1648 4852 1706 4917 ἐξ
1725 4847 1792 4924 ἧς

202 4944 453 5015 Χριστὸς
490 4940 752 5004 ἀνέτειλε,
784 4942 843 4994 τὸ
869 4942 1151 5012 ζωηφόρον
1177 4942 1336 5005 ἄνθος
1360 4944 1467 4996 τῶν
1521 4945 1788 5014 γηγενῶν,

200 5040 267 5091 δι’
284 5034 353 5109 ἦς
372 5032 654 5105 ἐλυτρώοη
664 5051 764 5104 μεν
787 5034 989 5105 φθορᾶς
1010 5037 1102 5086 καὶ
1128 5033 1469 5105 θνητότητος,
1503 5036 1560 5088 σὲ
1589 5036 1789 5105 ὑμνοῦ-

205 5149 306 5201 μεν
330 5128 563 5190 πάντες,
600 5127 761 5196 ἁγνή.

285 5224 382 5275 Ἑν
412 5221 519 5285 σοὶ,
558 5220 803 5290 ῐιαρθένε
863 5219 1025 5288 ἀγνὴ.
1065 5219 1451 5292 ἐθεωρήθησαν
1481 5224 1651 5277 πᾶσαι
1694 5224 1788 5278 τοῦ

197 5317 339 5371 Θεοῦ
395 5315 454 5367 αἱ
493 5316 731 5385 πορεῖαι,
794 5312 888 5365 τοῦ
929 5311 1263 5384 φυλάξαντος
1294 5314 1391 5385 τὴν
1431 5315 1529 5386 σὴν
1568 5317 1789 5383 ἁγνείαν

202 5410 346 5480 μετά
380 5409 543 5461 τόκον
577 5407 1025 5478 ὲσφραγισμὲνην
1065 5408 1250 5475 σαφῶς
1305 5408 1385 5471 εἰς
1418 5410 1624 5473 πάντας
1661 5410 1785 5475 τοὺς

200 5505 443 5564 αἰῶνας.

280 5597 421 5650 Ἰδοὺ
460 5595 635 5647 πᾶσαι
674 5593 859 5662 γενεαὶ⁵
901 5593 1279 5665 μακαρίζομεν
1303 5611 1383 5659 σε,
1431 5595 1686 5664 ἀχραντε,
1717 5596 1785 5649 τὰ

199 5691 478 5763 μεγαλεῖα
506 5689 573 5741 τά
613 5688 680 5741 σά
711 5686 1088 5758 καθορῶντες·
1122 5690 1185 5741 σὺ
1220 5688 1326 5757 γάρ
1377 5687 1584 5750 τίκτεις
1611 5688 1781 5759 ὑπερ-

197 5787 351 5856 φυῶς
383 5784 481 5838 τὸν
519 5783 612 5837 τοῦ
654 5782 862 5853 κόσμου
914 5783 1114 5847 παντὸς
1167 5784 1426 5853 Ποιητὴν,
1474 5783 1604 5836 Θεὸν
1652 5784 1781 5837 ὅντα

196 5877 290 5929 καὶ
323 5872 541 5943 βροτόν.

1896 4670 2051 4723 busta
2084 4686 2163 4730 es.
2206 4671 2466 4724 combure
2515 4672 2825 4727 materiales
2878 4673 3107 4728 allectus
3147 4676 3466 4743 passionum

1895 4778 2161 4827 mearum,
2194 4773 2250 4813 ut
2285 4776 2406 4816 cum
2440 4761 2563 4822 fide,
2606 4778 2639 4815 ο
2663 4772 2833 4828 casta,
2869 4772 2919 4817 te
2950 4764 3270 4833 glorificent.

1965 4856 2129 4924 Virgo
2178 4855 2344 4909 Mater
2403 4854 2770 4921 immaculata,
2817 4857 2964 4925 virga
3007 4858 3178 4921 Jesse,
3232 4873 3297 4911 ex
3357 4873 3463 4927 qua

1891 4944 2143 4999 Christus
2164 4953 2389 4997 exortus
2410 4952 2513 5007 est,
2530 4941 2650 5006 llos,
2677 4944 2767 5010 qui
2794 4943 2958 4996 vitam
2986 4946 3210 5013 pretulit
3236 4947 3460 5015 terrige-

1892 5038 2008 5104 nis;
2044 5053 2138 5105 per
2170 5052 2336 5106 quam
2368 5036 2628 5106 redempti
2679 5052 2872 5091 sumus
2934 5053 2963 5089 a
3015 5039 3366 5106 corruptione
3410 5048 3465 5093 et

1892 5130 2259 5195 mortalitate;
2294 5139 2345 5185 te
2375 5130 2634 5196 universi,
2678 5146 2710 5185 ο
2733 5146 2889 5200 pura,
2923 5131 3323 5185 collaudamus.

1962 5222 2021 5275 In
2049 5230 2123 5288 te,
2165 5220 2331 5292 Virgo
2361 5233 2532 5287 Casta,
2561 5234 2866 5291 conspectae
2920 5233 3048 5278 sunt
3104 5239 3299 5279 omnes
3367 5225 3466 5278 via:

1893 5314 2007 5379 Dei,
2039 5316 2131 5385 qui
2169 5315 2511 5370 conservavit
2550 5316 2842 5385 puritatem
2892 5328 3037 5370 tuam
3092 5328 3213 5388 post
3248 5328 3462 5387 partum

1893 5407 2181 5463 manifeste
2206 5408 2500 5478 sigillatam
2536 5408 2591 5463 in
2621 5409 2805 5462 omnia
2832 5410 3051 5463 saecula.

1960 5592 2101 5647 Ecce
2131 5608 2323 5648 omnes
2359 5594 2738 5662 generationes
2786 5594 2995 5647 beatam
3046 5601 3100 5648 te
3149 5592 3409 5655 dicimus,
3434 5608 3468 5647 ο

1890 5686 2174 5749 inviolata,
2229 5686 2502 5757 magnalia
2540 5696 2631 5739 tua
2681 5687 3162 5755 contemplantes:
3207 5694 3263 5739 tu
3316 5686 3463 5739 enim

1887 5781 2377 5850 supernaturalitcr
2410 5785 2553 5853 paris
2582 5782 2855 5837 universis
2902 5780 3254 5838 Conditorem
3292 5781 3462 5837 Deum

1888 5884 1940 5929 et
1972 5874 2269 5929 hominem.
