4180 6450
226 376 354 437 1381

1627 374 1986 434 MARIALE.

3330 383 3466 446 1332

2385 537 2611 549 ._.__.

1104 652 1458 713 EIUSDEM
1506 653 1569 712 S.
1610 653 1933 713 JOSEI’HI
1982 654 2577 714 HYMNOGRM’HI

1410 794 1565 881 ΤΗ
1587 793 2098 885 EOTOCIA
2176 778 2298 860 (⁵η

924 950 1071 1012 Sive
1118 948 1561 1010 Allocutioues
1608 949 1685 1011 ad
1736 951 1977 1011 beatam
2009 951 2342 1029 Virginem
2400 952 2755 1031 Deiparam.

533 1118 616 1172 Ex
643 1134 841 1171 canone
872 1116 1018 1183 feria:
1042 1132 1077 1169 tt
1113 1116 1265 1169 hebd.
1302 1130 1337 1167 ιι
1365 1112 1465 1183 (a).

281 1216 422 1269 Cum
449 1212 729 1267 Christum
760 1226 821 1262 ex
854 1209 1088 1263 mortuis
1130 1208 1429 1261 secundum
1453 1221 1673 1258 carnem
1702 1222 1787 1260 rc—

209 1315 525 1375 surgenteni
570 1303 823 1365 vidisses,
848 1316 881 1354 o
916 1300 1008 1353 Dei
1059 1300 1313 1367 genitrix,
1346 1298 1641 1367 gaudebas.
1681 1297 1785 1349 Sed

209 1414 355 1452 nunc
393 1412 516 1451 cum
564 1393 759 1448 allecto
808 1394 874 1446 ad
924 1402 975 1444 te.
1021 1391 1217 1453 clamo,
1256 1407 1288 1444 υ
1330 1400 1504 1452 casta,
1548 1390 1788 1459 gratula-

212 1492 453 1550 bundus,
484 1496 542 1541 ut
590 1486 843 1539 eumdem
896 1483 1204 1551 depreceris
1253 1490 1312 1533 ut
1349 1480 1481 1533 milii
1525 1484 1789 1534 concedat

211 1582 263 1635 in
298 1580 485 1634 l‘uturo
529 1577 730 1631 smenlo
780 1576 1019 1629 divinam
1067 1584 1215 1628 luam
1258 1574 1674 1626 advocationem
1722 1588 1787 1627 ac

208 1673 579 1744 patrm-inium
616 1670 874 1739 reperire.

280 1764 337 1819 In
368 1766 511 1819 ulnis
536 1763 715 1817 ferens
742 1761 1019 1816 Christum
1041 1775 1104 1812 ex
1127 1768 1175 1812 te
1202 1766 1570 1827 corporattim,
1600 1757 1784 1825 Virgo,

202 1860 388 1929 ipsum
424 1872 555 1925 roga
587 1864 645 1909 ut
664 1855 807 1909 ulnis
835 1868 919 1907 me
959 1852 1180 1921 colligat
1206 1866 1349 1903 nunc
1388 1858 1660 1903 errantem
1695 1864 1787 1918 per

202 1951 392 2003 omnia
423 1949 653 2017 abrupta
696 1948 840 2009 vitae,
881 1961 945 2000 ac
974 1945 1176 2015 passim
1206 1943 1454 2013 quotidie
1496 1956 1591 2011 per
1618 1943 1788 2012 negli-

201 2042 447 2113 gentiam
486 2040 869 2093 oﬂ‘ensantem.

270 2132 435 2203 323
481 2132 830 2201 Obstupescit
867 2129 1155 2183 universus
1197 2125 1369 2193 orbis,
1413 2125 1664 2186 Domina,
1717 2125 1784 2178 ad

200 2226 539 2294 cogitatione
573 2224 827 2293 superius
881 2221 1203 2291 mysterium
1257 2228 1446 2289 partus
1479 2217 1579 2271 tui.
1629 2214 1785 2270 Paris

199 2317 349 2371 enim
370 2314 778 2369 Enimanuelem
800 2327 924 2366 vere
943 2312 1109 2365 Deum
1130 2310 1630 2364 immaculatissima
1646 2310 1780 2377 (:32),

198 2405 569 2472 eumdcmquc
613 2410 832 2472 propter
886 2417 985 2455 nos
1016 2402 1310 2466 hominem,
1345 2400 1437 2471 qui
1470 2414 1631 2454 cruce
1680 2414 1779 2453 sua

200 2498 369 2552 solvit
414 2494 755 2566 tyrannidem
792 2494 1004 2547 mortis.

546 2584 629 2638 Ea;
663 2600 858 2637 canone
886 2584 1037 2650 ferit!
1068 2596 1127 2635 ιιι
1159 2581 1311 2637 hebd.
1347 2599 1405 2636 ιι.

268 2679 317 2731 Ο
360 2677 653 2730 miracula!
685 2690 719 2728 0
774 2685 999 2743 stupore
1044 2677 1261 2744 plenum
1311 2674 1595 2727 nuntium!
1625 2671 1775 2727 Paris

198 2771 348 2825 enim
380 2784 545 2824 carne
572 2767 763 2830 Deum,
787 2767 879 2836 qui
901 2767 1061 2821 solvit
1085 2767 1273 2821 mortis
1297 2767 1533 2829 vincula,
1560 2775 1612 2818 et
1648 2780 1773 2818 cor-

198 2863 457 2932 ruptione
485 2861 734 2918 homines
760 2859 1037 2923 liberavit,
1075 2859 1238 2929 Virgo
1266 2860 1409 2927 apud
1442 2856 1611 2911 Deum
1652 2874 1775 2926 gra-

201 2957 526 3011 tiosissima.

269 3046 408 3102 \‘Zso
438 3061 595 3115 quem
618 3044 874 3115 peperisti
905 3042 1015 3098 Deo
1043 3059 1167 3098 cum
1201 3052 1505 3110 resurgeret
1528 3058 1590 3097 ex
1625 3058 1773 3096 mor-

201 3143 339 3205 tuis,
372 3140 677 3211 apparuisti
721 3136 919 3209 gaudio
950 3136 1133 3205 plena,
1180 3133 1340 3205 Virgo
1370 3133 1537 3188 Maria
1572 3152 1584 3187 :
1618 3135 1772 3188 illum

268 3281 492 3352 (5l).ln
545 3287 858 3352 pervetusto
902 3278 1098 3352 codice
1128 3274 1775 3352 pergamenaceoAGrtecc

198 3346 303 3409 ms.
332 3346 694 3407 celeberrimae
711 3348 1046 3403 bibliothecae
1064 3346 1369 3400 Barbermae
1401 3362 1456 3399 ιι.
1488 3348 1610 3409 H8,
1637 3363 1775 3413 prai-

200 3435 279 3479 ter
314 3423 595 3477 Triodiuni
629 3421 716 3487 (de
741 3436 851 3487 quo
872 3433 1034 3483 supra
1066 3415 1327 3485 diximus)
1374 3432 1404 3469 a
1436 3432 1557 3487 pag.
1586 3418 1693 3469 ΞΠ
1722 3428 1777 3473 et

199 3497 483 3562 deinceps,
533 3486 708 3543 exstat
739 3488 880 3562 aliud
924 3487 1233 3562 Triodiuni.
1274 3486 1432 3562 quod
1473 3486 1666 3562 incipit
1708 3490 1777 3543 ab

200 3556 756 3632 Antipa'scliatetseu
787 3560 854 3632 ab
882 3568 1086 3632 octava
1111 3556 1374 3632 ⁸ιἰιξριιιιι,
1433 3556 1688 3632 nimirum
1730 3574 1773 3632 pa

200 3625 399 3690 feria-2
453 3641 574 3702 post
608 3625 943 3702 Dominicam
978 3629 1031 3680 iti
1060 3625 1235 3689 Albis)
1282 3642 1467 3702 tisq_ue_
1486 3628 1551 3680 ad
1586 3625 1774 3681 Domi-

1812 1125 1856 1180 Α
1890 1116 2053 1184 igitur
2086 1131 2203 1179 ora,
2244 1117 2420 1186 Virgo,
2464 1127 2522 1172 ut
2552 1135 2615 1173 ex
2653 1121 2817 1176 corde
2862 1133 3049 1178 nostro
3075 1125 3316 1181 dolorcm
3370 1144 3462 1197 pe~

1891 1210 2037 1261 nitus
2071 1222 2288 1261 onmem
2325 1209 2620 1277 abstcrgat.

1962 1298 2168 1353 Lumen
2229 1301 2576 1354 inocciduum
2627 1304 2915 1371 splendens
2957 1322 3021 1360 ex
3058 1311 3284 1363 mortuis
3334 1328 3458 1364 cum

1895 1391 2151 1455 vidisses,
2184 1393 2382 1461 gaudio
2413 1395 2613 1462 repleta
2644 1411 2702 1449 cs
2737 1413 2953 1468 magno,
2982 1411 3034 1454 et
3065 1404 3352 1467 congavisa
3376 1422 3458 1466 es,

1898 1480 2083 1549 Virgo,
2122 1484 2489 1538 sanctissimis
2527 1486 2836 1555 discipulis,
2889 1506 3010 1545 cum
3051 1496 3253 1563 quibus
3302 1499 3459 1551 nobis

1890 1574 2119 1642 inipctra
2178 1577 2553 1632 remissionem
2617 1580 3095 1639 innumerabilium
3152 1589 3457 1658 culparum,

1888 1665 2114 1735 Deipara
2154 1669 2316 1721 tutela
2352 1670 2613 1724 fidelium.

2236 1757 2317 1810 Ea:
2352 1775 2549 1813 canone
2578 1760 2728 1828 ferire
2757 1778 2807 1816 tv
2842 1765 2993 1819 liebd.
3033 1783 3091 1820 ιι.

1960 1845 2214 1915 Spectata
2244 1864 2302 1901 es
2345 1851 2599 1917 superior
2633 1854 2859 1920 angelis.
2888 1871 3011 1909 cum
3063 1854 3228 1910 Deum
3266 1873 3459 1928 corpo-

1888 1953 2067 1991 rasses
2109 1940 2431 1993 crucilixuni
2481 1941 2779 2008 sepultum,
2821 1954 2875 1997 ct
2930 1949 3163 2000 mortuis
3205 1948 3456 2002 incorru-

1886 2032 2150 2099 ptionem.
2182 2048 2215 2083 o
2252 2033 2433 2101 Virgo,
2472 2033 2790 2101 largientem
2819 2055 2832 2089 :
2867 2036 3037 2102 Quem
3076 2040 3367 2109 deprecare
3400 2051 3459 2095 ut

1888 2131 2065 2176 servet
2090 2138 2188 2176 nos
2214 2124 2491 2178 laudantes
2516 2134 2585 2180 te.

1959 2213 2281 2267 Mur-tilicato
2325 2224 2471 2280 tntis,
2511 2231 2544 2269 0
2592 2215 2775 2286 Virgo,
2826 2216 2993 2275 Filius
3042 2220 3274 2283 inferno,
3311 2225 3454 2277 sicut

1884 2307 2226 2375 pra-dixerat,
2256 2323 2286 2360 c
2318 2309 2547 2362 mortuis
2575 2310 2833 2363 surrexit.
2869 2311 3020 2364 Illum
3047 2327 3164 2378 ora,
3193 2323 3298 2368 uta
3331 2330 3454 2384 pec-

1883 2397 1985 2451 cati
2059 2407 2114 2450 et
2164 2399 2412 2466 supplicii
2459 2401 2696 2469 pernicie
2728 2402 2915 2457 liberet
2958 2418 3147 2457 omnes
3178 2406 3269 2475 qui
3304 2410 3369 2459 ad
3403 2418 3453 2461 te

1884 2490 1936 2543 in
1970 2490 2075 2543 [ide
2107 2491 2365 2545 clamant.

1955 2582 2327 2638 Laetissiniuni
2378 2594 2571 2646 totum,
2624 2584 2797 2639 forma
2848 2586 3348 2656 incomparabilem,
3397 2602 3453 2644 ut

1884 2674 2093 2745 Sponsa
2143 2678 2479 2745 conspicata,
2536 2676 2703 2745 Virgo
2757 2694 2787 2732 e
2850 2682 3041 2732 tumuli
3104 2681 3344 2735 thalamo
3396 2685 3449 2736 iii

1882 2785 2044 2821 carne
2088 2772 2493 2838 procedentem,
2525 2769 2726 2839 gaudio
2764 2772 2966 2839 repleta
3002 2788 3077 2827 rs.
3113 2772 3284 2839 Quem
3319 2793 3451 2845 sup-

1884 2862 2021 2930 plica
2057 2873 2116 2915 ut
2146 2863 2498 2929 corruptione
2533 2878 2596 2917 ae
2620 2878 2778 2932 prima
2805 2880 2904 2918 nos
2937 2866 3151 2921 liberet.

2125 2954 2288 3026 324.
2326 2954 2407 3008 Ea:
2436 2972 2637 3009 canone
2680 2957 2829 3023 ferite
2864 2973 2891 3008 v
2922 2957 3073 3010 hebd.
3110 2974 3171 3012 ιι.

1963 3047 2063 3111 Qui
2101 3056 2151 3100 te
2205 3056 2262 3100 ut
2313 3048 2571 3117 lciiiplutn
2623 3050 3046 3116 pulcherrimum
3082 3050 3320 3105 condidit
3360 3049 3450 3106 Je-

1884 3154 1980 3193 sus
2012 3140 2147 3209 (55),
2179 3138 2288 3192 lle:
2325 3140 2619 3205 maximus,
2638 3141 3043 3196 descendetisin
3069 3142 3271 3197 inferos
3298 3152 3449 3199 tene-

1885 3281 2127 3355 licntlat;
2197 3282 2510 3353 frequenter
2558 3283 2921 3355 tameniidem
2951 3283 3222 3353 Iosephus
3276 3286 3449 3355 ipsum

1884 3352 1940 3404 Β.
1978 3351 2255 3423 Virginem
2290 3351 2453 3409 etiam
2512 3354 3030 3409 immaculatissiniae
3065 3351 3220 3408 titulo
3264 3351 3449 3423 appel-

1884 3422 2051 3494 lavit,_
2072 3435 2129 3494 ιιι
2160 3426 2445 3492 perspicue
2495 3424 2843 3494 intelligatur,
2876 3426 3124 3478 eamdem
3163 3424 3220 3477 B.
3267 3422 3446 3492 Virgi-

1882 3506 2004 3545 nem
2030 3490 2200 3546 fuisse
2232 3490 2302 3546 iii'
2317 3495 2464 3547 omni
2495 3490 2693 3562 genere
2718 3510 2929 3562 puram,
2958 3510 3020 3549 ac
3049 3510 3266 3549 omnem
3297 3490 3449 3563 puri-

1882 3569 2047 3633 tatem
2114 3564 2426 3630 possibilem
2514 3566 2793 3633 attigisse,
2859 3579 3023 3630 quam
3105 3580 3445 3632 nequaquam

1881 3632 2166 3703 attingere,
2215 3636 2257 3687 si
2320 3632 2687 3703 itiipuritate’ni
2742 3635 3062 3702 originalem
3114 3635 3445 3689 admisisset.

201 3707 382 3759 iiicam
431 3696 674 3772 omnium
702 3700 1051 3755 Sani-torum.
1088 3712 1208 3765 qua:
1247 3700 1394 3772 apud
1429 3697 1645 3772 Graecos
1692 3709 1776 3752 est
1803 3696 1849 3758 C
1884 3696 2046 3755 Huiev
2061 3701 2347 3757 Mattbivus
2374 3696 2785 3759 Cantacuzenns
2832 3696 3129 3772 imperator
3182 3705 3236 3756 iti
3267 3706 3446 3757 (lanti-

200 3777 383 3846 priina
420 3784 538 3841 post
564 3770 964 3831 Pentecostem,
1002 3782 1129 3846 cu_m_
1179 3782 1277 3846 sua
1312 3766 1644 3846 liebdouiada
1677 3785 1777 3846 se-

199 3838 390 3914 quer-ti
414 3838 430 3896 ξ
456 3852 911 3914 et,_pra&terquatit
945 3838 1172 3914 quod_in_
1212 3838 1523 3914 ipso_titulo
1558 3839 1777 3914 praeteri

199 3905 481 3969 auctorem
528 3905 843 3979 Jiisepliiiiii,
872 3924 1044 3962 canon
1079 3905 1226 3979 feria:
1344 3905 1774 3979 hebdoniadisﬁ,

200 3994 345 4039 lianc
371 3984 532 4037 habet
573 3975 1035 4034 ιιειίυδιιυιιίιιεηιε
1076 3976 1231 4029 Cani:
1272 3976 1375 4028 ista
1414 3975 1631 4045 Josep/t.
1663 3976 1778 4033 Hoc

200 4055 484 4109 'l'riodium
516 4054 678 4121 (quod
735 4064 995 4121 tanquam
1043 4046 1507 4121 pretiosissimum
1551 4051 1775 4121 tliesauo

199 4141 320 4179 rum
356 4123 492 4176 milii
525 4118 726 4175 detexit
760 4126 838 4174 vir
870 4119 1229 4178 clarissimus,
1263 4132 1292 4169 a
1321 4132 1405 4171 me
1438 4118 1595 4181 alias,
1651 4118 1775 4171 licet

202 4212 310 4248 non
346 4208 447 4255 pro
476 4192 705 4255 meritis,
734 4191 980 4244 laudatus
1017 4187 1123 4241 Leo
1153 4186 1386 4241 Allatius
1412 4198 1466 4241 et
1507 4186 1569 4241 D.
1604 4185 1773 4240 Caro-

201 4268 284 4319 lus
320 4256 605 4325 Moronus,
661 4258 1076 4316 eminentissimi
1104 4256 1163 4309 υ.
1188 4256 1463 4312 Francisci
1492 4256 1770 4312 Barberini

204 4336 263 4391 S.
309 4334 377 4389 Β.
418 4333 476 4386 Ε.
501 4332 791 4388 cardinalis
822 4332 935 4384 vice
955 4328 1265 4383 cancellarii
1299 4328 1771 4393 bibliotliecarins,

201 4409 282 4457 vir
311 4404 753 4467 eruditissimus,
781 4412 833 4454 et
862 4416 968 4452 noti
994 4398 1166 4452 solum
1196 4400 1263 4451 de
1293 4414 1397 4464 me,
1428 4400 1520 4452 sed
1557 4399 1624 4452 de
1650 4399 1770 4465 piti-

209 4478 319 4531 mis
358 4474 680 4527 lioniinibus
705 4470 934 4525 eruditis
962 4469 1164 4537 optime
1189 4471 1437 4533 meritus,
1462 4480 1513 4522 et
1537 4484 1769 4533 merens,

202 4546 335 4600 tiiilii
382 4545 779 4598 humanissime
815 4540 1259 4604 conittiunicavit)
1296 4552 1488 4605 praeter
1531 4556 1770 4595 canones

200 4620 365 4671 trium
418 4616 640 4669 odarqu
679 4614 697 4683 (
727 4628 755 4666 a
802 4612 999 4679 quibus
1036 4609 1316 4683 Triodiuut
1344 4610 1768 4679 denoniinatur),

202 4690 365 4741 liabet
424 4688 586 4738 etiam
630 4679 869 4737 canones
902 4681 1219 4740 tetraodios.
1266 4679 1318 4732 id
1378 4692 1462 4733 est
1510 4692 1767 4748 quatuor,

200 4774 265 4811 ne
294 4772 541 4813 canones
589 4757 845 4822 integros.
888 4766 1079 4805 novem
1132 4751 1381 4804 odaruni.
1435 4749 1499 4822 L't
1539 4752 1661 4805 licet
1715 4752 1767 4803 iii

198 4844 263 4882 eo
293 4830 547 4897 quaedam
580 4829 688 4879 sint
711 4821 856 4897 ilolia
916 4822 1180 4897 abscissa,
1212 4834 1374 4887 atque
1404 4821 1601 4897 alicubi
1635 4822 1769 4897 cliaf

199 4891 379 4952 racter
414 4898 487 4950 ob
517 4895 890 4963 antiquitatem
934 4893 1003 4946 ita
1037 4903 1411 4957 consumptus.
1444 4900 1503 4945 ut
1547 4892 1630 4945 vix
1670 4891 1768 4961 legi

198 4970 395 5036 possit,
430 4966 740 5020 Tlieotociis
772 4974 973 5023 tamen.
1005 4979 1125 5031 quze
1149 4970 1545 5027 remanserunt,
1580 4974 1633 5015 et
1664 4963 1766 5036 legi

197 5033 517 5107 potuerunt,
555 5037 832 5090 Lector-eui
877 5037 1111 5087 lraudari
1154 5050 1257 5086 non
1286 5048 1402 5085 sum
1427 5048 1642 5101 passus,
1674 5033 1766 5107 sed

196 5104 283 5173 ea,
312 5120 373 5162 iit
414 5108 676 5161 Marianis
708 5107 1010 5160 cultoribus
1056 5106 1394 5172 prodessent,
1461 5119 1524 5157 ex
1570 5104 1769 5171 praedi-

198 5192 299 5234 ctis
360 5180 669 5233 cationilius
723 5177 950 5229 lidcliter
1008 5189 1279 5242 excerpta,
1358 5185 1412 5227 et
1476 5174 1669 5241 partim
1740 5187 1769 5224 a

198 5250 254 5303 ι».
276 5252 445 5306 Petro
476 5248 706 5301 Possino
739 5262 855 5301 sec.
878 5243 1000 5299 .Iesu
1037 5245 1283 5312 tlieologo
1316 5246 1430 5297 viro
1454 5243 1771 5297 doctissimo

199 5338 259 5375 ac
298 5322 699 5380 eruditissimo,
725 5319 918 5387 partim
962 5332 1088 5368 veru
1117 5331 1145 5367 a
1165 5311 1241 5387 ΔΡ.
1266 5313 1537 5368 Ludovico
1562 5311 1771 5366 Mat-aes

196 5394 284 5446 ciu
333 5391 507 5444 fratre
564 5383 804 5453 uieo,'de
836 5388 1024 5441 Grch
1058 5402 1109 5439 in
1162 5383 1410 5437 Latinum
1461 5399 1767 5439 sermonem

200 5466 496 5524 translata,
536 5475 699 5529 supra
726 5460 777 5511 iti
810 5458 912 5511 hoc
939 5473 1100 5524 opere
1130 5456 1391 5529 exliibuii:

270 5534 414 5602 {52).
482 5521 651 5602 Ltcet_
675 5545 774 5602 vox
826 5521 1194 5602 immaculata,
1247 5526 1543 5602 saipissime
1601 5539 1629 5577 a
1676 5521 1771 5577 Jo-

202 5596 380 5674 seplio
409 5614 596 5674 nostro
624 5600 681 5653 Β.
718 5600 918 5668 Virgini
954 5599 1172 5674 tributa,
1204 5607 1259 5674 et
1300 5598 1441 5664 quod
1478 5596 1759 5674 sit_neg:i-

202 5665 330 5739 tiva,
403 5685 459 5729 et
539 5673 693 5741 juxta
774 5665 885 5725 suae
958 5668 1370 5739 signiﬁcationis
1435 5665 1768 5733 amplexum,

203 5750 371 5801 totius
396 5761 463 5800 ac
490 5743 777 5811 cujuslibet
805 5744 1028 5794 macula:
1090 5742 1385 5794 carentiain
1415 5742 1771 5805 comprehen-

1880 3788 2004 3825 cum
2064 3774 2400 3827 canticorum
2455 3775 2683 3828 lirmiter
2742 3774 3026 3827 adhaerens
3086 3772 3145 3827 Β.
3206 3775 3442 3839 Virginis

1885 3842 2032 3895 tutali
2089 3844 2309 3907 puritati
2353 3844 2525 3911 Super
2580 3844 3009 3905 immaculatum,
3052 3842 3208 3912 quasi
3266 3843 3448 3899 dieere

1879 3912 2110 3965 voluerit
2149 3914 2457 3967 ascendisse
2514 3930 2677 3980 supra
2708 3930 2924 3967 omnem
2976 3917 3260 3981 puritatem
3293 3930 3448 3967 crea-

1880 3990 2012 4053 tam,
2064 3984 2243 4036 adhuc
2279 3986 2420 4053 ultra
2475 3984 2745 4053 justitiam
2814 3985 2973 4037 etiam
3030 3983 3370 4047 originalem,
3398 3986 3444 4037 si

1880 4051 1990 4121 [ιρι-ι
2050 4064 2249 4121 posset.
2314 4051 2487 4107 Favet
2529 4055 2585 4107 S.
2619 4054 2945 4108 l-gustaeliius
2988 4054 3358 4107 Antioclienus
3393 4056 3444 4107 in

1876 4118 2275 4185 llexaetiieron,
2309 4126 2436 4175 dum
2482 4125 2551 4177 ibi
2614 4122 2884 4190 Virginem
2916 4124 3151 4191 appellat
3182 4125 3444 4175 Acrautos

1876 4207 1995 4257 quae
2023 4193 2186 4245 dictio
2241 4204 2326 4246 est
2358 4195 2521 4247 totius
2576 4194 2826 4261 puritatis
2872 4209 2937 4246 ac
2990 4194 3169 4245 omnis
3221 4195 3446 4247 macula:

1874 4263 2206 4316 exclusionis
2238 4263 2620 4331 sigiiilicativa.
2669 4263 3010 4331 Quapropter
3060 4264 3140 4315 vir
3189 4264 3445 4316 eruditis-

1876 4333 2053 4385 simus
2089 4332 2197 4384 Leo
2216 4334 2446 4386 Allatitts
2473 4334 2591 4402 ejus
2651 4335 2917 4399 interpres
2950 4343 3002 4385 et
3047 4343 3445 4386 commentator

1874 4402 2005 4473 dicit
2034 4404 2178 4471 quod
2230 4404 2518 4471 signiﬁcat,
2546 4406 2687 4473 quod
2747 4405 2876 4456 'l'ota
2919 4404 3139 4469 pulchra
3194 4412 3291 4473 est,
3352 4419 3443 4455 nec

1874 4472 2043 4523 ullum
2124 4474 2361 4526 rtdiitittt't
2434 4471 2646 4526 omnino
2721 4474 3008 4527 uinculum.
3074 4473 3140 4525 Et
3208 4471 3442 4525 Lexicon

1875 4543 2259 4610 locupletatum
2293 4560 2319 4596 a
2341 4543 2520 4597 Budeo
2548 4545 2719 4605 ducit,
2751 4548 2893 4611 quod
2930 4544 3234 4611 signiticet:
3275 4542 3442 4611 Sulla

1873 4629 2119 4679 aspersus
2179 4616 2411 4677 macula,
2490 4615 2647 4666 nulla
2706 4610 2946 4666 labccula
2992 4610 3235 4665 notatus.
3314 4610 3443 4665 Vide

1874 4680 2343 4753 Nierembergium
2373 4686 2425 4738 iii
2451 4682 2878 4754 Exceptionibus
2902 4699 3021 4752 cap.
3048 4684 3078 4736 ϐ
3101 4695 3152 4737 et
3186 4683 3275 4735 15.

1949 4819 2082 4889 (53).
2114 4820 2169 4873 Si
2195 4820 2254 4877 Β.
2297 4820 2461 4891 Virgo
2512 4830 2568 4875 ut
2634 4820 2890 4889 iemplutn
2949 4819 3376 4887 pulcherrimum
3411 4834 3442 4870 ιι

1872 4890 1979 4943 Deo
2024 4903 2106 4944 est
2159 4890 2413 4951 condita,
2464 4892 2611 4945 nullo
2659 4904 2817 4959 pacto
2900 4894 3028 4944 dum
3089 4891 3441 4947 conderetm',

1873 4962 2005 5013 idest
2054 4961 2181 5013 dum
2213 4964 2610 5029 conciperetur,
2642 4963 2914 5014 contraxit
2960 4961 3219 5028 oiigitiale
3253 4974 3444 5028 pecca-

1874 5044 2009 5090 tum,
2049 5034 2189 5097 quod
2217 5050 2322 5084 ιιυιι
2392 5034 2566 5085 solum
2626 5046 2841 5085 omnem
2904 5041 3119 5083 amovet
3152 5030 3221 5083 ab
3257 5030 3439 5082 anima

1805 5103 1846 5155 ι)
1876 5103 2349 5171 pulchritudinem,
2385 5102 2475 5155 sed
2502 5102 2881 5171 eamqinacula
2951 5101 3123 5171 inlicit
3157 5111 3320 5171 atque
3346 5101 3441 5171 de-

1880 5167 2073 5238 turpat.
2103 5170 2240 5225 llinc
2265 5170 2502 5225 Tlionias
2524 5171 2589 5224 de
2621 5169 2840 5238 Ketnpis
2870 5187 3036 5224 serui.
3059 5170 3129 5223 25
3182 5174 3247 5221 ad
3280 5167 3443 5221 Novi-

1882 5243 2087 5311 llUSiilil
2131 5260 2142 5295 :
2188 5263 2204 5293 ι
2274 5243 2563 5311 Spirituale
2610 5240 2703 5294 Dei
2754 5241 3060 5309 Templum,
3142 5240 3286 5305 quod
3358 5246 3442 5311 est

1874 5312 1931 5365 Β.
1975 5310 2133 5381 Virgo
2165 5308 2330 5366 Maria
2359 5313 2426 5365 ab
2485 5313 2634 5365 omni
2688 5313 2808 5365 labe
2859 5327 3015 5379 pttra,
3052 5324 3216 5379 supra
3257 5308 3445 5381 omnia

1877 5378 2413 5449 templavsanctoruttt
2448 5384 2711 5450 prmitet.
2754 5401 2770 5432 i
2811 5378 2913 5435 seu
2963 5378 3166 5448 Optime
3196 5381 3254 5432 S.
3304 5378 3440 5431 Gre-

1876 5455 2061 5520 gorius
2093 5449 2467 5508 Nazianzenus
2514 5453 2566 5505 iri
2598 5452 2767 5521 Epist.
2802 5452 2867 5505 ad
2922 5452 3255 5513 Netiiesiuni,
3310 5449 3443 5500 dum

1877 5523 2098 5591 inquit:
2138 5544 2155 5575 ι
2225 5524 2279 5576 ln
2312 5525 2607 5577 multorum
2673 5523 2952 5575 hominum
3005 5538 3100 5575 ore
3151 5522 3237 5573 liic
3261 5534 3447 5591 sermo

1874 5586 2136 5659 versatur,
2165 5595 2333 5648 Deum
2355 5594 2652 5654 hominem,
2685 5594 2735 5646 id
2762 5603 2868 5658 est,
2895 5592 3194 5654 Christum,
3216 5606 3279 5641 ex
3314 5586 3435 5639 Vir-

1875 5666 2012 5734 ginis
2038 5667 2160 5718 sinu
2187 5674 2367 5719 ortum
2394 5681 2536 5729 esse,
2563 5680 2745 5733 quem,
2776 5665 2827 5717 id
2864 5674 2944 5717 est
2975 5664 3152 5717 sitiutu
3178 5659 3441 5726 Virginis,

1876 5740 2110 5807 Spiritus
2142 5747 2386 5798 sanctus,
2428 5752 2547 5789 cuni
2577 5738 2666 5790 Det
2694 5736 2873 5805 magni
2903 5735 3102 5803 templo
3147 5744 3441 5801 coagmen-

264 5860 338 5926 (α)
376 5857 471 5909 Hic
494 5869 665 5917 canon,
689 5862 744 5906 ut
768 5855 850 5904 alii
878 5854 1000 5903 intra
1031 5852 1276 5915 nonnulli,
1303 5854 1471 5903 Grece
1494 5863 1589 5899 rion
1615 5856 1776 5900 exstat
1800 5852 1847 5901 iii
1885 5849 2252 5901 Pentecostario
2273 5852 2568 5902 Grecorum.
