4180 6450
246 443 384 507 1385

1715 432 2079 494 MARIALE.

3343 429 3479 497 1386

240 555 608 625 lnopinatum,
648 551 809 622 325
856 558 909 606 et
970 548 1238 604 ineffabile
1290 547 1653 603 miraculum!
1708 547 1811 605 Ubi
1841 566 1882 621 Α
1989 548 2194 617 Expers
2220 556 2427 603 natura:
2457 547 2654 618 legum,
2683 556 2736 604 et
2766 554 3004 603 matrum
3034 561 3196 603 usum
3228 549 3478 603 nesciens

235 646 380 700 enim
408 645 554 697 Deus
586 645 720 707 vult,
751 644 917 696 vincit
940 642 1186 695 ordinem
1224 652 1453 695 naturae.

304 737 662 791 Celebramus
690 746 739 790 te
762 736 1076 789 mortalium
1109 749 1276 803 genus
1306 742 1363 788 ut
1387 733 1631 788 omnium
1664 733 1812 788 salu-

240 840 374 894 tem,
401 846 433 881 o
470 829 927 883 Laudabilissima
958 826 1093 896 (56),
1124 829 1189 881 ad
1226 826 1391 879 vitam
1426 825 1683 879 revocati.
1711 822 1815 878 Per

240 930 294 973 Ie
323 921 596 989 siquidem
646 935 837 973 omnes
878 916 1277 971 maledictionis
1316 917 1505 971 mortis
1542 916 1815 971 liberatio-

235 1027 357 1063 nem
390 1012 532 1065 nacti
558 1026 769 1065 sumus.
1604 1009 1611 1020 ’

231 1105 330 1156 Ἐκ
362 1105 466 1157 τοῦ
491 1106 762 1168 Κανόγος
805 1101 917 1170 τῆς
944 1100 1243 1170 Κυριακῆς
1265 1099 1345 1164 β’,
1377 1100 1495 1153 ἀπὸ
1528 1099 1633 1151 τοῦ
1688 1098 1805 1152 Πά-

305 1190 431 1241 σχα
462 1189 478 1204 ο
535 1172 652 1225 τῶν
709 1166 905 1241 (irier?
942 1166 1242 1239 γὺᾶιαικὼν
1288 1170 1666 1240 μυροςοόρων,
1710 1170 1809 1223 καὶ

304 1242 530 1311 Ἰωσὴφ
561 1242 667 1297 τοῦ
697 1242 955 1299 δικαίου.

304 1352 417 1421 Τὴν
443 1353 677 1424 ἀρχαίαν
711 1350 852 1423 ἀρὰν
874 1354 932 1404 ὲν
966 1350 1164 1423 γαστρί
1201 1367 1292 1404 σου
1326 1348 1556 1414 λύσασα,
1606 1352 1801 1421 σεμνὴ,

236 1444 651 1525 ἁνεῦλάστησας
676 1446 809 1515 ἡμῖν
835 1444 935 1513 τὴν
987 1444 1260 1512 εὐλογίαν,
1284 1442 1495 1513 βρέφος
1524 1444 1759 1497 τεκοῦσα
1790 1459 1805 1473 ο

230 1529 387 1600 οὗτος
414 1536 523 1607 γὰρ
548 1536 680 1600 Θεός
702 1535 960 1602 ὲστι,-καὶ
986 1536 1163 1605 σάρκα
1192 1537 1364 1605 φορεῖ.

302 1723 571 1796 Μακαρία
596 1718 666 1787 εἶ,
693 1724 890 1795 σεμνὴ.
930 1724 964 1794 ἡ
992 1724 1057 1777 ὲκ
1094 1720 1252 1794 ῥίζης
1297 1724 1514 1789 Ἰεσσαὶ,
1569 1722 1629 1788 ἐξ
1674 1716 1743 1793 ἧς
1775 1722 1809 1793 ἠ

229 1814 431 1882 ῥάϐδος
454 1815 550 1869 καὶ
578 1814 639 1870 τὸ
665 1814 826 1879 ἄνθος
855 1816 884 1867 ὁ
908 1815 1142 1886 Χριστὸς
1166 1815 1307 1869 κατὰ
1340 1818 1521 1886 σάρκα
1564 1814 1634 1867 δι’
1657 1815 1806 1885 ἡμᾶς

230 1905 720 1975 ἁναὸλαστήσασα.

1910 640 2168 711 peperisti
2232 641 2401 695 lilium
2457 640 2575 694 sine
2631 640 2836 704 dolore,
2868 638 3053 709 Virgo,
3090 640 3181 707 qui
3234 647 3284 693 te
3313 654 3476 694 manu

1911 751 2008 790 sua
2052 734 2104 787 in
2136 735 2322 788 matris
2355 742 2509 788 utero
2543 731 2815 788 formavit.
2848 729 3005 787 Unde
3036 744 3227 784 omnes
3258 746 3481 801 genera-

1913 829 2089 881 tiones
2125 829 2317 881 merito
2366 826 2652 881 laudantes
2687 834 2738 880 te
2774 841 2985 895 semper
3018 824 3233 878 beatam
3285 825 3479 893 praedi-

1912 927 2060 975 cant.

1917 1102 2002 1156 Ea:
2030 1118 2227 1156 canone
2253 1100 2537 1156 Dominica:
2565 1102 2808 1156 secunda!
2829 1110 2946 1168 post
2969 1102 3308 1168 Antipascha,
3342 1098 3480 1155 Son.

1986 1184 2196 1254 etaritur
2238 1174 2510 1226 mulierum
2541 1182 2805 1242 unguenta
2841 1173 3140 1242 ferentium,
3174 1183 3221 1225 et
3265 1170 3483 1240 Iosephi

1975 1253 2131 1313 justi.

1981 1352 2272 1421 Antiquam
2294 1351 2727 1407 maledictionem
2762 1351 2815 1405 in
2839 1360 2930 1406 tuo
2952 1357 3142 1406 ventre
3171 1352 3409 1416 solvens,
3444 1366 3479 1407 ο

1911 1446 2236 1510 veneranda,
2284 1445 2602 1515 germinasti
2647 1444 2807 1500 nobis
2842 1443 3272 1500 benedictionem
3320 1443 3479 1499 Chrio

1914 1546 2058 1591 slum
2112 1540 2349 1608 pariens.
2384 1538 2484 1593 Hic
2524 1538 2667 1593 enim
2715 1536 2859 1593 Deus
2884 1546 2987 1602 est,
3019 1546 3073 1593 et
3118 1552 3339 1593 carnem
3387 1551 3453 1607 ge

1911 1641 2039 1685 stat.

1979 1722 2138 1778 Beata
2200 1733 2253 1779 et
2304 1723 2631 1779 venerabilis
2674 1739 2740 1779 ex
2799 1723 2980 1779 radice
3029 1723 3203 1790 Jesse,
3253 1738 3319 1779 ex
3369 1736 3476 1792 qua

1913 1816 2085 1886 virga,
2106 1826 2159 1870 et
2178 1816 2274 1871 tlos
2301 1816 2557 1872 Christus
2579 1816 2878 1872 secundum
2897 1830 3115 1873 carnem
3136 1824 3351 1886 pr0pter
3377 1829 3478 1869 nos

1907 1910 2249 1979 germinavit.

298 2000 568 2068 Magnalia
601 2000 716 2071 (57)
748 2009 862 2067 tua,
884 2015 917 2056 ο
948 2000 1402 2064 incontaminata.
1431 2001 1556 2072 quis
1583 2002 1878 2069 praedicare
1914 1976 2187 2057 sumeiet?
2234 2001 2366 2070 Quis
2424 2003 2570 2059 dicat
2597 1976 2989 2073 terrigenarum
3047 2012 3107 2059 ut
3161 2001 3473 2059 Creatorem

227 2096 549 2166 conceperis
577 2095 952 2167 corruptionis
982 2111 1199 2169 expers,
1241 2097 1540 2151 solventem
1577 2097 1793 2153 vincula
1826 2099 2118 2154 multorum
2187 2100 2521 2155 criminum?
2581 2109 2758 2170 potest
2804 2098 2953 2154 enim
2993 2113 3334 2170 quaecunque
3357 2097 3475 2152 vult

228 2187 434 2241 facere.

242 2318 248 2331 .
314 2278 386 2331 Σὲ
410 2277 509 2348 τὴν
554 2278 781 2350 ἀσπόρῳ
840 2279 1034 2349 κυήσει
1074 2280 1415 2350 γεννήσασαν
1449 2280 1592 2352 ὑπὲρ
1636 2281 1800 2351 φύσιν

225 2370 321 2424 τὸν
344 2371 667 2426 καινίσαντα
695 2373 793 2444 τὴν
827 2374 992 2443 φύσιν
1018 2374 1252 2444 Χριστὸν
1279 2374 1372 2429 τὸν
1405 2374 1567 2446 μόνον
1592 2370 1801 2429 Δεσὴό-

223 2477 327 2530 την
347 2461 698 2531 ἀνυμνοῦμεν
721 2463 771 2514 οἱ
794 2462 996 2517 πιστοί.

295 2554 507 2621 Γαστρὶ
553 2554 926 2625 ἁγεωργήτως
979 2553 1289 2619 συνέλασες,
1346 2554 1510 2625 ἁγνὴ.
1544 2555 1642 2623 τῆς
1697 2554 1803 2624 ἀφ-

228 2642 461 2717 θαρσίας
496 2644 595 2698 τὸν
622 2644 817 2715 βότρυν
843 2644 919 2708 ὡς
966 2644 1232 2714 ἄμπελος,
1261 2646 1319 2712 ἐξ
1351 2639 1414 2699 οὗ
1462 2647 1557 2715 τῆς
1592 2646 1798 2700 ἀθανα-

227 2738 347 2801 σίας
373 2738 426 2791 οῑ
456 2739 675 2806 κρουνοὶ
702 2740 777 2802 ὡς
798 2733 945 2793 οἶνον
972 2741 1104 2807 ἡμῖν
1124 2740 1435 2811 πηγάζουσι
1458 2740 1557 2811 τὴν
1582 2740 1801 2795 αἰώνιον

226 2828 399 2900 ζωήν·
930 2899 933 2901 ,

306 2922 401 2976 Ἐν
423 2923 487 2993 τῇ
527 2921 728 2994 γαστρὶ
759 2939 875 2987 σου,
910 2923 1168 2993 ἄχραντε,
1207 2922 1325 2987 πῶς
1354 2908 1638 2995 ἑχῶρησας
1666 2925 1796 2996 βρέ-

225 3032 346 3083 φος.
407 3014 466 3068 δν
513 3016 778 3085 τρέμουσι
840 3016 1101 3086 δυνάμεις
1155 3017 1358 3070 αἰτῶν
1420 3019 1670 3087 ἀγγέλων
1722 3019 1797 3083 ὡς

225 3105 398 3173 Θεόνς
456 3107 505 3159 ει
553 3104 629 3178 μὴ
681 3107 756 3171 ὡς
804 3108 1105 3177 ὴῦουλήοη.
1145 3107 1221 3169 ὡς
1268 3105 1428 3174 οἶδεν,
1464 3112 1797 3179 ἐσκήνωσεν,

222 3198 435 3259 πάντας
458 3196 626 3248 θέλων
655 3198 825 3250 σῶσαι
847 3200 974 3262 τοὺς
1007 3199 1066 3264 ἐξ
1109 3199 1282 3269 Ἀδὰμ
1320 3204 1593 3268 γηγενεῖς,
1634 3202 1800 3266 λύσας

222 3288 314 3341 τὸν
379 3286 554 3357 ’Δδὰμ
602 3287 703 3356 τῆς
756 3288 895 3357 ἀρᾶς
949 3287 1165 3357 ἐκείνης
1227 3286 1328 3357 τῆς
1382 3287 1471 3342 διὰ
1542 3288 1797 3360 βρώσεως

223 3378 451 3451 πικρᾶς.

301 3561 398 3618 ἐν
426 3566 492 3634 τῇ
535 3564 734 3636 γαστρί
767 3581 883 3630 σου,
910 3564 1072 3637 ἁγνὴ,
1100 3566 1193 3620 τὸν
1214 3567 1440 3632 ἀείζωον
1482 3569 1645 3640 ἄρτον
1697 3589 1796 3640 φυ-

224 3652 461 3723 ραθέντα
511 3655 771 3726 ἀφὺρτως
833 3658 891 3709 ὲν
957 3659 1241 3728 φυράματι
1286 3659 1444 3729 ἡμῶν
1503 3660 1798 3733 ἐγέννησας

223 3748 512 3818 ἀτρέπτως
541 3748 638 3802 ἕνα
669 3748 903 3818 Χριστὸν
941 3748 1035 3802 τὸν
1090 3750 1222 3803 Θεὸν
1256 3751 1313 3803 ὲν
1369 3751 1492 3804 δυσὶ
1538 3755 1658 3817 ταῖς
1706 3754 1798 3806 οὺ-

224 3840 393 3902 σίαις.
470 3850 480 3860 '

291 3932 687 4002 Εὑφραινέσθω
729 3932 946 3998 Ἰεσσαὶ,
978 3933 1253 4006 χορευέτω
1289 3936 1383 3989 καὶ
1418 3937 1581 3992 Δαὸἰδ
1607 3954 1620 3969 ·
1668 3939 1798 3993 Ἰδοὺ

221 4024 330 4094 γὰρ
368 4027 405 4094 ἡ
434 4024 729 4095 Παρθένος,
777 4027 814 4096 ή
855 4025 1113 4094 Θεόφυτος
1161 4027 1356 4097 ῥάϐδος
1400 4028 1703 4102 ἐϐλάστησε
1736 4031 1797 4084 τὸ

220 4114 385 4179 ἄνθος
410 4115 503 4185 τὸν
535 4114 764 4180 ἀείζωον
783 4116 1041 4187 Χριστόν.

2317 2213 2335 2249 ι

1975 2281 2050 2337 Te
2084 2282 2306 2338 seminis
2348 2291 2570 2353 experte
2603 2292 2880 2352 conceptu
2917 2283 3134 2338 enixam
3178 2296 3343 2352 supra
3377 2296 3475 2337 na-

1905 2380 2081 2425 turam
2114 2387 2261 2437 eum,
2286 2372 2378 2441 qui
2410 2373 2690 2427 innovavit
2718 2382 2970 2427 naturam
2992 2371 3270 2429 Christum
3297 2370 3476 2428 solum

1903 2462 2193 2518 Dominum
2210 2463 2594 2534 'praedicamus
2625 2464 2837 2519 ﬁdeles.

1968 2554 2167 2612 Ventre
2216 2557 2334 2612 sine
2368 2557 2592 2615 cultoris
2643 2572 2810 2627 opera
2854 2556 3131 2612 Christum
3174 2556 3474 2627 concepisti

1911 2642 2338 2716 incurruptionis
2385 2646 2640 2715 botrum,
2689 2655 2749 2703 ut
2798 2647 2922 2702 vitis
2955 2662 2971 2700 :
3002 2661 3069 2722 e'x
3112 2662 3223 2716 quo
3257 2646 3477 2700 immor-

1908 2739 2133 2794 talitatis
2161 2740 2362 2805 l’ontes,
2406 2746 2464 2793 ut
2510 2740 2721 2806 vinum,
2749 2739 2909 2794 nobis
2950 2738 3184 2793 tundunt
3216 2746 3474 2793 aeternam

1908 2831 2097 2886 vitam.

1975 2924 2034 2976 In
2068 2932 2363 2991 tu0'ulero,
2388 2937 2422 2977 ο
2452 2922 2821 2989 immaculata,
2852 2923 3128 2992 quomodo
3156 2923 3474 2980 continuisti

1907 3014 2169 3070 infantem
2187 3015 2360 3081 illum,
2394 3031 2580 3086 quem,
2612 3024 2799 3085 utpote
2821 3016 3016 3080 Deum,
3045 3018 3303 3086 angelica:
3318 3026 3474 3087 pote-

1906 3118 2077 3163 states
2105 3108 2579 3163 contremiscunt?
2609 3108 2791 3175 Certe,
2821 3117 2881 3163 ut
2906 3111 3021 3178 ipse
3049 3109 3240 3173 voluit,
3274 3116 3333 3163 ut
3359 3108 3475 3177 ipse

1827 3180 1870 3239 (ἶ
1905 3199 2075 3265 novit,
2102 3200 2156 3252 in
2190 3214 2275 3253 me
2298 3199 2580 3267 habitavit,
2611 3200 2836 3269 cupiens
2864 3200 3075 3255 salvare
3095 3200 3379 3254 universus
3404 3214 3473 3253 ex

1904 3290 2075 3345 Adam
2126 3291 2291 3361 326
2334 3302 2648 3361 prognatos,
2699 3294 2792 3362 qui
2828 3292 3000 3346 Adam
3052 3294 3229 3362 ipsum
3282 3292 3350 3346 ab
3381 3291 3473 3347 illa

1905 3385 2284 3440 maledictione
2311 3385 2566 3453 absolvit,
2599 3400 2720 3457 quae
2748 3399 2814 3441 ex
2836 3400 3025 3441 amaro
3050 3386 3174 3441 cibo
3204 3398 3473 3455 provene-

1903 3485 2007 3532 rat.

1972 3570 2027 3624 In
2059 3579 2153 3624 tuo
2194 3582 2401 3632 ventre.
2446 3578 2617 3635 casta,
2647 3586 2864 3640 semper
2907 3571 3088 3624 vivum
3124 3585 3318 3639 panem
3355 3569 3474 3625 sine

1906 3662 2175 3717 fermento
2222 3664 2571 3717 commistum
2609 3678 2803 3717 massa:
2832 3671 3033 3717 nostrae
3076 3662 3333 3731 genuisti,
3367 3661 3473 3716 im-

1906 3753 2242 3807 mutabiliter
2286 3768 2455 3807 unum
2488 3753 2707 3819 Filium,
2751 3763 2804 3808 ct
2835 3752 3118 3808 Christum
3167 3754 3222 3808 in
3260 3754 3473 3809 duabus

1901 3847 2244 3901 substantiis.

1983 3938 2225 3992 Gaudeat
2248 3938 2428 4003 Jesse,
2455 3940 2654 3995 choros
2683 3950 2808 4011 agat
2835 3950 2890 3996 et
2918 3941 3087 3995 David
3125 3959 3137 3995 :
3169 3940 3305 3997 Ecce
3326 3940 3471 3996 enim

1900 4028 2066 4098 Virgo
2095 4030 2265 4083 divini
2298 4043 2449 4085 satus
2489 4032 2641 4101 virga
2671 4032 2999 4102 germinavit
3040 4031 3227 4087 ﬂorem
3259 4046 3473 4100 semper

1897 4123 2079 4176 vivum
2124 4122 2422 4176 Christum.

1408 4213 1495 4267 Ea:
1532 4232 1729 4271 canone
1757 4218 1903 4286 feria:
1932 4232 1992 4282 ιι,
2026 4218 2175 4274 hebd.
2211 4232 2295 4275 tu.

296 4297 498 4355 Vidisti
539 4300 820 4357 Christum
860 4318 925 4358 ex
970 4307 1208 4362 mortuis
1254 4316 1509 4362 exortum
1563 4307 1801 4365 iustitiae

222 4391 436 4457 Solem,
479 4392 593 4448 Deo
621 4395 955 4466 gratissima,
984 4412 1157 4469 quem,
1185 4413 1338 4469 roga,
1373 4406 1434 4453 ut
1464 4401 1709 4456 omnium
1745 4411 1799 4458 te

1906 4311 2243 4367 laudantium
2276 4313 2441 4370 corda
2465 4315 2754 4372 illuminet.

1984 4405 2314 4465 Sacerrimis
2350 4420 2401 4466 te
2422 4413 2649 4470 vocibus
2686 4414 2779 4472 Dei
2818 4415 3043 4472 Matrem
3083 4415 3469 4488 gloriﬁcamus.

299 4524 788 4615 tpﬁllnnteia‘lias
822 4527 1072 4615 Laudes,
1098 4530 1332 4615 quasi}.
1362 4530 1571 4615 Virgini
1618 4534 1799 4590 lauda-
1825 4553 1879 4614 υ
1904 4538 2045 4607 quod
2077 4555 2140 4615 οξ
2185 4539 2345 4615 Horis
2382 4542 2449 4615 B.
2474 4542 2716 4615 Virginis
2747 4548 3046 4602 secundum
3080 4562 3240 4602 usum
3272 4544 3473 4601 Roma-

217 4594 506 4650 bilissimze
544 4598 840 4653 attribuere
873 4594 1157 4665 debemus,
1196 4610 1256 4655 ut
1284 4602 1353 4655 ab
1383 4617 1446 4656 ea
1461 4594 1706 4660 'iavorcs
1741 4618 1793 4661 et

218 4666 430 4746 gratias
488 4678 872 4746 reponemus,
933 4671 1075 4725 haud
1124 4682 1410 4746 postrema
1459 4688 1579 4746 esse
1632 4678 1795 4732 debet

217 4736 712 4811 eju_s_lmmunitas
743 4756 772 4793 a
808 4752 1031 4810 peccato
1062 4736 1336 4811 originali.
1371 4740 1523 4799 Unde
1572 4745 1625 4801 in
1663 4746 1794 4802 Mis»

218 4806 321 4883 sati
355 4805 611 4883 _Romane
641 4805 867 4883 antiquo
899 4813 1038 4880 apud
1077 4805 1395 4883 Balingliem
1432 4816 1486 4869 in
1523 4816 1793 4872 Parnasso

217 4873 494 4945 Mariano,
526 4892 649 4948 pag.
680 4873 1132 4949 25,'canebatur;

574 4983 683 5054 Nos
708 5000 828 5054 ergo
865 4985 1008 5040 dulci
1035 4987 1267 5043 carmine

644 5052 942 5135 gaudemus
969 5060 1035 5135 in_
1052 5059 1151 5112 hac
1187 5060 1395 5135 irgine

646 5126 963 5196 Conceptum
989 5130 1099 5184 sine
1135 5126 1333 5191 nubilo.

575 5192 730 5267 Hanc
761 5192 1062 5267 conceptam
1085 5217 1149 5253 ea:
1168 5209 1369 5263 semine

653 5266 724 5345 ξι
752 5266 1001 5345 mundam
1038 5273 1101 5324 ab
1133 5276 1332 5345 origine

647 5337 850 5393 Laude!
874 5344 1071 5416 chorus
1102 5337 1428 5416 cum'julnlo,

582 5409 649 5466 Ut
680 5420 823 5463 mota
849 5412 995 5463 dulci
1020 5415 1231 5467 nwdulo

645 5481 757 5535 Nos
782 5493 942 5535 servet
974 5484 1029 5535 in
1059 5484 1153 5538 hoc
1178 5491 1371 5543 surculo

649 5552 873 5606 Mundos
905 5556 970 5607 ab
1010 5559 1152 5609 omni
1174 5560 1409 5616 crimine.

579 5622 649 5678 Ει
675 5626 727 5677 in
757 5625 940 5678 mortis
968 5626 1196 5682 articulo

644 5693 848 5765 Liberet
876 5713 907 5747 α
941 5698 1170 5765 periculo

650 5764 719 5818 Et
745 5764 947 5835 inferni
964 5771 1227 5838 voragine.

284 5851 358 5911 Et
392 5855 451 5911 in
481 5854 717 5927 quodam
742 5854 931 5909 Cilicio
948 5855 1015 5912 de
1034 5857 1385 5921 Immaculata
1400 5863 1791 5938 Conceptione,

545 5951 823 6014 PATROL.
870 5949 990 6014 Gn.
1041 5952 1161 6017 CV.

1905 4609 2213 4688 numaﬂjert
2247 4612 2388 4666 idem
2420 4609 2734 4688 Datinghem
2763 4616 2881 4673 loco
2905 4619 3070 4675 citato
3108 4633 3230 4688 pag.
3262 4619 3354 4684 54,
3385 4618 3471 4675 bis

1904 4682 2086 4737 verbis
2118 4681 2349 4752 Deipara
2376 4681 2719 4741 salutabatur
2747 4705 2761 4741 :

2254 4789 2383 4861 Ave.
2421 4789 2617 4861 Regina
2650 4794 2898 4849 caelorum

2324 4859 2473 4914 Inter
2492 4859 2668 4917 omnes
2693 4866 2975 4920 mitissima
2991 4885 3011 4922 :

2319 4930 2441 5005 ᾼιοε,
2460 4933 2615 4988 decus
2634 4936 2951 5005 Angelorum

2273 5012 2280 5021 '
2325 5001 2473 5055 Inter
2499 5021 2675 5058 omnes
2703 5001 3079 5073 pulcherrima,

2254 5073 2426 5148 Sintul
2447 5084 2495 5148 et
2518 5075 2967 5148 Archangelorum

2328 5145 2484 5218 ani
2516 5146 2674 5200 laude
2712 5145 3045 5218 dignissima.

2325 5214 2728 5287 Qum‘concepta
2763 5214 2814 5273 es
2846 5222 3095 5275 riliorum

2326 5287 2450 5340 Sine
2470 5290 2609 5351 labe,
2637 5291 2942 5356 purissima.

1975 5377 2089 5448 (37)
2129 5379 2263 5452 Cum
2305 5395 2466 5432 nemo
2519 5391 2676 5451 neget
2728 5397 2822 5452 per
2864 5383 3278 5452 appellationem
3315 5402 3335 5435 ‹
3388 5383 3475 5437 Ιη-

1904 5451 2286 5504 contaminant:
2336 5470 2353 5501 ι
2388 5452 2646 5506 amrmari
2678 5467 2706 5505 a
2742 5451 3002 5522 Joseplio.
3031 5464 3086 5509 et
3131 5455 3255 5509 aliis
3292 5455 3471 5509 Patri-

1907 5522 2006 5573 bus
2051 5521 2659 5595 puritatcm‘actualem
2710 5524 2779 5577 B.‘
2810 5521 3073 5595 Virginis.
3109 5526 3182 5579 ita
3224 5534 3287 5578 ut
3332 5542 3467 5579 nun-

1902 5607 2065 5658 quam
2123 5591 2203 5644 vel
2260 5591 2459 5646 veniali
2502 5594 2661 5662 culpa
2718 5595 2882 5649 fuerit
2913 5591 3178 5661 'infecta;
3232 5610 3331 5649 cur
3361 5611 3470 5649 non

1903 5662 2065 5715 etiam
2116 5662 2453 5731 signiﬁcetur
2503 5666 2710 5731 put-itas
2761 5665 3071 5732 originalis,
3122 5680 3247 5721 cum
3299 5666 3473 5720 multo

1903 5732 2024 5856 pluls
2057 5734 2415 5837 9contaminet
2468 5734 2731 5806 originale
2781 5744 3106 5806 peccatum,
3160 5752 3327 5808 quam
3381 5750 3475 5793 Ve-

1903 5817 1988 5856 nia
2012 5817 2040 5856 e
2060 5842 2073 5856 .

1901 5817 2040 5857 male
2060 5817 2073 5856 Ξ

3035 5973 3112 6035 [ιδ
