4180 6450
692 390 825 458 138Ἶ

1806 380 1866 439 S.
1906 373 2215 437 JOSEPHI
2250 365 2801 430 HYMNOGRAPIII

3780 365 3919 426 1588

692 514 748 556 ut
781 508 1029 571 superius
1056 496 1343 553 ordinibus
1379 491 1663 547 manifeste
1697 490 2045 553 sanctiorem,
2078 497 2130 541 et
2163 486 2247 538 di—
2282 493 2323 547 Α
2352 491 2405 536 et
2437 480 2902 571 perturbationum
2946 476 3203 571 procella,
3240 486 3291 530 et
3323 475 3557 533 tenebris
3598 477 3920 547 laqueisque

689 596 872 647 vinum
908 602 1122 661 pontem
1168 587 1623 643 transmittentem
1654 583 1911 639 mortales
1954 580 2019 635 ad
2059 595 2249 650 super-

691 685 995 739 muudanos
1021 684 1249 745 choros,

753 774 917 829 Lucis
959 774 1190 843 geniti-ix
1219 771 1405 842 Virgo,
1433 770 1613 823 divina
1647 777 1736 820 tua
1772 766 1890 820 luce
1921 765 2131 818 illustra
2166 776 2255 816 co—

694 868 988 937 gitationes
1042 875 1255 919 nostras
1283 874 1337 918 et
1380 864 1543 918 corda
1579 881 1592 915 :
1630 857 2115 913 intercessionibus
2148 855 2255 908 luis

693 960 1160 1028 perturbationum
1203 957 1485 1024 caliginem
1519 953 1813 1021 dissipans,
1844 959 1897 1002 et
1935 962 2124 1003 omnes
2164 962 2256 1015 per

696 1051 924 1121 gratiam
958 1050 1254 1119 participes
1287 1048 1493 1102 faciens
1524 1044 1631 1099 diei
1660 1056 1885 1112 vespere
1922 1040 2182 1096 carentis.

1031 1175 1115 1231 Ex
1146 1193 1337 1229 canone
1366 1176 1511 1244 ferire
1540 1189 1625 1236 ιιι,
1674 1171 1829 1227 hebd.
1861 1185 1941 1224 ιιι.

772 1289 968 1343 Omnia
1009 1287 1378 1343 continentem
1430 1280 1744 1350 concepisti,
1779 1278 2121 1332 immaculata
2155 1275 2260 1330 Do-

697 1383 863 1436 mina.
888 1380 1021 1433 Eum
1048 1377 1139 1448 qui
1170 1378 1425 1433 contrivit
1455 1384 1638 1444 portas
1662 1370 1843 1435 inferi,
1876 1378 1927 1425 et
1951 1368 2044 1439 qui
2072 1384 2259 1422 resur-

700 1476 858 1537 rexit,
894 1475 1035 1527 sicut
1061 1472 1291 1534 dixerat,
1324 1471 1411 1525 die
1437 1470 1621 1523 tertio.

768 1565 845 1619 Tu
881 1581 939 1618 es
961 1564 1204 1619 omnium
1242 1564 1348 1617 vita
1384 1580 1396 1615 :
1431 1570 1484 1615 tu
1510 1563 1775 1625 vivorum,
1807 1568 1859 1614 et
1898 1565 2260 1620 mortuorum,

698 1657 1021 1719 consolatio,
1053 1672 1085 1709 ο
1118 1654 1371 1719 Verbum,
1395 1654 1676 1725 gaudium,
1704 1661 1756 1705 et
1782 1652 2123 1715 illuminatio,
2144 1666 2263 1720 qua:

698 1748 949 1802 effulsisti
994 1764 1059 1801 ex
1094 1745 1337 1815 Virgine,
1371 1756 1424 1800 et
1460 1746 1545 1800 die
1603 1746 1759 1800 tertia
1806 1743 2074 1814 gloriosus
2108 1758 2138 1797 e
2178 1758 2263 1797 se-

699 1843 888 1911 pulcro
919 1840 1284 1894 resurrexisti.

774 1934 902 1989 Viso
931 1949 959 1988 e
986 1934 1218 1987 mortuis
1245 1940 1579 2003 resurgente,
1604 1930 1855 1999 Deipara,
1890 1940 1983 1984 tuo
2016 1928 2173 1991 Filio,
2210 1940 2265 1983 et

704 2025 834 2090 Deo,
865 2027 1069 2096 repleta
1113 2040 1172 2081 es
1221 2026 1416 2094 gaudio
1464 2024 1642 2092 gaudii
1682 2024 1982 2091 laetitiaeque
2018 2023 2259 2075 omnium

701 2133 885 2171 causa.
948 2116 1242 2187 Propterea
1284 2115 1443 2185 327
1492 2126 1543 2167 te
1576 2114 1816 2168 iactanter
1865 2113 2043 2168 omnis
2084 2112 2263 2167 anima

702 2209 962 2273 celebrat,
988 2218 1041 2263 et
1074 2207 1339 2276 glorificat
1368 2221 1600 2275 semper,
1631 2221 1664 2259 o
1700 2205 1876 2272 Virgo.

1038 2315 1120 2369 Ex
1155 2331 1354 2368 canone
1385 2315 1533 2383 feriae
1570 2329 1641 2377 tv,
1678 2313 1827 2369 liebd.
1856 2329 1929 2368 tv.

773 2427 997 2481 Gladius
1028 2426 1263 2479 animam
1304 2436 1471 2491 tuam,
1519 2424 1678 2493 Virgo
1731 2422 2097 2486 immaculata,
2146 2438 2267 2491 per-

705 2520 937 2583 transiit,
998 2518 1216 2587 quando
1252 2516 1528 2571 Christum
1574 2518 1721 2571 cruci
1773 2516 1988 2569 affixum
2046 2515 2264 2570 vidisti:

709 2612 1007 2667 lixsultasti
1030 2623 1212 2665 autem
1239 2609 1487 2664 eumdem
1519 2624 1549 2665 e
1569 2609 1819 2679 sepulcro
1840 2609 2150 2677 conspicata
2181 2623 2269 2662 re-

710 2706 972 2760 divivum.

779 2794 857 2848 Te
892 2792 1230 2863 splendidam
1265 2791 1463 2846 nubem
1489 2790 1786 2859 spiritualis
1815 2787 1966 2851 solis,
2002 2785 2111 2841 Deo
2146 2800 2272 2853 gra-

708 2888 943 2950 tissima,
984 2884 1269 2940 laudantes
1320 2884 1699 2953 praedicamus.
1738 2881 1915 2935 Corda
1942 2887 2121 2932 nostra
2154 2876 2274 2929 illii-

710 2981 877 3043 rnina,
921 2978 1174 3033 tenebras
1212 2992 1243 3032 e
1284 2976 1498 3030 cunctis
1520 2973 1793 3043 expellens
1835 2969 2193 3041 negligentiae,
2218 2973 2273 3020 et

709 3072 1201 3141 perturbationum,
1226 3084 1258 3122 ο
1290 3067 1381 3121 Dei
1414 3068 1643 3136 Sponsa.

779 3162 824 3217 Ο
878 3163 1107 3216 maculae
1146 3162 1306 3230 plane
1340 3160 1521 3214 omnis
1555 3173 1748 3227 expers
1800 3157 1936 3226 (58),
1981 3169 2109 3225 roga
2154 3153 2273 3207 sine

708 3253 1119 3309 intermissione
1142 3252 1419 3306 Christum
1442 3250 1608 3304 Deum
1624 3261 1891 3311 nostrum,
1913 3257 1972 3302 ut
1999 3262 2091 3301 eos
2107 3246 2198 3316 qui
2218 3254 2270 3299 te
2296 3234 2340 3293 C

707 3364 921 3418 semper
960 3348 1173 3401 beatam
1218 3345 1533 3414 praedicant,
1568 3344 1760 3397 liberet
1800 3357 1831 3397 e
1880 3343 2266 3404 teutationum,

782 3504 896 3572 (58)
939 3501 1226 3572 Deiparam
1280 3497 1549 3572 Virginem
1600 3496 1844 3572 Mariam,
1890 3497 2067 3572 omnis
2111 3497 2273 3565 plane

709 3567 957 3635 maculae,
998 3567 1158 3622 etiam
1207 3569 1495 3622 levissimze
1524 3567 1746 3634 fpeccati
1782 3568 2029 3630 actualis,
2062 3583 2273 3634 semper

712 3653 988 3711 expertem
1030 3640 1229 3711 fuisse,
1279 3648 1433 3711 extra
1486 3640 1906 3711 controversiam
1950 3648 2032 3689 est
2059 3640 2273 3711 ivalde

712 3705 855 3768 enim
886 3710 1062 3763 decuit
1091 3720 1147 3763 ut
1177 3710 1286 3771 illa,
1320 3709 1406 3759 cui
1442 3716 1586 3757 tanta
1618 3722 1739 3757 cum
1772 3707 1988 3757 Christo
2020 3705 2269 3769 aﬂii'iitas,

714 3795 768 3839 et
803 3780 1114 3850 conjunctio
1151 3778 1269 3837 fuit,
1312 3778 1459 3850 nullo
1497 3792 1731 3850 utiquam
1785 3776 2013 3850 actualis
2064 3777 2269 3843 pecmti

715 3844 1164 3909 etiam'venialis
1240 3847 1450 3900 macula
1518 3844 1679 3897 fuerit
1741 3846 2149 3908 contaminata,
2217 3855 2276 3900 ut

717 3924 925 3991 optime
966 3925 1377 3991 argumentatus
1411 3925 1516 3991 _est
1551 3914 1612 3966 D.
1644 3914 1967 3991 _Th_0i_nas_5,
2007 3929 2055 3982 p.
2086 3929 2139 3982 q.
2180 3914 2272 3978 27,

717 3983 771 4047 αξ
804 3994 856 4045 4.
892 3983 1286 4056 Ειέςυί)εἰρθιέι
1314 3985 1687 4056 multomagis
1708 3983 1864 4056 debet
1895 3984 2060 4037 fuisse
2082 4000 2275 4056 expers

717 4079 748 4116 a
781 4053 994 4115 macula
1038 4053 1238 4126 peccati
1275 4054 1573 4126 originalis,
1611 4053 2273 4126 cuin_longe_magistle-

718 4133 910 4186 deceat
941 4122 1289 4181 Dei-Matrem
1327 4122 1536 4177 macula
1567 4124 1834 4183 mortalis.
1870 4122 2171 4189 cuiusmodi
2198 4134 2278 4179 est

720 4210 1002 4273 peccatum
1039 4196 1285 4273 originis,
1314 4209 1477 4273 quam
1512 4192 1721 4273 macula
1765 4194 2169 4273 venialis,‘qua
2200 4206 2279 4249 ta—

722 4264 880 4326 inetsi
933 4277 1016 4321 est
1058 4266 1357 4319 voluntaria
1400 4266 1529 4333 (non
1562 4267 1692 4333 jtctn
1744 4264 2278 4333 originalis),tamen

724 4339 951 4396 levicula
991 4346 1094 4401 est,
1127 4350 1226 4387 nec
1266 4331 1537 4387 hominem
1588 4348 1615 4384 a
1648 4332 1756 4385 Deo
1794 4334 2009 4386 alienat.
2057 4331 2283 4387 Praeter.

724 4427 889 4481 quam
920 4408 1061 4481 quod
1108 4422 1174 4481 ex
1221 4406 1568 4481 immunitate
1616 4406 1842 4481 macula:
1884 4404 2123 4481 cujusvis
2154 4421 2278 4481 pec-

723 4474 828 4535 éa’ti
856 4474 1082 4533 act’ualis
1131 4477 1182 4527 iu
1221 4474 1472 4541 Deipara,
1506 4482 1650 4526 recte
1695 4474 1923 4526 infertur
1963 4475 2280 4529 immuoitas

721 4567 756 4605 ι
807 4550 1016 4621 macula
1078 4544 1284 4621 peccati
1329 4544 1628 4621 originalis,
1674 4558 1739 4597 ex
1808 4546 2287 4621 doctrinahmagui

726 4622 901 4676 Patris
954 4615 1265 4685 Augustini,
1318 4628 1455 4681 quat,
1486 4614 1588 4665 fert
1633 4624 1850 4685 peccata
1900 4614 2131 4667 artualia
2169 4630 2291 4668 esse

726 4693 962 4746 infelicia
1021 4683 1262 4755 germina
1329 4686 1531 4751 peccati
1590 4683 1904 4755 originalis,
1958 4686 2030 4736 ita
2081 4693 2137 4737 ut
2181 4686 2290 4738 ubi-

726 4777 945 4830 cunque
993 4751 1274 4830 peccatum
1338 4757 1550 4830 actuale
1608 4751 2291 4830 invenitur,praecesserit.

726 4824 1011 4901 originale,
1043 4826 1338 4901 ubiuautem
1365 4824 1524 4901 nulla:
1548 4840 1801 4901 unquam
1817 4824 2005 4901 sordes
2036 4825 2286 4901 a_ct_ual_is,

729 4893 919 4958 salivem
970 4896 1232 4959 veniatis,
1290 4894 1652 4961 reperiuntur,
1709 4893 1944 4956 defuerit
2001 4894 2283 4962 originale.

730 4975 804 5027 lta
835 4972 979 5026 enim
1013 4967 1256 5036 loquitur
1284 4964 1638 5034 Augustinus,
1683 4964 1782 5017 lib.
1821 4980 1853 5016 v
1891 4973 2073 5017 contra
2108 4962 2289 5016 Julia-

731 5060 856 5098 num
887 5057 936 5095 c.
963 5044 1030 5096 9:
1070 5057 1086 5089 ι
1135 5036 1268 5090 Illud
1298 5050 1428 5088 sane
1464 5050 1715 5102 magnum
1750 5049 2044 5103 verumque
2084 5036 2285 5100 dixisti,

732 5130 860 5170 eum
928 5112 1203 5181 posuisses
1251 5106 1621 5181 testimonium
1668 5104 1924 5181 AApostoli
1987 5104 2217 5181 dicentis

732 5188 832 5251 Qui
862 5175 1131 5252 peccatum
1166 5194 1265 5252 non
1296 5177 1771 5252 fecit_.°_tiotapduiii
1803 5175 2120 5252 esse,_quod
2140 5175 2287 5252 judi-

732 5245 939 5311 cave'rit
996 5251 1292 5320 Apostolus
1347 5245 1592 5301 sufﬁcere
1648 5247 1715 5299 ad
1783 5245 2187 5320 ostendendum
2232 5247 2286 5300 in

728 5327 950 5381 Christo
980 5315 1184 5376 nullum
1222 5318 1392 5373 fuisse
1421 5326 1721 5385 peccatum,
1760 5318 1884 5384 quia
1914 5316 2049 5369 dixit
2079 5315 2284 5368 nullum

735 5416 857 5455 eum
888 5395 1081 5449 fecisse
1107 5400 1407 5458 peccatum.
1444 5388 1510 5441 Ut
1541 5388 1776 5451 doceret,
1810 5387 2011 5455 inquis,
2040 5386 2163 5458 quia
2195 5386 2285 5452 qui

734 5486 845 5527 non
888 5468 1033 5529 fecit,
1070 5456 1267 5515 habere
1302 5475 1409 5513 nou
1445 5460 1641 5528 petuit,
1682 5459 1906 5510 omnino
1942 5456 2284 5529 verissimum

733 5553 840 5598 est.
870 5526 1120 5591 Profecto
1146 5532 1289 5585 enim
1322 5526 1603 5599 peccatum
1630 5530 1790 5582 etiam
1833 5529 2009 5596 major
2045 5526 2282 5599 fecisset.

736 5597 783 5668 si
830 5606 1089 5680 parvulus
1120 5597 1420 5680 habuisset.
1468 5599 1625 5680 Nam.
1656 5606 1938 5667 prepterea
1980 5597 2159 5680 nullus
2205 5606 2287 5676 est

738 5658 1046 5739 bominum,
1082 5658 1293 5745 praeter”
1318 5671 1512 5739 ipsum,
1543 5672 1629 5739 qui
1656 5658 1937 5745 pec-catum
1962 5684 2068 5721 non
2101 5666 2287 5745 fecerit

738 5737 1043 5822 grandioris
1084 5737 1263 5822 aetatis
1316 5737 1571 5821 accessu,
1598 5746 1721 5808 quia
1765 5739 1940 5792 nullus
1988 5746 2070 5822 est
2110 5737 2284 5822 ξιοιιιιῖ

737 5808 890 5889 num,
940 5828 1131 5892 praeter
1178 5816 1376 5883 ipsum,
1420 5815 1509 5881 qui
1558 5822 1835 5880 plusculum
1886 5826 1989 5861 mm
2035 5808 2285 5863 ὴίὼυριιίι

2357 574 2615 628 insidiose
2644 568 2910 640 perplexis
2942 568 3165 622 diaboli.

2431 666 2692 717 Sanctum
2724 669 3038 715 sanctorum
3073 674 3235 727 supra
3261 659 3454 714 mentis
3480 666 3697 727 captum
3732 657 3918 728 genui-

2357 762 2448 818 sti,
2484 768 2516 807 ο
2543 753 2788 819 Dcipara,
2812 750 2904 819 qui
2932 750 3435 810 sanctilicationcm,
3466 750 3922 817 redemptionem,

2356 857 2407 899 et
2440 843 2813 899 remissionem
2850 851 3193 910 peccatorum
3231 840 3499 901 ﬁdelibus,
3533 839 3606 893 Te
3632 839 3924 903 mediante,

2360 939 2627 1001 concedit,
2658 938 2750 1004 qui
2790 936 2934 989 illius
2957 934 3411 988 resurrectionem
3443 932 3766 1002 glorificant.

2721 1044 2805 1099 Ea:
2825 1062 3020 1099 canone
3043 1046 3187 1114 ferite
3205 1060 3257 1103 v,
3287 1043 3438 1100 Iiebd.
3471 1060 3551 1097 ιιι.

2429 1137 2634 1192 Luctus
2663 1138 2779 1201 tibi,
2823 1136 3171 1190 immaculata
3204 1134 3391 1204 Virgo,
3424 1148 3723 1188 conversus
3756 1142 3842 1188 est
3869 1133 3926 1187 in

2360 1229 2643 1299 gaudium.
2676 1229 2896 1298 quando
2928 1228 3108 1281 vidisti
3142 1237 3290 1281 tuum
3314 1226 3531 1290 Filium,
3556 1234 3609 1279 et
3640 1225 3926 1278 Dominum

2360 1321 2636 1375 Christum
2669 1336 2699 1375 e
2728 1319 2957 1374 mortuis
2980 1319 3069 1373 die
3092 1318 3248 1372 tertia
3274 1317 3507 1388 gloriose
3530 1326 3928 1387 resurgentem,

2365 1422 2419 1467 et
2448 1411 2711 1465 mundum
2747 1410 3165 1464 illuminantem.

2432 1501 2744 1571 Apparuisli
2783 1502 3039 1569 capacior
3070 1499 3245 1561 cadis,
3278 1512 3311 1552 o
3358 1498 3543 1567 Virgo,
3584 1497 3749 1551 Deum
3777 1510 3934 1551 com-

2362 1596 2538 1665 plexa,
2567 1594 2657 1663 qui
2692 1594 2794 1648 sub
2828 1602 2972 1647 terra
3004 1590 3164 1646 condi
3193 1590 3553 1654 sustinuerat,
3586 1597 3640 1643 et
3674 1589 3808 1641 mira
3834 1587 3933 1641 bo-

2363 1686 2531 1739 nitate
2559 1693 2728 1739 morte
2770 1684 2992 1753 propria
3026 1681 3489 1737 immortalitatem
3531 1680 3787 1734 omnibus
3821 1679 3931 1731 lar-

2364 1776 2505 1840 gitus
2540 1775 2734 1840 fuerat,
2774 1789 2937 1843 quem
2970 1774 3059 1844 pie
3091 1773 3459 1844 glorificantes
3498 1783 3568 1839 te,
3604 1782 3663 1827 ut
3698 1787 3798 1842 par
3820 1778 3931 1836 est,

2292 1845 2334 1899 Β
2364 1867 2578 1920 beatam
2611 1866 2969 1935 appellamus.

2542 1959 2711 2028 328
2744 1957 2826 2011 Ea:
2859 1974 3057 2011 canone
3094 1959 3151 2010 in
3182 1955 3470 2011 Parasceve
3496 1956 3647 2010 liebd.
3678 1970 3763 2010 ιιι.

2422 2066 2711 2121 Sanctifica
2726 2066 2884 2121 corda
2903 2065 3454 2132 nostra,sanctissima
3470 2065 3561 2119 Dei
3581 2078 3777 2133 sponsa
3793 2063 3930 2133 (59),

2366 2174 2487 2228 qua
2524 2158 2705 2212 vidisti
2746 2158 3157 2211 sanctissimum
3204 2157 3368 2211 Deum
3397 2155 3659 2219 Verbum,
3691 2171 3722 2210 e
3758 2164 3935 2209 morte

2367 2260 2761 2319 resurgentem,
2788 2259 2838 2305 et
2862 2251 2915 2303 in
2948 2249 3134 2304 latitia
3153 2249 3399 2305 claniasti
3422 2247 3646 2303 :Orunis
3674 2248 3935 2303 substan—

2367 2342 2441 2394 tia
2464 2341 2643 2395 laudet
2674 2341 2984 2396 Dominum.

2434 2434 2770 2502 Apparuisti,
2800 2433 2966 2504 Virgo
3002 2433 3188 2499 Mater,
3232 2442 3429 2489 aurora
3467 2434 3610 2489 Solis
3642 2431 3877 2489 Iustitia:
3907 2450 3923 2485 :

2372 2541 2534 2594 quem
2595 2540 2717 2580 cum
2776 2527 3011 2582 vidisses
3052 2527 3350 2581 excitatum
3397 2542 3429 2581 e
3481 2528 3735 2587 mortuis.
3789 2527 3939 2581 sicut

2370 2618 2604 2679 dixerat,
2632 2627 2685 2669 et
2711 2616 2975 2670 mundum
3005 2625 3179 2671 totum
3227 2619 3612 2681 illustrantem,
3637 2617 3823 2688 gavisa
3850 2631 3935 2683 es,

2372 2722 2407 2758 ο
2430 2718 2637 2772 sancta,
2671 2708 2895 2763 laudans
2916 2709 3066 2763 illum
3093 2719 3153 2763 ut
3180 2709 3495 2779 benignum.

2440 2798 2645 2854 Praeter
2674 2810 2883 2855 naturae
2925 2801 3096 2870 legem
3134 2801 3391 2870 peperisti
3430 2800 3775 2856 ineffabiliter
3800 2799 3911 2855 Ver

2378 2891 2507 2945 bum
2542 2892 2738 2957 Deum;
2772 2891 2942 2958 Quem
2987 2893 3278 2961 impiorum
3307 2893 3562 2956 consilio,
3592 2892 3821 2946 Domina
3854 2892 3943 2945 in—

2374 2982 2764 3051 culpatissima,
2804 2981 3147 3047 crucifixum,
3186 2983 3480 3051 sepultum,
3525 2993 3580 3037 et
3632 2996 3936 3050 resurgen-

2377 3081 2483 3126 tem
2519 3087 2549 3126 e
2593 3074 2829 3127 mortuis
2863 3082 2924 3125 ut
2974 3073 3182 3135 vidisti,
3224 3074 3427 3141 repleta
3465 3087 3525 3128 es
3558 3071 3780 3142 gaudio,
3812 3085 3943 3126 eum

2377 3178 2475 3233 pro
2509 3164 2664 3218 nobis
2697 3177 2894 3231 rogans
2919 3163 3266 3216 laudantibus
3297 3172 3373 3218 te.

2679 3254 2762 3307 Ea:
2795 3271 2991 3309 canone
3020 3257 3074 3307 in
3099 3253 3331 3308 Sabbato
3362 3256 3514 3310 hebd.
3544 3270 3625 3309 ttt.

2429 3345 2667 3401 Puerum
2709 3345 2967 3415 peperisti
2999 3354 3057 3401 tu
3087 3345 3330 3415 quidem,
3356 3346 3451 3401 sed
3496 3345 3657 3415 Virgo
3680 3358 3943 3416 perman-

2379 3498 2644 3554 iufantilis
2686 3498 2861 3555 aetatis
2917 3512 3132 3554 exortu.
3175 3519 3193 3552 ι
3229 3500 3323 3555 Sic
3366 3501 3478 3557 ille.
3522 3501 3599 3555 Ex
3641 3501 3802 3569 cujus
3844 3501 3946 3555 do-

2377 3571 2551 3641 ctrina
2596 3571 2763 3637 liquet
2816 3582 3094 3638 peccatum
3138 3571 3367 3640 originis
3413 3571 3941 3641 subsequentiahaf

2380 3639 2504 3692 bere
2556 3650 2772 3705 peccata
2836 3643 3088 3703 actualia,
3146 3650 3201 3694 et
3229 3638 3287 3695 ’θ
3333 3638 3611 3696 contrarid
3652 3643 3703 3693 in
3744 3638 3940 3693 Adami

2380 3711 2633 3777 posteris,
2669 3710 2758 3762 ubi
2811 3710 2972 3763 nulla:
3020 3711 3367 3777 reperiuntur
3399 3711 3642 3765 actuales
3681 3710 3937 3771 maculas,

2381 3794 2488 3831 non
2540 3780 2900 3833 antecessisse
2937 3780 3277 3846 originalem.
3307 3781 3440 3833 Cum
3485 3783 3648 3848 igitur
3677 3778 3736 3832 Β.
3780 3779 3942 3845 Virgo

2381 3850 2606 3901 maculae
2653 3849 2891 3915 cujusvis
2947 3850 3152 3917 peccati
3219 3850 3448 3904 actualis
3508 3864 3722 3917 semper
3780 3848 3944 3901 fuerit

2381 3917 2539 3984 plane
2566 3933 2777 3985 expers,
2798 3921 3042 3985 sequitur
3069 3918 3371 3982 manifeste,
3405 3921 3547 3987 quod
3581 3918 3743 3973 fuerit
3775 3918 3942 3972 etiam

2384 3987 2539 4057 plane
2568 4002 2761 4056 expers
2798 3988 3020 4042 maculae
3051 3990 3255 4055 peccati
3292 3990 3598 4057 originalis.

2456 4056 2566 4125 (59)
2592 4061 2766 4126 Atque
2787 4057 2987 4111 idcirco
3009 4058 3126 4111 sine
3146 4056 3403 4128 originali
3422 4066 3638 4126 peccato
3654 4068 3937 4128 concepta.

2384 4125 2516 4179 Nam
2556 4136 2615 4179 ut
2656 4125 2831 4196 inquit
2868 4125 3253 4182 Bernardiuusv
3286 4127 3353 4181 de
3398 4125 3563 4183 Busto
3624 4128 3675 4180 in
3724 4126 3945 4180 Μαι-ἱαιί

2385 4212 2548 4249 serm.
2578 4196 2642 4261 ’7,-
2663 4197 2727 4249 de
2758 4197 3001 4262 Concept.
3038 4206 3190 4265 parte
3224 4212 3286 4260 ll,
3318 4217 3336 4249 ι
3370 4196 3575 4251 Decens
3607 4196 3708 4251 fuit
3736 4206 3786 4250 et
3811 4211 3944 4250 con-

2386 4280 2581 4319 sonum
2608 4269 2825 4329 rationi,
2864 4276 2921 4319 ut
2947 4265 3155 4334 Sponsa
3183 4268 3484 4322 castissima
3516 4268 3631 4330 Dei,
3661 4280 3940 4335 nunquam

2386 4346 2595 4389 careret
2642 4338 2814 4406 gratia
2851 4339 2934 4389 sui
2979 4337 3196 4405 Sponsi,
3243 4340 3335 4391 sed
3370 4346 3583 4406 semper
3624 4338 3946 4406 iungeretur

2387 4407 2464 4459 illi
2513 4406 2723 4471 glutino
2764 4407 3064 4471 charitatis,
3098 4407 3264 4476 itaut
3313 4423 3411 4460 nec
3440 4409 3659 4476 quidem
3691 4422 3787 4475 per
3826 4422 3947 4460 mo—

2392 4484 2628 4529 mentum
2668 4479 2809 4531 inter
2842 4478 3040 4545 ipsam,
3071 4489 3125 4530 et
3167 4475 3773 4544 Sponsum'inimicitia
3812 4490 3947 4529 con-

2393 4546 2714 4608 traheretur,
2752 4562 2849 4600 nec
2890 4545 3184 4600 divortium
3212 4550 3382 4600 tieret.
3415 4547 3471 4600 Si
3511 4558 3692 4601 autem
3732 4548 3788 4598 in
3824 4560 3949 4611 pec-

2391 4616 2812 4687 catoﬂoriginali
2862 4615 3058 4687 fuisset
3108 4615 3399 4671 Benedicta
3452 4614 3613 4687 Virgo
3656 4628 3943 4687 concepta,

2390 4701 2487 4754 pro
2531 4686 2772 4739 illotunc
2811 4702 2915 4739 non
2953 4686 3146 4740 fuisset
3188 4687 3309 4753 ejus
3338 4686 3659 4749 antica,’sed
3699 4686 3944 4750 inimica,

2389 4765 2443 4809 et
2474 4772 2503 4809 a
2536 4755 2746 4825 Sponso
2775 4771 2874 4810 suo
2896 4756 3221 4821 divertisset,
3248 4767 3302 4811 et
3332 4766 3576 4824 separata
3608 4755 3821 4809 fuisset.
3842 4758 3949 4813 Sed

2394 4827 2537 4879 inter
2568 4829 2761 4895 ipsam,
2794 4836 2846 4881 et
2884 4826 3052 4879 Deum
3109 4842 3323 4895 semper
3360 4825 3463 4880 fuit
3501 4826 3827 4895 amicitiaet
3862 4829 3949 4881 di-

2391 4894 2764 4949 lectioJUnde
2820 4897 2936 4965 ipsa
2995 4896 3171 4963 inquit
3221 4894 3378 4951 Cant.
3423 4912 3476 4950 vi
3528 4894 3691 4962 :Ego
3744 4894 3951 4950 Dilecto

2390 4981 2523 5029 meo,
2555 4975 2603 5018 et
2633 4966 2862 5018 Dilectus
2895 4982 3035 5018 meus
3067 4966 3219 5030 mihi,
3246 4967 3453 5020 scilicet
3483 4967 3811 5031 coniunctus
3841 4977 3945 5032 est,

2389 5044 2443 5087 et
2474 5051 2685 5104 semper
2719 5035 2820 5089 fuit
2851 5041 3053 5088 unitus.
3092 5036 3234 5101 Ergo
3264 5038 3382 5091 sine
3413 5048 3638 5105 peccato
3684 5048 3949 5105 concepta

2274 5128 2284 5159 :
2323 5116 2329 5124 ‘
2392 5106 2509 5159 fuit.
2550 5122 2569 5155 ι
2612 5105 2703 5160 Sic
2737 5106 2955 5161 Bustus.
2980 5105 3114 5160 Hinc
3155 5107 3211 5160 ὃ.
3247 5106 3440 5161 Petrus
3470 5105 3841 5174 Chrysologus
3892 5108 3946 5161 in

2389 5190 2553 5229 serm.
2606 5176 2669 5229 de
2723 5180 2933 5230 Annua.
2978 5193 3031 5229 η.
3071 5176 3195 5238 HO,
3245 5178 3383 5231 dixit
3433 5194 3445 5230 :
3504 5195 3524 5225 ι
3581 5176 3827 5231 Pervolat
3879 5179 3949 5230 ad

2389 5246 2654 5314 Sponsam
2702 5245 2933 5300 festinus
2960 5248 3258 5315 interpres,
3303 5256 3359 5301 ut
3394 5261 3424 5299 a
3470 5244 3562 5300 Dei
3597 5244 3810 5315 Sponsa
3843 5246 3951 5299 hu-

2388 5306 2561 5369 manae
2617 5306 3054 5385 desponsatidnis
3112 5306 3313 5378 arceat,
3361 5326 3414 5369 et
3467 5306 3765 5385 suspendat
3812 5316 3950 5370 atre—

2387 5398 2533 5439 ctum
2569 5405 2581 5440 :
2616 5402 2788 5455 neque
2836 5386 3046 5439 auferat
3085 5402 3112 5440 a
3152 5386 3209 5441 S.
3240 5387 3476 5456 Josepho
3523 5386 3821 5457 Virginem,
3852 5388 3945 5440 sed

2388 5458 2576 5527 reddat
2636 5458 2875 5527 Christo,
2920 5457 3006 5511 cui
3046 5467 3129 5511 est
3174 5459 3226 5511 in
3281 5467 3435 5511 utero
3496 5458 3775 5527 pignerata
3818 5473 3946 5512 cum

2387 5526 2559 5579 fieret.
2611 5545 2629 5577 ι
2680 5526 2887 5592 Quibus
2928 5529 3108 5581 verbis
3154 5544 3261 5597 non
3305 5528 3480 5582 solum
3529 5526 3806 5597 supponit,
3852 5527 3947 5581 sed

2386 5598 2548 5668 etiam
2607 5612 2861 5662 expresse
2911 5598 3108 5658 fatetur
3161 5596 3433 5668 Virginem
3515 5596 3613 5652 Dei,
3676 5598 3946 5667 Spousmu

2386 5667 2628 5719 caruisse
2660 5679 2875 5735 peccato
2908 5668 3154 5736 originali
3187 5686 3199 5722 :
3240 5667 3361 5722 nam
3394 5671 3439 5723 si
3466 5685 3588 5723 cum
3623 5669 3725 5722 hoc
3756 5682 3951 5721 conce-

2388 5746 2472 5805 pta
2505 5740 2693 5790 fuisset
2716 5740 2765 5790 in
2791 5747 2945 5792 utero
2977 5755 3096 5791 cum
3128 5740 3300 5803 fieret,
3331 5741 3380 5793 id
3412 5753 3517 5803 est,
3552 5756 3675 5795 cum
3701 5742 3952 5807 coocipe-

2386 5820 2551 5874 retur,
2596 5826 2702 5864 nou
2734 5811 2923 5864 fuisset
2962 5810 3245 5879 pignerata
3286 5809 3538 5879 Christo,
3577 5812 3667 5867 sed
3690 5810 3944 5865 daemoni.
