4180 6450
213 457 353 520 1389

1654 441 2016 505 MARIALE.

3326 440 3455 533 τινι)

212 572 374 631 sisti,
436 568 579 622 sicut
629 580 752 621 cras
810 573 1102 634 antequam
1160 574 1417 632 pareres,
1471 557 2033 628 incorruplaAenim
2085 557 2203 611 sine
2250 558 2458 626 dolore,
2518 561 2606 615 Dei
2661 560 2927 624 Gcnitrix,
2967 558 3242 614 Christum
3295 576 3457 629 pepe-

214 664 383 731 Virgo
433 660 681 728 Deipara.
728 658 862 713 Nam
922 658 1109 721 Deus,
1166 670 1328 741 quem
1375 651 1654 724 peperisti,
1700 666 1790 705 na-

212 761 396 806 turam
429 752 728 805 innovavit.

290 844 410 898 Tibi
440 853 494 898 et
531 845 632 898 soli
664 842 941 905 convenit,
968 853 1026 896 ut
1063 840 1275 904 salutis,
1300 848 1351 894 et
1379 839 1559 909 gaudii
1590 852 1792 908 procu-

217 938 429 998 ratriei,
462 926 593 991 illud
640 936 785 1006 quod
822 936 1048 1005 angelus
1088 935 1288 999 attulit,
1316 932 1450 997 Ave,
1494 932 1638 1003 quod
1669 945 1792 985 cum

219 1030 325 1083 fide
360 1030 452 1082 tibi
489 1030 808 1094 recinirnus,
847 1027 1012 1082 Maria
1046 1042 1261 1097 semper
1292 1026 1478 1097 Virgo.
1764 1097 1782 1112 ς

297 1121 549 1175 Liberata
586 1138 679 1191 per
713 1130 764 1175 te
795 1134 880 1176 est
915 1122 1089 1192 prima
1121 1120 1323 1174 Parens
1368 1120 1589 1189 antiqua
1628 1119 1797 1173 male-

231 1210 500 1265 dictione.
533 1209 653 1264 Non
682 1211 785 1278 iam
818 1210 1163 1278 ampliusan
1201 1211 1253 1263 in
1281 1210 1469 1264 dolore
1490 1210 1681 1279 pariet.
1715 1208 1794 1263 Tu

220 1364 324 1417 Ἐκ
376 1363 485 1418 τοῦ
524 1366 792 1430 Κανόνος
839 1364 951 1431 τῆς
1012 1362 1311 1433 Κυριακῆς
1336 1362 1408 1433 γ’,
1457 1364 1567 1419 τοῦ
1618 1381 1800 1433 παρα-

905 1437 1113 1489 λύτου.
1660 1442 1664 1450 “

299 1543 414 1613 Τὴν
471 1543 719 1612 τιμῶσαν
763 1542 990 1614 ταύτην,
1051 1540 1211 1612 ἁγνὴ,
1260 1541 1413 1596 πόλιν
1468 1559 1527 1595 σε
1571 1542 1802 1596 πάντοτε

227 1635 441 1696 πιστῶς
480 1635 753 1706 περίσωζε
814 1634 1074 1688 κινδύνων
1139 1633 1396 1699 ἁλώσεως
1438 1622 1446 1635 ’
1480 1636 1800 1706 Βαρϐάρων,

228 1729 473 1796 πολέμου
504 1728 793 1798 ἐμφυλίου,
828 1731 922 1784 καὶ
948 1728 1245 1801 μαχαίρας,
1278 1732 1371 1784 καί⁸
1414 1730 1595 1801 πάσης
1638 1730 1803 1800 ἄλλης

230 1824 485 1901 ἀπειλῆς.

312 2008 591 2077 Ἀσπορον
619 2009 775 2078 ἔσχες
804 2006 1088 2079 σύλληψιν,
1135 2008 1231 2062 καὶ
1262 2008 1402 2079 ὑπὲρ
1423 2006 1546 2061 νοῦν
1567 2008 1805 2071 τοκετδν,

233 2100 664 2172 Παρθενομῆτορ
732 2101 967 2172 ἄχραντε
998 2117 1013 2131 ⁸
1065 2101 1225 2172 ἔργον
1274 2102 1565 2172 φρικῶδες.
1622 2100 1807 2170 οαῦμα

239 2166 521 2261 μέγιστον,
555 2166 1161 2264 άγγέλοις-τιμῶμενον,
1185 2166 1399 2263 βροτοῖς
1424 2166 1804 2263 δοξαζόμενον,

237 2287 395 2355 Κόρη
425 2286 707 2340 Δέσποινα.

324 2469 391 2521 Ἦ
422 2470 581 2540 ἁγνὴ,
620 2470 736 2534 πῶς
770 2470 1057 2541 Θηλάζεις;
1094 2472 1213 2537 πῶς
1247 2474 1305 2526 δὲ
1342 2473 1642 2544 ἐγέννησας
1687 2473 1811 2546 βρέ-

241 2578 343 2628 (po;
373 2562 467 2613 τοῦ
521 2562 694 2633 ’Λδὰμ
746 2564 1132 2635 άρχαιότερον;
1166 2566 1281 2629 πῶς
1332 2568 1391 2619 ὲν
1421 2568 1685 2635 ἀγκάλαις
1712 2567 1811 2636 φέ-

242 2671 358 2724 ρεις
393 2654 526 2718 υἱὸν,
554 2657 644 2709 τὸν
671 2658 763 2709 ἐπὶ
786 2656 951 2726 ὤμων
974 2659 1322 2729 Χερουΰικῶν
1352 2661 1651 2731 φερόμενον
1669 2676 1680 2688 ·
1727 2661 1814 2725 Ὠς

244 2746 558 2813 ἐπίσταται,
592 2749 666 2812 ὡς
689 2743 829 2803 οἶδεν
855 2752 884 2813 ό
920 2751 981 2804 τὸ
1008 2754 1117 2806 πᾶν
1132 2754 1422 2817 οὐσιώσας.

315 2934 429 3004 Τὴν
458 2935 697 3006 ἄσπορον
723 2936 938 3007 λοχείαν
958 2954 1072 3004 σου,
1103 2939 1264 3011 ἁγνὴ,
1303 2939 1405 3009 τὴν
1428 2941 1815 3013 ἀκατάληπτον

243 3026 526 3097 ύμνοῦμεν
559 3031 833 3099 γέννησιν,
860 3029 1261 3101 μακαρίζοντες
1287 3033 1362 3097 ὡς
1387 3035 1616 3104 Μητέρα
1641 3052 1699 3088 σε
1720 3036 1815 3089 τοῦ

245 3116 481 3186 Ποιητοῦ
514 3118 735 3189 πάντων
770 3120 863 3171 καὶ
901 3119 1196 3175 Δεσπότου.

1893 648 2034 704 risti.
2069 648 2247 714 Quare
2274 661 2327 705 te
2373 651 2566 706 merito
2594 654 2803 708 felicem
2846 652 3317 729 prmdicamushet
3350 652 3460 706 Do-

1892 740 2101 794 minqu
2132 730 2506 810 'glorilicantcs
2539 744 2842 801 laudamus.

1964 833 2042 887 Ad
2077 843 2126 887 te
2154 837 2330 904 ipsum
2381 836 2631 905 recepisti
2660 848 2876 908 gentem
2915 846 3185 898 sanctam,
3217 853 3335 899 eos,
3368 835 3460 904 qui

1892 935 2047 1001 erant
2090 928 2244 998 longe
2282 945 2312 983 a
2348 938 2399 983 te
2443 929 2646 984 faciens
2687 946 2851 1000 prope
2897 945 3129 1001 corpore
3178 944 3205 982 a
3240 926 3464 998 Virgine

1896 1030 2167 1093 suscepto,
2205 1036 2237 1075 ο
2272 1022 2544 1087 Salvator,
2585 1030 2639 1076 et
2671 1038 2775 1077 non
2806 1024 3063 1093 populum
3100 1033 3251 1077 tuum
3298 1038 3462 1077 voca-

1898 1112 1962 1165 sti
2013 1090 2269 1181 populum
2318 1124 2469 1168 tuum
2519 1115 2802 1179 divinum;
2841 1106 3365 1183 prepterea”omnes
3412 1123 3463 1168 te

1900 1221 2046 1260 nunc
2074 1207 2387 1274 adoramus,
2420 1222 2452 1263 ο
2486 1208 2847 1278 omnipotens.

1946 1356 2108 1427 329
2141 1356 2222 1410 Ex
2252 1372 2451 1412 canone
2486 1358 2774 1414 Dominiea:
2802 1376 2884 1427 ιιι,
2920 1362 2973 1415 in
3008 1360 3391 1431 Paralyticum.

1982 1536 2182 1592 Urbem
2229 1539 2391 1602 bane,
2423 1554 2560 1612 quae,
2584 1549 2655 1607 te,
2687 1554 2720 1595 ο
2757 1538 2944 1611 Virgo.
2977 1532 3191 1612 scmper
3240 1544 3470 1601 ﬁdeliter

1904 1630 2115 1697 adorat,
2156 1642 2208 1685 tu
2263 1592 2624 1702 uudequa/iue
2665 1644 2819 1688 tuere
2862 1648 2891 1688 a
2944 1636 3201 1702 periculis
3247 1638 3473 1708 captivi-

1904 1722 2031 1777 tatis
2085 1724 2469 1789 Barbaroruru,
2520 1724 2794 1804 civilium!
2822 1725 3089 1781 bellorum
3132 1730 3395 1795 tenebris,
3444 1720 3508 1784 a'

1906 1816 2323 1889 gladio,‘atque
2382 1817 2919 1876 infaustis-omnium
2976 1822 3243 1877 malorum
3298 1826 3484 1894 augu:

1834 1914 1879 1973 Β
1909 1910 2026 1963 riis.

1985 1966 2221 2058 Sta/minis
2265 1992 2540 2072 exper'tem
2590 2006 2830 2062 habuisti
2872 2017 3218 2077 conceptum,
3257 2018 3475 2079 partum

1908 2108 2037 2147 vero
2067 2095 2393 2165 cdgitatione
2432 2100 2792 2167 superiorem,
2824 2101 3141 2170 incorrupta
3166 2100 3257 2155 Dei
3273 2084 3475 2158 ‘Mater.

1907 2183 2055 2255 Opus
2079 2189 2432 2257 stupendum,
2468 2192 2795 2246 miraculum
2829 2192 3155 2258 maximum,
3180 2193 3249 2248 ab
3274 2196 3480 2264 angelis

1860 2306 1871 2314 -
1908 2278 2258 2347 honoratum,
2295 2282 2364 2337 ab
2399 2282 2716 2339 hominibus
2757 2284 3141 2353 glorificatum,
3180 2284 3347 2356 Virgo
3376 2286 3480 2342 Do-

1910 2374 2078 2427 ruina.

1981 2468 2287 2533 Quomodo,
2320 2469 2507 2538 Virgo,
2542 2469 2747 2524 laetas?
2781 2468 3064 2536 Quomodo
3085 2474 3319 2541 genuisti
3352 2489 3479 2543 par-

1912 2561 2099 2613 vulum
2148 2562 2320 2614 Adam
2363 2562 2679 2616 seniorem?
2708 2560 2996 2628 Quomodo
3031 2562 3083 2616 in
3119 2563 3261 2619 ulnis
3304 2574 3485 2633 gestas

1916 2651 2065 2705 illum
2104 2653 2196 2723 qui
2220 2660 2473 2722 gestatur
2513 2669 2679 2723 supra
2715 2653 2974 2710 humeros
3005 2654 3380 2711 Cbcrubicos?
3410 2658 3486 2713 Eo

1916 2745 2079 2798 modo
2119 2761 2281 2814 quem
2316 2746 2429 2815 ipse
2457 2746 2562 2801 scit
2604 2757 2659 2801 et
2683 2748 2852 2813 novit,
2884 2748 2979 2818 qui
3018 2749 3188 2809 rebus
3216 2750 3487 2806 universis

1917 2834 2066 2889 dedit
2097 2849 2244 2889 esse.

1988 2924 2414 2994 Conceptionem
2452 2934 2597 2981 tuam
2649 2926 2769 2981 sine
2814 2928 3041 2994 semine,
3082 2944 3116 2984 ο
3162 2941 3336 2995 casta,
3365 2950 3488 3003 par-

1916 3026 2032 3071 tum
2069 3026 2219 3071 tuum
2265 3019 2874 3088 incomprehensibilem
2912 3022 3220 3085 laudamus,
3267 3026 3486 3081 Beatam

1919 3108 1997 3164 Te
2028 3121 2426 3179 nuncupantes,
2460 3121 2647 3182 utpote
2686 3113 2910 3168 Matrem
2947 3113 3041 3170 Dei
3077 3115 3323 3173 Factoris
3365 3135 3486 3175 om-

1921 3201 2072 3254 nium
2104 3217 2167 3255 ac
2192 3201 2426 3257 Domini.

331 3306 390 3358 Ὀ
422 3305 604 3358 πάντα
634 3305 763 3375 θείῳ
788 3304 1016 3373 νεύματι
1038 3305 1220 3375 φέρων
1247 3309 1551 3377 κρατεῖται,
1586 3307 1815 3359 Θεοτόκε

1992 3291 2096 3355 Qui
2122 3302 2255 3345 nutu
2280 3294 2461 3349 divino
2492 3303 2687 3350 cuncta
2720 3297 2971 3361 sustinet,
3006 3306 3238 3362 tenetur,
3265 3299 3490 3368 Deipara

246 3395 518 3467 Παρθένε,
547 3397 605 3447 ὲν
629 3399 751 3457 ταῖς
779 3397 1048 3463 ἀγκάλαις
1082 3414 1201 3459 σου,
1227 3398 1435 3461 πάντας
1458 3400 1604 3467 ἡμᾶς
1638 3398 1817 3469 ἀρπά-

248 3484 360 3548 ζων
396 3484 577 3555 χειρὸς
607 3484 852 3548 δουλείας
880 3486 972 3539 τοῦ
1008 3486 1271 3556 πονηροῦ,
1294 3487 1367 3549 ὡς
1389 3488 1709 3557 οἰκτίρμων.

320 3576 688 3646 Παρθενεύεις
723 3576 960 3631 τεκοῦσα
986 3577 1125 3647 ὑπὲρ
1150 3578 1307 3645 λόγον
1342 3578 1434 3631 τὸν
1462 3579 1569 3649 πρὸ
1587 3580 1821 3633 πάντων

250 3668 465 3723 αἰώνων
486 3668 815 3737 γεννηθέντα
858 3672 921 3721 ὲκ
948 3668 1043 3722 τοῦ
1071 3670 1309 3739 ἀνάρχου
1360 3672 1575 3742 Πατρὸς
1618 3672 1822 3743 opeso-

252 3778 416 3823 στως.
449 3760 548 3813 Διά
575 3758 754 3824 τοῦτο,
788 3760 951 3831 ἁγνὴ,
980 3760 1039 3812 οὲ
1072 3760 1468 3832 μακαρίζομεν.

323 3949 505 4016 Τόμον
549 3963 610 3999 σε
652 3944 821 3999 πάλαι
871 3945 1133 4000 ἐθεάσατο
1161 3947 1409 4011 Ἡσαΐας,
1442 3948 1820 4021 Ἀειπάρθενε,

252 4042 314 4093 ὲν
347 4033 392 4105 ᾧ
415 4038 663 4107 δακτύλῳ
686 4038 779 4091 τοῦ
811 4037 1024 4107 Πατρὸς
1046 4040 1217 4107 Λόγος
1244 4040 1470 4111 ἄχρονος
1492 4043 1823 4111 ἐγέγραπτο,

254 4136 320 4185 ὲκ
350 4132 530 4199 πάσης
560 4129 781 4197 ἀλογίας
813 4128 1001 4195 σώζων
1022 4133 1192 4202 ἡμᾶς,
1224 4137 1348 4197 τοὺς
1381 4133 1558 4203 λόγοις
1584 4151 1642 4191 σε
1664 4136 1827 4205 ἱεροῖς

255 4223 653 4293 ἁνυμνοῦντας.
1485 4209 1496 4227 ’

328 4313 650 4383 Φωτοτρόρου
705 4313 943 4383 προῆλθε
1000 4315 1193 4384 νηδύος
1244 4333 1336 4369 σου
1378 4317 1552 4387 μέγας
1583 4320 1611 4371 ὁ
1640 4318 1829 4383 Ἥλιος

260 4407 519 4477 Χριστὸς,
567 4406 661 4459 καὶ
691 4408 786 4459 τὸν
812 4408 1017 4489 κόσμον
1070 4408 1356 4476 ἐφώτισεν,
1398 4410 1660 4481 ἄχραντε,
1712 4412 1831 4465 tm-

260 4499 503 4569 λάμψεαι
530 4497 804 4568 φαιδραῖς,
823 4501 917 4553 καὶ
944 4501 1005 4553 τὸ
1035 4502 1223 4564 σκότος
1250 4502 1410 4571 ἐξῆρε
1438 4503 1498 4555 τὺ
1527 4505 1626 4574 τῆς
1654 4522 1832 4574 παρα-

1924 3381 2106 3453 Virgo,
2149 3386 2256 3438 tuis
2300 3386 2465 3450 ulnis,
2508 3402 2699 3441 omnes
2744 3404 2842 3443 nos
2878 3389 3114 3459 eripiens
3155 3407 3185 3446 e
3233 3394 3495 3448 servitute

1920 3473 2120 3528 diaboli
2154 3484 2212 3528 ut
2246 3477 2576 3532 misericors.

1996 3565 2161 3636 Virgo
2193 3584 2509 3637 perseveras
2559 3580 2841 3640 postquam
2874 3575 3128 3643 peperisti
3157 3575 3496 3630 ineffabiliter

1923 3660 2165 3729 genitum
2221 3670 2344 3716 ante
2401 3664 2584 3717 omnia
2639 3666 2836 3719 scc'cula
2882 3666 2999 3721 sine
3034 3669 3385 3723 successione
3425 3685 3491 3723 ex

1924 3750 2085 3805 Patre
2119 3752 2389 3822 principio
2423 3767 2647 3811 carente
2682 3775 2693 3810 :
2730 3767 3037 3828 propterea,
3067 3771 3239 3829 casta,
3273 3770 3324 3817 te
3358 3762 3490 3818 bea-

1924 3852 2033 3897 tam
2065 3845 2445 3912 praedicamus.

1997 3935 2222 3991 Librum
2260 3948 2312 3994 te
2348 3941 2475 3995 olim
2497 3944 2631 3998 vidit
2673 3945 2862 4012 Isaias,
2897 3963 2930 4003 ο
2959 3964 3176 4019 semper
3232 3951 3408 4021 virgo.
3443 3952 3493 4003 in

1928 4043 2038 4099 quo
2089 4031 2259 4100 digito
2302 4033 2481 4088 Patris
2512 4034 2750 4092 Verbum
2800 4040 2955 4094 initio
3002 4057 3196 4098 carens
3250 4044 3499 4097 conscri-

1928 4132 2077 4191 ptum
2116 4134 2220 4189 est,
2261 4131 2404 4195 quod
2449 4143 2511 4183 ex
2543 4132 2690 4184 ornni
2744 4131 3045 4187 irrationali
3095 4144 3219 4189 actu
3265 4145 3317 4190 et
3350 4145 3499 4190 motu

1930 4218 2123 4272 liberat
2160 4236 2260 4276 nos
2289 4225 2461 4277 sacris
2491 4234 2543 4279 te
2577 4228 2757 4282 verbis
2780 4229 3177 4285 collaudantes.

1994 4308 2203 4366 Prodiit
2231 4329 2295 4368 ex
2332 4315 2553 4371 lucifera
2579 4327 2671 4372 tua
2703 4320 2823 4375 alvo
2849 4336 3079 4393 magnus
3110 4321 3198 4378 Sol
3224 4322 3499 4391 Christus,

1932 4407 2274 4462 etmundum
2322 4410 2673 4477 illuminavit,
2705 4428 2739 4466 ο
2781 4414 3153 4481 immaculata,
3204 4418 3371 4472 radiis
3410 4418 3502 4472 lae—

1935 4499 2181 4565 tissimis,
2220 4502 2581 4572 tenebrasque
2613 4506 2821 4575 expulit
2843 4509 3320 4577 transgressionis.
3348 4509 3505 4565 Unde

262 4591 477 4651 6άσεως
502 4606 517 4621 ο
553 4590 676 4643 ὅθεν
725 4590 1007 4663 ὑμνοῦμέν
1037 4609 1096 4646 σε
1144 4595 1364 4647 πάντων
1397 4595 1471 4658 ὡς
1511 4596 1689 4650 αἰτίαν
1730 4613 1821 4650 κα⁴

1936 4589 2224 4646 laudamus
2255 4601 2304 4647 te
2334 4602 2392 4647 ut
2433 4596 2678 4651 omnium
2726 4613 2947 4655 causam
2994 4603 3286 4671 bonorum,
3325 4619 3358 4660 ο
3410 4604 3504 4661 Dei

261 4683 390 4750 λῶν,
417 4681 803 4751 θεονύμφευτε.

1937 4683 2183 4755 Sponsa.)

1329 4803 1503 4873 33o
1538 4803 1620 4859 Ex
1648 4822 1842 4861 canone
1876 4807 2023 4873 ferire
2065 4822 2124 4872 ιι,
2163 4806 2315 4859 Ιεεὺά.
2351 4768 2440 4859 IV.‘

340 4918 685 4982 lncarnatum
728 4920 1014 4975 Dominum
1052 4922 1395 4977 ineffabiliter
1419 4941 1483 4979 ex
1524 4936 1616 4980 tuo
1652 4929 1831 4997 puris-

268 5011 413 5065 simo
450 5011 735 5075 sanguine,
787 5009 1036 5078 Deipara,
1071 5020 1125 5065 et
1167 5022 1386 5082 propter
1425 5030 1523 5069 nos
1553 5026 1727 5071 morte
1779 5018 1832 5070 in

269 5117 438 5158 carne
487 5112 737 5173 suscepta
776 5104 1158 5158 resuscitatum
1208 5106 1426 5161 intuens
1472 5123 1502 5163 e
1556 5109 1828 5178 sepulcro,

344 5258 457 5333 (60)
494 5258 608 5333 Non
641 5259 800 5333 aliam
828 5259 915 5333 pob
961 5275 1181 5333 causam
1220 5261 1280 5315 Β.
1322 5261 1486 5333 Virgo
1515 5264 1714 5318 dicitur
1760 5269 1840 5319 in-

270 5330 674 5392 ειιίραιὶιιδὶηια.
737 5331 840 5383 nisi
890 5331 1016 5398 quia
1093 5333 1193 5385 fuit
1275 5330 1498 5400 prorsus
1562 5338 1630 5388 ab
1690 5338 1838 5390 omni

270 5401 431 5473 culpa
465 5401 741 5473 immunis.
801 5401 857 5453 Si
903 5412 1083 5455 autem
1130 5401 1191 5455 B.
1225 5403 1387 5473 Virgo
1430 5404 1529 5458 fuit
1581 5409 1647 5459 ab
1694 5410 1839 5461 ouuii

270 5472 433 5538 culpa
483 5471 759 5531 immunis,
813 5485 942 5539 ergo
1000 5488 1107 5525 non
1168 5471 1344 5527 solum
1397 5477 1466 5528 ab
1510 5478 1707 5530 aetuali
1752 5493 1841 5531 ve-

272 5542 429 5601 niali,
480 5549 537 5594 ut
593 5555 781 5594 omnes
826 5542 1149 5605 concedunt,
1204 5546 1293 5598 sed
1342 5545 1527 5609 etiam,
1576 5556 1629 5599 et
1669 5550 1841 5600 multo

273 5611 473 5676 magis,
533 5612 600 5664 ab
637 5613 909 5679 originali.
959 5610 1014 5665 Si
1070 5614 1212 5667 enim
1271 5615 1411 5668 Deus
1466 5632 1495 5669 a
1535 5618 1838 5673 venialibus

274 5682 451 5749 culpis
533 5681 593 5735 Β.
684 5680 958 5749 Virginem
1035 5698 1140 5737 non
1209 5684 1424 5739 fecisset
1500 5687 1830 5753 immunem,

276 5767 554 5826 nunquam
607 5753 656 5806 ei
717 5753 978 5826 inimica,
1040 5762 1092 5807 et
1161 5756 1329 5808 invisa
1380 5756 1607 5819 fuisset,
1668 5768 1852 5826 utpote

277 5823 485 5876 habens
527 5824 577 5875 in
624 5838 683 5877 se
733 5824 960 5892 gratiam
1021 5826 1486 5891 sanctificantcm,
1532 5823 1851 5884 clrarita'tem

275 5895 421 5946 enim
490 5908 597 5948 non
665 5894 939 5961 expellunt
1013 5895 1156 5951 lcves
1228 5895 1469 5953 defectus

1614 6070 1621 6094 ί

1540 5918 1553 5953 ζ
1614 5910 1667 5953 at
1747 5917 1852 5955 ΙΙΟΙΙ

1939 4942 2061 4981 cum
2096 4927 2296 4995 ingenti
2334 4928 2534 4997 gaudio
2553 4929 2870 4999 gloriﬁcasti
2900 4939 2955 4987 et
2987 4936 3364 5005 magnificasti.

2000 5019 2332 5089 Concupisti,
2368 5022 2799 5091 inculpatissima
2837 5025 2972 5096 (60),
3006 5027 3139 5083 Eum
3184 5032 3277 5099 qui
3317 5046 3507 5085 cuncta

1945 5113 2208 5179 continet,
2259 5131 2383 5169 cum
2437 5118 2612 5186 ipsum
2659 5133 2820 5194 carne
2871 5135 3141 5190 generum
3174 5123 3268 5191 qui
3316 5123 3511 5178 deinde

1940 5269 2224 5343 reddendo
2287 5271 2585 5325 immunem
2667 5274 2734 5327 ab
2806 5273 3054 5343 originali
3123 5276 3377 5341 mortali,
3458 5278 3509 5330 vi

1940 5340 2098 5413 istius
2154 5340 2343 5395 fuisset
2402 5344 2673 5407 objectqu
2731 5340 3060 5413 condignum
3126 5346 3251 5397 odio
3307 5340 3419 5409 Dei,
3459 5359 3514 5402 ct

1940 5410 2044 5462 ﬁlia
2089 5411 2179 5464 irae
2224 5422 2276 5463 et
2331 5413 2775 5467 abominationis.
2850 5410 2920 5468 Si
2975 5430 3005 5467 a
3049 5416 3348 5471 venialibus
3404 5434 3512 5472 non

1940 5480 2261 5552 reddidisset
2312 5483 2648 5545 immunem.
2718 5486 2893 5538 adhuc
2935 5484 3025 5552 jus
3076 5487 3389 5541 retinuisset
3444 5490 3508 5541 ad

1939 5550 2302 5623 haereditatem
2350 5565 2631 5616 aeternam,
2657 5571 2778 5623 qua:
2827 5564 2911 5609 est
2936 5550 3104 5610 vclara
3136 5556 3305 5623 Ipsius
3336 5560 3509 5619 visio;

1938 5631 1993 5695 at
2028 5636 2133 5695 non
2181 5622 2451 5695 reddendo
2484 5625 2778 5678 immunem
2825 5642 2853 5679 a
2882 5626 3081 5693 peccati
3116 5622 3393 5695 originalis
3428 5630 3514 5681 in—

1944 5688 2198 5752 fectioue,
2227 5694 2605 5746 excluderetur
2626 5695 2693 5762 de
2718 5688 2906 5749 facth
2933 5688 3333 5760 consecutione,
3366 5698 3514 5753 illius

1960 5763 2161 5837 gloriae.
2196 5764 2321 5837 Item
2376 5765 2564 5832 positis
2598 5764 2650 5817 in
2704 5764 2764 5817 Β.
2799 5765 3019 5833 Virgine
3057 5769 3230 5837 culpis
3280 5771 3511 5833 levibus,

1966 5832 2317 5885 ruiuiruedici
2368 5844 2598 5902 poterat,
2648 5832 2968 5890 maledictus
3018 5832 3235 5898 diesfet
3278 5841 3406 5890 hora
3462 5842 3511 5891 iu

1967 5919 2071 5973 qua
2110 5914 2364 5974 concepta
2412 5904 2603 5961 fuisset
2640 5923 2651 5958 :
2688 5917 2741 5961 at
2770 5908 3022 5977 Origiuali
3061 5912 3356 5964 eXsisteute
3394 5925 3516 5963 vere
