4180 6450
702 376 826 443 1391

1804 374 1860 435 S.
1901 372 2209 433 JOSEHII
2252 371 2810 433 llYMNOGIiAPlII

3810 381 3951 446 1392

697 500 928 547 mortem
962 488 1210 543 triduana
1250 503 1347 543 sua
1388 497 1561 542 morte
1608 488 1885 556 spoliavit.
1924 488 2097 552 Qui-ni
2142 504 2261 541 ora.
2295 493 2342 551 Α
2375 504 2548 559 neque
2590 492 2854 560 gentium,
2888 499 2947 545 ut
2976 500 3048 555 tc,
3090 503 3248 562 prout
3283 493 3455 558 decet,
3499 494 3715 565 hymnis
3768 498 3949 553 hono-

695 597 751 639 ιιι
791 583 985 637 aiiiiiiac
1023 598 1157 636 mea:
1206 583 1334 635 vilia
1368 580 1679 643 niortilicet,
1714 596 1905 651 ineque
1942 582 2150 635 salvum
2189 581 2267 634 la-

692 676 821 730 ciat.

766 768 932 819 Scrva
957 773 1011 820 et
1038 766 1206 819 libera
1251 763 1525 819 civitatem
1558 779 1622 818 ac
1655 766 1911 835 populum
1945 765 2269 835 confugien-

692 872 797 913 tcin
832 860 897 913 ad
930 868 1003 923 te,
1040 858 1133 912 Dei
1166 856 1399 925 geniti-ix
1432 856 1617 925 Virgo,
1648 874 1769 928 qua:
1795 858 2072 912 Christum
2104 873 2268 927 pepe-

694 953 836 1014 risti,
863 968 927 1006 ex
966 952 1114 1006 omni
1145 951 1456 1004 adversaria
1489 951 1593 1016 ira,
1633 960 1687 1006 et
1720 951 1953 1018 excidio,
1994 951 2269 1005 incursio-

691 1115 962 1165 dicerctur
992 1112 1277 1166 maledicta
1316 1112 1599 1180 conceptio
1643 1113 1699 1163 ll.
1733 1110 1971 1178 Virginis
2001 1111 2161 1173 sicut,
2212 1120 2266 1164 ct

692 1185 809 1243 loli,
840 1194 892 1236 ct
923 1183 1255 1252 reliquorum
1294 1186 1595 1235 hominum.
1633 1182 1767 1234 lliiic
1812 1181 2012 1235 Bustus
2051 1180 2266 1252 inﬂa-

690 1256 835 1314 iiali‘,
865 1250 1052 1307 εει-ιιι(
1081 1255 1130 1317 'i',
1166 1257 1225 1306 de
1267 1253 1514 1320 Concept.
1554 1264 1691 1322 part.
1730 1268 1767 1315 ι,
1800 1254 1877 1305 ait
1919 1269 1933 1304 :
1974 1270 1990 1302 ι
2036 1253 2089 1304 Si
2122 1250 2266 1305 Deus

692 1329 1060 1395 [ii-reservavit,
1100 1334 1153 1377 et
1193 1326 1439 1379 defendit
1474 1326 1745 1390 Virginem
1793 1323 2084 1395 gloriosam
2116 1337 2144 1375 τι
2176 1339 2267 1375 ve-

690 1393 821 1449 iiiali
856 1407 1099 1463 peccato,
1143 1397 1285 1463 quod
1333 1412 1437 1449 non
1470 1398 1645 1464 privat
1676 1394 1850 1461 gratia
1886 1393 1999 1453 Dei,
2026 1402 2079 1445 et
2120 1404 2265 1464 stare

690 1475 868 1534 potest
929 1481 1049 1519 cum
1085 1466 1373 1530 charitate,
1413 1463 1482 1519 uti
1518 1466 1705 1518 dicunt
1734 1464 1993 1529 theologi,
2026 1464 2075 1515 in
2121 1463 2174 1527 4,
2204 1467 2259 1519 d.

689 1538 779 1601 2|,
812 1547 863 1590 et
898 1537 999 1589 hoc
1024 1545 1081 1588 ut
1124 1546 1268 1591 esset
1307 1539 1494 1591 idonea
1546 1538 1722 1589 Mater
1752 1551 1871 1597 sua,
1902 1543 1955 1588 et
2002 1535 2071 1587 ob
2110 1550 2261 1587 amo-

692 1624 802 1660 rem
840 1622 1000 1675 quem
1038 1607 1139 1674 ipsi
1188 1610 1253 1660 ah
1283 1619 1485 1659 aeterno
1519 1607 1751 1675 portavit
1781 1624 1793 1657 :
1828 1620 1955 1675 ergo
2002 1606 2261 1659 inconve-

690 1677 847 1730 iiiciis
880 1678 1089 1731 vidi-tur
1137 1679 1357 1731 credere
1399 1682 1543 1746 quod
1588 1677 1897 1746 permiserit
1956 1676 2102 1728 illam
2155 1677 2259 1729 labi

691 1748 742 1800 in
794 1748 1045 1816 originali
1103 1758 1324 1816 peccato
1370 1752 1614 1817 priVante
1668 1749 1839 1813 gratia
1889 1747 2091 1799 divina.
2142 1746 2257 1799 Non

690 1820 838 1871 enim
866 1827 1011 1871 esset
1039 1834 1200 1895 verus
1227 1816 1400 1895 amor,
1436 1820 1479 1895 si
1516 1819 1638 1895 quis
1673 1816 1991 1895 defenderet
2022 1820 2257 1870 amicum
2294 1839 2335 1895 Β

691 1906 873 1947 suum,
912 1904 977 1941 nc
1016 1890 1093 1941 vel
1129 1891 1399 1942 modicum
1439 1890 1624 1941 leviter
1665 1888 2067 1951 verberarctur,
2096 1904 2257 1958 queui

693 1972 872 2011 tamen
910 1975 1003 2027 per
1040 1960 1220 2027 gulam
1275 1960 1559 2028 suspendi,
1592 1960 1675 2013 vel
1710 1966 1886 2028 capite
1926 1960 2265 2029 periiiitteict

690 2030 1025 2083 detruncari.
1068 2050 1084 2080 ι
1124 2032 1212 2084 Sic
1245 2032 1463 2083 Bastus.

762 2101 873 2169 (bl)
911 2101 1211 2170 Angelicus
1266 2103 1465 2155 Doctor
1516 2103 1569 2157 5.
1608 2117 1661 2170 p.
1700 2117 1755 2167 q.
1790 2100 1880 2160 ΕΠ,
1921 2116 1972 2153 a.
2019 2100 2073 2162 2,
2111 2100 2261 2154 illum

692 2172 870 2223 locum
902 2169 1021 2224 Jobi
1056 2187 1137 2228 iit.
1174 2174 1261 2225 lilii
1302 2173 1366 2225 de
1390 2172 1609 2225 diabolo
1640 2172 1839 2225 dicitur
1872 2170 2147 2239 Erspectet
2182 2172 2264 2223 lu—

690 2258 796 2295 cent
852 2254 898 2294 et
949 2258 1048 2294 non
1086 2243 1280 2304 rideat,
1351 2260 1442 2295 nec
1487 2254 1657 2294 ortum
1714 2245 1974 2309 surgentis
2029 2259 2261 2306 υμνοι-α’,

698 2314 753 2364 in
815 2327 977 2364 sensu
1058 2312 1277 2365 lilterali
1318 2313 1441 2381 (etsi
1501 2313 1893 2381 nictapliorico)
1942 2313 2162 2379 exponit
2197 2314 2263 2367 de

690 2392 849 2434 nocte
905 2383 1111 2451 peccati
1165 2384 1446 2452 originalis
1488 2384 1570 2437 his
1616 2384 1795 2436 verbis
1850 2401 1861 2436 :
1904 2402 1922 2434 ι
1982 2381 2262 2451 Exspectet

694 2452 907 2513 Lucem,
940 2454 991 2505 id
1040 2462 1141 2513 cst,
1186 2454 1490 2514 Christum,
1520 2462 1574 2505 et
1604 2470 1708 2505 non
1740 2453 1939 2516 videat,
1971 2456 2094 2521 quia
2132 2454 2263 2507 nihil

691 2524 1036 2591 inquinatum
1076 2524 1306 2577 incurrit
1334 2524 1385 2576 in
1430 2523 1787 2590 Sapientiam,
1826 2539 1945 2591 quae
1984 2536 2067 2576 est
2104 2523 2261 2577 Chri-

690 2602 811 2654 tus,
838 2594 1121 2663 utidicitur
1152 2592 1279 2662 Sap.
1306 2609 1404 2655 vii;
1436 2610 1527 2646 nec
1548 2604 1723 2645 ortum
1746 2594 2005 2663 surgentis
2030 2610 2260 2658 ουτοι-ω,

694 2664 743 2714 id
769 2671 873 2725 est,
902 2662 963 2717 Β,
1004 2662 1264 2733 Virginis,
1296 2679 1416 2733 qua:
1442 2666 1492 2717 in
1520 2680 1620 2717 suo
1642 2673 1764 2733 ortu
1794 2679 1821 2715 a
1844 2662 2075 2733 peccato
2096 2666 2264 2733 Origi-

692 2734 799 2786 nali
860 2733 958 2787 fuit
1007 2732 1289 2789 immunis.
1316 2732 1351 2787 ί»
1396 2735 1484 2787 Sic
1536 2736 1643 2789 ille.
1690 2732 1826 2785 Cum
1858 2732 2069 2796 autem,
2119 2732 2261 2788 idem

691 2803 754 2855 Ι).
786 2802 1026 2858 Thomas
1055 2806 1106 2857 in
1156 2820 1274 2873 cap.
1308 2820 1321 2857 i
1355 2803 1611 2867 Malilizei,
1645 2804 1913 2871 duplicem
1936 2813 2139 2866 ortum,
2167 2819 2259 2858 seu

692 2875 1026 2928 natiiitatem
1071 2884 1352 2942 agnoscat,
1379 2876 1587 2928 scilicet
1617 2875 1948 2927 nativitatem
1998 2875 2050 2926 in
2080 2884 2259 2937 utero,

690 2960 809 3012 qua:
830 2957 909 2997 est
933 2946 1102 3012 prima
1130 2945 1403 3003 formatio.
1430 2955 1483 2998 ct
1506 2944 1842 2997 nativitatem
1868 2960 1933 2998 ex
1956 2954 2129 3007 utero,
2155 2960 2262 3011 qua

690 3016 814 3081 quis
844 3020 953 3067 exit
980 3015 1031 3073 iii
1060 3017 1232 3068 lucem
1268 3034 1279 3067 :
1316 3033 1333 3065 ι
1366 3014 1525 3069 Nasci
1553 3020 1616 3067 de
1660 3014 1847 3073 Matre.
1875 3014 2070 3083 inquit,
2103 3026 2186 3067 est
2207 3015 2261 3068 in

693 3085 867 3137 lucem
904 3086 1142 3152 prodire,
1178 3087 1230 3137 iii
1264 3085 1432 3138 Matre
1466 3085 1612 3137 nasci
1645 3096 1727 3138 est
1761 3085 1935 3152 ipsum
1962 3085 2198 3153 concipi.
2236 3104 2255 3136 ι

692 3155 767 3207 bis
808 3158 909 3239 hoc
940 3156 1059 3239 loco
1105 3165 1483 3239 argu_mcnt3u_n
1527 3156 1726 3208 bonum
1762 3155 1884 3207 elici
1924 3170 2084 3233 posse
2112 3156 2261 3207 vide-
2289 3178 2333 3239 ρ

693 3234 782 3276 tur
810 3226 875 3277 ad
908 3228 1343 3278 conﬁrmandum
1380 3225 1549 3278 fuisse
1591 3236 1855 3284 sanctam,
1892 3233 1945 3276 ct
1994 3226 2261 3277 immacu-

692 3295 857 3346 lataiii
929 3312 1035 3347 non
1101 3298 1261 3347 modo
1318 3294 1551 3361 Virginis
1601 3298 1959 3353 nativitatem,
2000 3296 2065 3346 ad
2102 3309 2264 3361 quam

693 3381 817 3417 cum
877 3364 1055 3417 locum
1111 3366 1273 3418 refert
1319 3364 1373 3417 S.
1414 3366 1673 3425 Thomas,
1708 3366 1799 3417 scd
1845 3366 2007 3416 etiam
2056 3363 2266 3417 Conce-

694 3436 975 3501 ptioucni?
1005 3454 1023 3486 ι
1065 3434 1249 3502 Neque
1279 3436 1422 3487 enim
1446 3444 1620 3503 potest
1644 3435 1849 3504 negari,
1885 3436 2058 3502 inquit
2081 3435 2271 3487 Valen-

696 3507 767 3557 tia
822 3507 871 3556 iii
923 3519 982 3557 ιιι
1028 3521 1080 3573 p.
1136 3506 1194 3557 Ι).
1233 3506 1474 3569 Thamar,
1520 3516 1665 3558 tonio
1721 3506 1808 3565 iV,
1853 3504 1991 3571 disp.
2028 3506 2092 3573 72.
2126 3520 2181 3571 q.
2227 3520 2264 3565 i,

692 3584 894 3642 puncto
925 3576 980 3635 2,
1017 3572 1145 3643 quin
1178 3578 1260 3627 vel
1294 3578 1527 3628 maxime
1560 3576 1855 3641 Conccptio
1883 3576 1997 3639 ipsa
2027 3572 2265 3642 Virginis

694 3646 860 3697 fuerit
884 3660 1103 3713 quoque
1118 3647 1234 3714 ejus
1252 3657 1438 3705 ortus;
1469 3647 1542 3698 rei
1579 3660 1811 3713 namque
1832 3654 2010 3697 ortum
2033 3646 2268 3697 maxime

694 3717 929 3769 dieiinus
976 3733 1097 3769 esse
1128 3721 1301 3784 ipsum
1336 3718 1411 3770 rei
1450 3718 1794 3783 principium.
1849 3733 1867 3764 ι
1905 3714 2037 3784 lliiic
2071 3714 2269 3784 Cathe-

695 3801 849 3838 rinus
901 3788 954 3838 in
1009 3802 1105 3839 sua
1150 3783 1423 3854 Disputat.
1459 3802 1555 3853 pro
1611 3787 1956 3838 immaculata
2006 3783 2065 3836 Β.
2120 3783 2263 3851 Virg.

694 3857 955 3923 Cnncept.
994 3857 1085 3909 lib.
1130 3872 1168 3918 i,
1208 3863 1273 3909 ad
1309 3859 1600 3923 quosdam,
1637 3857 1729 3922 qui
1760 3856 2091 3909 adducentes
2125 3854 2268 3906 hunc

694 3924 817 3979 Jobi
848 3927 1025 3979 locum
1056 3946 1068 3980 :
1108 3926 1391 3994 Exspectat
1417 3929 1584 3979 lucem
1616 3936 1664 3978 ct
1692 3942 1793 3978 non
1828 3928 2024 3985 rideat,
2059 3940 2150 3975 nec
2177 3940 2268 3994 ore

699 4008 815 4047 imit
861 3999 1122 4065 surgentis
1163 3993 1389 4061 aui-orte,
1433 4008 1487 4050 et
1530 4001 1596 4050 de
1644 4006 1866 4064 peccato
1904 3996 2153 4065 originali
2194 3993 2268 4047 ibi

697 4064 1007 4120 seruienein
1037 4083 1159 4121 esse
1202 4078 1530 4130 aSscrentes,
1560 4069 1702 4136 quod
1744 4084 1849 4119 non
1884 4068 2016 4119 vidit
2042 4064 2266 4129 Lucem,

697 4152 821 4204 qua:
862 4147 945 4189 est
974 4138 1247 4203 Christus,
1272 4155 1381 4207 quo
1414 4139 1563 4191 illum
1598 4136 1811 4205 penitus
1842 4153 1948 4190 non
1978 4138 2266 4200 conclusit,

701 4222 803 4259 iicc
828 4217 1029 4272 ortum,
1067 4210 1119 4261 id
1161 4219 1267 4272 est,
1296 4208 1639 4261 Nativitatein
1687 4212 1967 4276 surgentis
2018 4207 2267 4266 Aiirorai,

698 4293 819 4344 qu.e
845 4287 928 4329 est
950 4277 1113 4330 Maria
1143 4296 1154 4330 :
1183 4280 1307 4333 inde
1335 4280 1658 4338 inferebant,
1679 4286 1820 4346 quod
1853 4278 1966 4331 sola
1991 4278 2267 4339 nativitas,

698 4357 752 4399 et
807 4362 915 4400 non
969 4351 1251 4417 conceptio
1310 4349 1493 4402 Marias
1538 4349 1947 4415 excipiebatur,
2011 4347 2167 4401 etab
2205 4360 2271 4399 eo

702 4431 925 4483 peccato
964 4428 1080 4472 erat
1110 4421 1389 4484 immunis,
1423 4422 1474 4471 iii
1507 4420 1650 4472 hunc
1679 4421 1898 4471 modum
1934 4417 2267 4487 respondet:

700 4493 991 4556 hxpanunt
1042 4500 1222 4542 ortum
1273 4495 1499 4543 Aurorae
1560 4504 1659 4558 pro
1720 4489 2010 4542 Nativitate
2066 4489 2265 4558 Mariae,

700 4574 822 4626 quae
854 4560 953 4611 l'uit
983 4574 1049 4612 ex
1079 4570 1268 4626 utero;
1302 4576 1398 4614 cur
1422 4575 1531 4629 non
1559 4556 1737 4629 potius
1770 4576 1866 4626 pio
1895 4559 1984 4612 illa
2014 4573 2133 4627 qua:
2165 4556 2267 4629 fuit

700 4632 754 4681 in
787 4632 982 4681 utero?
1009 4630 1119 4683 Cur
1149 4631 1295 4698 enim
1325 4632 1424 4683 viri
1463 4628 1573 4695 isti,
1608 4641 1664 4682 ut
1706 4632 2024 4698 saepissime,
2055 4638 2108 4681 ct
2135 4628 2269 4680 mul-

702 4710 773 4752 t.s
841 4704 975 4754 lOClS
1039 4692 1251 4754 contra'
1298 4692 1888 4768 Dominepuritaiem
1948 4708 2263 4769 perpetuam

702 4784 947 4837 agentes,
990 4780 1192 4834 ortum,
1244 4781 1297 4824 et
1356 4773 1692 4823 nativitatem
1750 4786 1846 4839 pro
1900 4772 2015 4839 ipsa
2068 4782 2266 4822 conce-

704 4852 886 4906 ptione
920 4842 1216 4907 accipiunt,
1249 4856 1411 4910 atque
1457 4850 1738 4911 exponunt
1784 4843 1946 4894 etiam
1982 4841 2179 4899 verbis.
2212 4847 2267 4893 et

700 4922 885 4963 mente
929 4924 1214 4963 auctorum
1252 4910 1700 4982 repugnantibus,
1736 4921 1793 4964 ut
1829 4928 1930 4965 suo
1958 4910 2266 4982 locomou-

701 4982 917 5044 strabo;
952 4997 1095 5033 nunc
1122 4992 1324 5046 autem,
1363 4980 1452 5036 ubi
1485 4986 1622 5036 ratio
1649 4982 1882 5035 maxime
1912 4980 2194 5043 suadebat,
2215 4988 2268 5032 et

702 5049 825 5116 pius
852 5050 1005 5103 lavor
1036 5051 1193 5104 Matri
1223 5053 1337 5115 Dei,
1374 5065 1552 5106 ortum
1585 5070 1794 5106 aurora:
1829 5068 1927 5121 pro
1963 5054 2263 5114 nativitate,

702 5135 824 5187 quae
858 5138 921 5173 ex
956 5131 1271 5193 ιιιριποπιιυιι
1303 5140 1423 5193 qua:
1474 5126 1525 5176 in
1572 5137 1747 5187 utero,
1788 5125 1954 5176 velint
1988 5137 2086 5175 nos
2132 5125 2266 5193 reci-

702 5204 849 5257 pere,
889 5199 945 5243 ut
998 5196 1097 5247 hoc
1137 5192 1381 5248 Domina:
1431 5196 1770 5263 privilegium
1821 5192 2161 5263 expugnent?
2197 5193 2265 5245 At

702 5275 819 5334 nos
852 5264 1129 5334 discvmus
1184 5276 1367 5333 potius
1421 5281 1519 5334 pro
1573 5268 1745 5334 gloria
1790 5264 2009 5333 lli-gina:
2062 5272 2265 5316 nostra:

702 5332 865 5384 simili
933 5336 1095 5387 modo
1156 5332 1450 5401 exponere,
1484 5332 1623 5390 sicut
1674 5337 1764 5388 illa
1802 5332 2009 5389 faciunt
2072 5343 2262 5386 contra

701 5402 874 5476 illam,
917 5414 975 5456 ut
1008 5415 1188 5458 ortum
1229 5423 1401 5475 ipsum
1449 5421 1549 5475 pro
1598 5408 1717 5475 ipso
1749 5410 1923 5476 primo
1960 5413 2083 5458 ortu
2116 5404 2264 5457 acci-

700 5473 934 5538 piamus,
963 5476 1055 5543 qui
1099 5478 1199 5528 luit
1226 5473 1277 5529 iii
1312 5473 1466 5531 utero
1504 5473 1630 5530 cuin
1665 5473 1763 5531 est'
1787 5486 2069 5545 concepta,
2101 5490 2259 5543 quem

702 5552 880 5616 ortum
907 5548 1096 5611 procul
1137 5547 1303 5599 dubio
1332 5559 1447 5600 atra
1481 5549 1570 5601 iila
1595 5550 1804 5616 peccati
1832 5564 1934 5601 nox
1967 5562 2075 5599 non
2105 5548 2257 5598 vidit.

702 5612 857 5688 Quod
897 5627 1078 5688 autem
1110 5618 1180 5670 ita
1221 5616 1345 5672 vere
1377 5622 1569 5688 exponi
1595 5612 1807 5677 debeat,
1847 5622 2078 5688 priurum
2111 5620 2256 5683 l'acit,

698 5686 843 5759 quod
878 5685 1008 5752 ipsa
1044 5690 1315 5759 decenter
1374 5685 1472 5759 pro
1507 5704 1699 5743 aurora
1748 5685 2105 5759 signiﬁcatur,
2139 5703 2261 5755 qua:

698 5754 902 5808 Christ;
947 5758 1053 5812 luci
1100 5754 1432 5826 adjungitdr,
1466 5775 1587 5828 qua:
1616 5770 1764 5814 certe
1801 5754 1969 5814 simul
2004 5776 2124 5814 cum
2155 5754 2255 5820 est,

665 5839 822 5894 _cuui
856 5830 975 5883 luce
1010 5833 1127 5901 ipsa
1166 5842 1268 5900 est,
1304 5847 1582 5902 nunquam
1613 5842 1695 5889 est
1737 5837 1883 5888 enim
1912 5845 2110 5887 aurora
2142 5832 2258 5885 sine

2378 597 2559 639 iantes
2590 586 3021 656 uiagnilicemus.

2715 678 2799 732 Ea:
2833 695 3028 732 canone
3059 680 3203 748 ferite
3235 696 3317 744 iii,
3348 682 3498 735 hebd.
3533 697 3606 736 tv.

2442 768 2598 824 Sicut
2620 770 2830 825 Aurora
2870 770 3049 824 Solem
3084 773 3137 826 in
3162 772 3304 827 ulnis
3332 773 3531 840 ferens,
3558 773 3724 845 Virgo
3753 786 3948 831 exorta

2368 870 2423 914 et
2464 861 2621 915 nobis
2652 860 2705 915 in
2746 871 2907 916 nocte
2941 863 3259 919 sedentibus
3292 865 3425 935 (6i).

2434 950 2506 1006 Ut
2532 952 2817 1008 Deilicarct
2856 954 3155 1009 humanum
3188 974 3360 1027 genus
3392 956 3536 1014 Deus
3563 960 3728 1017 homo
3766 960 3949 1016 lactus

2374 1110 2519 1185 luce.
2555 1110 2972 1185 Secundofacit
3004 1123 3057 1168 ct
3092 1115 3350 1181 maxime,
3379 1120 3524 1185 quod
3555 1136 3675 1173 cum
3712 1121 3780 1173 de
3810 1124 3944 1175 stel-

2370 1182 2436 1260 li_s
2482 1182 2724 1260 loquitur
2755 1182 3001 1260 .loh._per
3032 1202 3169 1260 quas
3208 1182 3408 1254 procul
3432 1192 3597 1242 dubio
3628 1194 3801 1245 sancti
3838 1194 3942 1260 ipsi

2368 1253 2784 1328 signiﬁcantur,
2817 1253 3228 1328 iohtcuebratas
3284 1260 3403 1312 illas
3458 1261 3692 1328 caligine
3762 1253 3945 1317 noctis

2369 1324 2532 1390 hujus
2571 1325 2931 1392 pronuntiat?
2964 1326 3110 1393 quod
3165 1338 3315 1382 certe
3368 1346 3474 1382 non
3522 1324 3796 1385 videretur
3849 1349 3947 1388 ve-

2370 1410 2513 1457 rum,
2552 1395 2596 1448 si
2632 1404 2813 1447 ortum
2855 1410 2921 1449 ex
2956 1406 3108 1468 utero
3140 1398 3302 1468 etiam
3341 1400 3391 1452 in
3425 1402 3755 1468 quibusdam
3788 1403 3943 1468 ipso-

2371 1480 2487 1537 rnui
2537 1473 3022 1537 spectarcmus,ut
3063 1467 3130 1520 de
3158 1465 3367 1523 Joanne
3400 1465 3665 1537 Baptista,
3697 1482 3751 1526 et
3784 1465 3943 1527 Iere-

2371 1536 2479 1587 mia
2510 1550 2700 1609 onines
2734 1536 3102 1609 concedimus,
3141 1539 3284 1591 sicut
3312 1536 3573 1609 scriptum
3606 1553 3688 1596 est
3716 1562 3729 1597 ε
3764 1560 3784 1594 ι
3822 1544 3942 1597 Διι-

2370 1614 2588 1679 tequam
2614 1608 2791 1679 exircs
2828 1609 2895 1660 de
2923 1608 3463 1673 vulva,lsanctil‘icavi
3495 1622 3564 1664 te.
3590 1631 3609 1663 ι
3649 1612 3868 1679 (Jerent.
3898 1631 3942 1677 i,

2368 1676 2447 1742 5.)
2480 1676 2593 1730 Non
2629 1676 2793 1744 igitur
2838 1688 2985 1731 recte
3012 1688 3232 1746 excepta
3284 1680 3478 1735 luisset
3504 1684 3618 1735 sola
3654 1676 3851 1737 aurora
3881 1676 3939 1737 iii

2371 1757 2515 1807 ortu,
2556 1759 2813 1822 tanquam
2862 1757 3086 1822 peccato
3130 1750 3273 1803 illius
3309 1751 3484 1804 noctis
3536 1754 3727 1819 libera,
3762 1755 3805 1806 si
3841 1770 3941 1822 per

2367 1827 2545 1869 ortum
2578 1818 2844 1885 posterior
2867 1818 3266 1885 signiﬁcaretur
3293 1822 3571 1886 iiativitas,
3600 1818 3722 1876 cum
3746 1833 3799 1877 et
3833 1818 3937 1879 hoc

2370 1887 2435 1940 de
2464 1887 2736 1953 aliquibus
2763 1886 2932 1941 stellis
2962 1904 3148 1941 verum
3176 1900 3340 1944 esset.
3388 1892 3454 1944 Et
3490 1903 3668 1948 tamen
3701 1897 3941 1949 sanctis-

2372 1959 2546 2011 simus
2575 1955 2698 2021 Job,
2730 1969 2789 2012 ut
2816 1958 2961 2010 illam
3013 1958 3139 2033 luci,
3176 1962 3229 2013 id
3270 1970 3373 2033 est,
3402 1962 3623 2018 Christo
3669 1965 3937 2033 adjuiige—

2375 2038 2481 2104 ret,
2513 2037 2972 2104 ctsuperpmnes
2998 2031 3207 2104 Stegllas,
3242 2032 3292 2104 id
3330 2043 3436 2096 est,
3468 2046 3709 2097 sanctos,
3739 2031 3937 2104 king"-

2368 2099 2552 2153 lariter
2584 2100 2977 2168 inagnilicarct,
3013 2102 3188 2153 solum
3242 2102 3360 2170 ejus
3397 2113 3578 2158 ortum
3616 2099 3938 2170 excipitfut

2368 2171 2551 2225 stellas
2603 2185 2794 2224 omnes
2826 2185 2934 2237 pra:
2963 2170 3049 2223 illa
3096 2174 3421 2226 obscur-atas
3450 2174 3671 2229 faceret.
3712 2176 3802 2229 Sic
3830 2176 3938 2231 Ca-

2370 2240 2637 2294 tlierinus.
2685 2239 2946 2293 Pradicta
2984 2242 3145 2293 etiam
3179 2239 3299 2295 ani
3337 2244 3499 2297 verba
3546 2260 3574 2297 a
3613 2245 3671 2299 S.
3718 2244 3931 2301 Tlioma

2365 2311 2525 2363 allata
2555 2312 2893 2379 expendens
2921 2311 3167 2379 Andreas
3210 2310 3401 2366 Pintns
3437 2315 3687 2369 llainirez
3734 2316 3786 2368 in
3830 2334 3935 2371 Suo

2366 2396 2529 2447 opere
2561 2378 2889 2449 Deconcept.
2931 2378 2994 2432 B.
3032 2378 3173 2449 Virg.
3207 2399 3258 2435 n.
3286 2382 3411 2444 367,
3446 2385 3496 2436 in
3533 2386 3677 2438 hunc
3709 2390 3932 2442 modum

2367 2452 2558 2505 scribit
2590 2468 2603 2503 :
2642 2467 2659 2500 ι
2708 2452 2881 2526 Quam
2933 2451 3103 2504 libere
3132 2461 3287 2526 ortus
3331 2455 3604 2526 ali‘utero
3636 2457 3723 2510 hic
3760 2459 3937 2526 expli-

2368 2532 2544 2585 catur,
2576 2530 2681 2593 tam
2715 2521 2883 2574 lihere
2914 2532 3095 2575 ortum
3130 2521 3186 2575 iii
3213 2533 3387 2585 utero,
3416 2523 3467 2576 id
3500 2534 3583 2579 est
3616 2521 3935 2593 conceptio-

2368 2607 2487 2645 nem
2529 2592 2823 2660 passivam,
2888 2606 3185 2658 possumus
3236 2594 3533 2660 explicarc,
3591 2603 3645 2649 et
3698 2592 3937 2653 fortasse

2367 2662 2539 2730 magis
2575 2676 2817 2734 congrue
2851 2661 3123 2734 vulgatam
3156 2666 3558 2734 nostram'(qui
3588 2676 3671 2720 est
3689 2669 3936 2734 optimus

2364 2734 2668 2800 explicandi
2698 2732 2915 2800 modus)
2955 2733 3075 2786 aliis
3106 2733 3449 2787 versionibus
3486 2732 3869 2791 ’conciliantes.
3908 2758 3929 2790 ι

2370 2800 2600 2855 Sanctcs
2630 2802 2774 2855 enim
2822 2802 3099 2867 l’agninus
3134 2802 3420 2857 Thomista
3464 2804 3697 2859 ﬁdeliter
3726 2823 3790 2861 ex
3821 2810 3936 2861 He-

2369 2874 2513 2925 braio
2567 2873 2646 2925 sic
2684 2877 2845 2925 vertit
2885 2890 2896 2924 :
2948 2891 2965 2922 ι
3004 2873 3293 2940 Exspectet
3340 2873 3538 2938 lucem,
3585 2886 3640 2930 et
3680 2892 3786 2931 non
3836 2880 3933 2943 sit,

2368 2958 2467 2996 nec
2496 2943 3051 3018 rideat_spleiidoreiii
3089 2958 3322 3018 θυι-ονε.
3370 2963 3387 2995 ι
3422 2944 3588 3018 Ortus
3622 2963 3752 3018 ergo
3785 2952 3932 3018 apud

2367 3023 2612 3065 naslrum
2689 3013 3036 3084 interpretem
3091 3014 3437 3079 splendorem
3499 3013 3769 3084 signiﬁi'at
3803 3013 3837 3080 .’
3881 3030 3938 3072 ct

2367 3084 2623 3150 splendor
2651 3082 2898 3135 absolute
2940 3083 3006 3135 de
3036 3087 3232 3150 quovis
3278 3084 3461 3136 Mai-ite
3503 3082 3727 3139 instanti
3783 3090 3937 3142 venit

2368 3153 2735 3219 usurpandus.
2777 3150 3034 3204 Vatablus
3064 3152 3232 3218 legit:
3269 3172 3285 3202 ι
3322 3154 3612 3220 Exspectet
3649 3157 3849 3221 lucem,
3881 3169 3937 3210 et

2371 3238 2474 3274 non
2508 3224 2665 3294 adsit,
2693 3235 2789 3273 nec
2813 3221 2986 3294 videat
3018 3221 3301 3294 palpebras
3337 3237 3629 3294 aurorae.)
3674 3224 3783 3279 llas
3814 3229 3933 3294 pal-

2369 3295 2564 3366 peliras
2590 3292 2790 3366 frustra
2824 3292 2890 3343 ad
2922 3293 3259 3366 nativitatem
3297 3294 3469 3366 magis
3506 3293 3739 3361 deferas,
3768 3292 3933 3366 quam

2370 3359 2437 3436 ad
2466 3361 2910 3436 conceptionem.
2946 3359 3000 3436 lii
3033 3376 3091 3436 re
3113 3374 3250 3436 ergo
3282 3363 3445 3436 dubia
3486 3366 3659 3432 magis
3686 3359 3933 3436 congrue

2370 3435 2436 3483 ad
2466 3432 2724 3483 honorem
2761 3428 3001 3499 Virginis
3032 3430 3183 3483 locus
3222 3432 3461 3496 ducitur,
3489 3428 3651 3499 quam
3696 3428 3936 3491 traliitur

2369 3502 2434 3553 ad
2468 3500 2718 3569 impium.
2753 3499 2856 3552 Sed
2890 3500 3015 3553 audi
3054 3501 3185 3567 quid
3230 3516 3327 3569 pro
3368 3502 3544 3556 littera
3576 3504 3778 3561 Pineda
3814 3509 3933 3563 ibi:

2374 3589 2402 3644 ι
2432 3570 2577 3644 Inter
2627 3570 2863 3638 reliquas
2922 3572 3328 3644 translationes
3372 3573 3486 3626 haec
3548 3575 3932 3644 palpebrarum

2370 3641 2635 3717 illustrior
2656 3651 2760 3717 est,
2790 3641 2935 3717 quod
2960 3644 3177 3717 oculum
3209 3642 3333 3695 εωΙί
3357 3644 3611 3711 respiciat
3639 3641 3658 3698 Ξ
3693 3662 3936 3717 namque

2370 3714 2538 3767 solem
2582 3712 2706 3764 coeli
2752 3710 2971 3764 oculum
3007 3713 3221 3785 videtur
3255 3710 3459 3785 aurora
3485 3716 3641 3782 quasi
3674 3730 3799 3785 post
3832 3710 3933 3773 no-

2371 3793 2626 3836 cturiiuin
2661 3796 2935 3848 soporem,
2974 3793 3028 3834 et
3055 3783 3237 3834 clausa
3282 3782 3513 3846 lumina,
3548 3782 3741 3839 iterum
3775 3788 3935 3842 didu-

2371 3855 2494 3913 ctis,
2522 3861 2575 3904 et
2616 3852 2820 3919 apertis
2870 3852 3147 3919 palpebris
3195 3852 3528 3921 vigilantem,
3561 3866 3615 3909 et
3650 3858 3931 3912 videntem

2373 3924 2573 3995 mundo
2602 3922 2847 3995 reddere.
2888 3939 2914 3995 »Α
2938 3921 3115 3995 Uiviiii
3146 3936 3277 3991 ergo
3303 3921 3481 3987 Oculi,
3509 3928 3560 3977 id
3599 3936 3703 3989 est,
3743 3925 3935 3995 Verbi,

2371 3994 2625 4060 palpebra
2654 3995 2759 4045 erit
2786 3991 2976 4053 Maria,
2994 3995 3038 4046 si
3068 3992 3279 4045 Aurora
3311 4004 3395 4048 est
3416 4009 3483 4048 ex
3501 4007 3677 4051 mente
3703 3995 3768 4051 Ι).
3796 3991 3937 4053 Τιιοὲ

2374 4079 2494 4125 uite,
2528 4073 2581 4115 et
2608 4063 2732 4131 quis
2764 4064 2904 4134 tanti
2935 4064 3087 4116 Oculi
3115 4065 3402 4134 palpebras
3426 4066 3620 4134 lippas,
3650 4079 3705 4121 et
3736 4072 3935 4121 conni-

2372 4144 2558 4186 vcntes
2593 4132 2921 4201 quandoque
2953 4134 3320 4187 existimabit?
3351 4133 3404 4187 Si
3438 4132 3574 4189 nihil
3596 4139 3649 4190 in
3680 4136 3932 4191 Divinam

2373 4204 2550 4277 lucem
2605 4197 2884 4277 Christum
2947 4204 3179 4258 incurrit
3234 4206 3601 4275 inquinatum,
3656 4223 3755 4261 cur
3812 4210 3933 4277 ejus

2372 4272 2695 4346 llater,_uhi
2730 4273 2821 4326 lux
2854 4277 2979 4338 ista,
3016 4284 3273 4342 tanquam
3306 4272 3450 4346 inter
3474 4278 3783 4346 palpebras,
3826 4272 3933 4332 tio-

2374 4345 2457 4397 his
2518 4344 2830 4412 lulguravit,
2873 4346 3233 4414 denigratur?
3263 4347 3319 4399 Si
3368 4344 3799 4402 uaria—Aurora
3846 4362 3935 4403 est

2374 4414 2517 4487 Solis
2574 4416 2934 4487 ininiacuiati,
2990 4430 3089 4487 cur
3141 4416 3453 4481 maculata,
3500 4421 3611 4472 iino
3647 4430 3935 4487 appetens,

2373 4486 2520 4554 quod
2570 4484 2854 4556 Concepta
2895 4485 3131 4556 appetit,
3182 4487 3545 4555 profanatur?
3596 4484 3768 4556 Hujus
3823 4504 3932 4553 est,

2372 4558 2517 4625 quod
2544 4555 2715 4609 voluit
2743 4556 2803 4625 β,
2828 4554 2974 4609 Petr.
3000 4554 3151 4609 Dain.
3177 4554 3243 4610 ad
3272 4559 3419 4612 hunc
3458 4560 3640 4612 locum
3670 4554 3839 4613 serui.
3864 4564 3934 4614 de

2370 4622 2654 4694 Assumpt.
2690 4642 2708 4675 ι
2751 4622 2875 4698 Haec
2926 4635 3031 4689 est,
3084 4627 3283 4695 inquit,
3341 4629 3575 4695 Aurora,
3626 4643 3792 4698 quain
3843 4634 3933 4684 ille

2370 4712 2479 4749 non
2521 4698 2674 4760 vidit,
2718 4696 2810 4763 qui
2838 4698 3145 4749 viditomnc
3176 4699 3427 4764 sublime,
3470 4712 3528 4754 ut
3559 4696 3677 4753 erat
3710 4699 3771 4754 Β.
3802 4698 3930 4765 Job,

2371 4778 2431 4819 ut
2466 4768 2540 4819 illi
2588 4767 2754 4819 multa
2805 4768 3192 4834 suppressione
3233 4770 3519 4825 claudatur
3540 4774 3771 4825 dicens:
3803 4770 3932 4825 Non

2370 4839 2538 4890 rideat
2590 4850 2765 4890 ortum
2794 4838 3055 4904 surgentis
3086 4842 3330 4892 Aurorw.
3379 4843 3535 4895 Sicut
3559 4847 3770 4894 Aurora
3818 4853 3933 4895 ter-

2370 4924 2577 4961 minum
2619 4912 2812 4966 noctis.
2841 4919 2896 4960 et
2947 4909 3054 4962 dici
3086 4912 3413 4979 principium
3448 4916 3642 4967 adesse
3674 4922 3929 4978 testatur,

2369 4980 2449 5033 sic
2478 4988 2531 5032 et
2558 4978 2721 5046 Virgo
2754 4989 2965 5031 noctem
3013 4982 3221 5049 expulit
3254 4978 3663 5050 sempiternam.
3702 5000 3721 5033 ι
3750 4983 3933 5038 Minus

2369 5052 2513 5103 enim
2559 5065 2802 5117 congrue
2838 5064 2947 5105 tam
2979 5058 3148 5103 multa
3190 5056 3600 5121 sUppressione,
3636 5055 3687 5107 id
3726 5064 3811 5107 est
3833 5055 3933 5107 ab-

2367 5121 2666 5193 sti’usione,
2697 5121 2878 5193 clausa
2922 5121 3125 5193 dicitur
3169 5121 3381 5176 Aurora
3431 5134 3643 5186 nostra,
3693 5124 3738 5177 si
3783 5125 3932 5193 ipsas

2367 5192 2671 5259 appetentis
2709 5191 2857 5246 illius
2900 5192 3171 5259 primitias
3205 5195 3417 5248 damon
3454 5197 3729 5264 Oppressit
3777 5191 3933 5248 :‘nii-

2366 5276 2470 5315 nus
2520 5277 2759 5331 congrue
2794 5266 3165 5334 clauderetur,
3200 5267 3246 5318 si
3298 5266 3469 5319 hastis
3516 5268 3754 5334 primum
3783 5266 3934 5320 illius

2365 5336 2565 5386 ostium
2592 5336 2870 5405 reseravit.
2895 5333 3050 5386 Absit
3082 5352 3093 5386 :
3123 5350 3231 5388 non
3262 5338 3435 5389 solum
3471 5333 3576 5390 nun
3610 5337 3806 5405 tetigit,
3836 5338 3933 5389 sed

2366 5418 2464 5476 uec
2498 5418 2617 5456 eam
2657 5403 2841 5458 videre
2886 5420 3055 5458 ausus
3089 5415 3174 5459 est
3219 5409 3471 5475 princeps
3517 5403 3791 5476 superbiae
3828 5422 3931 5460 su-

2364 5472 2612 5527 blimium
2642 5486 2952 5542 spectator;
2984 5490 3147 5542 quam
3177 5472 3291 5544 jam
3340 5472 3669 5548 se'suosq'ue
3703 5492 3933 5546 oppres-

2365 5557 2591 5619 suraiii,,
2624 5556 2922 5619 etgzeterno
2964 5549 3279 5619 clausuram
3316 5564 3535 5603 carcere
3577 5550 3933 5619 pertimebat.

2362 5612 2637 5690 Hactenus
2664 5615 2938 5690 llaiiiiiez.
2964 5617 3093 5690 Vide
3119 5616 3177 5670 S.
3202 5617 3469 5672 Thomam
3500 5623 3551 5673 in
3577 5612 3778 5690 psahn.
3804 5635 3931 5682 va,

2364 5689 2453 5757 ubi
2487 5687 2767 5754 explicans
2789 5689 2855 5740 dc
2886 5687 2947 5740 Β.
2980 5686 3201 5756 Virgine
3222 5692 3308 5743 illa
3336 5693 3496 5743 verba
3534 5710 3548 5745 :
3586 5686 3604 5742 ἱ
3644 5692 3931 5757 Agjuvabit

2362 5755 2493 5809 liam
2543 5764 2687 5811 Ucus
2729 5774 2887 5812 triaue
2923 5755 3185 5826 diluculo,
3225 5778 3243 5810 ι
3307 5761 3505 5830 inquit,
3546 5755 3932 5816 DCUtltVMal‘l‘J

2360 5830 2656 5885 exsisteudi
2691 5832 2869 5885 adhuc
2897 5830 2951 5885 in
2983 5842 3157 5897 utero,
3181 5833 3504 5890 auxiliatum
3533 5833 3701 5890 fuisse
3742 5850 3757 5885 :
3790 5853 3811 5885 ι
3851 5831 3925 5884 lit
