4180 6450
672 303 806 366 1395

665 512 812 575 tatis,
841 510 1117 565 Christum
1146 527 1345 581 regem,
1382 529 1542 582 quem
1577 514 1758 568 laudat
1797 517 2046 591 unJiversa
2080 532 2232 570 crea-

666 613 807 664 tura.
850 619 1011 673 quem
1060 614 1298 658 tremunt
1334 622 1583 675 superine
1628 616 1842 661 turmae.
1888 606 2043 663 Hunc
2077 624 2227 680 roga,

663 696 1075 767 augustissima,
1111 708 1171 751 ut
1204 708 1421 754 nostras
1446 699 1659 755 animas
1681 702 1871 755 salvct.
1960 686 2017 714 ί

1750 308 1810 368 5.
1852 309 2163 370 JOSEPIII
2200 312 2757 376 HYMNOGRAPHI

736 417 1069 473 Continuisti
1115 418 1238 473 alvo
1268 427 1379 483 tua,
1424 418 1587 490 Virgo
1621 429 1815 482 mater,
1853 440 2021 477 unum
2052 423 2232 477 Trini-
2261 436 2305 490 Α

2418 429 2733 501 Ἐχώρησας
2780 432 2840 483 ἐν
2893 433 3090 503 γαστρί
3144 452 3261 500 σου,
3318 435 3766 507 Παρθενομῆτορ,
3814 440 3913 489 τὸν

2336 521 2434 574 ἕνα
2475 523 2573 591 τῆς
2632 523 2859 594 Τριέιδος
2894 527 3126 596 Χριστὶν
3156 528 3246 579 τὸν
3277 526 3564 595 ζωοδὸτην,
3624 530 3687 581 ὃν
3745 531 3914 597 ὑμνεῖ

2338 618 2487 670 πᾶσα
2526 617 2726 683 κτίσις,
2763 618 2856 671 καὶ
2893 622 3185 690 τρέμουσιν
3234 624 3279 673 οἱ
3311 622 3423 675 ἄνω
3476 622 3655 692 θρόνοι
3680 638 3694 650 ·
3741 622 3908 674 αὐτὸν

2336 706 2595 772 Sustinet,
2633 709 3087 779 παμμακάριστε,
3110 711 3348 781 σωθῆναι
3388 714 3487 774 τὰς
3510 712 3688 781 ψυχὰς
3721 712 3903 780 ἡμῶν.

1681 820 1840 891 332
1875 818 1959 875 Ea:
1992 838 2188 876 canone
2220 824 2367 892 feria:
2402 843 2451 891 ν,
2478 826 2788 883 Itebdomad.
2818 846 2890 884 tv.

735 930 911 1001 Super
942 942 993 988 te
1033 935 1294 1004 sapientia
1326 934 1505 992 Patris
1536 936 1721 991 ευδτηὶ
1763 939 2043 994 descendit
2083 942 2227 997 sicut

664 1024 840 1096 pluvia
870 1024 925 1078 in
973 1026 1166 1092 vellus,
1197 1041 1231 1081 o
1266 1036 1412 1082 casta
1444 1036 1498 1083 et
1541 1031 1821 1083 incarnata
1877 1032 2010 1084 citra
2050 1042 2230 1086 muta-

663 1120 887 1184 tionem,
914 1120 1029 1175 vias
1068 1121 1189 1174 vita:
1233 1122 1470 1177 ostendit
1501 1121 1658 1175 nobis
1699 1122 1997 1177 scientibus
2026 1131 2079 1179 te
2107 1123 2230 1178 Vir-

662 1209 837 1277 ginem
866 1219 986 1280 post
1006 1221 1217 1279 partum
1244 1222 1297 1268 et
1319 1213 1566 1267 Matrem.

732 1295 916 1350 Mundi
966 1300 1202 1355 universi
1262 1303 1485 1356 Domina
1548 1302 1760 1367 cﬂec’ta,
1812 1304 1903 1361 Dei
1965 1305 2231 1372 Genitrix,

662 1387 951 1443 mundanis
992 1406 1079 1445 me
1142 1393 1410 1448 scandalis
1463 1403 1517 1449 et
1555 1395 1699 1451 vitiis
1755 1400 1999 1469 corporis
2024 1440 2039 1464 ,
2075 1412 2232 1455 atter-

663 1481 856 1548 nisque
884 1482 1163 1550 suppliciis
1192 1484 1452 1552 gehennae
1480 1487 1669 1555 libera,
1704 1501 1759 1545 ut
1782 1500 1832 1545 te
1860 1493 2094 1545 laudem.

732 1573 776 1627 Ο
809 1582 899 1626 tua
950 1576 1287 1645 cogitatione
1342 1581 1622 1649 Superiora
1673 1583 1959 1645 miracula,
1995 1586 2233 1639 sanctis-

662 1664 1035 1779 simaPVirgol
1071 1668 1150 1722 Tu
1186 1670 1329 1724 enim
1370 1673 1626 1739 peperisti
1660 1674 2002 1729 incarnatum
2039 1676 2227 1743 Deum,
2264 1724 2306 1779 Β
2332 1728 2385 1774 ει

662 1757 751 1826 qui
784 1756 967 1812 divina
1005 1761 1404 1817 resurrectione
1435 1778 1533 1818 sua
1563 1775 1757 1819 cuncta
1793 1767 1940 1821 salva
1974 1766 2125 1822 fecit.

906 1869 991 1925 Ea:
1019 1888 1217 1929 canone
1254 1873 1537 1930 Parosceve
1568 1876 1882 1933 Iaebdomad.
1918 1896 1993 1936 tv.

729 1981 931 2037 Sancta
987 1984 1077 2039 Dei
1109 1985 1377 2051 Genitrix,
1434 2002 1555 2055 qua:
1618 1998 1867 2042 sanctum
1918 2000 2233 2046 sanctorum

665 2072 900 2130 Verbum
954 2066 1221 2146 principio
1272 2080 1509 2133 carentis
1570 2082 1756 2134 aeterni
1816 2080 1993 2136 Patris
2044 2099 2109 2136 ex
2169 2099 2235 2137 eo

664 2167 1017 2236 resplendens
1056 2172 1331 2239 peperisti.
1361 2170 1510 2239 Roga
1543 2172 1715 2241 ipsum
1749 2173 2137 2240 indesinenter,
2172 2185 2232 2230 ut

664 2259 968 2314 sanctilicet
1000 2270 1051 2314 et
1089 2262 1356 2315 illuminet
1386 2263 1599 2318 animas
1630 2272 1680 2318 et
1705 2267 1870 2319 corda
1904 2277 2111 2329 nostra,
2138 2266 2233 2335 qui

664 2350 1038 2406 desideramus
1065 2362 1117 2407 te
1143 2354 1385 2407 laudare.

736 2442 943 2497 Domus
1004 2443 1095 2497 Dei
1150 2446 1333 2515 agnita
1380 2460 1473 2511 es,
1528 2447 1834 2501 castissima
1894 2446 2061 2517 Virgo
2104 2448 2231 2503 Dei-

666 2549 795 2602 para
823 2536 960 2603 (62),
994 2537 1192 2606 quippe
1223 2539 1297 2590 illi
1327 2554 1547 2591 carnem
1581 2555 1705 2593 vere
1730 2540 2021 2593 animatam
2047 2556 2109 2593 ex
2144 2551 2237 2595 tuo

666 2627 975 2697 incorrupta
1036 2631 1305 2699 sanguine
1352 2631 1565 2700 largita,
1620 2647 1654 2685 ο
1707 2631 2235 2700 immaculatissima,

667 2717 811 2772 unde
842 2728 892 2773 te
912 2720 1267 2776 bonoramus.

737 2810 1061 2868 lncarnatur
1104 2815 1356 2869 Christus
1384 2831 1450 2869 ex
1504 2826 1573 2878 te,
1608 2814 1952 2869 ineﬂ‘abiliter
1995 2815 2232 2872 Verbum

666 2906 935 2960 exsistens
960 2904 1157 2970 Patris,
1196 2905 1359 2976 Virgo
1405 2907 1650 2976 Deipara,
1685 2918 1738 2962 et
1762 2909 2104 2979 crucifigitur
2131 2925 2230 2963 vo-

826 3062 904 3118 Ea:
925 3056 1121 3118 cortone
1157 3063 1446 3118 Domiuicw
1472 3081 1545 3132 Iv,
1574 3065 1630 3118 in
1652 3064 2067 3119 Samaritanam.

741 3267 921 3333 Salve,
950 3268 1143 3323 throne
1179 3269 1370 3338 ignee;
1410 3270 1577 3335 salve,
1614 3273 2001 3327 candelabrum
2060 3284 2231 3328 totum

668 3376 894 3415 aureum
912 3378 923 3413 :
943 3362 1111 3421 salve,
1129 3362 1299 3413 nubes
1322 3361 1571 3427 luminis;
1592 3363 1757 3427 salve,
1774 3362 1932 3417 Verbi
1956 3365 2234 3434 palatium,

668 3463 723 3506 et
747 3466 929 3504 mensa
958 3450 1276 3517 spiritualis,
1304 3465 1423 3519 qua:
1449 3450 1730 3507 Christum
1782 3468 1973 3523 panem
2009 3455 2131 3507 vitae
2153 3454 2240 3507 di-

670 3557 772 3610 gne
803 3541 1051 3607 portasﬁ.

739 3632 784 3685 Ο
814 3632 975 3703 Virgo
1022 3632 1355 3703 Mater,qu:n
1414 3634 1574 3688 modo
1632 3633 1995 3703 inexplicabili
2042 3635 2095 3689 in
2148 3645 2241 3689 tuo

671 3734 826 3780 utero
852 3724 1018 3780 Deum
1046 3725 1423 3780 universorum
1448 3724 1743 3794 concepisti
1767 3741 1781 3789 ;
1817 3736 1871 3779 et
1894 3740 2056 3795 supra
2090 3742 2242 3780 men-

745 3903 857 3983 (ΟΞ)
899 3902 1106 3983 ξιιηῑςῇ
1155 3902 1438 3983 dicere}.
1464 3901 1742 3983 Virginem
1779 3901 1962 3983 fuisse
2000 3901 2231 3983 Domum

678 3974 792 4038 Dei,
826 3984 883 4026 ut
916 3974 1286 4037 intelligamus
1342 3973 1487 4025 illam
1541 3973 1659 4041 sine
1712 3973 1989 4041 originali
2023 3973 2231 4025 macula

673 4054 1014 4112 conceptam.
1059 4040 1194 4097 Nam
1246 4052 1569 4112 utisancttts
1617 4040 1854 4095 Thomas
1883 4058 1915 4112 7a
1950 4040 2229 4094 Villauova

672 4111 907 4168 serm.‘5
937 4112 1007 4165 De
1045 4112 1271 4167 Nativit.
1316 4111 1381 4164 Β.
1431 4111 1598 4179 νει-α..
1640 4114 1757 4164 ait:
1797 4130 1814 4162 ι
1852 4111 1965 4164 Non
2006 4112 2231 4165 decebat

677 4186 905 4237 Domum
964 4183 1254 4250 Sapientia:
1303 4182 1538 4251 aliquam
1575 4183 1627 4233 in
1683 4198 1741 4236 se
1795 4184 1991 4235 habere
2030 4182 2228 4244 labem,

676 4265 899 4323 propter
946 4255 1088 4321 quod
1146 4253 1349 4309 anima.
1396 4268 1519 4305 cum
1576 4251 1971 4323 infunderetur,
2024 4251 2228 4304 nullam

680 4322 869 4377 habuit
896 4339 961 4376 ex
999 4338 1182 4389 carne,
1216 4337 1393 4391 neque
1424 4323 1695 4376 contraxit
1722 4322 1895 4376 labem
1934 4323 2162 4389 peccati.
2205 4339 2225 4372 ο

679 4396 769 4447 Sic
797 4393 906 4446 ille.

748 4463 1058 4522 Ludovicus
1088 4477 1307 4531 quoque
1349 4461 1675 4531 Carvajalus
1713 4461 1779 4531 in,
1811 4460 2107 4514 Declamat.
2138 4476 2235 4514 ex-

678 4534 987 4603 postularia
1015 4528 1117 4600 pro
1142 4528 1614 4603 Conceptione’B.
1636 4528 1894 4603 Virginis,
1924 4533 1975 4583 in
2008 4546 2240 4603 persona

677 4600 921 4672 i-jusdem
949 4601 1184 4669 Virginis
1222 4604 1273 4655 in
1316 4603 1459 4655 hunc
1494 4601 1713 4654 modum
1750 4600 2032 4672 loquitur:
2075 4620 2094 4651 ‹
2132 4602 2244 4653 An-

679 4670 898 4743 tequam
937 4688 1036 4743 ego
1073 4672 1302 4734 formata
1347 4687 1523 4725 essem
1568 4672 1829 4743 inputem,
1866 4670 1938 4743 fui
1976 4671 2246 4725 destinata

681 4740 937 4801 itt'essem
988 4740 1159 4804 Mater
1212 4742 1324 4805 Dei,
1375 4751 1427 4794 et
1471 4758 1594 4805 eum
1630 4742 1695 4793 in-
1730 4742 2027 4796 visceribus
2060 4742 2247 4795 matris

683 4816 970 4876 l'urmarer,
1006 4821 1137 4865 tunc
1170 4813 1364 4865 domus
1401 4828 1540 4880 inca,
1577 4820 1833 4878 tanquam
1884 4811 2081 4865 domus
2129 4812 2245 4873 Dei,

683 4884 1066 4943 fabricabatur,
1102 4898 1207 4935 non
1239 4891 1499 4949 tauquam
1532 4881 1786 4948 spelunca
1824 4882 2062 4939 Satanae.
2105 4901 2119 4929 ι
2158 4881 2249 4934 Sic

683 4954 771 5007 ille
803 4954 943 5021 apud
995 4952 1478 5003 Armnmentarium
1516 4951 1859 5017 Seraphicnm
1905 4967 2023 5019 pag.
2061 4951 2147 5003 ΑΞ.
2183 4951 2248 5004 ΕΙ.

685 5026 737 5080 in
796 5020 1030 5091 quodam
1084 5020 1268 5075 Ol‘iicio
1332 5025 1555 5090 antiquo
1629 5021 1989 5073 lmmaculatm
2037 5021 2247 5076 Conce-

686 5095 887 5155 ptionis
944 5093 1087 5162 apud
1139 5092 1469 5159 Ballingbem
1527 5096 1579 5145 in
1654 5091 1921 5145 Parnasso
1974 5091 2247 5158 Mariano,

686 5181 804 5244 pag.
830 5162 921 5231 39,
953 5161 1011 5217 Β.
1050 5161 1213 5233 Virgo
1243 5165 1513 5217 salutatur
1544 5164 1628 5217 liis
1668 5162 1846 5217 verbis
1881 5178 1895 5215 :

1036 5254 1129 5309 Sal
1136 5272 1209 5318 ve,
1255 5254 1406 5325 Virgo
1435 5256 1662 5322 sapiens,

1116 5327 1312 5379 Domus
1351 5327 1455 5378 Deo
1485 5327 1685 5381 dicata.

1114 5398 1368 5451 Columna
1394 5397 1711 5462 scptemplici

1125 5467 1404 5535 Mensaque
1431 5478 1707 5531 exornata,

1040 5538 1116 5592 Ab
1151 5544 1289 5606 omni
1326 5540 1565 5606 contagio

1122 5602 1308 5662 Mundi
1340 5602 1655 5674 prwscrram
1684 5623 1701 5658 :

1124 5682 1258 5731 Ante
1288 5690 1471 5730 sancta
1503 5681 1553 5730 in
1591 5689 1733 5728 utero

1127 5748 1391 5818 Parentis,
1421 5766 1575 5823 quam
1611 5759 1757 5801 nuta.
1836 5752 1848 5759 “

2334 944 2451 1000 lens
2504 958 2725 1015 prepter
2784 964 2902 1011 nos,
2950 958 3004 1003 et
3050 949 3444 1005 resurrectione
3499 958 3620 1018 post
3663 948 3906 1001 triduum

2336 1035 2472 1092 ﬁnes
2515 1038 2663 1092 orbis
2705 1040 2958 1107 illustrat,
2991 1057 3115 1096 cum
3148 1057 3257 1111 quo
3296 1053 3364 1108 te,
3396 1052 3453 1095 ut
3494 1058 3591 1111 par
3626 1052 3729 1104 est,
3766 1040 3907 1093 Bea-

2336 1136 2445 1183 tam
2468 1130 2847 1199 pimdicamus.

2686 1240 2771 1294 Ex
2808 1259 3007 1296 canone
3044 1241 3267 1297 Sabbali
3294 1242 3445 1297 hebd.
3480 1257 3554 1296 tv.

2405 1346 2570 1403 Lacte
2592 1352 2766 1404 nutris
2790 1349 3086 1404 Nutritium
3114 1352 3323 1411 mundi.
3346 1362 3398 1405 et
3424 1361 3610 1420 portas
3647 1352 3698 1405 in
3734 1353 3908 1418 ulnis,

2331 1457 2366 1496 o
2394 1442 2579 1511 Virgo,
2609 1446 2757 1499 illum
2785 1446 2875 1514 qui
2918 1445 3099 1499 divina
3131 1457 3397 1513 potestate
3436 1463 3535 1501 sua
3569 1458 3743 1516 portat
3780 1452 3909 1501 uni-

2332 1552 2572 1591 versum.
2609 1536 2899 1607 Propterea
2938 1549 2990 1595 te
3018 1549 3077 1593 ut
3109 1539 3389 1607 Deiparam
3419 1541 3725 1595 laudamus.

2403 1630 2727 1683 Auxiliatrix
2760 1646 2947 1684 eorum
2973 1632 3065 1701 qui
3105 1632 3362 1700 periculis
3393 1644 3677 1701 urgentur,
3704 1635 3911 1688 Portus

2414 1721 2574 1790 333
2612 1721 2773 1775 Salus
2815 1722 3245 1787 conlugientium
3286 1723 3352 1777 ad
3407 1734 3478 1788 te,
3525 1725 3613 1777 Dei
3674 1726 3911 1790 genitrix

2338 1826 2546 1875 sancta,
2585 1829 2679 1869 eos
2711 1813 2801 1882 qui
2826 1830 2948 1869 cum
2980 1813 3082 1867 ﬁde
3121 1823 3173 1868 te
3206 1816 3449 1874 laudant,
3478 1823 3573 1867 tuo
3604 1816 3914 1882 patrocinio

2338 1913 2581 1974 protege,
2622 1915 2675 1959 et
2706 1906 2775 1959 ab
2810 1907 3065 1960 omnibus
3099 1907 3256 1959 malis
3300 1907 3466 1959 libera
3504 1922 3599 1974 per
3641 1906 3915 1959 interces-

2339 1995 2522 2049 siones
2574 2006 2696 2051 tuas
2750 2012 2867 2063 eos,
2926 1998 3017 2066 qui
3050 1997 3278 2052 ﬁdeliter
3314 1998 3663 2051 modulantur
3720 1998 3912 2051 laudes

2338 2095 2481 2142 tuas.

2412 2179 2493 2233 'l'u
2520 2196 2641 2250 qua:
2673 2181 2929 2250 gaudium
2968 2182 3244 2251 peperisti,
3285 2191 3339 2236 et
3375 2182 3690 2236 mae~titiam
3732 2192 3917 2235 exter-

2338 2272 2582 2334 minasti,
2612 2271 2983 2327 laudatissima
3012 2274 3257 2336 Domina,
3286 2275 3773 2327 intercessionibus
3800 2273 3915 2327 tuis

2336 2364 2577 2418 divinam
2615 2367 2851 2419 la-titiam
2899 2368 3124 2435 impetra
3167 2369 3254 2430 iis,
3288 2368 3381 2436 qui
3415 2378 3465 2421 te
3510 2370 3613 2423 tide
3649 2366 3912 2431 ferventi,

2340 2465 2398 2511 ut
2427 2471 2553 2510 vere
2589 2458 2675 2510 Dei
2709 2459 3027 2527 genitricem
3061 2460 3360 2514 celebrant.

2403 2547 2480 2601 Te
2513 2557 2571 2600 ut
2599 2549 2784 2601 mundi
2819 2548 3103 2602 Dominam
3136 2551 3510 2611 obsecramus,
3540 2549 3737 2603 Sancta
3771 2548 3914 2618 (65),

2341 2647 2399 2692 ut
2427 2641 2685 2708 populum
2733 2651 2883 2693 tuum
2923 2641 3123 2695 liberes
3156 2642 3225 2694 ab
3254 2642 3509 2695 omnibus
3536 2641 3716 2702 malis,
3741 2639 3912 2702 fame,

2339 2740 2510 2799 peste,
2541 2733 2824 2785 vexatione
2890 2732 3071 2785 bostili
3100 2772 3115 2796 ,
3158 2733 3418 2800 quoniam
3479 2741 3537 2784 tu
3595 2732 3917 2799 prasidium

2339 2822 2758 2892 inexpugnabile
2777 2824 3219 2878 Christianorum
3244 2839 3326 2890 es,
3350 2823 3516 2876 Maria
3546 2822 3731 2893 Virgo.

2261 3068 2306 3130 C
2336 3065 2438 3117 Ἐκ
2466 3064 2571 3118 τοῦ
2600 3064 2867 3130 Κανόνος
2891 3062 3002 3133 τῆς
3030 3062 3330 3131 Κυριακῆς
3378 3062 3448 3126 δ’,
3482 3061 3591 3131 τῆς
3625 3064 3918 3131 Σαμαρεί-

3034 3134 3215 3200 τιόος.

2413 3266 2582 3334 Χαῖρε
2617 3304 2632 3329 ,
2675 3265 2830 3335 θρονε
2890 3282 3103 3334 magna,
3169 3268 3345 3334 χαῖρε,
3386 3263 3573 3332 Lupia.
3604 3263 3917 3331 πάγχρυσε.

2342 3360 2519 3427 χαῖρε,
2559 3357 2737 3425 φωτὸς
2768 3357 2990 3426 νεφέλη,
3035 3360 3213 3427 χαῖρε,
3284 3358 3545 3410 amicitiai:
3594 3355 3689 3407 τοῦ
3740 3355 3917 3420 Λόγου

2342 3450 2436 3500 καὶ
2468 3449 2634 3519 νοητὴ
2652 3449 2930 3519 τράπεζα,
2972 3449 3137 3521 ἄρτον
3168 3449 3313 3518 ζωῆς
3341 3448 3507 3513 agam;
3532 3446 3767 3516 szos‘m
3816 3445 3919 3514 βα-

2343 3540 2611 3593 στάσασα.

2423 3632 2868 3701 Ἀνερμηνεύτως
2903 3631 3243 3684 συλλαϐοῦσα
3270 3634 3326 3684 ἐν
3355 3635 3421 3700 τῇ
3455 3630 3655 3698 γαπρί
3698 3647 3792 3682 σου
3824 3630 3920 3681 τὶν

2340 3724 2451 3779 τῶν
2482 3725 2617 3779 ὅλων
2652 3725 2806 3790 Θεὸν,
2858 3724 3305 3796 Παρθενομῆτορ,
3366 3725 3505 3794 ὑπὲρ
3555 3724 3765 3775 ἔννοιαν
3822 3724 3923 3775 καὶ

2405 3901 2517 3971 (65)
2562 3901 2926 3971 llieronymus
2988 3902 3203 3955 Lanuza
3260 3900 3389 3954 0rd.
3446 3902 3916 3969 medicatorum.

2334 3972 2476 4025 inter
2520 3973 2656 4026 alias
2698 3974 2956 4027 rationes.
3002 3988 3141 4033 quas
3186 3972 3516 4039 excogitavit
3560 3972 3624 4021 ad
3679 3974 3921 4038 probati»

2330 4043 2455 4095 dum
2481 4043 2885 4097 immaculatam
2919 4041 2980 4094 Β.
3015 4041 3255 4109 Virginis
3289 4042 3734 4107 Conceptionem,
3776 4043 3923 4093 banc

2333 4112 2488 4166 nobis
2544 4113 2826 4181 proposuit
2882 4130 2895 4165 :
2944 4112 3266 4166 Observavit
3316 4111 3373 4164 S.
3428 4110 3687 4171 Thomas,
3740 4110 3921 4178 inquit

2328 4183 2437 4243 ille,
2476 4185 2675 4250 populo
2730 4182 2951 4251 antiquo
3006 4183 3172 4236 Deum
3230 4181 3522 4236 abstulisse
3569 4195 3796 4251 casuum
3866 4191 3921 4234 et

2334 4249 2676 4322 peccatorum
2726 4249 3066 4313 occasiones,
3128 4263 3186 4305 ut
3247 4259 3440 4304 essent
3494 4249 3668 4302 sancti
3701 4252 3917 4322 ,Aquia

2340 4318 2487 4375 irasci
2517 4337 2582 4377 ex
2617 4323 2723 4377 illis
2761 4324 2995 4375 Sanctus
3034 4332 3349 4375 sanctorum
3371 4322 3636 4375 debebat:
3680 4339 3697 4369 ι
3729 4318 3922 4373 Sancti

2266 4402 2318 4461 ι)
2344 4394 2512 4468 eritis,
2546 4394 2669 4460 quia
2692 4411 2784 4461 ego
2829 4402 3208 4468 sanctnssum;
3238 4402 3292 4468 et
3320 4392 3537 4468 pedum,
3563 4391 3764 4457 quibus
3791 4407 3923 4468 gr..-

2347 4464 2654 4524 dicbantnr,
2685 4478 2872 4517 curam
2908 4463 3167 4529 gessisse,
3193 4478 3259 4513 ne
3282 4462 3332 4513 in
3365 4462 3534 4527 culpa.-
3561 4476 3791 4511 vacuum
3834 4464 3921 4513 in-

2348 4532 2587 4585 cillerent
2617 4548 2629 4584 :
2662 4532 2819 4587 Pedes
2850 4542 3152 4585 sanctorum
3180 4548 3395 4583 suorum
3421 4530 3668 4582 servabit.
3708 4529 3762 4581 Si
3789 4545 3921 4597 ergo

2350 4602 2544 4670 priscis
2598 4603 2724 4663 illis.
2785 4618 2853 4656 ne
2905 4603 3065 4671 pedes
3118 4603 3331 4653 illurutn
3374 4602 3573 4671 sordes
3625 4602 3922 4671 contrahe-

2350 4669 2489 4735 rent,
2520 4675 2740 4741 pracibat
2770 4669 2915 4741 ipse,»
2940 4670 3251 4724 mundamlo
3276 4673 3400 4731 iter,
3436 4680 3485 4722 et
3527 4670 3723 4723 obvias
3746 4669 3922 4721 olTeno

2350 4742 2531 4795 sioncs
2563 4748 2893 4813 seponeuilo,
2921 4742 2997 4813 ob,
3020 4757 3137 4813 eam
3177 4750 3383 4793 tantum
3418 4741 3824 4813 causam,_qnod
3853 4756 3918 4813 ea

2352 4812 2458 4865 illis
2503 4809 2652 4867 nasci
2696 4814 2931 4867 debebat
2972 4812 3255 4871 Christus;
3295 4820 3503 4879 quanto
3550 4811 3721 4877 magis
3758 4809 3917 4863 Matri

2352 4883 2616 4937 titubandi
2681 4886 2999 4937 occasiones
3060 4881 3330 4943 auferret,
3395 4895 3625 4947 eamque
3697 4896 3920 4946 praesen»

2351 4962 2503 5005 varet
2540 4969 2567 5005 a
2596 4956 2869 5017 sordibus,
2897 4964 2955 5005 ut
2986 4954 3038 5005 in
3067 4952 3321 5003 omnibus
3352 4952 3470 5003 vita:
3514 4950 3764 5014 passibus
3792 4966 3921 5001 san-

2351 5033 2433 5076 cta
2488 5023 2664 5078 foret?
2692 5045 2708 5075 ι
2752 5025 2845 5078 Pes
2884 5036 3002 5075 tuus
3059 5039 3160 5074 non
3211 5021 3457 5089 impinget
3501 5019 3781 5079 Dominus,
3812 5032 3917 5072 etc.

2355 5093 2509 5148 Unde
2550 5111 2674 5149 cum
2712 5095 2857 5149 Deus
2904 5095 3017 5162 jam
3064 5093 3197 5160 ipsis
3240 5093 3454 5145 vicinus
3490 5098 3658 5162 esset,
3691 5092 3920 5162 minime

2350 5163 2575 5235 dubium
2607 5176 2707 5230 est,
2740 5167 2871 5235 quin
2902 5160 3019 5218 eam
3048 5177 3259 5231 puram.
3289 5172 3342 5213 ct
3370 5169 3613 5235 sanctantn
3647 5161 3699 5235 in
3743 5160 3921 5225 primo

2350 5230 2886 5306 Conceptionis'suze
2915 5230 3105 5306 greSSu
3142 5240 3514 5306 conservaret.
3549 5230 3638 5283 Sic
3675 5230 3919 5306 Lanius,

2352 5304 2482 5357 binc
2525 5298 2787 5374 Origenvs
2833 5298 3020 5358 liomil.
3068 5319 3083 5356 ι
3149 5304 3201 5355 in
3240 5302 3444 5374 Matth.
3478 5301 3691 5374 beatam
3739 5298 3914 5374 Virgi-

2353 5389 2474 5427 nem
2506 5372 2831 5431 non'solum
2866 5381 3134 5430 sanctam.
3180 5373 3273 5426 sed
3311 5372 3677 5439 plenissimam
3719 5372 3917 5421 sancti-

2354 5451 2519 5499 tatcm
2563 5446 2919 5514 nuncupavit,
2962 5453 3041 5514 ut,
3078 5444 3157 5496 sie
3210 5445 3461 5514 innueret
3507 5444 3679 5514 ipsam
3717 5441 3919 5514 nullius

2353 5517 2555 5581 peccati
2596 5510 2931 5570 consortium
2980 5512 3287 5567 admisisse.
3336 5510 3453 5575 Qua
3499 5512 3643 5563 enim
3706 5510 3919 5561 ratione

2353 5586 2667 5649 plenissima
2708 5587 2982 5639 diceretur
3031 5583 3209 5635 Maria:
3242 5582 3523 5640 sanctitas,
3564 5581 3607 5633 si
3646 5595 3770 5634 cam
3801 5595 3918 5649 gra-

2352 5662 2425 5729 na
2457 5674 2682 5714 vacuam
2714 5657 2893 5735 fuisse
2917 5655 3209 5725 aliquando
3232 5653 3557 5709 concedatur
3580 5650 3603 5703 ?
