4180 6450
717 416 851 480 1399

710 546 820 594 ses,
850 525 1015 581 animi
1054 524 1332 580 alacritate
1380 524 1702 594 repleta‘es,
1728 523 1978 576 eumdem
2029 520 2275 592 magnili-
2302 521 2354 577 A

710 636 863 678 cans.

776 708 961 764 Jesum
985 722 1144 776 quem
1172 720 1397 776 corpore
1423 704 1648 761 induisti
1672 718 1836 774 supra
1866 702 2273 773 cogitationem,

709 811 859 856 casta
916 800 1164 863 Domina,
1220 798 1602 853 resuscitatum
1670 797 1891 850 intuens
1944 810 1975 849 e
2023 795 2273 859 mortuis,

708 891 982 947 clamabas
1014 910 1025 942 ε
1050 893 1223 956 Quam
1248 890 1492 959 speciosa
1524 887 1875 958 pulchritudo
1913 898 2023 949 tua,
2043 884 2145 939 Fili
2175 887 2270 952 mi,

708 1000 802 1052 per
825 999 987 1053 quam
1014 982 1081 1036 ad
1110 981 1386 1049 antiquam
1411 980 1638 1035 formam
1664 978 1835 1033 Adam
1859 992 2003 1031 nunc
2030 984 2272 1032 mutatus

706 1083 1025 1139 renovatur,

775 1166 1021 1220 Luminis
1043 1164 1116 1217 tui
1151 1161 1320 1217 radiis
1350 1161 1553 1229 dissipa
1582 1175 1715 1214 mea:
1766 1159 2113 1229 ignorantiae,
2145 1156 2271 1213 Dei-

705 1275 854 1328 para,
880 1257 1187 1327 caliginem,
1208 1266 1267 1310 ut
1299 1254 1418 1308 ﬁdei
1448 1253 1670 1308 vocibus
1696 1251 1981 1324 praedicem
2012 1259 2270 1322 perpetuo

708 1348 980 1405 mirabilia
1012 1358 1125 1402 tua.

1054 1455 1141 1509 Ea:
1180 1471 1375 1509 canone
1404 1456 1551 1525 ferite
1575 1470 1645 1509 tv.
1678 1454 1828 1507 hebd.
1864 1470 1917 1509 v.

775 1567 877 1634 Qui
940 1564 1236 1620 secundum
1313 1564 1587 1633 prapriam
1665 1571 1914 1616 naturam
1980 1562 2266 1619 invisibilis

703 1666 842 1719 erat,
874 1654 1101 1709 visibilis
1154 1661 1241 1707 est
1274 1652 1450 1706 Iactus
1504 1653 1818 1705 incarnatus
1854 1667 1918 1706 ex
1972 1661 2054 1717 te,
2091 1652 2266 1707 incul-

703 1745 981 1813 patissima
1037 1742 1286 1811 Domina,
1313 1752 1367 1799 et
1426 1757 1641 1798 crucem
1701 1752 2037 1812 mortemque
2080 1744 2263 1800 volens

703 1835 987 1890 sustinuit.

772 1924 905 1989 Qua:
938 1924 1223 1978 Dominum
1273 1921 1441 1977 Deum
1502 1922 1756 1993 peperisti
1815 1921 1938 1976 vitae
1990 1921 2261 1992 mortique

702 2014 1097 2076 dominantem,
1128 2013 1194 2066 da
1228 2012 1405 2076 nobis,
1432 1998 1474 2065 θ’
1494 2022 1665 2076 casta,
1703 2012 2005 2065 dominium
2035 2013 2260 2066 evadere

704 2107 1018 2161 insidiantis
1046 2113 1246 2162 nostrae
1266 2105 1474 2160 liberati
1498 2106 1716 2175 maligni
1749 2105 1938 2159 hostis.

774 2194 843 2250 Ut
896 2208 1047 2266 porta
1098 2197 1235 2251 lueis
1296 2211 1363 2249 ex
1417 2196 1529 2250 orci
1599 2195 2022 2265 penetrabilibus
2090 2198 2259 2251 solem

700 2286 892 2339 intuita
970 2296 1238 2349 exortum,
1298 2283 1485 2355 Virgo,
1545 2295 1601 2339 et
1676 2286 2078 2340 collustrantem
2155 2295 2262 2339 ter-

697 2383 877 2437 minos
914 2392 1093 2447 terrae,
1128 2382 1311 2436 divina
1341 2382 1608 2451 completa
1653 2397 1714 2437 es
1768 2383 2053 2450 suavitate,
2087 2382 2260 2437 incul-

696 2474 999 2544 patissima.

1054 2583 1137 2637 Ea:
1163 2600 1357 2638 canone
1390 2585 1536 2653 feria:
1567 2602 1617 2639 v.
1640 2585 1790 2641 Irebd.
1825 2603 1875 2641 v.

762 2695 901 2749 Cum
933 2693 1128 2749 Filium
1164 2704 1314 2749 tuum
1379 2708 1409 2746 e
1461 2693 1709 2762 sepulcro
1761 2706 2128 2765 resurgentem
2180 2698 2259 2751 vi-

694 2786 891 2851 disses,
922 2802 954 2842 o
993 2785 1152 2857 Virgo
1190 2786 1444 2839 inviolata
1480 2785 1617 2854 (65),
1650 2801 1772 2839 cum
1812 2787 1957 2842 illius
2001 2790 2260 2859 apostolis

693 2879 988 2948 gaudebas,
1017 2894 1142 2933 cum
1184 2878 1380 2947 quibus
1416 2887 1466 2931 te
1495 2876 1881 2946 gloriﬁcamus.

765 2972 930 3027 Serva
957 2988 1043 3026 me
1078 2972 1145 3025 ab
1178 2972 1300 3039 igne
1334 2971 1590 3040 gehennae
1618 2978 1670 3024 et
1701 2970 1769 3024 ab
1800 2980 1998 3025 aeterna
2032 2974 2258 3029 danma-

691 3063 864 3126 tione,
899 3062 1291 3119 immaculata:
1339 3060 1530 3128 frange
1582 3060 2051 3129 perturbationum
2111 3078 2256 3117 mea-

690 3170 810 3207 rum
837 3154 1205 3209 vehementem
1252 3153 1567 3222 procellam,
1594 3160 1649 3206 et
1674 3151 1847 3222 dirige
1877 3168 1963 3208 me
2006 3153 2072 3208 ad
2101 3162 2253 3208 tran-

691 3246 891 3317 quillos
920 3246 1041 3299 vitae
1073 3256 1281 3315 portus.

762 3337 956 3391 Vidisti
988 3338 1265 3391 Christum
1326 3335 1706 3392 resuscitatum
1756 3350 1877 3389 cum
1933 3336 2254 3393 mulieribus

692 3438 964 3498 unguenta
998 3428 1315 3492 ferentibus,
1342 3439 1394 3482 et
1422 3442 1685 3484 converso
1715 3429 1766 3481 in
1798 3428 2052 3496 gaudium
2082 3430 2253 3494 luctu,

690 3522 841 3575 illum
868 3521 1229 3591 gloriﬁrabas.
1275 3519 1426 3575 Unde
1481 3520 1588 3574 alta
1624 3535 1755 3575 voce
1781 3530 1831 3574 te
1856 3519 2063 3575 lelicem
2110 3537 2251 3591 pra:-

689 3613 956 3676 dicamus,
988 3611 1079 3667 Dei
1110 3612 1376 3667 Genitrix.

686 3750 847 3821 337
882 3748 965 3803 Ea:
1008 3765 1205 3803 canone
1250 3748 1538 3829 ﬂaminica:
1588 3762 1641 3813 v,
1691 3749 1744 3801 in
1788 3746 1995 3803 chum
2024 3764 2056 3800 a
2093 3747 2253 3802 Nati-

1380 3826 1555 3871 vitate.

757 3909 951 3964 Alvum
998 3919 1151 3963 tuam
1205 3907 1441 3976 conjugii
1484 3914 1757 3975 expertem
1791 3905 2117 3960 inhahitavit
2146 3905 2252 3961 Do-

686 4001 892 4066 minus,
924 4015 956 4054 o
981 3998 1169 4069 Virgo,
1199 4014 1294 4067 per
1337 3998 1544 4051 viscera
1572 3997 1977 4050 miserationum
2025 4012 2248 4052 suarum

686 4092 895 4144 salvum
929 4090 1106 4144 facere
1140 4090 1326 4143 volens
1361 4088 1640 4141 hominem
1686 4097 2006 4155 corruptum
2043 4088 2247 4143 astutia

687 4183 914 4237 inimici.
971 4183 1124 4236 llune
1174 4182 1330 4251 igitur
1380 4182 1628 4244 obsecra,
1677 4187 1737 4233 ut
1781 4179 2058 4234 civitatem
2110 4181 2250 4237 hanc

686 4275 832 4329 omni
858 4275 1068 4329 excidio
1102 4276 1310 4337 liberet,
1343 4283 1396 4327 et
1426 4272 1737 4326 incursione
1760 4272 2020 4341 gentium.

760 4369 1019 4437 \‘irginali
1050 4383 1114 4422 ex
1144 4374 1329 4421 ventre
1375 4364 1631 4435 peperisti
1680 4364 1847 4418 Deum
1878 4364 2245 4431 incarnatum,

686 4474 715 4512 a
756 4474 865 4529 quo
892 4460 1141 4528 impetra,
1172 4456 1516 4513 sanctissima
1546 4454 1795 4521 Domina,
1833 4462 1889 4508 ut
1919 4456 2246 4517 misereatur

686 4553 878 4607 nostri.

752 4644 969 4699 Partum
1000 4656 1172 4712 tuum,
1204 4648 1536 4720 incorrupta,
1568 4662 1761 4706 natura
1783 4650 2113 4720 superiorem
2134 4651 2248 4720 glo-

683 4736 979 4800 rificamus,
1012 4739 1220 4794 beatam
1270 4750 1343 4805 te,
1392 4741 1845 4811 inculpatissima,
1904 4742 2008 4796 [ide
2056 4742 2249 4810 praedi—

682 4838 890 4893 cantes,
922 4836 1181 4900 tanquam
1216 4830 1307 4886 Dei
1335 4834 1713 4889 universorum
1750 4834 2101 4889 Genitricem.

751 4917 1035 4985 Quomodo
1092 4924 1343 4991 peperisti
1390 4924 1507 4979 sine
1559 4925 1731 4979 virilis
1787 4925 1993 4994 c0pulae
2038 4925 2245 4993 experi-

684 5022 885 5076 mento,
916 5029 949 5067 ο
972 5024 1117 5069 casta
1151 5015 1313 5085 Virgo
1338 5016 1835 5086 Mater?quomodo
1859 5017 2075 5071 nutristi
2095 5034 2243 5081 eum,

682 5101 773 5173 qui
805 5105 1083 5161 universas
1108 5108 1277 5161 nutrit
1311 5108 1626 5163 creaturas?
1651 5106 1719 5162 Ut
1748 5109 1863 5178 ipse
1890 5108 2039 5164 solus
2071 5110 2243 5176 novit,

680 5196 771 5263 qui
809 5196 1047 5252 universi
1074 5209 1157 5254 est
1188 5209 1377 5255 auctor
1409 5210 1462 5255 et
1488 5200 1650 5255 Deus.

751 5354 859 5422 (ΒΞ)
900 5353 997 5409 llic
1048 5356 1233 5411 titulus
1281 5356 1575 5421 Inviolatus,
1613 5371 1719 5410 non
1776 5358 1950 5411 solum
2003 5358 2240 5413 ostendit

682 5423 740 5477 Β.
780 5423 1048 5492 Virginem
1092 5426 1257 5479 fuisse
1313 5427 1572 5482 illibatam
1605 5430 1657 5482 in
1694 5442 1923 5495 corpore
1964 5446 2057 5496 per
2091 5432 2233 5483 inte.

678 5496 925 5562 gritatem
965 5496 1314 5566 virginitatis,
1342 5501 1431 5553 sed
1467 5501 1628 5554 etiam
1661 5499 1920 5551 illibatam
1967 5500 2018 5551 in
2054 5501 2233 5553 anima

681 5580 774 5638 per
792 5565 1186 5638 immunitatem
1212 5583 1240 5621 a
1266 5580 1484 5636 peccato
1505 5568 1779 5638 originali.
1812 5567 1960 5621 Unde
1986 5568 2040 5622 P.
2074 5570 2230 5623 Joan.

680 5634 948 5708 Eusebius
998 5634 1431 5708 Nierembergius
1499 5640 1550 5693 in
1596 5634 1723 5693 suis
1779 5637 2184 5706 Exceptiouibus
2218 5680 2232 5698 ,

682 5720 799 5778 pag.
863 5706 1592 5778 7176,70bservat'sanctum
1642 5708 1875 5763 Leonem
1931 5727 2119 5778 papam
2179 5714 2231 5763 iu

678 5774 914 5848 {lpistola
958 5777 1024 5831 ad
1066 5776 1336 5833 lulianum
1380 5781 1667 5841 Coensem,
1713 5796 1833 5847 qua:
1872 5774 2046 5834 exstat
2093 5782 2231 5848 apud

676 5842 888 5902 Dinium
916 5848 970 5903 in
1000 5848 1231 5906 concilio
1261 5851 1710 5919 Chalcedonensi,
1734 5842 1872 5906 dum
1908 5852 1960 5905 in
1990 5868 2053 5907 ea
2080 5842 2233 5908 vocat

1832 413 1891 470 S.
1930 410 2242 470 JOSEPHI
2284 408 2839 469 HYMNOGRAPHI

3814 406 3944 470 1400

2685 520 2766 573 Ea:
2782 536 2980 574 canone
3005 522 3061 574 in
3079 519 3371 575 Paraaccve
3398 521 3553 575 hebd.
3591 536 3642 573 v.

2452 644 2647 701 Sancta
2679 644 3129 715 inculpatissima,
3160 656 3407 701 sanctum
3442 645 3495 699 in
3544 647 3751 699 sanctis
3786 646 3942 715 quie-

2377 748 2616 793 scentem
2652 738 2834 802 enixa,
2860 739 3004 792 hunc
3042 748 3101 793 ut
3153 738 3333 792 vidisti
3364 752 3394 792 e
3431 738 3681 805 sepulcro
3731 738 3943 804 fulgen-

2379 837 2486 882 tem
2512 828 2651 882 sicut
2684 842 2949 897 sponsum
2986 842 3052 881 ex
3095 828 3361 892 thalamo,
3389 827 3627 881 extulisti
3668 825 3942 891 laudibus,

2377 919 2759 988 benignitatem
2791 919 2911 988 ejus
2941 918 3350 973 commendans.

2446 1009 2601 1065 Sicut
2630 1025 2696 1064 ex
2755 1019 2805 1065 te
2857 1010 3061 1080 prodiit
3094 1009 3237 1064 Deus
3298 1024 3354 1062 tn
3418 1019 3721 1079 aSpectum,
3753 1008 3939 1079 Virgo,

2373 1099 2598 1155 minime
2626 1100 2914 1171 resignatis
2970 1099 3295 1168 virginitatis
3338 1107 3442 1152 tua:
3487 1099 3823 1167 signaculis;
3868 1100 3939 1151 ita

2371 1204 2403 1245 e
2440 1189 2688 1259 sepulcro
2745 1190 2969 1246 emicuit
2998 1189 3195 1260 signati
3243 1189 3437 1258 lapidis
3476 1189 3730 1242 inviolata
3766 1189 3937 1257 sigilla

2372 1281 2642 1350 linquens,
2667 1294 2779 1349 quo
2818 1281 2933 1336 viso
2968 1279 3426 1350 superabundasti
3468 1278 3665 1349 gaudio
3714 1279 3939 1334 benedi-

2369 1386 2497 1427 cens
2518 1372 2755 1426 divinam
2790 1372 2910 1441 ejus
2943 1373 3260 1442 potentiam.

2438 1462 2573 1518 Eum
2604 1463 2697 1533 qui
2730 1474 2865 1517 nutu
2896 1463 2997 1518 fert
3026 1472 3217 1518 cuncta
3264 1462 3433 1516 Deum
3495 1470 3652 1515 utero
3685 1461 3933 1530 gestasti,

2369 1554 2550 1624 Virgo,
2580 1554 2780 1609 factum
2809 1554 3087 1608 hominem
3142 1570 3237 1623 per
3269 1569 3422 1609 suam
3478 1552 3930 1612 misericordiam,

2368 1646 2477 1700 Dco
2506 1646 2835 1717 gratissima.
2869 1644 3041 1711 Quem
3078 1644 3238 1699 enixe
3267 1659 3395 1715 roga
3430 1653 3488 1697 ut
3517 1643 3784 1697 illuminet
3811 1657 3933 1696 cor-

2364 1736 2431 1790 da
2465 1745 2651 1791 nostra
2699 1737 3122 1791 beatiﬁcantium
3171 1744 3222 1791 te
3253 1743 3510 1805 tanquam
3570 1744 3773 1789 castam
3808 1746 3933 1787 vere

2297 1853 2339 1908 Β
2366 1826 2461 1884 Dei
2494 1828 2845 1886 Genitricem.

2741 1952 2827 2008 Ea:
2853 1968 3051 2007 canone
3083 1952 3308 2007 Sabbati
3332 1952 3483 2006 hebd.
3514 1964 3568 2004 v.

2432 2062 2655 2119 Excedit
2674 2078 2889 2120 omnem
2910 2063 3295 2134 cogitationem
3315 2061 3532 2115 divinus
3554 2070 3739 2130 partus
3762 2071 3887 2115 tuus
3906 2077 3922 2115 ;

2362 2156 2740 2211 universorum
2799 2156 2944 2211 enim
3006 2155 3265 2210 factorem
3323 2162 3376 2206 et
3435 2150 3599 2205 Dentri
3653 2152 3706 2206 in
3765 2166 3932 2207 carne

2364 2250 2533 2314 paris,
2560 2263 2722 2317 quem
2769 2262 3012 2318 precare,
3053 2262 3087 2302 ο
3132 2247 3383 2311 Domina,
3430 2258 3529 2314 pro
3584 2258 3793 2311 eorum,
3832 2243 3929 2313 qui

2362 2339 2550 2393 laudes
2578 2349 2697 2394 tuas
2722 2350 2942 2403 canunt,
2974 2338 3169 2392 salute.

2437 2424 2597 2495 Virgo
2628 2437 2748 2495 post
2787 2437 3022 2495 partum,
3065 2434 3123 2479 ut
3188 2432 3243 2478 et
3287 2432 3413 2477 ante
3440 2435 3653 2490 partum
3710 2422 3919 2486 fueras,

2361 2534 2395 2572 ο
2420 2528 2592 2581 easta,
2626 2518 2941 2586 apparuisti.
2973 2517 3140 2586 Leges
3166 2514 3307 2568 enim
3341 2514 3393 2567 in
3427 2524 3477 2568 te
3506 2526 3730 2580 naturae,
3755 2530 3788 2569 ο
3819 2516 3926 2567 ἰηιο

2362 2607 2649 2669 maculata,
2687 2607 2985 2660 immutatae
3032 2617 3179 2660 sunt.
3222 2601 3510 2673 Propterea
3547 2613 3619 2667 te,
3678 2619 3712 2658 ο
3747 2614 3923 2670 casta,

2363 2696 2549 2750 lideles
2582 2698 2793 2750 beatam
2824 2698 3076 2751 dicimus.

2432 2787 2594 2857 Virgo
2640 2788 2693 2841 in
2754 2797 2908 2841 utero
2944 2788 3175 2857 concipit
3217 2789 3405 2843 mundi
3462 2803 3629 2843 unum
3686 2787 3925 2853 impera-

2365 2887 2536 2932 torem
2592 2877 2759 2931 Deum
2812 2878 3051 2932 humana
3111 2879 3361 2934 indutum
3410 2895 3595 2945 carne,
3642 2893 3805 2948 quam
3862 2885 3926 2929 ut

2358 2971 2757 3040 iniperatricem
2809 2971 2957 3025 orbis
3001 2977 3055 3023 et
3104 2970 3410 3035 Dominam,
3440 2973 3629 3025 merito
3682 2969 3927 3023 celebra—

2357 3077 2499 3117 mus.

2429 3152 2769 3221 lnopinatum
2827 3152 2880 3205 in
2932 3161 2985 3206 te
3031 3150 3354 3205 miraculum
3407 3149 3633 3211 exstitit,
3666 3146 3921 3227 Deipara,

2360 3252 2530 3296 mater
2554 3244 2699 3296 enim
2726 3243 2989 3296 eademet
3014 3239 3177 3309 Virgo
3197 3240 3343 3294 nulla
3370 3254 3605 3308 unquam
3636 3252 3665 3291 a
3694 3238 3921 3301 saeculo,

2358 3343 2552 3400 praeter
2592 3342 2663 3394 te,
2692 3332 2802 3385 visa
2843 3340 2945 3395 est,
2977 3346 3096 3401 quae
3130 3331 3299 3385 Deum
3358 3331 3700 3384 incarnatum
3734 3329 3919 3391 enixa,

2356 3422 2521 3493 Virgo
2549 3433 2669 3492 post
2697 3432 2909 3492 partum
2939 3421 3283 3492 permansisti
3318 3438 3333 3476 :
3360 3420 3711 3491 quamobrem
3734 3420 3920 3472 cuncti

2358 3528 2409 3573 te
2442 3517 2626 3571 ﬁdeles
2660 3517 2746 3587 pie
2782 3515 3089 3570 laudamus.

2346 3740 2467 3818 ,ςΕκ
2495 3738 2597 3792 τοῦ
2623 3738 2884 3803 Κανόνος
2931 3734 3040 3804 τῆς
3084 3731 3380 3802 Κυριακῆς
3410 3738 3473 3797 ε’,
3503 3732 3608 3787 τοῦ
3654 3730 3918 3800 τυφλοῦ.

2425 3920 2653 3989 Μήτραν
2712 3935 2806 3972 σου
2860 3919 3233 3987 ἀπειρόγαμον
3290 3919 3390 3987 τὴν
3418 3916 3515 3988 σὴν
3566 3917 3912 3987 κατῴκησεν,

2362 4010 2523 4080 ἁγνὴ,
2559 4010 2763 4080 Κύριος
2782 4009 2871 4063 διὰ
2898 4008 3181 4078 σπλάγχνα
3212 4008 3508 4077 οἰκτιρμῶν
3531 4008 3699 4060 σῶσαι
3728 4006 3917 4074 βουλό-

2357 4118 2515 4170 μενος
2539 4100 2631 4155 τὸν
2684 4099 2959 4170 φθαρέντα
2988 4098 3273 4170 ἄνθρωπον
3317 4100 3438 4161 ταῖς
3489 4097 3786 4167 μεθοδείαις
3814 4097 3914 4148 τοῦ

2358 4190 2555 4263 ἐχθροῦ
2575 4208 2588 4223 ·
2618 4190 2789 4253 ,αὐτὸν
2826 4190 2917 4243 οὖν
2952 4190 3160 4243 ἱκέτευε
3203 4189 3300 4258 τὴν
3325 4187 3477 4240 πόλιν
3509 4187 3708 4257 ταύτην
3739 4186 3914 4250 σώζε-

2355 4285 2481 4339 σθαι
2504 4285 2680 4354 πάσης
2709 4282 2959 4346 ἁλώσεως
2984 4282 3078 4334 καὶ
3105 4279 3314 4350 ἐχθρῶν
3340 4278 3655 4349 ἐπιδρομῆς.

2423 4373 2763 4444 Παρθενικῆς
2793 4372 2901 4426 ἀπὸ
2929 4370 3158 4440 γαστρὸς
3188 4368 3503 4437 ἁπεκύηάας
3542 4366 3670 4419 Θεὸν
3706 4382 3908 4435 σεπαρ-

2357 4464 2623 4534 κωμένον,
2656 4464 2714 4516 ὃν
2749 4461 3188 4532 κατοικτειρῆσαι
3234 4460 3377 4531 ἡμᾶς
3403 4458 3637 4527 αἴτησαι,
3665 4456 3911 4522 navari:

2280 4528 2324 4583 Β
2351 4558 2633 4613 Δέσποινα.

2424 4650 2527 4703 Τὸν
2566 4650 2723 4703 τόκον
2751 4667 2867 4713 σου,
2901 4648 3155 4717 ἄχραντε,
3177 4644 3267 4696 τὸν
3319 4640 3457 4711 ὑπὲρ
3502 4642 3659 4709 φύσιν
3696 4641 3912 4707 6050).!)-

2354 4742 2558 4814 γοῦμεν
2584 4742 2975 4812 μακαρίζοντες
3003 4738 3177 4792 πίστει
3206 4752 3287 4801 σε,
3316 4734 3637 4803 πανάμωμε,
3667 4733 3739 4796 ὡς
3766 4734 3906 4787 θεοῦ

2343 4834 2453 4887 τῶν
2492 4834 2627 4886 ὅλων
2656 4833 2997 4903 λοχεύτριαν.

2414 4925 2535 4989 Πῶς
2595 4924 2820 4987 τέτοκας
2870 4924 2943 4993 μὴ
3000 4918 3221 4990 γνοῦσα,
3276 4916 3692 4987 Παρθενομῆτορ
3736 4915 3904 4983 ἁγνὴ,

2345 5019 2539 5085 πεῖραν
2583 5016 2796 5086 ἀνδρὸς,
2821 5014 3217 5084 θεοχαρὶτωτες
3264 5009 3380 5071 πῶς
3412 5008 3629 5076 τρέφεις
3661 5007 3747 5059 τὸν
3802 5008 3905 5074 τὴν

2344 5108 2521 5179 κτζσιν
2544 5109 2809 5178 τρέφοντα
2830 5109 3028 5173 ςΜόνος
3057 5106 3131 5168 ὡς
3159 5105 3439 5156 ἐπίσταται
3466 5100 3623 5164 αὐτὸς
3643 5099 3735 5153 τοῦ
3767 5116 3907 5153 παν-

2343 5202 2433 5265 τὸς
2461 5201 2693 5272 Ποιητής
2720 5201 2813 5254 καὶ
2830 5201 2981 5265 Θεός.

2346 5357 2567 5413 Mariam
2603 5358 2939 5418 inviolatam.
2970 5358 3038 5412 ita
3065 5357 3350 5427 appellare,
3388 5355 3509 5424 quia
3540 5353 3680 5427 nulla
3708 5354 3899 5427 sorde,

2346 5440 2456 5482 tum
2492 5432 2611 5499 ejus
2647 5445 2818 5493 mens,
2854 5440 2967 5483 tum
2998 5425 3115 5496 ejus
3139 5425 3291 5499 caro
3317 5428 3440 5499 laesa
3479 5426 3597 5499 fuit,
3621 5439 3759 5499 cum
3794 5425 3903 5478 hoc

2340 5494 2613 5555 inviolatae
2640 5502 2859 5554 nomine
2902 5494 3232 5568 plus‘ulatur
3264 5498 3318 5550 S.
3348 5496 3455 5568 Leo
3480 5496 3542 5568 ad
3588 5494 3901 5561 signiﬁcan-

2338 5570 2459 5623 dam
2489 5572 2848 5638 integritatem
2881 5566 3127 5637 s‘piritus,
3170 5583 3329 5634 quam
3349 5566 3665 5638 illmsionem
3694 5579 3896 5638 corpo.

2338 5640 2433 5698 ris.
2464 5633 2625 5708 atque
2662 5642 2864 5695 idcirco
2892 5633 3031 5703 saepe
3064 5641 3113 5691 iu
3144 5633 3258 5693 suis
3277 5636 3695 5708 epistolisrocat
3725 5633 3897 5708 Deum

2337 5704 2723 5774 inviolabilem,
2754 5711 2953 5780 quippe
2983 5710 3072 5776 qui
3105 5710 3235 5764 nulli
3272 5705 3587 5777 corruptelae
3618 5704 3894 5759 obnoxius

2338 5783 2406 5835 sit
2434 5792 2690 5855 tanquam
2728 5780 3099 5852 impassibilis.
