4180 6450
273 458 409 523 1401

1670 453 2030 516 MARIALE.

3375 457 3514 521 “02

339 581 421 631 Τὰ
446 575 718 648 -μςγαλεῖἀ
746 591 857 640 σου,
887 574 1047 645 ἁγνὴ,
1070 575 1151 639 τίς
1190 574 1543 644 διηγήσεταις
1567 570 1700 624 Θεὸν
1723 571 1829 641 γὰρ

2003 569 2267 641 Magnalia
2317 581 2429 633 tua,
2474 582 2509 624 o
2546 581 2754 639 sancta,
2804 572 2928 642 quis
2971 572 3285 632 enarrabit?
3339 576 3506 630 Deum

267 675 325 724 ἐν
360 670 524 738 σαρκὶ
546 668 726 728 ἔτεκες
759 665 1049 735 ὑπερφυῶς
1081 666 1284 735 κόσμον
1305 665 1393 718 διὰ
1425 663 1518 717 σοῦ
1542 662 1832 734 ῥυόμενον,

267 761 511 832 Παρθένε
538 758 868 828 πανάμωμι,
893 757 1000 810 ἀπὸ
1040 757 1219 826 πάσης
1251 755 1549 829 ἁμαρτίας.

333 940 490 995 Μετὰ
514 942 612 1008 τὴν
630 938 822 1008 κύησιν
849 937 1114 1006 παρθένος
1144 935 1350 1006 ὤφθης,
1373 935 1510 1005 ἁγνή
1537 952 1552 970 ο
1575 936 1707 989 Θεὸν
1728 934 1835 1004 γὰρ

264 1033 565 1102 ἐγέννησας
612 1029 1079 1096 καινοτομήσαντα
1119 1026 1330 1094 φύσεις,
1358 1024 1610 1094 ἄχραντε,
1637 1027 1702 1094 τῇ
1741 1026 1835 1076 δυ-

265 1126 430 1192 νάμει
463 1120 649 1187 αὑτοῦ,
679 1120 738 1171 ὃν
757 1119 1062 1172 ὲκδυσώπει
1094 1118 1334 1186 σωθῆναι
1360 1118 1568 1180 πάντας
1594 1118 1760 1178 ἡμᾶς.

338 1301 581 1371 Πσρθὲνε
625 1301 879 1370 ἄχραντε,
917 1297 1295 1369 Θεοχαρίτωτε,
1319 1298 1409 1350 τὸν
1462 1295 1555 1350 σδν
1596 1294 1832 1350 δυσώπει

263 1393 396 1444 Υἱὸν
429 1392 515 1444 διὰ
543 1391 741 1452 παντὸς
769 1390 842 1460 μή
872 1407 936 1459 με
969 1388 1324 1458 καταισχῦναι
1349 1391 1404 1442 ὲν
1427 1388 1609 1460 ἡμέρᾳ
1632 1388 1729 1458 τῆς
1758 1388 1835 1441 δί-

261 1498 391 1548 κης.
425 1481 558 1534 ἀλλὰ
582 1479 980 1548 συναριθμῆσαι
1001 1482 1110 1541 τοῖς
1135 1481 1418 1541 ἐκλεκτοῖς
1449 1479 1760 1544 προϐάτοις.

335 1574 570 1624 Φανείσα
641 1571 953 1641 πλατυτέρα
1019 1572 1298 1641 οὐρανῶν,
1361 1571 1603 1641 Παρθένε
1654 1571 1831 1643 ἁγνὴ,

260 1663 547 1733 ἔχώρησας
575 1662 708 1714 Θεὸν
741 1663 1069 1732 σωματικῶς
1110 1664 1201 1716 τὸν
1256 1665 1687 1734 ἀπερίγραπτον,
1736 1663 1832 1716 καὶ

259 1753 506 1822 ὲκύησας
542 1753 758 1807 πάντων
787 1753 1162 1825 ἀπολύτρωσιν
1193 1755 1299 1809 τῶν
1333 1754 1834 1824 πίστειὰδιστάκτῳ

260 1845 579 1913 ὑμνούντων
607 1862 686 1899 σε.

1937 666 2082 719 enim
2125 677 2290 716 carne
2330 661 2590 732 peperisti
2630 664 3135 731 supernaturaliler,
3191 665 3282 733 qui
3325 681 3420 735 per
3455 676 3507 720 te

1940 752 2132 805 liberat
2187 749 2471 815 mundum,
2530 749 2961 820 inculpatissima
3015 748 3202 821 Virgo,
3251 754 3318 806 ab
3356 753 3509 807 omni

1938 848 2185 910 peccato.

2007 931 2138 984 Post
2183 940 2419 1000 partum,
2474 931 2638 1002 Virgo
2676 929 3000 999 apparuisti,
3061 941 3270 991 sancta.
3337 930 3504 987 Deum

1937 1023 2081 1080 enim
2108 1023 2341 1092 genuisti
2369 1031 2618 1077 naturam
2672 1023 3071 1086 immutantem,
3105 1039 3136 1078 ο
3165 1025 3504 1090 incorrupta,

1937 1115 2136 1170 virtute
2163 1131 2282 1180 sua,
2307 1131 2464 1185 quem
2493 1130 2706 1184 semper
2740 1114 3035 1184 deprecare
3084 1126 3142 1168 ut
3174 1117 3356 1170 salvos
3404 1131 3505 1170 nos

1937 1204 2123 1259 faciat.

2009 1294 2171 1364 Virgo
2222 1294 2566 1349 immaculata
2621 1293 2731 1348 Deo
2776 1293 3106 1363 gratissima.
3137 1303 3285 1346 tuum
3333 1310 3496 1349 exora

1936 1384 2131 1440 Filium
2159 1401 2371 1452 semper
2400 1400 2466 1438 ne
2495 1401 2578 1440 me
2607 1385 2905 1440 confundat
2947 1387 3001 1440 in
3029 1387 3115 1440 die
3150 1385 3368 1455 judicii,
3405 1386 3499 1439 sed

1937 1489 2257 1532 annumerct
2284 1477 2472 1532 electis
2500 1479 2714 1533 ovibus.

2007 1570 2134 1624 Visa
2169 1569 2418 1638 capacior
2469 1569 2644 1631 caelis,
2681 1568 2847 1638 Virgo
2894 1577 3105 1632 sancta,
3141 1569 3500 1638 comprehcn-

1935 1661 2061 1715 disti
2085 1661 2440 1727 corporaliter
2468 1658 2638 1713 Deum
2667 1660 3224 1728 iucircumscriptum,
3254 1671 3306 1714 et
3337 1676 3501 1728 pepe-

1937 1751 2054 1804 risti
2101 1752 2154 1802 in
2200 1751 2624 1819 redemptionem
2669 1749 2937 1814 omnium,
2970 1750 3064 1819 qui
3094 1749 3197 1805 fide
3238 1751 3314 1804 nil
3344 1751 3502 1804 dubi-

1937 1853 2082 1898 tante
2113 1842 2333 1894 laudant
2364 1851 2432 1895 te.

1458 1961 1542 2017 Ea:
1568 1978 1764 2017 canone
1791 1962 1936 2032 ferite
1964 1973 2023 2022 tt,
2056 1957 2206 2010 hebd.
2241 1972 2315 2011 τι.

335 2072 561 2138 Aurora,
594 2071 782 2144 Virgo,
813 2073 958 2129 fuisti
991 2072 1134 2130 Solis
1185 2075 1540 2146 intelligibilis
1575 2075 1819 2146 iustitiae,
1858 2078 1897 2134 Β
1926 2069 2218 2123 cruciﬁxus
2271 2076 2449 2122 autem
2499 2075 2553 2122 et
2594 2067 2839 2138 sepultus
2882 2083 2941 2123 es
2993 2067 3318 2132 voluntarie,
3368 2077 3420 2121 et
3468 2081 3499 2121 a

259 2178 356 2232 per
385 2180 546 2232 quem
580 2179 643 2218 ex
673 2166 990 2234 ignorantiae
1025 2169 1264 2222 tenebris
1294 2182 1484 2222 sumus
1515 2169 1675 2223 eruti.

329 2256 495 2324 338
545 2256 738 2310 Libera
790 2273 890 2310 nos
943 2273 974 2311 a
1025 2260 1294 2327 supplicio
1356 2274 1420 2312 ac
1478 2259 1834 2316 damnatione

257 2355 482 2409 interna,
512 2361 610 2399 nos
640 2345 731 2415 qui
765 2354 816 2400 te
845 2346 1098 2403 laudibus
1130 2347 1446 2403 extollimus
1475 2349 1612 2418 (66),
1634 2364 1666 2402 ο
1699 2365 1832 2418 pura

259 2436 352 2490 Dei
390 2436 660 2492 Genitrix.

332 2527 630 2596 Pmpitium
680 2529 827 2582 eflice
867 2529 1044 2592 nobis,
1101 2528 1414 2599 incorrupta
1451 2527 1642 2599 Virgo,
1681 2540 1831 2584 tunm

258 2618 458 2672 Filium
491 2629 545 2673 et
585 2619 753 2675 Deum
808 2621 1073 2684 omnium,
1123 2622 1300 2689 nobis,
1353 2623 1596 2693 inquam,
1633 2624 1735 2678 [ide
1785 2637 1835 2678 te

257 2710 630 2765 laudantibus.

615 2799 698 2854 Ea:
715 2818 908 2856 canone
935 2802 1084 2870 feria
1115 2819 1195 2868 ιιι,
1225 2802 1375 2860 liebd.
1408 2820 1480 2859 Vl.

332 2889 562 2946 Domine
610 2902 816 2959 sancte,
852 2895 946 2962 qui
995 2909 1061 2947 ex
1097 2903 1245 2948 casta
1280 2893 1500 2965 Virgine
1558 2905 1717 2951 natus
1751 2913 1831 2962 es,

275 3041 373 3095 Ἐκ
398 3043 502 3097 τοῦ
521 3046 802 3118 ⁸[ιἰιγ-όνος
826 3043 936 3113 τῆς
963 3047 1242 3113 τετάρτης
1270 3048 1378 3116 τῆς
1402 3049 1723 3118 ἑϐδομαδος
1756 3057 1831 3116 ς’,

508 3114 576 3166 ἐν
603 3113 675 3182 τῇ
704 3118 1013 3184 προευρτίᾳ
1042 3118 1149 3184 τῆς
1180 3113 1585 3187 Ἀγαρὶήψεωξκ

331 3228 649 3300 Φωτοιρόρον
675 3229 860 3298 ὄχημα
890 3229 980 3282 τοῦ
1022 3230 1202 3282 Ἡλίου
1233 3232 1296 3282 σὺ
1337 3231 1431 3283 τοῦ
1463 3233 1651 3301 νοητοῦ
1673 3234 1835 3300 γεγέ-

255 3336 423 3389 νησαι
477 3319 716 3390 ἀληθῶς,
747 3321 979 3391 ἄχραντε
1013 3322 1166 3391 ἁγνὴ,
1199 3323 1266 3374 δι’
1297 3316 1356 3375 οὗ
1382 3325 1428 3375 οἱ
1452 3325 1748 3394 καθήμενοι
1777 3326 1833 3376 ὲν

1938 2164 2166 2216 mortuis
2199 2161 2565 2222 resurrexisti,
2597 2177 2693 2230 per
2744 2161 2985 2230 ejusdem
3028 2177 3217 2231 preces
3247 2160 3500 2215 omnibus

1935 2254 2333 2308 misericordias
2374 2262 2496 2307 tuas
2525 2252 2765 2306 demitte.

2006 2385 2240 2455 Supplex
2285 2403 2506 2454 precare
2549 2388 2890 2441 incarnatum
2927 2401 2993 2440 ex
3043 2395 3094 2440 te
3146 2385 3405 2449 Verbum,
3441 2394 3501 2439 ut

1934 2479 2108 2532 nostri
2141 2478 2548 2532 bumiliatorum
2592 2478 2932 2541 misereatur,
2965 2492 2998 2530 ο
3037 2475 3266 2546 Deipara
3306 2475 3493 2545 Virgo.

2006 2617 2202 2671 Lucem
2240 2616 2395 2670 nobis
2419 2617 2482 2669 de
2516 2616 2653 2678 luce,
2673 2629 2705 2668 ο
2748 2613 2912 2683 Virgo
2937 2615 3214 2677 inviolata,
3240 2612 3497 2683 genuisti,

1933 2718 2098 2778 atque
2129 2709 2461 2761 infidelitatis
2487 2711 2738 2760 tenebras
2766 2706 3034 2770 minuisti,
3065 2706 3207 2760 unde
3239 2720 3337 2760 nos
3375 2704 3500 2757 uni-

1934 2801 2076 2853 versi
2104 2809 2152 2852 te
2182 2799 2300 2852 fidei
2324 2799 2549 2852 vocibus
2576 2797 2970 2852 collaudamus.

1934 3060 2017 3110 Ex
2049 3072 2242 3109 canone
2269 3056 2412 3126 feria:
2453 3071 2526 3118 tv,
2553 3052 2706 3107 hebd.
2737 3066 2812 3118 Vt,
2851 3051 2906 3103 in
2935 3050 3113 3120 vigilia
3142 3047 3498 3102 Ascensionis.

2006 3236 2323 3290 Vehiculum
2357 3233 2665 3288 Luciferum
2705 3232 2848 3286 Solis
2880 3230 3140 3300 spiritalis
3178 3238 3232 3284 tu
3264 3229 3403 3283 facta
3438 3245 3498 3284 es

1935 3343 2144 3388 revera.
2177 3341 2208 3380 0
2244 3325 2406 3395 Virgo
2438 3325 2714 3388 inviolata,
2744 3338 2840 3392 per
2876 3337 3036 3392 quem
3074 3321 3172 3382 illi,
3209 3321 3381 3388 quiin
3421 3329 3498 3373 te-

259 3410 343 3481 τῷ
377 3413 559 3465 σκότει
609 3412 839 3480 ἔϐλεψαν
869 3413 928 3466 τὺ
958 3413 1072 3482 φῶς
1118 3415 1216 3485 τῆς
1248 3415 1613 3483 ἐπιγνώσεως,
1659 3434 1828 3469 κατα-

1937 3420 2118 3474 nebris
2166 3418 2446 3480 sedebant,
2479 3417 2732 3470 viderunt
2782 3416 2965 3469 lumen
3008 3412 3250 3466 scientiae
3301 3421 3352 3466 te
3401 3426 3499 3480 pro

258 3501 440 3572 χρέως
470 3519 527 3554 σε
554 3503 890 3567 δοξάζοντες.

288 3611 376 3665 Εκ
403 3612 508 3666 τοῦ
537 3616 800 3688 Κᾳνόνρς
828 3613 938 3682 τῆς
974 3615 1245 3688 πέμπτης
1275 3616 1384 3683 τῆς
1415 3619 1738 3688 ἑϐδομάδος
1757 3617 1832 3685 ς’,

578 3685 647 3737 ἐν
679 3683 752 3750 τῇ
781 3684 1106 3752 Ἀναλήψιει
1145 3687 1249 3740 τοῦ
1281 3690 1521 3754 Κυρίου.

335 3793 602 3863 Ἀχραντε
623 3795 812 3865 Μῆτερ
835 3793 990 3861 Θεοῦ,
1028 3795 1119 3848 τὸν
1139 3797 1488 3865 σαρκωοὲντα
1519 3798 1582 3850 ὲκ
1602 3798 1715 3861 σοῦ,
1737 3800 1831 3852 καὶ

256 3889 325 3940 ὲκ
376 3889 484 3941 τῶν
520 3890 738 3943 κόλπων
777 3889 868 3942 τοῦ
922 3890 1246 3958 Γεννήτορος
1299 3891 1372 3960 μὴ
1429 3892 1825 3959 ὲκφοιτήσαντα

255 3977 413 4040 Θεὸν,
454 3978 746 4041 ἀπαύστως
793 3979 1062 4048 πρέσϐευε
1094 3982 1157 4034 ἑκ
1220 3983 1399 4050 πάσης
1449 3981 1823 4050 περιστάσεως

256 4067 436 4121 σῶσαι
461 4069 554 4132 οὓς
574 4070 829 4125 ἔπλασεν.

343 4159 572 4214 Ἱκέτευε
595 4162 909 4228 ἀπαύστως,
945 4165 1101 4236 ἁγνὴ,
1131 4165 1222 4217 τὴν
1273 4165 1602 4234 προελθόντα
1636 4167 1700 4218 ἐκ
1732 4164 1826 4218 λα-

255 4255 434 4323 γόνων
474 4272 565 4308 σου
598 4255 857 4326 ῥυσθῆναι
895 4257 1100 4327 πλάνης
1151 4258 1397 4311 διαϐόλου
1428 4261 1553 4322 τοὺς
1584 4258 1821 4329 ὑμνοῦνι

256 4347 357 4408 τάς
386 4364 442 4398 σε
466 4347 695 4416 Μητέρα
728 4347 883 4404 Θεοῦ.

345 4438 407 4491 Ἦ
436 4439 709 4508 Παρθένος
761 4439 936 4503 ἔτεκε,
969 4442 1064 4493 καὶ
1105 4441 1174 4493 τὰ
1229 4441 1482 4512 μητέρων
1529 4443 1628 4497 οὐκ
1662 4444 1823 4512 ἔγνω,

255 4528 397 4581 ἀλλὰ
436 4531 621 4599 μήτηρ
678 4531 776 4600 μὲν
829 4530 963 4594 ἐστι,
1021 4533 1284 4602 παρθένος
1330 4533 1385 4585 δὲ
1419 4535 1706 4604 διέμεινεν,
1759 4537 1826 4606 ἣν

255 4621 640 4693 ἀπιυμνοῦντες,
669 4625 862 4695 Χαῖρε,
891 4623 1138 4691 Θεοτόκε,
1169 4625 1572 4697 κραυγάζομεν.

1935 3513 2197 3581 dignitate
2229 3511 2615 3580 glorificantes.

1936 3622 2020 3676 Ea:
2047 3635 2240 3674 canone
2267 3621 2414 3689 ferite
2440 3635 2490 3681 ν,
2508 3618 2656 3689 hebd.
2675 3633 2745 3681 Vl,
2767 3618 2822 3689 in
2845 3615 3265 3689 Assumptionem
3291 3612 3498 3668 Domini

2423 3691 2585 3741 nostri
2614 3688 2738 3740 Jesu
2782 3687 3001 3740 Christi.

2003 3803 2261 3859 lnviolata
2300 3801 2390 3856 Dei
2416 3801 2603 3863 Mater,
2642 3799 2807 3852 Deum
2847 3800 3026 3867 ipsum
3066 3814 3131 3853 ex
3162 3809 3212 3852 te
3247 3797 3499 3850 incarna-

1932 3905 2068 3959 tum,
2111 3896 2313 3964 absque
2351 3908 2416 3948 eo
2449 3895 2594 3962 quod
2638 3892 2912 3946 Geuitoris
2955 3891 3039 3944 sui
3083 3892 3261 3944 sinum
3305 3887 3498 3941 dereli-

1930 3987 2128 4056 querit,
2153 3985 2372 4039 assidue
2399 3985 2787 4053 deprecare,ut
2814 3981 2882 4035 ab
2913 3983 3061 4034 omni
3099 3980 3342 4048 periculo
3375 3993 3494 4032 ser-

1930 4088 2014 4132 vet
2037 4093 2174 4146 quos
2199 4078 2424 4130 creavit.

1996 4168 2145 4238 Roga
2178 4168 2563 4230 indesinenter,
2587 4180 2620 4220 ο
2643 4165 3194 4233 sancta,productum
3224 4176 3286 4214 ex
3320 4161 3495 4213 visce-

1926 4261 2078 4315 ribus
2117 4262 2242 4325 tuis,
2281 4268 2340 4313 ut
2373 4260 2566 4313 liberet
2614 4273 2645 4313 a
2688 4258 2922 4311 fallaciis
2967 4256 3169 4310 diaboli
3217 4255 3497 4306 laudantes

1930 4361 1981 4407 te
2011 4351 2240 4405 Matrem
2273 4350 2387 4404 Dei.

1997 4441 2160 4513 339
2181 4441 2344 4510 Virgo
2375 4441 2600 4509 peperit,
2638 4455 2759 4504 nec,
2795 4454 2916 4509 qua:
2965 4447 3198 4490 matrum
3235 4443 3381 4497 sunt,
3411 4441 3495 4487 est

1927 4546 2170 4604 experta,
2200 4535 2290 4588 sed
2329 4543 2498 4586 mater
2540 4533 2757 4601 quidem
2799 4541 2916 4597 est,
2953 4531 3106 4600 virgo
3159 4539 3338 4583 autem
3377 4543 3497 4595 per-

1930 4627 2150 4694 mansit,
2183 4642 2344 4698 quam
2379 4627 2684 4690 laudantes,
2717 4628 2828 4682 Ave
2861 4627 3112 4696 Deipara,
3163 4626 3490 4678 clamamus.

330 4797 445 4868 (G6)
486 4797 583 4850 Sat
613 4805 697 4852 est
724 4797 905 4852 dicere
932 4797 993 4850 Β.
1028 4796 1309 4868 Virginem
1338 4799 1509 4855 fuisse
1537 4799 1634 4855 Dei
1660 4799 1820 4856 Geni-
1845 4806 1899 4866 D
1926 4801 2062 4855 simo
2117 4812 2340 4868 peccato
2398 4801 2596 4855 actuali
2655 4802 2888 4855 liberum
2921 4800 3314 4860 conservando,
3362 4800 3486 4866 quia

253 4868 554 4946 tri_cem,ad
587 4869 690 4946 hoc
723 4877 916 4946 uteatn
948 4883 976 4920 ο
1001 4885 1326 4946 quacunque
1353 4871 1684 4946 impuritate,
1709 4888 1821 4946 non

255 4941 438 4993 solum
471 4938 676 5007 peccati
706 4938 954 5008 actualis,
979 4941 1071 4991 sed
1101 4938 1262 4992 etiam
1288 4938 1570 5008 originalis
1597 4943 1820 4996 omnino

254 5011 484 5062 liberam
519 5015 699 5079 atque
742 5007 1455 5079 immunemintelligamus.
1494 5013 1546 5064 ln
1591 5012 1821 5079 ignomi-

254 5081 403 5133 niam
444 5077 589 5150 enim
626 5077 825 5150 Christi
861 5077 1340 5150 red_undasset,’ut
1375 5082 1549 5148 inquit
1583 5077 1635 5139 5;
1669 5097 1720 5150 p.
1758 5097 1814 5149 q.

1926 4871 2201 4940 Sapientia
2237 4887 2342 4925 non
2370 4873 2535 4925 intrat
2577 4874 2626 4925 in
2664 4886 2865 4940 corpus
2915 4871 3192 4924 subditum
3223 4872 3492 4939 peccatis;

1923 4951 2128 5010 quanto
2176 4943 2349 5009 magis
2398 4943 2565 5010 exigit
2600 4941 2768 4996 Filius
2807 4942 2943 4995 idetn
2978 4955 3194 5007 corpus.
3243 4941 3490 4991 eamdem

1922 5011 2157 5063 animam
2201 5013 2508 5078 pulchram.
2545 5013 2615 5064 ita
2655 5023 2713 5065 ut
2745 5025 3022 5078 nunquam
3069 5010 3371 5075 denigrata,
3400 5019 3492 5061 aut

1922 5080 2120 5134 infecta
2154 5080 2316 5134 fuerit
2349 5082 2534 5135 letbali
2568 5083 2724 5148 culpa
2774 5080 3066 5148 originali?
3097 5078 3229 5131 Hinc
3264 5079 3315 5130 in
3366 5094 3495 5148 qui»

250 5150 348 5210 27,
373 5148 650 5218 angelicas
685 5145 899 5219 doctor,
924 5148 967 5201 si
1004 5149 1118 5217 ipse
1143 5165 1248 5202 non
1278 5145 1682 5218 praeservasset'
1713 5145 1817 5204 (ἱό-
1917 5151 2040 5203 dam
2073 5150 2257 5204 Ollicio
2283 5153 2510 5219 antiquo
2545 5145 2915 5204 Immaculata:
2937 5148 3319 5216 Conceptionis
3351 5147 3492 5219 apud

253 5217 522 5289 nitrice’mi
541 5232 697 5289 suam
735 5230 764 5268 a
795 5217 973 5289 _cu|pa
1009 5220 1223 5289 veniali,
1265 5217 1390 5289 quia
1443 5221 1663 5274 infamia
1697 5236 1813 5272 ma-

253 5289 358 5342 tris
400 5289 452 5341 in
500 5287 668 5340 filium
717 5285 1003 5339 redundat.
1035 5288 1176 5358 Ergo
1222 5285 1296 5342 iu'
1325 5291 1570 5357 ejusdem
1618 5291 1819 5344 Cltt'isli

252 5358 711 5429 majusdedecus
737 5367 1002 5424 vergeret,
1030 5359 1257 5413 sinendo
1285 5361 1558 5429 propriam
1590 5360 1815 5413 Matrem

253 5428 585 5499 impnritate
628 5427 800 5499 culpae
873 5429 1152 5499 originalis
1217 5427 1581 5499 coinquinari.
1629 5429 1817 5485 Nonne

251 5499 379 5567 plus
412 5511 508 5566 per
535 5497 663 5550 illud
696 5495 1009 5568 recessisset
1044 5514 1072 5550 a
1108 5497 1263 5562 Filio,
1296 5495 1483 5566 utpote
1509 5511 1698 5554 saneto
1727 5516 1822 5568 per

250 5566 572 5640 essentiam,
597 5580 648 5619 et
670 5566 841 5640 magis
865 5569 1186 5622 accessisset
1210 5571 1274 5623 ad
1313 5571 1498 5632 Belial,
1530 5566 1817 5640 majusque

251 5652 382 5692 cum
419 5638 508 5690 illo
544 5637 930 5709 commercium
965 5641 1342 5703 contraxisset,
1375 5656 1534 5709 quam
1566 5637 1661 5708 per
1692 5637 1810 5706 pee-

253 5718 378 5760 cata
403 5709 654 5769 venialia,
684 5707 898 5761 etiamsi
930 5709 981 5761 in
1025 5709 1292 5762 infinitum
1323 5707 1718 5764 commisisset?
1751 5711 1808 5764 Si

252 5776 354 5830 Dei
381 5776 550 5832 Filius
572 5779 847 5831 consuluit
869 5776 1059 5832 honori
1086 5795 1204 5838 suo,
1228 5781 1482 5843 animam,
1508 5790 1562 5834 et
1593 5791 1804 5833 uterum

256 5851 620 5919 undequaque
648 5848 934 5918 pulchrum
973 5864 1084 5906 sua:
1133 5848 1320 5906 Matris
1353 5852 1420 5905 ab
1463 5853 1610 5905 omni
1643 5852 1801 5906 levis-

1919 5219 2236 5292 Balingltem
2269 5225 2323 5278 in
2357 5217 2626 5273 Parnasso
2661 5220 2929 5285 Mariano,
2964 5235 3086 5288 pag.
3111 5221 3199 5284 Η,
3229 5220 3308 5272 sic
3342 5217 3495 5272 caui-

1931 5300 2014 5344 tur
2044 5309 2056 5344 :

2283 5361 2501 5414 Decebat
2532 5369 2638 5413 tam
2671 5360 2894 5412 nobilem

2351 5432 2551 5484 Natum
2583 5446 2872 5497 pra'ravere

2359 5503 2432 5553 Ab
2463 5501 2713 5562 originali

2346 5571 2483 5622 Lalre
2517 5571 2704 5622 Matris
2736 5569 2858 5622 Eva:

2265 5643 2497 5698 Almam.
2525 5657 2678 5708 quant
2702 5648 2929 5709 elegerat

2337 5712 2650 5764 Cenitricem
2677 5727 2789 5763 vere

2344 5782 2492 5833 Nulli
2516 5796 2732 5846 prorsus
2759 5797 2933 5835 amens

2332 5854 2510 5920 Gulpa'
2529 5852 2819 5920 subjuccre.
