4180 6450
632 298 768 362 H03
808 353 815 374 ,

1720 293 1778 353 5.
1818 290 2131 353 JOSEPIII
2169 291 2724 352 IIYMNOGRAPHI
2769 356 2774 361 ,

3725 297 3874 360 1404

700 412 974 483 Virginem
1000 420 1148 480 'post
1198 417 1411 480 partum
1448 390 1499 463 te
1530 404 1819 460 laudamus
1848 421 1881 459 ο
1917 388 2141 475 Deipara
2179 420 2193 456 :
2224 418 2269 476 Α

2371 404 2645 471 Παρθένον
2717 404 2877 475 μετὰ,
2913 403 3072 457 τόκον
3126 405 3403 475 ὑμνοῦμέν
3464 425 3544 473 σε,
3573 408 3806 464 Θεοτόκε
3848 428 3868 443 ο

631 514 693 560 ιιι
731 507 874 560 enim
918 502 1087 581 Deum
1131 501 1362 555 Verbum
1410 501 1753 569 incarnatum
1800 498 1999 553 mundo
2032 512 2188 567 pepe-

632 597 768 651 risti.
1249 618 1268 643 ι’

700 685 815 756 (67)
852 686 927 739 Te
983 684 1180 738 rubum
1246 680 1679 743 incombustum,
1725 689 1777 733 et
1826 686 2104 741 montem,
2140 686 2194 731 et

2295 497 2355 548 οὐ
2381 498 2487 565 γὰρ
2509 497 2598 549 τὸν
2632 495 2764 549 Θεὸν
2791 496 2963 564 Λόγον
3005 497 3167 566 σαρκὶ
3191 498 3269 567 τῷ
3297 499 3483 569 κόσμῳ
3510 501 3775 571 ὲκύησας.

2365 682 2532 735 Βάτον
2587 676 2644 734 σε
2692 670 3117 749 ἁκατᾶφλεκτον,
3158 684 3250 736 καὶ
3283 683 3431 753 ὅρος,
3464 685 3557 738 καὶ
3609 688 3862 758 κλῖμεικα

633 778 833 831 scalam
900 776 1231 837 animatam,
1287 782 1340 828 et
1405 783 1613 842 portam
1671 770 1947 824 caelestem
2002 769 2195 823 merito
2248 796 2249 799 η

2328 776 2554 844 μψυχον,
2588 776 2681 828 καὶ
2711 776 2885 845 πύλην
2905 776 3153 845 οὐράνιον
3202 776 3366 841 ἀξίως
3392 778 3709 851 δοξάζομεν,
3746 783 3874 836 Μα-

636 866 1034 940 giorilicamns,
1102 883 1134 922 o
1202 866 1367 920 Maria
1438 865 1709 935 gloriosa,
1764 862 2192 923 qrthodoxorum

636 964 827 1032 gloria.

705 1053 805 1117 Qui
840 1060 999 1106 natus
1030 1060 1110 1105 est
1140 1050 1204 1103 de
1241 1047 1483 1119 Virgine.
1528 1062 1687 1115 quam
1743 1044 2024 1115 Deiparam
2068 1045 2197 1101 elle-

638 1145 731 1203 cil,
765 1144 1081 1197 benedictus
1115 1144 1182 1195 sit
1214 1140 1358 1194 Deus
1399 1149 1609 1209 patrum
1639 1150 1973 1192 nostrorum.

708 1236 901 1289 Filium
938 1251 1000 1288 ac
1033 1219 1218 1321 Deum"
1258 1234 1327 1288 ob
1360 1248 1511 1287 suam
1557 1232 1840 1300 plurimam
1889 1233 2203 1287 misericor-

640 1328 783 1381 diam
821 1329 885 1381 de
916 1325 1137 1394 Virgine
1169 1333 1373 1387 natum,
1417 1339 1511 1391 per
1553 1339 1715 1392 quem
1753 1323 2003 1391 Spiritus
2045 1341 2204 1393 para-

642 1422 810 1473 clctus
837 1418 1083 1471 ﬁdelibus
1115 1417 1315 1469 missus
1342 1425 1443 1476 est,
1484 1417 1792 1469 sacerdotes
1823 1415 2059 1468 laudate.
2154 1410 2158 1417 ’

713 1509 845 1572 Ave,
883 1509 1132 1576 Deipara,
1160 1505 1326 1558 Mater
1360 1503 1563 1559 Christi
1605 1505 1718 1569 Dei,
1748 1522 1905 1572 quem
1935 1506 2206 1574 peperisti,

644 1596 805 1650 hodie
834 1613 863 1651 e
893 1610 1029 1651 terra
1058 1594 1357 1649 evolantem
1381 1610 1504 1650 cum
1524 1596 1729 1652 angelis
1762 1597 1972 1662 videns,
1994 1599 2207 1667 magni-

644 1691 864 1744 ﬁcabas.

2298 867 2388 935 pia
2410 865 2604 931 ἐνδοξε,
2639 865 2934 936 apemng
2965 867 3249 938 καύχημα.

2381 1050 2440 1103 ὐ
2464 1053 2525 1103 ἐκ
2546 1050 2817 1119 παρθένου
2839 1051 3069 1142 τεχθεὶί,
3101 1053 3167 1122 ἢν
3188 1051 3449 1107 Θεοτὸκον
3473 1054 3879 1127 ἀπειργάσατο,

2301 1141 2586 1210 εὐλογητὸς
2627 1145 2654 1195 ὁ
2680 1142 2809 1202 Θεὸς
2837 1145 2864 1193 ό
2891 1141 2997 1193 τῶν
3033 1145 3285 1213 πατέρων
3320 1144 3501 1214 ἡμῶν.

2292 1284 2293 1287 η
2376 1234 2638 1287 Ton-Ti)»;
2657 1238 2747 1288 καὶ
2765 1236 2917 1300 θεον,
2950 1237 3037 1288 διὰ
3067 1238 3163 1307 τὴν
3185 1239 3351 1291 αὑτοῦ
3380 1240 3579 1309 πολλὴν
3603 1242 3885 1306 5631:717—

2304 1329 2457 1396 χνεαν
2505 1331 2855 1398 σαρκωοὲντα
2908 1331 2971 1381 ἐκ
3006 1329 3297 1399 παρθένου,
3333 1332 3422 1399 ὑφ’
3455 1327 3513 1385 οῦ
3546 1334 3605 1384 τὸ
3657 1333 3885 1399 Πνεῦμα

2305 1420 2364 1470 τὸ
2392 1410 2795 1489 παρακλητικὸν
2820 1420 3135 1489 διηγγέλθη,
3178 1422 3340 1489 ἱερεῖς
3366 1422 3607 1487 ὑμνεῖτε.

2376 1511 2568 1579 Χαῖρε,
2594 1511 2839 1577 Θεοτόκε,
2868 1514 3058 1582 Μῆτερ
3092 1512 3326 1581 Χριστοῦ
3356 1512 3448 1564 τοῦ
3471 1512 3626 1576 Θεοῦ,
3644 1513 3703 1564 ὃν
3721 1513 3891 1579 iit-ir}-

2311 1621 2429 1666 σοις,
2496 1604 2736 1673 σήμερον
2787 1606 2850 1657 ὲκ
2898 1606 3021 1675 γῆς·
3058 1606 3424 1675 ἀνιπτάμενον
3479 1609 3573 1660 σὺν
3628 1607 3888 1674 ἀγγέλοις

2308 1695 2509 1764 ὁρῶσα,
2547 1696 2908 1764 ἐμεγάλιινες.⁴

1635 1808 1718 1862 Ea:
1748 1825 1945 1863 canone
1990 1811 2139 1877 ferite
2161 1827 2228 1874 vr,
2257 1792 2387 1878 lpos:
2422 1815 2847 1883 Assumptionen.

717 1923 933 1995 Castam
984 1926 1121 1982 casti
1170 1926 1453 1981 laudemus
1505 1926 1708 1995 populi,
1756 1926 1987 1995 speciem
2039 1926 2208 1982 Jacob
2237 1911 2280 1969 B
2310 1906 2431 1960 dem
2476 1909 2642 1963 latere
2690 1907 2979 1962 ﬁuentiims
3014 1908 3270 1965 emunda.
3304 1909 3381 1962 Ad
3418 1918 3469 1964 te
3503 1912 3648 1964 enim
3685 1913 3887 1981 clamo,

648 2017 845 2073 divinis
883 2019 1187 2089 actionibus
1232 2019 1687 2098 illustremus,’et
1733 2019 1979 2088 religiose
2027 2019 2209 2073 laude-

651 2124 776 2163 mus
808 2118 1063 2177 lanquam
1087 2108 1307 2185 Matrem
1338 2108 1429 2163 Dei
1452 2111 1644 2163 nostri.

718 2200 1021 2254 Commune
1075 2200 1314 2254 ﬁdelium
1361 2199 1840 2269 propitiatorium,
1902 2208 2211 2267 promptum

651 2303 716 2342 ac
746 2298 994 2356 paratum
1041 2290 1321 2344 hominum
1365 2290 1650 2353 auxilium,
1684 2299 1899 2358 pontem
1941 2289 2006 2341 ad
2047 2289 2215 2342 Crea-

655 2388 827 2433 torem
865 2380 1253 2443 traducentem,
1304 2396 1398 2448 per
1438 2397 1621 2449 querry
1645 2395 1832 2433 omnes
1888 2381 1952 2434 ad
1988 2381 2217 2435 Salutem

654 2469 1097 2532 transvehuntur,
1125 2470 1215 2523 Dei
1252 2470 1475 2524 Matrem
1508 2470 1892 2537 gloriﬁcemus.

728 2556 971 2613 Praesens
1026 2576 1147 2613 cum
1189 2561 1386 2616 divinis
1439 2561 1737 2629 discipulis,
1790 2552 2221 2621 castissima,'et

657 2649 847 2705 videns
881 2665 1038 2730 quem
1100 2652 1281 2719 genuit
1329 2667 1359 2706 e
1412 2660 1556 2707 terra
1602 2652 1852 2715 exaltari,
1898 2650 2164 2704 clamabat
2204 2667 2219 2703 :

644 2739 951 2815 Revertere
995 2742 1062 2797 ad
1105 2742 1319 2797 Patrem
1365 2743 1631 2813 principio
1679 2752 1953 2795 carentem
2009 2751 2087 2804 tu,
2131 2740 2224 2809 qui

660 2833 934 2901 repleviin
982 2834 1164 2888 omnia
1224 2835 1396 2903 gloria
1446 2844 1558 2901 tua,
1595 2849 1627 2889 ο
1674 2834 1786 2890 sole
1827 2833 2053 2887 Domine
2105 2834 2223 2902 glo-

662 2938 984 2979 nosrssnne.

766 3052 929 3125 340
955 3053 1034 3137 Ea:
1064 3072 1260 3110 canone
1287 3055 1509 3111 Sabbati
1534 3064 1650 3125 post
1675 3028 2120 3123 Assumptionem.

738 3186 930 3241 Arcem
956 3188 1007 3241 in
1038 3198 1087 3242 te
1116 3188 1181 3243 ad
1207 3188 1472 3258 refugium
1504 3188 1791 3252 habemus,
1821 3203 1854 3241 ο
1884 3185 2066 3256 Virgo,
2096 3187 2224 3255 quin

665 3285 718 3330 ct
756 3278 1205 3347 promptuarium,
1252 3279 1395 3333 unde
1441 3279 1589 3333 salus
1644 3278 1884 3348 perfecta
1931 3286 1985 3329 et
2030 3277 2231 3330 divitiae
2260 3261 2301 3317 (ἶ

669 3367 722 3419 in
776 3369 985 3421 animas
1016 3378 1233 3424 nostras
1280 3371 1547 3440 angustiis
1587 3385 1807 3439 pressas
1854 3368 2225 3427 eﬁ‘unduntur.

672 3458 899 3514 Lumine
927 3462 1085 3541 enim.
1122 3471 1214 3516 tuo
1270 3477 1483 3532 semper
1512 3463 1872 3524 lactiﬁcantur,
1914 3474 1945 3513 ο
1981 3458 2229 3524 Domina,

670 3559 723 3602 et
748 3566 888 3605 nime
918 3567 1014 3606 nos
1043 3562 1096 3607 et
1124 3568 1154 3607 a
1188 3553 1330 3619 vitiis
1361 3564 1412 3607 et
1443 3568 1469 3607 λ
1502 3544 1755 3623 periculis
1782 3567 1957 3606 serva.

744 3639 861 3695 Non
916 3642 1102 3697 relicto
1141 3642 1318 3699 Patris
1364 3645 1484 3699 sinu
1525 3646 1575 3697 in
1618 3654 1709 3698 tuo
1760 3644 1965 3713 gremio
1997 3638 2228 3698 Verbum

673 3732 991 3786 reclinatum
1027 3729 1110 3789 erit
1156 3736 1224 3788 ab
1280 3736 1694 3789 irrationalitate
1747 3750 1847 3789 nos
1896 3735 2153 3795 liberans,
2201 3750 2233 3785 ο

678 3818 865 3889 Virgo,
895 3832 1174 3889 canentes,
1212 3823 1437 3879 Domine
1466 3824 1631 3879 Deus.

752 3910 977 3981 Deipara
1020 3916 1350 3981 castissima,
1379 3916 1572 3969 animaa
1607 3932 1738 3970 mea:
1771 3918 2012 3975 vulnera.
2038 3925 2090 3969 et
2113 3930 2236 3983 pec-

673 4003 774 4072 cati
824 4003 1106 4058 cicatrices
1155 4005 1422 4075 absterge,
1449 4015 1499 4059 et
1535 4021 1700 4075 purga
1735 4006 1972 4058 i‘ontibus
2006 4005 2111 4057 illis
2144 4004 2235 4072 qui

673 4107 738 4146 ex
771 4090 889 4146 Filii
926 4095 1001 4148 tui
1032 4095 1481 4157 latere-manant,
1512 4110 1672 4166 atque
1729 4096 1979 4150 laticibus
2024 4112 2089 4149 ex
2143 4111 2240 4149 eo-

746 4270 857 4339 (67)
889 4270 1069 4335 Quare
1097 4271 1157 4324 Β,
1196 4269 1361 4341 Virgo
1393 4271 1603 4325 dicatur
1637 4270 1812 4323 [iubas
1864 4270 2238 4334 incombustus,

676 4342 877 4410 optime
918 4342 1057 4393 inter
1087 4341 1222 4394 alios
1245 4341 1477 4408 explicat
1508 4342 1566 4393 Β.
1600 4342 1858 4393 Ludovic.
1890 4341 2237 4405 Dertrandns,

677 4409 794 4465 ord.
842 4411 1067 4463 Pricdic.
1104 4412 1157 4463 in
1201 4409 1368 4463 Serm.
1410 4413 1472 4463 de
1512 4412 1856 4472 Conceptione
1902 4419 2040 4478 part.
2083 4426 2153 4473 Iv,
2188 4426 2239 4479 p.

2316 1999 2382 2053 ad
2408 2010 2458 2053 te
2487 1999 2743 2068 coningio
2772 2010 2869 2053 :.te
2893 2000 3081 2052 invoco
3114 2000 3282 2070 gratia
3313 2001 3553 2068 plenam.

2385 2087 2582 2143 Vocem
2616 2089 2706 2142 tibi
2732 2087 2999 2142 Galirielis
3032 2105 3154 2142 cum
3195 2090 3446 2142 omnibus
3496 2092 3702 2157 angelis
3751 2093 3890 2142 οπυ-

2316 2182 2487 2235 rimus
2526 2200 2539 2235 :
2585 2181 2717 2242 Ave,
2753 2179 3008 2248 palatium
3056 2179 3452 2234 lucidissimnm
3505 2180 3665 2248 [legis
3703 2201 3716 2236 :
3754 2185 3892 2242 Ave,

2316 2286 2436 2338 qua:
2480 2279 2679 2323 terram
2732 2270 2906 2333 coalis,
2974 2267 3162 2337 Virgo,
3192 2271 3548 2337 coniunxisti,
3576 2288 3669 2340 per
3724 2290 3893 2340 quam

2318 2362 2609 2424 salvainur,
2653 2362 2743 2428 qui
2802 2361 3008 2414 scimus
3057 2370 3107 2414 te.
3167 2361 3427 2429 virginem
3489 2361 3581 2415 Dei
3633 2374 3860 2416 matrem

2522 2496 2604 2550 Ea:
2634 2513 2828 2550 canone
2856 2496 3000 2564 ferite
3033 2511 3095 2559 ιι,
3130 2506 3251 2549 ante
3297 2484 3658 2553 Pentecosten.

2392 2629 2560 2683 Totus
2597 2628 2849 2691 dulcedo,
2897 2638 3046 2682 totus
3095 2624 3478 2683 desiderabilis
3526 2640 3653 2683 tuus
3713 2627 3888 2684 Filius

2322 2722 2573 2777 Christus
2629 2731 2710 2776 est
2757 2722 3071 2785 Dominus;
3106 2724 3453 2776 immaculata
3503 2723 3683 2792 Virgo,
3732 2741 3900 2793 quem

2324 2813 2589 2866 instanter
2623 2827 2715 2865 ora
2748 2827 2869 2865 cum
2918 2812 3405 2867 innumerabilibus
3439 2825 3776 2878 sanctorum,
3808 2816 3901 2881 qui

2326 2919 2540 2958 sursum
2574 2904 2839 2965 habitant,
2880 2902 3197 2967 virtutibus,
3238 2913 3295 2956 ιιι
3356 2904 3607 2957 amaritie
3650 2916 3907 2973 peccato-

2285 3044 2291 3050 .
2328 3012 2448 3051 rum
2480 2996 2687 3073 animas
2719 2995 2974 3061 perdente
3006 2996 3194 3069 liberet
3231 3009 3352 3050 nos.

2525 3124 2607 3177 Ea:
2644 3140 2839 3178 canone
2865 3124 3011 3193 ferite
3039 3139 3121 3187 ιιι,
3162 3132 3284 3177 ante
3324 3120 3684 3177 Pentecoslcn.

2407 3278 2618 3332 lnarata
2650 3275 2841 3339 Terra,
2864 3290 2987 3343 qua:
3011 3273 3324 3343 germinasti
3355 3273 3639 3327 nutritium
3673 3270 3907 3328 Univer-

2337 3370 2537 3431 sitatis,
2571 3370 2705 3422 Eum
2752 3368 2845 3436 qui
2895 3380 3111 3419 manum
3169 3363 3361 3432 aperit,
3415 3373 3468 3417 et
3514 3364 3699 3432 implet
3745 3382 3909 3419 clune

2331 3462 2531 3517 animal
2585 3459 2981 3519 benedictione,
3023 3458 3205 3510 divina
3254 3460 3455 3512 virtute
3502 3460 3765 3513 conﬁrma
3813 3477 3911 3529 per

2335 3569 2525 3620 panem
2567 3553 2778 3606 vitalem
2808 3553 2970 3606 corda
2996 3551 3153 3622 341
3193 3552 3467 3621 languida,
3500 3563 3553 3607 et
3586 3556 3907 3607 nauseantia

2334 3645 2887 3713 saturitate'gravium
2924 3655 3230 3698 nostrarum
3258 3643 3644 3697 oll‘ensionuin.

2407 3735 2722 3804 Speciosum
2778 3735 2948 3787 forma
2991 3735 3195 3803 peperit
3250 3743 3320 3797 te,
3357 3734 3619 3787 Salvator.
3656 3735 3906 3803 speciosa

2335 3826 2536 3895 puella,
2567 3839 2723 3893 quem
2756 3840 2877 3879 cum
2909 3824 2999 3877 illa
3037 3824 3244 3885 videret
3278 3825 3331 3877 in
3386 3826 3637 3894 passione
3676 3842 3783 3877 non
3820 3828 3914 3877 lia-

2338 3916 2550 3970 bentem
2581 3913 2810 3982 speciem
2865 3930 3039 3981 neque
3071 3914 3344 3977 decorem,
3375 3916 3427 3966 in
3462 3915 3693 3968 lamenta
3726 3930 3911 3967 erum-

2345 4006 2727 4076 penseaiehat:
2777 4005 3009 4073 Stupore
3060 4005 3348 4074 percellor,
3379 4004 3479 4057 Fili
3528 4007 3623 4070 mi,
3660 4006 3915 4059 consido-

2345 4113 2475 4152 rans
2533 4097 3003 4167 inexcogitabilem
3072 4096 3501 4151 humiliationem
3569 4106 3744 4162 tuam,
3815 4112 3912 4166 per

2351 4287 2472 4325 nem
2532 4280 2771 4325 nostram
2824 4270 3116 4331 obsederit,
3165 4278 3258 4323 aut
3325 4271 3507 4339 potius
3570 4273 3916 4341 possederit’

2350 4342 2524 4407 Quem
2559 4343 2633 4394 illi
2678 4344 2930 4403 nitorem,
2966 4356 3129 4410 quam
3183 4341 3495 4407 puritatem.
3532 4359 3694 4411 quam
3738 4347 3915 4401 lucem

2353 4412 2618 4471 intulerit,
2646 4411 2866 4479 quando
2894 4426 3010 4463 eam
3040 4412 3111 4479 ita
3136 4411 3367 4479 abonLni
3401 4413 3603 4477 peccati
3634 4413 3919 4469 atl'ectione

677 4484 731 4543 4,
763 4482 890 4533 dum
926 4480 1137 4542 ,ibidem
1173 4480 1278 4533 ait:
1318 4500 1335 4530 r
1380 4478 1605 4533 Domina
1644 4491 1824 4533 nostra
1868 4477 1917 4531 in
1954 4496 2049 4533 sua
2091 4477 2234 4533 (loii—
2269 4486 2312 4540 D
2344 4482 2635 4534 innnnnetn
2665 4477 2977 4549 praestitit?
3013 4478 3164 4549 Vide
3198 4478 3255 4533 ὃ.
3290 4477 3660 4546 Theodorum,
3715 4498 3917 4537 novum

678 4551 928 4619 ceptione
952 4550 1299 4619 aligoriginali
1333 4550 1454 4610 labe
1494 4558 1818 4617 prmservata
1862 4549 1981 4603 fuit.
2010 4549 2132 4603 [hec
2157 4560 2240 4603 est

682 4616 867 4694 itaque
906 4616 1195 4694 rubt'tsille
1231 4616 1579 4694 βιυγβὶεηὶμιί
1626 4621 1872 4681 ardebat,
1899 4628 2083 4694 etnon
2120 4635 2240 4672 con-

682 4692 1024 4744 sumebatur.
1080 4689 1321 4758 A_rdcbat
1356 4689 1508 4753 Ιιιειὶ,
1543 4704 1664 4741 nam
1710 4706 1860 4742 inore
1906 4691 2239 4758 reliquorum
2288 4746 2293 4753 l

683 4762 751 4813 ab
800 4761 1007 4811 Adamo
1036 4750 1594 4830 deéqcndeutium—ex
1643 4760 1850 4813 semine
1883 4750 2036 4812 virili.
2078 4770 2244 4813 ctar-

683 4830 817 4883 dore
858 4828 1315 4896 concupiscentize
1351 4828 1453 4881 fuit
1490 4838 1772 4896 concepta,
1808 4845 1995 4883 verum
2037 4830 2244 4881 incom-

684 4899 864 4961 busta,
902 4913 963 4951 ac
1010 4884 1053 4950 al
1084 4900 1357 4951 communi
1417 4884 1619 4965 peica’ti
1661 4884 1941 4967 originalis
1996 4898 2245 4951 incendio

684 4967 946 5022 t'etnansit
985 4969 1173 5021 illaesa.
1207 4986 1224 5017 ι
1262 4969 1350 5020 Sic
1380 4970 1487 5021 ille.
1516 4969 1615 5020 (lui
1658 4968 1799 5021 favet
1844 4968 1899 5021 S.
1936 4967 2247 5022 Theodotus

686 5040 1008 5106 Ancyranus
1037 5038 1088 5088 in
1122 5038 1308 5090 hoinil.
1338 5037 1391 5099 2,
1422 5038 1483 5088 de
1512 5027 1736 5089 A'atlrit.
1766 5035 2078 5099 Saluatoris,
2112 5040 2248 5091 lecta

688 5109 742 5161 in
776 5109 982 5177 synodo
1020 5106 1288 5177 Ephesina
1339 5106 1398 5160 S.
1430 5108 1628 5175 (lyrillo
1660 5118 1943 5174 prsescnlc,
1968 5109 2097 5161 dum
2143 5109 2249 5160 ibi-tr

688 5175 816 5232 dem
842 5192 1164 5245 comparans
1184 5175 1467 5247 ,Virginein
1492 5192 1613 5229 cum
1644 5179 1777 5229 rubo
1801 5179 2006 5247 ardenti
2036 5179 2209 5244 inquit
2234 5194 2247 5230 :

694 5265 713 5297 ε
759 5247 850 5299 Dic
879 5248 1033 5311 mihi,
1069 5246 1197 5316 quid
1226 5257 1308 5299 est
1341 5248 1521 5310 vilius,
1547 5250 1793 5316 rubusne
1816 5262 1883 5299 an
1922 5257 2107 5301 uterus
2147 5250 2253 5300 vir-

691 5320 904 5386 gineus,
935 5319 1002 5370 ab
1032 5319 1176 5372 οιιιιιι
1227 5319 1479 5385 passione
1525 5319 1726 5384 peccati
1766 5319 1965 5383 purus?
2004 5336 2021 5368 ι
2072 5318 2259 5371 llubas

692 5388 835 5440 enim
874 5387 1055 5441 Maria:
1084 5402 1345 5454 expresso
1381 5387 1479 5439 fuit
1509 5387 1833 5457 similitudot
1864 5387 2079 5457 Siergo
2107 5388 2259 5457 (κιὼ-

692 5457 773 5509 dit
824 5457 876 5510 in
938 5460 1053 5512 suis
1112 5457 1519 5525 Exceptionibus
1581 5456 2037 5525 Nerembcrgins)
2099 5456 2256 5511 vilem

693 5527 840 5578 illam
892 5522 1363 5581 arbusculani'ita
1429 5522 1741 5594 Deus‘ipsc
1781 5528 1913 5594 olim
1952 5522 2164 5588 inSedit,
2205 5540 2259 5581 nt

693 5612 818 5649 cum
855 5598 927 5649 illi
960 5600 1319 5660 splendorem‘.
1344 5613 1460 5649 eam
1504 5587 1754 5663 gloriam,
1778 5587 1901 5648 eam
1950 5599 2255 5651 miraudant

696 5667 1062 5731 integritati-nt
1104 5668 1397 5732 induxerit,
1430 5684 1533 5736 qua
1601 5683 1806 5735 quaeso,
1843 5670 2045 5722 ratione
2079 5667 2257 5738 Virgi-

2340 4546 2729 4610 confessorem,
2764 4551 2817 4602 in
2854 4558 2991 4601 orat.
3026 4550 3088 4602 de
3113 4546 3340 4601 Nalivit.
3376 4549 3626 4618 Virginis,
3667 4554 3756 4604 ubi
3795 4555 3917 4606 lici-

2342 4636 2527 4686 param
2561 4620 2793 4689 appellat
2831 4619 3043 4673 liubunt
3088 4628 3399 4673 consertum
3434 4622 3542 4689 igni
3571 4622 3918 4685 miraculum,

2343 4706 2505 4757 quem
2564 4691 2755 4756 rubigo
2793 4689 2998 4758 peccati
3056 4704 3162 4741 non
3207 4689 3420 4755 tetigit;
3463 4699 3515 4742 et
3562 4692 3919 4746 Ambrosium

2343 4760 2697 4814 Catharinunt
2729 4760 2779 4812 in
2822 4760 2966 4825 Disp.
3013 4758 3075 4811 de
3112 4758 3360 4824 Concept.
3391 4758 3455 4812 Bt
3507 4758 3647 4826 Virg.
3681 4762 3749 4811 nd
3810 4762 3915 4814 Ρα-

2347 4841 2450 4883 tres
2486 4831 2601 4883 ard.
2644 4828 2897 4889 Praedia,
2956 4828 3052 4881 ιιι..
3106 4844 3187 4891 ιιι,
3245 4831 3389 4881 circa
3444 4830 3604 4881 liuent
3640 4831 3731 4882 ubi
3790 4847 3912 4884 cum

2348 4901 2406 4953 B.
2436 4899 2655 4967 Virgine
2686 4900 2913 4965 loquens
2959 4898 3042 4950 his
3073 4899 3240 4950 utitur
3272 4898 3451 4952 verbis
3490 4918 3500 4951 :
3547 4918 3563 4949 ι
3608 4898 3687 4952 Tu
3718 4898 3910 4954 Bubus

2358 4971 2445 5023 ille
2486 4970 2683 5023 ardens
2721 4978 2773 5021 ct
2827 4968 3225 5029 incombustus,
3268 4983 3429 5035 quem
3482 4968 3693 5038 Moyses
3733 4973 3921 5024 videns

2358 5041 2698 5098 admiratur,
2757 5039 2809 5089 in
2874 5053 2983 5105 quo
3028 5054 3150 5090 -non
3208 5040 3389 5090 minus
3447 5040 3695 5106 corporis
3752 5057 3914 5108 quam

2359 5111 2558 5164 mentis
2601 5118 2912 5176 perpetuam
2960 5118 3105 5160 tuam
3160 5123 3224 5161 ac
3273 5109 3599 5161 laudabilem
3636 5110 3922 5176 virginum-

2360 5190 2467 5234 tem
2508 5180 2727 5247 agnovit
2775 5178 3033 5247 Ecclesia.
3070 5196 3087 5227 ι
3125 5176 3263 5247 Vide
3314 5179 3477 5229 etiam
3525 5179 3918 5233 Bernardinum

2361 5246 2680 5326 Bustensem
2710 5249 2763 5301 in
2796 5246 3012 5299 Mariali
3041 5262 3205 5326 scruta.
3240 5246 3293 5308 6,
3319 5249 3383 5300 de
3404 5247 3645 5326 concepi.
3674 5259 3819 5326 part.
3846 5267 3923 5326 ut,

2363 5322 2454 5373 ubi
2509 5320 2559 5372 itt
2610 5333 2721 5370 rem
2777 5327 3019 5371 nostram
3054 5317 3132 5369 ita
3174 5317 3317 5370 fatur
3352 5336 3365 5370 :
3404 5335 3422 5367 ι
3465 5320 3824 5372 Salaiuandra
3871 5322 3921 5372 in

2360 5390 2484 5459 igne
2526 5397 2824 5455 permanet,
2860 5397 2913 5440 et
2938 5402 3057 5459 _per
3088 5389 3235 5441 illum
3270 5389 3485 5451 transit,
3512 5399 3571 5459 et
3606 5398 3788 5442 tamen
3822 5406 3922 5442 non

2360 5455 2719 5518 ciunburitur,
2746 5472 2845 5510 nec
2869 5455 3069 5510 caloris
3113 5459 3359 5510 ardorem
3385 5458 3569 5519 sentit,
3595 5461 3675 5511 sic
3700 5461 3923 5511 inti-tne-

2361 5527 2696 5584 rata‘Mater
2742 5526 2830 5579 Dei
2864 5526 2915 5579 in
2964 5528 3161 5581 lumbis
3207 5540 3490 5596 parentum
3541 5530 3662 5597 igne
3719 5530 3923 5596 peccati

2361 5600 2667 5654 ardentium
2718 5598 3038 5664 permansit,
3075 5606 3128 5651 ct
3182 5612 3274 5665 per
3318 5598 3442 5651 illos
3488 5600 3725 5659 transiit,
3767 5609 3822 5651 et
3853 5610 3927 5652 ta-

2367 5688 2485 5723 men
2525 5668 2668 5721 illius
2700 5666 2902 5735 peccati
2934 5672 3185 5722 ardorem
3228 5670 3279 5721 iu
3309 5686 3366 5723 se
3398 5684 3506 5723 non
3535 5679 3757 5738 recepit.
3801 5687 3820 5719 ι
