4180 6450
206 446 342 513 1405

1599 454 1960 519 ΜΑΚΙΑΙΕ.

3296 457 3432 521 1406

200 578 365 633 quam
393 571 603 617 natura:
633 562 907 618 hominum
939 563 1236 621 humiliatus
1267 566 1477 637 largiris
1509 568 1761 623 salutem.
1792 572 1835 625 Α
1867 572 2159 624 humanam
2197 580 2469 631 naturam.
2504 569 2873 631 immaculata,
2907 569 3073 623 Deum
3108 585 3427 640 carpamns.

411 675 495 729 E1:
528 694 725 731 canone
759 678 905 746 ferite
929 696 1002 738 tv.
1029 690 1148 733 ante
1180 679 1558 736 Pentecostem.

269 767 601 837 Corporatus
639 784 703 822 ex
740 778 790 823 te
820 771 1018 838 prodiit
1046 770 1189 826 Deus
1225 770 1485 836 Verbum,
1511 788 1544 825 ο
1574 772 1771 827 imma-

200 860 403 922 culata,
424 860 633 925 lapsum
663 860 962 928 primorum
994 872 1279 931 parentum
1308 878 1402 931 per
1432 864 1642 918 viscera
1668 864 1769 917 mi-

200 949 514 1003 sericordiae
547 964 827 1015 reparans.

276 1039 354 1093 Ex
390 1050 442 1093 te
468 1040 560 1094 Dei
594 1038 900 1108 Sapientia,
929 1041 1150 1095 domum
1185 1042 1292 1097 sibi
1332 1044 1434 1111 ipsi
1478 1042 1765 1108 fabricata,

199 1130 483 1184 incantata
530 1140 614 1185 est
660 1129 915 1185 ineﬂabili
961 1132 1313 1198 demissione,
1348 1133 1513 1204 Virgo
1549 1139 1766 1205 nuptia-

202 1237 327 1274 rum
354 1237 566 1289 expers.
600 1222 680 1277 'l'u
711 1224 856 1277 enim
894 1240 998 1277 una
1039 1240 1104 1278 ex
1157 1226 1369 1281 cunctis
1400 1228 1769 1295 generationi-

204 1314 309 1367 bus
340 1315 508 1368 electa
539 1331 596 1367 es
626 1316 679 1367 in
720 1316 1095 1387 incorruptum
1132 1320 1434 1388 incorrupti
1483 1322 1767 1375 habitacu-

201 1403 316 1457 lum
352 1402 511 1458 Verbi
538 1405 673 1475 (68).

276 1494 523 1550 Luminis
546 1498 943 1565 receptaculum
971 1498 1140 1561 fuisti,
1172 1515 1207 1555 ο
1235 1516 1391 1567 pura,
1428 1501 1766 1571 splendentis

201 1597 331 1641 ante
380 1588 665 1643 luciferum
709 1604 773 1642 ex
823 1589 1001 1654 Patre,
1030 1602 1082 1645 et
1113 1594 1166 1645 in
1216 1603 1266 1646 te
1298 1594 1664 1647 habitaculum
1707 1593 1771 1645 fi-

201 1679 387 1747 gentis
434 1679 771 1746 temporibus
797 1682 1134 1742 novissimis.
1166 1696 1516 1751 nostramque
1548 1683 1772 1737 ferentis

201 1768 502 1822 humanam
531 1769 783 1835 formam,
819 1782 873 1824 et
904 1772 1047 1825 illam
1076 1773 1193 1827 sine
1222 1774 1579 1843 permistione
1616 1774 1771 1828 deiti-

201 1862 403 1915 cantis.
448 1861 670 1930 Propter
707 1868 852 1932 quod
920 1873 973 1919 te
1032 1880 1244 1928 omnes,
1288 1875 1347 1919 ut
1392 1863 1488 1919 Dei
1520 1875 1771 1932 matrem,

201 1952 641 2023 magniﬁcamus.

436 2043 517 2096 Ea:
548 2061 745 2098 canone
772 2045 919 2111 (erit:
936 2063 989 2108 ν,
1022 2057 1144 2100 ante
1176 2046 1535 2105 Pentecosten.

280 2134 528 2206 Retingis
574 2137 934 2202 confractam,
980 2148 1036 2192 et
1085 2141 1433 2209 corruptione
1482 2140 1775 2210 collapsam

279 2292 394 2364 (68)
431 2293 595 2364 Favet
626 2292 879 2347 Nicolaus
907 2294 1152 2349 Cosanus
1182 2298 1239 2351 S.
1276 2298 1343 2351 R.
1373 2297 1435 2350 Ε.
1461 2299 1777 2364 cardinalis,

204 2362 335 2416 libr.
370 2379 401 2416 v
456 2362 750 2416 Exercitat.
796 2364 860 2416 ad
911 2367 1000 2418 illa
1043 2368 1202 2419 verba
1238 2386 1251 2420 :
1288 2366 1486 2420 Caelum
1528 2381 1575 2422 et
1616 2362 1777 2422 Terra

209 2432 537 2497 transibunt,
599 2435 724 2487 dum
768 2434 944 2501 inquit
986 2454 999 2488 :
1048 2455 1066 2486 ‹
1105 2434 1271 2503 Virgo
1326 2438 1558 2504 gloriosa
1586 2479 1601 2502 ,
1651 2454 1776 2491 cum

203 2511 380 2575 essetA
396 2505 777 2575 praglestinata
822 2515 949 2557 ante
981 2506 1199 2562 szecula.
1231 2514 1286 2558 ul
1324 2523 1388 2560 ex
1422 2509 1537 2575 ipsa
1571 2509 1780 2573 recipe-

210 2583 294 2626 ret
352 2572 444 2625 Dei
478 2572 648 2627 Filius
699 2582 949 2626 naturain
1013 2575 1331 2637 humanam,
1382 2572 1458 2630 ιη’
1482 2579 1574 2629 Dei
1610 2572 1780 2631 Filius

211 2643 371 2712 fieret
401 2644 543 2696 [ilius
592 2643 830 2696 hominis
872 2663 884 2697 :
918 2644 990 2696 ita
1029 2655 1286 2712 concepta
1335 2657 1437 2708 est,
1477 2656 1535 2698 ut
1559 2648 1780 2710 dignum

209 2712 275 2764 ad
306 2711 419 2765 hoc
454 2713 822 2765 habitaculum
864 2714 1034 2768 ﬁeret.
1075 2711 1303 2767 lndnere
1336 2730 1394 2768 se
1427 2716 1611 2768 debuit
1640 2718 1781 2771 Dens

212 2781 559 2835 humanitate
592 2782 796 2843 alariae,
822 2797 991 2849 quare
1025 2784 1260 2835 humana
1304 2795 1495 2837 natura
1546 2784 1781 2850 Virginis

212 2850 385 2919 digna
435 2850 574 2904 facta
605 2861 689 2905 est
723 2852 792 2905 ab
830 2853 1003 2905 initio.
1050 2872 1067 2903 ι
1105 2851 1195 2905 Sic
1239 2854 1345 2907 ille.
1388 2854 1450 2906 Et
1480 2856 1783 2911 Gulielmus

212 2916 495 2975 Pa'riensis
518 2921 729 2982 Iunior,
762 2922 876 2975 sive
918 2923 1221 2975 Bitontinus
1254 2926 1303 2975 in
1339 2924 1575 2977 Pastilli:
1612 2926 1781 2989 majo-

212 2990 365 3062 ribus
395 2992 459 3062 de
480 2991 625 3062 festo
656 2991 1047 3062 Conceptionis,
1079 3008 1128 3058 q.
1167 2992 1219 3053 3,
1249 2993 1376 3044 dum
1410 2996 1485 3046 ait
1512 3012 1522 3045 :
1564 3014 1581 3044 ι
1620 2993 1784 3062 Virgo

213 3057 385 3110 Maria
410 3059 639 3112 debebat
684 3061 795 3111 fieri
835 3063 1063 3127 speciale
1094 3063 1461 3115 habitaculum
1495 3063 1606 3115 Dei.
1642 3057 1781 3126 Ergo

212 3129 455 3197 debebat
507 3130 800 3191 specialius
859 3131 1167 3196 prmpzirari.
1238 3130 1340 3184 Sed
1403 3134 1447 3185 si
1519 3146 1779 3197 concepta

214 3196 410 3250 fuisset
439 3198 492 3249 in
533 3210 758 3268 peccato
792 3199 1063 3268 originali,
1110 3214 1215 3251 non
1258 3198 1450 3254 fuisset
1484 3196 1779 3268 Specialius

212 3277 539 3335 praeparata.
572 3267 740 3333 Igitur
776 3283 887 3327 non
922 3267 1022 3319 fuit
1044 3280 1307 3336 concepta
1336 3271 1386 3321 in
1421 3267 1645 3336 peccato
1668 3274 1780 3321 ori-

213 3337 408 3403 ginali.
443 3335 533 3391 Sic
561 3336 884 3390 Gulielmus.
926 3336 1061 3388 llinc
1110 3336 1399 3391 Ftalnertus
1424 3341 1778 3395 Carnotensis

214 3408 266 3458 in
321 3403 501 3459 Serm.
547 3407 614 3459 de
640 3405 889 3462 .Nutirit.
915 3404 979 3459 Β,
1020 3404 1269 3474 Virginis,
1304 3409 1379 3460 ait
1429 3409 1481 3460 in
1517 3424 1629 3461 rem
1681 3425 1781 3461 no-

213 3485 389 3528 stram
425 3493 438 3528 :
484 3494 503 3525 ι
547 3474 660 3529 Hoc
705 3476 867 3543 igitur
909 3491 1033 3529 cum
1060 3478 1251 3544 primis
1289 3486 1537 3531 astruere
1570 3479 1651 3531 fas
1674 3488 1778 3541 est,

211 3546 361 3615 quod
396 3548 577 3598 anima
607 3546 798 3613 ipsius.
820 3555 873 3615 et
896 3560 1044 3615 caro,
1080 3548 1130 3598 in
1159 3561 1266 3614 qua
1296 3548 1457 3615 elegit
1483 3548 1584 3601 sibi
1629 3548 1783 3601 hahi-

212 3614 461 3669 taculum
507 3616 781 3683 Sapientia
819 3613 909 3669 Dei
956 3613 1155 3679 Patris,
1181 3613 1259 3669 ab
1304 3613 1453 3670 omni
1488 3618 1693 3671 malitia
1728 3626 1781 3670 et

215 3683 568 3737 immunditia
621 3685 910 3752 puriSsizna
972 3684 1189 3737 fuerunt
1222 3703 1235 3737 :
1276 3687 1607 3749 affirmante
1637 3686 1781 3740 Scri-

214 3763 401 3817 ptura,
439 3754 584 3820 quod
631 3754 683 3807 in
727 3755 1044 3807 inalerolam
1098 3755 1333 3807 animam
1375 3772 1479 3808 non
1536 3757 1784 3809 introibit

214 3822 520 3892 Sapientia,
556 3840 736 3893 neque
770 3824 1037 3893 habitabit
1063 3824 1115 3876 in
1148 3840 1377 3891 corpore
1406 3826 1628 3879 subdito
1657 3841 1784 3893 pec-

211 3896 378 3949 catis.
414 3912 432 3945 ι
463 3893 583 3945 llaec
610 3892 915 3945 Fulbertus.
943 3892 1117 3959 Cujus
1141 3899 1301 3947 verba
1332 3896 1544 3949 videtur
1566 3892 1784 3949 desum-

215 3966 394 4030 psisse
426 3963 486 4016 ι).
511 3964 751 4016 Thomas
787 3964 841 4027 3,
882 3977 934 4030 p.
966 3979 1020 4031 q.
1063 3963 1155 4025 27,
1183 3979 1233 4015 a.
1263 3963 1319 4018 4.
1346 3964 1410 4017 ad
1451 3965 1781 4032 probandam

212 4032 461 4098 Virginis
499 4034 786 4100 puritatem
832 4035 1123 4095 actualem,
1155 4033 1248 4087 sed
1286 4033 1570 4088 Fulbertus
1616 4038 1697 4099 (ut
1729 4034 1782 4086 in

213 4103 333 4158 suis
396 4101 805 4168 Exceptionibus
855 4116 975 4169 cap.
1012 4102 1077 4163 5,
1125 4111 1278 4155 notat
1320 4101 1782 4173 Nierembergius)

214 4174 509 4241 puritatem
532 4173 845 4237 originalem
871 4173 937 4224 iis
966 4172 1207 4226 stabilire
1230 4174 1530 4236 contendit,
1555 4172 1700 4241 quod
1728 4174 1782 4226 in

215 4242 339 4296 aliis
374 4241 508 4295 locis
538 4242 758 4293 uberius
780 4243 1051 4309 expressit
1076 4259 1089 4294 :
1118 4252 1173 4295 et
1215 4242 1356 4309 quod
1390 4244 1651 4309 majorem
1673 4242 1781 4296 vim

218 4312 425 4366 habere
444 4312 652 4364 videtur
666 4311 732 4364 ad
751 4312 1082 4364 suadendum
1105 4312 1502 4366 immunitatem
1522 4327 1551 4365 a
1567 4320 1785 4380 peccato

216 4381 497 4450 originali,
530 4395 692 4450 quam
730 4396 759 4433 a
797 4381 1011 4443 veniali,
1039 4382 1273 4435 dubitari
1309 4397 1413 4435 non
1440 4384 1616 4447 debet,
1658 4398 1783 4436 cum

216 4467 423 4522 corpus
462 4450 819 4522 eﬂ'ormatum
844 4465 905 4503 ac
937 4461 1258 4519 conceptum
1291 4454 1344 4504 in
1374 4461 1596 4518 peccato
1618 4453 1785 4519 origi-

219 4520 358 4581 nali,
387 4521 561 4588 magis
600 4521 670 4573 sit
691 4520 966 4573 subditum
999 4530 1237 4587 pecciito,
1260 4536 1422 4588 quam
1445 4522 1588 4589 quod
1614 4537 1783 4574 unum

216 4592 476 4644 admittat
492 4590 722 4660 veniale.
744 4590 788 4643 si
807 4603 913 4642 non
927 4590 1579 4660 contraxissetoriginale.
1600 4589 1783 4647 Velas-

217 4678 357 4728 quez
390 4662 461 4714 de
508 4659 675 4712 Maria
714 4660 986 4728 Concepta
1031 4661 1153 4714 libr.
1189 4677 1226 4724 ι,
1263 4659 1485 4715 Dissert.
1517 4662 1573 4725 5,
1599 4671 1786 4715 annot.

221 4731 273 4792 7,
312 4747 370 4784 n.
396 4730 455 4794 Δ,
485 4730 717 4783 efferens
749 4730 892 4782 illam
928 4730 1183 4784 Ecclesia:
1222 4732 1523 4784 orationem
1558 4749 1573 4782 :
1604 4750 1623 4783 ‹
1660 4730 1790 4785 0m-

222 4804 483 4868 nipotens
522 4802 854 4868 sempiterno
905 4800 1067 4858 Deus.
1118 4801 1212 4869 qui
1260 4802 1509 4869 gloriosae
1554 4800 1790 4869 Virginis

221 4870 411 4923 Maria:
440 4884 639 4939 corpus
692 4879 745 4922 et
772 4870 1030 4932 animam,
1066 4868 1374 4939 ut'dignum
1410 4868 1547 4925 Filio
1576 4868 1671 4925 tuo
1696 4872 1789 4924 lia-

221 4940 531 4995 bitaculum
566 4938 699 4991 elici
743 4951 1066 5005 mereretur,
1114 4939 1321 5010 Spiritu
1363 4951 1551 4996 sancto
1594 4957 1789 5010 c00pe-

218 5020 383 5066 tante
420 5010 756 5081 praeparasti,
790 5028 808 5060 ι
835 5010 917 5081 ait
939 5012 1077 5081 inter
1102 5012 1204 5063 alia
1234 5028 1247 5063 :
1280 5009 1542 5065 Notanter
1568 5009 1787 5081 quidem

218 5082 472 5150 corporis
523 5089 578 5132 et
626 5079 841 5151 animae_
874 5080 1052 5133 Mariae
1091 5082 1429 5151 mentionem
1469 5079 1617 5145 fecit,
1667 5098 1789 5151 quae

220 5149 469 5220 Spiritus
526 5159 749 5203 sanctus
776 5149 843 5201 ad
871 5151 1092 5218 dignum
1131 5149 1249 5203 Filii
1292 5150 1385 5203 Dei
1420 5149 1785 5205 habitaculum

259 5219 571 5291 reparavit,
600 5222 730 5291 quin
776 5219 999 5291 dubium
1054 5220 1145 5284 sit,
1192 5221 1333 5291 quod
1372 5222 1438 5291 de
1477 5222 1650 5289 prima
1700 5221 1786 5275 sui

242 5288 558 5345 oirnatione
600 5288 839 5359 Ecclesia
866 5291 1140 5359 loquatur,
1179 5288 1247 5343 ne
1285 5288 1489 5344 tardus
1518 5306 1787 5359 praepara-

217 5372 307 5417 tor
338 5360 634 5430 habitaculi
668 5358 900 5425 Spiritus
930 5358 1150 5413 sanctus
1180 5358 1667 5430 fuisse_videretur,
1691 5361 1784 5430 qui

218 5431 573 5502 peregrinum
623 5429 910 5502 hospitem,
964 5440 1018 5483 et
1074 5429 1289 5497 quidem
1346 5428 1519 5483 ferum
1572 5428 1783 5485 hostem

220 5500 378 5571 prius
414 5500 788 5571 habitaculum
822 5500 1042 5571 intrare,
1065 5509 1118 5552 et
1132 5514 1493 5571 conspurcare
1521 5502 1785 5571 permise-

221 5568 316 5625 i'it.
366 5569 462 5623 Sic
494 5570 601 5623 ille.
634 5568 882 5637 Speciale
918 5570 1283 5638 habitaculum
1320 5569 1410 5622 Dei
1447 5568 1608 5624 debet
1660 5585 1784 5638 spe-

222 5642 349 5696 ciali
403 5640 566 5693 modo
614 5639 927 5707 praeparari.
971 5640 1075 5694 Sed
1107 5638 1164 5691 Β.
1202 5637 1364 5705 Virgo
1401 5639 1503 5693 fuit
1547 5637 1783 5709 speciale

225 5711 601 5765 habitaculum
656 5709 744 5762 Dei
772 5717 881 5779 tam
923 5711 1219 5763 secundum
1250 5724 1467 5775 corpus,
1501 5726 1662 5779 quam
1695 5726 1781 5764 se-

224 5783 469 5834 cundum
512 5781 768 5832 animam.
796 5777 937 5848 Ergo
972 5781 1187 5847 speciali
1230 5780 1389 5831 modo
1416 5777 1603 5833 debuit
1645 5795 1780 5846 pra:-

227 5851 432 5921 parari.
462 5848 583 5917 Quo
615 5860 794 5904 autem
818 5850 1213 5920 specialimodo
1236 5860 1534 5921 praeparata
1563 5851 1776 5916 fuisset,

1873 666 1927 713 et
1966 674 2127 727 supra
2173 670 2421 712 naturam
2458 659 2673 727 pariens
2710 662 2826 712 sine
2880 667 3024 713 tactu
3072 662 3318 729 nuptiali,
3349 662 3435 714 cui

1874 752 2173 805 clamamus
2212 768 2225 804 :
2256 750 2459 816 Gloria,
2488 750 2722 813 Christe,
2753 752 2934 806 virtuti
2968 763 3092 808 tum.

1952 840 2109 894 Porta
2143 841 2236 894 Dei
2264 841 2468 904 clausa,
2506 857 2599 911 per
2627 856 2789 903 quam
2826 844 2974 897 solus
3012 843 3233 895 intravit
3263 841 3430 894 Altis-

1877 932 2069 995 simus,
2101 932 2274 999 dirige
2306 948 2392 985 me
2432 934 2482 983 in
2518 933 2629 987 vias
2660 930 2774 993 Dei,
2815 942 2868 985 et
2890 935 3035 1001 aperi
3080 933 3213 985 mihi
3246 931 3435 985 salutis

1879 1032 2081 1091 portas,
2099 1039 2147 1076 -ο
2172 1022 2279 1075 Deo
2313 1023 2656 1091 gratissima;
2685 1024 2751 1077 ad
2784 1033 2836 1077 te
2875 1023 3162 1091 siquidem,
3192 1038 3225 1076 o
3250 1021 3435 1092 Virgo,

1877 1116 2154 1184 confugio,
2187 1114 2409 1167 unicum
2442 1116 2750 1182 przesidium
2782 1131 2998 1184 generis
3033 1115 3275 1167 humani.

1946 1206 2105 1277 342
2136 1204 2305 1259 Parce
2334 1205 2488 1267 mihi,
2522 1205 2751 1268 Christe,
2770 1221 2892 1259 cum
2931 1206 3143 1258 veneris
3166 1206 3440 1271 gloriosus

1877 1294 1941 1348 ad
1965 1294 2320 1363 judicanduni
2352 1294 2611 1347 mundum
2646 1312 2657 1345 :
2690 1294 2892 1361 dissipa
2940 1296 3193 1347 nebulam
3228 1298 3440 1364 passio-

1879 1400 2006 1437 num
2038 1399 2279 1436 mearum
2317 1399 2409 1452 per
2442 1384 2858 1438 intercessiones
2890 1385 3182 1440 Genitricis
3230 1397 3354 1451 tum,
3387 1395 3441 1441 ct

1878 1472 1962 1529 fac
1992 1490 2075 1528 tne
2104 1475 2367 1527 ltieredem
2401 1475 2639 1529 cwlestis
2672 1476 2826 1543 regni
2856 1476 2955 1527 tui.

2052 1586 2135 1638 Ex
2166 1604 2360 1641 canone
2409 1586 2698 1639 Parascere
2725 1598 2847 1640 ante
2878 1587 3239 1645 Pentecosten.

1944 1676 2249 1730 Humanam
2288 1688 2531 1730 naturam
2562 1694 2625 1731 ex
2665 1676 2880 1746 Virgine
2927 1688 3179 1744 tanquam
3236 1690 3437 1733 vestem

1880 1771 2201 1838 suscipiens,
2221 1787 2252 1823 0
2288 1770 2544 1833 Verbum,
2574 1780 2790 1838 propter
2820 1786 3090 1823 summam
3129 1773 3440 1825 misericor-

1879 1863 2024 1915 diam
2054 1873 2221 1923 tuam,
2250 1860 2495 1915 eamdem
2530 1873 2783 1931 tanquam
2822 1861 3037 1915 firmum
3072 1870 3442 1930 tegumentum

1881 1970 1944 2009 ac
1970 1955 2228 2023 parietem
2255 1952 2451 2007 dedisti
2480 1955 2639 2007 nobis
2662 1969 2897 2022 semper,
2930 1956 3022 2021 qui
3053 1966 3104 2008 te
3145 1954 3311 2007 Deum
3348 1956 3447 2008 ho-

1883 2049 2197 2115 miliumque
2225 2056 2520 2099 amatorem
2549 2062 2669 2099 esse
2707 2047 3080 2112 cognovimus.

1934 2140 2153 2194 ‘Praeter
2204 2138 2375 2207 legem
2431 2147 2640 2193 natura:
2702 2138 2838 2207 legis
2892 2138 3136 2191 datorem
3187 2140 3446 2206 partui-is,

1886 2298 1931 2351 si
1960 2298 2013 2351 in
2038 2298 2285 2365 originali
2315 2304 2535 2365 peccato
2564 2296 2753 2352 fuisset
2774 2305 3031 2365 concepta
3053 2297 3075 2348 ?
3099 2295 3288 2351 lucens
3319 2312 3447 2363 pro-

1885 2367 2030 2421 fectu
2060 2368 2272 2435 pondus
2299 2369 2458 2419 habet
2487 2367 2661 2419 oratio
2706 2368 2883 2421 missae
2912 2383 3008 2435 pro
3042 2366 3279 2433 Virginis
3308 2383 3443 2419 con-

1886 2438 2150 2504 ceptione,
2177 2452 2283 2505 qua
2315 2436 2550 2488 Ecclesia
2589 2435 2827 2489 Romana
2863 2453 2956 2488 usa
2986 2445 3089 2495 est,
3124 2446 3179 2489 ut
3219 2438 3447 2489 habetur

1888 2506 1941 2559 in
1972 2506 2193 2563 Missali,
2224 2506 2311 2559 cui
2356 2507 2588 2559 titulus:
2630 2524 2647 2555 ι
2690 2505 2903 2558 Missale
2937 2508 3002 2558 ad
3043 2522 3199 2559 nsum
3244 2506 3444 2559 Sacro-

1890 2585 2090 2629 sanctae
2145 2575 2396 2628 Ecclesia:
2444 2574 2700 2628 Romana:
2754 2591 2941 2629 recens
2982 2577 3219 2643 diligenti
3267 2578 3449 2628 studio

1888 2646 2223 2709 recognitum
2273 2645 2516 2711 Lugduni
2576 2661 2721 2697 anno
2778 2646 2946 2704 1555,
3011 2662 3029 2694 ι
3074 2656 3126 2698 et
3173 2646 3224 2697 in
3261 2644 3450 2698 Ollii-io

1883 2714 2267 2782 Conceptionis
2321 2714 2378 2767 ll.
2423 2713 2663 2777 Virginis
2712 2728 2805 2779 per
2848 2715 3164 2781 magistrum
3208 2713 3447 2768 Leouar-

1884 2786 2012 2838 dum
2061 2786 2126 2836 de
2166 2783 2449 2849 Nogorolis
2491 2784 2658 2844 edito,
2689 2793 2743 2835 et
2775 2799 2867 2851 per
2901 2786 3111 2837 Sixtum
3166 2782 3252 2845 IV,
3291 2794 3442 2845 pont.

1886 2870 2032 2906 max.
2056 2860 2372 2920 approbato,
2402 2869 2561 2919 quam
2587 2854 2750 2906 refert
2770 2864 2821 2906 et
2857 2854 2909 2905 in
2939 2868 2999 2905 ea
3022 2855 3127 2905 vim
3162 2854 3287 2906 facit
3314 2856 3446 2907 Am-

1888 2923 2105 2976 brosius
2138 2924 2466 2977 Catheriuus
2498 2924 2590 2974 lib.
2618 2939 2676 2984 tt,
2723 2923 2937 2989 Dispttl.
2982 2940 3078 2989 pro
3102 2924 3448 2976 immaculata

1896 2991 2128 3059 Virginis
2185 2995 2518 3058 conceptione
2578 2993 2721 3044 hunc
2774 2994 2825 3045 in
2884 2995 3103 3045 modutn
3162 3008 3175 3044 :
3223 3010 3241 3041 ι
3282 2994 3446 3053 Audi.

1891 3079 2095 3128 quasso,
2127 3063 2451 3122 oralionem,
2479 3078 2639 3127 quam
2666 3062 2915 3114 consulto
2941 3072 2991 3113 ct
3022 3078 3084 3114 ex
3112 3070 3254 3114 certa
3281 3064 3453 3114 εςὶιιηο

1892 3132 1966 3182 tia
2022 3132 2223 3196 recepit
2273 3131 2380 3195 jam
2436 3132 2562 3183 olim
2607 3131 2870 3192 Ecclesia,
2915 3140 2968 3183 et
3008 3146 3241 3197 agnosce
3284 3147 3446 3196 quam

1892 3201 2173 3267 perspicue
2199 3202 2431 3251 declaret
2462 3202 2605 3266 quod
2636 3200 2869 3251 dicimus
2902 3216 2916 3251 :
2946 3202 3082 3252 licus
3110 3200 3200 3266 qui
3238 3217 3330 3257 per
3353 3202 3451 3251 itu-

1886 3273 2207 3321 maculatam
2243 3267 2481 3334 Virginis
2512 3270 2917 3335 conceptionem
2953 3270 3173 3335 dignum
3197 3267 3332 3320 Filio
3359 3281 3451 3321 tuo

1886 3339 2253 3391 habitaculum
2288 3338 2624 3405 pra-parasti,
2656 3356 2673 3386 ι
2704 3349 2808 3390 rtc.
2842 3338 2934 3391 Sic
2967 3340 3072 3391 ille.
3104 3336 3450 3391 Observanda

1884 3408 2028 3459 enim
2052 3417 2135 3460 est
2165 3408 2332 3459 series
2356 3408 2632 3469 dictionis,
2662 3422 2767 3474 qua
2791 3423 2884 3475 per
2907 3407 3312 3459 immaculatam
3345 3409 3454 3458 Ma-

1886 3478 1980 3529 ria:
2030 3478 2440 3544 conceptionem
2482 3478 2703 3539 (lignum
2750 3492 2779 3529 a
2840 3477 3069 3530 Summo
3115 3475 3275 3528 Patre
3315 3476 3452 3529 Fi'io

1885 3562 1986 3600 suo
2030 3556 2389 3615 pra’paratnm
2433 3546 2802 3598 habitaculum
2834 3545 3055 3610 dicitur,
3101 3548 3253 3612 quasi
3286 3547 3445 3615 aliter

1884 3632 1989 3668 non
2033 3613 2199 3670 fuerit
2237 3616 2478 3682 dignum.
2517 3615 2667 3669 Tolle
2708 3630 2837 3681 ergo
2871 3618 3270 3668 immaculatam
3326 3613 3451 3666 Vir-

1884 3685 2026 3748 ginis
2071 3688 2503 3753 couceptionem,
2537 3686 2693 3738 tolles
2734 3695 2787 3737 et
2811 3685 3034 3750 dignum
3065 3684 3187 3737 Filii
3228 3684 3315 3736 llei
3353 3685 3450 3735 ha-

1884 3754 2208 3816 bitaculum,
2243 3757 2396 3807 tolles
2433 3757 2599 3807 etiam
2636 3763 2688 3807 et
2720 3754 3013 3807 Dominicze
3058 3753 3451 3807 incarnationis

1886 3835 2312 3879 sacramentum.
2344 3824 2489 3876 I’oue
2522 3840 2648 3877 vero
2679 3825 3081 3876 immaculatam
3117 3824 3295 3875 Mariae
3319 3838 3452 3876 cou-

1884 3897 2207 3962 ceptionem,
2257 3904 2317 3947 et
2353 3894 2562 3947 videbis
2608 3895 2786 3948 statim
2834 3909 2957 3946 cum
3000 3894 3278 3961 impolluta
3324 3908 3447 3948 eum

1884 3965 1976 4030 qui
2010 3964 2310 4017 sanctilicat
2335 3964 2605 4028 universa,
2642 3978 2765 4015 nam
2791 3970 2849 4015 ut
2875 3977 3148 4030 nunquam
3176 3974 3299 4014 ante
3319 3978 3448 4015 sau—

1883 4034 2186 4087 ctissimam
2229 4034 2449 4087 Mariam
2502 4034 2699 4086 divina?
2744 4033 2925 4086 carnis
2962 4033 3325 4100 assumptioui
3361 4047 3452 4083 re-

1886 4114 2099 4171 pertum
2136 4113 2221 4157 est
2250 4103 2639 4165 habitaculum,
2674 4102 2745 4154 ita
2773 4103 2863 4154 ubi
2896 4112 3176 4171 repertum
3213 4112 3315 4171 est.
3350 4102 3451 4153 liu-

1886 4170 2103 4226 iuanam
2128 4188 2347 4227 carnem
2380 4175 2676 4240 assumpsit
2704 4171 2867 4224 Deus.
2894 4170 3007 4224 Nisi
3036 4171 3227 4224 fuisset
3255 4170 3447 4234 Filius,

1885 4244 1972 4295 cui
1992 4244 2212 4310 dignum
2237 4251 2355 4295 erat
2380 4258 2407 4293 a
2433 4243 2589 4294 l’atre
2614 4241 2986 4293 habitaculum
3014 4241 3449 4309 prmparandum,

1889 4328 1993 4364 non
2026 4312 2220 4366 fuisset
2246 4314 2592 4366 immaculata
2615 4310 2853 4375 Virginis
2885 4312 3193 4377 conceptio,
3227 4324 3326 4361 nec
3348 4311 3451 4361 alia

1888 4382 2253 4435 immaculata:
2299 4383 2668 4447 conceptionis
2730 4396 2919 4441 causa,
2975 4381 3118 4440 lous,
3167 4388 3221 4431 et
3272 4381 3450 4446 origo,

1886 4467 2051 4519 quam
2086 4454 2177 4506 Dei
2216 4450 2405 4505 Filius.
2448 4450 2619 4503 Porro
2652 4450 2933 4517 Deiparain
2966 4447 3243 4517 Virginem
3276 4447 3448 4519 fuisse

1894 4517 2012 4576 sine
2038 4523 2287 4590 originali
2320 4522 2528 4573 macula
2556 4530 2893 4589 conceptam,
2926 4534 2992 4571 co
3014 4519 3159 4585 quod
3187 4519 3300 4578 ipsa
3337 4517 3455 4569 fue-

1822 4570 1864 4624 D
2700 4570 3080 4642 liabita'culuin
3129 4570 3452 4656 praeparata,

1892 4662 2113 4715 disertis
2155 4662 2331 4714 verbis
2376 4660 2659 4712 affirmavit
2693 4658 2755 4712 L.
2793 4658 3097 4711 Germanus
3142 4658 3451 4726 patriarcha

1890 4731 2530 4799 Constantinopolitanus
2572 4732 2622 4782 in
2652 4728 2874 4799 hlenzeis
2922 4723 3240 4799 Graecorum
3299 4723 3455 4799 (ἥθ’-9

1891 4802 2204 4856 Decembris
2252 4796 2305 4854 et
2362 4802 2416 4853 in
2472 4813 2572 4853 suo
2634 4798 2853 4850 Mariali
2909 4800 3100 4867 fragm.
3134 4796 3189 4859 9,
3212 4796 3339 4848 dum
3364 4796 3450 4867 di-

1890 4874 2015 4927 ait:
2075 4890 2092 4922 ι
2133 4872 2305 4924 Hodie
2362 4872 2415 4923 iu
2462 4869 2760 4922 visceribus
2808 4864 3013 4920 Casta!
3046 4868 3215 4920 Anna:
3265 4864 3454 4917 conci—

1889 4946 2034 5010 pitur
2090 4941 2257 4994 Maria
2329 4940 2418 4993 llei
2451 4939 2618 5001 Filia,
2662 4938 3048 5010 prmpaiata_i_ii
3086 4935 3452 5010 liahitacultun

1890 5001 2210 5065 universalis
2248 5011 2407 5075 Regis
2437 5001 2786 5064 saeculorum.
2830 5026 2848 5057 ι
2886 5007 3022 5069 Quid
3054 5009 3199 5058 enim
3225 5014 3309 5057 est
3334 5001 3450 5079 hia:

1890 5084 2024 5135 riam
2086 5083 2140 5135 iu
2190 5072 2487 5134 visceribus
2528 5080 2587 5132 δ.
2617 5079 2786 5129 Annae
2828 5086 3145 5141 concvptam
3194 5088 3315 5127 esse
3359 5072 3451 5121 Ι)κί

1888 5154 2078 5215 filiam,
2116 5153 2215 5205 nisi
2256 5160 2570 5221 conceptam
2602 5162 2724 5201 esse
2773 5148 2825 5198 in
2871 5146 3065 5221 gratia,
3099 5154 3283 5221 etaper
3322 5156 3455 5220 con-

1886 5237 2142 5290 sequens,
2172 5215 2485 5285 concepta—tn
2514 5218 2632 5272 sine
2665 5225 2883 5290 peccato
2910 5215 3199 5290 originali}
3233 5215 3277 5266 si
3306 5215 3451 5264 enim

1889 5292 1941 5345 in
1967 5283 2224 5359 "originali
2253 5283 2475 5357 peccato
2506 5283 3023 5359 conceptaufuiss-t,
3050 5300 3155 5359 non
3177 5283 3296 5359 jam
3320 5295 3454 5359 con-

1885 5371 2038 5430 cepta
2063 5351 2163 5414 'Dei
2200 5351 2327 5420 filia,
2360 5363 2453 5411 sed
2478 5351 2734 5424 concepta
2758 5356 2862 5430 filia
2896 5354 3195 5430 diaboli._et
3230 5351 3335 5430 lilia
3360 5352 3452 5427 ine

1886 5420 2053 5499 (quod
2102 5430 2427 5485 Christiana:
2474 5420 2856 5499 aures'audire
2898 5424 3142 5499 horrent)
3174 5420 3452 5486 praedii-ari

1883 5492 2237 5570 posse-LFiIia
2256 5510 2434 5570 autem
2474 5496 2566 5570 Dei
2602 5497 2717 5549 sine
2775 5492 3025 5570 originali
3066 5502 3287 5569 peccato
3314 5503 3453 5570 con-

1881 5562 2035 5640 cepta
2067 5580 2169 5634 est,
2193 5586 2296 5622 non
2326 5569 2485 5621 aliam
2517 5567 2585 5619 ob
2612 5580 2853 5640 causam,
2876 5562 2976 5616 nisi
3002 5563 3127 5640 quia
3157 5566 3454 5640 prteparata

1883 5630 2322 5694 iii-habitaculum
2364 5636 2685 5691 universalis
2729 5633 2887 5701 Regis
2916 5632 3260 5686 saeculorum.
3285 5630 3455 5701 Oppr-

1882 5712 1983 5765 tuit
2014 5714 2156 5764 enim
2187 5726 2328 5770 cam,
2351 5724 2472 5776 quae
2514 5706 2604 5759 Dei
2633 5695 2922 5776 singulare
2965 5702 3327 5776 habitaculum
3350 5695 3453 5776 Ill--

1884 5764 2001 5834 tura
2047 5790 2199 5841 crat,
2252 5764 2385 5832 csse'
2441 5764 3018 5846 incontainiitatissima
3065 5772 3295 5846 puritate
3349 5764 3456 5816 fu!-

1880 5863 2115 5922 gcntcm,
2148 5839 2311 5920 atque
2343 5849 2411 5905 ab
2433 5847 2581 5904 omni
2615 5846 2839 5901 omnino
2872 5843 2992 5897 labe
3041 5839 3455 5895 alienissimam.
