4180 6450
664 396 798 461 1407

1791 398 1849 457 S.
1891 393 2205 455 JOSEPIII
2246 395 2808 456 HYMNOGRAPHI

3767 391 3903 457 1408

667 507 846 575 Virgo,
872 506 1004 576 legis
1034 504 1259 559 umbras
1289 502 1668 571 dissipantem,
1696 509 1750 555 et
1777 501 1963 570 gratiae
1988 500 2223 571 fulgores
2250 512 2304 569 Α
2326 516 2384 554 es
2415 499 2548 571 (69),
2588 498 2936 553 immaculata
2969 496 3400 568 inculpatissima
3445 496 3611 551 Maria
3651 496 3904 565 Deipara.

656 594 1045 648 all‘uiidentem.
1084 593 1263 659 Quare
1308 606 1394 644 me
1438 590 1553 658 lege
1582 592 1812 657 peccati,
1836 602 1869 642 ο
1899 584 2087 656 Virgo,
2117 598 2225 654 qua

658 700 804 740 nunc
832 684 1149 751 gravissime
1172 681 1439 751 exagitor.
1468 681 1730 742 solutum,
1763 676 1999 733 concede
2033 691 2228 732 vacare

662 782 890 833 liberum
922 777 1190 831 laudando
1218 773 1493 829 liberatori
1526 788 1647 826 meo
1679 771 1925 826 Domino.

744 870 849 926 Vas
882 872 1016 926 lucis
1049 869 1406 923 illuminaiitis
1434 873 1607 920 totum
1633 863 1829 919 Orbem
1869 860 1984 917 sola
2010 870 2232 916 ostensa

944 1025 1028 1079 Ea:
1056 1041 1250 1079 canone
1271 1022 1563 1076 Dmm'nica:
1592 1020 1941 1074 Pentecosm.

734 1222 890 1276 Salve
936 1220 1160 1290 Regina,
1188 1219 1553 1273 maternitatis
1581 1224 1634 1271 et
1658 1213 1986 1284 virginitatis
2030 1211 2229 1282 gloria,

660 1312 864 1366 nullum
902 1312 1098 1380 quippe
1127 1324 1211 1372 os,
1243 1310 1369 1364 licet
1394 1307 1820 1362 disertissimum
1857 1320 1919 1358 ac
1953 1301 2233 1355 facundis-

659 1404 859 1458 simum
888 1403 1213 1468 indicendo,
1245 1403 1384 1456 valet
1418 1411 1467 1455 te
1503 1415 1600 1470 pro
1634 1400 1900 1469 dignitate
1934 1394 2229 1448 celebrare.

660 1495 838 1549 Haeret
888 1504 1091 1561 autem,
1138 1505 1193 1549 et
1253 1493 1654 1564 quodammodo
1708 1491 1969 1559 vertigine
2021 1485 2234 1540 laborat

663 1588 843 1642 mimis
894 1603 1046 1642 mens
1103 1588 1154 1640 in
1209 1596 1398 1656 partus
1434 1587 1509 1641 tui
1538 1585 1994 1646 consideratione,
2027 1593 2223 1649 quam-

662 1678 847 1732 obrem
878 1686 928 1732 te
957 1694 1079 1732 cum
1101 1678 1294 1732 affectu
1325 1679 1619 1749 gloriosam
1654 1676 2030 1747 praedicamus.

2326 590 2526 654 Quare,
2553 604 2651 643 oro
2697 598 2768 655 te,
2799 588 3042 642 illumina
3084 589 3495 643 obteiieliratam
3537 590 3659 642 vitae
3693 590 3905 644 deliciis

2328 682 2580 733 miseram
2609 682 2843 734 animam
2881 694 3080 745 meam,
3108 696 3240 750 quo,
3260 683 3403 736 sicut
3431 681 3485 734 in
3515 682 3623 746 die,
3663 697 3760 750 per
3788 684 3908 737 vias

2330 770 2424 826 Dei
2452 771 2749 826 ambulem.

2350 1008 2445 1066 Ἐκ
2474 1011 2581 1066 τοῦ
2600 1012 2866 1078 Κανόνος
2885 1012 2996 1080 τῆς
3017 1011 3320 1092 Κυριμκῆς
3346 1012 3451 1082 τῆς
3484 1012 3657 1083 ἁγίας
3682 1016 3911 1083 Πεντη-

2988 1100 3233 1151 κοστης.

2399 1211 2922 1280 Χαὶροις,”Ανασσα,
2972 1211 3439 1282 μητροπαρθὲνων
3494 1210 3646 1275 κλέος
3682 1230 3696 1244 ⁸
3757 1214 3909 1267 ἅπαν

2331 1304 2439 1373 γὰρ
2471 1303 2764 1356 εὑδύνατον
2790 1302 3011 1357 εὕλαλον
3040 1305 3215 1371 στόμα
3247 1303 3584 1373 ῥητορεύειν,
3625 1304 3684 1355 οὑ
3730 1306 3914 1358 σθένει

2341 1414 2398 1449 σε
2444 1396 2668 1466 μέλπειν
2694 1397 2857 1462 ἀξίως
2880 1398 3132 1467 σ’ἱλιγγιᾷ
3164 1397 3220 1449 δὲ
3251 1394 3374 1457 νοῦς
3402 1396 3548 1459 ἄπας
3583 1396 3675 1450 σοῦ
3698 1398 3789 1451 τὸν
3822 1399 3914 1450 τό-

2340 1506 2434 1542 κον
2462 1490 2601 1543 νοεῖν
2632 1505 2646 1519 ’
2677 1489 2799 1542 ὅθεν
2831 1507 2888 1542 σε
2912 1488 3218 1560 συμφώνως
3240 1488 3556 1558 δοξάζομεν.

1623 1814 1782 1886 343
1816 1813 1894 1867 Ea:
1922 1828 2121 1867 canone
2145 1808 2288 1879 feria!
2318 1819 2369 1867 ν,
2404 1811 2519 1870 post
2549 1801 2699 1855 Dom.
2724 1798 2912 1855 Pcnlcc

733 1925 811 1980 Εχ
844 1925 1047 1997 Spiritu
1079 1937 1289 1993 sancto,
1314 1936 1482 1991 pasta,
1516 1929 1813 1997 concepigﬁ
1840 1944 1964 1982 eum
1990 1929 2082 1997 qui
2113 1936 2237 1981 ante
2268 1904 2312 1961 Β
2341 1925 2393 1970 οι
2419 1917 2702 1971 nobiscum
2734 1921 3094 1969 ςοιινοτεοιιιε
3136 1930 3280 1968 nunc
3333 1914 3700 1969 inanil'estavit
3736 1914 3923 1967 Tt‘llli-

664 2023 875 2085 tempus
926 2020 1277 2087 resplenduit,
1318 2018 1550 2073 Verbum
1589 2034 1655 2073 ex
1699 2019 1852 2073 Patre
1888 2021 2148 2088 ingenito,
2183 2027 2237 2071 et

666 2111 811 2165 hunc
846 2127 938 2181 per
960 2129 1227 2167 summam
1259 2115 1554 2168 bonitatem
1586 2113 1927 2168 incai'uatum
1953 2114 2209 2183 peperisti

667 2202 758 2257 Dei
786 2208 1021 2275 genitrix
1046 2206 1215 2261 Mater
1252 2205 1432 2277 Virgo.

908 2357 991 2411 Ea:
1019 2374 1215 2413 canone
1244 2359 1301 2413 in
1334 2358 1623 2414 Parasceve
1641 2368 1756 2429 post
1786 2359 1997 2414 Pentec.

744 2511 979 2568 Montem
1013 2517 1431 2580 lucidissimum,
1465 2526 1702 2571 montem
1733 2516 2233 2579 umbrosissimum,

672 2617 911 2660 montem
954 2608 1231 2677 pinguem,
1261 2619 1317 2663 et
1372 2612 1707 2663 incaseatum
1755 2610 1946 2663 dilexit
1994 2610 2156 2673 Deus,
2188 2619 2240 2663 te

672 2697 899 2763 scilicet,
932 2716 962 2751 υ
994 2698 1157 2771 Virgo
1182 2711 1367 2757 sancta
1397 2719 1411 2767 ;
1444 2703 1622 2757 salvos
1656 2704 1741 2756 fac
1774 2718 1961 2757 servos
1990 2711 2131 2758 tuos.

742 2809 1051 2863 Architecta
1114 2812 1300 2864 mundi
1354 2813 1535 2866 divina
1599 2812 1899 2881 Sapientia,
1960 2829 2024 2866 ex
2080 2825 2151 2877 te,
2208 2828 2241 2867 0

675 2900 881 2969 puella,
912 2903 1170 2971 templum
1222 2902 1460 2972 Spiritus
1511 2913 1735 2961 sanctus
1789 2906 2093 2968 aedificavit,
2129 2907 2240 2961 sal-

676 3005 802 3046 vare
830 2993 1018 3048 volens
1044 3010 1108 3047 ex
1142 2995 1259 3048 fidei
1294 2997 1611 3065 prmscripto
1647 2997 1909 3051 viventes.

749 3106 983 3174 Spiritus
1008 3108 1187 3161 sancti
1223 3108 1495 3163 thalamus
1531 3108 1670 3164 facta
1700 3126 1782 3173 es,
1822 3126 1854 3162 ο
1889 3109 2143 3178 Deipara,
2175 3125 2240 3164 ex

677 3211 786 3264 quo
812 3198 1000 3251 mundi
1034 3197 1224 3267 Opifex
1255 3196 1492 3253 Verbum
1532 3199 1709 3254 Patris
1754 3203 2021 3269 processit
2056 3203 2237 3266 homo,

2342 2013 2465 2066 tatis
2492 2011 2883 2081 cognitionem.

2646 2102 2729 2156 Ea:
2762 2118 2961 2156 canone
2991 2100 3213 2154 Sabbati
3239 2110 3357 2169 post
3392 2098 3604 2154 Pentec.

2412 2196 2644 2267 Spiritus
2675 2203 2898 2250 sanctus
2930 2194 2981 2246 in
3029 2202 3079 2245 te
3105 2209 3298 2261 purum
3346 2192 3681 2259 virginitatis
3732 2207 3924 2245 sacra-

2339 2290 2481 2342 rium
2540 2288 2894 2351 descendens,
2932 2285 3108 2339 etfacit
3158 2285 3523 2352 splendidum,
3578 2296 3629 2339 et
3689 2285 3925 2339 sanctis-

2340 2382 2538 2435 simum
2571 2379 2980 2433 tabernaculum
3014 2377 3133 2429 Filii
3167 2375 3388 2439 excelsi,
3426 2377 3759 2431 beatissima.

2412 2469 2802 2524 lnearnationis
2852 2468 3011 2522 Verbi
3061 2483 3326 2536 organum
3379 2468 3646 2529 divinum,
3687 2485 3721 2523 ο
3756 2484 3928 2521 vene-

2340 2562 2531 2619 randa.
2563 2559 2799 2629 Spiritus
2853 2568 3075 2612 sanctus
3132 2574 3256 2612 cum
3304 2559 3655 2612 obumbravit
3712 2560 3831 2619 tihi,
3870 2568 3925 2611 te

2341 2664 2524 2705 arcam
2585 2650 2845 2710 divinam,
2888 2650 3156 2702 illustrem
3209 2647 3408 2712 effecit,
3444 2660 3498 2703 et
3545 2648 3925 2710 adornavit,o

2342 2741 2509 2811 Virgo
2532 2741 2840 2805 benedicta,
2862 2757 2980 2808 quae
3014 2739 3179 2793 Deum
3208 2740 3260 2793 in
3293 2755 3460 2793 carne
3491 2740 3772 2809 peperisti.

2412 2834 2692 2888 Terrestre
2738 2834 3009 2903 quoddam
3058 2834 3258 2887 ccelum
3307 2833 3641 2901 apparuisti.
3697 2842 3882 2885 sancta
3912 2874 3927 2895 ,

2344 2929 2562 2983 caeleste
2586 2926 2822 2981 Verbum
2863 2936 3047 2980 ventre
3098 2926 3433 2995 concipiens,
3488 2925 3725 2994 quodin
3778 2935 3930 2980 terra

2343 3029 2728 3075 conversatnm
2761 3028 2866 3073 85L

2418 3110 2585 3163 Deum
2638 3110 2973 3170 hominibus,
3006 3106 3194 3177 Virgo,
3226 3107 3531 3161 conciliasti
3579 3107 3929 3171 mirabiliter,

2346 3202 2482 3255 inter
2503 3199 2666 3273 3M
2685 3200 2841 3263 Eum,
2868 3211 2921 3255 et
2944 3214 3045 3256 nos
3077 3200 3362 3255 mediatrix
3389 3200 3761 3256 interveniens
3785 3202 3927 3271 (70).

754 3373 867 3440 (69)
902 3374 975 3428 De
997 3372 1101 3427 hoc
1121 3388 1249 3428 vase
1277 3373 1506 3444 loquens
1524 3375 1727 3430 Bustus
1760 3375 1811 3427 in
1839 3371 2058 3429 Μαι-ἰαιί
2079 3390 2245 3430 serm.
2273 3378 2317 3439 C
2353 3375 2585 3437 macula.
2619 3390 2723 3444 qua
2755 3383 2868 3430 erat
2894 3376 3188 3435 discordia.
3217 3390 3321 3444 qua
3355 3390 3385 3428 e
3410 3385 3632 3442 peccato
3675 3374 3934 3443 originali

681 3445 737 3507 8,
775 3446 842 3498 de
871 3450 1129 3513 concept.
1174 3453 1325 3510 parte
1368 3446 1525 3513 i.‘ait
1555 3461 1619 3499 ex
1657 3446 1713 3498 S.
1758 3446 2033 3497 Antonino
2067 3446 2248 3498 archi-

679 3516 939 3583 episcopo
970 3511 1283 3566 Floreiitino
1311 3514 1336 3567 ε’
1358 3531 1376 3564 ι
1412 3511 1682 3569 Ordinans
1706 3530 1801 3567 vas
1828 3516 1894 3567 ad
1922 3516 2249 3570 sacrificium

681 3582 891 3647 altaris,
926 3592 1215 3637 conservat
1262 3582 1438 3652 ipsum
1471 3599 1501 3638 a
1551 3585 1804 3645 maculis,
1843 3587 1945 3638 hoc
1992 3587 2135 3638 enitn
2169 3595 2254 3639 est

683 3654 840 3708 valde
872 3655 1087 3707 decens.
1125 3670 1143 3702 ι
1179 3652 1301 3706 llaec
1337 3654 1446 3715 ille,
1477 3655 1683 3708 scilicet
1712 3654 2040 3708 Antoninus.
2078 3672 2097 3705 ί
2149 3654 2252 3708 Sed

688 3723 856 3791 Virgo
891 3723 1056 3777 Maria
1087 3723 1292 3791 (subdit
1318 3723 1540 3790 Bustus)
1572 3725 1670 3778 fuit
1702 3740 1794 3778 vas
1832 3724 2073 3778 Deitatis.
2110 3716 2253 3793 Ergo

688 3795 872 3847 decuit
902 3801 960 3845 iit
997 3802 1414 3860 praeservaretur
1445 3794 1609 3847 etiam
1634 3809 1663 3847 a
1694 3794 1902 3847 macula
1928 3795 2197 3861 originali.
2233 3813 2251 3845 ι

689 3863 826 3917 Vide
863 3864 920 3916 S.
953 3861 1280 3931 Cyprianum
1322 3863 1374 3915 in
1415 3863 1563 3917 Orat.
1598 3864 1664 3917 de
1693 3862 1982 3917 Nativitate
2018 3864 2250 3926 Domini,

690 3933 780 3986 ubi
817 3929 1093 4002 appellans
1122 3931 1181 3985 Β.
1214 3929 1489 4001 Virginem
1518 3950 1607 3985 ras
1640 3934 2121 4002 electionisnatura
2154 3948 2255 3985 iio-

688 4001 899 4056 hiscum
949 4002 1383 4067 communicatis,
1417 4019 1522 4057 non
1558 4006 1715 4070 culpa
1769 4021 1781 4056 :
1825 4021 1842 4052 ι
1881 4001 1990 4056 Nec
2021 4004 2256 4057 sustine-

690 4072 1032 4140 liatjustitia,
1069 4071 1246 4138 inquit
1283 4072 1391 4133 ille,
1428 4083 1491 4125 ut
1515 4073 1644 4126 illud
1675 4088 1768 4126 vas
1796 4074 2077 4127 eleCtionis
2103 4089 2256 4127 coni-

690 4145 952 4195 munibus
996 4141 1273 4212 laxaretur
1332 4142 1568 4211 injuriis,
1619 4144 1883 4210 quoniam
1936 4144 2181 4212 pluribus
2225 4156 2256 4195 a

692 4212 901 4266 caiteris
965 4211 1266 4276 differens,
1334 4222 1529 4266 natura
1599 4211 2078 4276 communicabat,
2150 4228 2256 4266 non

692 4284 873 4349 culpa.
917 4300 933 4331 i
970 4282 1104 4345 Quis
1133 4283 1277 4334 enim
1310 4281 1399 4335 liie
1427 4298 1530 4335 non
1571 4283 1751 4335 videat
1774 4282 2103 4352 Cyprianum
2131 4299 2259 4351 snp-

692 4353 942 4419 posuisse
971 4352 1259 4419 puritatem
1282 4352 1598 4419 originalem
1626 4351 1953 4406 beatissima;
1983 4351 2259 4420 Virginis?

694 4424 861 4490 Culpa
918 4436 1153 4488 namque
1201 4421 1523 4485 communis,
1587 4421 1672 4474 cui
1739 4423 2127 4476 descendentes
2192 4424 2260 4474 ab

694 4492 906 4543 Adaino
964 4490 1351 4581 siilijiciluntur,
1404 4501 1613 4581 tantum
1671 4500 1755 4573 est
1801 4493 2103 4581 originalis,
2152 4508 2258 4581 non
2296 4528 2337 4581 ο

694 4576 825 4614 vero
875 4562 1120 4614 venialis.
1151 4560 1299 4613 llanc
1342 4561 1486 4615 enim
1537 4562 1724 4630 aliqui,
1759 4562 1947 4630 saltem
1999 4561 2258 4626 infantes,

696 4646 804 4684 iiou
833 4632 1249 4694 commiserunt,
1285 4645 1410 4683 cuin
1444 4628 1642 4698 quibus
1677 4631 1721 4685 si
1760 4628 1924 4699 Virgo
1954 4632 2111 4700 culpa
2150 4649 2259 4685 non

696 4701 1139 4762 communicavit,
1189 4701 1410 4753 evidens
1465 4710 1567 4761 est,
1605 4716 1726 4754 eam
1778 4717 1883 4753 non
1937 4702 2108 4757 fuisse
2162 4704 2263 4755 ob-

700 4773 919 4823 noxiam
968 4770 1241 4839 originali,
1279 4785 1342 4823 ac
1389 4770 1455 4824 de
1506 4771 1594 4823 illa
1637 4772 1985 4839 potissimum
2035 4772 2263 4840 intelligi

697 4842 897 4895 debere
939 4841 1220 4907 Deiparam
1270 4841 1653 4895 communibus
1702 4842 1918 4907 injuriis
1955 4858 2061 4894 non
2095 4841 2265 4895 fuisse

699 4913 984 4964 oll'ensam.
1036 4909 1479 4981 Sanctusetiam
1528 4911 1955 4981 Chrysostuuius
2002 4910 2152 4966 Orat.
2210 4912 2264 4964 in

698 4982 1028 5034 Annuntiat.
1065 4992 1170 5032 non
1222 4980 1383 5032 aliain
1411 4981 1480 5033 ob
1513 4980 1736 5034 causam
1780 4980 2064 5048 Deiparam
2110 4990 2269 5035 vocat

701 5048 809 5104 Vas
855 5049 1511 5121 incontaniinatuui,nisi
1538 5052 1678 5121 quia
1728 5050 2009 5121 originalis
2057 5052 2267 5119 peccati

701 5122 1220 5174 contaminatiouem
1255 5134 1363 5172 non
1391 5120 1595 5184 habuit,
1624 5121 1715 5175 sed
1744 5122 1813 5174 ab
1841 5122 1944 5174 hac
1975 5124 2109 5174 tanti
2138 5121 2266 5176 mali

702 5190 927 5260 miseria
961 5190 1219 5243 immunis
1253 5190 1373 5243 fuit.
1411 5189 1544 5255 Quis
1575 5193 1718 5244 enim
1762 5192 2008 5245 absolute
2039 5192 2270 5260 appellet

702 5259 1217 5331 incontaminatum,
1266 5260 1410 5328 quod
1458 5260 1770 5329 aliquando,
1805 5269 1860 5315 et
1905 5259 2123 5331 quidem
2155 5270 2269 5315 tur-

705 5330 950 5398 pissime,
978 5331 1403 5384 contaminatum
1436 5332 1577 5385 fuit?

780 5400 870 5470 (70
910 5402 969 5457 Β.
1000 5400 1273 5469 Virginem
1320 5402 1439 5456 sine
1477 5401 1768 5470 Origiiialis
1803 5400 2008 5472 peccati
2057 5400 2268 5472 macula

708 5469 879 5524 fuisse
903 5482 1245 5539 conceptam,
1274 5484 1338 5524 eo
1371 5472 1516 5540 quod
1553 5469 1691 5527 inter
1723 5469 1840 5536 nos,
1871 5484 1924 5527 et
1953 5474 2119 5526 Deum
2158 5471 2265 5524 Me-

709 5541 904 5611 diatrix
930 5541 1107 5595 futura
1123 5550 1299 5611 esset,
1327 5544 1531 5611 collig;t
1560 5542 1986 5597 Bartholomceus
2014 5541 2268 5603 Pisanus,

710 5610 787 5664 De
814 5612 962 5665 laud.
991 5613 1053 5663 Β.
1094 5610 1154 5663 γ.
1193 5611 1383 5677 librat,
1421 5610 1600 5665 fructu
1636 5613 1685 5677 7,
1718 5614 1847 5667 dum
1891 5615 1965 5666 ait
1996 5627 2010 5665 :
2049 5631 2067 5664 ε
2103 5611 2269 5663 Maria

712 5680 803 5734 ιηθὶ
862 5680 1033 5735 Mater
1082 5671 1327 5735 debebat'
1361 5671 1482 5737 esse
1536 5671 1817 5736 niedi'atrix
1870 5684 2012 5736 inter
2070 5700 2170 5735 nos
2220 5696 2273 5736 et

716 5749 906 5816 Deum,
930 5754 1135 5806 scilicet
1162 5753 1280 5817 ejus
1326 5752 1543 5813 Filium,
1573 5764 1627 5805 et
1648 5754 1763 5821 ejus
1794 5753 1959 5807 Filius
2006 5756 2143 5808 inter
2173 5768 2272 5805 nos

714 5831 771 5876 et
815 5823 1018 5890 Deuni;
1062 5838 1191 5893 ergo
1242 5840 1429 5879 carere
1478 5825 1710 5879 debebat
1747 5828 1989 5896 quolibet
2038 5828 2191 5890 vitio,
2222 5833 2274 5877 et

2358 3457 2411 3500 et
2450 3446 2598 3498 omni
2631 3447 2756 3499 alio.
2802 3463 2821 3497 ι
2860 3445 2949 3499 Sic
2992 3447 3099 3500 ille.
3136 3444 3502 3498 Bernardinus
3528 3447 3691 3499 etiam
3726 3448 3791 3499 de
3824 3447 3937 3497 Bu-

2360 3528 2445 3571 sto
2477 3516 2530 3569 in
2577 3530 2677 3569 suo
2716 3514 2955 3578 Marinli,
2989 3531 3131 3570 serui
3176 3514 3228 3576 6,
3265 3517 3331 3568 de
3364 3530 3587 3582 concep.
3624 3525 3778 3583 parte
3801 3531 3849 3578 ι,
3883 3516 3939 3570 in

2361 3586 2507 3639 hunc
2558 3586 2777 3638 modum
2824 3585 3063 3654 loquitur
3109 3600 3124 3637 :
3174 3585 3619 3653 Quandocumque
3668 3595 3748 3638 est
3798 3585 3943 3639 inter

2362 3657 2575 3722 aliquos
2603 3654 2909 3718 inimicitia,
2938 3670 3037 3718 pro
3077 3655 3519 3707 reconciliatione
3549 3656 3803 3708 convenit
3844 3671 3943 3709 ac-

2363 3726 2542 3792 cipere
2587 3725 2829 3785 tertium,
2869 3725 2972 3778 nisi
3013 3725 3101 3776 ille
3144 3723 3213 3776 sit
3259 3724 3449 3776 offensi
3487 3724 3714 3785 amicus,
3765 3727 3943 3778 multo

2366 3797 2547 3848 minus
2594 3805 2774 3848 autem
2812 3794 2933 3847 talis
2975 3792 3260 3855 mediator,
3293 3793 3450 3845 debet
3492 3809 3613 3846 esse
3658 3796 3943 3861 particeps

2363 3864 2566 3927 delicti,
2596 3879 2688 3931 per
2728 3878 2889 3931 quam
2937 3862 3411 3933 participatioiieiti
3453 3864 3525 3915 sit
3555 3873 3607 3915 et
3634 3864 3750 3927 ipse
3783 3866 3944 3917 dolo-

2363 3948 2456 3987 siis
2487 3950 2500 3985 :
2529 3947 2653 3984 nam
2697 3933 2902 3986 inimici
2946 3932 3177 3992 amicus.
3209 3932 3465 3985 inimicus
3494 3941 3597 3992 est,
3620 3944 3672 3987 et
3704 3934 3829 3987 ideo
3868 3936 3945 3999 ei,

2364 4014 2618 4070 tanquam
2650 4002 2891 4071 inimico.
2911 4018 3018 4055 non
3048 4002 3394 4055 credendum.
3427 4001 3588 4069 Virgo
3614 4005 3798 4071 itaque
3822 4019 3947 4071 qua:

2365 4072 2597 4126 debebat
2624 4070 2863 4125 mediare
2895 4072 3033 4125 inter
3063 4074 3357 4124 humanam
3390 4082 3668 4133 naturain,
3706 4070 3759 4125 et
3784 4070 3950 4127 Chri-

2366 4151 2510 4196 stum
2556 4154 2870 4203 venturum,
2913 4158 3018 4193 non
3073 4142 3301 4193 debebat
3340 4156 3460 4196 esse
3495 4157 3583 4193 rea
3625 4152 3677 4197 et
3718 4144 3945 4195 conscia

2366 4212 2573 4275 delicti,
2592 4211 2832 4280 alioquin
2859 4221 3002 4265 esset
3031 4212 3247 4275 indigna
3277 4212 3699 4270 reconciliatrix.
3726 4214 3950 4267 dicente

2371 4281 2631 4349 Gregorio
2660 4283 2711 4334 in
2752 4280 3041 4333 Momlibus
3067 4296 3085 4333 :
3115 4280 3326 4351 Cumis
3355 4285 3445 4348 qui
3475 4283 3720 4351 displicet
3761 4282 3827 4335 ad
3868 4284 3952 4336 iii-

2369 4352 2761 4421 terpellandum
2800 4352 3056 4415 mittitur,
3079 4351 3214 4421 irati
3252 4350 3707 4421 jmlicis‘aiiimus
3732 4352 3797 4404 ad
3838 4353 3951 4404 ira-

2368 4420 2622 4476 cundiam
2685 4430 3028 4489 provocatur.
3074 4420 3236 4474 Missa
3280 4429 3362 4474 est
3404 4436 3533 4488 ergo
3584 4420 3752 4490 Virgo
3785 4423 3952 4474 bene-

2366 4493 2509 4544 dicta
2560 4507 2589 4544 a
2640 4492 2896 4544 Patribus
2949 4491 3146 4544 exsilio
3186 4492 3456 4544 damnatis
3485 4501 3747 4559 tanquam
3783 4493 3951 4559 digna

2370 4562 2773 4615 recoiieiliatrix
2820 4562 2886 4613 ad
2938 4560 3126 4623 Deum,
3161 4574 3281 4628 qua:
3335 4561 3379 4613 si
3420 4575 3526 4613 non
3577 4571 3721 4613 esset
3757 4561 3951 4629 digna,

2366 4646 2584 4700 poenam
2645 4639 2969 4684 mereretur.
3006 4629 3109 4683 Sed
3138 4632 3265 4696 quia
3302 4644 3407 4682 non
3446 4642 3529 4683 est
3559 4632 3803 4699 repulsa,
3840 4633 3955 4683 imo

2368 4704 2563 4755 iratum
2612 4701 2778 4753 Deum
2826 4702 3079 4769 placavit,
3118 4700 3436 4767 dignissima
3493 4701 3708 4753 inventa
3760 4711 3867 4763 est,
3899 4711 3954 4752 et

2367 4787 2463 4841 per
2496 4785 2858 4850 consequens,
2888 4770 3789 4850 sine_original_icu.lpa_."Christus
3820 4786 3955 4850 ergo

2370 4838 2508 4894 inter
2540 4838 2750 4893 l’atrein
2783 4849 2837 4893 et
2863 4838 3139 4908 populum
3163 4841 3440 4901 mediavit,
3475 4838 3634 4908 Virgo
3687 4842 3830 4892 inter
3865 4838 3953 4891 l-‘i-

2367 4911 2499 4964 liuiii
2530 4921 2581 4963 et
2617 4911 2994 4978 delinquentes
3021 4926 3036 4973 ;
3070 4910 3214 4979 quod
3247 4910 3289 4962 si
3329 4910 3442 4978 ipsa
3475 4910 3825 4978 peccavisset,
3859 4910 3951 4963 tibi

2368 4990 2509 5035 esset
2537 4995 2662 5049 spes
2691 4979 2914 5033 nostra?
2941 4979 3041 5035 Ubi
3082 4981 3488 5034 reclinatoriuni
3522 4981 3717 5048 capitis
3739 4980 3954 5033 nostri?

2370 5051 2427 5105 Si
2464 5050 2634 5104 Mater
2660 5057 2805 5104 esset
2829 5065 2943 5113 rea,
2978 5049 3111 5119 quid
3147 5050 3306 5104 nobis
3342 5049 3515 5104 servis
3566 5058 3714 5103 esset
3740 5051 3955 5103 inutili-

2369 5121 2513 5175 bus?
2548 5120 2842 5187 Desperare
2873 5134 3182 5189 possemus,
3214 5120 3307 5174 ubi
3336 5119 3787 5189 ipsa_privilegio
3836 5122 3955 5173 sin-

2370 5191 2543 5260 gulari
2595 5190 2845 5257 puritatis
2876 5187 3008 5260 non,
3044 5192 3287 5258 polleret.
3320 5188 3438 5260 “Sic
3464 5187 3824 5244 Bustus.’Cui
3874 5191 3956 5244 his

2370 5258 2552 5315 verbis
2577 5261 2873 5314 subscribit
2903 5258 3187 5313 Pelbartus
3227 5260 3278 5313 iii
3309 5258 3559 5312 Stellario
3586 5260 3649 5315 Β.
3690 5260 3950 5327 Virginis,

2370 5330 2464 5384 lib.
2491 5346 2564 5395 tv,
2587 5339 2729 5398 part.
2756 5346 2816 5394 ii,
2851 5344 2902 5384 a.
2931 5330 3002 5383 3:
3035 5330 3319 5383 Mediatrix
3346 5340 3431 5383 est
3450 5328 3612 5382 Maria
3632 5330 3779 5383 inter
3797 5331 3958 5382 Chri-

2371 5410 2538 5463 stum,
2572 5411 2626 5453 et
2652 5400 2920 5463 homines,
2950 5399 3190 5453 medium
3224 5409 3400 5452 autem
3434 5400 3597 5453 debet
3631 5401 3960 5467 participare

2374 5486 2496 5524 cum
2532 5471 2813 5533 extremis,
2849 5470 2902 5534 5,
2932 5469 3125 5539 Pliys.;
3149 5472 3268 5522 ideo
3295 5471 3569 5539 congruit.
3603 5481 3663 5523 ut
3693 5471 3813 5539 ipsa
3840 5469 3958 5521 Ma-

2375 5543 2451 5594 ria
2488 5540 2774 5593 mediatrix
2812 5541 3028 5608 generis
3069 5540 3289 5592 humani
3336 5540 3391 5591 iii
3431 5541 3786 5608 conceptione
3812 5543 3957 5592 assi-

2374 5612 2595 5687 iiiiletur
2627 5613 2963 5687 hominibus,
2984 5612 3060 5687 ,in
3106 5608 3379 5687 naturali._
3403 5612 3632 5673 scilicet,
3679 5625 3956 5687 prepaga-

2376 5683 2521 5743 tione
2562 5683 2859 5743 communi,
2910 5681 2990 5733 et'
3019 5683 3121 5733 hoc
3167 5696 3272 5733 non
3328 5681 3588 5734 obstante
3622 5683 3959 5734 assinnletur

2374 5752 2590 5805 Christo
2621 5752 2782 5817 capiti
2821 5753 2872 5803 in
2904 5751 3027 5813 hoc,
3065 5761 3121 5804 ut
3153 5766 3244 5817 per
3270 5752 3510 5818 gratiam
3542 5764 3906 5821 prirservctur
3927 5766 3956 5803 a

2374 5832 2595 5891 peccato
2629 5822 2897 5891 originali.
2926 5822 3015 5875 Sic
3047 5822 3342 5876 l’c'lwit'tus.
