4180 6450
182 421 314 483 H13

1574 414 1631 472 Μ
1638 413 1933 473 ABIALE.

3308 418 3441 483 ΜΗ

248 530 557 598 Quomodo.
590 544 623 581 o
652 536 802 583 easta
850 526 1015 598 Virgo
1060 526 1250 591 Mater,
1284 526 1393 582 Deo
1436 525 1756 581 charissima
1789 538 1833 592 Α
1863 525 2054 595 scepit.
2079 526 2214 580 ctad
2240 526 2454 583 Patrem
2480 542 2636 584 suum
2662 529 2930 594 ascendit,
2949 544 3110 600 quem
3130 542 3308 590 tamen
3332 553 3441 591 non

180 627 295 679 sine
344 624 510 693 35.8
546 622 686 675 virili
734 622 927 691 copula
975 620 1270 690 peperisti?
1312 618 1589 689 quomodo
1633 633 1755 671 eum

179 718 419 778 nutristi,
452 716 545 784 qui
578 725 861 769 creaturas
894 714 1067 769 nutrit
1124 712 1450 767 universas?
1486 712 1760 779 quomodo

178 813 324 867 solus
357 811 473 879 ipse
505 809 675 874 novit,
708 810 800 879 qui
834 808 1076 863 universi
1104 816 1186 861 est
1213 807 1531 869 Creator,et
1558 805 1720 859 Deus.

249 924 383 988 Quis
408 923 677 992 magnalia
710 932 797 976 tua
830 937 1090 977 enarrare
1114 921 1307 991 possit,
1335 936 1366 974 0
1394 919 1559 989 Virgo
1576 920 1761 974 casta?

184 1014 346 1065 Deum
390 1013 535 1065 enim
588 1014 640 1065 in
677 1028 842 1067 carne
885 1012 1290 1082 supernaturali
1337 1012 1548 1064 ratione
1596 1024 1759 1079 pepe-

180 1106 329 1165 risti;
380 1105 472 1173 qui
529 1120 623 1172 per
679 1114 748 1167 te,
779 1120 812 1158 0
856 1103 1021 1174 Virgo
1073 1103 1405 1172 castissima,
1445 1118 1475 1157 a
1523 1102 1760 1171 peccatis

180 1196 441 1249 mundum
476 1196 703 1249 retrahit
731 1198 1022 1250 universis.

252 1310 382 1363 Post
428 1321 640 1379 partum
702 1312 875 1381 virgo,
927 1321 1100 1376 casta,
1155 1308 1529 1381 permansisli,
1586 1308 1758 1363 Deum

181 1404 323 1455 enim
371 1406 684 1473 genuisti,o
715 1405 995 1465 inviolata,
1043 1405 1134 1474 qui
1176 1403 1415 1473 polentia
1460 1418 1557 1457 sua
1600 1402 1761 1456 inuo-

190 1498 336 1549 vavit
365 1507 587 1551 naturas
621 1515 633 1551 :
663 1513 827 1567 quem
857 1497 1085 1566 supplex
1113 1511 1209 1551 ora
1242 1510 1342 1565 pro
1367 1494 1613 1549 omnium
1649 1508 1755 1546 no-

182 1599 355 1642 strum
390 1590 585 1647 salute.

262 1700 428 1774 Virgo
457 1705 827 1766 immaculata.
868 1704 975 1759 Deo
1007 1704 1356 1769 charissima,
1382 1713 1531 1759 tuum
1562 1704 1759 1759 Filium

182 1801 475 1869 deprecare
506 1796 745 1858 assidue,
773 1811 840 1851 ne
880 1811 967 1851 me
1012 1797 1064 1849 in
1095 1796 1181 1849 die
1215 1796 1405 1865 judicii
1440 1797 1762 1852 confusione

181 1894 507 1967 perfundat;
542 1890 634 1945 sed
662 1905 787 1944 cum
818 1890 1005 1944 electis
1032 1890 1226 1955 ovibus
1252 1898 1597 1945 annumeret.

252 2004 297 2059 Ο
339 2004 496 2073 Virgo
523 2012 671 2058 casta
700 2018 822 2071 quae
865 2004 1018 2058 caelis
1059 2003 1221 2057 latior
1264 2002 1600 2073 apparuisti,
1629 2018 1766 2057 con-

184 2101 394 2155 tinuisti
444 2097 805 2166 corporaliter
848 2096 1040 2158 Deum,
1090 2098 1182 2165 qui
1224 2096 1605 2151 circumscribi
1657 2111 1763 2149 non

183 2201 387 2263 potest;
427 2200 480 2244 et
508 2191 759 2244 eumdem
802 2189 1061 2259 peperisti
1096 2189 1149 2243 in
1186 2189 1613 2258 redemptionem
1643 2203 1763 2243 om-

184 2284 336 2337 nium
364 2282 457 2352 qui
483 2291 533 2335 te
566 2281 882 2336 firmissima
916 2280 1019 2336 fide
1051 2281 1387 2335 collaudant.

187 2440 269 2494 Ex
307 2456 505 2495 canone
546 2440 602 2493 in
643 2439 780 2508 feria
821 2455 880 2505 ιι,
915 2450 1029 2508 post
1062 2439 1396 2492 Dominicam
1436 2454 1466 2492 v
1516 2437 1760 2493 Paw/ue.

256 2597 570 2653 Luciferum
607 2595 915 2649 vehiculum
957 2595 1092 2649 solis
1118 2594 1498 2650 intellectualis
1520 2610 1644 2650 vere
1678 2594 1762 2647 fa-

188 2702 268 2747 cta
298 2708 383 2753 es,
411 2706 445 2744 o
475 2698 621 2745 casta
652 2699 708 2743 et
736 2689 1119 2751 immaculata;
1163 2703 1259 2757 per
1299 2687 1469 2756 quod,
1511 2689 1766 2741 sedentes

191 2786 241 2837 in
269 2782 513 2837 tenebris
538 2781 719 2834 lumen
751 2779 997 2833 scientiae
1040 2779 1313 2843 viderunt,
1350 2788 1403 2833 te
1442 2793 1540 2848 pro
1583 2778 1767 2833 debito

191 2874 479 2945 gloriosam
515 2871 866 2941 appellantes.

246 3024 333 3077 Ea:
366 3039 562 3077 canone
600 3023 654 3075 in
679 3022 815 3091 feria
852 3036 925 3087 tv,
952 3031 1069 3091 post
1099 3021 1334 3075 eamdem
1355 3019 1703 3075 Dominicam.

258 3155 549 3210 Dominum
587 3153 830 3209 omnium
874 3152 1152 3222 peperisti,
1184 3166 1217 3205 o
1248 3151 1473 3206 Domina
1510 3155 1577 3206 ab
1616 3154 1763 3207 omni

1862 618 2195 681 deSerueral,
2229 622 2476 687 quamvis
2503 636 2720 675 carnem
2753 623 3103 691 suscepisset.

1937 709 2131 764 Beatus
2171 710 2344 765 factus
2363 722 2445 766 est
2478 720 2665 767 venter
2688 723 2834 777 tuus,
2860 729 2894 767 o
2930 715 3242 784 purissima,
3277 718 3439 787 digna

1863 818 2098 870 namque
2145 802 2293 856 fuisti
2326 807 2604 860 continere
2650 820 2775 858 eum
2814 807 2975 860 modo
3014 807 3306 875 inelTabili;
3345 811 3441 881 qui

1865 894 2162 947 inferorum
2214 894 2379 964 3&9
2435 907 2675 950 ventrem
2739 898 3061 955 mirabiliter
3123 907 3437 971 cvacuavil;

1862 1002 2022 1055 quem
2054 1002 2150 1055 pro
2183 992 2359 1042 salute
2388 1001 2569 1044 nostra
2606 991 2736 1045 dum
2769 1000 2819 1045 te
2852 991 3161 1059 laudamus,
3189 1010 3374 1049 exora.

1933 1078 2202 1145 Christus,
2228 1080 2322 1150 qui
2367 1089 2436 1145 te,
2470 1096 2502 1135 ο
2532 1084 2619 1137 Dei
2652 1083 2920 1147 Genitrix,
2949 1084 3220 1153 Virginem
3263 1089 3442 1141 inror-

1863 1181 2076 1238 ruptam
2101 1180 2222 1240 post
2244 1187 2306 1240 pa
2318 1182 2458 1225 rlum
2482 1176 2841 1241 conservavit,
2857 1177 3177 1230 ascenditad
3204 1177 3439 1243 Patrem,

1862 1278 2023 1332 quem
2078 1280 2185 1317 non
2220 1264 2607 1333 dereliquerat,
2628 1266 2751 1319 licet
2783 1284 3005 1321 carnem
3051 1274 3442 1339 assumpsisset

1863 1369 1928 1408 ex
1982 1365 2033 1409 te
2087 1356 2364 1423 prteditam
2398 1359 2578 1410 anima
2613 1357 2984 1421 intellectuali,
3020 1368 3239 1428 propter
3307 1359 3444 1415 inef-

1864 1447 2081 1504 fabilem
2116 1449 2570 1504 misericordiam.

1934 1560 2266 1628 Laudamus,
2305 1576 2338 1615 o
2378 1570 2529 1616 casta
2573 1564 2774 1631 puella,
2808 1566 3218 1634 conceptionem
3259 1576 3440 1633 tuam;

1863 1655 2151 1710 laudamus
2198 1665 2414 1724 partum
2461 1656 2811 1721 ineffabilem,
2849 1673 2946 1727 per
2992 1674 3150 1728 quem
3189 1676 3219 1714 a
3247 1675 3441 1715 corru-

1864 1750 2066 1817 ptione,
2091 1759 2145 1803 et
2172 1749 2494 1815 perditione,
2537 1765 2599 1805 ac
2639 1751 2931 1807 tenebroso
2972 1751 3169 1807 inferni
3220 1768 3443 1809 carcere

1864 1843 2074 1897 liberati
2104 1860 2315 1899 sumus.

1942 1935 1987 1987 Ο
2018 1944 2237 2004 stupore
2264 1937 2419 2004 plena
2443 1937 2740 1992 miracula!
2774 1940 3051 2008 quomodo
3074 1940 3243 1997 Deum
3267 1939 3448 1996 conti-

1869 2028 2055 2090 nuisli,
2094 2044 2126 2081 o
2172 2027 2280 2081 Deo
2329 2030 2675 2095 charissima,
2710 2034 2801 2101 qui
2849 2043 2932 2087 est
2965 2034 3441 2104 incomprehensi-

1866 2122 2130 2191 bilis?qui
2158 2138 2375 2176 carnem
2399 2139 2463 2178 ex
2494 2127 2940 2190 teemendicavit,
2961 2137 3013 2180 et
3042 2143 3166 2181 cum
3204 2128 3441 2197 plurima

1865 2216 2031 2282 gloria
2077 2216 2237 2270 hodie
2276 2217 2329 2269 in
2373 2216 2571 2271 cadum
2627 2230 2945 2288 assumptus
2994 2218 3243 2275 homines
3284 2220 3442 2274 deiti-

1864 2307 2043 2360 cavit?

1932 2397 2073 2452 Ecce
2098 2397 2267 2453 Filius
2286 2409 2435 2465 tuus,
2464 2416 2497 2454 ο
2527 2400 2775 2469 Deipara,
2803 2409 2979 2455 morte
3000 2417 3093 2468 per
3122 2416 3277 2456 suam
3310 2418 3440 2456 cru-

1828 2507 1978 2583 Ncem
2016 2492 2269 2560 spoliata,
2314 2493 2614 2547 resurrexit
2657 2494 2810 2547 tertia
2862 2493 2987 2558 die;
3024 2503 3078 2547 et
3113 2509 3236 2548 cum
3275 2509 3443 2563 appa-

1863 2585 2067 2639 ruisset
2092 2583 2373 2653 discipulis
2407 2584 2542 2647 suis,
2570 2585 2633 2638 ad
2679 2585 2921 2640 coelestia
2962 2587 3282 2656 emigravit;
3315 2604 3439 2641 eum

1864 2690 1973 2743 quo
2013 2687 2064 2729 te
2094 2676 2384 2732 adorantes
2411 2677 2724 2742 laudamus,
2756 2687 2810 2732 et
2847 2679 3219 2748 glorificamus
3245 2680 3297 2733 in
3323 2696 3442 2733 om-

1864 2766 1952 2819 nia
1979 2766 2198 2823 saecula.

1947 2882 2062 2939 Lux
2117 2884 2183 2939 de
2239 2884 2383 2939 luce'
2408 2901 2739 2950 coruscans,
2769 2903 2834 2942 ex
2864 2897 2935 2951 te,
2990 2902 3024 2942 o
3054 2888 3438 2952 mundissima,

1865 2986 2054 3030 exorta
2084 2986 2198 3041 est;
2237 2989 2290 3031 et
2314 2978 2624 3032 universam
2662 2979 3001 3033 inﬁdelitatis
3046 2981 3438 3034 obscuritatem

1866 3066 2183 3134 dissipavit;
2219 3074 2271 3119 et
2302 3067 2368 3119 iis
2399 3068 2488 3135 qui
2529 3067 2580 3118 in
2632 3076 2787 3119 nocte
2832 3066 3195 3125 dormiebant.
3226 3066 3438 3120 illuxit:

1866 3164 2149 3223 propterea
2180 3157 2420 3212 universi
2446 3168 2496 3211 te
2517 3173 2616 3227 pro
2644 3156 2837 3212 merito
2861 3157 3076 3212 beatam
3106 3160 3442 3228 appellamus

188 3248 304 3303 labe
327 3246 590 3301 immunis
620 3244 755 3315 (76),
792 3244 884 3314 qui
914 3244 1279 3298 voluntariam
1311 3245 1619 3311 passionem
1662 3260 1755 3297 su-
1784 3249 1827 3306 C
1867 3246 1919 3299 in
1958 3256 2218 3300 aeternum
2249 3247 2298 3301 ⁸.

192 3478 328 3531 inter
368 3472 555 3528 Mat-im
590 3472 1049 3542 conceptionem,
1074 3476 1132 3523 et
1169 3467 1261 3521 Dei
1308 3467 1705 3542 maternitatem
1747 3484 1761 3521 :

192 3564 309 3601 nam
342 3546 446 3599 etsi
474 3538 1111 3613 conceptio—quindecim
1143 3552 1409 3591 annorum
1443 3538 1621 3606 spatio
1650 3554 1764 3613 ma-

192 3617 500 3671 ternitatem
531 3608 886 3667 anteverterit
934 3614 986 3663 in
1020 3608 1113 3664 Dei
1148 3620 1347 3669 mente,
1383 3618 1436 3661 et
1474 3609 1763 3678 mysterio-

190 3703 304 3740 rum
332 3686 680 3755 pra3visione,
705 3681 1026 3755 maternitas
1050 3678 1423 3755 conceptionis
1445 3688 1531 3731 est
1556 3692 1760 3755 comes,

191 3773 286 3811 nec
332 3749 700 3820 computanda
743 3761 824 3806 cst
869 3752 1004 3820 sine,
1027 3749 1399 3820 Amaternitate
1424 3750 1758 3820 conceptio:

189 3816 501 3892 concipitur
529 3824 672 3877 enim
717 3838 842 3875 mox
874 3821 967 3873 Dei
994 3818 1165 3892 Mater
1188 3820 1350 3892 digne
1380 3818 1581 3871 futura.
1613 3816 1764 3892 Unde

189 3887 375 3950 divina
428 3894 746 3947 maternitas
800 3892 993 3945 futura:
1040 3890 1131 3942 Dei
1186 3887 1374 3941 Matris
1416 3889 1761 3956 conceptioni

190 3969 363 4030 adest,
399 3975 455 4017 ut
476 3964 788 4017 alliuitatem
811 3977 935 4016 cum
966 3970 1189 4030 peccato
1214 3974 1552 4028 prarpmpere
1582 3967 1765 4012 arceat

189 4048 238 4090 et
282 4044 518 4090 avertat.
561 4034 671 4087 Nec
722 4040 932 4085 tantum
983 4030 1165 4084 divina
1203 4030 1524 4082 maternitas
1575 4044 1761 4082 comes

189 4111 360 4171 adest,
395 4105 490 4159 sed
520 4104 683 4158 etiam
717 4100 974 4156 Mariame
1003 4100 1379 4171 conceptiouis
1414 4099 1762 4171 administro,

192 4168 403 4232 scilicet
454 4184 637 4228 tantus
670 4173 856 4241 gratiae
884 4181 939 4226 et
987 4171 1173 4239 gloriae.
1215 4170 1381 4241 nith
1422 4169 1475 4222 in
1522 4168 1761 4241 Deiparae

191 4247 482 4315 purissima
512 4238 870 4315 conceptione
902 4238 1184 4315 scintillat,
1218 4250 1273 4292 ut
1296 4238 1385 4292 Dei
1420 4240 1759 4315 maternitas,

191 4309 310 4384 quae
335 4327 422 4370 est
448 4309 697 4368 omnium
714 4312 913 4384 Mariae
951 4313 1247 4384 gratiarum
1270 4311 1499 4384 matrix,
1527 4324 1638 4384 non
1667 4309 1764 4363 de-

192 4380 442 4457 diguetur
502 4382 727 4457 puritati
777 4380 1151 4457 conceptionis
1201 4380 1346 4457 velut
1406 4381 1760 4457 ministrare:

193 4450 460 4525 siquidem
488 4450 765 4524 singulare
791 4462 843 4505 et
865 4454 1145 4525 przelustre
1170 4452 1491 4525 gratiarum
1517 4450 1763 4503 omnium

191 4519 534 4594 privilegium
570 4519 620 4577 iii
653 4519 1010 4591 Conceptione
1036 4519 1241 4594 Virgini
1278 4529 1601 4589 praemature
1631 4534 1765 4594 cou-

191 4590 431 4660 cessuni,
477 4609 540 4648 ex
587 4594 769 4647 divina
822 4590 1168 4647 maternitate
1210 4598 1439 4659 auguste
1492 4590 1759 4643 nascitur.

1942 3470 2051 3541 (76)
2092 3470 2227 3524 Cum
2265 3484 2385 3524 esse
2420 3470 2487 3523 ab
2519 3469 2668 3523 omni
2705 3469 2823 3524 labe
2858 3469 3176 3535 immunem,
3209 3468 3281 3523 sit
3319 3469 3443 3524 infi-

1871 3555 2019 3593 mum
2053 3541 2255 3593 Christi
2286 3542 2530 3593 omnium
2568 3542 2830 3607 supremi,
2859 3541 3109 3595 Christus
3140 3542 3284 3593 enim
3315 3556 3438 3594 cum

1871 3612 2167 3677 sitjustus.
2200 3612 2308 3663 duo
2353 3613 2516 3664 habet
2541 3627 2662 3677 qua:
2689 3611 2901 3679 justum
2936 3611 3211 3663 hominem
3236 3613 3442 3663 consti-

1871 3691 2052 3741 tuunt,
2080 3682 2288 3733 scilicet
2327 3682 2601 3733 declinare
2639 3697 2666 3733 a
2708 3682 2871 3743 malo,
2909 3690 2961 3734 et
3001 3681 3177 3734 facere
3210 3681 3438 3743 bonum,

1870 3754 1987 3805 sine
2020 3761 2242 3819 peccato
2273 3766 2415 3811 esse,
2444 3758 2495 3804 et
2524 3752 2815 3805 virtutibus
2842 3751 3119 3805 abundare
3154 3768 3166 3804 :
3191 3756 3442 3819 quamvis

1871 3824 2017 3875 enim
2053 3824 2170 3875 sine
2218 3831 2438 3889 peccato
2484 3835 2604 3873 esse
2652 3821 2779 3888 quid
2836 3837 3091 3891 magnum
3141 3821 3230 3884 sit,
3265 3821 3441 3890 majus

1876 3902 2053 3944 tamen
2101 3900 2184 3943 est
2214 3892 2385 3959 gratia
2421 3900 2474 3943 et
2532 3892 2826 3944 virtutibus
2866 3894 3167 3953 abundare,
3199 3902 3253 3944 et
3288 3892 3442 3945 omni

1872 3962 2205 4031 perfectione
2251 3976 2371 4013 esse
2419 3962 2727 4027 praeditum.
2766 3960 2918 4015 Unde
2960 3963 3134 4030 angeli
3180 3961 3303 4014 boni
3334 3977 3439 4013 non

1870 4033 2282 4100 distinguuntur
2310 4032 2450 4083 inter
2471 4047 2528 4084 se
2555 4048 2619 4083 ex
2655 4047 2721 4084 eo
2765 4033 2907 4098 quod
2937 4048 3043 4085 non
3073 4031 3443 4085 contraxerint

1870 4103 2103 4170 culpam,
2134 4116 2258 4153 nam
2287 4100 2467 4155 nullus
2499 4116 2686 4154 eorum
2719 4101 2967 4169 deliquit,
3009 4103 3101 4156 sed
3142 4100 3296 4168 juxta
3327 4118 3441 4153 ma-

1865 4172 2061 4242 joreni,
2092 4172 2175 4224 vel
2221 4172 2483 4224 minorem
2520 4187 2707 4224 eorum
2753 4174 3004 4241 gratiam,
3042 4172 3438 4235 sublimiorem,

1870 4244 1951 4296 vel
1989 4242 2298 4295 inferiorem
2325 4242 2499 4294 locum
2531 4242 2780 4294 obtinent
2814 4243 2867 4294 in
2901 4243 2990 4294 illa
3022 4251 3222 4295 aeterna
3267 4242 3439 4295 beati-

1872 4314 2080 4367 tudine.
2107 4313 2240 4365 Cutn
2269 4312 2431 4365 etiam
2476 4310 2683 4367 Christi
2716 4311 2885 4366 Mater
2915 4311 3079 4382 Virgo
3125 4311 3441 4366 beatissima

1871 4384 1942 4437 sit
1985 4397 2299 4451 supremum
2368 4383 2634 4447 omnium,
2696 4385 2789 4451 qui
2849 4383 2951 4436 sub
3000 4383 3221 4436 Chri5to
3265 4383 3441 4449 capite

1870 4455 2128 4517 vivimus,
2185 4462 2244 4506 ut
2298 4466 2460 4505 nemo
2510 4454 2745 4520 negabit,
2803 4463 2857 4506 et
2909 4467 3224 4519 supremum
3271 4452 3441 4505 infimi

1872 4525 2101 4593 attingat
2150 4523 2395 4593 intimum
2434 4523 2696 4593 supremi,
2742 4522 3090 4575 manifestum
3139 4530 3221 4593 est
3276 4537 3442 4591 quam

1871 4590 2068 4647 decens
2100 4594 2189 4655 sit.
2216 4601 2272 4645 ut
2296 4592 2413 4661 ipsa
2446 4590 2511 4643 B.
2542 4590 2704 4661 Virgo
2734 4594 2805 4647 sit
2828 4594 2975 4647 omni
3008 4593 3129 4645 labe
3158 4592 3440 4656 immunis,

192 4647 552 4721 C'Eétis'énim
573 4674 703 4719 tunc
732 4672 984 4717 naturam
1011 4647 1349 4731 βῖκοι-ορεῖθ
1368 4660 1684 4732 antevertit,
1708 4671 1764 4713 ut
1790 4647 1842 4707 D
1871 4674 1928 4718 ut
1955 4647 2226 4718 Christus.
2268 4647 2525 4717 Christus
2554 4647 2773 4732 quidem
2819 4678 2886 4717 ex
2919 4674 3138 4727 natura,
3168 4677 3232 4715 ex
3268 4647 3441 4731 privil

191 4737 350 4808 digna
400 4734 523 4787 Filii
568 4733 681 4808 Dei
718 4732 889 4808 Mater
926 4733 1328 4808 conciperetur.
1364 4731 1508 4808 Ergo
1548 4732 1758 4784 infinita

189 4801 444 4877 dignitas,
469 4814 528 4877 et
549 4805 721 4874 gratia
748 4804 945 4877 divina:
974 4801 1352 4877 maternitatis,
1371 4801 1756 4877 _velut_comes,

190 4869 597 4931 et'administr'a
640 4877 793 4929 adest
831 4874 1196 4927 immaculata
1238 4869 1475 4941 Virginis
1513 4870 1757 4940 Deiparse

191 4945 551 5019 conceptioui.
578 4944 701 5001 [hec
723 4945 940 5000 Celada.

1869 4736 2011 4804 legio
2044 4748 2221 4787 tamen
2252 4733 2371 4801 ejus
2406 4731 2597 4804 mater,
2635 4742 2695 4787 ut
2739 4734 2893 4789 locus
2926 4734 3148 4788 Christo
3179 4733 3231 4785 in
3259 4748 3321 4785 ea
3361 4731 3443 4783 lo-

1864 4802 2040 4859 cando
2074 4814 2409 4858 conveniret.
2439 4802 2575 4859 Vide
2609 4820 2707 4873 pro
2739 4804 2839 4859 hac
2875 4821 2932 4858 re
2968 4804 3440 4873 Nierembergium

1865 4878 1919 4931 in
1948 4875 2192 4940 Theoria,
2221 4873 2248 4943 ᾗ
2285 4875 2374 4940 it),
2412 4890 2518 4928 non
2542 4876 2701 4944 longe
2729 4890 2760 4928 a
2798 4874 3087 4945 principio.

256 5114 447 5185 ‘Apud
489 5120 1058 5185 Maraccium_deinceps
1082 5123 1317 5185 leguntur
1360 5116 1621 5169 Theotoria
1666 5131 1727 5185 ex
1754 5118 1850 5185 alio
1878 5118 2045 5185 codice
2084 5116 2410 5185 deprompta;
2441 5128 2551 5177 quae
2589 5117 2910 5185 cum__eadem
2952 5114 3051 5163 sint
3086 5114 3286 5185 omnino
3317 5122 3441 5185 ‘cum

192 5176 463 5233 Theotociis
490 5196 637 5246 supra
676 5196 768 5246 ex_
788 5176 1088 5234 Paraelet'ica
1130 5176 1415 5235 Braccorum
1458 5180 1720 5243 expressis,
1756 5182 1896 5229 nobis
1938 5180 2211 5229 omittenda
2251 5185 2411 5238 erant,
2446 5176 2666 5239 quamvis
2698 5179 2960 5229 Haraccius
2984 5190 3043 5226 ea
3075 5176 3138 5225 ob
3180 5177 3441 5225 varietath

188 5246 417 5309 quasdam
438 5243 710 5295 admiserit.
731 5243 867 5295 Ευιτ.
