4180 6450
252 393 378 458 i491

1111 396 1489 457 L.-\UD.\TIO
1526 397 1585 456 S.
1624 394 2178 454 BARTilOLﬂilxlil
2224 393 2607 453 APOSTOLI.

3339 389 3469 449 11.22

330 514 501 581 Ὠρῶν
551 513 643 567 καὶ
695 514 900 583 χρόνων
959 514 1218 584 ὑπάρχων
1262 516 1481 585 Κύριος,
1530 515 1629 583 μιᾷ
1674 516 1812 583 ῥοπῇ

1983 510 2248 563 llot‘arutn
2298 519 2352 563 ct
2405 521 2708 579 temperum
2745 523 2865 563 cum
2900 509 2976 563 sis
3023 505 3302 566 Douuinus,
3363 523 3471 558 uno

246 606 514 675 ἠθέλησας
549 605 803 674 ἐκτρῖψαι
850 605 976 668 τοὺς
1029 606 1246 669 δούλους
1296 624 1388 658 σου
1413 622 1427 637 ο
1458 606 1563 657 ὑπὸ
1608 606 1665 656 δὲ
1707 604 1805 669 τῆς

251 696 449 766 πολλῆς
477 696 879 766 εὐσπλαγχνίας
899 714 1013 759 σου,
1036 697 1302 762 Δέσποτα,
1323 696 1619 766 ἑκωλύθης·
1644 698 1805 770 sigla.-

255 786 547 855 ριστοῦμὲν
587 803 689 851 σοι,
736 789 784 841 οἱ
815 788 1206 867 ἀναπολόγητοι
1237 791 1422 859 ἡμεῖς,
1460 790 1588 859 μόνε
1622 788 1810 857 φιλάν-

255 871 457 939 θρωπε.

323 964 576 1026 Σεισμοῦ,
628 968 929 1036 μαχαίρας,
966 970 1171 1037 πικρᾶς
1210 969 1484 1034 ἁλώσεως,
1533 972 1629 1023 καὶ
1668 969 1809 1022 ἐθνι-

252 1056 377 1122 κῆς,
392 1056 616 1124 Χριστὲ,
637 1058 958 1127 ἐπιδρομῆς,
979 1061 1073 1113 καὶ
1097 1079 1159 1112 συ
1168 1062 1488 1130 μπτώσεως,
1513 1065 1609 1118 καὶ
1626 1064 1676 1116 λι
1685 1042 1814 1133 μοῦ,

252 1148 345 1196 καὶ
379 1145 696 1211 κακώσεως,
738 1150 1023 1229 Δέσποτα..
1046 1152 1225 1221 πάσης
1280 1153 1470 1221 ἄλλης,
1502 1155 1808 1223 οἱκτίρμον,

251 1233 416 1302 ῥῦσαι
446 1238 540 1290 καὶ
570 1239 727 1290 πόλιν
758 1256 874 1303 σου,
914 1241 1131 1295 ἅπασάν
1162 1261 1221 1296 τε
1260 1245 1443 1314 χώραν
1479 1244 1577 1317 τὴν
1608 1246 1812 1309 attatth

252 1328 550 1396 ὑμνολογοῦ
560 1331 656 1382 σάν
688 1348 769 1385 σε.
1023 1337 1032 1352 “

337 1418 399 1471 Ἠ
428 1419 500 1488 γῆ
554 1422 849 1488 ἀγλώσσως
885 1425 982 1496 βοᾷ
1026 1425 1375 1491 στιενάζουσα⁸
1411 1428 1476 1480 Τί
1529 1445 1595 1498 με
1625 1429 1814 1492 κακοῖς

251 1511 501 1575 μιαίνετε
544 1513 785 1577 πολλοῖς,
809 1518 1015 1578 πάντες
1046 1516 1340 1586 ἀνθρώποι,
1364 1519 1457 1571 καὶ
1483 1520 1640 1590 ἡμῶν
1668 1520 1696 1571 ὁ
1718 1521 1816 1571 Δε-

252 1601 460 1670 σπότης
512 1605 860 1675 φειδόμενος,
912 1610 1079 1679 μόνην
1131 1610 1232 1679 ἐμὲ
1280 1612 1566 1681 μαστίξεις
1623 1611 1815 1665 λάϐετε

252 1694 525 1763 αἴσθησιν,
554 1698 647 1749 καὶ
676 1700 732 1751 ὲν
764 1702 1025 1784 μετανοίᾳ
1054 1702 1145 1755 τὸν
1173 1703 1307 1757 Θεὸν
1327 1703 1710 1768 ὲξιλεώσασθε.

876 1834 1207 1887 Θεοτόκιον.

319 1942 531 2013 Φθορὰν
554 1944 632 2015 τῷ
675 1944 881 2000 τὲκτειν
926 1947 1001 2017 μὴ
1044 1922 1397 2019 ,ὑπομείνασα
1442 1949 1812 2019 καταφθορᾶς,

254 2034 521 2104 Παρθένε,
558 2037 740 2102 ἐξελοῦ
768 2039 916 2109 ἡμᾶς
950 2039 1214 2106 ἅπαντας,
1251 2043 1343 2093 καὶ
1385 2041 1611 2111 σεισμοῦ
1643 2042 1814 2113 βαρυ-

250 2126 417 2179 τάτου
444 2130 537 2181 καὶ
552 2129 804 2199 θλίψεως,
832 2131 1079 2184 παύουσα
1102 2131 1196 2184 τοῦ
1217 2132 1489 2185 Δεσπότου
1514 2133 1614 2204 τὴν
1643 2135 1818 2201 ἀγαν-

248 2218 506 2287 άκτησιν,
539 2222 635 2274 σοῦ
690 2225 811 2286 ταῖς
847 2226 1141 2294 μητρικαῖς
1185 2226 1573 2299 καταλλαγαϊς,
1616 2226 1821 2295 650x1-

249 2310 468 2375 ρίτωτε.

1844 1868 1893 1930 Β

1911 606 2168 674 temporis
2195 612 2469 657 momento
2489 618 2672 656 servos
2696 613 2818 655 tuos
2847 602 3070 670 perdere
3086 599 3470 655 constitueras.

1912 695 2017 774 nisi
2061 711 2090 749 a
2122 696 2287 750 multa
2319 704 2412 749 tua
2441 695 2724 749 clementia
2745 692 3050 763 prohibitus
3081 692 3275 745 fuisses
3307 707 3320 743 :
3351 705 3475 763 gra-

1914 770 1995 839 tes
2035 787 2154 841 ideo
2183 786 2472 842 referimus
2500 786 2731 857 benigne
2756 826 2772 850 ,
2798 787 2948 840 omni
2994 784 3138 838 enim
3175 781 3475 851 patrocinio

1914 879 2152 934 destituti
2183 895 2425 936 eramus.

1992 974 2034 1023 Δ
2069 982 2399 1034 terrtetnotu,
2450 969 2653 1040 gladio,
2711 967 2847 1022 dura
2875 967 3209 1036 captivitate.
3238 965 3475 1032 gentium

1919 1060 2139 1114 iltt'ttrsu
2169 1099 2183 1119 .
2214 1075 2342 1115 casu
2384 1062 2636 1123 adverso,
2671 1058 2814 1111 fame
2835 1097 2850 1120 ,
2881 1066 2936 1109 et
2979 1057 3173 1124 quavis
3200 1055 3303 1109 alia
3336 1055 3479 1105 tala-

1920 1153 2120 1211 tuitatc.
2145 1150 2358 1205 Christe
2376 1152 2689 1206 misericors
2728 1150 2976 1213 Domine,
3022 1150 3294 1202 civitatem
3330 1156 3479 1200 tuam

1922 1245 2306 1312 regionemque
2360 1258 2623 1308 onmem,
2682 1254 2735 1297 te
2788 1242 3019 1296 ﬁdeliter
3075 1241 3435 1294 celebrantem
3470 1276 3486 1298 ,

1916 1339 2081 1403 eripe.

1988 1429 2132 1480 Muto
2180 1442 2437 1482 sermone
2476 1427 2760 1497 stt3pirans
2794 1427 2957 1481 tellus
3002 1424 3308 1480 exclamat:
3341 1422 3481 1488 Quid

1918 1535 2004 1574 me
2055 1529 2133 1572 tot
2181 1520 2338 1573 malis
2372 1520 2639 1588 polluitis,
2674 1519 2947 1581 homines,
3005 1517 3210 1587 quibus
3251 1516 3297 1569 si
3342 1514 3483 1568 Deus

1918 1622 2125 1680 parcat.
2153 1613 2321 1666 solam
2358 1627 2443 1666 me
2471 1612 2734 1680 corripit?
2768 1612 3028 1665 resumite
3054 1619 3314 1673 mentem,
3342 1616 3395 1660 et
3430 1607 3481 1661 in

1920 1704 2234 1773 pmttitcntia
2267 1704 2476 1773 placate
2500 1705 2691 1758 Deum.

2520 1830 2585 1887 In
2622 1832 2932 1904 Deiparam.

1985 1948 2115 2015 QII.“
2162 1950 2563 2018 corruptionem
2625 1952 2678 2005 in
2728 1951 2989 2021 pariendo
3019 1964 3124 2003 non
3182 1946 3476 2017 perlttlisii.

1914 2054 2163 2107 cunctus,
2197 2059 2231 2097 0
2264 2039 2429 2110 Virgo
2457 2083 2471 2107 ,
2504 2044 2572 2098 ab
2624 2044 2865 2105 interitu.
2901 2051 3233 2101 terra-motu,
3271 2049 3322 2093 ct
3354 2041 3475 2093 allii-

1914 2136 2116 2198 ctione,
2151 2134 2363 2188 Domini
2396 2136 2761 2205 indignatione
2792 2144 3035 2189 materno
3065 2146 3156 2188 tuo
3180 2136 3485 2189 interventu

1917 2230 2122 2287 selata.
2152 2226 2343 2295 libera,
2368 2241 2403 2282 ο
2426 2224 2534 2281 Deo
2564 2226 2896 2298 gratissima.

918 2624 1433 2763 JOSEPHI
1514 2628 2040 2734 HUMILIS
2098 2628 2264 2730 ET
2323 2624 2759 2729 MINlMl

1705 2822 1837 2878 LAU
1848 2821 2052 2878 DATIO

524 2976 648 3063 IN
734 2928 1276 3068 siNCTUM
1350 2926 2061 3071 Aresrown
2150 2973 3231 3067 BARTHOLOMzEUM.

1290 3224 1297 3238 ι
1328 3122 1335 3140 ί
1383 3155 1766 3227 (Δρυᾶβυτὶυω
1787 3158 1846 3207 ad
1866 3158 1997 3206 diem
2018 3158 2079 3205 ει
2106 3156 2358 3218 Augusti.)

325 3398 369 3451 l.
392 3395 859 3477 liujpsconeiunis
875 3377 1818 3465 aLCtor,etdicifestijuctinditatem
1848 3407 1890 3464 (ζ
1924 3400 2273 3456 felicitatem!
2303 3398 2348 3453 Ο
2397 3398 2613 3468 qualem
2642 3396 2729 3451 hic
2771 3395 2976 3448 invenit
3021 3392 3363 3459 magistrum,
3399 3390 3489 3457 qui

253 3491 598 3562 spiritualem
624 3488 780 3543 nobis
813 3488 1092 3543 aﬂ'erentis
1130 3488 1397 3553 hilaritas,
1416 3498 1500 3544 est
1519 3488 1576 3543 Β.
1604 3505 1824 3560 aposto-

255 3587 345 3639 lus
378 3582 825 3646 Bartbolomteus,
866 3581 981 3650 qui,
1008 3596 1131 3636 cum
1162 3582 1379 3636 divinus
1414 3584 1485 3637 sit
1523 3586 1823 3653 apostolus,

253 3688 310 3730 et
384 3675 607 3729 luminis
651 3675 935 3743 splend0re
974 3675 1234 3744 purisqtte
1274 3676 1333 3728 S.
1368 3674 1604 3745 Spiritus
1652 3677 1827 3746 fulgo-

257 3768 415 3821 ribus
448 3775 657 3820 tantnm
694 3765 1014 3827 illustratur,
1055 3776 1312 3832 quantum
1351 3767 1529 3822 verbis
1566 3768 1823 3836 explicari

255 3874 369 3912 non
398 3866 570 3924 potest
594 3874 608 3911 :
633 3858 791 3911 nobis
816 3858 978 3911 etiam
1008 3857 1188 3910 lumen
1215 3859 1471 3928 suggerit,
1496 3861 1587 3928 qui
1614 3874 1825 3914 sacram

252 3960 310 4003 ct
335 3951 630 4020 gloriosam
650 3950 770 4016 eius
792 3950 1110 4021 memoriam
1131 3951 1493 4006 celebramus.
1526 3953 1637 4022 Age
1665 3954 1827 4021 igitur

252 4042 465 4097 divinis
503 4041 744 4111 vocibus‘
781 4040 933 4094 illum
970 4042 1344 4096 collaudantes
1381 4058 1547 4112 quam
1589 4046 1826 4097 maxime

253 4145 579 4201 possumus,
618 4128 800 4182 divina
842 4129 1012 4197 ipsius
1048 4134 1360 4185 narratione
1388 4132 1741 4198 delectemur,
1772 4141 1826 4186 ct

253 4217 669 4271 laudationibus
702 4217 1033 4271 bonoremns
1062 4218 1235 4272 virum
1267 4220 1458 4287 quovis
1491 4221 1698 4275 honore
1732 4238 1823 4275 suo

253 4310 553 4376 periorem.
589 4305 899 4362 Laudemus
940 4311 1243 4377 apostolum
1287 4325 1318 4364 a
1351 4312 1459 4365 Deo
1497 4311 1615 4380 ipso
1645 4313 1828 4366 lauda-

252 4410 403 4455 tum.
441 4399 663 4454 Beatum
692 4401 1049 4468 pradicemus
1078 4416 1223 4465 eum,
1250 4404 1342 4472 qui
1376 4418 1592 4471 semper
1630 4406 1826 4460 beatus

250 4502 361 4547 est.
402 4490 532 4562 Ejus
571 4492 798 4559 gloriam
847 4492 1185 4547 celebremus
1210 4508 1370 4561 quem
1419 4495 1614 4550 extulit
1642 4495 1823 4549 divina

251 4585 458 4653 gloria.
511 4582 802 4638 Vid-amus
848 4588 1098 4652 quisnam
1143 4596 1269 4639 ante
1300 4563 1506 4651 nfucrit,
1551 4596 1605 4641 et
1651 4589 1828 4657 qualis

249 4686 448 4746 postea
486 4678 747 4737 evaserit,
795 4678 1251 4744 quemadtnodum
1306 4680 1400 4746 qui
1448 4679 1598 4749 prius
1659 4680 1824 4734 idiota

1932 3494 2185 3548 maximis
2246 3491 2519 3562 mysteriis
2571 3504 2693 3542 cum
2766 3487 3023 3549 initiavit,
3088 3494 3142 3537 ct
3197 3484 3491 3551 sapientem

1928 3588 2131 3642 cifeeit!
2162 3585 2207 3640 Ο
2236 3584 2449 3639 beatam
2488 3582 2631 3635 illam
2675 3583 2935 3638 animam,
2995 3578 3214 3645 dignam
3260 3574 3493 3628 habitam

1929 3697 2048 3749 qua:
2080 3695 2199 3732 cum
2230 3677 2337 3731 Deo
2369 3686 2701 3739 versaretur,
2736 3688 2860 3726 cum
2893 3671 2999 3723 Deo
3038 3679 3091 3723 ct
3124 3670 3497 3736 omnipotente

1929 3770 2157 3825 Domino
2198 3769 2379 3823 cibum
2414 3776 2670 3828 sumeret,
2701 3773 2755 3817 et
2787 3777 2942 3817 sacra
2977 3760 3251 3819 doctrina,
3292 3756 3495 3809 oratio-

1928 3877 2050 3915 nem
2082 3870 2134 3915 et
2167 3859 2470 3914 facultatem
2500 3871 2717 3910 omnem
2746 3862 3063 3921 superante,
3099 3849 3493 3904 instrueretur!

1999 3953 2085 4007 ill.
2120 3952 2311 4005 Postea
2348 3964 2477 4003 vero
2511 3963 2669 4016 quam
2706 3948 3022 4015 magistrum
3052 3959 3211 3995 suum
3254 3943 3306 3994 in
3332 3956 3496 3993 cruce

1931 4047 2202 4107 suffixum,
2255 4043 2611 4111 eumdemque
2656 4039 2947 4106 sepultum,
2990 4048 3042 4090 et
3086 4043 3208 4105 post
3249 4048 3495 4086 resurre-

1927 4139 2162 4191 ctionem
2184 4137 2248 4189 :ttl
2281 4136 2450 4190 ctelos
2485 4133 2866 4187 ascendentem
2900 4129 3053 4189 vidit,
3080 4138 3132 4181 et
3164 4125 3494 4180 sanctissimi

1931 4230 2167 4298 Spiritus
2209 4228 2373 4292 dono,
2412 4240 2565 4295 aeque
2617 4240 2680 4277 ac
2728 4223 2925 4290 reliqui
2973 4221 3230 4290 apos'oli,
3262 4221 3496 4271 donatus

1928 4333 2029 4387 est,
2069 4332 2326 4389 tanquam
2362 4332 2659 4388 generosus
2689 4316 2887 4385 aliquis
2924 4315 3102 4373 miles,
3146 4311 3498 4365 validissimis

1928 4413 2097 4467 armis
2136 4411 2373 4479 undique
2429 4409 2696 4469 munitus,
2752 4408 3016 4460 adversus
3060 4403 3259 4458 hostile
3294 4403 3494 4456 bellum

1929 4505 2196 4575 prosiluit,
2232 4514 2286 4556 et
2336 4504 2484 4572 ipsos
2511 4501 2733 4571 quidem
2775 4500 2961 4553 hostes
3003 4496 3339 4550 validissime
3375 4511 3497 4563 pcr-

1936 4598 2125 4660 cussit,
2156 4597 2240 4650 his
2260 4610 2406 4660 vero,
2443 4594 2535 4664 qui
2570 4594 2635 4646 ad
2683 4593 2846 4645 vitam
2886 4592 3056 4657 ipsam
3096 4590 3281 4643 venire
3312 4587 3498 4640 stude-

1929 4691 2078 4755 bant,
2132 4689 2362 4742 salutem
2399 4685 2731 4740 couciliavit.
2764 4682 3021 4737 Tetemlit
3072 4680 3340 4733 orationis
3384 4694 3495 4731 sum.

246 4776 484 4830 erat,‘et
507 4782 794 4835 pauperem
832 4768 998 4820 vitam
1034 4770 1248 4835 agebat,
1278 4769 1425 4823 omni
1459 4786 1523 4824 ex
1550 4780 1701 4840 parte
1733 4787 1823 4824 sa-

1936 4787 2093 4842 retia,
2119 4792 2173 4834 et
2196 4789 2382 4851 gentes
2414 4781 2558 4847 ipsas
2577 4778 2849 4848 profundo
2868 4785 3100 4843 ereptas,
3127 4774 3247 4826 illas
3276 4772 3495 4840 quidem

248 4862 417 4929 piens
444 4859 691 4922 effectus,
718 4870 773 4912 et
804 4862 1046 4913 omnium
1072 4862 1337 4916 bonorum
1364 4862 1569 4918 divitiis
1600 4874 1826 4919 ornatus

248 4951 425 5007 fuerit
453 4969 468 5005 :
494 4951 951 5019 quemadmodum
979 4968 1008 5006 e
1032 4955 1273 5007 terrestri
1300 4956 1539 5010 cmiestis
1570 4958 1829 5020 evaserit,

245 5061 279 5101 e
310 5044 551 5100 minimo
586 5044 875 5109 maximus,
927 5054 982 5099 et
1011 5060 1075 5099 ex
1117 5047 1351 5116 piscium
1396 5049 1669 5118 piscatore
1729 5051 1827 5103 ho-

248 5137 472 5192 minum
510 5136 748 5205 piscator
778 5135 958 5191 factus
995 5138 1088 5193 sit.

325 5226 399 5283 ll.
443 5227 634 5297 itaque
664 5243 788 5283 cum
832 5229 975 5285 Deus
1009 5232 1126 5299 ipse
1174 5231 1341 5287 homo
1376 5230 1570 5297 factus,
1606 5242 1829 5302 propter

246 5320 650 5376 misericordiae
680 5337 794 5376 suae
822 5323 1027 5377 viscera
1063 5334 1309 5379 nostrum
1333 5340 1534 5397 corpus
1561 5337 1825 5399 gestaret,

243 5427 302 5467 ct
335 5413 739 5481 discipulorum
768 5415 1037 5469 delectum
1073 5417 1318 5483 haberet,
1341 5406 1409 5483 is,
1451 5421 1699 5490 inquam,
1732 5422 1824 5491 qui

242 5510 527 5577 prmnovit
556 5507 741 5560 omnia
806 5509 1122 5577 priusquam
1151 5520 1500 5579 generentur,
1535 5512 1831 5568 celeberri-

247 5613 409 5652 mum
462 5599 769 5667 apostolum
807 5601 1261 5656 liartbolomaaum
1310 5603 1528 5673 delegit,
1564 5606 1827 5673 amicum-

241 5704 359 5759 que
418 5689 522 5743 sibi
571 5706 757 5745 verum
810 5703 863 5746 et
919 5694 1130 5748 fidelem
1186 5696 1482 5763 cooptavit.
1530 5694 1576 5750 Ο
1632 5670 1829 5751 divina:

245 5783 565 5839 vocationis
610 5786 1008 5854 prmstatttinttt!
1039 5787 1083 5841 Ο
1122 5804 1372 5859 magnam
1409 5799 1461 5843 ct
1492 5791 1825 5861 singularem

1934 4876 2193 4937 captivas,
2224 4871 2318 4927 sed
2359 4872 2423 4925 ad
2454 4872 2617 4925 vitam
2653 4879 2832 4923 tamen
2864 4869 3078 4924 ductas.
3116 4866 3499 4924 conservavit;

1933 4969 2126 5021 evertit
2165 4968 2435 5021 idolorum
2469 4964 2689 5030 templa,
2742 4973 2797 5016 et
2859 4960 2949 5014 Dei
2988 4958 3250 5012 ecclesias
3294 4957 3499 5017 erexit;

1936 5059 2171 5111 humana
2225 5056 2389 5110 corda
2437 5056 2490 5107 iu
2541 5053 2879 5107 sterilitatem
2934 5064 3198 5103 conversa
3262 5047 3500 5099 caelestis

1934 5148 2194 5200 doctrina:
2227 5156 2405 5198 aratro
2443 5143 2721 5197 renovavit
2756 5154 2966 5208 :eaquc
2997 5142 3073 5192 ita
3119 5137 3381 5199 excoluit,
3420 5144 3499 5191 ttt.

1936 5247 2194 5306 tanquam
2243 5237 2448 5290 feraces
2498 5234 2701 5301 campi,
2755 5233 2989 5286 fructum
3044 5230 3185 5283 ferre
3232 5236 3501 5297 possent:

1935 5330 2183 5383 accendit
2203 5326 2587 5379 miraculorum
2615 5323 2811 5387 facem,
2839 5320 3199 5375 etalfectuum
3231 5319 3500 5371 humano-

1936 5438 2055 5475 rum
2091 5420 2372 5489 caliginem
2420 5417 2770 5487 profugavit:
2813 5416 2865 5468 in
2926 5427 3286 5483 quascunque
3320 5422 3501 5479 partes

1931 5514 2264 5582 permeabat,
2289 5510 2605 5565 velutstella
2630 5506 3119 5577 quzedamjustitize
3157 5505 3327 5558 solem
3358 5517 3496 5570 pne-

1930 5608 2142 5668 dicans,
2202 5605 2578 5672 illustremque
2636 5602 2901 5670 fulgorem
2951 5599 3230 5657 emittens,
3271 5595 3500 5650 fallacia:

1931 5703 2184 5755 tenebras
2218 5700 2535 5754 destruebat
2569 5717 2581 5751 :
2613 5706 2668 5753 et
2715 5698 2963 5751 Oratione
3012 5692 3234 5763 quidem
3294 5691 3498 5743 dieme-

1931 5808 2029 5847 nes
2061 5794 2206 5862 ipsos
2242 5790 2484 5863 fugabat,
2523 5790 2776 5860 precibus
2808 5795 2992 5841 autem
3028 5784 3249 5839 morbos
3280 5783 3498 5837 insana—
