4180 6450
686 383 829 448 1423

1784 396 1842 452 S.
1884 392 2195 453 JOSEI’HI
2238 391 2795 452 IIYMNOGIUPIII

3780 398 3924 463 1124

682 504 816 557 biles
834 500 1353 573 curabat,lepro'sos
1376 504 1606 559 mundos
1628 504 1854 570 faciens,
1884 509 2047 563 caecis
2073 510 2247 562 visum
2286 516 2322 566 Α
2354 518 2455 563 est.
2484 517 2537 561 ct
2558 506 2870 562 divinorum
2926 508 3293 578 apostolorum
3349 510 3551 566 chorus
3603 512 3923 569 exsultavit.

682 595 1234 655 restituens,claudos
1257 598 1321 649 ad
1342 599 1671 653 currendum
1693 601 1974 669 expeditos
1990 602 2244 662 reddens,

679 690 842 740 corda
872 686 1105 755 denique
1136 699 1189 741 et
1220 689 1435 742 animos
1468 688 1854 744 imbecilliores
1887 694 2245 745 confirmans.

747 775 834 829 IV.
868 775 996 830 Erat.
1027 794 1130 829 una
1166 794 1289 830 cum
1345 778 1743 834 Bartliolouiwo
1777 792 1831 833 et
1881 780 1941 835 B.
1981 783 2070 834 ille
2116 796 2247 846 apo-

679 868 856 921 stolus
894 868 1191 937 Philippus.
1242 883 1478 937 quocum
1516 870 1685 924 multo
1721 881 1968 940 tempore
1998 872 2245 923 divinum

683 963 1040 1033 Evangeliqu
1074 964 1406 1032 praedicavit.
1441 964 1505 1018 lli
1534 982 1656 1019 cum
1684 965 1736 1019 in
1768 966 1957 1020 urbem
1989 963 2250 1033 l‘lierapo-

681 1055 771 1108 lim
807 1057 1102 1117 venissent,
1154 1056 1244 1109 cui
1289 1057 1441 1125 prius
1476 1071 1672 1110 nomen
1727 1069 1845 1110 erat
1895 1056 2248 1126 Ophioryme,

679 1148 879 1201 IIIUIIIIS
902 1164 1176 1203 ωΙἹιΙΙΙΙΙζΙΒ
1213 1158 1266 1201 (ξι
1312 1148 1593 1202 ατυρὶίιιυδ
1632 1165 1738 1203 Ιὶυη
1789 1151 2091 1203 mediocres
2122 1165 2184 1203 δυ
2200 1168 2247 1198 ς-

680 1239 980 1302 tinuerunt,
1012 1253 1135 1292 cum
1186 1238 1304 1306 ejus
1341 1238 1578 1292 civitatis
1620 1238 1871 1294 homines
1906 1238 2124 1293 violenti
2160 1253 2249 1292 es-

679 1342 800 1385 sent
826 1342 879 1385 et
906 1331 1059 1384 valde
1080 1331 1361 1383 inhumani
1399 1349 1410 1383 :
1442 1331 1644 1400 quippe
1674 1333 1766 1401 qui
1796 1333 2035 1402 viperam
2070 1331 2249 1385 colere

676 1435 1092 1487 consueverant,
1132 1441 1398 1479 venenum
1435 1427 1754 1495 pestiferum
1790 1434 1844 1480 et
1879 1423 2099 1488 lethale,
2131 1432 2249 1475 tan-

678 1534 840 1588 quam
870 1516 1107 1570 fructum
1143 1517 1377 1585 aliquem
1412 1515 1796 1585 percipientes.
1837 1516 1916 1569 Illi
1952 1530 2077 1569 cum
2110 1514 2247 1568 divi-

681 1626 780 1661 nos
820 1608 1098 1676 apostolos
1132 1607 1414 1669 vidissent,
1446 1605 1699 1660 dicebant
1728 1621 1928 1659 novum
1957 1605 2245 1672 quemdam

681 1700 845 1753 Druni
870 1702 939 1753 ab
962 1700 1067 1754 illis
1093 1701 1351 1761 nuntiari,
1375 1710 1427 1751 et
1449 1714 1477 1749 a
1502 1708 1685 1752 vetere
1704 1699 1848 1752 cultu
1880 1698 2028 1766 ipsos
2050 1698 2242 1761 averti,

678 1801 839 1860 atque
872 1807 900 1843 a
936 1791 1175 1859 paternis
1200 1788 1584 1843 traditionibus
1610 1789 1927 1843 abalienari.
1958 1787 2235 1854 Quamob-

2428 596 2510 649 γι.
2544 598 2679 651 Cum
2701 615 2827 653 vero
2855 600 3085 654 multum
3108 601 3368 669 temporis
3396 603 3770 671 pra-teriisset,
3802 606 3928 674 ejus

2353 690 2591 757 regionis
2629 693 2866 760 tyranni,
2921 693 3042 746 vice
3095 695 3417 761 pravitatem
3471 708 3819 761 exercentes,
3868 710 3927 754 et

2355 778 2647 829 multorum
2710 781 2935 833 deorum
2993 781 3255 837 ebrietate
3311 785 3736 851 debacchautes,
3798 804 3926 842 cum

2356 869 2597 921 \iderettt
2622 870 2833 925 loculos
2861 872 3006 936 illos,
3038 875 3090 927 in
3119 875 3321 943 quibus
3348 877 3493 933 beati
3520 880 3754 947 apostoli
3786 878 3926 933 Bar-

2356 960 2625 1014 tholomtei
2680 963 2921 1032 reliquize
2948 966 3183 1020 condita:
3226 976 3404 1034 erant,
3457 968 3739 1037 splendida
3770 986 3925 1038 qua:-

2352 1050 2476 1104 dam
2530 1062 2584 1107 et
2615 1054 2849 1111 illustria
2894 1056 3158 1112 miracula
3189 1060 3370 1120 edere,
3419 1071 3472 1114 et
3516 1077 3613 1116 eos
3649 1078 3677 1115 a
3720 1064 3928 1118 morbis

2355 1142 2585 1197 liberare
2644 1150 2737 1216 qui
2795 1164 2860 1202 eo
2907 1151 3259 1217 accedebant,
3293 1168 3517 1221 pravum
3551 1157 3844 1209 consilium
3873 1167 3929 1210 et

2354 1250 2455 1289 suo
2506 1242 2786 1305 proposito
2813 1241 3034 1311 dignum
3087 1243 3348 1299 inierunt.
3392 1245 3605 1311 Venite,
3643 1247 3923 1316 inquiunt,

2353 1330 2406 1381 in
2445 1333 2770 1398 profundum
2802 1350 2950 1390 mare
2979 1350 3178 1405 corpus
3207 1340 3306 1393 hoc
3343 1340 3745 1409 demergamus.
3790 1340 3925 1401 Sed,

2353 1438 2386 1475 o
2412 1422 2618 1487 miseri,
2656 1425 2849 1493 ejusue
2896 1444 3096 1498 corpus
3144 1431 3197 1483 in
3251 1447 3402 1485 mare
3446 1432 3795 1503 demergetis,
3832 1434 3925 1503 qui

2353 1514 2680 1581 profundum
2716 1517 2864 1572 illum
2897 1520 3188 1575 draconem
3227 1522 3281 1575 in
3314 1524 3482 1576 altum
3512 1525 3796 1591 demersit,
3827 1531 3924 1599 qui

2353 1606 2608 1663 Salutat-is
2638 1624 2793 1679 aqua:
2826 1610 3029 1667 fontem
3060 1614 3288 1683 aperuit,
3320 1626 3374 1668 et
3412 1617 3630 1672 abunde
3679 1620 3925 1675 cwlestia

2351 1698 2602 1767 dogmata
2638 1701 2952 1757 hominibus
3002 1704 3318 1774 impertivit.
3390 1706 3597 1774 Venite,
3640 1712 3919 1778 inquiunt,

2352 1792 2487 1844 mari
2518 1793 2833 1848 obruamus.
2863 1792 3072 1849 Eumne
3096 1811 3192 1851 vos
3222 1798 3485 1863 obruetis,
3511 1802 3603 1869 qui
3634 1804 3923 1859 veritatem

680 1901 790 1937 tem
816 1900 939 1937 cum
961 1900 1155 1936 manus
1187 1884 1240 1935 in
1269 1881 1720 1951 eosinjecisseut,
1753 1880 2087 1935 admiranda:
2122 1896 2247 1934 san-
2282 1877 2321 1932 Β
2352 1894 2507 1938 antea
2555 1888 2806 1942 obrutam
2869 1889 3095 1952 detexit,
3130 1899 3186 1944 et
3225 1891 3560 1951 infidelitatis
3594 1900 3925 1954 saISediuem

677 1976 878 2028 i-titatis
912 1976 1086 2027 virum
1114 1976 1419 2044 apostolum
1454 1974 1765 2044 Philippum
1789 1990 1952 2029 cruce
1984 1972 2247 2027 coudem-

674 2077 943 2123 iuverunt
960 2086 971 2133 ;
991 2068 1209 2121 divinus
1221 2080 1401 2121 autem
1424 2066 1875 2133 Barlholomteus,
1896 2068 2065 2118 instar
2079 2064 2249 2119 alicu-

672 2164 762 2228 jus
782 2161 933 2214 bovis
954 2162 1208 2221 aratoris,
1226 2177 1255 2213 a
1282 2177 1384 2213 suo
1409 2176 1662 2227 compare
1682 2168 1963 2229 separatus
1996 2157 2253 2227 ingemis-

677 2257 837 2308 cebat
862 2270 924 2306 ac
948 2254 1346 2307 lamentabatur
1365 2253 1605 2322 quidem,
1629 2254 1719 2305 sed
1744 2267 1853 2305 non
1873 2250 2155 2305 desinebat
2172 2258 2252 2301 ta-

678 2361 797 2396 men
837 2359 1056 2398 suavem
1103 2343 1252 2395 illum
1290 2342 1500 2396 sulcum
1537 2342 1758 2407 ducere,
1802 2341 1897 2410 qui
1940 2341 2246 2394 animarum

676 2435 921 2503 agricola:
941 2435 1048 2487 Deo
1066 2435 1256 2488 uberes
1274 2434 1485 2487 fructus
1499 2434 1764 2487 allaturus
1784 2443 1961 2487 esset:
1982 2430 2248 2500 quinimo,

676 2539 747 2577 ua
776 2534 833 2577 ut
848 2533 1223 2587 consueverat,
1244 2525 1348 2579 huc
1366 2535 1531 2593 atque
1555 2525 1685 2577 illuc
1703 2524 1888 2577 obibat
1906 2522 2027 2576 lidei
2042 2536 2249 2576 sermo-

640 2654 643 2655 ν
676 2635 797 2673 nem
815 2620 1199 2681 disseminans,
1217 2633 1436 2686 pravam
1454 2617 1717 2670 zizaniam
1738 2616 1993 2678 erellens,
2017 2624 2071 2668 et
2090 2614 2249 2683 quid-

674 2711 801 2777 quid
830 2711 1067 2762 salutare
1109 2710 1175 2763 iis
1219 2720 1386 2769 esset,
1418 2708 1511 2777 qui
1546 2724 1671 2761 eum
1700 2708 2095 2775 suscipiebant,
2122 2706 2249 2760 dili-

677 2814 863 2870 genter
898 2802 1205 2855 declarans.
1239 2800 1283 2854 Ο
1318 2803 1503 2854 beatos
1532 2803 1654 2855 illos
1685 2802 1868 2867 pedes,
1905 2799 2246 2868 Evangelicis

675 2897 951 2965 gressibus
975 2896 1256 2963 speciosus
1288 2894 1482 2957 factos,
1513 2905 1567 2946 et
1592 2894 1656 2945 ad
1686 2893 2016 2945 infinitarum
2040 2893 2247 2945 anima-

676 3006 795 3042 tum
818 2988 1162 3055 adeptionem
1183 2998 1328 3041 recta
1352 2988 1433 3039 via
1465 2985 1903 3055 progredientes!
1936 2986 1981 3038 0
2006 2986 2245 3054 linguam

677 3079 822 3131 illam
861 3079 1126 3143 divinam,
1161 3094 1226 3132 ex
1263 3093 1370 3147 qua
1399 3078 1656 3131 salutaris
1690 3086 1849 3145 potus
1890 3078 2118 3141 efﬂuxit,
2152 3077 2247 3146 qui

674 3176 740 3225 ab
768 3173 1059 3240 impietatis
1081 3182 1213 3226 aestu
1248 3173 1451 3225 multos
1483 3173 1770 3225 liberavit!
1806 3171 1849 3224 Ο
1880 3186 2092 3231 manus,
2125 3187 2246 3238 quie

674 3266 946 3318 violentos
984 3266 1164 3319 hostes
1203 3275 1607 3333 expugnarunt,
1654 3274 1708 3317 et
1766 3264 1977 3316 animas
2028 3262 2173 3330 ipsas
2216 3278 2245 3316 e

673 3356 873 3410 diaboli
918 3357 1169 3410 manibus
1203 3357 1551 3423 eripuerunt!
1580 3355 1625 3409 Ο
1653 3356 1868 3409 divinos
1898 3365 1954 3408 et
2000 3356 2246 3409 illustres

673 3450 883 3510 oculos,
934 3464 1029 3515 per
1079 3463 1218 3514 quos
1270 3448 1565 3500 multorum
1614 3447 1757 3500 oculi
1807 3446 2061 3515 patefacti
2096 3458 2245 3509 sunt,

674 3543 762 3611 qui
791 3551 944 3595 erant
974 3541 1209 3609 pcrlidim
1242 3540 1481 3594 tenebris
1503 3539 1780 3594 obscurati
1806 3541 1818 3591 !

750 3633 808 3688 V.
838 3635 972 3688 Cum
1008 3634 1173 3700 igitur
1200 3634 1449 3701 regiones
1476 3633 1599 3687 illas
1627 3634 1699 3685 ita
1727 3640 2064 3701 peragraret,
2101 3631 2247 3686 venit

672 3729 737 3782 ad
763 3727 952 3780 urbem
983 3725 1310 3796 quamdam,
1341 3726 1499 3793 cujus
1529 3725 1676 3778 cives
1699 3739 1824 3778 cum
1852 3711 2133 3777 idolorum
2150 3739 2245 3778 su-

673 3820 996 3888 perstitione
1042 3818 1353 3883 liberasset,
1395 3817 1463 3869 ah
1493 3816 1614 3885 ejus
1650 3815 1756 3870 loci
1796 3816 2026 3884 prieside
2055 3818 2240 3870 crucis

672 3910 936 3981 supplicio
965 3920 1017 3963 et
1047 3910 1160 3978 ipse
1191 3909 1587 3962 condemnatus
1634 3916 1737 3960 est.
1775 3907 1854 3959 Ad
1892 3924 2056 3975 quam
2111 3908 2243 3960 dum

675 4006 863 4057 beatus
893 4001 983 4054 ille
1006 4001 1309 4063 accederet,
1345 4008 1493 4053 totus
1514 3999 1714 4067 gaudio
1739 3998 1997 4067 perfusus
2026 4016 2037 4051 :
2062 3998 2242 4061 Salve,

674 4095 869 4161 inquit,
922 4108 1076 4158 crux,
1120 4108 1211 4160 per
1245 4108 1419 4166 quam
1458 4094 1758 4145 humanum
1813 4106 1986 4159 genus
2044 4091 2245 4158 gaudio

672 4184 924 4239 allectum
956 4194 1055 4237 est.
1104 4183 1284 4248 Salve,
1318 4183 1439 4251 ejus
1465 4182 1645 4236 crucis
1671 4173 1925 4246 imitatio,
1962 4197 2056 4251 per
2078 4198 2242 4249 quam

674 4286 903 4330 mortem
937 4275 1210 4341 dissolvit,
1244 4286 1300 4328 et
1349 4276 1610 4329 mortales
1654 4274 1801 4342 ipsos
1828 4274 2245 4326 immortalitate

672 4368 916 4423 donavit.
938 4368 1120 4431 Salve,
1146 4383 1303 4430 crux,
1342 4367 1394 4419 iu
1425 4381 1588 4435 quam
1617 4382 1742 4419 cum
1774 4365 2024 4419 Christus
2052 4381 2244 4419 ascen-

670 4463 769 4526 dit,
804 4471 1047 4514 terreuos
1086 4460 1332 4512 homines
1366 4458 1617 4513 etelestcs
1650 4456 1851 4511 effecit.
1871 4458 2050 4523 Salve,
2083 4473 2239 4522 crux,

2352 1978 2759 2031 exterminavit.
2824 1978 3029 2043 Venite,
3064 1981 3342 2050 inquiunt,
3370 1995 3423 2037 et
3455 1989 3806 2043 temerarium
3840 1991 3927 2044 fu-

2353 2082 2528 2120 rorem
2555 2068 2914 2137 equudentes,
2948 2072 3002 2126 in
3052 2075 3356 2131 maritimas
3388 2079 3563 2134 undas
3590 2082 3692 2136 hoc
3722 2098 3926 2152 corpus

2352 2158 2725 2226 projiciamus,
2760 2177 2827 2216 ne
2851 2179 2915 2217 ex
2961 2179 3048 2227 eo,
3086 2175 3344 2236 tanquam
3373 2184 3404 2223 e
3444 2173 3701 2226 rationali
3737 2176 3926 2245 aliquo

2350 2250 2593 2314 flumine,
2622 2254 2769 2309 salus
2802 2256 2869 2309 ad
2895 2272 2991 2311 eos
3023 2254 3243 2325 defluat,
3286 2262 3378 2332 qui
3403 2265 3722 2322 morborum
3749 2283 3923 2339 angu-

2351 2343 2471 2396 stiis
2499 2345 2951 2413 comprimuntur.

2423 2433 2535 2490 Vll.
2558 2436 2682 2491 flare
2722 2453 2845 2493 cum
2872 2440 3157 2507 dixissent,
3176 2444 3324 2512 quod
3352 2449 3653 2517 cogitarant
3677 2454 3921 2521 aggressi

2350 2538 2499 2594 sunt,
2524 2539 2579 2582 et
2610 2546 2714 2584 una
2755 2548 2880 2585 cum
2912 2545 3146 2601 quatuor
3177 2538 3407 2592 aliorum
3448 2551 3748 2612 martyrum
3774 2544 3925 2600 locu-

2351 2620 2440 2682 lis,
2469 2621 2609 2675 beati
2639 2621 3024 2679 Bartholoma-i
3050 2628 3307 2697 reliquias
3326 2632 3380 2684 in
3412 2648 3561 2687 mare
3586 2635 3923 2702 dejecerunt.

2350 2709 2613 2781 Martyres
2647 2725 2825 2767 autem
2860 2716 2936 2769 illi
2971 2718 3219 2787 gloriosi,
3266 2725 3577 2790 apostolum
3627 2727 3922 2783 Bartholo-

2351 2817 2547 2856 mtuum
2579 2807 2730 2859 valde
2757 2807 3044 2878 inclytum,
3073 2811 3179 2865 duo
3207 2828 3237 2866 a
3270 2814 3519 2877 dextera,
3550 2830 3605 2871 et
3640 2819 3752 2873 duo
3780 2837 3809 2873 a
3843 2823 3924 2875 si-

2351 2897 2519 2947 nistra
2550 2907 2719 2963 parte,
2760 2902 3000 2954 medium
3028 2903 3309 2967 habentes,
3341 2907 3577 2961 Pontum
3600 2910 3773 2979 ipsum
3803 2916 3926 2969 sine

2349 2984 2704 3042 fluctuatione
2766 2991 2947 3059 aliqua
3017 2995 3481 3051 transmittebant.
3539 3000 3790 3071 Cumque
3853 3006 3921 3059 ad

2350 3077 2687 3147 Bosphorum
2737 3080 3029 3137 Thracium
3089 3086 3142 3138 in
3194 3086 3579 3156 Propontidem
3619 3095 3919 3161 venissent,

2352 3174 2685 3244 IIelleSponti
2741 3180 3021 3247 angustias
3058 3183 3441 3237 transierunt':
3487 3186 3705 3255 deinde,
3738 3199 3920 3245 trans-

2273 3237 2315 3296 ο
2354 3261 2521 3333 misso
2554 3262 2742 3331 Aigwo
2787 3276 2839 3318 et
2887 3267 3039 3319 Ionio
3069 3271 3226 3333 mari,
3258 3272 3324 3324 ad
3358 3272 3601 3328 Siciliam
3644 3280 3920 3346 applicue-

2351 3363 2521 3407 runt:
2565 3364 2619 3408 et
2654 3357 2957 3425 Syracusas
3011 3360 3078 3413 ad
3133 3362 3414 3416 sinistram
3462 3366 3920 3436 derclinqueutes,

2348 3456 2508 3513 atque
2537 3447 2868 3502 occidentem
2902 3464 3094 3504 versus
3137 3454 3445 3521 tendentes,
3472 3458 3537 3508 ad
3571 3457 3800 3513 insulam
3828 3460 3920 3514 Li-

2348 3536 2521 3604 parim
2555 3547 2941 3605 pervenerunt.
2992 3536 3180 3608 Itaque
3228 3541 3619 3598 celeberrimus
3662 3546 3755 3600 ille
3792 3563 3921 3613 apo-

2353 3627 2530 3681 stolus
2572 3627 2637 3680 ad
2668 3644 2786 3681 eam
2820 3629 3054 3683 insulam
3083 3632 3347 3686 deductus
3393 3643 3496 3688 est.
3526 3633 3699 3688 Divini
3734 3649 3916 3692 autem

2350 3716 2425 3769 illi
2452 3725 2717 3786 martyres
2739 3734 2863 3771 cum
2892 3719 2943 3772 id
2971 3722 3414 3789 complevissent,
3446 3723 3594 3792 quod
3648 3726 3791 3781 Deus
3824 3744 3919 3783 vo-

2349 3808 2544 3872 luerat,
2575 3825 2737 3878 quam
2781 3812 3066 3866 celerrime
3109 3814 3387 3868 redierunt
3415 3815 3469 3868 in
3511 3831 3628 3871 eam
3666 3818 3831 3883 viain,
3864 3822 3917 3874 in

2348 3915 2513 3968 quam
2566 3915 3009 3971 unumquemque
3057 3904 3241 3956 divina
3298 3906 3637 3973 providentia
3689 3910 3914 3965 direxit.

2350 3990 2543 4043 Statim
2579 4002 2758 4045 autem
2791 3994 2859 4057 is,
2886 3994 2980 4062 qui
3012 3996 3311 4049 Ecclesium
3343 3995 3557 4066 Liparis
3589 4002 3787 4056 Insula:
3820 4022 3920 4073 gu-

2348 4081 2629 4145 bernabat,
2662 4099 2754 4151 per
2784 4083 3025 4137 divinam
3053 4086 3441 4142 revelationem
3472 4090 3681 4156 didicit,
3710 4093 3917 4149 Christi

2347 4174 2648 4243 apostolum
2682 4176 2747 4228 ad
2780 4176 2948 4231 maris
2970 4177 3121 4232 littus
3148 4180 3441 4247 appulisse.

2422 4264 2549 4320 Vlll.
2589 4268 2712 4320 Erat
2739 4267 2859 4336 ejus
2893 4268 3146 4324 Ecclesiae
3195 4271 3531 4340 gubernator
3561 4274 3774 4342 Agatho
3806 4278 3918 4340 ille,

2347 4358 2505 4426 cujus
2531 4360 2699 4427 gloria
2736 4361 2891 4428 longe
2938 4362 3153 4430 lateque
3180 4365 3324 4431 apud
3375 4364 3566 4420 omnes
3599 4368 3920 4423 celebraba-

2352 4460 2457 4503 tur.
2481 4452 2617 4505 Cum
2652 4453 2741 4507 ille
2772 4455 2937 4521 igitur
2968 4465 3332 4524 properasset,
3359 4467 3413 4511 et
3443 4458 3648 4512 loculos
3677 4462 3744 4515 ad
3779 4478 3918 4516 com

671 4568 793 4619 quae
818 4551 947 4604 mihi
1000 4551 1126 4603 hinc
1155 4551 1405 4618 migranti
1458 4549 1770 4603 vehiculum
1802 4549 1989 4603 effecta
2018 4564 2099 4613 es,
2132 4565 2241 4618 quo
2276 4570 2320 4624 ι)
2350 4545 2607 4597 liuentem
2634 4546 2889 4614 appulsos
2915 4547 3157 4611 vidisset,
3182 4556 3407 4615 stupore
3436 4557 3490 4602 et
3512 4551 3712 4619 gaudio
3742 4555 3919 4621 reple-

669 4649 735 4698 ad
768 4646 936 4700 cados
983 4645 1205 4713 perduci
1240 4644 1488 4711 possim:
1524 4660 1647 4712 qua:
1693 4643 1933 4711 denique
1966 4644 2069 4696 mei
2103 4660 2240 4712 prte-

670 4738 904 4806 ceptoris
928 4737 1255 4790 imitatorem
1301 4753 1387 4790 me
1421 4736 1619 4790 fecisti.
1650 4738 1729 4789 Ad
1765 4746 1816 4788 te
1844 4738 2099 4800 ascendo,
2150 4754 2241 4789 ne-

669 4847 775 4898 que
800 4845 1005 4882 moram
1032 4830 1204 4895 duco;
1230 4829 1343 4897 jam
1375 4829 1521 4882 enim
1554 4839 1769 4897 tempus
1794 4844 1971 4881 meum
2003 4831 2242 4895 comple-

670 4935 782 4974 tum
816 4932 921 4974 est.
974 4919 1186 4973 Bonum
1245 4932 1522 4973 certamen
1557 4921 1786 4983 certavi,
1835 4933 2057 4972 cursum
2110 4936 2242 4971 con-

667 5014 956 5078 summavi,
990 5013 1149 5067 fidem
1180 5013 1392 5066 servari
1424 5028 1437 5064 :
1471 5027 1610 5080 Opus
1635 5011 1780 5081 quod
1825 5011 1957 5064 mihi
1988 5009 2240 5065 Christus

666 5102 924 5169 magister
951 5116 1105 5155 meus
1137 5102 1381 5165 tradidit,
1421 5101 1645 5169 perfeci.
1677 5101 1800 5154 Ilaec
1829 5115 1954 5154 cum
1984 5100 2234 5165 dixisset,

665 5205 718 5246 ct.
742 5191 911 5245 Deum
946 5200 1199 5259 precatus
1228 5200 1394 5255 esset,
1434 5192 1642 5259 rogavit
1685 5191 1970 5245 carnifices
2001 5191 2143 5254 illos,
2182 5201 2239 5245 ut

669 5299 824 5337 verso
851 5284 906 5336 in
937 5292 1137 5336 terram
1169 5283 1371 5351 capite,
1421 5284 1474 5336 in
1501 5299 1663 5338 cruce
1702 5283 2048 5352 sufligerctur
2096 5302 2109 5336 ;
2140 5300 2250 5337 nec.

668 5384 873 5445 rectus,
923 5375 1384 5445 quemadmodum
1436 5376 1558 5443 ejus
1595 5377 1875 5445 magister,
1930 5377 1983 5429 iu
2018 5392 2236 5430 crucem

645 5435 954 5538 ggeretur;
987 5470 1060 5523 ita
1085 5480 1139 5525 et
1171 5471 1223 5523 in
1256 5470 1389 5539 ipsis
1418 5471 1756 5524 cruciatibus
1795 5485 1950 5524 suam
1986 5470 2037 5523 in
2069 5470 2238 5538 magi-

668 5571 842 5615 strum
862 5562 1219 5614 reverentiam
1245 5562 1780 5627 conservabat.Quin
1804 5561 1968 5615 etiam
1995 5562 2048 5614 in
2076 5576 2238 5616 cruce

669 5650 918 5716 suflixus,
969 5668 1091 5704 cum
1124 5653 1389 5708 fratribus
1438 5654 1583 5722 loqui
1638 5670 1743 5707 non
1796 5654 2021 5720 destitit,
2058 5654 2235 5723 quoad

672 5744 1076 5798 sanctissimam
1131 5744 1275 5798 illam
1320 5746 1557 5797 animam
1614 5745 1721 5798 Deo
1777 5747 2023 5800 tradidit.
2066 5747 2236 5815 Cujus

670 5853 954 5892 ascensum
992 5839 1167 5907 angeli
1196 5839 1458 5909 applausu
1487 5850 1836 5910 except-runt,
1856 5856 1949 5894 aer
1972 5852 2234 5910 purgatus

2346 4649 2452 4699 tus,
2487 4654 2700 4692 summa
2738 4654 2866 4692 voce
2901 4657 2913 4693 :
2953 4640 3117 4701 Bene,
3152 4640 3346 4709 inquit,
3381 4642 3521 4709 quod
3557 4643 3663 4697 huc
3696 4647 3916 4711 venisti,

2345 4736 2401 4777 ut
2433 4734 2619 4793 portus
2643 4726 2920 4792 salutaris,
2943 4729 3007 4781 ad
3049 4744 3144 4783 eos
3167 4731 3260 4798 qui
3291 4730 3463 4799 pelagi
3491 4731 3747 4787 fluctibus
3773 4740 3918 4803 peri-

2342 4818 2547 4871 culosis
2569 4820 2863 4887 agitantur.
2899 4820 3040 4874 Bene
3072 4822 3218 4889 quod
3259 4823 3477 4885 venisti,
3511 4822 3759 4877 divinum
3791 4826 3920 4893 Spi-

2345 4910 2479 4963 ritus
2511 4909 2776 4964 Parircleti
2802 4911 3024 4976 flumen,
3045 4929 3109 4966 ex
3140 4928 3248 4980 quo
3275 4914 3518 4969 veritatis
3543 4930 3703 4985 aqua:
3732 4930 3920 4973 scatu-

2344 5002 2507 5067 ritmt,
2536 5012 2588 5057 ct
2613 5006 2785 5073 pietas
2814 5007 2981 5060 multa
3013 5008 3302 5061 redundat.
3331 5007 3389 5060 lu
3415 5008 3551 5062 mari
3584 5010 3681 5063 via:
3710 5022 3839 5073 tuaa,
3863 5024 3919 5067 et

2341 5098 2547 5150 semita:
2588 5107 2691 5151 tua:
2742 5098 2794 5151 iu
2841 5099 2997 5167 aquis
3048 5100 3255 5161 multis,
3304 5111 3359 5154 et
3400 5102 3621 5171 vestigia
3677 5112 3767 5157 tua
3803 5119 3915 5157 non

2341 5199 2753 5257 cognoscentur.
2786 5190 2937 5254 Veni,
2966 5202 3020 5245 et
3054 5192 3267 5247 animas
3307 5203 3526 5247 nostras
3563 5195 3749 5260 irriga,
3784 5196 3918 5249 afl'e-

2340 5290 2524 5333 t-tuum
2544 5293 2857 5336 nostrorum
2879 5283 3145 5337 fervorem
3176 5283 3432 5352 reprime,
3456 5284 3700 5337 cordium
3717 5284 3918 5351 januas

2343 5378 2643 5442 patefaclas
2682 5376 2982 5445 gratiarum
3039 5387 3258 5429 tuarum
3310 5376 3630 5429 muneribus
3680 5376 3914 5442 repleas.

2340 5467 2455 5523 lloc
2478 5486 2507 5523 a
2539 5479 2588 5522 te
2616 5469 2826 5538 Liparis
2845 5470 3023 5523 insula
3044 5470 3266 5538 supplex
3296 5468 3450 5538 petit,
3477 5484 3639 5537 quam
3663 5468 3921 5522 habitare

2341 5564 2581 5618 voluisti.
2619 5563 2763 5625 Ilaec,
2792 5564 3041 5632 inquam,
3076 5562 3253 5615 insula
3280 5562 3363 5614 his
3398 5561 3578 5613 verbis
3605 5570 3656 5613 te
3681 5560 3921 5626 alloqui-

2342 5668 2429 5711 tur
2460 5680 2471 5713 :
2507 5657 2611 5719 Tu,
2664 5658 2756 5726 qui
2812 5660 2981 5709 multo
3035 5656 3235 5709 lumine
3294 5654 3524 5709 illustris
3563 5669 3643 5717 es,
3686 5662 3743 5706 et
3772 5653 3921 5717 i‘llius

2340 5748 2509 5803 divini
2550 5746 2786 5801 Orientis
2822 5763 2943 5800 vere
2977 5746 3205 5807 amicus,
3246 5744 3524 5814 quomodo
3570 5742 3776 5797 factum
3811 5753 3921 5809 est,

2343 5853 2401 5896 ut
2445 5841 2571 5895 talis
2617 5850 2908 5909 tantusque
2946 5840 3082 5909 apud
3119 5854 3249 5893 mea:
3281 5836 3620 5907 paupertatis
3646 5836 3925 5891 Occiden-
