  <div class='ocr_page' id='page_1' title='image "/cluster/home/n/w/nwhite01/storage/ocr_20150623/105/nnc1.0046980105/720.png"; bbox 0 0 4180 6450; ppageno 0'>
   <div class='ocr_carea' id='block_1_1' title="bbox 301 415 436 476">
    <p class='ocr_par' dir='ltr' id='par_1_1' title="bbox 301 415 436 476">
     <span class='ocr_line' id='line_1_1' title="bbox 301 415 436 476; baseline 0.007 -1"><span class='ocrx_word' id='word_1_1' title='bbox 301 415 436 476; x_wconf 68' lang='grc' dir='ltr'><strong>ΗΞὶῦ</strong></span> 
     </span>
    </p>
   </div>
   <div class='ocr_carea' id='block_1_2' title="bbox 1134 411 2637 474">
    <p class='ocr_par' dir='ltr' id='par_1_2' title="bbox 1134 411 2637 474">
     <span class='ocr_line' id='line_1_2' title="bbox 1134 411 2637 474; baseline -0.001 -1"><span class='ocrx_word' id='word_1_2' title='bbox 1134 412 1517 474; x_wconf 71' lang='lat' dir='ltr'><strong>LAUDATIO</strong></span> <span class='ocrx_word' id='word_1_3' title='bbox 1558 413 1618 471; x_wconf 94' lang='lat' dir='ltr'><strong>S.</strong></span> <span class='ocrx_word' id='word_1_4' title='bbox 1662 413 2217 474; x_wconf 61' lang='lat' dir='ltr'><strong>BARTIIOLOMEI</strong></span> <span class='ocrx_word' id='word_1_5' title='bbox 2253 411 2637 473; x_wconf 70' lang='lat' dir='ltr'><strong>APOSTOIJ.</strong></span> 
     </span>
    </p>
   </div>
   <div class='ocr_carea' id='block_1_3' title="bbox 3362 417 3500 482">
    <p class='ocr_par' dir='ltr' id='par_1_3' title="bbox 3362 417 3500 482">
     <span class='ocr_line' id='line_1_3' title="bbox 3362 417 3500 482; baseline 0.022 -3"><span class='ocrx_word' id='word_1_6' title='bbox 3362 417 3500 482; x_wconf 75' lang='grc'><strong>1426</strong></span> 
     </span>
    </p>
   </div>
   <div class='ocr_carea' id='block_1_4' title="bbox 295 511 3502 598">
    <p class='ocr_par' dir='ltr' id='par_1_4' title="bbox 295 511 3502 598">
     <span class='ocr_line' id='line_1_4' title="bbox 295 511 3502 598; baseline -0.001 -17"><span class='ocrx_word' id='word_1_7' title='bbox 295 538 404 581; x_wconf 90' lang='lat' dir='ltr'><strong>tem</strong></span> <span class='ocrx_word' id='word_1_8' title='bbox 431 527 734 579; x_wconf 87' lang='lat' dir='ltr'><strong>diversatus</strong></span> <span class='ocrx_word' id='word_1_9' title='bbox 758 522 856 587; x_wconf 85' lang='lat' dir='ltr'><strong>sis,</strong></span> <span class='ocrx_word' id='word_1_10' title='bbox 885 511 954 575; x_wconf 86' lang='lat' dir='ltr'><strong>ab</strong></span> <span class='ocrx_word' id='word_1_11' title='bbox 980 521 1216 577; x_wconf 73' lang='lat' dir='ltr'><strong>Orientis</strong></span> <span class='ocrx_word' id='word_1_12' title='bbox 1245 524 1493 592; x_wconf 89' lang='lat' dir='ltr'><strong>partibus</strong></span> <span class='ocrx_word' id='word_1_13' title='bbox 1523 535 1843 590; x_wconf 90' lang='lat' dir='ltr'><strong>commotus,</strong></span> <span class='ocrx_word' id='word_1_14' title='bbox 1875 534 1918 587; x_wconf 78' lang='grc' dir='ltr'>Α</span> <span class='ocrx_word' id='word_1_15' title='bbox 1949 526 2363 595; x_wconf 77' lang='lat' dir='ltr'><strong>myrothecium,</strong></span> <span class='ocrx_word' id='word_1_16' title='bbox 2399 525 2772 594; x_wconf 69' lang='lat' dir='ltr'><strong>aegrotandum</strong></span> <span class='ocrx_word' id='word_1_17' title='bbox 2810 524 3067 592; x_wconf 86' lang='lat' dir='ltr'><strong>medicus,</strong></span> <span class='ocrx_word' id='word_1_18' title='bbox 3100 528 3294 584; x_wconf 79' lang='lat' dir='ltr'><strong>divinae</strong></span> <span class='ocrx_word' id='word_1_19' title='bbox 3317 535 3502 598; x_wconf 64' lang='lat' dir='ltr'><strong>gratia;</strong></span> 
     </span>
    </p>
   </div>
   <div class='ocr_carea' id='block_1_5' title="bbox 292 612 1845 684">
    <p class='ocr_par' dir='ltr' id='par_1_5' title="bbox 292 612 1845 684">
     <span class='ocr_line' id='line_1_5' title="bbox 292 612 1845 684; baseline -0.001 -16"><span class='ocrx_word' id='word_1_20' title='bbox 292 628 346 668; x_wconf 89' lang='lat' dir='ltr'><strong>ct</strong></span> <span class='ocrx_word' id='word_1_21' title='bbox 370 632 465 684; x_wconf 88' lang='lat' dir='ltr'><strong>per</strong></span> <span class='ocrx_word' id='word_1_22' title='bbox 499 614 799 666; x_wconf 88' lang='lat' dir='ltr'><strong>maritimos</strong></span> <span class='ocrx_word' id='word_1_23' title='bbox 837 612 990 666; x_wconf 90' lang='lat' dir='ltr'><strong>sinus</strong></span> <span class='ocrx_word' id='word_1_24' title='bbox 1012 612 1171 667; x_wconf 89' lang='lat' dir='ltr'><strong>nobis</strong></span> <span class='ocrx_word' id='word_1_25' title='bbox 1202 615 1493 669; x_wconf 74' lang='lat' dir='ltr'><strong>ostensus?</strong></span> <span class='ocrx_word' id='word_1_26' title='bbox 1520 614 1677 669; x_wconf 81' lang='lat' dir='ltr'><strong>DiVes</strong></span> <span class='ocrx_word' id='word_1_27' title='bbox 1708 612 1845 667; x_wconf 85' lang='lat' dir='ltr'><strong>facta</strong></span> 
     </span>
    </p>
   </div>
   <div class='ocr_carea' id='block_1_6' title="bbox 292 703 1845 770">
    <p class='ocr_par' dir='ltr' id='par_1_6' title="bbox 292 703 1845 770">
     <span class='ocr_line' id='line_1_6' title="bbox 292 703 1845 770; baseline -0.001 -13"><span class='ocrx_word' id='word_1_28' title='bbox 292 720 439 769; x_wconf 78' lang='lat' dir='ltr'><strong>sum,</strong></span> <span class='ocrx_word' id='word_1_29' title='bbox 471 720 591 770; x_wconf 74' lang='lat' dir='ltr'><strong>qua:</strong></span> <span class='ocrx_word' id='word_1_30' title='bbox 621 711 779 755; x_wconf 90' lang='lat' dir='ltr'><strong>antea</strong></span> <span class='ocrx_word' id='word_1_31' title='bbox 813 712 1126 770; x_wconf 88' lang='lat' dir='ltr'><strong>paupertate</strong></span> <span class='ocrx_word' id='word_1_32' title='bbox 1162 703 1499 768; x_wconf 81' lang='lat' dir='ltr'><strong>laborabam,</strong></span> <span class='ocrx_word' id='word_1_33' title='bbox 1528 705 1845 758; x_wconf 89' lang='lat' dir='ltr'><strong>thesaurum</strong></span> 
     </span>
    </p>
   </div>
   <div class='ocr_carea' id='block_1_7' title="bbox 293 791 1849 863">
    <p class='ocr_par' dir='ltr' id='par_1_7' title="bbox 293 791 1849 863">
     <span class='ocr_line' id='line_1_7' title="bbox 293 791 1849 863; baseline 0 -16"><span class='ocrx_word' id='word_1_34' title='bbox 293 810 547 863; x_wconf 85' lang='lat' dir='ltr'><strong>magnum</strong></span> <span class='ocrx_word' id='word_1_35' title='bbox 580 793 736 846; x_wconf 81' lang='lat' dir='ltr'><strong>hodie</strong></span> <span class='ocrx_word' id='word_1_36' title='bbox 780 808 901 845; x_wconf 85' lang='lat' dir='ltr'><strong>sunt</strong></span> <span class='ocrx_word' id='word_1_37' title='bbox 937 806 1229 847; x_wconf 88' lang='lat' dir='ltr'><strong>consecuta</strong></span> <span class='ocrx_word' id='word_1_38' title='bbox 1260 813 1274 847; x_wconf 86' lang='lat'><strong>;</strong></span> <span class='ocrx_word' id='word_1_39' title='bbox 1307 807 1484 861; x_wconf 90' lang='lat' dir='ltr'><strong>neque</strong></span> <span class='ocrx_word' id='word_1_40' title='bbox 1535 794 1640 847; x_wconf 87' lang='lat' dir='ltr'><strong>ulla</strong></span> <span class='ocrx_word' id='word_1_41' title='bbox 1692 791 1745 845; x_wconf 88' lang='lat' dir='ltr'><strong>in</strong></span> <span class='ocrx_word' id='word_1_42' title='bbox 1800 802 1849 847; x_wconf 88' lang='lat' dir='ltr'><strong>te</strong></span> 
     </span>
    </p>
   </div>
   <div class='ocr_carea' id='block_1_8' title="bbox 293 883 1850 954">
    <p class='ocr_par' dir='ltr' id='par_1_8' title="bbox 293 883 1850 954">
     <span class='ocr_line' id='line_1_8' title="bbox 293 883 1850 954; baseline 0 -15"><span class='ocrx_word' id='word_1_43' title='bbox 293 888 463 940; x_wconf 82' lang='lat' dir='ltr'><strong>ltoma</strong></span> <span class='ocrx_word' id='word_1_44' title='bbox 513 886 601 939; x_wconf 90' lang='lat' dir='ltr'><strong>illa</strong></span> <span class='ocrx_word' id='word_1_45' title='bbox 652 885 766 952; x_wconf 89' lang='lat' dir='ltr'><strong>ipsa</strong></span> <span class='ocrx_word' id='word_1_46' title='bbox 815 884 947 938; x_wconf 86' lang='lat' dir='ltr'><strong>urbe</strong></span> <span class='ocrx_word' id='word_1_47' title='bbox 988 885 1289 947; x_wconf 80' lang='lat' dir='ltr'><strong>decantata,</strong></span> <span class='ocrx_word' id='word_1_48' title='bbox 1343 883 1529 939; x_wconf 89' lang='lat' dir='ltr'><strong>beatos</strong></span> <span class='ocrx_word' id='word_1_49' title='bbox 1574 884 1850 954; x_wconf 85' lang='lat' dir='ltr'><strong>apostolos</strong></span> 
     </span>
    </p>
   </div>
   <div class='ocr_carea' id='block_1_9' title="bbox 290 975 1846 1041">
    <p class='ocr_par' dir='ltr' id='par_1_9' title="bbox 290 975 1846 1041">
     <span class='ocr_line' id='line_1_9' title="bbox 290 975 1846 1041; baseline -0.001 -12"><span class='ocrx_word' id='word_1_50' title='bbox 290 980 512 1031; x_wconf 78' lang='lat' dir='ltr'><strong>Petrum</strong></span> <span class='ocrx_word' id='word_1_51' title='bbox 539 976 837 1030; x_wconf 82' lang='lat' dir='ltr'><strong>etl’aulnnt</strong></span> <span class='ocrx_word' id='word_1_52' title='bbox 870 975 1196 1030; x_wconf 80' lang='lat' dir='ltr'><strong>habitatores</strong></span> <span class='ocrx_word' id='word_1_53' title='bbox 1228 985 1461 1040; x_wconf 82' lang='lat' dir='ltr'><strong>tenente,</strong></span> <span class='ocrx_word' id='word_1_54' title='bbox 1495 976 1717 1029; x_wconf 87' lang='lat' dir='ltr'><strong>inferior</strong></span> <span class='ocrx_word' id='word_1_55' title='bbox 1746 991 1846 1041; x_wconf 85' lang='lat' dir='ltr'><strong>ego</strong></span> 
     </span>
    </p>
   </div>
   <div class='ocr_carea' id='block_1_10' title="bbox 293 1068 1844 1136">
    <p class='ocr_par' dir='ltr' id='par_1_10' title="bbox 293 1068 1844 1136">
     <span class='ocr_line' id='line_1_10' title="bbox 293 1068 1844 1136; baseline -0.004 -11"><span class='ocrx_word' id='word_1_56' title='bbox 293 1088 413 1126; x_wconf 92' lang='lat' dir='ltr'><strong>sum</strong></span> <span class='ocrx_word' id='word_1_57' title='bbox 453 1069 949 1123; x_wconf 71' lang='lat' dir='ltr'><strong>:Bartholomteum</strong></span> <span class='ocrx_word' id='word_1_58' title='bbox 977 1070 1122 1121; x_wconf 87' lang='lat' dir='ltr'><strong>enim</strong></span> <span class='ocrx_word' id='word_1_59' title='bbox 1168 1068 1529 1121; x_wconf 82' lang='lat' dir='ltr'><strong>habitatorem</strong></span> <span class='ocrx_word' id='word_1_60' title='bbox 1573 1068 1844 1136; x_wconf 82' lang='lat' dir='ltr'><strong>possideo.</strong></span> 
     </span>
    </p>
   </div>
   <div class='ocr_carea' id='block_1_11' title="bbox 288 1158 1848 1227">
    <p class='ocr_par' dir='ltr' id='par_1_11' title="bbox 288 1158 1848 1227">
     <span class='ocr_line' id='line_1_11' title="bbox 288 1158 1848 1227; baseline -0.004 -11"><span class='ocrx_word' id='word_1_61' title='bbox 288 1165 491 1216; x_wconf 78' lang='lat' dir='ltr'><strong>Omnes</strong></span> <span class='ocrx_word' id='word_1_62' title='bbox 514 1159 721 1223; x_wconf 43' lang='lat' dir='ltr'><strong>insula;</strong></span> <span class='ocrx_word' id='word_1_63' title='bbox 748 1159 876 1211; x_wconf 90' lang='lat' dir='ltr'><strong>mihi</strong></span> <span class='ocrx_word' id='word_1_64' title='bbox 903 1158 1245 1227; x_wconf 88' lang='lat' dir='ltr'><strong>gratulemini</strong></span> <span class='ocrx_word' id='word_1_65' title='bbox 1266 1176 1280 1222; x_wconf 87' lang='lat'><strong>;</strong></span> <span class='ocrx_word' id='word_1_66' title='bbox 1303 1173 1491 1213; x_wconf 88' lang='lat' dir='ltr'><strong>omnes</strong></span> <span class='ocrx_word' id='word_1_67' title='bbox 1515 1159 1698 1218; x_wconf 86' lang='lat' dir='ltr'><strong>urbes,</strong></span> <span class='ocrx_word' id='word_1_68' title='bbox 1727 1172 1848 1223; x_wconf 77' lang='lat' dir='ltr'><strong>qua:</strong></span> 
     </span>
    </p>
   </div>
   <div class='ocr_carea' id='block_1_12' title="bbox 293 1248 1845 1321">
    <p class='ocr_par' dir='ltr' id='par_1_12' title="bbox 293 1248 1845 1321">
     <span class='ocr_line' id='line_1_12' title="bbox 293 1248 1845 1321; baseline -0.006 -14"><span class='ocrx_word' id='word_1_69' title='bbox 293 1254 495 1321; x_wconf 90' lang='lat' dir='ltr'><strong>ubique</strong></span> <span class='ocrx_word' id='word_1_70' title='bbox 512 1252 666 1314; x_wconf 84' lang='lat' dir='ltr'><strong>estis,</strong></span> <span class='ocrx_word' id='word_1_71' title='bbox 697 1262 908 1301; x_wconf 88' lang='lat' dir='ltr'><strong>mecum</strong></span> <span class='ocrx_word' id='word_1_72' title='bbox 937 1263 1043 1301; x_wconf 92' lang='lat' dir='ltr'><strong>una</strong></span> <span class='ocrx_word' id='word_1_73' title='bbox 1074 1248 1360 1303; x_wconf 81' lang='lat' dir='ltr'><strong>exsultate.</strong></span> <span class='ocrx_word' id='word_1_74' title='bbox 1383 1250 1440 1301; x_wconf 88' lang='lat' dir='ltr'><strong>In</strong></span> <span class='ocrx_word' id='word_1_75' title='bbox 1470 1249 1623 1301; x_wconf 87' lang='lat' dir='ltr'><strong>vobis</strong></span> <span class='ocrx_word' id='word_1_76' title='bbox 1648 1259 1845 1299; x_wconf 82' lang='lat' dir='ltr'><strong>mutto-</strong></span> 
     </span>
    </p>
   </div>
   <div class='ocr_carea' id='block_1_13' title="bbox 293 1337 1850 1409">
    <p class='ocr_par' dir='ltr' id='par_1_13' title="bbox 293 1337 1850 1409">
     <span class='ocr_line' id='line_1_13' title="bbox 293 1337 1850 1409; baseline -0.006 -12"><span class='ocrx_word' id='word_1_77' title='bbox 293 1359 414 1397; x_wconf 89' lang='lat' dir='ltr'><strong>rutn</strong></span> <span class='ocrx_word' id='word_1_78' title='bbox 444 1348 756 1396; x_wconf 80' lang='lat' dir='ltr'><strong>sanctorum</strong></span> <span class='ocrx_word' id='word_1_79' title='bbox 789 1353 1015 1407; x_wconf 90' lang='lat' dir='ltr'><strong>corpora</strong></span> <span class='ocrx_word' id='word_1_80' title='bbox 1039 1339 1215 1409; x_wconf 87' lang='lat' dir='ltr'><strong>posita</strong></span> <span class='ocrx_word' id='word_1_81' title='bbox 1245 1346 1373 1393; x_wconf 81' lang='lat' dir='ltr'><strong>sua:</strong></span> <span class='ocrx_word' id='word_1_82' title='bbox 1398 1355 1413 1392; x_wconf 87' lang='lat'><strong>:</strong></span> <span class='ocrx_word' id='word_1_83' title='bbox 1451 1337 1584 1391; x_wconf 85' lang='lat' dir='ltr'><strong>mihi</strong></span> <span class='ocrx_word' id='word_1_84' title='bbox 1615 1337 1746 1391; x_wconf 87' lang='lat' dir='ltr'><strong>satis</strong></span> <span class='ocrx_word' id='word_1_85' title='bbox 1766 1344 1850 1391; x_wconf 88' lang='lat' dir='ltr'><strong>est</strong></span> 
     </span>
    </p>
   </div>
   <div class='ocr_carea' id='block_1_14' title="bbox 293 1428 877 1500">
    <p class='ocr_par' dir='ltr' id='par_1_14' title="bbox 293 1428 877 1500">
     <span class='ocr_line' id='line_1_14' title="bbox 293 1428 877 1500; baseline -0.009 -14"><span class='ocrx_word' id='word_1_86' title='bbox 293 1448 434 1486; x_wconf 91' lang='lat' dir='ltr'><strong>unus</strong></span> <span class='ocrx_word' id='word_1_87' title='bbox 466 1445 565 1500; x_wconf 91' lang='lat' dir='ltr'><strong>pro</strong></span> <span class='ocrx_word' id='word_1_88' title='bbox 601 1428 877 1482; x_wconf 89' lang='lat' dir='ltr'><strong>omnibus.</strong></span> 
     </span>
    </p>
   </div>
   <div class='ocr_carea' id='block_1_15' title="bbox 359 1516 1851 1588">
    <p class='ocr_par' dir='ltr' id='par_1_15' title="bbox 359 1516 1851 1588">
     <span class='ocr_line' id='line_1_15' title="bbox 359 1516 1851 1588; baseline -0.001 -14"><span class='ocrx_word' id='word_1_89' title='bbox 359 1520 450 1574; x_wconf 71' lang='lat' dir='ltr'><strong>lx.</strong></span> <span class='ocrx_word' id='word_1_90' title='bbox 488 1519 613 1583; x_wconf 91' lang='lat' dir='ltr'><strong>Sed,</strong></span> <span class='ocrx_word' id='word_1_91' title='bbox 637 1534 670 1572; x_wconf 94' lang='lat' dir='ltr'><strong>o</strong></span> <span class='ocrx_word' id='word_1_92' title='bbox 704 1517 1036 1580; x_wconf 85' lang='lat' dir='ltr'><strong>beatissime,</strong></span> <span class='ocrx_word' id='word_1_93' title='bbox 1068 1527 1117 1571; x_wconf 89' lang='lat' dir='ltr'><strong>et</strong></span> <span class='ocrx_word' id='word_1_94' title='bbox 1153 1516 1352 1570; x_wconf 79' lang='lat' dir='ltr'><strong>divinis</strong></span> <span class='ocrx_word' id='word_1_95' title='bbox 1374 1516 1582 1588; x_wconf 81' lang='lat' dir='ltr'><strong>angelis</strong></span> <span class='ocrx_word' id='word_1_96' title='bbox 1621 1534 1720 1588; x_wconf 86' lang='lat' dir='ltr'><strong>par</strong></span> <span class='ocrx_word' id='word_1_97' title='bbox 1770 1518 1851 1574; x_wconf 84' lang='lat' dir='ltr'><strong>fa-</strong></span> 
     </span>
    </p>
   </div>
   <div class='ocr_carea' id='block_1_16' title="bbox 290 1607 1850 1682">
    <p class='ocr_par' dir='ltr' id='par_1_16' title="bbox 290 1607 1850 1682">
     <span class='ocr_line' id='line_1_16' title="bbox 290 1607 1850 1682; baseline -0.003 -13"><span class='ocrx_word' id='word_1_98' title='bbox 290 1625 412 1669; x_wconf 89' lang='lat' dir='ltr'><strong>ctus</strong></span> <span class='ocrx_word' id='word_1_99' title='bbox 440 1612 704 1682; x_wconf 90' lang='lat' dir='ltr'><strong>apostole,</strong></span> <span class='ocrx_word' id='word_1_100' title='bbox 738 1611 860 1679; x_wconf 89' lang='lat' dir='ltr'><strong>quis</strong></span> <span class='ocrx_word' id='word_1_101' title='bbox 886 1621 975 1664; x_wconf 91' lang='lat' dir='ltr'><strong>tua</strong></span> <span class='ocrx_word' id='word_1_102' title='bbox 1002 1610 1256 1680; x_wconf 76' lang='lat' dir='ltr'><strong>prteclata</strong></span> <span class='ocrx_word' id='word_1_103' title='bbox 1288 1607 1426 1663; x_wconf 90' lang='lat' dir='ltr'><strong>facta</strong></span> <span class='ocrx_word' id='word_1_104' title='bbox 1456 1626 1554 1680; x_wconf 87' lang='lat' dir='ltr'><strong>pro</strong></span> <span class='ocrx_word' id='word_1_105' title='bbox 1588 1611 1850 1680; x_wconf 77' lang='lat' dir='ltr'><strong>dignitate</strong></span> 
     </span>
    </p>
   </div>
   <div class='ocr_carea' id='block_1_17' title="bbox 289 1700 1846 1771">
    <p class='ocr_par' dir='ltr' id='par_1_17' title="bbox 289 1700 1846 1771">
     <span class='ocr_line' id='line_1_17' title="bbox 289 1700 1846 1771; baseline -0.002 -11"><span class='ocrx_word' id='word_1_106' title='bbox 289 1704 566 1760; x_wconf 78' lang='lat' dir='ltr'><strong>laudaret?</strong></span> <span class='ocrx_word' id='word_1_107' title='bbox 592 1703 725 1768; x_wconf 85' lang='lat' dir='ltr'><strong>Quis</strong></span> <span class='ocrx_word' id='word_1_108' title='bbox 756 1704 993 1771; x_wconf 84' lang='lat' dir='ltr'><strong>pericula</strong></span> <span class='ocrx_word' id='word_1_109' title='bbox 1053 1716 1151 1770; x_wconf 90' lang='lat' dir='ltr'><strong>pro</strong></span> <span class='ocrx_word' id='word_1_110' title='bbox 1197 1700 1417 1755; x_wconf 87' lang='lat' dir='ltr'><strong>Christo</strong></span> <span class='ocrx_word' id='word_1_111' title='bbox 1443 1717 1473 1755; x_wconf 89' lang='lat' dir='ltr'><strong>a</strong></span> <span class='ocrx_word' id='word_1_112' title='bbox 1510 1710 1562 1757; x_wconf 83' lang='lat' dir='ltr'><strong>te</strong></span> <span class='ocrx_word' id='word_1_113' title='bbox 1593 1715 1846 1771; x_wconf 84' lang='lat' dir='ltr'><strong>suscepta</strong></span> 
     </span>
    </p>
   </div>
   <div class='ocr_carea' id='block_1_18' title="bbox 286 1792 1845 1864">
    <p class='ocr_par' dir='ltr' id='par_1_18' title="bbox 286 1792 1845 1864">
     <span class='ocr_line' id='line_1_18' title="bbox 286 1792 1845 1864; baseline 0 -15"><span class='ocrx_word' id='word_1_114' title='bbox 286 1812 607 1851; x_wconf 73' lang='lat' dir='ltr'><strong>enumerare</strong></span> <span class='ocrx_word' id='word_1_115' title='bbox 637 1794 857 1864; x_wconf 60' lang='lat' dir='ltr'><strong>poss&#39;sl?</strong></span> <span class='ocrx_word' id='word_1_116' title='bbox 911 1793 1043 1858; x_wconf 76' lang='lat' dir='ltr'><strong>Qua:</strong></span> <span class='ocrx_word' id='word_1_117' title='bbox 1089 1808 1213 1848; x_wconf 90' lang='lat' dir='ltr'><strong>cum</strong></span> <span class='ocrx_word' id='word_1_118' title='bbox 1245 1792 1491 1863; x_wconf 88' lang='lat' dir='ltr'><strong>quotidie</strong></span> <span class='ocrx_word' id='word_1_119' title='bbox 1529 1794 1765 1861; x_wconf 85' lang='lat' dir='ltr'><strong>subires,</strong></span> <span class='ocrx_word' id='word_1_120' title='bbox 1814 1811 1845 1848; x_wconf 90' lang='lat' dir='ltr'><strong>a</strong></span> 
     </span>
    </p>
   </div>
   <div class='ocr_carea' id='block_1_19' title="bbox 290 1883 1845 1956">
    <p class='ocr_par' dir='ltr' id='par_1_19' title="bbox 290 1883 1845 1956">
     <span class='ocr_line' id='line_1_19' title="bbox 290 1883 1845 1956; baseline -0.003 -12"><span class='ocrx_word' id='word_1_121' title='bbox 290 1888 537 1944; x_wconf 77' lang='lat' dir='ltr'><strong>tristibus</strong></span> <span class='ocrx_word' id='word_1_122' title='bbox 585 1887 840 1956; x_wconf 71' lang='lat' dir='ltr'><strong>periculis</strong></span> <span class='ocrx_word' id='word_1_123' title='bbox 882 1886 1139 1940; x_wconf 81' lang='lat' dir='ltr'><strong>mortales</strong></span> <span class='ocrx_word' id='word_1_124' title='bbox 1179 1884 1439 1940; x_wconf 86' lang='lat' dir='ltr'><strong>liberasti.</strong></span> <span class='ocrx_word' id='word_1_125' title='bbox 1484 1883 1565 1938; x_wconf 88' lang='lat' dir='ltr'><strong>Tu</strong></span> <span class='ocrx_word' id='word_1_126' title='bbox 1601 1900 1723 1941; x_wconf 87' lang='lat' dir='ltr'><strong>vere</strong></span> <span class='ocrx_word' id='word_1_127' title='bbox 1766 1886 1845 1940; x_wconf 88' lang='lat' dir='ltr'><strong>sal</strong></span> 
     </span>
    </p>
   </div>
   <div class='ocr_carea' id='block_1_20' title="bbox 287 1974 1846 2047">
    <p class='ocr_par' dir='ltr' id='par_1_20' title="bbox 287 1974 1846 2047">
     <span class='ocr_line' id='line_1_20' title="bbox 287 1974 1846 2047; baseline -0.004 -14"><span class='ocrx_word' id='word_1_128' title='bbox 287 1981 417 2033; x_wconf 91' lang='lat' dir='ltr'><strong>illud</strong></span> <span class='ocrx_word' id='word_1_129' title='bbox 449 1994 527 2044; x_wconf 88' lang='lat' dir='ltr'><strong>es,</strong></span> <span class='ocrx_word' id='word_1_130' title='bbox 559 1976 702 2047; x_wconf 91' lang='lat' dir='ltr'><strong>quod</strong></span> <span class='ocrx_word' id='word_1_131' title='bbox 736 1974 897 2029; x_wconf 90' lang='lat' dir='ltr'><strong>corda</strong></span> <span class='ocrx_word' id='word_1_132' title='bbox 944 1974 1056 2038; x_wconf 92' lang='lat' dir='ltr'><strong>illa,</strong></span> <span class='ocrx_word' id='word_1_133' title='bbox 1113 1989 1234 2042; x_wconf 64' lang='lat' dir='ltr'><strong>quae</strong></span> <span class='ocrx_word' id='word_1_134' title='bbox 1280 1982 1632 2037; x_wconf 85' lang='lat' dir='ltr'><strong>evanuerant,</strong></span> <span class='ocrx_word' id='word_1_135' title='bbox 1686 1982 1846 2041; x_wconf 90' lang='lat' dir='ltr'><strong>atque</strong></span> 
     </span>
    </p>
   </div>
   <div class='ocr_carea' id='block_1_21' title="bbox 289 2064 1847 2140">
    <p class='ocr_par' dir='ltr' id='par_1_21' title="bbox 289 2064 1847 2140">
     <span class='ocr_line' id='line_1_21' title="bbox 289 2064 1847 2140; baseline -0.006 -15"><span class='ocrx_word' id='word_1_136' title='bbox 289 2070 518 2140; x_wconf 86' lang='lat' dir='ltr'><strong>insipida</strong></span> <span class='ocrx_word' id='word_1_137' title='bbox 560 2077 862 2130; x_wconf 82' lang='lat' dir='ltr'><strong>evaserant,</strong></span> <span class='ocrx_word' id='word_1_138' title='bbox 893 2065 1205 2128; x_wconf 87' lang='lat' dir='ltr'><strong>condivisti,</strong></span> <span class='ocrx_word' id='word_1_139' title='bbox 1235 2072 1291 2117; x_wconf 94' lang='lat' dir='ltr'><strong>ct</strong></span> <span class='ocrx_word' id='word_1_140' title='bbox 1319 2064 1542 2118; x_wconf 65' lang='lat' dir='ltr'><strong>inscitia:</strong></span> <span class='ocrx_word' id='word_1_141' title='bbox 1580 2064 1847 2118; x_wconf 84' lang='lat' dir='ltr'><strong>salsedine</strong></span> 
     </span>
    </p>
   </div>
   <div class='ocr_carea' id='block_1_22' title="bbox 289 2153 1846 2232">
    <p class='ocr_par' dir='ltr' id='par_1_22' title="bbox 289 2153 1846 2232">
     <span class='ocr_line' id='line_1_22' title="bbox 289 2153 1846 2232; baseline -0.004 -21"><span class='ocrx_word' id='word_1_142' title='bbox 289 2170 534 2232; x_wconf 81' lang='lat' dir='ltr'><strong>purgata,</strong></span> <span class='ocrx_word' id='word_1_143' title='bbox 558 2159 893 2229; x_wconf 87' lang='lat' dir='ltr'><strong>putredinent</strong></span> <span class='ocrx_word' id='word_1_144' title='bbox 915 2171 983 2210; x_wconf 81' lang='lat' dir='ltr'><strong>ex</strong></span> <span class='ocrx_word' id='word_1_145' title='bbox 1013 2156 1309 2209; x_wconf 92' lang='lat' dir='ltr'><strong>multorum</strong></span> <span class='ocrx_word' id='word_1_146' title='bbox 1336 2154 1557 2208; x_wconf 88' lang='lat' dir='ltr'><strong>deorum</strong></span> <span class='ocrx_word' id='word_1_147' title='bbox 1580 2153 1846 2221; x_wconf 86' lang='lat' dir='ltr'><strong>supersti-</strong></span> 
     </span>
    </p>
   </div>
   <div class='ocr_carea' id='block_1_23' title="bbox 288 2242 1845 2318">
    <p class='ocr_par' dir='ltr' id='par_1_23' title="bbox 288 2242 1845 2318">
     <span class='ocr_line' id='line_1_23' title="bbox 288 2242 1845 2318; baseline -0.006 -14"><span class='ocrx_word' id='word_1_148' title='bbox 288 2257 434 2307; x_wconf 85' lang='lat' dir='ltr'><strong>tione</strong></span> <span class='ocrx_word' id='word_1_149' title='bbox 470 2260 809 2306; x_wconf 85' lang='lat' dir='ltr'><strong>contractam</strong></span> <span class='ocrx_word' id='word_1_150' title='bbox 865 2248 1200 2318; x_wconf 81' lang='lat' dir='ltr'><strong>expurgasti.</strong></span> <span class='ocrx_word' id='word_1_151' title='bbox 1229 2244 1311 2298; x_wconf 89' lang='lat' dir='ltr'><strong>Tu</strong></span> <span class='ocrx_word' id='word_1_152' title='bbox 1345 2260 1404 2299; x_wconf 89' lang='lat' dir='ltr'><strong>es</strong></span> <span class='ocrx_word' id='word_1_153' title='bbox 1432 2245 1695 2297; x_wconf 84' lang='lat' dir='ltr'><strong>rationale</strong></span> <span class='ocrx_word' id='word_1_154' title='bbox 1716 2242 1845 2296; x_wconf 90' lang='lat' dir='ltr'><strong>illud</strong></span> 
     </span>
    </p>
   </div>
   <div class='ocr_carea' id='block_1_24' title="bbox 286 2334 1848 2409">
    <p class='ocr_par' dir='ltr' id='par_1_24' title="bbox 286 2334 1848 2409">
     <span class='ocr_line' id='line_1_24' title="bbox 286 2334 1848 2409; baseline -0.006 -13"><span class='ocrx_word' id='word_1_155' title='bbox 286 2346 513 2406; x_wconf 81' lang='lat' dir='ltr'><strong>flumen,</strong></span> <span class='ocrx_word' id='word_1_156' title='bbox 554 2357 619 2395; x_wconf 80' lang='lat' dir='ltr'><strong>ex</strong></span> <span class='ocrx_word' id='word_1_157' title='bbox 651 2340 833 2394; x_wconf 89' lang='lat' dir='ltr'><strong>divina</strong></span> <span class='ocrx_word' id='word_1_158' title='bbox 887 2340 1012 2393; x_wconf 88' lang='lat' dir='ltr'><strong>sede</strong></span> <span class='ocrx_word' id='word_1_159' title='bbox 1060 2338 1384 2409; x_wconf 87' lang='lat' dir='ltr'><strong>profectum,</strong></span> <span class='ocrx_word' id='word_1_160' title='bbox 1416 2336 1703 2406; x_wconf 86' lang='lat' dir='ltr'><strong>juncorum</strong></span> <span class='ocrx_word' id='word_1_161' title='bbox 1737 2334 1848 2402; x_wconf 86' lang='lat' dir='ltr'><strong>ple-</strong></span> 
     </span>
    </p>
   </div>
   <div class='ocr_carea' id='block_1_25' title="bbox 289 2426 1844 2495">
    <p class='ocr_par' dir='ltr' id='par_1_25' title="bbox 289 2426 1844 2495">
     <span class='ocr_line' id='line_1_25' title="bbox 289 2426 1844 2495; baseline -0.008 -5"><span class='ocrx_word' id='word_1_162' title='bbox 289 2452 417 2490; x_wconf 91' lang='lat' dir='ltr'><strong>num</strong></span> <span class='ocrx_word' id='word_1_163' title='bbox 464 2443 756 2490; x_wconf 84' lang='lat' dir='ltr'><strong>torrentem</strong></span> <span class='ocrx_word' id='word_1_164' title='bbox 796 2433 1047 2495; x_wconf 88' lang='lat' dir='ltr'><strong>abluens,</strong></span> <span class='ocrx_word' id='word_1_165' title='bbox 1089 2430 1348 2484; x_wconf 75' lang='lat' dir='ltr'><strong>Ecclesiae</strong></span> <span class='ocrx_word' id='word_1_166' title='bbox 1383 2444 1509 2482; x_wconf 90' lang='lat' dir='ltr'><strong>vero</strong></span> <span class='ocrx_word' id='word_1_167' title='bbox 1540 2426 1722 2483; x_wconf 88' lang='lat' dir='ltr'><strong>sulcos</strong></span> <span class='ocrx_word' id='word_1_168' title='bbox 1756 2442 1844 2479; x_wconf 89' lang='lat' dir='ltr'><strong>re-</strong></span> 
     </span>
    </p>
   </div>
   <div class='ocr_carea' id='block_1_26' title="bbox 290 2519 1847 2596">
    <p class='ocr_par' dir='ltr' id='par_1_26' title="bbox 290 2519 1847 2596">
     <span class='ocr_line' id='line_1_26' title="bbox 290 2519 1847 2596; baseline -0.006 -16"><span class='ocrx_word' id='word_1_169' title='bbox 290 2531 462 2596; x_wconf 69' lang='lat' dir='ltr'><strong>plens,</strong></span> <span class='ocrx_word' id='word_1_170' title='bbox 525 2526 804 2596; x_wconf 80' lang='lat' dir='ltr'><strong>pravitatis</strong></span> <span class='ocrx_word' id='word_1_171' title='bbox 854 2526 1001 2578; x_wconf 90' lang='lat' dir='ltr'><strong>rivos</strong></span> <span class='ocrx_word' id='word_1_172' title='bbox 1047 2524 1353 2587; x_wconf 82' lang='lat' dir='ltr'><strong>exsiccans,</strong></span> <span class='ocrx_word' id='word_1_173' title='bbox 1400 2521 1568 2589; x_wconf 86' lang='lat' dir='ltr'><strong>ipsius</strong></span> <span class='ocrx_word' id='word_1_174' title='bbox 1614 2519 1847 2586; x_wconf 86' lang='lat' dir='ltr'><strong>denique</strong></span> 
     </span>
    </p>
   </div>
   <div class='ocr_carea' id='block_1_27' title="bbox 292 2611 1843 2687">
    <p class='ocr_par' dir='ltr' id='par_1_27' title="bbox 292 2611 1843 2687">
     <span class='ocr_line' id='line_1_27' title="bbox 292 2611 1843 2687; baseline -0.008 -14"><span class='ocrx_word' id='word_1_175' title='bbox 292 2634 448 2674; x_wconf 78' lang='lat' dir='ltr'><strong>terra:</strong></span> <span class='ocrx_word' id='word_1_176' title='bbox 479 2619 670 2673; x_wconf 89' lang='lat' dir='ltr'><strong>laciem</strong></span> <span class='ocrx_word' id='word_1_177' title='bbox 700 2618 953 2687; x_wconf 76' lang='lat' dir='ltr'><strong>irrigans.</strong></span> <span class='ocrx_word' id='word_1_178' title='bbox 980 2615 1059 2669; x_wconf 88' lang='lat' dir='ltr'><strong>Tu</strong></span> <span class='ocrx_word' id='word_1_179' title='bbox 1084 2631 1143 2671; x_wconf 89' lang='lat' dir='ltr'><strong>es</strong></span> <span class='ocrx_word' id='word_1_180' title='bbox 1164 2629 1360 2683; x_wconf 82' lang='lat' dir='ltr'><strong>sagena</strong></span> <span class='ocrx_word' id='word_1_181' title='bbox 1380 2614 1468 2666; x_wconf 89' lang='lat' dir='ltr'><strong>illa</strong></span> <span class='ocrx_word' id='word_1_182' title='bbox 1497 2611 1843 2674; x_wconf 75' lang='lat' dir='ltr'><strong>solidissina,</strong></span> 
     </span>
    </p>
   </div>
   <div class='ocr_carea' id='block_1_28' title="bbox 288 2704 1843 2782">
    <p class='ocr_par' dir='ltr' id='par_1_28' title="bbox 288 2704 1843 2782">
     <span class='ocr_line' id='line_1_28' title="bbox 288 2704 1843 2782; baseline -0.006 -16"><span class='ocrx_word' id='word_1_183' title='bbox 288 2728 415 2782; x_wconf 71' lang='lat' dir='ltr'><strong>quae</strong></span> <span class='ocrx_word' id='word_1_184' title='bbox 431 2710 727 2766; x_wconf 84' lang='lat' dir='ltr'><strong>rationales</strong></span> <span class='ocrx_word' id='word_1_185' title='bbox 749 2710 943 2778; x_wconf 88' lang='lat' dir='ltr'><strong>pisces,</strong></span> <span class='ocrx_word' id='word_1_186' title='bbox 976 2710 1028 2761; x_wconf 88' lang='lat' dir='ltr'><strong>iti</strong></span> <span class='ocrx_word' id='word_1_187' title='bbox 1051 2709 1254 2762; x_wconf 89' lang='lat' dir='ltr'><strong>erroris</strong></span> <span class='ocrx_word' id='word_1_188' title='bbox 1278 2704 1551 2775; x_wconf 90' lang='lat' dir='ltr'><strong>profundo</strong></span> <span class='ocrx_word' id='word_1_189' title='bbox 1578 2713 1843 2767; x_wconf 79' lang='lat' dir='ltr'><strong>natantes,</strong></span> 
     </span>
    </p>
   </div>
   <div class='ocr_carea' id='block_1_29' title="bbox 285 2798 1844 2875">
    <p class='ocr_par' dir='ltr' id='par_1_29' title="bbox 285 2798 1844 2875">
     <span class='ocr_line' id='line_1_29' title="bbox 285 2798 1844 2875; baseline -0.009 -14"><span class='ocrx_word' id='word_1_190' title='bbox 285 2801 771 2875; x_wconf 84' lang='lat' dir='ltr'><strong>comprehendisti,</strong></span> <span class='ocrx_word' id='word_1_191' title='bbox 803 2814 1008 2869; x_wconf 80' lang='lat' dir='ltr'><strong>eosque</strong></span> <span class='ocrx_word' id='word_1_192' title='bbox 1053 2814 1299 2868; x_wconf 70' lang='lat' dir='ltr'><strong>superna:</strong></span> <span class='ocrx_word' id='word_1_193' title='bbox 1344 2799 1416 2851; x_wconf 89' lang='lat' dir='ltr'><strong>illi</strong></span> <span class='ocrx_word' id='word_1_194' title='bbox 1457 2813 1655 2851; x_wconf 74' lang='lat' dir='ltr'><strong>mensa:</strong></span> <span class='ocrx_word' id='word_1_195' title='bbox 1681 2798 1844 2850; x_wconf 81' lang='lat' dir='ltr'><strong>ohso-</strong></span> 
     </span>
    </p>
   </div>
   <div class='ocr_carea' id='block_1_30' title="bbox 290 2890 1842 2950">
    <p class='ocr_par' dir='ltr' id='par_1_30' title="bbox 290 2890 1842 2950">
     <span class='ocr_line' id='line_1_30' title="bbox 290 2890 1842 2950; baseline -0.008 0"><span class='ocrx_word' id='word_1_196' title='bbox 290 2900 441 2950; x_wconf 90' lang='lat' dir='ltr'><strong>nium</strong></span> <span class='ocrx_word' id='word_1_197' title='bbox 477 2892 743 2949; x_wconf 90' lang='lat' dir='ltr'><strong>obtulisti.</strong></span> <span class='ocrx_word' id='word_1_198' title='bbox 780 2890 859 2944; x_wconf 87' lang='lat' dir='ltr'><strong>Tu</strong></span> <span class='ocrx_word' id='word_1_199' title='bbox 902 2906 962 2944; x_wconf 88' lang='lat' dir='ltr'><strong>es</strong></span> <span class='ocrx_word' id='word_1_200' title='bbox 992 2904 1216 2944; x_wconf 89' lang='lat' dir='ltr'><strong>aureum</strong></span> <span class='ocrx_word' id='word_1_201' title='bbox 1267 2891 1395 2943; x_wconf 91' lang='lat' dir='ltr'><strong>illud</strong></span> <span class='ocrx_word' id='word_1_202' title='bbox 1438 2890 1842 2947; x_wconf 89' lang='lat' dir='ltr'><strong>candelabrum,</strong></span> 
     </span>
    </p>
   </div>
   <div class='ocr_carea' id='block_1_31' title="bbox 288 2982 1840 3056">
    <p class='ocr_par' dir='ltr' id='par_1_31' title="bbox 288 2982 1840 3056">
     <span class='ocr_line' id='line_1_31' title="bbox 288 2982 1840 3056; baseline -0.008 -13"><span class='ocrx_word' id='word_1_203' title='bbox 288 2994 341 3044; x_wconf 77' lang='grc' dir='ltr'><strong>ιιι</strong></span> <span class='ocrx_word' id='word_1_204' title='bbox 372 3004 483 3056; x_wconf 88' lang='lat' dir='ltr'><strong>quo</strong></span> <span class='ocrx_word' id='word_1_205' title='bbox 515 2984 775 3041; x_wconf 73' lang='lat' dir='ltr'><strong>Paracleti</strong></span> <span class='ocrx_word' id='word_1_206' title='bbox 812 2982 1043 3052; x_wconf 85' lang='lat' dir='ltr'><strong>Spiritus</strong></span> <span class='ocrx_word' id='word_1_207' title='bbox 1095 2982 1255 3051; x_wconf 88' lang='lat' dir='ltr'><strong>ignis,</strong></span> <span class='ocrx_word' id='word_1_208' title='bbox 1286 2993 1540 3051; x_wconf 89' lang='lat' dir='ltr'><strong>tanquam</strong></span> <span class='ocrx_word' id='word_1_209' title='bbox 1577 2982 1662 3034; x_wconf 79' lang='lat' dir='ltr'><strong>fax</strong></span> <span class='ocrx_word' id='word_1_210' title='bbox 1698 2996 1840 3048; x_wconf 78' lang='lat' dir='ltr'><strong>qua:-</strong></span> 
     </span>
    </p>
   </div>
   <div class='ocr_carea' id='block_1_32' title="bbox 287 3072 1842 3143">
    <p class='ocr_par' dir='ltr' id='par_1_32' title="bbox 287 3072 1842 3143">
     <span class='ocr_line' id='line_1_32' title="bbox 287 3072 1842 3143; baseline -0.01 -10"><span class='ocrx_word' id='word_1_211' title='bbox 287 3084 437 3143; x_wconf 84' lang='lat' dir='ltr'><strong>dam,</strong></span> <span class='ocrx_word' id='word_1_212' title='bbox 460 3078 773 3136; x_wconf 85' lang='lat' dir='ltr'><strong>adveniens,</strong></span> <span class='ocrx_word' id='word_1_213' title='bbox 805 3075 1119 3143; x_wconf 91' lang='lat' dir='ltr'><strong>multiplicis</strong></span> <span class='ocrx_word' id='word_1_214' title='bbox 1141 3074 1256 3127; x_wconf 85' lang='lat' dir='ltr'><strong>vitii</strong></span> <span class='ocrx_word' id='word_1_215' title='bbox 1281 3075 1487 3126; x_wconf 85' lang='lat' dir='ltr'><strong>zizania</strong></span> <span class='ocrx_word' id='word_1_216' title='bbox 1519 3072 1842 3134; x_wconf 82' lang='lat' dir='ltr'><strong>combussit,</strong></span> 
     </span>
    </p>
   </div>
   <div class='ocr_carea' id='block_1_33' title="bbox 285 3159 1846 3232">
    <p class='ocr_par' dir='ltr' id='par_1_33' title="bbox 285 3159 1846 3232">
     <span class='ocr_line' id='line_1_33' title="bbox 285 3159 1846 3232; baseline -0.006 -12"><span class='ocrx_word' id='word_1_217' title='bbox 285 3178 343 3221; x_wconf 81' lang='lat' dir='ltr'><strong>et</strong></span> <span class='ocrx_word' id='word_1_218' title='bbox 371 3166 570 3221; x_wconf 63' lang='lat' dir='ltr'><strong>dixin-.2</strong></span> <span class='ocrx_word' id='word_1_219' title='bbox 598 3164 927 3232; x_wconf 89' lang='lat' dir='ltr'><strong>cognitionis</strong></span> <span class='ocrx_word' id='word_1_220' title='bbox 956 3162 1300 3231; x_wconf 87' lang='lat' dir='ltr'><strong>splendorem</strong></span> <span class='ocrx_word' id='word_1_221' title='bbox 1331 3161 1532 3215; x_wconf 87' lang='lat' dir='ltr'><strong>emisit.</strong></span> <span class='ocrx_word' id='word_1_222' title='bbox 1568 3159 1647 3213; x_wconf 90' lang='lat' dir='ltr'><strong>Tn</strong></span> <span class='ocrx_word' id='word_1_223' title='bbox 1679 3178 1737 3214; x_wconf 88' lang='lat' dir='ltr'><strong>es</strong></span> <span class='ocrx_word' id='word_1_224' title='bbox 1764 3161 1846 3212; x_wconf 87' lang='lat' dir='ltr'><strong>di-</strong></span> 
     </span>
    </p>
   </div>
   <div class='ocr_carea' id='block_1_34' title="bbox 1950 616 3502 685">
    <p class='ocr_par' dir='ltr' id='par_1_34' title="bbox 1950 616 3502 685">
     <span class='ocr_line' id='line_1_34' title="bbox 1950 616 3502 685; baseline 0.003 -15"><span class='ocrx_word' id='word_1_225' title='bbox 1950 618 2101 682; x_wconf 86' lang='lat' dir='ltr'><strong>tuba,</strong></span> <span class='ocrx_word' id='word_1_226' title='bbox 2144 618 2278 685; x_wconf 35' lang='lat' dir='ltr'><strong>vitis.</strong></span> <span class='ocrx_word' id='word_1_227' title='bbox 2310 616 2716 678; x_wconf 83' lang='lat' dir='ltr'><strong>fecundissima,</strong></span> <span class='ocrx_word' id='word_1_228' title='bbox 2750 617 2865 669; x_wconf 80' lang='lat' dir='ltr'><strong>olea</strong></span> <span class='ocrx_word' id='word_1_229' title='bbox 2905 617 3201 684; x_wconf 73' lang='lat' dir='ltr'><strong>fructifera,</strong></span> <span class='ocrx_word' id='word_1_230' title='bbox 3236 622 3502 676; x_wconf 88' lang='lat' dir='ltr'><strong>fluctuan-</strong></span> 
     </span>
    </p>
   </div>
   <div class='ocr_carea' id='block_1_35' title="bbox 1949 703 3499 773">
    <p class='ocr_par' dir='ltr' id='par_1_35' title="bbox 1949 703 3499 773">
     <span class='ocr_line' id='line_1_35' title="bbox 1949 703 3499 773; baseline 0.001 -14"><span class='ocrx_word' id='word_1_231' title='bbox 1949 708 2084 759; x_wconf 92' lang='lat' dir='ltr'><strong>tium</strong></span> <span class='ocrx_word' id='word_1_232' title='bbox 2141 717 2349 772; x_wconf 90' lang='lat' dir='ltr'><strong>portus,</strong></span> <span class='ocrx_word' id='word_1_233' title='bbox 2425 703 2766 773; x_wconf 84' lang='lat' dir='ltr'><strong>peccantium</strong></span> <span class='ocrx_word' id='word_1_234' title='bbox 2823 718 3106 772; x_wconf 87' lang='lat' dir='ltr'><strong>patronus,</strong></span> <span class='ocrx_word' id='word_1_235' title='bbox 3164 711 3499 765; x_wconf 79' lang='lat' dir='ltr'><strong>defessorum</strong></span> 
     </span>
    </p>
   </div>
   <div class='ocr_carea' id='block_1_36' title="bbox 1951 795 3496 864">
    <p class='ocr_par' dir='ltr' id='par_1_36' title="bbox 1951 795 3496 864">
     <span class='ocr_line' id='line_1_36' title="bbox 1951 795 3496 864; baseline 0.004 -15"><span class='ocrx_word' id='word_1_236' title='bbox 1951 796 2242 859; x_wconf 81' lang='lat' dir='ltr'><strong>recreatio,</strong></span> <span class='ocrx_word' id='word_1_237' title='bbox 2302 809 2686 863; x_wconf 84' lang='lat' dir='ltr'><strong>Oppressorum</strong></span> <span class='ocrx_word' id='word_1_238' title='bbox 2746 795 3050 864; x_wconf 78' lang='lat' dir='ltr'><strong>refugium,</strong></span> <span class='ocrx_word' id='word_1_239' title='bbox 3114 800 3496 855; x_wconf 89' lang='lat' dir='ltr'><strong>miraculorum</strong></span> 
     </span>
    </p>
   </div>
   <div class='ocr_carea' id='block_1_37' title="bbox 1948 883 3493 959">
    <p class='ocr_par' dir='ltr' id='par_1_37' title="bbox 1948 883 3493 959">
     <span class='ocr_line' id='line_1_37' title="bbox 1948 883 3493 959; baseline 0.004 -19"><span class='ocrx_word' id='word_1_240' title='bbox 1948 888 2089 947; x_wconf 81' lang='lat' dir='ltr'><strong>forts,</strong></span> <span class='ocrx_word' id='word_1_241' title='bbox 2146 888 2450 940; x_wconf 73' lang='lat' dir='ltr'><strong>daemonum</strong></span> <span class='ocrx_word' id='word_1_242' title='bbox 2499 883 2825 953; x_wconf 87' lang='lat' dir='ltr'><strong>profugatio,</strong></span> <span class='ocrx_word' id='word_1_243' title='bbox 2878 892 3249 954; x_wconf 89' lang='lat' dir='ltr'><strong>apostolorum</strong></span> <span class='ocrx_word' id='word_1_244' title='bbox 3307 893 3493 959; x_wconf 82' lang='lat' dir='ltr'><strong>gloria,</strong></span> 
     </span>
    </p>
   </div>
   <div class='ocr_carea' id='block_1_38' title="bbox 1948 976 3499 1051">
    <p class='ocr_par' dir='ltr' id='par_1_38' title="bbox 1948 976 3499 1051">
     <span class='ocr_line' id='line_1_38' title="bbox 1948 976 3499 1051; baseline 0.002 -20"><span class='ocrx_word' id='word_1_245' title='bbox 1948 977 2259 1044; x_wconf 87' lang='lat' dir='ltr'><strong>angelorum</strong></span> <span class='ocrx_word' id='word_1_246' title='bbox 2286 976 2442 1038; x_wconf 87' lang='lat' dir='ltr'><strong>civis,</strong></span> <span class='ocrx_word' id='word_1_247' title='bbox 2467 976 2559 1044; x_wconf 89' lang='lat' dir='ltr'><strong>qui</strong></span> <span class='ocrx_word' id='word_1_248' title='bbox 2589 977 2863 1043; x_wconf 83' lang='lat' dir='ltr'><strong>prophetis</strong></span> <span class='ocrx_word' id='word_1_249' title='bbox 2889 979 3194 1043; x_wconf 89' lang='lat' dir='ltr'><strong>sublimior,</strong></span> <span class='ocrx_word' id='word_1_250' title='bbox 3220 990 3274 1033; x_wconf 88' lang='lat' dir='ltr'><strong>et</strong></span> <span class='ocrx_word' id='word_1_251' title='bbox 3300 992 3499 1051; x_wconf 88' lang='lat' dir='ltr'><strong>marty-</strong></span> 
     </span>
    </p>
   </div>
   <div class='ocr_carea' id='block_1_39' title="bbox 1949 1065 3501 1139">
    <p class='ocr_par' dir='ltr' id='par_1_39' title="bbox 1949 1065 3501 1139">
     <span class='ocr_line' id='line_1_39' title="bbox 1949 1065 3501 1139; baseline 0.003 -19"><span class='ocrx_word' id='word_1_252' title='bbox 1949 1084 2067 1121; x_wconf 92' lang='lat' dir='ltr'><strong>rum</strong></span> <span class='ocrx_word' id='word_1_253' title='bbox 2098 1082 2324 1122; x_wconf 88' lang='lat' dir='ltr'><strong>consors</strong></span> <span class='ocrx_word' id='word_1_254' title='bbox 2354 1066 2529 1129; x_wconf 91' lang='lat' dir='ltr'><strong>fuisti,</strong></span> <span class='ocrx_word' id='word_1_255' title='bbox 2557 1065 2675 1133; x_wconf 88' lang='lat' dir='ltr'><strong>ejus</strong></span> <span class='ocrx_word' id='word_1_256' title='bbox 2703 1067 2938 1136; x_wconf 89' lang='lat' dir='ltr'><strong>denique</strong></span> <span class='ocrx_word' id='word_1_257' title='bbox 2970 1069 3173 1135; x_wconf 64' lang='lat' dir='ltr'><strong>gloriae,</strong></span> <span class='ocrx_word' id='word_1_258' title='bbox 3206 1086 3325 1139; x_wconf 68' lang='lat' dir='ltr'><strong>quae</strong></span> <span class='ocrx_word' id='word_1_259' title='bbox 3350 1087 3501 1125; x_wconf 85' lang='lat' dir='ltr'><strong>reve-</strong></span> 
     </span>
    </p>
   </div>
   <div class='ocr_carea' id='block_1_40' title="bbox 1948 1157 3495 1225">
    <p class='ocr_par' dir='ltr' id='par_1_40' title="bbox 1948 1157 3495 1225">
     <span class='ocr_line' id='line_1_40' title="bbox 1948 1157 3495 1225; baseline 0.003 -15"><span class='ocrx_word' id='word_1_260' title='bbox 1948 1158 2102 1212; x_wconf 89' lang='lat' dir='ltr'><strong>landa</strong></span> <span class='ocrx_word' id='word_1_261' title='bbox 2118 1169 2222 1221; x_wconf 90' lang='lat' dir='ltr'><strong>est,</strong></span> <span class='ocrx_word' id='word_1_262' title='bbox 2240 1159 2532 1225; x_wconf 89' lang='lat' dir='ltr'><strong>particeps,</strong></span> <span class='ocrx_word' id='word_1_263' title='bbox 2552 1157 3005 1225; x_wconf 83' lang='lat' dir='ltr'><strong>sempiternorum</strong></span> <span class='ocrx_word' id='word_1_264' title='bbox 3027 1160 3284 1214; x_wconf 89' lang='lat' dir='ltr'><strong>bonorum</strong></span> <span class='ocrx_word' id='word_1_265' title='bbox 3305 1164 3495 1225; x_wconf 61' lang='lat' dir='ltr'><strong>haeres,</strong></span> 
     </span>
    </p>
   </div>
   <div class='ocr_carea' id='block_1_41' title="bbox 1950 1246 3499 1318">
    <p class='ocr_par' dir='ltr' id='par_1_41' title="bbox 1950 1246 3499 1318">
     <span class='ocr_line' id='line_1_41' title="bbox 1950 1246 3499 1318; baseline 0.005 -18"><span class='ocrx_word' id='word_1_266' title='bbox 1950 1248 2134 1301; x_wconf 90' lang='lat' dir='ltr'><strong>tnundi</strong></span> <span class='ocrx_word' id='word_1_267' title='bbox 2171 1247 2375 1308; x_wconf 91' lang='lat' dir='ltr'><strong>lumen,</strong></span> <span class='ocrx_word' id='word_1_268' title='bbox 2406 1246 2675 1312; x_wconf 87' lang='lat' dir='ltr'><strong>omnium,</strong></span> <span class='ocrx_word' id='word_1_269' title='bbox 2718 1256 2774 1300; x_wconf 91' lang='lat' dir='ltr'><strong>ut</strong></span> <span class='ocrx_word' id='word_1_270' title='bbox 2802 1250 3115 1303; x_wconf 85' lang='lat' dir='ltr'><strong>summatim</strong></span> <span class='ocrx_word' id='word_1_271' title='bbox 3162 1251 3359 1318; x_wconf 91' lang='lat' dir='ltr'><strong>dicam,</strong></span> <span class='ocrx_word' id='word_1_272' title='bbox 3398 1253 3499 1306; x_wconf 87' lang='lat' dir='ltr'><strong>bo-</strong></span> 
     </span>
    </p>
   </div>
   <div class='ocr_carea' id='block_1_42' title="bbox 1948 1340 2478 1393">
    <p class='ocr_par' dir='ltr' id='par_1_42' title="bbox 1948 1340 2478 1393">
     <span class='ocr_line' id='line_1_42' title="bbox 1948 1340 2478 1393; baseline 0 -1"><span class='ocrx_word' id='word_1_273' title='bbox 1948 1354 2137 1392; x_wconf 90' lang='lat' dir='ltr'><strong>norum</strong></span> <span class='ocrx_word' id='word_1_274' title='bbox 2169 1340 2478 1393; x_wconf 90' lang='lat' dir='ltr'><strong>thesaurus.</strong></span> 
     </span>
    </p>
   </div>
   <div class='ocr_carea' id='block_1_43' title="bbox 2018 1429 3499 1505">
    <p class='ocr_par' dir='ltr' id='par_1_43' title="bbox 2018 1429 3499 1505">
     <span class='ocr_line' id='line_1_43' title="bbox 2018 1429 3499 1505; baseline 0.005 -23"><span class='ocrx_word' id='word_1_275' title='bbox 2018 1429 2085 1483; x_wconf 80' lang='grc' dir='ltr'>Χ.</span> <span class='ocrx_word' id='word_1_276' title='bbox 2147 1430 2333 1500; x_wconf 82' lang='lat' dir='ltr'><strong>Itaque</strong></span> <span class='ocrx_word' id='word_1_277' title='bbox 2385 1434 2550 1499; x_wconf 84' lang='lat' dir='ltr'><strong>salve,</strong></span> <span class='ocrx_word' id='word_1_278' title='bbox 2612 1434 3027 1497; x_wconf 68' lang='lat' dir='ltr'><strong>Bartholomace,</strong></span> <span class='ocrx_word' id='word_1_279' title='bbox 3101 1434 3250 1488; x_wconf 87' lang='lat' dir='ltr'><strong>illius</strong></span> <span class='ocrx_word' id='word_1_280' title='bbox 3319 1436 3499 1505; x_wconf 85' lang='lat' dir='ltr'><strong>magni</strong></span> 
     </span>
    </p>
   </div>
   <div class='ocr_carea' id='block_1_44' title="bbox 1950 1523 3500 1595">
    <p class='ocr_par' dir='ltr' id='par_1_44' title="bbox 1950 1523 3500 1595">
     <span class='ocr_line' id='line_1_44' title="bbox 1950 1523 3500 1595; baseline 0.001 -18"><span class='ocrx_word' id='word_1_281' title='bbox 1950 1524 2170 1577; x_wconf 90' lang='lat' dir='ltr'><strong>tonitrui</strong></span> <span class='ocrx_word' id='word_1_282' title='bbox 2207 1523 2406 1594; x_wconf 80' lang='lat' dir='ltr'><strong>fulgur,</strong></span> <span class='ocrx_word' id='word_1_283' title='bbox 2448 1526 2677 1592; x_wconf 90' lang='lat' dir='ltr'><strong>quodin</strong></span> <span class='ocrx_word' id='word_1_284' title='bbox 2725 1536 2843 1580; x_wconf 88' lang='lat' dir='ltr'><strong>rota</strong></span> <span class='ocrx_word' id='word_1_285' title='bbox 2899 1525 3082 1579; x_wconf 91' lang='lat' dir='ltr'><strong>mundi</strong></span> <span class='ocrx_word' id='word_1_286' title='bbox 3127 1526 3290 1594; x_wconf 85' lang='lat' dir='ltr'><strong>hujus</strong></span> <span class='ocrx_word' id='word_1_287' title='bbox 3337 1542 3500 1595; x_wconf 87' lang='lat' dir='ltr'><strong>appa-</strong></span> 
     </span>
    </p>
   </div>
   <div class='ocr_carea' id='block_1_45' title="bbox 1948 1615 3498 1677">
    <p class='ocr_par' dir='ltr' id='par_1_45' title="bbox 1948 1615 3498 1677">
     <span class='ocr_line' id='line_1_45' title="bbox 1948 1615 3498 1677; baseline 0.003 -9"><span class='ocrx_word' id='word_1_288' title='bbox 1948 1615 2125 1677; x_wconf 91' lang='lat' dir='ltr'><strong>ruisti,</strong></span> <span class='ocrx_word' id='word_1_289' title='bbox 2155 1624 2209 1669; x_wconf 86' lang='lat' dir='ltr'><strong>et</strong></span> <span class='ocrx_word' id='word_1_290' title='bbox 2239 1616 2501 1671; x_wconf 87' lang='lat' dir='ltr'><strong>idolorum</strong></span> <span class='ocrx_word' id='word_1_291' title='bbox 2535 1617 2799 1672; x_wconf 79' lang='lat' dir='ltr'><strong>insaniam</strong></span> <span class='ocrx_word' id='word_1_292' title='bbox 2832 1634 2896 1672; x_wconf 88' lang='lat' dir='ltr'><strong>ac</strong></span> <span class='ocrx_word' id='word_1_293' title='bbox 2925 1629 3136 1671; x_wconf 88' lang='lat' dir='ltr'><strong>noctem</strong></span> <span class='ocrx_word' id='word_1_294' title='bbox 3166 1619 3498 1672; x_wconf 74' lang='lat' dir='ltr'><strong>exstinxisli.</strong></span> 
     </span>
    </p>
   </div>
   <div class='ocr_carea' id='block_1_46' title="bbox 1949 1705 3500 1780">
    <p class='ocr_par' dir='ltr' id='par_1_46' title="bbox 1949 1705 3500 1780">
     <span class='ocr_line' id='line_1_46' title="bbox 1949 1705 3500 1780; baseline 0.002 -20"><span class='ocrx_word' id='word_1_295' title='bbox 1949 1705 2125 1773; x_wconf 78' lang='lat' dir='ltr'><strong>Salve,</strong></span> <span class='ocrx_word' id='word_1_296' title='bbox 2154 1707 2564 1775; x_wconf 73' lang='lat' dir='ltr'><strong>Bartholomaee,</strong></span> <span class='ocrx_word' id='word_1_297' title='bbox 2617 1711 2709 1765; x_wconf 89' lang='lat' dir='ltr'><strong>ille</strong></span> <span class='ocrx_word' id='word_1_298' title='bbox 2742 1710 2979 1780; x_wconf 87' lang='lat' dir='ltr'><strong>Spiritus</strong></span> <span class='ocrx_word' id='word_1_299' title='bbox 3030 1710 3205 1763; x_wconf 88' lang='lat' dir='ltr'><strong>sancti</strong></span> <span class='ocrx_word' id='word_1_300' title='bbox 3255 1710 3500 1763; x_wconf 86' lang='lat' dir='ltr'><strong>calamus</strong></span> 
     </span>
    </p>
   </div>
   <div class='ocr_carea' id='block_1_47' title="bbox 1948 1799 3502 1870">
    <p class='ocr_par' dir='ltr' id='par_1_47' title="bbox 1948 1799 3502 1870">
     <span class='ocr_line' id='line_1_47' title="bbox 1948 1799 3502 1870; baseline -0.001 -17"><span class='ocrx_word' id='word_1_301' title='bbox 1948 1799 2196 1853; x_wconf 82' lang='lat' dir='ltr'><strong>celeriter</strong></span> <span class='ocrx_word' id='word_1_302' title='bbox 2227 1800 2495 1865; x_wconf 88' lang='lat' dir='ltr'><strong>scribens,</strong></span> <span class='ocrx_word' id='word_1_303' title='bbox 2521 1802 2615 1870; x_wconf 90' lang='lat' dir='ltr'><strong>qui</strong></span> <span class='ocrx_word' id='word_1_304' title='bbox 2653 1801 2824 1870; x_wconf 85' lang='lat' dir='ltr'><strong>legem</strong></span> <span class='ocrx_word' id='word_1_305' title='bbox 2856 1801 2909 1853; x_wconf 93' lang='lat' dir='ltr'><strong>in</strong></span> <span class='ocrx_word' id='word_1_306' title='bbox 2951 1800 3146 1854; x_wconf 89' lang='lat' dir='ltr'><strong>tahulis</strong></span> <span class='ocrx_word' id='word_1_307' title='bbox 3171 1800 3350 1853; x_wconf 90' lang='lat' dir='ltr'><strong>cordis</strong></span> <span class='ocrx_word' id='word_1_308' title='bbox 3383 1801 3502 1868; x_wconf 90' lang='lat' dir='ltr'><strong>pul-</strong></span> 
     </span>
    </p>
   </div>
   <div class='ocr_carea' id='block_1_48' title="bbox 1946 1891 3497 1962">
    <p class='ocr_par' dir='ltr' id='par_1_48' title="bbox 1946 1891 3497 1962">
     <span class='ocr_line' id='line_1_48' title="bbox 1946 1891 3497 1962; baseline -0.001 -17"><span class='ocrx_word' id='word_1_309' title='bbox 1946 1891 2210 1946; x_wconf 85' lang='lat' dir='ltr'><strong>cherrime</strong></span> <span class='ocrx_word' id='word_1_310' title='bbox 2247 1892 2604 1961; x_wconf 87' lang='lat' dir='ltr'><strong>descripsisti,</strong></span> <span class='ocrx_word' id='word_1_311' title='bbox 2663 1893 2857 1962; x_wconf 87' lang='lat' dir='ltr'><strong>legem,</strong></span> <span class='ocrx_word' id='word_1_312' title='bbox 2908 1894 3150 1961; x_wconf 86' lang='lat' dir='ltr'><strong>inquam,</strong></span> <span class='ocrx_word' id='word_1_313' title='bbox 3198 1892 3345 1945; x_wconf 85' lang='lat' dir='ltr'><strong>illam</strong></span> <span class='ocrx_word' id='word_1_314' title='bbox 3390 1908 3497 1944; x_wconf 92' lang='lat' dir='ltr'><strong>non</strong></span> 
     </span>
    </p>
   </div>
   <div class='ocr_carea' id='block_1_49' title="bbox 1949 1983 3498 2049">
    <p class='ocr_par' dir='ltr' id='par_1_49' title="bbox 1949 1983 3498 2049">
     <span class='ocr_line' id='line_1_49' title="bbox 1949 1983 3498 2049; baseline 0.001 -14"><span class='ocrx_word' id='word_1_315' title='bbox 1949 1992 2199 2047; x_wconf 82' lang='lat' dir='ltr'><strong>veterem,</strong></span> <span class='ocrx_word' id='word_1_316' title='bbox 2250 1986 2343 2038; x_wconf 87' lang='lat' dir='ltr'><strong>sed</strong></span> <span class='ocrx_word' id='word_1_317' title='bbox 2396 1985 2551 2039; x_wconf 84' lang='lat' dir='ltr'><strong>valde</strong></span> <span class='ocrx_word' id='word_1_318' title='bbox 2598 2000 2815 2039; x_wconf 87' lang='lat' dir='ltr'><strong>novatn.</strong></span> <span class='ocrx_word' id='word_1_319' title='bbox 2869 1984 3048 2049; x_wconf 90' lang='lat' dir='ltr'><strong>Salve,</strong></span> <span class='ocrx_word' id='word_1_320' title='bbox 3084 1983 3498 2049; x_wconf 76' lang='lat' dir='ltr'><strong>Bartholomzee,</strong></span> 
     </span>
    </p>
   </div>
   <div class='ocr_carea' id='block_1_50' title="bbox 1946 2074 3499 2145">
    <p class='ocr_par' dir='ltr' id='par_1_50' title="bbox 1946 2074 3499 2145">
     <span class='ocr_line' id='line_1_50' title="bbox 1946 2074 3499 2145; baseline 0.001 -21"><span class='ocrx_word' id='word_1_321' title='bbox 1946 2074 2178 2142; x_wconf 88' lang='lat' dir='ltr'><strong>potentis</strong></span> <span class='ocrx_word' id='word_1_322' title='bbox 2237 2074 2395 2129; x_wconf 84' lang='lat' dir='ltr'><strong>Verbi</strong></span> <span class='ocrx_word' id='word_1_323' title='bbox 2452 2076 2649 2145; x_wconf 82' lang='lat' dir='ltr'><strong>sagitta</strong></span> <span class='ocrx_word' id='word_1_324' title='bbox 2701 2076 3041 2137; x_wconf 82' lang='lat' dir='ltr'><strong>arutissima,</strong></span> <span class='ocrx_word' id='word_1_325' title='bbox 3092 2090 3213 2144; x_wconf 73' lang='lat' dir='ltr'><strong>qute</strong></span> <span class='ocrx_word' id='word_1_326' title='bbox 3261 2076 3499 2128; x_wconf 90' lang='lat' dir='ltr'><strong>hostium</strong></span> 
     </span>
    </p>
   </div>
   <div class='ocr_carea' id='block_1_51' title="bbox 1945 2166 3496 2237">
    <p class='ocr_par' dir='ltr' id='par_1_51' title="bbox 1945 2166 3496 2237">
     <span class='ocr_line' id='line_1_51' title="bbox 1945 2166 3496 2237; baseline -0.001 -19"><span class='ocrx_word' id='word_1_327' title='bbox 1945 2166 2101 2219; x_wconf 84' lang='lat' dir='ltr'><strong>corda</strong></span> <span class='ocrx_word' id='word_1_328' title='bbox 2129 2167 2444 2227; x_wconf 53' lang='lat' dir='ltr'><strong>vulnerasti,</strong></span> <span class='ocrx_word' id='word_1_329' title='bbox 2487 2166 2794 2222; x_wconf 75' lang='lat' dir='ltr'><strong>daunonum</strong></span> <span class='ocrx_word' id='word_1_330' title='bbox 2832 2183 2927 2237; x_wconf 87' lang='lat' dir='ltr'><strong>per</strong></span> <span class='ocrx_word' id='word_1_331' title='bbox 2971 2182 3150 2220; x_wconf 87' lang='lat' dir='ltr'><strong>aerem</strong></span> <span class='ocrx_word' id='word_1_332' title='bbox 3188 2166 3496 2234; x_wconf 88' lang='lat' dir='ltr'><strong>vagantium</strong></span> 
     </span>
    </p>
   </div>
   <div class='ocr_carea' id='block_1_52' title="bbox 1948 2256 3499 2324">
    <p class='ocr_par' dir='ltr' id='par_1_52' title="bbox 1948 2256 3499 2324">
     <span class='ocr_line' id='line_1_52' title="bbox 1948 2256 3499 2324; baseline 0.001 -17"><span class='ocrx_word' id='word_1_333' title='bbox 1948 2264 2153 2309; x_wconf 87' lang='lat' dir='ltr'><strong>turmas</strong></span> <span class='ocrx_word' id='word_1_334' title='bbox 2191 2257 2528 2324; x_wconf 88' lang='lat' dir='ltr'><strong>percussisti,</strong></span> <span class='ocrx_word' id='word_1_335' title='bbox 2551 2266 2603 2310; x_wconf 91' lang='lat' dir='ltr'><strong>et</strong></span> <span class='ocrx_word' id='word_1_336' title='bbox 2639 2258 2945 2311; x_wconf 88' lang='lat' dir='ltr'><strong>mortalium</strong></span> <span class='ocrx_word' id='word_1_337' title='bbox 2972 2256 3182 2310; x_wconf 85' lang='lat' dir='ltr'><strong>animas</strong></span> <span class='ocrx_word' id='word_1_338' title='bbox 3214 2257 3344 2309; x_wconf 81' lang='lat' dir='ltr'><strong>vitio</strong></span> <span class='ocrx_word' id='word_1_339' title='bbox 3377 2256 3499 2308; x_wconf 90' lang='lat' dir='ltr'><strong>vul-</strong></span> 
     </span>
    </p>
   </div>
   <div class='ocr_carea' id='block_1_53' title="bbox 1946 2344 3496 2414">
    <p class='ocr_par' dir='ltr' id='par_1_53' title="bbox 1946 2344 3496 2414">
     <span class='ocr_line' id='line_1_53' title="bbox 1946 2344 3496 2414; baseline -0.001 -15"><span class='ocrx_word' id='word_1_340' title='bbox 1946 2356 2181 2411; x_wconf 90' lang='lat' dir='ltr'><strong>neratas,</strong></span> <span class='ocrx_word' id='word_1_341' title='bbox 2230 2362 2392 2400; x_wconf 87' lang='lat' dir='ltr'><strong>sanas</strong></span> <span class='ocrx_word' id='word_1_342' title='bbox 2427 2347 2677 2401; x_wconf 80' lang='lat' dir='ltr'><strong>effecisti.</strong></span> <span class='ocrx_word' id='word_1_343' title='bbox 2739 2345 2916 2412; x_wconf 77' lang='lat' dir='ltr'><strong>Salve,</strong></span> <span class='ocrx_word' id='word_1_344' title='bbox 2959 2346 3374 2411; x_wconf 67' lang='lat' dir='ltr'><strong>Bartholomace,</strong></span> <span class='ocrx_word' id='word_1_345' title='bbox 3404 2344 3496 2414; x_wconf 90' lang='lat' dir='ltr'><strong>qui</strong></span> 
     </span>
    </p>
   </div>
   <div class='ocr_carea' id='block_1_54' title="bbox 1944 2438 3497 2507">
    <p class='ocr_par' dir='ltr' id='par_1_54' title="bbox 1944 2438 3497 2507">
     <span class='ocr_line' id='line_1_54' title="bbox 1944 2438 3497 2507; baseline -0.001 -16"><span class='ocrx_word' id='word_1_346' title='bbox 1944 2439 2210 2491; x_wconf 92' lang='lat' dir='ltr'><strong>idolorum</strong></span> <span class='ocrx_word' id='word_1_347' title='bbox 2242 2438 2436 2506; x_wconf 85' lang='lat' dir='ltr'><strong>templa</strong></span> <span class='ocrx_word' id='word_1_348' title='bbox 2485 2438 2603 2492; x_wconf 91' lang='lat' dir='ltr'><strong>solo</strong></span> <span class='ocrx_word' id='word_1_349' title='bbox 2642 2438 2963 2507; x_wconf 68' lang='lat' dir='ltr'><strong>aquuasti,</strong></span> <span class='ocrx_word' id='word_1_350' title='bbox 2998 2445 3049 2490; x_wconf 88' lang='lat' dir='ltr'><strong>et</strong></span> <span class='ocrx_word' id='word_1_351' title='bbox 3081 2438 3328 2492; x_wconf 89' lang='lat' dir='ltr'><strong>homines</strong></span> <span class='ocrx_word' id='word_1_352' title='bbox 3353 2438 3497 2505; x_wconf 83' lang='lat' dir='ltr'><strong>ipsos</strong></span> 
     </span>
    </p>
   </div>
   <div class='ocr_carea' id='block_1_55' title="bbox 1944 2526 3496 2597">
    <p class='ocr_par' dir='ltr' id='par_1_55' title="bbox 1944 2526 3496 2597">
     <span class='ocr_line' id='line_1_55' title="bbox 1944 2526 3496 2597; baseline 0.001 -18"><span class='ocrx_word' id='word_1_353' title='bbox 1944 2528 2173 2581; x_wconf 88' lang='lat' dir='ltr'><strong>viventis</strong></span> <span class='ocrx_word' id='word_1_354' title='bbox 2197 2527 2287 2582; x_wconf 88' lang='lat' dir='ltr'><strong>Dei</strong></span> <span class='ocrx_word' id='word_1_355' title='bbox 2309 2528 2505 2597; x_wconf 85' lang='lat' dir='ltr'><strong>templa</strong></span> <span class='ocrx_word' id='word_1_356' title='bbox 2532 2528 2833 2582; x_wconf 86' lang='lat' dir='ltr'><strong>reddidisti.</strong></span> <span class='ocrx_word' id='word_1_357' title='bbox 2860 2528 3037 2591; x_wconf 88' lang='lat' dir='ltr'><strong>Salve,</strong></span> <span class='ocrx_word' id='word_1_358' title='bbox 3066 2526 3302 2597; x_wconf 90' lang='lat' dir='ltr'><strong>Spiritus</strong></span> <span class='ocrx_word' id='word_1_359' title='bbox 3321 2530 3496 2582; x_wconf 83' lang='lat' dir='ltr'><strong>sancti</strong></span> 
     </span>
    </p>
   </div>
   <div class='ocr_carea' id='block_1_56' title="bbox 1945 2618 3494 2689">
    <p class='ocr_par' dir='ltr' id='par_1_56' title="bbox 1945 2618 3494 2689">
     <span class='ocr_line' id='line_1_56' title="bbox 1945 2618 3494 2689; baseline 0.001 -19"><span class='ocrx_word' id='word_1_360' title='bbox 1945 2619 2175 2689; x_wconf 84' lang='lat' dir='ltr'><strong>gladius,</strong></span> <span class='ocrx_word' id='word_1_361' title='bbox 2206 2619 2299 2688; x_wconf 92' lang='lat' dir='ltr'><strong>qui</strong></span> <span class='ocrx_word' id='word_1_362' title='bbox 2327 2619 2757 2688; x_wconf 88' lang='lat' dir='ltr'><strong>alienigenarum</strong></span> <span class='ocrx_word' id='word_1_363' title='bbox 2801 2628 3010 2673; x_wconf 82' lang='lat' dir='ltr'><strong>turmas</strong></span> <span class='ocrx_word' id='word_1_364' title='bbox 3055 2620 3326 2673; x_wconf 90' lang='lat' dir='ltr'><strong>sermonis</strong></span> <span class='ocrx_word' id='word_1_365' title='bbox 3357 2618 3494 2682; x_wconf 89' lang='lat' dir='ltr'><strong>acie,</strong></span> 
     </span>
    </p>
   </div>
   <div class='ocr_carea' id='block_1_57' title="bbox 1943 2708 3499 2776">
    <p class='ocr_par' dir='ltr' id='par_1_57' title="bbox 1943 2708 3499 2776">
     <span class='ocr_line' id='line_1_57' title="bbox 1943 2708 3499 2776; baseline -0.001 -14"><span class='ocrx_word' id='word_1_366' title='bbox 1943 2719 1997 2762; x_wconf 88' lang='lat' dir='ltr'><strong>et</strong></span> <span class='ocrx_word' id='word_1_367' title='bbox 2026 2725 2213 2763; x_wconf 88' lang='lat' dir='ltr'><strong>omnes</strong></span> <span class='ocrx_word' id='word_1_368' title='bbox 2254 2719 2461 2762; x_wconf 89' lang='lat' dir='ltr'><strong>mentes</strong></span> <span class='ocrx_word' id='word_1_369' title='bbox 2500 2710 2564 2761; x_wconf 90' lang='lat' dir='ltr'><strong>ad</strong></span> <span class='ocrx_word' id='word_1_370' title='bbox 2607 2709 2806 2762; x_wconf 82' lang='lat' dir='ltr'><strong>Christi</strong></span> <span class='ocrx_word' id='word_1_371' title='bbox 2848 2708 3207 2762; x_wconf 88' lang='lat' dir='ltr'><strong>obedientiam</strong></span> <span class='ocrx_word' id='word_1_372' title='bbox 3259 2709 3499 2776; x_wconf 79' lang='lat' dir='ltr'><strong>captivas</strong></span> 
     </span>
    </p>
   </div>
   <div class='ocr_carea' id='block_1_58' title="bbox 1942 2797 3500 2868">
    <p class='ocr_par' dir='ltr' id='par_1_58' title="bbox 1942 2797 3500 2868">
     <span class='ocr_line' id='line_1_58' title="bbox 1942 2797 3500 2868; baseline -0.001 -15"><span class='ocrx_word' id='word_1_373' title='bbox 1942 2800 2166 2854; x_wconf 81' lang='lat' dir='ltr'><strong>duxisti.</strong></span> <span class='ocrx_word' id='word_1_374' title='bbox 2216 2798 2390 2864; x_wconf 89' lang='lat' dir='ltr'><strong>Salve,</strong></span> <span class='ocrx_word' id='word_1_375' title='bbox 2418 2798 2683 2853; x_wconf 83' lang='lat' dir='ltr'><strong>concinna</strong></span> <span class='ocrx_word' id='word_1_376' title='bbox 2738 2799 2911 2854; x_wconf 89' lang='lat' dir='ltr'><strong>sancti</strong></span> <span class='ocrx_word' id='word_1_377' title='bbox 2968 2800 3201 2868; x_wconf 88' lang='lat' dir='ltr'><strong>Spiritus</strong></span> <span class='ocrx_word' id='word_1_378' title='bbox 3239 2797 3500 2853; x_wconf 86' lang='lat' dir='ltr'><strong>Paracleti</strong></span> 
     </span>
    </p>
   </div>
   <div class='ocr_carea' id='block_1_59' title="bbox 1945 2889 3498 2959">
    <p class='ocr_par' dir='ltr' id='par_1_59' title="bbox 1945 2889 3498 2959">
     <span class='ocr_line' id='line_1_59' title="bbox 1945 2889 3498 2959; baseline -0.002 -15"><span class='ocrx_word' id='word_1_379' title='bbox 1945 2891 2173 2953; x_wconf 86' lang='lat' dir='ltr'><strong>cithara,</strong></span> <span class='ocrx_word' id='word_1_380' title='bbox 2196 2891 2474 2945; x_wconf 84' lang='lat' dir='ltr'><strong>rationalis</strong></span> <span class='ocrx_word' id='word_1_381' title='bbox 2501 2891 2652 2953; x_wconf 86' lang='lat' dir='ltr'><strong>tibia,</strong></span> <span class='ocrx_word' id='word_1_382' title='bbox 2670 2889 2871 2944; x_wconf 86' lang='lat' dir='ltr'><strong>Christi</strong></span> <span class='ocrx_word' id='word_1_383' title='bbox 2899 2890 3338 2951; x_wconf 89' lang='lat' dir='ltr'><strong>instrumentum,</strong></span> <span class='ocrx_word' id='word_1_384' title='bbox 3357 2890 3498 2959; x_wconf 91' lang='lat' dir='ltr'><strong>quod</strong></span> 
     </span>
    </p>
   </div>
   <div class='ocr_carea' id='block_1_60' title="bbox 1944 2981 3502 3051">
    <p class='ocr_par' dir='ltr' id='par_1_60' title="bbox 1944 2981 3502 3051">
     <span class='ocr_line' id='line_1_60' title="bbox 1944 2981 3502 3051; baseline -0.002 -15"><span class='ocrx_word' id='word_1_385' title='bbox 1944 2982 2180 3036; x_wconf 70' lang='lat' dir='ltr'><strong>coalestia</strong></span> <span class='ocrx_word' id='word_1_386' title='bbox 2204 2983 2456 3051; x_wconf 85' lang='lat' dir='ltr'><strong>dogmata</strong></span> <span class='ocrx_word' id='word_1_387' title='bbox 2485 2983 2640 3036; x_wconf 91' lang='lat' dir='ltr'><strong>nobis</strong></span> <span class='ocrx_word' id='word_1_388' title='bbox 2670 2981 2938 3045; x_wconf 88' lang='lat' dir='ltr'><strong>cecinisti,</strong></span> <span class='ocrx_word' id='word_1_389' title='bbox 2958 2990 3012 3036; x_wconf 92' lang='lat' dir='ltr'><strong>et</strong></span> <span class='ocrx_word' id='word_1_390' title='bbox 3046 2998 3223 3050; x_wconf 77' lang='lat' dir='ltr'><strong>prava:</strong></span> <span class='ocrx_word' id='word_1_391' title='bbox 3250 2983 3502 3049; x_wconf 82' lang='lat' dir='ltr'><strong>impieta-</strong></span> 
     </span>
    </p>
   </div>
   <div class='ocr_carea' id='block_1_61' title="bbox 1948 3072 3499 3141">
    <p class='ocr_par' dir='ltr' id='par_1_61' title="bbox 1948 3072 3499 3141">
     <span class='ocr_line' id='line_1_61' title="bbox 1948 3072 3499 3141; baseline -0.003 -14"><span class='ocrx_word' id='word_1_392' title='bbox 1948 3075 2013 3127; x_wconf 85' lang='lat' dir='ltr'><strong>tis</strong></span> <span class='ocrx_word' id='word_1_393' title='bbox 2042 3074 2439 3128; x_wconf 87' lang='lat' dir='ltr'><strong>modulationes</strong></span> <span class='ocrx_word' id='word_1_394' title='bbox 2479 3072 2795 3128; x_wconf 88' lang='lat' dir='ltr'><strong>confudisti.</strong></span> <span class='ocrx_word' id='word_1_395' title='bbox 2849 3072 3025 3135; x_wconf 77' lang='lat' dir='ltr'><strong>Salve,</strong></span> <span class='ocrx_word' id='word_1_396' title='bbox 3054 3073 3249 3126; x_wconf 63' lang='lat' dir='ltr'><strong>malum</strong></span> <span class='ocrx_word' id='word_1_397' title='bbox 3280 3074 3499 3141; x_wconf 61' lang='lat' dir='ltr'><strong>perpul-</strong></span> 
     </span>
    </p>
   </div>
   <div class='ocr_carea' id='block_1_62' title="bbox 1946 3161 3497 3230">
    <p class='ocr_par' dir='ltr' id='par_1_62' title="bbox 1946 3161 3497 3230">
     <span class='ocr_line' id='line_1_62' title="bbox 1946 3161 3497 3230; baseline -0.001 -15"><span class='ocrx_word' id='word_1_398' title='bbox 1946 3161 2159 3224; x_wconf 90' lang='lat' dir='ltr'><strong>chrum,</strong></span> <span class='ocrx_word' id='word_1_399' title='bbox 2187 3162 2388 3215; x_wconf 88' lang='lat' dir='ltr'><strong>divinis</strong></span> <span class='ocrx_word' id='word_1_400' title='bbox 2416 3162 2796 3230; x_wconf 79' lang='lat' dir='ltr'><strong>Splendoribus</strong></span> <span class='ocrx_word' id='word_1_401' title='bbox 2818 3163 3044 3226; x_wconf 90' lang='lat' dir='ltr'><strong>illustre,</strong></span> <span class='ocrx_word' id='word_1_402' title='bbox 3072 3164 3122 3214; x_wconf 92' lang='lat' dir='ltr'><strong>in</strong></span> <span class='ocrx_word' id='word_1_403' title='bbox 3151 3179 3259 3229; x_wconf 93' lang='lat' dir='ltr'><strong>quo</strong></span> <span class='ocrx_word' id='word_1_404' title='bbox 3284 3162 3372 3215; x_wconf 89' lang='lat' dir='ltr'><strong>ille</strong></span> <span class='ocrx_word' id='word_1_405' title='bbox 3403 3162 3497 3214; x_wconf 82' lang='lat' dir='ltr'><strong>Sol</strong></span> 
     </span>
    </p>
   </div>
   <div class='ocr_carea' id='block_1_63' title="bbox 289 3250 3496 3322">
    <p class='ocr_par' dir='ltr' id='par_1_63' title="bbox 289 3250 3496 3322">
     <span class='ocr_line' id='line_1_63' title="bbox 289 3250 3496 3322; baseline -0.001 -14"><span class='ocrx_word' id='word_1_406' title='bbox 289 3257 400 3311; x_wconf 79' lang='lat' dir='ltr'><strong>\ini</strong></span> <span class='ocrx_word' id='word_1_407' title='bbox 425 3256 569 3309; x_wconf 90' lang='lat' dir='ltr'><strong>Solis</strong></span> <span class='ocrx_word' id='word_1_408' title='bbox 597 3254 811 3308; x_wconf 91' lang='lat' dir='ltr'><strong>lucidus</strong></span> <span class='ocrx_word' id='word_1_409' title='bbox 838 3251 1041 3314; x_wconf 88' lang='lat' dir='ltr'><strong>radius,</strong></span> <span class='ocrx_word' id='word_1_410' title='bbox 1077 3250 1169 3318; x_wconf 91' lang='lat' dir='ltr'><strong>qui</strong></span> <span class='ocrx_word' id='word_1_411' title='bbox 1201 3266 1231 3304; x_wconf 92' lang='lat' dir='ltr'><strong>a</strong></span> <span class='ocrx_word' id='word_1_412' title='bbox 1263 3267 1478 3305; x_wconf 92' lang='lat' dir='ltr'><strong>summo</strong></span> <span class='ocrx_word' id='word_1_413' title='bbox 1503 3252 1643 3305; x_wconf 57' lang='lat' dir='ltr'><strong>cu&#39;lo</strong></span> <span class='ocrx_word' id='word_1_414' title='bbox 1674 3265 1845 3318; x_wconf 87' lang='lat' dir='ltr'><strong>usque</strong></span> <span class='ocrx_word' id='word_1_415' title='bbox 1873 3263 1913 3319; x_wconf 71' lang='grc' dir='ltr'>α</span> <span class='ocrx_word' id='word_1_416' title='bbox 1943 3254 2167 3322; x_wconf 72' lang='lat' dir='ltr'><strong>justitite</strong></span> <span class='ocrx_word' id='word_1_417' title='bbox 2190 3254 2503 3322; x_wconf 88' lang='lat' dir='ltr'><strong>requiescit,</strong></span> <span class='ocrx_word' id='word_1_418' title='bbox 2522 3262 2576 3307; x_wconf 91' lang='lat' dir='ltr'><strong>et</strong></span> <span class='ocrx_word' id='word_1_419' title='bbox 2603 3254 2868 3307; x_wconf 90' lang='lat' dir='ltr'><strong>orationis</strong></span> <span class='ocrx_word' id='word_1_420' title='bbox 2895 3255 3024 3317; x_wconf 80' lang='lat' dir='ltr'><strong>dux,</strong></span> <span class='ocrx_word' id='word_1_421' title='bbox 3046 3269 3153 3321; x_wconf 91' lang='lat' dir='ltr'><strong>quo</strong></span> <span class='ocrx_word' id='word_1_422' title='bbox 3173 3265 3226 3306; x_wconf 90' lang='lat' dir='ltr'><strong>tu</strong></span> <span class='ocrx_word' id='word_1_423' title='bbox 3256 3253 3496 3314; x_wconf 75' lang='lat' dir='ltr'><strong>iiniixus,</strong></span> 
     </span>
    </p>
   </div>
   <div class='ocr_carea' id='block_1_64' title="bbox 287 3342 1847 3413">
    <p class='ocr_par' dir='ltr' id='par_1_64' title="bbox 287 3342 1847 3413">
     <span class='ocr_line' id='line_1_64' title="bbox 287 3342 1847 3413; baseline -0.006 -11"><span class='ocrx_word' id='word_1_424' title='bbox 287 3352 355 3402; x_wconf 87' lang='lat' dir='ltr'><strong>ad</strong></span> <span class='ocrx_word' id='word_1_425' title='bbox 383 3359 685 3403; x_wconf 77' lang='lat' dir='ltr'><strong>extremum</strong></span> <span class='ocrx_word' id='word_1_426' title='bbox 723 3358 1070 3413; x_wconf 85' lang='lat' dir='ltr'><strong>percurrens,</strong></span> <span class='ocrx_word' id='word_1_427' title='bbox 1097 3352 1153 3397; x_wconf 91' lang='lat' dir='ltr'><strong>et</strong></span> <span class='ocrx_word' id='word_1_428' title='bbox 1176 3344 1380 3397; x_wconf 88' lang='lat' dir='ltr'><strong>erroris</strong></span> <span class='ocrx_word' id='word_1_429' title='bbox 1410 3344 1659 3397; x_wconf 88' lang='lat' dir='ltr'><strong>tenebras</strong></span> <span class='ocrx_word' id='word_1_430' title='bbox 1677 3342 1847 3396; x_wconf 91' lang='lat' dir='ltr'><strong>immi-</strong></span> 
     </span>
    </p>
   </div>
   <div class='ocr_carea' id='block_1_65' title="bbox 290 3432 1845 3502">
    <p class='ocr_par' dir='ltr' id='par_1_65' title="bbox 290 3432 1845 3502">
     <span class='ocr_line' id='line_1_65' title="bbox 290 3432 1845 3502; baseline -0.006 -11"><span class='ocrx_word' id='word_1_431' title='bbox 290 3455 486 3502; x_wconf 80' lang='lat' dir='ltr'><strong>i.uens,</strong></span> <span class='ocrx_word' id='word_1_432' title='bbox 520 3445 574 3490; x_wconf 90' lang='lat' dir='ltr'><strong>et</strong></span> <span class='ocrx_word' id='word_1_433' title='bbox 610 3435 701 3499; x_wconf 89' lang='lat' dir='ltr'><strong>iis,</strong></span> <span class='ocrx_word' id='word_1_434' title='bbox 741 3434 833 3501; x_wconf 89' lang='lat' dir='ltr'><strong>qtti</strong></span> <span class='ocrx_word' id='word_1_435' title='bbox 884 3432 1144 3487; x_wconf 89' lang='lat' dir='ltr'><strong>sedebant</strong></span> <span class='ocrx_word' id='word_1_436' title='bbox 1188 3433 1240 3486; x_wconf 94' lang='lat' dir='ltr'><strong>in</strong></span> <span class='ocrx_word' id='word_1_437' title='bbox 1279 3434 1467 3487; x_wconf 87' lang='lat' dir='ltr'><strong>umbra</strong></span> <span class='ocrx_word' id='word_1_438' title='bbox 1502 3434 1712 3495; x_wconf 91' lang='lat' dir='ltr'><strong>mortis,</strong></span> <span class='ocrx_word' id='word_1_439' title='bbox 1746 3433 1845 3485; x_wconf 89' lang='lat' dir='ltr'><strong>hoc</strong></span> 
     </span>
    </p>
   </div>
   <div class='ocr_carea' id='block_1_66' title="bbox 288 3522 1847 3592">
    <p class='ocr_par' dir='ltr' id='par_1_66' title="bbox 288 3522 1847 3592">
     <span class='ocr_line' id='line_1_66' title="bbox 288 3522 1847 3592; baseline -0.006 -8"><span class='ocrx_word' id='word_1_440' title='bbox 288 3540 372 3584; x_wconf 74' lang='lat' dir='ltr'><strong>est</strong></span> <span class='ocrx_word' id='word_1_441' title='bbox 408 3528 462 3581; x_wconf 89' lang='lat' dir='ltr'><strong>in</strong></span> <span class='ocrx_word' id='word_1_442' title='bbox 502 3526 653 3581; x_wconf 88' lang='lat' dir='ltr'><strong>malis</strong></span> <span class='ocrx_word' id='word_1_443' title='bbox 690 3522 1302 3591; x_wconf 66' lang='lat' dir='ltr'><strong>Iethalibus,ell‘ulgens,</strong></span> <span class='ocrx_word' id='word_1_444' title='bbox 1337 3538 1430 3592; x_wconf 91' lang='lat' dir='ltr'><strong>per</strong></span> <span class='ocrx_word' id='word_1_445' title='bbox 1456 3523 1727 3577; x_wconf 87' lang='lat' dir='ltr'><strong>lavacrum</strong></span> <span class='ocrx_word' id='word_1_446' title='bbox 1760 3538 1847 3576; x_wconf 92' lang='lat' dir='ltr'><strong>re-</strong></span> 
     </span>
    </p>
   </div>
   <div class='ocr_carea' id='block_1_67' title="bbox 287 3613 1843 3691">
    <p class='ocr_par' dir='ltr' id='par_1_67' title="bbox 287 3613 1843 3691">
     <span class='ocr_line' id='line_1_67' title="bbox 287 3613 1843 3691; baseline -0.005 -15"><span class='ocrx_word' id='word_1_447' title='bbox 287 3619 677 3691; x_wconf 82' lang='lat' dir='ltr'><strong>generationis,</strong></span> <span class='ocrx_word' id='word_1_448' title='bbox 703 3617 793 3671; x_wconf 88' lang='lat' dir='ltr'><strong>Dei</strong></span> <span class='ocrx_word' id='word_1_449' title='bbox 825 3618 989 3678; x_wconf 82' lang='lat' dir='ltr'><strong>ﬁlios.</strong></span> <span class='ocrx_word' id='word_1_450' title='bbox 1026 3616 1283 3670; x_wconf 86' lang='lat' dir='ltr'><strong>mortales</strong></span> <span class='ocrx_word' id='word_1_451' title='bbox 1327 3615 1575 3669; x_wconf 87' lang='lat' dir='ltr'><strong>homines</strong></span> <span class='ocrx_word' id='word_1_452' title='bbox 1601 3613 1843 3669; x_wconf 72' lang='lat' dir='ltr'><strong>ellwisti.</strong></span> 
     </span>
    </p>
   </div>
   <div class='ocr_carea' id='block_1_68' title="bbox 288 3706 1847 3781">
    <p class='ocr_par' dir='ltr' id='par_1_68' title="bbox 288 3706 1847 3781">
     <span class='ocr_line' id='line_1_68' title="bbox 288 3706 1847 3781; baseline -0.005 -14"><span class='ocrx_word' id='word_1_453' title='bbox 288 3716 370 3767; x_wconf 68' lang='lat' dir='ltr'><strong>&#39;l‘u</strong></span> <span class='ocrx_word' id='word_1_454' title='bbox 398 3727 456 3765; x_wconf 90' lang='lat' dir='ltr'><strong>es</strong></span> <span class='ocrx_word' id='word_1_455' title='bbox 486 3710 762 3781; x_wconf 83' lang='lat' dir='ltr'><strong>pretiosus</strong></span> <span class='ocrx_word' id='word_1_456' title='bbox 806 3709 893 3762; x_wconf 86' lang='lat' dir='ltr'><strong>ille</strong></span> <span class='ocrx_word' id='word_1_457' title='bbox 939 3708 1095 3776; x_wconf 89' lang='lat' dir='ltr'><strong>lapis,</strong></span> <span class='ocrx_word' id='word_1_458' title='bbox 1129 3709 1197 3760; x_wconf 88' lang='lat' dir='ltr'><strong>ab</strong></span> <span class='ocrx_word' id='word_1_459' title='bbox 1246 3707 1492 3777; x_wconf 86' lang='lat' dir='ltr'><strong>angulari</strong></span> <span class='ocrx_word' id='word_1_460' title='bbox 1530 3706 1706 3777; x_wconf 88' lang='lat' dir='ltr'><strong>lapide</strong></span> <span class='ocrx_word' id='word_1_461' title='bbox 1754 3708 1847 3760; x_wconf 89' lang='lat' dir='ltr'><strong>illo</strong></span> 
     </span>
    </p>
   </div>
   <div class='ocr_carea' id='block_1_69' title="bbox 288 3794 1845 3867">
    <p class='ocr_par' dir='ltr' id='par_1_69' title="bbox 288 3794 1845 3867">
     <span class='ocr_line' id='line_1_69' title="bbox 288 3794 1845 3867; baseline -0.008 -10"><span class='ocrx_word' id='word_1_462' title='bbox 288 3804 513 3865; x_wconf 86' lang='lat' dir='ltr'><strong>missus,</strong></span> <span class='ocrx_word' id='word_1_463' title='bbox 546 3801 599 3853; x_wconf 92' lang='lat' dir='ltr'><strong>in</strong></span> <span class='ocrx_word' id='word_1_464' title='bbox 630 3814 737 3867; x_wconf 92' lang='lat' dir='ltr'><strong>quo</strong></span> <span class='ocrx_word' id='word_1_465' title='bbox 780 3797 1079 3851; x_wconf 84' lang='lat' dir='ltr'><strong>Ecclesiam</strong></span> <span class='ocrx_word' id='word_1_466' title='bbox 1114 3796 1362 3850; x_wconf 85' lang='lat' dir='ltr'><strong>Christus</strong></span> <span class='ocrx_word' id='word_1_467' title='bbox 1394 3795 1508 3864; x_wconf 91' lang='lat' dir='ltr'><strong>ipse</strong></span> <span class='ocrx_word' id='word_1_468' title='bbox 1541 3794 1845 3856; x_wconf 71' lang='lat' dir='ltr'><strong>azd-licavtt,</strong></span> 
     </span>
    </p>
   </div>
   <div class='ocr_carea' id='block_1_70' title="bbox 286 3883 1845 3960">
    <p class='ocr_par' dir='ltr' id='par_1_70' title="bbox 286 3883 1845 3960">
     <span class='ocr_line' id='line_1_70' title="bbox 286 3883 1845 3960; baseline -0.005 -17"><span class='ocrx_word' id='word_1_469' title='bbox 286 3908 413 3960; x_wconf 71' lang='lat' dir='ltr'><strong>qua:</strong></span> <span class='ocrx_word' id='word_1_470' title='bbox 444 3890 594 3943; x_wconf 86' lang='lat' dir='ltr'><strong>nullo</strong></span> <span class='ocrx_word' id='word_1_471' title='bbox 635 3902 874 3956; x_wconf 89' lang='lat' dir='ltr'><strong>unquam</strong></span> <span class='ocrx_word' id='word_1_472' title='bbox 921 3895 1163 3953; x_wconf 87' lang='lat' dir='ltr'><strong>tempore</strong></span> <span class='ocrx_word' id='word_1_473' title='bbox 1216 3883 1464 3952; x_wconf 84' lang='lat' dir='ltr'><strong>quassari</strong></span> <span class='ocrx_word' id='word_1_474' title='bbox 1505 3892 1599 3936; x_wconf 88' lang='lat' dir='ltr'><strong>aut</strong></span> <span class='ocrx_word' id='word_1_475' title='bbox 1630 3883 1845 3936; x_wconf 87' lang='lat' dir='ltr'><strong>concuti</strong></span> 
     </span>
    </p>
   </div>
   <div class='ocr_carea' id='block_1_71' title="bbox 291 3973 1848 4052">
    <p class='ocr_par' dir='ltr' id='par_1_71' title="bbox 291 3973 1848 4052">
     <span class='ocr_line' id='line_1_71' title="bbox 291 3973 1848 4052; baseline -0.004 -18"><span class='ocrx_word' id='word_1_476' title='bbox 291 3983 509 4052; x_wconf 81' lang='lat' dir='ltr'><strong>poterit.</strong></span> <span class='ocrx_word' id='word_1_477' title='bbox 545 3978 623 4031; x_wconf 87' lang='lat' dir='ltr'><strong>&#39;fu</strong></span> <span class='ocrx_word' id='word_1_478' title='bbox 657 3993 716 4032; x_wconf 90' lang='lat' dir='ltr'><strong>es</strong></span> <span class='ocrx_word' id='word_1_479' title='bbox 748 3976 1100 4045; x_wconf 89' lang='lat' dir='ltr'><strong>purissimum</strong></span> <span class='ocrx_word' id='word_1_480' title='bbox 1129 3974 1261 4027; x_wconf 89' lang='lat' dir='ltr'><strong>illud</strong></span> <span class='ocrx_word' id='word_1_481' title='bbox 1298 3988 1493 4028; x_wconf 88' lang='lat' dir='ltr'><strong>aurum</strong></span> <span class='ocrx_word' id='word_1_482' title='bbox 1537 3982 1590 4027; x_wconf 90' lang='lat' dir='ltr'><strong>et</strong></span> <span class='ocrx_word' id='word_1_483' title='bbox 1615 3973 1848 4027; x_wconf 65' lang='lat' dir='ltr'><strong>caelestis</strong></span> 
     </span>
    </p>
   </div>
   <div class='ocr_carea' id='block_1_72' title="bbox 290 4063 1845 4138">
    <p class='ocr_par' dir='ltr' id='par_1_72' title="bbox 290 4063 1845 4138">
     <span class='ocr_line' id='line_1_72' title="bbox 290 4063 1845 4138; baseline -0.005 -15"><span class='ocrx_word' id='word_1_484' title='bbox 290 4072 386 4124; x_wconf 86' lang='lat' dir='ltr'><strong>Dei</strong></span> <span class='ocrx_word' id='word_1_485' title='bbox 418 4069 875 4138; x_wconf 85' lang='lat' dir='ltr'><strong>pretiosissimum</strong></span> <span class='ocrx_word' id='word_1_486' title='bbox 913 4082 1138 4130; x_wconf 92' lang='lat' dir='ltr'><strong>munus,</strong></span> <span class='ocrx_word' id='word_1_487' title='bbox 1186 4064 1323 4119; x_wconf 88' lang='lat' dir='ltr'><strong>lucis</strong></span> <span class='ocrx_word' id='word_1_488' title='bbox 1352 4065 1629 4128; x_wconf 88' lang='lat' dir='ltr'><strong>columna,</strong></span> <span class='ocrx_word' id='word_1_489' title='bbox 1660 4063 1845 4117; x_wconf 80' lang='lat' dir='ltr'><strong>Eccle-</strong></span> 
     </span>
    </p>
   </div>
   <div class='ocr_carea' id='block_1_73' title="bbox 289 4155 1844 4226">
    <p class='ocr_par' dir='ltr' id='par_1_73' title="bbox 289 4155 1844 4226">
     <span class='ocr_line' id='line_1_73' title="bbox 289 4155 1844 4226; baseline -0.006 -11"><span class='ocrx_word' id='word_1_490' title='bbox 289 4162 388 4215; x_wconf 75' lang='lat' dir='ltr'><strong>sia:</strong></span> <span class='ocrx_word' id='word_1_491' title='bbox 431 4160 879 4221; x_wconf 88' lang='lat' dir='ltr'><strong>fundamentum,</strong></span> <span class='ocrx_word' id='word_1_492' title='bbox 940 4156 1176 4226; x_wconf 76' lang='lat' dir='ltr'><strong>Spiritus</strong></span> <span class='ocrx_word' id='word_1_493' title='bbox 1234 4156 1405 4210; x_wconf 86' lang='lat' dir='ltr'><strong>sancti</strong></span> <span class='ocrx_word' id='word_1_494' title='bbox 1460 4155 1844 4218; x_wconf 81' lang='lat' dir='ltr'><strong>diversorium,</strong></span> 
     </span>
    </p>
   </div>
   <div class='ocr_carea' id='block_1_74' title="bbox 294 4246 1846 4322">
    <p class='ocr_par' dir='ltr' id='par_1_74' title="bbox 294 4246 1846 4322">
     <span class='ocr_line' id='line_1_74' title="bbox 294 4246 1846 4322; baseline -0.004 -16"><span class='ocrx_word' id='word_1_495' title='bbox 294 4251 769 4322; x_wconf 80' lang='lat' dir='ltr'><strong>magniloquentia:</strong></span> <span class='ocrx_word' id='word_1_496' title='bbox 817 4265 1016 4318; x_wconf 72' lang='lat' dir='ltr'><strong>praeco,</strong></span> <span class='ocrx_word' id='word_1_497' title='bbox 1081 4248 1260 4317; x_wconf 88' lang='lat' dir='ltr'><strong>aquila</strong></span> <span class='ocrx_word' id='word_1_498' title='bbox 1310 4248 1365 4301; x_wconf 92' lang='lat' dir='ltr'><strong>in</strong></span> <span class='ocrx_word' id='word_1_499' title='bbox 1414 4247 1582 4300; x_wconf 89' lang='lat' dir='ltr'><strong>altum</strong></span> <span class='ocrx_word' id='word_1_500' title='bbox 1640 4246 1846 4308; x_wconf 87' lang='lat' dir='ltr'><strong>volans,</strong></span> 
     </span>
    </p>
   </div>
   <div class='ocr_carea' id='block_1_75' title="bbox 292 4337 1845 4407">
    <p class='ocr_par' dir='ltr' id='par_1_75' title="bbox 292 4337 1845 4407">
     <span class='ocr_line' id='line_1_75' title="bbox 292 4337 1845 4407; baseline -0.005 -9"><span class='ocrx_word' id='word_1_501' title='bbox 292 4358 461 4398; x_wconf 83' lang='lat' dir='ltr'><strong>suave</strong></span> <span class='ocrx_word' id='word_1_502' title='bbox 490 4356 690 4395; x_wconf 88' lang='lat' dir='ltr'><strong>canens</strong></span> <span class='ocrx_word' id='word_1_503' title='bbox 720 4340 972 4402; x_wconf 86' lang='lat' dir='ltr'><strong>luscinia,</strong></span> <span class='ocrx_word' id='word_1_504' title='bbox 998 4340 1235 4393; x_wconf 64' lang='lat' dir='ltr'><strong>caelestis</strong></span> <span class='ocrx_word' id='word_1_505' title='bbox 1260 4338 1468 4403; x_wconf 90' lang='lat' dir='ltr'><strong>cicada,</strong></span> <span class='ocrx_word' id='word_1_506' title='bbox 1499 4337 1723 4407; x_wconf 85' lang='lat' dir='ltr'><strong>angelus</strong></span> <span class='ocrx_word' id='word_1_507' title='bbox 1752 4338 1845 4390; x_wconf 81' lang='lat' dir='ltr'><strong>de-</strong></span> 
     </span>
    </p>
   </div>
   <div class='ocr_carea' id='block_1_76' title="bbox 293 4430 1845 4501">
    <p class='ocr_par' dir='ltr' id='par_1_76' title="bbox 293 4430 1845 4501">
     <span class='ocr_line' id='line_1_76' title="bbox 293 4430 1845 4501; baseline -0.004 -13"><span class='ocrx_word' id='word_1_508' title='bbox 293 4436 459 4501; x_wconf 78' lang='lat' dir='ltr'><strong>nique</strong></span> <span class='ocrx_word' id='word_1_509' title='bbox 493 4433 547 4486; x_wconf 87' lang='lat' dir='ltr'><strong>in</strong></span> <span class='ocrx_word' id='word_1_510' title='bbox 580 4432 822 4485; x_wconf 83' lang='lat' dir='ltr'><strong>humano</strong></span> <span class='ocrx_word' id='word_1_511' title='bbox 850 4447 1080 4500; x_wconf 88' lang='lat' dir='ltr'><strong>corpore</strong></span> <span class='ocrx_word' id='word_1_512' title='bbox 1110 4446 1352 4490; x_wconf 84' lang='lat' dir='ltr'><strong>versans,</strong></span> <span class='ocrx_word' id='word_1_513' title='bbox 1380 4445 1542 4483; x_wconf 86' lang='lat' dir='ltr'><strong>aurea</strong></span> <span class='ocrx_word' id='word_1_514' title='bbox 1573 4430 1845 4493; x_wconf 88' lang='lat' dir='ltr'><strong>columna,</strong></span> 
     </span>
    </p>
   </div>
   <div class='ocr_carea' id='block_1_77' title="bbox 291 4520 1847 4591">
    <p class='ocr_par' dir='ltr' id='par_1_77' title="bbox 291 4520 1847 4591">
     <span class='ocr_line' id='line_1_77' title="bbox 291 4520 1847 4591; baseline -0.004 -11"><span class='ocrx_word' id='word_1_515' title='bbox 291 4527 446 4581; x_wconf 86' lang='lat' dir='ltr'><strong>stella</strong></span> <span class='ocrx_word' id='word_1_516' title='bbox 479 4524 839 4587; x_wconf 86' lang='lat' dir='ltr'><strong>lucidissima,</strong></span> <span class='ocrx_word' id='word_1_517' title='bbox 862 4522 1059 4577; x_wconf 84' lang='lat' dir='ltr'><strong>florens</strong></span> <span class='ocrx_word' id='word_1_518' title='bbox 1090 4523 1396 4591; x_wconf 87' lang='lat' dir='ltr'><strong>paradisus,</strong></span> <span class='ocrx_word' id='word_1_519' title='bbox 1419 4520 1651 4591; x_wconf 85' lang='lat' dir='ltr'><strong>Spiritus</strong></span> <span class='ocrx_word' id='word_1_520' title='bbox 1674 4520 1847 4574; x_wconf 89' lang='lat' dir='ltr'><strong>sancti</strong></span> 
     </span>
    </p>
   </div>
   <div class='ocr_carea' id='block_1_78' title="bbox 366 4696 1844 4769">
    <p class='ocr_par' dir='ltr' id='par_1_78' title="bbox 366 4696 1844 4769">
     <span class='ocr_line' id='line_1_78' title="bbox 366 4696 1844 4769; baseline -0.005 -13"><span class='ocrx_word' id='word_1_521' title='bbox 366 4702 444 4769; x_wconf 73' lang='lat'><strong>(2)</strong></span> <span class='ocrx_word' id='word_1_522' title='bbox 489 4701 716 4756; x_wconf 89' lang='lat' dir='ltr'><strong>Sacrum</strong></span> <span class='ocrx_word' id='word_1_523' title='bbox 755 4716 953 4769; x_wconf 88' lang='lat' dir='ltr'><strong>corpus</strong></span> <span class='ocrx_word' id='word_1_524' title='bbox 999 4698 1057 4752; x_wconf 90' lang='lat' dir='ltr'><strong>S.</strong></span> <span class='ocrx_word' id='word_1_525' title='bbox 1090 4696 1738 4769; x_wconf 14' lang='lat' dir='ltr'><strong>Bartholoma‘i‘apostoli</strong></span> <span class='ocrx_word' id='word_1_526' title='bbox 1780 4711 1844 4749; x_wconf 79' lang='lat' dir='ltr'><strong>ex</strong></span> 
     </span>
    </p>
   </div>
   <div class='ocr_carea' id='block_1_79' title="bbox 292 4766 1851 4841">
    <p class='ocr_par' dir='ltr' id='par_1_79' title="bbox 292 4766 1851 4841">
     <span class='ocr_line' id='line_1_79' title="bbox 292 4766 1851 4841; baseline -0.006 -12"><span class='ocrx_word' id='word_1_527' title='bbox 292 4766 604 4841; x_wconf 78' lang='lat' dir='ltr'><strong>Lipai&#39;itaua</strong></span> <span class='ocrx_word' id='word_1_528' title='bbox 637 4771 813 4825; x_wconf 81' lang='lat' dir='ltr'><strong>insula</strong></span> <span class='ocrx_word' id='word_1_529' title='bbox 854 4766 1005 4823; x_wconf 60' lang='lat' dir='ltr'><strong>circa</strong></span> <span class='ocrx_word' id='word_1_530' title='bbox 1041 4784 1241 4841; x_wconf 85' lang='lat' dir='ltr'><strong>annum</strong></span> <span class='ocrx_word' id='word_1_531' title='bbox 1288 4766 1497 4819; x_wconf 86' lang='lat' dir='ltr'><strong>Domini</strong></span> <span class='ocrx_word' id='word_1_532' title='bbox 1530 4768 1632 4820; x_wconf 72' lang='lat'><strong>833</strong></span> <span class='ocrx_word' id='word_1_533' title='bbox 1670 4777 1851 4820; x_wconf 85' lang='lat' dir='ltr'><strong>trans-</strong></span> 
     </span>
    </p>
   </div>
   <div class='ocr_carea' id='block_1_80' title="bbox 294 4840 1849 4905">
    <p class='ocr_par' dir='ltr' id='par_1_80' title="bbox 294 4840 1849 4905">
     <span class='ocr_line' id='line_1_80' title="bbox 294 4840 1849 4905; baseline -0.005 -8"><span class='ocrx_word' id='word_1_534' title='bbox 294 4840 464 4897; x_wconf 82' lang='lat' dir='ltr'><strong>latum</strong></span> <span class='ocrx_word' id='word_1_535' title='bbox 508 4852 593 4895; x_wconf 81' lang='lat' dir='ltr'><strong>est</strong></span> <span class='ocrx_word' id='word_1_536' title='bbox 634 4842 1019 4893; x_wconf 83' lang='lat' dir='ltr'><strong>Beneventum.</strong></span> <span class='ocrx_word' id='word_1_537' title='bbox 1075 4840 1246 4905; x_wconf 76' lang='lat' dir='ltr'><strong>Capto</strong></span> <span class='ocrx_word' id='word_1_538' title='bbox 1321 4853 1446 4890; x_wconf 86' lang='lat' dir='ltr'><strong>vero</strong></span> <span class='ocrx_word' id='word_1_539' title='bbox 1504 4843 1849 4905; x_wconf 85' lang='lat' dir='ltr'><strong>postmodum</strong></span> 
     </span>
    </p>
   </div>
   <div class='ocr_carea' id='block_1_81' title="bbox 296 4907 1853 4977">
    <p class='ocr_par' dir='ltr' id='par_1_81' title="bbox 296 4907 1853 4977">
     <span class='ocr_line' id='line_1_81' title="bbox 296 4907 1853 4977; baseline -0.005 -12"><span class='ocrx_word' id='word_1_540' title='bbox 296 4916 623 4975; x_wconf 78' lang='lat' dir='ltr'><strong>ltenevento,</strong></span> <span class='ocrx_word' id='word_1_541' title='bbox 657 4908 798 4964; x_wconf 91' lang='lat' dir='ltr'><strong>Otho</strong></span> <span class='ocrx_word' id='word_1_542' title='bbox 825 4910 864 4962; x_wconf 88' lang='lat' dir='ltr'><strong>ll</strong></span> <span class='ocrx_word' id='word_1_543' title='bbox 903 4910 1197 4977; x_wconf 78' lang='lat' dir='ltr'><strong>imperator</strong></span> <span class='ocrx_word' id='word_1_544' title='bbox 1227 4907 1287 4959; x_wconf 84' lang='lat' dir='ltr'><strong>B.</strong></span> <span class='ocrx_word' id='word_1_545' title='bbox 1317 4907 1543 4974; x_wconf 89' lang='lat' dir='ltr'><strong>apostoli</strong></span> <span class='ocrx_word' id='word_1_546' title='bbox 1577 4922 1700 4961; x_wconf 75' lang='lat' dir='ltr'><strong>OSsa</strong></span> <span class='ocrx_word' id='word_1_547' title='bbox 1731 4908 1853 4959; x_wconf 85' lang='lat' dir='ltr'><strong>inde</strong></span> 
     </span>
    </p>
   </div>
   <div class='ocr_carea' id='block_1_82' title="bbox 293 4976 1855 5051">
    <p class='ocr_par' dir='ltr' id='par_1_82' title="bbox 293 4976 1855 5051">
     <span class='ocr_line' id='line_1_82' title="bbox 293 4976 1855 5051; baseline -0.005 -14"><span class='ocrx_word' id='word_1_548' title='bbox 293 4983 611 5051; x_wconf 80' lang='lat' dir='ltr'><strong>asportavit,</strong></span> <span class='ocrx_word' id='word_1_549' title='bbox 649 4997 712 5034; x_wconf 89' lang='lat' dir='ltr'><strong>ac</strong></span> <span class='ocrx_word' id='word_1_550' title='bbox 753 4978 935 5033; x_wconf 72' lang='lat' dir='ltr'><strong>ltonne</strong></span> <span class='ocrx_word' id='word_1_551' title='bbox 979 4976 1030 5029; x_wconf 82' lang='lat' dir='ltr'><strong>in</strong></span> <span class='ocrx_word' id='word_1_552' title='bbox 1064 4976 1331 5047; x_wconf 78' lang='lat' dir='ltr'><strong>Lycaonia</strong></span> <span class='ocrx_word' id='word_1_553' title='bbox 1374 4977 1552 5029; x_wconf 87' lang='lat' dir='ltr'><strong>insula</strong></span> <span class='ocrx_word' id='word_1_554' title='bbox 1587 4978 1640 5030; x_wconf 91' lang='lat' dir='ltr'><strong>in</strong></span> <span class='ocrx_word' id='word_1_555' title='bbox 1671 4980 1855 5030; x_wconf 86' lang='lat' dir='ltr'><strong>tumha</strong></span> 
     </span>
    </p>
   </div>
   <div class='ocr_carea' id='block_1_83' title="bbox 1948 3343 3499 3412">
    <p class='ocr_par' dir='ltr' id='par_1_83' title="bbox 1948 3343 3499 3412">
     <span class='ocr_line' id='line_1_83' title="bbox 1948 3343 3499 3412; baseline 0.001 -16"><span class='ocrx_word' id='word_1_556' title='bbox 1948 3344 2213 3398; x_wconf 84' lang='lat' dir='ltr'><strong>fallaciam</strong></span> <span class='ocrx_word' id='word_1_557' title='bbox 2243 3360 2459 3399; x_wconf 86' lang='lat' dir='ltr'><strong>omnem</strong></span> <span class='ocrx_word' id='word_1_558' title='bbox 2499 3345 2766 3400; x_wconf 86' lang='lat' dir='ltr'><strong>evertisti.</strong></span> <span class='ocrx_word' id='word_1_559' title='bbox 2809 3343 2882 3397; x_wconf 89' lang='lat' dir='ltr'><strong>Te</strong></span> <span class='ocrx_word' id='word_1_560' title='bbox 2911 3345 3130 3412; x_wconf 87' lang='lat' dir='ltr'><strong>quidem</strong></span> <span class='ocrx_word' id='word_1_561' title='bbox 3164 3344 3499 3397; x_wconf 88' lang='lat' dir='ltr'><strong>laudationi-</strong></span> 
     </span>
    </p>
   </div>
   <div class='ocr_carea' id='block_1_84' title="bbox 1949 3435 3501 3499">
    <p class='ocr_par' dir='ltr' id='par_1_84' title="bbox 1949 3435 3501 3499">
     <span class='ocr_line' id='line_1_84' title="bbox 1949 3435 3501 3499; baseline -0.001 -11"><span class='ocrx_word' id='word_1_562' title='bbox 1949 3435 2047 3491; x_wconf 90' lang='lat' dir='ltr'><strong>bus</strong></span> <span class='ocrx_word' id='word_1_563' title='bbox 2078 3437 2333 3490; x_wconf 70' lang='lat' dir='ltr'><strong>extollere</strong></span> <span class='ocrx_word' id='word_1_564' title='bbox 2382 3437 2591 3499; x_wconf 75' lang='lat' dir='ltr'><strong>vellem,</strong></span> <span class='ocrx_word' id='word_1_565' title='bbox 2642 3435 2735 3489; x_wconf 88' lang='lat' dir='ltr'><strong>sed</strong></span> <span class='ocrx_word' id='word_1_566' title='bbox 2771 3451 2951 3488; x_wconf 89' lang='lat' dir='ltr'><strong>rerum</strong></span> <span class='ocrx_word' id='word_1_567' title='bbox 2990 3436 3335 3487; x_wconf 86' lang='lat' dir='ltr'><strong>multitudine</strong></span> <span class='ocrx_word' id='word_1_568' title='bbox 3368 3451 3501 3489; x_wconf 83' lang='lat' dir='ltr'><strong>con-</strong></span> 
     </span>
    </p>
   </div>
   <div class='ocr_carea' id='block_1_85' title="bbox 1948 3526 3499 3593">
    <p class='ocr_par' dir='ltr' id='par_1_85' title="bbox 1948 3526 3499 3593">
     <span class='ocr_line' id='line_1_85' title="bbox 1948 3526 3499 3593; baseline 0 -15"><span class='ocrx_word' id='word_1_569' title='bbox 1948 3526 2146 3579; x_wconf 88' lang='lat' dir='ltr'><strong>fuudor</strong></span> <span class='ocrx_word' id='word_1_570' title='bbox 2176 3535 2231 3580; x_wconf 90' lang='lat' dir='ltr'><strong>et</strong></span> <span class='ocrx_word' id='word_1_571' title='bbox 2258 3527 2513 3581; x_wconf 89' lang='lat' dir='ltr'><strong>dictionis</strong></span> <span class='ocrx_word' id='word_1_572' title='bbox 2557 3526 2872 3580; x_wconf 83' lang='lat' dir='ltr'><strong>infirmitate</strong></span> <span class='ocrx_word' id='word_1_573' title='bbox 2917 3528 3233 3593; x_wconf 85' lang='lat' dir='ltr'><strong>opprimor:</strong></span> <span class='ocrx_word' id='word_1_574' title='bbox 3263 3542 3385 3579; x_wconf 92' lang='lat' dir='ltr'><strong>nam</strong></span> <span class='ocrx_word' id='word_1_575' title='bbox 3420 3528 3499 3578; x_wconf 80' lang='lat' dir='ltr'><strong>\el</strong></span> 
     </span>
    </p>
   </div>
   <div class='ocr_carea' id='block_1_86' title="bbox 1950 3616 3500 3685">
    <p class='ocr_par' dir='ltr' id='par_1_86' title="bbox 1950 3616 3500 3685">
     <span class='ocr_line' id='line_1_86' title="bbox 1950 3616 3500 3685; baseline 0.001 -16"><span class='ocrx_word' id='word_1_576' title='bbox 1950 3616 2025 3681; x_wconf 91' lang='lat' dir='ltr'><strong>hi,</strong></span> <span class='ocrx_word' id='word_1_577' title='bbox 2067 3618 2158 3685; x_wconf 91' lang='lat' dir='ltr'><strong>qui</strong></span> <span class='ocrx_word' id='word_1_578' title='bbox 2195 3618 2433 3671; x_wconf 88' lang='lat' dir='ltr'><strong>oratoria</strong></span> <span class='ocrx_word' id='word_1_579' title='bbox 2487 3617 2741 3671; x_wconf 84' lang='lat' dir='ltr'><strong>facultate</strong></span> <span class='ocrx_word' id='word_1_580' title='bbox 2772 3618 3007 3669; x_wconf 75' lang='lat' dir='ltr'><strong>maxime</strong></span> <span class='ocrx_word' id='word_1_581' title='bbox 3038 3625 3317 3684; x_wconf 68' lang='lat' dir='ltr'><strong>praestant,</strong></span> <span class='ocrx_word' id='word_1_582' title='bbox 3362 3617 3500 3670; x_wconf 85' lang='lat' dir='ltr'><strong>infe-</strong></span> 
     </span>
    </p>
   </div>
   <div class='ocr_carea' id='block_1_87' title="bbox 1948 3708 3503 3777">
    <p class='ocr_par' dir='ltr' id='par_1_87' title="bbox 1948 3708 3503 3777">
     <span class='ocr_line' id='line_1_87' title="bbox 1948 3708 3503 3777; baseline -0.003 -12"><span class='ocrx_word' id='word_1_583' title='bbox 1948 3709 2121 3764; x_wconf 85' lang='lat' dir='ltr'><strong>riores</strong></span> <span class='ocrx_word' id='word_1_584' title='bbox 2166 3719 2313 3769; x_wconf 88' lang='lat' dir='ltr'><strong>sunt,</strong></span> <span class='ocrx_word' id='word_1_585' title='bbox 2345 3724 2505 3777; x_wconf 91' lang='lat' dir='ltr'><strong>quam</strong></span> <span class='ocrx_word' id='word_1_586' title='bbox 2558 3719 2615 3761; x_wconf 90' lang='lat' dir='ltr'><strong>ut</strong></span> <span class='ocrx_word' id='word_1_587' title='bbox 2661 3718 2711 3761; x_wconf 89' lang='lat' dir='ltr'><strong>te</strong></span> <span class='ocrx_word' id='word_1_588' title='bbox 2754 3708 2975 3761; x_wconf 87' lang='lat' dir='ltr'><strong>laudare</strong></span> <span class='ocrx_word' id='word_1_589' title='bbox 3023 3708 3268 3774; x_wconf 88' lang='lat' dir='ltr'><strong>possint;</strong></span> <span class='ocrx_word' id='word_1_590' title='bbox 3327 3722 3503 3776; x_wconf 88' lang='lat' dir='ltr'><strong>neque</strong></span> 
     </span>
    </p>
   </div>
   <div class='ocr_carea' id='block_1_88' title="bbox 1948 3800 3504 3871">
    <p class='ocr_par' dir='ltr' id='par_1_88' title="bbox 1948 3800 3504 3871">
     <span class='ocr_line' id='line_1_88' title="bbox 1948 3800 3504 3871; baseline -0.001 -17"><span class='ocrx_word' id='word_1_591' title='bbox 1948 3803 2234 3871; x_wconf 89' lang='lat' dir='ltr'><strong>quisquam</strong></span> <span class='ocrx_word' id='word_1_592' title='bbox 2261 3810 2343 3855; x_wconf 90' lang='lat' dir='ltr'><strong>est</strong></span> <span class='ocrx_word' id='word_1_593' title='bbox 2368 3802 2459 3869; x_wconf 91' lang='lat' dir='ltr'><strong>qui</strong></span> <span class='ocrx_word' id='word_1_594' title='bbox 2508 3817 2604 3869; x_wconf 89' lang='lat' dir='ltr'><strong>pro</strong></span> <span class='ocrx_word' id='word_1_595' title='bbox 2643 3800 2905 3870; x_wconf 87' lang='lat' dir='ltr'><strong>dignitate</strong></span> <span class='ocrx_word' id='word_1_596' title='bbox 2931 3800 3115 3854; x_wconf 85' lang='lat' dir='ltr'><strong>laudes</strong></span> <span class='ocrx_word' id='word_1_597' title='bbox 3141 3809 3258 3852; x_wconf 88' lang='lat' dir='ltr'><strong>tuas</strong></span> <span class='ocrx_word' id='word_1_598' title='bbox 3279 3815 3504 3852; x_wconf 89' lang='lat' dir='ltr'><strong>narrare</strong></span> 
     </span>
    </p>
   </div>
   <div class='ocr_carea' id='block_1_89' title="bbox 1950 3891 3503 3962">
    <p class='ocr_par' dir='ltr' id='par_1_89' title="bbox 1950 3891 3503 3962">
     <span class='ocr_line' id='line_1_89' title="bbox 1950 3891 3503 3962; baseline -0.003 -15"><span class='ocrx_word' id='word_1_599' title='bbox 1950 3895 2142 3947; x_wconf 87' lang='lat' dir='ltr'><strong>valeat.</strong></span> <span class='ocrx_word' id='word_1_600' title='bbox 2170 3893 2301 3947; x_wconf 87' lang='lat' dir='ltr'><strong>Tuis</strong></span> <span class='ocrx_word' id='word_1_601' title='bbox 2328 3892 2492 3962; x_wconf 89' lang='lat' dir='ltr'><strong>igitur</strong></span> <span class='ocrx_word' id='word_1_602' title='bbox 2521 3892 2774 3962; x_wconf 84' lang='lat' dir='ltr'><strong>precibus</strong></span> <span class='ocrx_word' id='word_1_603' title='bbox 2800 3891 2963 3946; x_wconf 92' lang='lat' dir='ltr'><strong>Deum</strong></span> <span class='ocrx_word' id='word_1_604' title='bbox 2994 3894 3167 3961; x_wconf 89' lang='lat' dir='ltr'><strong>ipsum</strong></span> <span class='ocrx_word' id='word_1_605' title='bbox 3194 3892 3349 3944; x_wconf 87' lang='lat' dir='ltr'><strong>nobis</strong></span> <span class='ocrx_word' id='word_1_606' title='bbox 3374 3906 3503 3957; x_wconf 85' lang='lat' dir='ltr'><strong>pro—</strong></span> 
     </span>
    </p>
   </div>
   <div class='ocr_carea' id='block_1_90' title="bbox 1950 3982 3501 4054">
    <p class='ocr_par' dir='ltr' id='par_1_90' title="bbox 1950 3982 3501 4054">
     <span class='ocr_line' id='line_1_90' title="bbox 1950 3982 3501 4054; baseline -0.001 -19"><span class='ocrx_word' id='word_1_607' title='bbox 1950 3985 2139 4052; x_wconf 90' lang='lat' dir='ltr'><strong>pitium</strong></span> <span class='ocrx_word' id='word_1_608' title='bbox 2179 3983 2372 4049; x_wconf 88' lang='lat' dir='ltr'><strong>facias,</strong></span> <span class='ocrx_word' id='word_1_609' title='bbox 2409 3995 2461 4038; x_wconf 92' lang='lat' dir='ltr'><strong>et</strong></span> <span class='ocrx_word' id='word_1_610' title='bbox 2487 3995 2832 4054; x_wconf 89' lang='lat' dir='ltr'><strong>peccatorum</strong></span> <span class='ocrx_word' id='word_1_611' title='bbox 2877 3982 3364 4052; x_wconf 85' lang='lat' dir='ltr'><strong>perturbationem,</strong></span> <span class='ocrx_word' id='word_1_612' title='bbox 3397 3998 3501 4050; x_wconf 88' lang='lat' dir='ltr'><strong>qua</strong></span> 
     </span>
    </p>
   </div>
   <div class='ocr_carea' id='block_1_91' title="bbox 1950 4071 3503 4143">
    <p class='ocr_par' dir='ltr' id='par_1_91' title="bbox 1950 4071 3503 4143">
     <span class='ocr_line' id='line_1_91' title="bbox 1950 4071 3503 4143; baseline -0.001 -16"><span class='ocrx_word' id='word_1_613' title='bbox 1950 4089 2224 4135; x_wconf 83' lang='lat' dir='ltr'><strong>vexamur.</strong></span> <span class='ocrx_word' id='word_1_614' title='bbox 2260 4075 2449 4128; x_wconf 79' lang='lat' dir='ltr'><strong>sedare</strong></span> <span class='ocrx_word' id='word_1_615' title='bbox 2487 4074 2655 4132; x_wconf 85' lang='lat' dir='ltr'><strong>velis:</strong></span> <span class='ocrx_word' id='word_1_616' title='bbox 2702 4074 2902 4143; x_wconf 88' lang='lat' dir='ltr'><strong>quique</strong></span> <span class='ocrx_word' id='word_1_617' title='bbox 2937 4081 3085 4125; x_wconf 89' lang='lat' dir='ltr'><strong>tuum</strong></span> <span class='ocrx_word' id='word_1_618' title='bbox 3129 4071 3271 4125; x_wconf 91' lang='lat' dir='ltr'><strong>diem</strong></span> <span class='ocrx_word' id='word_1_619' title='bbox 3302 4072 3503 4126; x_wconf 81' lang='lat' dir='ltr'><strong>festum</strong></span> 
     </span>
    </p>
   </div>
   <div class='ocr_carea' id='block_1_92' title="bbox 1949 4161 3506 4227">
    <p class='ocr_par' dir='ltr' id='par_1_92' title="bbox 1949 4161 3506 4227">
     <span class='ocr_line' id='line_1_92' title="bbox 1949 4161 3506 4227; baseline -0.003 -11"><span class='ocrx_word' id='word_1_620' title='bbox 1949 4164 2258 4227; x_wconf 83' lang='lat' dir='ltr'><strong>recolimus,</strong></span> <span class='ocrx_word' id='word_1_621' title='bbox 2303 4164 2460 4218; x_wconf 90' lang='lat' dir='ltr'><strong>nobis</strong></span> <span class='ocrx_word' id='word_1_622' title='bbox 2503 4164 2759 4217; x_wconf 89' lang='lat' dir='ltr'><strong>omnibus</strong></span> <span class='ocrx_word' id='word_1_623' title='bbox 2805 4163 3121 4216; x_wconf 76' lang='lat' dir='ltr'><strong>delictorum</strong></span> <span class='ocrx_word' id='word_1_624' title='bbox 3166 4161 3398 4225; x_wconf 77' lang='lat' dir='ltr'><strong>veniam,</strong></span> <span class='ocrx_word' id='word_1_625' title='bbox 3452 4169 3506 4214; x_wconf 89' lang='lat' dir='ltr'><strong>et</strong></span> 
     </span>
    </p>
   </div>
   <div class='ocr_carea' id='block_1_93' title="bbox 1950 4250 3505 4322">
    <p class='ocr_par' dir='ltr' id='par_1_93' title="bbox 1950 4250 3505 4322">
     <span class='ocr_line' id='line_1_93' title="bbox 1950 4250 3505 4322; baseline -0.001 -17"><span class='ocrx_word' id='word_1_626' title='bbox 1950 4254 2185 4308; x_wconf 67' lang='lat' dir='ltr'><strong>caelestis</strong></span> <span class='ocrx_word' id='word_1_627' title='bbox 2246 4254 2426 4322; x_wconf 86' lang='lat' dir='ltr'><strong>gaudii</strong></span> <span class='ocrx_word' id='word_1_628' title='bbox 2477 4253 2941 4322; x_wconf 87' lang='lat' dir='ltr'><strong>participationem</strong></span> <span class='ocrx_word' id='word_1_629' title='bbox 3000 4250 3110 4304; x_wconf 90' lang='lat' dir='ltr'><strong>tuis</strong></span> <span class='ocrx_word' id='word_1_630' title='bbox 3162 4251 3505 4303; x_wconf 79' lang='lat' dir='ltr'><strong>orationibus</strong></span> 
     </span>
    </p>
   </div>
   <div class='ocr_carea' id='block_1_94' title="bbox 1950 4338 3507 4411">
    <p class='ocr_par' dir='ltr' id='par_1_94' title="bbox 1950 4338 3507 4411">
     <span class='ocr_line' id='line_1_94' title="bbox 1950 4338 3507 4411; baseline -0.003 -18"><span class='ocrx_word' id='word_1_631' title='bbox 1950 4342 2224 4411; x_wconf 89' lang='lat' dir='ltr'><strong>impetres,</strong></span> <span class='ocrx_word' id='word_1_632' title='bbox 2264 4343 2315 4395; x_wconf 94' lang='lat' dir='ltr'><strong>in</strong></span> <span class='ocrx_word' id='word_1_633' title='bbox 2338 4344 2554 4398; x_wconf 81' lang='lat' dir='ltr'><strong>Christo</strong></span> <span class='ocrx_word' id='word_1_634' title='bbox 2578 4342 2705 4397; x_wconf 82' lang='lat' dir='ltr'><strong>Jesu</strong></span> <span class='ocrx_word' id='word_1_635' title='bbox 2754 4342 2982 4395; x_wconf 90' lang='lat' dir='ltr'><strong>Domino</strong></span> <span class='ocrx_word' id='word_1_636' title='bbox 3018 4347 3203 4392; x_wconf 90' lang='lat' dir='ltr'><strong>nostro</strong></span> <span class='ocrx_word' id='word_1_637' title='bbox 3236 4357 3249 4391; x_wconf 90' lang='lat'><strong>:</strong></span> <span class='ocrx_word' id='word_1_638' title='bbox 3277 4339 3362 4390; x_wconf 91' lang='lat' dir='ltr'><strong>cui</strong></span> <span class='ocrx_word' id='word_1_639' title='bbox 3392 4338 3507 4407; x_wconf 86' lang='lat' dir='ltr'><strong>glo-</strong></span> 
     </span>
    </p>
   </div>
   <div class='ocr_carea' id='block_1_95' title="bbox 1952 4431 3505 4500">
    <p class='ocr_par' dir='ltr' id='par_1_95' title="bbox 1952 4431 3505 4500">
     <span class='ocr_line' id='line_1_95' title="bbox 1952 4431 3505 4500; baseline -0.003 -17"><span class='ocrx_word' id='word_1_640' title='bbox 1952 4432 2030 4485; x_wconf 88' lang='lat' dir='ltr'><strong>ria</strong></span> <span class='ocrx_word' id='word_1_641' title='bbox 2057 4447 2178 4486; x_wconf 93' lang='lat' dir='ltr'><strong>cum</strong></span> <span class='ocrx_word' id='word_1_642' title='bbox 2210 4431 2368 4486; x_wconf 84' lang='lat' dir='ltr'><strong>Patre</strong></span> <span class='ocrx_word' id='word_1_643' title='bbox 2398 4440 2452 4485; x_wconf 93' lang='lat' dir='ltr'><strong>et</strong></span> <span class='ocrx_word' id='word_1_644' title='bbox 2487 4431 2688 4500; x_wconf 88' lang='lat' dir='ltr'><strong>Spiritu</strong></span> <span class='ocrx_word' id='word_1_645' title='bbox 2730 4442 2942 4490; x_wconf 88' lang='lat' dir='ltr'><strong>sancto,</strong></span> <span class='ocrx_word' id='word_1_646' title='bbox 2991 4444 3135 4482; x_wconf 92' lang='lat' dir='ltr'><strong>nunc</strong></span> <span class='ocrx_word' id='word_1_647' title='bbox 3170 4436 3225 4483; x_wconf 89' lang='lat' dir='ltr'><strong>et</strong></span> <span class='ocrx_word' id='word_1_648' title='bbox 3268 4442 3505 4495; x_wconf 88' lang='lat' dir='ltr'><strong>semper,</strong></span> 
     </span>
    </p>
   </div>
   <div class='ocr_carea' id='block_1_96' title="bbox 1950 4518 3015 4586">
    <p class='ocr_par' dir='ltr' id='par_1_96' title="bbox 1950 4518 3015 4586">
     <span class='ocr_line' id='line_1_96' title="bbox 1950 4518 3015 4586; baseline -0.003 -13"><span class='ocrx_word' id='word_1_649' title='bbox 1950 4528 2004 4573; x_wconf 87' lang='lat' dir='ltr'><strong>et</strong></span> <span class='ocrx_word' id='word_1_650' title='bbox 2034 4522 2085 4573; x_wconf 86' lang='lat' dir='ltr'><strong>iit</strong></span> <span class='ocrx_word' id='word_1_651' title='bbox 2111 4521 2303 4575; x_wconf 68' lang='lat' dir='ltr'><strong>saecula</strong></span> <span class='ocrx_word' id='word_1_652' title='bbox 2334 4521 2676 4576; x_wconf 53' lang='lat' dir='ltr'><strong>surculorum.</strong></span> <span class='ocrx_word' id='word_1_653' title='bbox 2712 4522 2883 4573; x_wconf 79' lang='lat' dir='ltr'><strong>Amen</strong></span> <span class='ocrx_word' id='word_1_654' title='bbox 2919 4518 3015 4586; x_wconf 74' lang='lat'><strong>(9.).</strong></span> 
     </span>
    </p>
   </div>
   <div class='ocr_carea' id='block_1_97' title="bbox 1955 4694 3510 4767">
    <p class='ocr_par' dir='ltr' id='par_1_97' title="bbox 1955 4694 3510 4767">
     <span class='ocr_line' id='line_1_97' title="bbox 1955 4694 3510 4767; baseline -0.001 -19"><span class='ocrx_word' id='word_1_655' title='bbox 1955 4696 2337 4767; x_wconf 65' lang='lat' dir='ltr'><strong>porphyretica</strong></span> <span class='ocrx_word' id='word_1_656' title='bbox 2369 4694 2651 4749; x_wconf 84' lang='lat' dir='ltr'><strong>collocavit</strong></span> <span class='ocrx_word' id='word_1_657' title='bbox 2684 4708 2829 4767; x_wconf 88' lang='lat' dir='ltr'><strong>anno</strong></span> <span class='ocrx_word' id='word_1_658' title='bbox 2866 4694 3076 4747; x_wconf 90' lang='lat' dir='ltr'><strong>Domini</strong></span> <span class='ocrx_word' id='word_1_659' title='bbox 3110 4696 3232 4755; x_wconf 76' lang='lat'><strong>983,</strong></span> <span class='ocrx_word' id='word_1_660' title='bbox 3265 4703 3510 4763; x_wconf 83' lang='lat' dir='ltr'><strong>cogitans</strong></span> 
     </span>
    </p>
   </div>
   <div class='ocr_carea' id='block_1_98' title="bbox 1955 4765 3512 4835">
    <p class='ocr_par' dir='ltr' id='par_1_98' title="bbox 1955 4765 3512 4835">
     <span class='ocr_line' id='line_1_98' title="bbox 1955 4765 3512 4835; baseline -0.003 -17"><span class='ocrx_word' id='word_1_661' title='bbox 1955 4765 2145 4820; x_wconf 80' lang='lat' dir='ltr'><strong>eadem</strong></span> <span class='ocrx_word' id='word_1_662' title='bbox 2170 4784 2261 4835; x_wconf 86' lang='lat' dir='ltr'><strong>per</strong></span> <span class='ocrx_word' id='word_1_663' title='bbox 2291 4765 2526 4818; x_wconf 84' lang='lat' dir='ltr'><strong>Tiberim</strong></span> <span class='ocrx_word' id='word_1_664' title='bbox 2572 4776 2623 4818; x_wconf 89' lang='lat' dir='ltr'><strong>et</strong></span> <span class='ocrx_word' id='word_1_665' title='bbox 2649 4780 2796 4818; x_wconf 88' lang='lat' dir='ltr'><strong>mare</strong></span> <span class='ocrx_word' id='word_1_666' title='bbox 2822 4765 2873 4815; x_wconf 89' lang='lat' dir='ltr'><strong>in</strong></span> <span class='ocrx_word' id='word_1_667' title='bbox 2906 4776 3100 4816; x_wconf 89' lang='lat' dir='ltr'><strong>terram</strong></span> <span class='ocrx_word' id='word_1_668' title='bbox 3135 4780 3288 4818; x_wconf 86' lang='lat' dir='ltr'><strong>suam</strong></span> <span class='ocrx_word' id='word_1_669' title='bbox 3317 4768 3512 4832; x_wconf 82' lang='lat' dir='ltr'><strong>depor-</strong></span> 
     </span>
    </p>
   </div>
   <div class='ocr_carea' id='block_1_99' title="bbox 1959 4835 3513 4901">
    <p class='ocr_par' dir='ltr' id='par_1_99' title="bbox 1959 4835 3513 4901">
     <span class='ocr_line' id='line_1_99' title="bbox 1959 4835 3513 4901; baseline -0.003 -12"><span class='ocrx_word' id='word_1_670' title='bbox 1959 4846 2094 4899; x_wconf 85' lang='lat' dir='ltr'><strong>tare,</strong></span> <span class='ocrx_word' id='word_1_671' title='bbox 2132 4839 2222 4890; x_wconf 87' lang='lat' dir='ltr'><strong>sed</strong></span> <span class='ocrx_word' id='word_1_672' title='bbox 2248 4853 2311 4887; x_wconf 83' lang='lat' dir='ltr'><strong>eo</strong></span> <span class='ocrx_word' id='word_1_673' title='bbox 2340 4836 2483 4887; x_wconf 84' lang='lat' dir='ltr'><strong>brevi</strong></span> <span class='ocrx_word' id='word_1_674' title='bbox 2517 4835 2622 4887; x_wconf 88' lang='lat' dir='ltr'><strong>vita</strong></span> <span class='ocrx_word' id='word_1_675' title='bbox 2651 4842 2902 4900; x_wconf 77' lang='lat' dir='ltr'><strong>exempto</strong></span> <span class='ocrx_word' id='word_1_676' title='bbox 2930 4836 3200 4901; x_wconf 85' lang='lat' dir='ltr'><strong>pretiosus</strong></span> <span class='ocrx_word' id='word_1_677' title='bbox 3229 4837 3434 4887; x_wconf 82' lang='lat' dir='ltr'><strong>thesaui</strong></span> <span class='ocrx_word' id='word_1_678' title='bbox 3453 4849 3513 4885; x_wconf 80' lang='lat' dir='ltr'><strong>ns</strong></span> 
     </span>
    </p>
   </div>
   <div class='ocr_carea' id='block_1_100' title="bbox 1961 4903 3511 4972">
    <p class='ocr_par' dir='ltr' id='par_1_100' title="bbox 1961 4903 3511 4972">
     <span class='ocr_line' id='line_1_100' title="bbox 1961 4903 3511 4972; baseline -0.003 -15"><span class='ocrx_word' id='word_1_679' title='bbox 1961 4905 2146 4958; x_wconf 73' lang='lat' dir='ltr'><strong>linum:</strong></span> <span class='ocrx_word' id='word_1_680' title='bbox 2178 4906 2457 4966; x_wconf 86' lang='lat' dir='ltr'><strong>remansit,</strong></span> <span class='ocrx_word' id='word_1_681' title='bbox 2494 4905 2582 4956; x_wconf 90' lang='lat' dir='ltr'><strong>ubi</strong></span> <span class='ocrx_word' id='word_1_682' title='bbox 2609 4904 2695 4972; x_wconf 88' lang='lat' dir='ltr'><strong>pia</strong></span> <span class='ocrx_word' id='word_1_683' title='bbox 2746 4904 2983 4956; x_wconf 86' lang='lat' dir='ltr'><strong>lidelium</strong></span> <span class='ocrx_word' id='word_1_684' title='bbox 3020 4914 3367 4957; x_wconf 76' lang='lat' dir='ltr'><strong>veneratione</strong></span> <span class='ocrx_word' id='word_1_685' title='bbox 3417 4903 3511 4954; x_wconf 77' lang='grc' dir='ltr'><strong>Ιιυ-</strong></span> 
     </span>
    </p>
   </div>
   <div class='ocr_carea' id='block_1_101' title="bbox 1961 4972 3442 5041">
    <p class='ocr_par' dir='ltr' id='par_1_101' title="bbox 1961 4972 3442 5041">
     <span class='ocr_line' id='line_1_101' title="bbox 1961 4972 3442 5041; baseline -0.005 -12"><span class='ocrx_word' id='word_1_686' title='bbox 1961 4985 2206 5030; x_wconf 88' lang='lat' dir='ltr'><strong>noratur.</strong></span> <span class='ocrx_word' id='word_1_687' title='bbox 2237 4974 2367 5028; x_wconf 74' lang='lat' dir='ltr'><strong>Vide</strong></span> <span class='ocrx_word' id='word_1_688' title='bbox 2391 4974 2585 5027; x_wconf 77' lang='lat' dir='ltr'><strong>Dawn.</strong></span> <span class='ocrx_word' id='word_1_689' title='bbox 2607 4990 2659 5026; x_wconf 83' lang='lat' dir='ltr'><strong>in</strong></span> <span class='ocrx_word' id='word_1_690' title='bbox 2683 4984 2777 5027; x_wconf 92' lang='lat' dir='ltr'><strong>not</strong></span> <span class='ocrx_word' id='word_1_691' title='bbox 2810 4974 2874 5025; x_wconf 92' lang='lat' dir='ltr'><strong>ad</strong></span> <span class='ocrx_word' id='word_1_692' title='bbox 2906 4972 3005 5025; x_wconf 81' lang='lat' dir='ltr'><strong>Mat</strong></span> <span class='ocrx_word' id='word_1_693' title='bbox 3024 4976 3181 5041; x_wconf 52' lang='lat' dir='ltr'><strong>tirol.</strong></span> <span class='ocrx_word' id='word_1_694' title='bbox 3210 4974 3279 5026; x_wconf 69' lang='lat'><strong>:15</strong></span> <span class='ocrx_word' id='word_1_695' title='bbox 3307 4974 3442 5038; x_wconf 76' lang='lat' dir='ltr'><strong>Aug.</strong></span> 
     </span>
    </p>
   </div>
   <div class='ocr_carea' id='block_1_102' title="bbox 296 5121 3515 5202">
    <p class='ocr_par' dir='ltr' id='par_1_102' title="bbox 296 5121 3515 5202">
     <span class='ocr_line' id='line_1_102' title="bbox 296 5121 3515 5202; baseline -0.004 -16"><span class='ocrx_word' id='word_1_696' title='bbox 296 5137 561 5202; x_wconf 74' lang='lat' dir='ltr'><strong>(Opuscutu</strong></span> <span class='ocrx_word' id='word_1_697' title='bbox 584 5134 810 5189; x_wconf 82' lang='lat' dir='ltr'><strong>nonnulla</strong></span> <span class='ocrx_word' id='word_1_698' title='bbox 835 5132 1034 5202; x_wconf 50' lang='lat' dir='ltr'><strong>incerta;</strong></span> <span class='ocrx_word' id='word_1_699' title='bbox 1059 5134 1227 5202; x_wconf 64' lang='lat' dir='ltr'><strong>aftntis.</strong></span> <span class='ocrx_word' id='word_1_700' title='bbox 1257 5147 1365 5197; x_wconf 77' lang='lat' dir='ltr'><strong>qua:</strong></span> <span class='ocrx_word' id='word_1_701' title='bbox 1389 5132 1636 5202; x_wconf 62' lang='lat' dir='ltr'><strong>desinenti</strong></span> <span class='ocrx_word' id='word_1_702' title='bbox 1680 5130 1855 5182; x_wconf 73' lang='lat' dir='ltr'><strong>srrrttlo</strong></span> <span class='ocrx_word' id='word_1_703' title='bbox 1904 5146 1946 5178; x_wconf 80' lang='lat' dir='ltr'><strong>ix</strong></span> <span class='ocrx_word' id='word_1_704' title='bbox 1984 5132 2165 5200; x_wconf 69' lang='lat' dir='ltr'><strong>addere</strong></span> <span class='ocrx_word' id='word_1_705' title='bbox 2194 5130 2608 5199; x_wconf 53' lang='lat' dir='ltr'><strong>constitueram“,</strong></span> <span class='ocrx_word' id='word_1_706' title='bbox 2643 5136 2879 5202; x_wconf 39' lang='lat' dir='ltr'><strong>propter.</strong></span> <span class='ocrx_word' id='word_1_707' title='bbox 2906 5126 3270 5202; x_wconf 67' lang='lat' dir='ltr'><strong>inexspectatum</strong></span> <span class='ocrx_word' id='word_1_708' title='bbox 3312 5121 3515 5176; x_wconf 82' lang='lat' dir='ltr'><strong>volumi-</strong></span> 
     </span>
    </p>
   </div>
   <div class='ocr_carea' id='block_1_103' title="bbox 867 5191 3023 5261">
    <p class='ocr_par' dir='ltr' id='par_1_103' title="bbox 867 5191 3023 5261">
     <span class='ocr_line' id='line_1_103' title="bbox 867 5191 3023 5261; baseline -0.004 -15"><span class='ocrx_word' id='word_1_709' title='bbox 867 5197 940 5247; x_wconf 71' lang='lat' dir='ltr'><strong>nis</strong></span> <span class='ocrx_word' id='word_1_710' title='bbox 959 5191 1314 5261; x_wconf 74' lang='lat' dir='ltr'><strong>spissitttdinciu</strong></span> <span class='ocrx_word' id='word_1_711' title='bbox 1336 5197 1397 5244; x_wconf 80' lang='lat' dir='ltr'><strong>ad</strong></span> <span class='ocrx_word' id='word_1_712' title='bbox 1429 5203 1693 5257; x_wconf 72' lang='lat' dir='ltr'><strong>sequentem</strong></span> <span class='ocrx_word' id='word_1_713' title='bbox 1711 5202 1886 5244; x_wconf 76' lang='lat' dir='ltr'><strong>tomum</strong></span> <span class='ocrx_word' id='word_1_714' title='bbox 1912 5194 2146 5245; x_wconf 78' lang='lat' dir='ltr'><strong>remittere</strong></span> <span class='ocrx_word' id='word_1_715' title='bbox 2168 5191 2401 5256; x_wconf 77' lang='lat' dir='ltr'><strong>cogimur,</strong></span> <span class='ocrx_word' id='word_1_716' title='bbox 2423 5204 2560 5255; x_wconf 84' lang='lat' dir='ltr'><strong>quem</strong></span> <span class='ocrx_word' id='word_1_717' title='bbox 2589 5191 2738 5241; x_wconf 77' lang='lat' dir='ltr'><strong>adtsis</strong></span> <span class='ocrx_word' id='word_1_718' title='bbox 2767 5192 2807 5241; x_wconf 73' lang='lat' dir='ltr'><strong>si</strong></span> <span class='ocrx_word' id='word_1_719' title='bbox 2832 5191 2981 5252; x_wconf 66' lang='lat' dir='ltr'><strong>placet</strong></span> <span class='ocrx_word' id='word_1_720' title='bbox 3008 5194 3023 5251; x_wconf 82' lang='lat'><strong><em>)</em></strong></span> 
     </span>
    </p>
   </div>
   <div class='ocr_carea' id='block_1_104' title="bbox 1293 5490 2525 5525">
    <p class='ocr_par' dir='ltr' id='par_1_104' title="bbox 1293 5490 2525 5525">
     <span class='ocr_line' id='line_1_104' title="bbox 1293 5490 2525 5525; baseline 0 -4"><span class='ocrx_word' id='word_1_721' title='bbox 1293 5490 1949 5525; x_wconf 44' lang='lat' dir='ltr'><strong>MO</strong></span> <span class='ocrx_word' id='word_1_722' title='bbox 1962 5490 2361 5524; x_wconf 51' lang='lat'><strong>9*—</strong></span> <span class='ocrx_word' id='word_1_723' title='bbox 2374 5500 2525 5508; x_wconf 73' lang='lat'>—----</span> 
     </span>
    </p>
   </div>
  </div>
