2072 3160
635 172 1381 180 _b——___—_—_-__

172 171 1790 204 Μ,
412 172 1192 198 _._h—w.
1171 195 1176 198 _
1194 173 1308 199 _._
1239 195 1268 199 _._
1280 195 1286 198 _
1309 173 1381 178 ,-
1398 192 1632 198 .__.___..__..

805 286 890 308 ANNO
912 286 1024 309 DOMINI
1046 286 1160 308 DCCCXC
1166 301 1172 306 .

452 397 1033 507 NICETAS
1102 397 1522 522 DAVID

734 598 1244 680 PAPHLAGO

392 841 647 888 NOTITIA
698 840 1023 886 HISTORICA
1073 841 1147 884 ET
1200 837 1579 883 LITTERARIA.

451 951 513 983 (Leo
529 952 658 980 Annius,
673 947 781 974 Dialriba
792 949 824 974 de
835 947 935 978 Nicetis,
949 955 988 979 ap.
1002 947 1058 973 Mai.
1073 945 1186 972 Riblioth.
1199 953 1262 977 ιιου..
1277 947 1319 977 Vl,
1332 949 1394 978 part.
1407 954 1433 975 ιι,
1447 953 1470 978 p.
1484 946 1520 977 5.)

202 1121 280 1148 lnter
293 1118 368 1147 varia
381 1116 543 1153 cognomina
567 1120 597 1144 et
605 1115 770 1151 dignitatum
793 1114 888 1142 titulos
901 1122 985 1142 unum
1004 1114 1127 1143 Nieetam
1140 1114 1312 1147 latitantem,
1330 1114 1378 1142 sed
1393 1118 1504 1150 propter
1517 1113 1612 1142 eadem
1630 1112 1803 1141 incommodo

169 1168 199 1195 in
219 1167 315 1202 plures
325 1164 473 1198 variosque
484 1167 567 1197 atque
578 1161 736 1189 immaniter
748 1160 879 1192 divisum,
896 1160 920 1187 si
935 1159 994 1188 ﬁeri
1012 1163 1114 1195 potest,
1125 1159 1184 1188 suis
1196 1160 1322 1195 partibus
1339 1160 1477 1195 integrum
1497 1159 1526 1187 in
1544 1159 1666 1188 medium
1678 1159 1802 1187 adduca-

171 1222 246 1242 mus.
270 1212 334 1240 Fuit
361 1211 384 1239 is
407 1209 576 1245 Byzantinus
590 1212 620 1236 et
645 1207 783 1243 Paphlago
812 1206 915 1235 dictus.
945 1206 1065 1234 Joannes
1093 1206 1211 1242 Seylitza
1235 1206 1263 1234 in
1297 1207 1432 1242 prooemio
1453 1215 1510 1235 sua:
1530 1207 1676 1235 historiae:
1708 1206 1738 1234 '0
1750 1207 1805 1242 γὰρ

174 1258 356 1294 Δαφνοπάτης
369 1256 515 1290 Θεόδωρος,
534 1254 656 1289 Νικήτας
669 1254 683 1280 ὁ
696 1251 861 1286 Παφλαγὼν,
880 1252 978 1287 Ἰωσὴφ
997 1251 1131 1283 Γενέσιος,
1147 1251 1194 1279 καὶ
1210 1252 1339 1288 Μανουὴλ
1358 1253 1383 1279 οἱ
1407 1252 1560 1285 Βυζάντιοι,
1574 1252 1732 1288 Νικηφόρος
1744 1251 1805 1279 διά-

172 1313 249 1337 κονος
260 1303 346 1338 Φρὺξ,
369 1301 417 1329 καὶ
429 1300 551 1335 τὰ¹ἑξῆς.
566 1299 688 1334 Namque
702 1298 850 1326 Theodorus
862 1297 990 1333 Daphnop

987 1301 1060 1330 tates,
1074 1297 1181 1325 Nicetas
1191 1297 1342 1334 Paphlago,
1363 1298 1491 1334 Iosephus
1509 1299 1645 1332 Genetius,
1660 1303 1685 1326 et
1697 1297 1805 1326 Mentel

183 1349 332 1386 Byzantini,
351 1348 512 1382 Nicephorus
531 1346 656 1372 diaconus
683 1344 783 1380 Phryx,
808 1349 862 1371 etc.
889 1344 929 1371 Ex
941 1343 1060 1379 Scylitza
1088 1351 1139 1370 sua
1161 1343 1255 1371 hausit
1274 1343 1428 1372 Cedrenus.
1458 1344 1602 1373 Consentit
1624 1345 1703 1373 hisce
1723 1345 1799 1373 Nice’

178 1398 276 1433 phorus
290 1395 422 1423 Callistus
438 1393 505 1420 Hist.
521 1391 584 1418 eccl.
597 1390 648 1418 lib.
670 1398 724 1422 xw,
749 1390 795 1417 '28.
810 1389 863 1418 Sed
894 1389 1042 1426 Paphlago,
1055 1397 1242 1426 cognomenne
1266 1390 1359 1422 fuerit.
1376 1398 1411 1419 an
1437 1391 1613 1426 episeopatus
1628 1392 1734 1424 titulus,
1743 1392 1807 1428 quis

171 1442 287 1470 extricet
306 1441 318 1467 ?
338 1440 423 1467 Plane
442 1439 470 1465 in
492 1437 587 1465 multis
616 1436 811 1471 manuscriptis
847 1436 947 1471 legitur
984 1436 989 1462 1

987 1436 1107 1472 Νικήτας
1132 1435 1332 1471 Παφλαγονίας,
1355 1436 1461 1464 Nicetas
1491 1437 1691 1473 Paphlagonia,
1719 1443 1750 1466 ut
1777 1439 1805 1467 in

174 1489 273 1517 codice
288 1487 420 1515 Vaticano
433 1485 512 1516 1246,
536 1489 564 1512 et
576 1489 639 1511 ante
659 1483 746 1510 Vitam
768 1482 864 1518 lgnatii
881 1483 1054 1518 patriarcha.
1082 1483 1116 1510 Et
1133 1483 1223 1518 potuit
1239 1491 1349 1518 quoque
1362 1492 1422 1512 esse
1435 1492 1470 1511 ex
1485 1484 1680 1520 Paphlagonia,
1693 1485 1741 1513 sed
1753 1485 1806 1521 By-

170 1536 283 1562 zantina
304 1533 415 1562 civitate
430 1532 565 1559 donatus:
595 1537 684 1564 neque
709 1529 737 1556 id
755 1529 919 1564 probatione
935 1534 997 1564 eget
1012 1538 1019 1556 :
1045 1533 1110 1556 sunt
1133 1529 1206 1556 enim
1223 1537 1319 1557 omnes
1334 1530 1458 1557 omnium
1471 1531 1638 1566 scriptorum
1655 1531 1756 1559 chartae
1771 1532 1806 1560 de

170 1582 271 1609 alienis
287 1580 315 1607 in
333 1579 409 1607 cives
424 1577 553 1613 proprios
565 1576 658 1604 ascitis
673 1584 688 1604 a
701 1575 861 1603 civitatibus
881 1576 977 1610 plena}.
998 1575 1033 1603 Et
1047 1575 1222 1610 episcopatus
1238 1575 1431 1612 Paphlagonia:
1445 1577 1539 1606 nullus
1552 1581 1675 1613 apparet.
1702 1577 1767 1606 Fuit
1782 1578 1807 1605 is

170 1634 286 1662 quoque
305 1623 475 1652 binominis:
505 1629 623 1657 namque
650 1627 678 1649 et
702 1621 815 1649 Davidis
837 1620 988 1655 appellatim

986 1628 1021 1648 ne
1040 1621 1200 1656 insignitur.
1227 1621 1297 1649 llinc
1326 1622 1428 1657 saepius
1449 1623 1558 1658 Νικήτιι
1579 1624 1625 1651 τοῦ
1647 1625 1696 1651 καὶ
1711 1625 1804 1656 Δαυῖδ,

173 1674 274 1702 Niceta:
284 1673 330 1708 qui
346 1676 371 1698 et
388 1670 473 1698 David
488 1678 497 1702 ;
521 1674 550 1697 et
564 1669 690 1696 absolute
703 1676 718 1696 a
737 1667 878 1695 nonnullis
889 1667 994 1694 Nicelas
1011 1667 1095 1695 Dat-id
1109 1669 1273 1704 appellatur.
1301 1669 1335 1696 Et
1347 1669 1458 1696 videant
1470 1670 1517 1705 qui
1531 1670 1615 1698 Dauid
1635 1671 1688 1700 hoc
1704 1680 1807 1708 cogno-

174 1724 302 1748 mentum
329 1717 415 1745 l'uissc
442 1716 565 1748 tradunt,
583 1723 638 1751 quo
663 1722 692 1742 se
712 1714 825 1741 fulciant
837 1714 1026 1741 fundamento.
1053 1714 1084 1741 In
1095 1714 1234 1749 aliquibus
1256 1715 1398 1743 codicibus
1408 1716 1564 1744 adnectitur
1575 1717 1636 1745 loco
1658 1718 1767 1747 Davidis
1781 1725 1806 1747 et

173 1764 369 1800 Paphlagonis,
394 1762 550 1798 Δαδύϐρων,
573 1761 770 1796 Datlybrorum,
783 1759 829 1795 qui
840 1763 901 1786 erat
913 1759 1087 1794 episcopatus
1109 1760 1160 1787 sub
1174 1760 1324 1796 Gangrensi
1339 1761 1541 1797 Paphlagonia.
1571 1763 1640 1791 Hinc
1651 1772 1736 1800 arguo
1751 1774 1806 1794 non

176 1812 249 1838 male
263 1810 469 1845 Dadybreusem
483 1807 654 1843 episeopum,
679 1806 784 1834 dictum
806 1806 890 1833 etiam
902 1805 1114 1841 Paphlagouem,
1130 1807 1178 1841 qui
1195 1815 1294 1842 nempe
1307 1808 1461 1842 possideret
1489 1808 1517 1836 in
1540 1809 1724 1845 Paphlagonia
1751 1813 1808 1848 epi-

176 1862 329 1893 scopatum.
357 1856 428 1883 lluic
441 1855 552 1882 additur
567 1861 678 1890 quoque
705 1860 807 1880 nomen
822 1852 979 1888 philosophi,

1004 1853 1113 1889 Νικήτα
1133 1853 1180 1880 τοῦ
1196 1854 1242 1881 καὶ
1255 1854 1338 1882 Δαυῖδ
1351 1855 1398 1881 τοῦ
1417 1855 1572 1890 φιλοσόφου.
1595 1857 1704 1890 Nicone,
1724 1860 1805 1894 quiet

178 1905 273 1937 David,
295 1903 455 1940 philosophi,
479 1906 510 1929 ut
526 1902 598 1929 clare
614 1901 723 1928 videtur
737 1901 765 1927 in
790 1900 934 1928 codicibus
953 1900 1149 1936 manuscriptis
1161 1901 1300 1929 Vaticanis
1326 1903 1388 1932 544,
1415 1903 1467 1930 365
1487 1907 1515 1930 et
1536 1904 1599 1932 679.
1629 1904 1662 1932 Et
1681 1905 1708 1932 in
1733 1907 1806 1939 aliis,

175 1953 253 1980 nullo
268 1953 323 1979 alio
333 1951 439 1983 addito,
460 1950 568 1985 Νικήτα
583 1949 630 1976 τοῦ
653 1949 812 1983 φιλοσόφου,
838 1948 938 1976 Niceno
954 1949 993 1984 pht

989 1948 1112 1984 ilowphi,
1126 1957 1181 1976 non
1215 1950 1289 1985 quod
1307 1955 1413 1977 tantum
1432 1951 1586 1978 institutum
1607 1954 1805 1982 monachorum

173 1998 333 2035 professus,
355 1997 402 2025 sed
417 1997 491 2032 quod
517 1996 589 2024 inter
605 1995 657 2023 alia
670 1995 844 2030 potissimum
860 1995 913 2022 sibi
925 1995 1107 2030 philosophiae
1133 2003 1234 2022 munus
1250 1996 1412 2029 ascriberet,
1437 1997 1534 2031 quales
1554 1998 1679 2033 plerique
1701 2007 1734 2027 eo
1747 2008 1807 2028 aevo

176 2046 272 2075 fuere,
287 2048 315 2070 et
326 2043 428 2077 primus
444 2043 516 2070 inter
532 2049 580 2069 eos
590 2041 696 2068 ὑπάτου
707 2041 762 2068 τῶν
773 2041 926 2075 φιλοσόφων
940 2041 994 2069 litui

988 2041 1019 2068 :lo
1034 2041 1274 2069 cohonestabatur.
1307 2041 1396 2075 Quare
1415 2042 1460 2069 hic
1480 2042 1565 2070 fuerit
1575 2044 1694 2076 Nicetas,
1714 2047 1761 2081 qui
1777 2051 1806 2074 et

176 2090 235 2117 alio
253 2088 366 2116 nomine
392 2088 477 2116 David
497 2088 666 2121 vocabatur,
696 2088 881 2123 Byzantinus‘,
907 2087 1040 2123 dignitate
1065 2088 1264 2123 philosophus,
1287 2088 1476 2124 Dadybrorum
1503 2090 1530 2117 in
1545 2089 1729 2126 Paphlagonia
1755 2093 1807 2121 sub

180 2137 335 2172 Cangrensi
348 2137 496 2172 episcopus
511 2145 518 2164 :
543 2140 571 2164 et
586 2136 690 2169 omnia,
710 2144 771 2171 quae
783 2136 835 2163 sub
850 2135 954 2164 Nicetaa
964 2136 1075 2164 nomine
1087 2136 1205 2164 diversis
1215 2136 1290 2164 hisce
1308 2137 1394 2165 titulis
1406 2138 1440 2165 ad
1457 2138 1547 2165 varios
1559 2137 1726 2171 referuntur,
1742 2139 1807 2168 huic

181 2185 232 2214 soli
243 2185 421 2212 vindicantur
442 2185 492 2220 (a).

217 2230 324 2257 Floruit
340 2230 415 2258 circa
430 2229 531 2257 Leonis
543 2234 571 2258 ct
583 2229 755 2257 Constantini
773 2233 906 2264 tempora,
926 2233 956 2256 ut
967 2229 1105 2264 colligitur
1120 2236 1153 2256 ex
1177 2228 1312 2263 prommio
1330 2228 1397 2256 Viue
1410 2229 1497 2256 sancti
1513 2229 1610 2263 lgnatii
1629 2231 1806 2265 patriarchm,

182 2283 263 2310 quam
286 2276 332 2303 ille
347 2284 438 2311 neque
467 2276 576 2303 indocte
596 2283 685 2310 neque
709 2275 879 2310 ineleganter
901 2275 999 2302 concin

989 2275 1099 2302 anavit:
1119 2276 1150 2302 Εἰ
1167 2275 1194 2302 δὲ
1215 2276 1261 2302 καὶ
1283 2275 1351 2310 πρὸς
1370 2276 1426 2306 τοῖς
1441 2275 1571 2310 ,ἐσχάτοις
1582 2297 1589 2308 ,
1616 2277 1664 2303 καὶ
1680 2278 1734 2308 τοῖς
1748 2279 1807 2304 καθ’

182 2321 256 2356 ἡμᾶς
268 2323 374 2354 τούτοις
385 2321 542 2357 ἐγγίζοντες
563 2323 671 2357 τύχοιεν
684 2324 800 2358 καιροῖς,
822 2321 913 2357 πολλῷ
941 2322 1041 2357 μᾶλλον
1059 2322 1368 2358 ἀξιομνημονευτότατοι
1388 2322 1421 2348 ἂν
1436 2319 1492 2349 εἶεν
1521 2323 1658 2356 ἁπάντων,
1676 2325 1723 2350 καὶ
1750 2324 1810 2357 ἀξι-

183 2369 331 2401 επαίνετοι,
344 2370 382 2401 ὡς
401 2370 469 2396 πολὺ
484 2370 565 2396 πλέον
585 2370 738 2404 οἰκοδομεῖν
755 2372 787 2404 τῇ
807 2369 938 2404 ὲγγύτητι
949 2369 1095 2403 δυνάμενοι
1111 2369 1160 2404 τὴν
1180 2368 1344 2403 Ἐκκλησὶιιν
1358 2376 1365 2382 ·
1378 2368 1408 2395 τὸ
1427 2369 1480 2404 γὰρ
1492 2369 1604 2404 ἀρχαῖον
1617 2371 1664 2396 καὶ
1677 2371 1808 2405 πάμπολυ

184 2415 251 2440 κατὰ
266 2415 363 2450 χρόνον
380 2415 503 2448 διεστὼς,
521 2416 546 2442 εἰ
560 2416 607 2442 καὶ
621 2414 779 2442 πιστεύεται
795 2417 828 2450 τῇ
846 2415 1003 2450 ἀξιοπιστίᾳ
1019 2417 1067 2450 τῆς
1085 2416 1208 2451 Γραφῆς,
1225 2415 1294 2441 ἀλλὰ
1306 2416 1352 2441 καὶ
1373 2416 1470 2442 θᾶττον
1481 2416 1514 2442 ἄν
1540 2417 1597 2447 τοῖς
1617 2416 1724 2448 πολλοῖς
1740 2418 1809 2452 πρὸς

184 2460 230 2495 τὴν
248 2463 367 2496 μίμησιν
389 2461 617 2494 ἀπογινώσκοιτο,
643 2460 828 2495 λογιζομένοις
850 2460 887 2491 ὡς
901 2460 1035 2494 κρεῖττον,
1061 2460 1078 2496 ἢ
1094 2461 1163 2487 κατὰ
1181 2461 1230 2495 τὴν
1251 2459 1401 2495 παροῦσαν,
1421 2461 1474 2486 τῶν
1490 2461 1686 2496 πρεσῦυτέρων
1695 2462 1808 2489 ἐκείνων

181 2505 341 2540 δυναμένων
355 2506 505 2541 κατορθοῦν
518 2507 616 2540 γενεάν
632 2514 640 2522 ο
654 2506 705 2532 ὅσα
717 2505 741 2531 δ’
755 2505 788 2531 ἂν
799 2506 856 2536 τοῖς
873 2504 932 2531 καθ’
947 2505 1020 2540 ἡμᾶς
1037 2505 1235 2540 κατορθοῦσθαι
1255 2505 1407 2531 πιστεύοιτο
1429 2507 1546 2540 καιροῖς,
1570 2506 1670 2540 μᾶλλον
1681 2506 1714 2533 ἃν
1731 2505 1808 2541 οἶμαι

186 2552 267 2578 ταῦτα
281 2551 461 2587 παρακνίζειν
474 2552 538 2583 τοὺς
551 2551 772 2586 εὐσεϐεστέρους,
787 2552 834 2577 καὶ
848 2551 915 2584 πρὸς
924 2551 969 2576 τὸν
987 2551 1042 2577 ἴσον
1056 2551 1104 2586 τῆς
1116 2551 1216 2586 ἀρετῆς
1230 2551 1389 2587 διερεθίζειν
1402 2551 1491 2586 ζῆλον·
1503 2552 1546 2578 διὰ
1559 2552 1645 2578 ταῦτά
1659 2561 1703 2587 μοι
1716 2552 1810 2579 τοῦτον

186 2597 365 2632 ἐνπήσασθπι
381 2600 429 2628 νῦν
442 2599 488 2635 ζτῷ
503 2599 575 2634 λόγῳ
586 2599 632 2624 τὸν
648 2598 741 2633 ἀγῶνα
756 2606 763 2613 ·
777 2598 822 2624 καί
845 2606 889 2632 μοι
902 2597 1016 2632 σφοδρὸς
1037 2597 1119 2629 πόθος
1141 2598 1320 2633 κατακάρδιος
1334 2598 1471 2632 ἀληθινοῖς
1493 2598 1643 2634 διηγήμασι
1657 2599 1704 2624 καὶ
1721 2599 1809 2632 πάσης

183 2645 347 2680 προλήψεως
360 2646 582 2681 ἀπηλλαγμένοις
599 2645 729 2679 ψεύδους,
747 2644 792 2670 τὸν
814 2644 900 2677 μέγαν
915 2643 1057 2677 ἰεράρχην,
1075 2643 1122 2670 καὶ
1146 2643 1262 2678 ποιμένα
1276 2643 1325 2679 τῆς
1337 2643 1469 2678 βασιλίδος
1493 2644 1622 2677 Ὶγνάτιον
1639 2644 1690 2670 ὑπό
1705 2652 1737 2677 γε
1749 2644 1809 2679 Θεῷ

183 2691 324 2726 πνεύματι
335 2693 385 2727 τῆς
399 2693 529 2728 ἀληθείας
546 2692 685 2727 ὑφηγητῇ,
699 2691 746 2717 καὶ
760 2690 926 2725 σολλὴπτορι
939 2690 995 2721 τοῖς
1006 2689 1145 2722 ἀγνοοῦσι,
1159 2690 1250 2721 ὁποῖός
1263 2699 1305 2721 τις
1319 2688 1364 2726 ἦν,
1382 2691 1413 2716 ἐκ
1433 2691 1483 2727 τῆς
1497 2689 1559 2717 κατ’
1571 2690 1652 2717 αὑτὸν
1672 2689 1809 2718 πολιτείας

227 2778 267 2813 (a)
290 2779 428 2808 Hactenus
442 2782 568 2809 notitiam
581 2782 615 2809 de
627 2782 680 2809 hoc
692 2781 788 2809 Niceta
800 2787 851 2807 nos
861 2788 893 2807 ex
909 2779 1008 2806 Allatio
1021 2779 1196 2806 edideramus
1210 2779 1236 2805 in
1246 2777 1344 2813 Script.
1360 2782 1409 2805 vet.
1426 2781 1444 2806 t.
1459 2776 1504 2811 IX,
1519 2776 1595 2812 praef.
1609 2785 1636 2812 ι).
1653 2784 1713 2810 xu;
1728 2782 1810 2811 quem

187 2818 283 2843 tamen
297 2815 430 2843 diversum
446 2825 507 2844 esse
523 2826 537 2844 a
552 2817 646 2844 Niccta
659 2817 804 2844 Serrarum
817 2815 957 2850 episcopo,
972 2815 1040 2842 infra
1054 2815 1201 2842 constabit.
1225 2814 1257 2843 Α.
1269 2813 1304 2840 Μ.

331 2863 465 2894 ΡΑἰ-ιιοιη
493 2864 551 2894 Gn.
570 2863 632 2893 CV.

927 3058 1179 3122 48647
