2072 3160
268 177 298 210 11
443 176 446 179 ’
885 181 1042 212 ΝΙΟΕΤΛΞ
1059 182 1086 210 Ρ.

1063 181 1267 212 PAPIILAGO.
1848 179 1881 214 12

266 233 404 266 ἀποδεῖξαι
420 242 427 249 ·
447 234 587 270 Ἰγνάτιον,
602 235 684 271 φημὶ,
697 235 790 262 τοῦτον
803 235 849 262 τὸν
874 236 987 272 ὓστερον
1004 236 1054 271 μὲν
1067 237 1106 272 τῷ
1123 237 1211 273 χρόνῳ
1227 238 1274 264 καὶ
1286 237 1338 273 πρὸ
1351 237 1400 273 τῆς
1417 237 1478 265 καθ’
1492 239 1564 275 ἡμᾶς
1578 238 1678 274 ταύτης
1694 238 1883 273 ἀναδειχθέντα

267 283 375 317 γενεᾶς,
389 283 494 315 οὐδενὸς
507 284 535 310 δὲ
549 284 603 310 τῶν
619 285 673 320 πρὸ
688 285 770 311 αὑτοῦ
786 285 886 320 τιμίων
904 286 1039 322 ιεραρχῶν
1060 286 1111 322 τὴν
1124 287 1215 313 πίστιν
1228 287 1276 314 καὶ
1291 287 1340 322 τὴν
1355 287 1500 322 ὁμολογίαν
1513 289 1725 324 ἀπολειπόμενον
1739 296 1746 303 '
1770 286 1845 320 Quod
1861 289 1883 314 si

267 333 356 355 autem
373 329 473 357 eosdem
489 331 524 357 ad
546 335 691 358 extremam
704 336 727 358 et
745 335 863 358 nostram
887 335 993 359 (etatem
1021 333 1128 367 propius
1151 332 1274 360 accedere
1284 334 1430 368 conlingat,
1455 338 1510 362 tum
1527 343 1588 362 vero
1604 334 1688 362 multo
1701 335 1816 362 maxime
1829 341 1884 369 pra:

266 377 365 402 cunctis
390 378 564 408 memorandi,
593 378 715 413 omnique
737 378 814 405 laude
837 379 1000 414 praedicandi
1024 384 1096 412 sunt,
1108 383 1136 406 ut
1148 380 1193 414 qui
1212 385 1318 416 propter
1350 385 1498 416 temporum
1522 381 1683 408 vicinitatem
1702 381 1785 408 multo
1798 380 1884 416 magis

267 421 392 450 Ecclesia
408 425 528 458 prodesse
540 426 649 460 possint.
674 424 750 458 Quod
768 427 837 453 enim
853 431 1030 461 pervetuslum
1045 431 1092 459 est,
1115 427 1250 462 longisque
1269 432 1414 462 temporum
1430 427 1578 454 intervallis
1590 431 1727 459 remotum,
1746 427 1793 453 etsi
1806 426 1885 460 ﬁdem

267 473 372 504 propter
387 470 522 497 scribentis
543 472 727 499 attctoritatem
742 477 887 505 vitarentur,
903 472 1058 507 desperatur
1072 477 1162 499 tamen
1186 482 1202 500 a
1223 473 1354 508 plerisque
1377 474 1494 500 studium
1515 472 1648 504 imitandi,
1670 476 1698 498 ut
1725 473 1772 507 qui
1794 476 1886 506 putent

267 514 321 542 illis
339 516 472 551 majorum
489 522 639 545 nostrorum
654 518 756 546 saxulis
768 519 851 546 multo
871 520 1015 554 promptius
1024 519 1113 554 fuisse,
1125 528 1205 555 quam
1231 520 1328 547 nostris
1348 529 1406 547 cum
1419 521 1513 547 uirtute
1531 520 1624 547 vicero.
1642 517 1706 551 Qua:
1722 527 1782 546 vero
1794 523 1885 546 nostra

268 563 396 590 memoria
412 567 480 590 recte
496 563 567 598 facta
586 565 746 598 creduntur,
766 566 814 593 illa
834 566 916 593 multo
931 567 1030 598 acrius.
1045 567 1149 602 opinor,
1169 568 1272 603 piorum
1286 573 1383 595 tuentes
1397 568 1430 595 ad
1442 568 1543 595 virtutis
1561 567 1636 593 decus
1649 566 1828 594 temulandum
1841 565 1884 592 in-

268 610 417 642 flammant.
444 609 609 644 Quapropter
623 611 714 645 ingens
730 619 772 638 me
784 611 942 639 desiderium
958 613 1042 639 animi
1060 613 1165 648 impulit
1181 614 1216 640 ad
1236 621 1344 640 causam
1363 615 1431 640 hanc
1446 615 1498 647 sive
1519 618 1651 640 certamen
1669 613 1788 640 oratione
1800 621 1885 647 perse-

267 655 407 690 quendum,
423 655 539 691 (lucoque
560 660 584 683 et
605 657 727 692 adjutore
749 657 803 684 Deo
815 658 910 693 spiritu
924 659 1054 691 veritatis,
1066 660 1254 686 ostendendum
1268 661 1450 690 nescientibus.
1470 662 1513 696 qui
1524 661 1563 688 uir
1576 661 1698 696 Ignatius
1709 660 1846 696 qualisque
1861 665 1886 686 et

267 706 382 736 quantus
398 701 439 728 hic
465 702 585 733 antistes,
609 707 633 729 et
657 703 734 738 regite
750 708 842 738 pastor
857 704 938 735 urbis,
951 705 991 737 Eiu
1009 706 1069 732 vitat
1080 713 1135 732 sute
1156 707 1259 732 ratione
1281 706 1367 741 fuerit.
1384 706 1528 741 Ignatium,
1545 707 1655 740 inquam
1671 713 1740 738 eum,
1762 705 1806 740 qui
1832 712 1886 732 αὐο

266 748 371 783 quidem
384 749 512 783 posterior
543 753 568 775 et
581 754 642 776 ante
655 750 722 776 hanc
743 743 862 778 nostram
879 753 1072 785 generationem
1089 753 1191 788 ﬂoruit,
1212 752 1341 787 prioribus
1362 758 1450 779 tamen
1462 752 1516 780 illis
1543 752 1699 780 venerandis
1723 751 1886 787 pontiﬁcibus

267 794 333 821 nihil
345 794 386 821 vel
399 795 430 821 de
440 794 503 828 ﬁde,
517 794 558 821 vel
569 795 729 830 confessione
745 798 879 824 concessit.
910 797 980 831 Quid
995 799 1030 825 sit
1056 799 1148 832 γενεά,
1173 799 1214 826 vel
1231 803 1309 831 tetas,
1333 804 1479 834 antequam
1506 800 1608 826 vixisse
1638 799 1726 826 fertur
1753 797 1884 833 lgnatius,

267 839 665 876 docentlaudatissimiquiquc
679 842 862 876 grammatici.
879 842 967 876 Quare
982 843 1173 871 nullidubium
1191 844 1288 878 fuerit,
1304 845 1421 879 subjam
1438 845 1520 872 dictis
1536 844 1748 880 imperatoribus
1760 844 1884 871 Nicetam

268 885 342 913 hunc
358 885 493 914 ﬂoruisse.

302 932 417 967 Scripsit
430 932 584 966 Historiam,
601 939 631 961 ut
643 934 760 970 Scylitza
781 939 863 970 atque
881 934 1024 962 Cedrenus
1037 935 1166 968 tradunt,
1177 940 1205 962 et
1222 935 1393 970 Nicephorus
1406 935 1534 963 Callistus
1547 935 1609 963 loco
1624 934 1709 966 dicto,
1720 933 1793 969 quod
1808 932 1889 961 divus

267 977 385 1014 Cyrillus
399 986 448 1013 per
463 979 597 1007 visionem
611 979 733 1008 divinam
746 987 845 1008 nomen
856 981 969 1009 Joannis
979 981 1142 1016 susceperit,
1155 986 1375 1016 conceptumque
1389 986 1469 1009 antea
1493 981 1586 1008 odium
1609 980 1636 1008 in
1650 979 1888 1015 Cbrysostomum,

267 1024 475 1054 DciGenitricis
488 1027 599 1054 hortatu
620 1027 778 1062 deposuerit
795 1036 802 1055 :
825 1029 869 1055 ‘Ev
881 1029 1035 1065 ἀποκρύφῳ
1063 1030 1085 1056 ξε

1067 1029 1170 1065 ἱστορίᾳ
1194 1029 1281 1064 εὑρὼν
1308 1029 1416 1065 Νικήτα
1442 1029 1588 1064 φιλοσόφου
1600 1028 1648 1055 τοῦ
1669 1028 1715 1055 καὶ
1731 1026 1823 1058 Δαυῖδ,
1837 1026 1885 1053 καὶ

266 1071 366 1104 ἄλλων,
385 1072 431 1099 καὶ
446 1073 526 1105 αὐτὸς
559 1074 614 1100 δεῖν
627 1073 714 1107 ἔγνων
727 1074 756 1100 ὲν
772 1075 805 1108 τῇ
827 1075 953 1111 παρούσῃ
967 1075 1072 1111 ἱστορίᾳ
1090 1075 1210 1109 ἐντάξαι,
1227 1075 1264 1106 ὼς
1280 1075 1313 1102 ἂν
1329 1076 1366 1110 μή
1385 1083 1437 1101 τινι
1458 1074 1640 1110 ἁμφιόἀλλειν
1658 1075 1773 1109 γένοιτο,
1791 1074 1850 1105 πῶς
1863 1073 1888 1099 οἱ

267 1121 390 1148 τοσοῦτοι
405 1122 546 1157 φωστῆρες
561 1121 595 1148 δι’
613 1122 713 1158 ἔχθρας
727 1121 852 1158 ἀλλήλοις
869 1123 953 1154 ἰόντες
965 1123 1119 1159 ἁγιωσύνης
1131 1124 1177 1150 καὶ
1192 1124 1275 1158 ἄμφω
1288 1123 1328 1154 εἰς
1342 1123 1426 1157 ἄκρον
1438 1120 1515 1159 ἦχον,
1538 1123 1586 1149 καὶ
1601 1123 1652 1158 τῆς
1669 1121 1833 1157 Ἐκκλησιας
1843 1120 1889 1147 θε-

270 1168 356 1202 μέλιοι
367 1168 563 1203 ἐχρημάτισαν,
580 1169 711 1204 μηδαμῶς
722 1169 754 1195 τὺ
770 1169 819 1203 τῆς
838 1168 937 1204 ἔχθρας
956 1170 1026 1204 μέγα
1044 1170 1094 1206 τὴν
1122 1169 1277 1204 κρατοῦσαν
1302 1168 1382 1201 δόξαν
1400 1168 1570 1203 λυμήνασθαι
1586 1167 1747 1203 δυνηθείσης
1758 1175 1766 1183 ⁸
1786 1167 1819 1194 In
1842 1175 1890 1194 ar-

268 1221 336 1241 cana
346 1213 443 1241 Nicette
461 1213 616 1249 philosophi,
634 1214 678 1249 qui
689 1217 713 1240 et
727 1213 810 1240 David
820 1213 903 1240 dictus
916 1217 964 1245 est,
979 1214 1089 1241 historia
1099 1235 1106 1246 ,
1123 1219 1146 1241 ει
1170 1215 1240 1249 apud
1259 1214 1326 1240 alios
1341 1214 1403 1240 item
1420 1221 1480 1240 cum
1494 1214 1650 1245 invenerim,
1670 1213 1744 1247 operi
1760 1213 1820 1239 huic
1831 1218 1889 1239 mea

268 1262 436 1290 inserendum
451 1269 506 1290 esse
517 1270 619 1298 quoque
641 1262 714 1294 duxi,
741 1269 773 1289 ne
797 1262 840 1288 cui
867 1261 988 1297 ambigue
1013 1262 1042 1288 in
1059 1266 1172 1289 mentem
1193 1263 1281 1289 veniat
1314 1261 1443 1297 quomodo
1461 1265 1537 1288 tanta
1553 1261 1709 1294 luminaria,
1733 1259 1889 1288 inimicitias

269 1319 374 1341 mutuas
391 1314 548 1345 exercentia,
565 1313 639 1340 ambo
649 1312 683 1340 ad
698 1320 829 1339 summam
841 1311 1008 1338 sanctitatem
1025 1311 1200 1346 pervenerint,
1214 1316 1238 1338 et
1246 1310 1369 1338 Ecclesia!
1380 1309 1554 1345 fundamenta
1570 1309 1726 1341 exstiterint,
1742 1308 1888 1335 inimicitiis

270 1360 422 1395 Itujusmodi
436 1360 540 1387 nullum
555 1359 664 1386 illorum
678 1358 771 1394 gloria:
784 1360 968 1386 detrimentum
983 1359 1160 1395 offerentibus.

307 1407 392 1434 Vitam
406 1407 492 1433 sancti
503 1407 612 1441 Ignatii,
631 1405 771 1433 Michaelis
789 1405 884 1433 Trauli
909 1406 1009 1441 (Balbi)
1029 1406 1204 1442 imperatoris
1231 1404 1528 1440 Constantinopolitani
1547 1405 1577 1432 F.
1596 1408 1624 1432 et
1645 1403 1807 1439 patriarcha
1820 1402 1893 1430 Con-

271 1454 517 1490 stantinopolitani,
532 1461 587 1488 quo
611 1458 707 1480 exacto
722 1453 838 1482 Photius
860 1461 894 1481 ex
908 1459 1038 1481 senatore
1056 1459 1085 1482 et
1106 1454 1176 1482 laico
1188 1454 1278 1489 [actus
1302 1458 1345 1481 est
1359 1453 1524 1488 patriarcha.
1558 1453 1623 1479 Eam
1646 1453 1672 1478 in
1690 1450 1817 1478 Latinum
1833 1457 1848 1477 a
1863 1457 1894 1477 se

271 1511 379 1531 versam
390 1503 477 1531 edidit
494 1502 588 1530 Graece
598 1506 626 1529 et
654 1501 738 1529 latine
753 1502 895 1530 Matthtcus
911 1503 1044 1540 lladerus
1068 1507 1131 1530 ante
1147 1502 1296 1529 concilium
1311 1504 1437 1527 octavum
1462 1498 1599 1534 generale,
1630 1497 1699 1528 in-b,
1721 1495 1892 1532 lngolstadii.

272 1549 452 1578 Postmodum
467 1549 495 1576 in
514 1556 585 1576 nova
600 1547 786 1575 Conciliorum
802 1548 973 1584 generalium
995 1552 1023 1576 et
1039 1549 1245 1583 particularium
1261 1547 1383 1574 editione
1398 1546 1503 1578 Roma},
1527 1544 1657 1576 Coloniae,
1672 1547 1700 1571 et
1714 1543 1825 1571 Parisiis
1842 1551 1896 1578 pu-

273 1597 374 1625 blicata
389 1600 441 1624 est.
471 1595 538 1623 Eam
552 1602 662 1630 quoque
673 1602 688 1622 e
705 1594 801 1622 Graeco
815 1594 931 1622 vertisse
946 1595 1108 1622 Fedcricum
1134 1594 1245 1622 Metium
1261 1593 1358 1621 scribit
1373 1592 1540 1621 Possevinus
1564 1592 1592 1618 in
1605 1590 1757 1626 Apparatu.
1783 1589 1897 1625 Legitur

274 1643 358 1671 etiam
380 1649 454 1669 nunc
468 1641 655 1676 manuscripta
681 1639 709 1667 in
724 1639 891 1667 bibliotheca
907 1640 1039 1668 Vaticana
1055 1641 1117 1668 cod.
1135 1640 1214 1673 “52,
1227 1639 1335 1675 collegii
1357 1638 1526 1669 Graecorum,
1548 1636 1622 1672 regia
1636 1634 1897 1668 Sancti-Laurentii,

273 1693 304 1716 et
315 1688 393 1715 alibi.

311 1735 452 1763 Orationes
472 1735 562 1763 varias
578 1736 605 1762 in
619 1735 711 1762 laudes
722 1737 885 1766 sanctorum,
912 1731 985 1766 Quas
1001 1732 1059 1767 ipse
1070 1732 1124 1768 legi
1141 1737 1206 1760 sunt
1223 1741 1230 1759 :

312 1783 341 1810 1.
357 1782 387 1810 1η
404 1787 524 1809 sanctum
533 1782 662 1809 Joannem
677 1780 873 1815 evangelistam.
890 1780 936 1807 P.:
955 1779 985 1806 '0
999 1779 1044 1805 τὸν
1062 1779 1130 1813 μέγα

1079 1779 1149 1812 τέγαν
1165 1778 1216 1813 τῆς
1235 1778 1350 1814 βροντῆς
1361 1778 1440 1813 γόνον
1454 1776 1676 1814 προτρεπόμενος
1691 1775 1823 1803 ἐπαινεῖν.
1838 1773 1897 1802 Sub

276 1827 373 1855 Nicette
383 1827 493 1854 rhetoris
506 1831 530 1854 et
544 1826 630 1853 sancti
641 1825 690 1852 viri
703 1825 785 1852 titulo
804 1829 934 1852 servatur
945 1825 973 1852 in
991 1824 1158 1852 bibliotheca
1169 1825 1330 1852 Barberina.

311 1876 339 1904 ‘2.
366 1875 397 1902 In
417 1879 521 1902 sanctos
553 1877 684 1908 martyres
714 1871 841 1908 Corycum
872 1872 930 1908 (sic)
958 1876 984 1898 et
1006 1871 1129 1900 Julittam

1082 1876 1142 1899 ‘am.
1168 1872 1216 1900 P.:
1235 1872 1341 1907 Ὥσπερ
1365 1872 1416 1898 οὺχ
1439 1871 1497 1898 ἐστι
1527 1870 1706 1906 συνεχόμενον
1727 1868 1767 1905 τῷ
1803 1867 1900 1904 Κυρίῳ

283 1921 417 1948 Ἰουδαῖον.

311 1968 339 1995 5.
359 1968 392 1995 In
405 1973 525 1995 sanctum
542 1966 782 1994 Pantaleemonem.
812 1965 861 1992 P.:
882 1964 1044 2001 Θαυμαστὸς
1057 1965 1072 1991 ὁ
1086 1964 1129 1992 Bel

906 1964 1044 2001 αυμαστὺς
1057 1965 1072 1991 ὁ
1086 1964 1152 1996 Θεὸς
1171 1965 1200 1991 ὲν
1213 1965 1269 1996 τοῖς
1283 1964 1368 1998 ἁγίοις
1382 1962 1477 1996 αὐτοῦ,
1496 1971 1578 1998 φησιν
1591 1968 1606 1988 ο
1627 1963 1723 1997 μέγας.

312 2016 338 2043 4.
369 2014 401 2042 In
418 2020 540 2042 sanciunt
564 2013 789 2041 Burtholomteum
820 2012 982 2046 apostolum.
1012 2011 1066 2039 P.:
1096 2010 1130 2037 Θε

1096 2010 1202 2046 Θερμδς
1229 2011 1243 2037 ὁ
1270 2010 1362 2042 πόθος,
1387 2008 1445 2036 ἀλλ’
1478 2007 1633 2044 ἁδρανὴςῖό
1666 2007 1749 2041 νοῦς,
1783 2007 1852 2040 ζέων
1877 2003 1899 2032 δ’

278 2064 357 2100 ἔρως.

315 2113 341 2140 5.
358 2112 389 2139 In
402 2116 524 2138 sanctum
541 2109 658 2136 Marcum
675 2107 875 2143 evangelistam.
891 2107 921 2134 P.
936 2116 944 2134 ι
971 2107 1078 2142 Ὠσπερ
1092 2105 1133 2140 οὗ)

936 2116 944 2134 :
971 2107 1078 2142 Ὠσπερ
1092 2105 1141 2140 οὐχ
1153 2106 1245 2140 ὅμοιαι
1256 2104 1312 2131 τῶν
1326 2105 1460 2139 σωμάτων
1474 2104 1582 2130 πάντων
1597 2103 1625 2128 αἱ
1640 2100 1752 2136 μορφαε.

314 2158 339 2185 ϐ.
359 2157 389 2184 In
413 2161 533 2183 sanctum
557 2154 687 2181 locabunt
712 2153 830 2180 Zebedtei
865 2152 962 2187 filium.
994 2155 1044 2179 P.:
1075 2151 1132 2186 Πριὶ

1084 2151 1174 2187 Ῑρώην
1202 2151 1252 2186 μὲν
1279 2151 1352 2185 ἡμᾶς
1374 2151 1392 2184 ἡ
1421 2149 1497 2181 ζῶσα
1524 2149 1574 2183 τῆς
1605 2147 1735 2182 ἀληθινῆς
1763 2144 1902 2180 Θεολογιας

281 2205 368 2240 πηγή-

315 2237 399 2278 ἧίιη
426 2250 534 2277 Petrum
565 2252 590 2275 et
617 2247 733 2274 Paulum
770 2247 951 2282 apostolorum
987 2246 1125 2281 principes.

1085 2254 1125 2272 tes.
1156 2243 1213 2271 IK:
1241 2243 1288 2274 Τίς
1319 2243 1334 2269 ὁ
1362 2241 1476 2276 τερπνὸς
1508 2238 1586 2268 οὗτος
1612 2237 1698 2275 ﬁxo“
1724 2238 1766 2270 τίς
1798 2240 1812 2266 ὁ
1850 2237 1903 2264 τῶν

279 2296 532 2334 ἑορταζόντωνατλ.

315 2346 342 2373 8.
362 2345 393 2372 In
413 2348 517 2370 sanctos
528 2342 664 2371 duodecim
680 2342 823 2379 apostolos.
847 2339 878 2367 P.
891 2349 899 2367 :
913 2339 946 2366 Τί
959 2339 1029 2374 καλὴ
1043 2338 1093 2372 τῆς
1113 2338 1133 2364 Ἐ

1085 2347 1093 2369 ς
1113 2337 1275 2372 Ἑκκὶηςίας
1291 2338 1309 2371 ἡ
1326 2336 1417 2369 casa!
1433 2335 1460 2362 τί
1473 2334 1577 2370 τερπνὴ
1588 2334 1642 2360 τῶν
1658 2333 1701 2360 ἐπ’
1726 2332 1829 2368 αὐτῆς,
1844 2331 1903 2358 κτλ.

281 2393 326 2420 Ητε
343 2399 439 2419 omnes
449 2390 500 2417 sub
516 2391 613 2418 eodem
629 2390 751 2418 rhetoris
768 2388 848 2416 titulo
864 2387 993 2422 leguntur
1008 2385 1036 2412 in
1047 2383 1208 2412 Barberina.

314 2439 341 2465 9.
371 2438 409 2464 De
420 2437 572 2469 certamine,
587 2442 613 2464 et
624 2437 784 2466 inventione,
799 2439 824 2461 et
840 2433 1015 2460 translatione
1029 2430 1201 2465 reliquiarum
1215 2430 1301 2456 sancti
1314 2428 1518 2465 protomartyris
1531 2431 1557 2453 et
1569 2425 1751 2453 archidiaconi
1768 2423 1906 2459 Stephani.

281 2485 311 2511 Ρ.
331 2493 337 2510 :
360 2484 388 2509 '0
410 2483 511 2518 Κύριος
526 2483 604 2518 ἡμῶν
623 2482 726 2518 Ἰησοῦς
748 2480 866 2517 Χριστὸς
888 2481 902 2506 ὁ
918 2478 1013 2514 Σωτὴρ
1034 2477 1099 2504 πάντ

1090 2485 1144 2502 των
1160 2476 1214 2502 τῶν
1238 2475 1403 2507 ἐλπιζόντων
1421 2473 1463 2500 ἐπ’
1486 2473 1576 2500 αὐτόν.
1600 2471 1657 2500 Sub
1671 2471 1769 2499 eodem
1782 2469 1864 2497 titulo
1880 2468 1906 2495 in

281 2515 488 2563 llarbcrinaiet
589 2515 688 2557 Nicena
712 2515 868 2564 philosophi
891 2526 920 2554 in
932 2524 1072 2552 Vaticanis
1095 2523 1240 2552 codicibus
1260 2523 1311 2550 (‘79
1321 2526 1349 2549 et.
1363 2521 1425 2549 819.
1451 2520 1618 2548 Possevinus
1634 2518 1662 2545 in
1677 2515 1906 2564 Apparatupotat

281 2572 383 2601 Nicctaz
397 2573 538 2608 Byzantini
553 2581 625 2604 csse,
639 2574 685 2609 qui
700 2563 727 2601 in
741 2573 871 2602 Vaticana
882 2571 1049 2599 bibliotheca
1060 2569 1112 2596 sub
1129 2569 1241 2597 nomine
1257 2569 1358 2595 Nicetae
1372 2567 1527 2603 philosophi
1539 2571 1695 2594 asservatur
1707 2563 1799 2591 (ἔταξας
1811 2564 1908 2607 manu:

282 2621 402 2656 scriptus
419 2629 519 2655 sermo,
542 2622 573 2648 de
593 2623 736 2658 martyrio,
760 2621 918 2651 inventione,
932 2624 956 2646 et
968 2618 1142 2646 translatione
1159 2617 1367 2644 venerandarum
1390 2615 1565 2650 reliquiarum
1595 2607 1799 2648 protomartyris
1824 2607 1907 2631 atmctt

283 2667 422 2702 Stephani.
442 2667 494 2695 Alii
508 2667 618 2695 codices
631 2668 757 2695 tribuunt
769 2667 893 2694 Michaeli
912 2665 1013 2698 Psello,
1029 2668 1181 2698 notamque
1195 2671 1229 2690 ex
1243 2662 1394 2698 improviso
1407 2661 1524 2689 dictum.

320 2697 362 2741 1'0.
379 2713 436 2741 Sub
455 2713 557 2741 Niceten
575 2713 768 2749 Paphlagonia:
782 2713 898 2740 habetur
914 2711 1045 2739 Laudatio
1067 2710 1096 2738 in
1108 2718 1137 2736 sa

1091 2697 1230 2737 Lsaitctum
1245 2697 1390 2744 martyrem
1411 2707 1583 2736 Theodorum.
1608 2705 1638 2733 Ρ.
1655 2713 1662 2731 :
1688 2703 1720 2730 Τί
1733 2700 1848 2736 λαμπρὰ
1865 2697 1909 2725 καὶ

284 2761 397 2796 διαυγὴς
409 2762 426 2795 ὴ
442 2759 491 2794 τῆς
505 2746 702 2794 ἠμέρας-χάρξς
719 2760 725 2786 l
743 2758 772 2785 In
784 2758 927 2789 Vaticana,
955 2757 1017 2784 cod.
1034 2756 1102 2784 l2l6

1091 2756 1113 2784 Ei.
1136 2755 1166 2782 In
1182 2754 1330 2782 Barbcrina
1355 2754 1534 2790 expressius:
1559 2752 1666 2787 Νικήτα
1693 2749 1841 2776 ἐπισκόπου
1856 2746 1909 2772 Πα-

285 2808 443 2843 φλαγονῖας,
473 2807 569 2836 Nicetaz
582 2807 696 2842 episcopi
720 2806 922 2840 Paphlagonia.
939 2805 1007 2833 Cod.
1018 2805 1080 2832 2H.

321 2839 364 2882 ii.
381 2855 443 2883 Chii
459 2855 542 2883 etiam
553 2839 685 2890 legeram:
716 2839 954 2889 Νιδξήταῗρἠτορος
972 2853 1019 2879 τοῦ
1033 2853 1139 2888 Παφλατ

1092 2852 1211 2887 ιλαγόνος
1227 2851 1364 2887 ἐγκώμιον
1376 2851 1415 2882 εἰς
1431 2850 1477 2876 τὸν
1495 2849 1582 2884 μέγαν
1599 2845 1734 2872 Νιιόλαον
1752 2843 1797 2869 τὸν

285 2901 386 2937 ελύτην
405 2902 452 2928 καὶ
481 2886 689 2936 θαυμαξουργδν
712 2886 926 2936 appetis-nono};
951 2900 1052 2936 Μύρων
1065 2886 1103 2936 rip

1095 2908 1114 2936 ις
1135 2886 1261 2931 λυκὶαςε
1280 2886 1377 2926 Νἶσινω
1402 2896 1515 2924 rhetoris
1529 2892 1709 2928 Paphlagonis
1733 2886 1853 2917 laudatio
1880 2886 1913 2913 in
