2072 3160
248 133 282 170 13
987 141 1152 173 NOTITIA.
1843 144 1876 176 tt

246 199 368 221 sanctum
392 193 533 222 Nicolaum
551 194 739 232 Myroblytam,
764 201 788 223 et
817 197 1003 224 mirandot'um
1019 199 1167 233 eﬂoclorem
1187 199 1412 234 archiepiscopum
1434 198 1568 234 Myrorum
1586 199 1682 235 Lyciaz.
1709 199 1753 227 P;
1783 198 1813 226 '0
1828 199 1878 235 μὲν

247 239 391 273 θεοπὰτωρ
402 239 484 266 Δαυῒδ
494 240 524 266 τὸ
541 241 665 274 ἀειθαλὲς
679 243 726 270 καὶ
746 243 905 278 μετάρσιον.

285 285 327 312 12.
356 285 488 313 Laudatia
503 288 531 313 in
545 292 649 314 sanctos
663 297 810 324 anargyros
829 288 955 317 Cosmam
970 295 994 317 et
1019 290 1100 317 Domi

1058 291 1194 318 :mianam.
1210 291 1242 319 P.
1259 299 1266 317 :
1288 292 1332 323 Ὠς
1348 291 1477 326 ἀγαπητὰ
1490 291 1525 318 τὰ
1537 291 1704 326 σκηνώματά
1717 300 1775 325 σου,
1792 291 1876 328 Κύριε

249 333 299 359 τῶν
309 333 452 368 δυνάμεων
470 334 477 360 l
494 333 552 360 Sub
571 333 672 361 Nicette
691 334 847 370 philosophi
880 335 992 363 nomine
1008 335 1035 363 in
1046 336 1175 364 Vaticana
1191 336 1252 364 cod.
1267 336 1328 364 808.
1357 336 1513 371 Eademque
1525 336 1642 363 habetur
1663 336 1690 363 in
1704 344 1766 364 meo
1780 344 1878 363 manu-

247 380 360 415 scripto,
389 381 467 408 nullo
481 381 591 416 praeﬁxo
612 382 734 410 auctoris
758 383 882 410 nomine.
907 384 973 411 Eam
985 391 1047 411 cum
1063 384 1203 411 nonnullis
1225 384 1287 412 aliis
1303 384 1476 411 Monachium
1507 383 1568 410 misi
1584 383 1744 410 doctissimo
1768 383 1875 410 Simoni

245 427 454 463 Wagnereckio,
467 427 515 462 qui
528 436 602 472 nunc
622 428 656 455 de
668 429 849 456 sanctissimis
858 429 903 457 his
914 430 1062 465 Anargyris
1073 430 1330 458 commentationem
1345 430 1503 462 meditatur,
1518 437 1599 463 quam
1607 429 1663 464 jam
1680 429 1750 457 bene
1763 430 1877 457 inchoa-

249 480 303 501 tam
326 474 424 501 melius
437 474 575 502 conﬁciet.
595 475 665 508 Quid
677 476 756 514 enim
771 481 823 508 est,
850 477 925 508 quod
939 477 985 504 ille
996 478 1117 505 calamus
1134 478 1301 513 amplissime
1318 485 1373 505 non
1390 477 1556 512 perfecerit?

282 519 397 555 Scripsit
412 525 544 555 praeterea
556 522 742 555 expositionem
753 523 781 550 in
795 523 887 558 aliqua
903 524 1026 551 carmina
1043 524 1167 560 Gregorii
1178 524 1355 552 Nazianzeni.

283 567 308 593 1.
334 567 364 594 In
379 566 555 602 sepulcralia.
575 576 636 602 quae
651 569 697 596 illc
715 569 742 596 in
760 569 922 597 defunctum
944 570 1074 598 Basiliam
1096 571 1261 606 composuit.
1288 571 1476 599 Conservatur
1502 571 1530 598 in
1550 571 1718 599 bibliotheca
1741 570 1871 598 Vaticana

245 613 308 641 cod.
323 614 376 642 496
391 619 418 642 et
432 613 495 645 9-59,
511 614 562 641 sub
573 615 684 642 nomine
702 616 809 651 Νικήτα
824 616 970 649 φιλοσόφου
984 617 1030 643 τοῦ
1045 618 1063 643 Π

917 625 970 649 ιφου
984 617 1030 643 τοῦ
1045 618 1231 652 Παφλαγόνος,
1252 618 1351 645 Nicetis
1367 618 1514 652 philosophi
1539 617 1735 653 Paphlagonis:

280 660 309 687 2.
326 661 354 688 In
370 668 483 696 gnomas
499 668 548 688 seu
563 661 715 690 sententias
738 660 871 696 ejusdem,
887 669 955 696 quas
979 662 1024 689 illc
1048 663 1233 691 acrostichide
1251 663 1297 691 illa
1314 665 1473 698 complexus
1496 667 1548 691 est.
1583 664 1693 699 Γνῶμαι
1722 663 1873 698 Γρηγορίου

245 707 363 741 δὶστιχος
386 707 494 742 εὐεπίη,
517 706 614 733 ἐσθλὸν
636 706 747 742 ἄθυρμα
759 707 839 739 νέοις,
858 712 913 734 etc.
942 707 1000 735 Sub
1019 715 1063 734 non

1058 708 1131 735 mine
1152 708 1260 744 Νικήτα
1281 708 1328 736 τοῦ
1354 708 1401 735 καὶ
1417 708 1497 735 Δαυῖδ
1512 708 1562 734 τοῦ
1591 709 1748 744 φιλοσόφου,
1767 708 1875 735 Niceten

244 757 288 790 qui
303 761 328 782 et
340 756 434 788 David,
449 755 605 791 philosophi.
631 755 698 783 Cod.
724 755 776 782 544
791 761 818 782 et
834 755 896 782 365.
923 756 957 782 Ει
980 755 1008 782 in
1033 755 1193 792 Augustana
1217 756 1290 784 inter
1305 756 1473 792 theologicos
1492 756 1554 784 cod.
1572 757 1615 783 44.
1645 756 1674 784 1η
1688 755 1875 790 Altempsiana

244 803 298 830 sub
316 803 427 830 nomine
442 802 549 837 Νικήτα
565 802 710 836 φιλοσόφου
730 802 879 828 ἐπισκόπου
905 801 1060 836 Δαδύϐρων.

1053 822 1060 833 .
1091 802 1189 830 Nicetw
1208 803 1356 838 philosophi
1371 803 1555 838 Dadyhrorttm
1570 802 1693 837 episcopi.
1716 801 1750 828 Ει
1764 801 1867 835 absque

243 848 368 883 episcopi
380 848 501 876 dictione
514 848 585 875 inter
601 848 755 876 rhetoricos
767 847 935 882 Augustante
950 848 1012 876 cod.
1027 848 1071 876 17.
1098 849 1164 881 Quae
1179 849 1302 876 Venetiis
1318 849 1391 876 edita
1405 853 1470 877 sunt
1483 850 1510 876 in
1521 849 1548 881 4,
1563 856 1635 875 anno
1656 847 1735 874 1565.
1769 847 1874 882 Ἑρμη-

243 895 305 921 vela
319 895 359 926 εες
371 895 406 921 τὰ
417 895 584 930 τετράστιχα
601 894 647 921 τοῦ
663 894 781 929 μεγάλου
796 894 905 930 Πατρὺς
920 895 939 920 Γ
942 894 1071 930 ρηγοριου
1086 895 1134 922 τοῦ
1161 895 1349 930 Ναζιανζηνοῦ
1364 896 1403 926 εἰς
1415 894 1450 922 τὰ
1464 895 1619 930 μονόστιχα,
1632 895 1672 925 εὶς
1683 894 1717 921 τὰ
1736 892 1875 928 ἐπιγράμ-

246 952 322 979 ματα
330 943 364 970 τὰ
377 944 417 974 εἰς
430 944 475 970 τὸν
488 943 574 979 μέγαν
588 943 726 969 Βασίλειον
737 943 923 978 παράφρασις.
935 943 1064 970 Vindican

1056 948 1117 970 ntur
1133 943 1244 974 Nicetae,
1261 944 1307 978 qui
1323 948 1351 970 et
1364 943 1448 970 David
1458 964 1465 974 ,
1477 942 1558 970 editae
1571 950 1680 977 quoque
1694 942 1874 977 paraphrases

244 991 398 1018 carminum
409 990 534 1026 Gregorii
544 989 709 1017 Nazianzeni
722 989 756 1017 de
770 989 926 1024 principiis,
951 997 986 1017 ex
996 989 1164 1018 bibliotheca
1185 990 1343 1024 reipublica:
1358 990 1534 1025 Augustanae,
1550 989 1678 1024 Lugduni
1707 989 1874 1016 Batavorum

243 1035 273 1063 in
289 1036 398 1064 ofﬁcina
414 1037 585 1064 Plantiniana
598 1043 670 1064 anno
684 1035 762 1067 159l,
775 1035 803 1062 in
818 1035 845 1068 8,
860 1043 941 1070 quam
965 1036 1048 1062 etiam
1062 1036 1215 1063 arbitratur
1241 1035 1325 1063 David
1349 1035 1523 1063 Iitnscbelius
1537 1043 1598 1063 esse
1621 1035 1733 1062 Nicetze.
1762 1035 1875 1063 Verum-

243 1091 336 1112 tamen
350 1091 413 1111 cum
431 1084 488 1118 ipse
500 1091 557 1110 rem
569 1082 689 1118 penitius
697 1082 895 1114 examinarem,
915 1081 1006 1116 reperi
1017 1081 1197 1116 paraphrases
1214 1081 1273 1112 has,
1286 1081 1342 1108 sive
1356 1081 1553 1116 expositiones.
1577 1080 1667 1108 editas
1682 1085 1739 1108 tum
1750 1080 1874 1108 Venetiis

245 1138 304 1159 tum
327 1131 454 1166 Lugduni
483 1131 658 1161 Batavorum,
688 1129 764 1157 nullo
804 1129 887 1156 modo
911 1129 1014 1157 Nicattc
1056 1136 1132 1162 esse;
1160 1129 1243 1164 idque
1267 1136 1300 1155 ex
1324 1129 1418 1157 codice
1460 1129 1526 1156 satis
1558 1128 1672 1163 antiquo
1698 1127 1875 1157 bibliotheca:

247 1177 277 1204 S‘.
289 1177 406 1217 Andreae
415 1177 560 1208 Valleusis,
577 1176 722 1204 codicibus
736 1175 882 1208 Vaticanis,
898 1175 1061 1208 Lutetianis,
1079 1181 1106 1203 et
1120 1176 1191 1204 aliis.
1210 1176 1244 1203 Et
1259 1181 1289 1203 ut
1302 1183 1394 1203 veram
1411 1175 1439 1203 in
1451 1175 1574 1203 carmina
1583 1175 1749 1203 Nazianzeni
1764 1172 1874 1210 exposi-

244 1224 348 1252 tionem
364 1223 466 1251 Nicette
481 1223 593 1254 habeas,
607 1231 663 1250 non
677 1222 812 1258 gravabor
829 1230 863 1250 ex
878 1222 976 1249 eodem
993 1222 1203 1251 Santandreano
1220 1222 1316 1250 codice
1332 1223 1427 1250 titulos
1445 1222 1611 1255 carminum,
1627 1225 1655 1250 ct
1667 1221 1871 1257 paraphrascon

241 1269 390 1304 principia,
405 1273 435 1296 ut
456 1268 493 1295 ibi
520 1273 595 1302 sunt,
610 1268 746 1303 digerere.

276 1328 332 1356 Τοῦ
346 1328 493 1363 φιλοσόφου
510 1327 594 1362 κυροῦ
611 1327 719 1362 Νικήτα
732 1327 883 1354 ἐπισκόπου
897 1327 1042 1363 Δαδύὸρων
1057 1327 1188 1362 ἐξήγησις
1203 1327 1258 1354 τῶν
1285 1327 1359 1354 ἐπῶν
1376 1327 1423 1354 τοῦ
1437 1326 1553 1362 μεγάλου
1572 1325 1724 1362 Γρηγοριου
1739 1325 1788 1353 τοῦ
1811 1326 1873 1352 Θεο-

245 1376 321 1409 λόγου
336 1377 386 1411 (at.
417 1375 571 1410 Philosophi
591 1375 691 1402 domim
707 1374 808 1402 Nicetaz
831 1374 1018 1409 Dadybrorum
1042 1375 1156 1409 episcopi
1171 1374 1298 1408 eapositio
1314 1375 1464 1402 carminum
1483 1374 1573 1409 magni
1599 1373 1719 1408 Gregorii
1735 1371 1869 1407 Theologi.

243 1422 372 1450 Piommii
394 1421 583 1458 principium:
606 1422 638 1447 Οἱ
670 1422 719 1457 μὲν
745 1421 810 1456 παρ’
829 1420 941 1455 Ἕλλησι
970 1420 1061 1455 φιλοσο

1053 1419 1186 1454 οφώτατοι
1209 1417 1279 1447 εἶναι
1307 1420 1443 1452 δόξαντες.
1471 1420 1593 1447 Alterius
1607 1418 1735 1454 procemii
1755 1418 1786 1446 Ρ.
1805 1427 1813 1445 :
1838 1417 1871 1444 οι

240 1470 290 1504 τῆς
307 1469 443 1504 κοσμικῆς
456 1468 551 1502 σοφίας
567 1470 616 1503 τὴν
629 1469 783 1504 ἀκροτάτην
797 1467 970 1495 καταλαϐεῖν.

277 1517 345 1551 Περὶ
371 1515 464 1551 ἀρχῶν
494 1514 573 1549 λόγος
590 1514 624 1542 α’.
665 1514 704 1542 De
733 1515 869 1550 principiis
893 1515 980 1542 oratio
1004 1514 1095 1549 prima.

1051 1522 1100 1541 ma.
1127 1514 1178 1541 P.:
1205 1510 1271 1540 Οἶδα
1295 1513 1356 1549 μὲν,
1385 1513 1468 1548 φησὶν
1491 1514 1508 1548 ὴ
1534 1512 1681 1548 θεόληπτος
1709 1511 1757 1538 τοῦ
1789 1511 1869 1545 λόγου

240 1563 329 1598 φωνή.

278 1609 345 1643 Περὶ
369 1607 436 1635 Υἱοῦ
457 1607 536 1642 λόγος
565 1606 598 1642 β’.
621 1607 660 1634 De
688 1606 760 1635 Filio
781 1608 868 1635 oratio
892 1607 1017 1634 secanda.
1038 1608 1068 1636 P.
1088 1617 1095 1634 :

1048 1609 1068 1636 ³.
1088 1617 1095 1634 ι
1125 1607 1289 1642 Ἐκθέμενος
1303 1607 1369 1642 περὶ
1399 1606 1503 1641 ἀρχῶν,
1528 1606 1544 1642 ἦ
1569 1605 1656 1642 (Ξιρχῆι⁸
1674 1613 1682 1621 ·
1711 1604 1810 1632 ταυτὸν
1837 1603 1866 1630 δὲ

241 1655 341 1682 εἰπεῖν.

277 1702 344 1734 Περὶ
357 1700 404 1727 τοῦ
421 1700 499 1734 ἁγίου
517 1699 676 1735 Πνεύματος
689 1699 767 1732 λόγος
781 1699 816 1733 γ’.
829 1699 867 1726 De
882 1698 985 1734 Spiritu
997 1702 1090 1726 sancto

1051 1702 1090 1726 tto
1105 1699 1191 1725 oratio
1207 1698 1298 1726 tertia.
1310 1698 1341 1725 P.
1355 1707 1361 1724 :
1374 1696 1545 1732 Θεολογήσας
1556 1698 1570 1723 ό
1582 1696 1794 1732 θεοληπτότατος
1806 1694 1869 1732 περὶ

240 1750 350 1785 [ἰατρὸς
359 1749 407 1776 καὶ
423 1749 499 1776 Tia-3.

275 1797 343 1833 Περὶ
357 1796 459 1831 κόσμου
472 1796 552 1830 λόγος
569 1795 600 1822 δ’.
630 1795 667 1822 De
681 1795 777 1822 mando
787 1795 873 1822 oratio
891 1799 999 1830 quarta.
1025 1794 1068 1821 P.:
1086 1793 1093 1802 '

827 1795 873 1822 ztio
891 1799 999 1830 quarta.
1025 1794 1068 1821 P.:
1086 1793 1197 1824 Ἰκανῶς
1212 1793 1256 1820 διὰ
1269 1794 1324 1819 τῶν
1340 1793 1542 1828 προειληφότων
1562 1792 1645 1820 ἐπῶν.

275 1844 342 1879 Περὶ
376 1844 506 1879 Προνοίας
523 1843 600 1878 λόγος
617 1846 646 1870 ε’.
661 1843 699 1870 De
711 1843 879 1870 Providentia
893 1843 979 1869 oratio
993 1844 1093 1877 quinta.

1049 1848 1095 1870 tto.
1124 1842 1153 1868 P.
1170 1851 1176 1868 :
1197 1841 1381 1876 Φιλοσοφήσας
1395 1840 1525 1876 περὶτῶν
1548 1840 1595 1867 δύο
1611 1839 1732 1875 κόσμων,
1745 1838 1867 1874 πρώτου.

238 1890 322 1925 φημί-

275 1938 343 1973 Περὶ
356 1938 457 1973 νοερῶν
473 1937 571 1965 οὐσιῶν
584 1937 661 1972 λόγος
675 1937 711 1969 ς’.
723 1937 760 1965 De
771 1937 991 1965 intellectttalibtts
1003 1937 1092 1973 subslit

1047 1938 1156 1973 ’Sltljtllis
1166 1937 1251 1964 oratio
1262 1941 1348 1963 sexta.
1363 1935 1383 1963 P
1395 1943 1402 1962 :
1417 1934 1566 1970 Διειληφὼς
1579 1935 1643 1970 περ)⁵
1652 1933 1743 1961 διττοῦ
1753 1933 1865 1968 κόσμου,

239 1985 336 2020 νοητοῦ
353 1985 426 2019 λέγω
437 1986 484 2012 καὶ
499 1984 640 2020 αἰσθητοῦ.
1126 2007 1128 2010 .
1151 2009 1153 2011 .
1167 2018 1174 2024 ν

274 2031 343 2067 Περὶ
357 2031 447 2067 ψυχῆς
463 2031 540 2066 λόγος
553 2033 585 2063 ζ.
603 2031 640 2058 De
653 2031 744 2058 anima
757 2031 842 2058 oratio
856 2030 979 2065 septima.
1004 2030 1035 2057 P.
1050 2039 1057 2057 :

1050 2039 1057 2057 :
1092 2024 1248 2064 Ἐπνὴὺως
1276 2029 1346 2064 μετὰ
1364 2029 1413 2064 τὴν
1438 2028 1492 2055 τῶν
1516 2028 1650 2063 οὐρανίων
1666 2028 1714 2054 καὶ
1739 2027 1865 2061 λογικῶν.

273 2078 342 2112 Περὶ
354 2077 501 2112 διαθηκῶν,
516 2078 564 2104 καὶ
575 2077 736 2111 ἐπιφανείας
749 2076 867 2112 Χριστοῦ
879 2077 958 2110 λόγος
972 2075 1008 2111 η’.
1033 2076 1071 2102 De
1089 2091 1091 2104 ι

1046 2076 1071 2102 )e
1089 2077 1263 2108 testamentis,
1281 2080 1306 2103 et
1336 2076 1503 2111 apparitione
1517 2074 1625 2108 Christi,
1655 2074 1741 2101 oratio
1762 2077 1864 2100 octava.

237 2124 270 2152 P.
288 2132 295 2149 :
324 2123 489 2154 Συντελέσας
505 2124 569 2154 τοὺς
585 2123 769 2158 δογματικοὺς
784 2122 880 2156 λόγους
892 2123 971 2149 ἑπτά.

275 2169 343 2203 Περὶ
355 2168 457 2203 ἀρετῆς
480 2167 656 2202 ἀνθρωπίνης
684 2167 764 2201 λόγος
781 2167 814 2194 θ’.
847 2166 885 2194 De
914 2168 1010 2194 virtute
1036 2168 1093 2195 ltum

1086 2176 1154 2195 ruma
1168 2167 1254 2195 oratio
1279 2176 1358 2194 noua.
1382 2167 1436 2194 P.:
1468 2165 1706 2200 Θεολογικώτατον
1727 2165 1775 2191 καὶ
1790 2163 1868 2199 φιλο·
1898 2161 1904 2167 ’

236 2213 401 2247 σοφώτατον.

277 2261 343 2296 Περὶ
362 2261 469 2295 φύσεως
494 2261 669 2298 ἀνθρωπίνης
686 2262 764 2295 λόγος
779 2265 805 2288 ι’.
829 2261 867 2289 De
893 2267 993 2289 natura
1022 2263 1095 2290 luunt

1049 2271 1139 2290 tmana
1158 2263 1244 2289 oratio
1275 2262 1386 2289 decima.
1417 2261 1446 2288 P.
1464 2269 1471 2287 :
1502 2259 1687 2296 Φιλοσοφήσας
1705 2260 1719 2285 ὁ
1731 2258 1866 2293 θεοσοφὼ‹

235 2315 318 2338 τατος
335 2309 398 2343 περὶ
411 2310 459 2343 τῆς
472 2308 646 2344 ἀνθρωπίνης
663 2309 773 2345 ἀρετῆς.

275 2353 342 2388 Περὶ
355 2354 494 2385 εὐτελείας
507 2355 554 2381 τοῦ
572 2356 650 2386 ἐκτὸς
663 2355 820 2391 ἀνθρώπου,
837 2355 884 2382 καὶ
899 2356 948 2390 τῆς
962 2356 1017 2381 τῶν
1029 2363 1093 2390 παρτ

1049 2356 1171 2390 αρόντιιμν
1186 2355 1367 2389 ματαιότητος
1382 2354 1460 2387 λόγος
1475 2356 1519 2379 ια’.
1543 2352 1582 2380 De
1601 2352 1794 2387 contemptione
1818 2359 1865 2379 ett:-

236 2399 339 2425 teriort's
347 2399 471 2430 hominis,
482 2405 506 2427 et
526 2409 616 2428 rerum
628 2402 798 2436 pra-sentiam
809 2403 927 2429 vanitate
943 2403 1028 2428 oratio
1047 2410 1054 2428 ι

906 2407 927 2428 te
943 2403 1028 2428 oratio
1047 2402 1195 2428 undecima.
1209 2402 1238 2428 Ρ.
1255 2410 1262 2427 :
1275 2401 1342 2435 Περὶ
1355 2402 1405 2436 τῆς
1421 2399 1594 2435 ἀνθρωπίνης
1607 2399 1724 2434 φύσεως.

273 2446 341 2481 Περὶ
358 2446 412 2473 τῶν
430 2448 593 2482 φθασάντων
606 2449 781 2484 μακαρισμοὶ
794 2450 840 2475 καὶ
852 2450 909 2483 ὅροι
921 2457 1091 2483 πνευματικο

1046 2449 1110 2474 λικοῦ
1135 2448 1193 2482 βίου
1210 2447 1287 2481 λόγος
1303 2446 1346 2482 ιβ’.
1371 2447 1409 2473 De
1431 2447 1635 2473 beatitudinibus
1659 2451 1684 2473 et
1700 2445 1864 2480 ﬁnitionibus

235 2494 296 2520 vitta
312 2494 459 2527 spiritaalis
472 2496 558 2521 oratio
578 2495 740 2522 duodecima.
763 2495 794 2522 P.
811 2505 816 2521 :
852 2495 1004 2527 Ταλανίσας
1018 2503 1053 2521 κα

1046 2495 1065 2521 tt
1082 2495 1307 2530 κατασμικρὺνας
1331 2495 1365 2521 τὰ
1384 2494 1552 2529 ἀνθρώπινα,
1578 2494 1625 2520 καὶ
1646 2493 1680 2520 τὰ
1706 2493 1754 2520 τοῦ
1767 2493 1864 2524 αἰῶνος

235 2539 343 2566 τούτου.

273 2585 446 2620 Γνωμολογία
459 2587 587 2622 δίστιχος,
600 2584 635 2623 ἦς
657 2588 673 2623 ὴ
687 2587 844 2622 ἀκροστιχὶς
869 2587 948 2622 αὕτη.
966 2587 1091 2615 Sententit

1047 2589 1109 2615 alia:
1123 2587 1240 2613 distichis
1267 2587 1403 2619 expositio,
1427 2594 1540 2620 quarum
1566 2587 1621 2613 haec
1641 2591 1679 2613 est
1699 2585 1864 2613 acroaticltis.

235 2634 348 2669 Γνῶμαι
362 2635 524 2672 Γρηγορίου,
538 2642 592 2665 etc.

272 2682 448 2717 Γνωμολογία
466 2683 654 2718 τετράστιχος.
671 2682 813 2710 Sententitu
831 2684 990 2710 tetrastichis
1009 2691 1089 2718 capro

1046 2690 1148 2717 prossta.
1184 2681 1336 2716 Γρηγορίου
1358 2681 1438 2712 πόνος
1451 2680 1519 2714 εἰμί,
1532 2685 1586 2707 etc.
1615 2681 1668 2706 P.:
1699 2677 1864 2712 Ἐϐουλόμην

240 2730 411 2764 μακροτέρας
423 2729 511 2764 λόγων
528 2729 731 2765 πραγματείας.
758 2730 790 2756 Et
809 2729 879 2756 hanc
897 2737 974 2755 suam
992 2737 1058 2763 expc

1046 2729 1191 2755 ositioncm
1208 2735 1262 2754 non
1280 2727 1351 2754 ultra
1363 2727 1487 2754 Nicctam
1499 2725 1667 2757 extendisse,
1681 2724 1821 2758 colligitur
1831 2732 1862 2751 ex

239 2777 294 2804 ﬁne
309 2777 391 2813 hujus
404 2783 550 2813 postrema:
560 2777 752 2813 expositionis,
770 2778 817 2804 ubi
840 2778 899 2804 haec
931 2776 1033 2803 habet:

1073 2776 1241 2811 Ἐϐουλόμην
1267 2776 1440 2810 μακροτέρας
1463 2775 1550 2808 λόγων
1569 2773 1761 2807 πραγματείας
1780 2780 1865 2798 κατα-

276 2865 314 2903 (a)
329 2867 416 2903 Hujus
428 2868 664 2903 interpretationis
677 2867 815 2903 specimen
838 2874 889 2895 nos
901 2874 935 2894 ex
949 2865 1012 2894 cod.
1023 2865 1083 2894 Val.
1097 2865 1236 2893 edidimus
1252 2865 1278 2892 in
1294 2864 1388 2900 Spict'l.
1406 2871 1472 2891 rom.
1489 2867 1508 2891 t.
1527 2863 1557 2895 V,
1571 2870 1598 2898 p.
1613 2861 1665 2890 579
1680 2862 1770 2891 -401
1786 2861 1866 2890 Adi.
