2072 3160
235 195 271 231 1'1
641 202 782 233 ORATIO
798 203 824 234 Ι.
837 217 872 222 -
887 204 928 236 ΙΝ
948 205 1045 238 DIEM
1064 208 1242 242 NATALEM
1260 212 1291 242 S.
1314 213 1456 245 MARI/E.
1829 221 1862 255 18

234 259 362 296 σωτηρίῳ
381 258 475 287 αὑτοῦ.
497 259 554 287 Καὶ
579 259 634 296 γὰρ
662 261 758 298 ἤγειρε
780 263 865 298 κέρας
884 265 1005 300 σωτηρία

1054 265 1136 295 ιιιιιῖε
1149 267 1177 295 in
1191 269 1274 297 domo
1287 271 1371 298 David
1383 273 1461 307 pueri
1476 274 1519 302 sui
1535 276 1556 308 ',
1576 282 1609 303 ac
1620 296 1627 309 ,
1652 277 1724 304 sicut
1752 278 1860 310 locutus

233 306 297 340 ἡμῖν
311 305 443 340 σήμερον,
454 305 484 331 ὲν
502 305 542 341 τῷ
554 306 621 341 οἴκῳ
636 306 718 334 Δαόὶδ
737 307 785 334 τοῦ
808 308 902 341 παιδὸς
916 309 999 335 αὐτοῦ
1012 317 1019 324 ·

232 352 277 378 καὶ
291 350 383 383 καθὼς
404 350 521 386 ὲλάλησε
536 351 580 379 διὰ
597 352 731 388 στόματος
745 353 800 381 τῶν
813 354 898 388 ἁγίων
912 363 1021 390 προφη-

227 396 282 424 τῶν
298 397 394 428 αὑτοῦ,
409 397 557 434 ἀνέστησεν
566 399 634 433 ήμῖν
645 399 730 433 φυτὸν
743 400 866 436 εἰρήνης,
880 401 929 436 τὴν
942 401 1020 436 ῥίζαν

227 441 275 468 τοῦ
298 441 453 474 ’1εσσαὶ,ὲξ
468 438 504 477 ἦς
527 443 543 477 ή
561 443 658 477 ῥάϐδος
678 445 695 479 ή
713 444 743 470 τὸ
756 446 914 480 ἀμάραντον
940 447 1020 478 ἄνθος

227 487 360 515 ἀναδοῦσα
375 488 504 523 Χριστόν.
526 489 575 520 Τίς
596 490 647 516 οὐκ
660 490 822 524 ἀγαλλιᾶται
839 493 871 527 τῇ
891 491 988 528 καρδίᾳ
1008 501 1015 525 ;

227 533 276 565 Τίς
299 534 350 560 οὐκ
376 533 554 570 εὐφραίνεται
579 534 799 570 πνεύματι;Τίς
814 535 845 562 οὺ
878 530 1019 571 μυστικῶς

227 580 447 616 κατατέρπεται;
481 580 530 612 Τίς
552 581 582 607 οὐ
607 581 788 617 πανηγυρίζει
811 582 1016 617 πνευματικῶς,

225 626 276 661 τήν
291 626 322 653 ἐν
351 626 390 661 τῷ
405 625 465 662 Θεῷ
487 627 709 662 προωρισμένην,
734 627 781 654 καὶ
805 627 850 654 διὰ
874 627 1017 662 στομάτων

225 673 405 709 προφητικῶν
426 673 654 708 προηγγελμένην
681 673 829 708 σωτηρίαν,
847 674 888 706 εἰς
904 674 1017 701 ἔκϐασιν

224 719 288 754 ἄρτι
301 719 373 754 σαφῆ
390 719 539 754 προϊοῦσαν
555 719 698 754 καθορῶν;

260 765 338 792 Πᾶσα
353 767 370 800 ή
384 765 474 796 κτίσις
484 765 637 800 χορευέτω’
653 765 728 791 πᾶσα
750 766 766 800 ἡ
784 765 819 800 γῆ
836 765 895 800 μετ’
917 765 1016 801 εὐφρο-

223 810 309 846 σύνης
332 811 420 846 βοάτω
443 811 492 837 καὶ
513 811 660 845 σκιρτᾱτω,
679 811 721 837 ὅτι
745 811 776 837 τὸ
792 811 840 846 τῆς
864 811 1014 846 ἁρχεγόνου

221 857 312 892 λύπης
328 856 501 891 ἀναιρετικὸν
518 857 665 892 φάρμακον
679 857 847 892 ἐϐλάστησεν
867 858 930 893 ἄρτι
943 867 949 874 ·
972 859 1012 885 ὅτι

219 907 272 942 τῆς
288 906 455 942 προγονικῆς
470 906 551 941 ἀρᾶς,
566 904 582 942 ᾖ
601 906 655 933 πᾶν
671 914 701 932 τε
717 905 838 941 βρότειον
850 906 1013 933 ὑποπεπτώ-

220 960 266 979 κει
280 952 369 986 γένος,
398 951 443 978 διὰ
466 953 516 987 τῆς
542 952 664 987 μεγάλης
691 952 738 978 τοῦ
756 951 823 978 Θεοῦ
847 952 1012 987 κηδεμονίας

220 999 286 1034 περὶ
299 998 387 1034 ήμῶν,
398 999 415 1033 ή
426 999 554 1032 ἀφάνισις
567 998 682 1034 πάρεστι
692 1007 698 1014 ·
711 999 759 1025 καὶ
769 1001 882 1034 τοιαύτη
893 1001 1013 1035 σήμερον

219 1043 287 1078 ἡμῖν
311 1043 416 1070 ἄνωθεν
444 1042 657 1078 ὲπιΰραὸεὐεται
690 1043 788 1078 δωρεὰ,
813 1045 850 1076 ὡς
867 1045 904 1080 μὴ
928 1045 1012 1079 μόνην

217 1089 327 1124 ἐκείνην
343 1088 547 1123 ἑξαναιρεῖσθαι
559 1090 609 1125 τὴν
627 1090 707 1125 ἀρὰν,
718 1090 786 1118 ἀλλὰ
801 1090 849 1117 καὶ
865 1090 1012 1124 σύμπασαν

217 1136 285 1171 ἡμῖν
307 1135 477 1170 εὐλογεῖσθαι
493 1136 545 1170 τὴν
567 1135 648 1168 φύσιν
659 1144 667 1152 ·
689 1136 737 1163 καὶ
750 1137 945 1172 καταργεῖσθαι
960 1137 1011 1173 μὲν

215 1185 249 1211 τὺ
260 1186 310 1220 τῆς
320 1186 437 1218 παλαιᾶς
450 1185 549 1221 ἔχθρας
561 1186 728 1221 μεσότοιχον,
738 1187 849 1221 ἀγάπην
862 1187 891 1213 δὲ
907 1186 1009 1221 μεταξὺ

215 1232 286 1259 Θεοῦ
306 1233 354 1259 καὶ
366 1233 518 1268 ἀνθρώπων
531 1232 579 1259 καὶ
593 1233 705 1269 εἰρήνην
721 1233 883 1268 ὲξανίσχειν.

256 1279 396 1314 Ἱερεμίας
422 1278 472 1314 μὲν
486 1278 501 1305 ὁ
528 1278 582 1305 τῶν
607 1279 756 1315 προφητῶν
782 1279 1010 1315 συμπαοέστατος

220 1326 265 1352 καὶ
278 1326 418 1356 θειότατος
435 1324 509 1361 ὕδωρ
521 1326 593 1352 αιτεί
608 1327 641 1361 τῇ
653 1326 769 1361 κεφαλῇ,
789 1327 837 1353 καὶ
855 1327 949 1362 πηγὴν
961 1329 1008 1354 δα-

220 1372 307 1406 κρύων
322 1373 381 1404 τοῖς
403 1372 565 1407 ὀφθαλμοῖς,
590 1372 661 1399 ὥστε
688 1374 748 1400 κατ’
767 1372 845 1406 ἀξίαν
872 1373 1007 1408 θρηνῆσαι

215 1417 398 1452 δυστυχοῦντα
423 1416 469 1443 τὸν
500 1417 620 1452 Ἰσραήλ.
645 1417 725 1452 Ἐμοὶ
742 1418 771 1444 δὲ
795 1417 837 1449 τίς
867 1418 946 1444 δώσει
972 1419 1005 1454 τῇ

213 1463 315 1500 καρδίᾳ.
327 1463 420 1499 πηγὴν
438 1463 548 1490 ἐννοιῶν
568 1464 661 1496 θείων,
686 1464 735 1491 καὶ
748 1465 804 1497 τοῖς
819 1464 909 1499 λόγοις
921 1473 1005 1491 ποτα-

213 1511 274 1546 μῶν
285 1509 396 1545 εὔροιαν
412 1510 529 1546 ἀγαθὴν,
541 1510 612 1537 ὥστε
624 1510 657 1537 τὸ
672 1511 744 1546 μέγα
757 1510 835 1543 κλέος
849 1510 1004 1546 ἐξαγγεῖλαι

209 1557 262 1593 τῆς
278 1557 421 1593 παρούσης
434 1558 534 1594 χαρᾶς,
555 1558 604 1585 καὶ
616 1557 666 1593 τὴν
690 1557 845 1593 ὑπερϐολὴν
863 1558 912 1593 τῆς
928 1557 1004 1589 θείας

211 1604 420 1640 μεγαλοδωρεᾶς
443 1604 566 1637 αῐνέσαι;
594 1604 625 1630 οὑ
647 1605 708 1631 κατ’
732 1603 811 1636 ἀξίαν
835 1604 1002 1638 (ἀνέφικτον
1017 1618 1038 1647 c

209 1649 265 1684 γὰρ
279 1648 367 1680 οὕτως
380 1649 497 1684 ὑμνεῖν),
507 1649 567 1676 ἀλλ’
582 1649 645 1676 ὅσον
660 1650 747 1675 εἰπεῖν
758 1649 821 1684 ὲμοί
834 1658 863 1675 τε
879 1648 1002 1684 θεμιτὸν,

210 1694 329 1726 καὶτοῖς
346 1694 477 1721 ἀκούουσι
493 1694 628 1730 χωρητόν.
647 1693 774 1721 Γενέθλια
795 1694 812 1729 ὴ
837 1694 1002 1729 ’πανήγυρις¹

207 1737 232 1768 ὦ
248 1740 339 1774 φίλοι·
356 1740 468 1775 γενέσια
494 1740 616 1776 Μαρίας,
645 1740 697 1775 τῆς
715 1740 760 1767 τὸν
785 1740 906 1775 Χριστὸν
937 1741 1002 1776 ἡμῖν

210 1787 281 1822 μετὰ
301 1786 387 1814 ταῦτα
408 1787 455 1814 τδν
470 1785 536 1813 Θεὸν
555 1787 764 1822 γεννησαμένης
775 1794 782 1801 ·
799 1787 850 1822 τῆς
862 1787 1002 1822 ἀσπόρως,

208 1833 353 1869 ἁχράντως
373 1833 419 1860 τὸν
450 1833 613 1868 ὑπεροὺσιον
636 1833 722 1867 Λόγον
749 1834 798 1860 καὶ
815 1833 1002 1869 ἀπερίληπτον

208 1880 257 1906 καὶ
268 1877 432 1914 ἀσώματον,
450 1879 484 1913 τῇ
500 1879 643 1914 σωματικῇ
665 1879 712 1905 καὶ
731 1879 857 1914 ἡμετέρᾳ
883 1888 1002 1914 καταμι-

208 1924 292 1959 ξάσης
313 1925 416 1960 μορφῇ.
440 1924 551 1959 Ταύτης
562 1924 611 1959 τὴν
625 1925 755 1960 γέννησιν
771 1926 892 1961 σήμερον
903 1926 1000 1961 ἑορτά-

208 1978 255 1997 σαι
267 1970 446 2006 συνήλθομεν,
469 1970 512 1997 ἵνα
526 1970 583 1998 τῶν
600 1971 754 2005 μεγαλείων
780 1973 866 2008 αὐτῆς
882 1973 999 2000 αἰνέσω-

208 2025 260 2052 μεν
278 2017 328 2053 τὴν
352 2017 458 2052 ἀρχὴν,
472 2014 511 2045 ὧν
535 2017 668 2053 εὑδόκησε
694 2019 782 2045 ποιεῖν
805 2018 819 2044 ὁ
840 2018 954 2051 δυνατὸς
969 2020 999 2047 ἑν

206 2064 289 2099 αὐτῇ.

241 2193 351 2220 Πολλῶν
369 2193 423 2229 γὰρ
448 2194 495 2222 καὶ
522 2194 654 2229 ἀπείρων,
678 2196 809 2231 οὐμενοῦν
824 2198 887 2225 ὅσον
909 2199 997 2227 εἰπεῖν

202 2239 329 2273 δυνατὸν,
353 2240 623 2275 ἀποκαλυπτομένων
647 2242 854 2278 μεγαλουργιῶν
869 2245 898 2271 ὲν
914 2246 995 2282 αὐτῇ,

1073 315 1117 358 est
1132 319 1191 358 per
1206 320 1238 341 os
1258 319 1416 343 sanctorum
1432 318 1632 353 prophetarum
1646 327 1770 355 suorum,
1785 325 1862 358 pacis

1073 357 1152 385 nobis
1171 359 1300 388 arborem
1324 362 1478 396 suscitavit,
1502 365 1622 394 radicem
1646 367 1732 400 Iesse,
1746 357 1860 406 exiqua

1073 403 1160 439 virga,
1174 413 1236 440 quae
1250 406 1391 435 Christum
1405 408 1500 437 ﬂorem
1517 410 1772 441 immareescibilem
1797 403 1862 450 pro—

1072 449 1151 477 duxit
1163 450 1183 477 ³.
1198 451 1265 484 Quis
1281 461 1336 480 non
1351 454 1444 482 animo
1458 456 1598 484 exsultet?
1611 457 1678 491 Quis
1689 459 1788 494 spiritu
1798 449 1860 488 non

1071 495 1182 523 laetetur
1196 497 1208 524 ?
1220 497 1288 530 Quis
1302 507 1357 526 non
1374 501 1487 535 mystice
1498 503 1668 537 congaudeat
1681 512 1714 531 ac
1722 506 1859 540 jucunde-

1072 544 1117 566 tur
1128 540 1140 567 ?
1151 540 1216 574 Quis
1238 550 1294 569 non
1308 543 1385 572 festis
1401 545 1509 579 gaudiis
1525 547 1656 580 celebret,
1668 549 1733 576 dum
1743 550 1858 579 salutem

1071 585 1099 613 in
1114 587 1170 615 Deo
1182 589 1412 624 pnedestinatam,
1422 599 1454 619 ac
1467 600 1516 627 per
1527 601 1575 621 ora
1587 595 1782 629 prophetarum
1790 605 1858 632 pra:-

1070 633 1235 667 nuntiatam,
1267 635 1295 663 in
1316 641 1441 672 apertum
1467 639 1522 674 jam
1548 645 1678 668 eventum
1706 643 1856 678 procedere

1069 679 1205 714 conspicit
1215 680 1228 707 ?

1104 768 1199 797 Omnis
1215 775 1341 798 creatura
1356 774 1457 801 choros
1487 780 1558 810 agat.
1574 777 1668 805 Omnis
1693 782 1766 806 terra
1789 787 1851 806 cum

1067 811 1160 840 laetitia
1184 815 1284 843 clamet
1307 822 1335 844 et
1349 819 1478 851 exsultet,
1501 822 1574 855 quod
1590 823 1645 858 jam
1676 824 1851 858 pharmacum

1065 860 1244 894 germinarit.
1265 871 1320 898 quo
1344 865 1451 894 sublata
1474 872 1516 895 est
1541 870 1683 904 originalis
1710 871 1820 898 tristitia
1845 882 1851 898 :

1066 905 1139 951 quod
1155 910 1254 940 prtesto
1274 913 1326 942 est,
1344 918 1400 944 quo
1429 919 1526 947 magna
1551 913 1600 941 Dei
1619 922 1683 950 erga
1696 923 1747 943 nos
1759 917 1853 951 provi-

1029 947 1051 975 B
1065 949 1157 977 dentia
1180 952 1322 980 aboleatur
1349 955 1504 989 primorqu
1530 947 1674 992 parentum
1697 947 1853 990 maledictio

1064 995 1120 1027 illa,
1145 996 1189 1023 cui
1205 997 1354 1025 obnoxium
1370 1000 1472 1027 factum
1488 1001 1578 1029 fuerat
1593 1004 1751 1032 universum
1767 1014 1854 1041 genus

1063 1044 1240 1072 mortalium:
1269 1046 1376 1081 taleque
1405 1048 1484 1075 nobis
1509 1049 1591 1077 hodie
1611 1051 1719 1079 emlitus
1748 1052 1852 1081 donum

1061 1095 1241 1125 praerogatur,
1259 1096 1289 1119 ut
1309 1093 1410 1120 nedum
1424 1095 1580 1123 maledictio
1592 1096 1638 1124 illa
1650 1098 1851 1133 exstinguatur,

1060 1136 1108 1164 sed
1129 1141 1157 1164 et
1166 1137 1256 1165 omnis
1270 1139 1351 1167 nobis
1364 1144 1462 1168 natura
1475 1141 1665 1176 benedicatur,
1676 1144 1849 1173 destruatur-

1059 1190 1113 1217 que
1123 1184 1226 1211 veteris
1257 1184 1409 1214 inimicitia:
1425 1187 1534 1216 medius
1563 1189 1664 1224 paries,
1692 1198 1724 1218 ac
1738 1191 1851 1220 dilectio

1059 1228 1146 1256 Deum
1164 1230 1237 1258 inter
1263 1235 1291 1259 et
1319 1233 1446 1261 homines
1469 1242 1576 1270 paxque
1591 1236 1707 1263 oriatur.

1094 1275 1229 1303 Jeremias
1247 1277 1360 1312 quidem
1378 1279 1575 1314 prophetarum
1604 1281 1849 1311 miserantissimus

1058 1328 1090 1348 ac
1104 1321 1304 1356 divinissimus,
1322 1332 1420 1359 aquam
1445 1326 1527 1360 capiti
1541 1327 1625 1361 petit,
1650 1332 1744 1363 "atque
1761 1330 1848 1357 oculis

1058 1367 1162 1395 fontem
1176 1368 1371 1404 lacrymarum,
1383 1375 1412 1398 ut
1427 1379 1477 1406 pro
1484 1372 1588 1399 meritis
1605 1372 1740 1400 infelicem
1755 1374 1846 1410 lugeat

1057 1413 1186 1441 Israelem
1202 1414 1214 1430 ‘
1228 1423 1235 1448 ;
1253 1415 1321 1443 mihi
1344 1424 1411 1444 vero
1421 1417 1484 1452 quis
1509 1417 1585 1445 dabit
1595 1418 1671 1446 cordi
1688 1419 1845 1447 divinorum

1057 1458 1161 1486 fontem
1174 1465 1340 1496 conceptum
1356 1466 1439 1496 atque
1450 1470 1604 1497 sensorum,
1619 1464 1844 1500 verbisquel'acili

1056 1505 1168 1540 lenique
1184 1514 1254 1534 vena
1281 1507 1461 1536 deﬂuentium
1499 1509 1645 1538 ﬂuminum
1671 1512 1788 1547 copiam,
1815 1518 1845 1540 ut

1056 1552 1199 1587 praesentis
1213 1553 1305 1588 gaudii
1323 1561 1451 1589 magnum
1465 1555 1550 1584 decus
1572 1557 1728 1590 enuntiare,
1744 1558 1844 1586 divini-

1056 1606 1110 1632 que
1124 1599 1214 1633 magni
1233 1599 1298 1626 doni
1317 1600 1509 1628 excellentiam
1526 1602 1638 1630 laudare
1650 1604 1755 1631 valeam
1768 1604 1843 1632 'Inon

1054 1653 1087 1672 ex
1102 1645 1235 1680 dignitate
1249 1645 1311 1681 (nec
1323 1646 1397 1673 enim
1413 1647 1453 1674 sic
1465 1647 1578 1675 laudare
1594 1657 1753 1676 concessum
1766 1650 1819 1684 est)
1834 1670 1843 1682 ,

1054 1691 1101 1718 sed
1118 1696 1252 1726 quantum
1266 1697 1323 1720 tum
1337 1693 1405 1720 mihi
1415 1693 1528 1721 laudare
1541 1694 1617 1727 licet,
1633 1699 1690 1722 tum
1703 1695 1844 1724 auditores

1054 1744 1153 1771 capere
1166 1743 1293 1772 possunt.
1322 1738 1385 1766 Dies
1400 1739 1499 1766 natalis
1512 1743 1564 1771 est.
1581 1740 1661 1768 amici
1679 1741 1685 1768 l
1704 1749 1787 1776 quam
1799 1750 1844 1769 ee-

1053 1782 1208 1810 lebritatem
1235 1783 1352 1819 agimus,
1379 1784 1473 1812 Maria:
1498 1785 1600 1817 natale,
1617 1794 1651 1813 ex
1682 1794 1736 1821 qua
1762 1787 1843 1814 nobis

1053 1832 1147 1862 postea
1159 1827 1288 1856 Christus
1295 1829 1367 1857 Deus
1382 1835 1512 1858 nascetur
1525 1840 1532 1864 ;
1553 1832 1613 1866 ejus
1627 1832 1769 1864 nimirum,
1782 1841 1843 1868 qua:

1053 1874 1113 1901 sine
1130 1875 1246 1908 semine,
1271 1875 1433 1904 intemerato
1461 1877 1536 1904 omni
1564 1878 1653 1913 majus
1684 1878 1842 1907 substantia

1052 1921 1174 1949 Verbum
1189 1921 1504 1958 incomprehensumque
1514 1928 1542 1951 et
1554 1924 1757 1960 incorporeum,
1783 1933 1844 1953 cor-

1051 1974 1143 2002 porea:
1155 1972 1311 2003 nostraeque
1324 1976 1356 1995 ac
1375 1966 1503 1996 humanae
1516 1969 1610 1997 formae
1623 1974 1652 1997 ut
1663 1971 1841 2003 coalesceret,

1050 2012 1128 2040 fecit.
1159 2012 1246 2048 Hujus
1258 2013 1348 2041 natale
1361 2014 1526 2050 celebraturi
1540 2015 1623 2042 hodie
1643 2015 1822 2043 convenimus
1831 2035 1841 2048 ,

1051 2062 1082 2085 ut
1105 2058 1164 2093 ejus
1190 2058 1357 2094 magnalium
1379 2060 1692 2094 exordiumlaudcmus,
1720 2069 1780 2096 qua:
1811 2061 1840 2088 in

1049 2111 1092 2136 ea,
1127 2104 1174 2139 qui
1209 2109 1308 2140 potens
1334 2110 1377 2133 est
1396 2106 1417 2139 ³,
1432 2114 1569 2141 propensa
1580 2107 1722 2135 voluntate
1747 2107 1840 2135 facere

1048 2151 1147 2179 voluit.

1085 2201 1154 2229 Cum
1181 2203 1254 2229 cnim
1271 2203 1357 2230 multa
1380 2207 1409 2230 et
1434 2203 1551 2237 inﬁnita,
1563 2212 1595 2232 ac
1607 2213 1666 2240 qua:
1681 2205 1774 2232 nullus
1794 2214 1840 2234 rc-

1049 2248 1119 2275 i‘erre
1146 2248 1244 2283 possit,
1266 2248 1294 2275 in
1320 2257 1352 2276 ea
1375 2249 1482 2277 detecta
1505 2250 1561 2278 sint
1584 2251 1727 2285 uiagniiica
1756 2260 1839 2286 opera

202 2284 284 2311 τοῦτο
297 2286 404 2320 πρῶτον
414 2287 462 2313 καὶ
473 2287 710 2322 θαυμασιώτατον,
722 2290 770 2316 τὸν
780 2290 937 2326 ὑπερφυοῦς
947 2293 995 2328 τῆς

1054 2298 1131 2328 atque
1153 2300 1279 2325 munera,
1296 2293 1416 2328 primum
1437 2294 1508 2321 istud
1534 2294 1837 2330 mirabilissimumquc.

201 2331 358 2366 γεννήσεως
370 2332 473 2367 τρόπον
483 2333 629 2368 ὑπερφυῶς
646 2335 890 2368 προκατεϐἁλλετο.
907 2337 995 2364 ’Ἄνω-

202 2377 250 2404 Θεν
263 2378 317 2413 γὰρ
333 2378 350 2411 ὴ
368 2378 448 2413 σοφία
463 2379 515 2414 πρὸ
528 2379 634 2406 αἰώνων
648 2381 698 2412 τὰς
714 2382 767 2407 τῶν
782 2384 932 2418 γινομένων
950 2384 995 2410 ὲκ-

202 2423 298 2454 6άπεις
313 2423 472 2458 προορῶσα,
488 2424 627 2458 ἀναλόγως
648 2427 706 2457 τοῖς
722 2426 826 2453 τέλεσιν
850 2428 994 2456 ὑποϐάλλει

201 2469 313 2500 καὶτὰς
325 2470 423 2505 ἀρχάς.
444 2471 553 2506 Ἐπειδὴ
565 2469 613 2498 οὖν
630 2471 743 2507 ἔμελλεν
761 2474 791 2499 οὑ
810 2475 901 2510 μήτηρ
915 2476 994 2510 μόνον

200 2515 370 2550 χρηματίσαι
389 2516 468 2549 Θεοῦ,
484 2517 553 2544 ἀλλὰ
568 2518 616 2544 καὶ
639 2518 761 2554 θυγάτηρ
788 2521 860 2546 κατὰ
882 2521 991 2556 πνεῦμα

199 2560 349 2595 υἱοθεσίας,
381 2562 449 2588 ἀλλὰ
473 2563 519 2589 καὶ
545 2563 652 2598 βασιλὶς
676 2565 722 2591 καὶ
747 2566 829 2601 κυρία
852 2567 906 2593 τῶν
923 2567 991 2594 ὅλων

198 2606 460 2642 ἀναῤῥηϐήσεσθαι,
485 2609 529 2634 διὰ
551 2610 602 2644 τῆς
626 2610 837 2645 ὑπεραγνὼστου
860 2613 990 2647 πρὸς-τὸν

199 2651 264 2677 Υἰὸν
276 2652 407 2686 ὑψώσεως
422 2655 468 2680 καὶ
480 2655 637 2690 ἀναγωγῆς,
650 2656 694 2682 διὰ
706 2658 784 2684 τοῦτο
802 2660 846 2684 καὶ
863 2660 880 2694 ή
898 2659 992 2695 σύλλη-

196 2698 244 2732 ψις
269 2699 351 2731 εὐθὺς
375 2700 447 2737 ξένη,
465 2703 512 2728 καὶ
528 2703 543 2737 ἡ
562 2704 630 2738 πρὸς
645 2704 690 2730 τὸν
703 2704 760 2739 βίον
779 2706 865 2740 αὑτῆς
888 2707 989 2737 εἴσοδος

197 2748 405 2781 καινοπρεπής·
426 2747 470 2773 διὰ
483 2748 536 2774 τῶν
553 2750 672 2784 ἡττόνων
699 2751 766 2786 πρὸς
787 2752 837 2787 τὴν
859 2753 913 2778 τῶν
927 2762 988 2787 μει-

196 2789 286 2821 ζόνων
300 2791 384 2826 αὐτὴν
401 2793 560 2820 ὁδοποιοῦσα
587 2795 688 2823 πίστιν.
710 2797 785 2824 Ἔδει
808 2798 862 2833 γὰρ
881 2799 986 2826 οἴκοθεν

195 2835 297 2871 ἔχουσα
311 2836 358 2872 τῆς
371 2838 416 2864 τοῦ
430 2839 497 2866 Θεοῦ
511 2841 653 2876 δυνάμεω;
675 2842 708 2869 τὰ
721 2843 920 2879 ὑποδείγματα,
938 2847 985 2874 καὶ

227 2926 237 2940 ¹
260 2924 329 2954 Luc.
348 2936 366 2961 ι,
383 2929 426 2957 69.
466 2929 475 2946 ³
491 2930 541 2958 lsa.
559 2939 588 2964 ιι,
604 2932 645 2959 10.
686 2932 796 2961 ‘Jercnl
828 2943 862 2967 l.\',
881 2935 903 2962 ί.

1043 2346 1118 2371 cum,
1141 2338 1188 2373 qui
1226 2344 1352 2365 naturam
1378 2347 1488 2366 omnem
1518 2340 1637 2371 excedit,
1657 2341 1838 2376 divinumque

1044 2385 1142 2412 altiore
1151 2393 1234 2420 supra
1247 2389 1373 2412 naturam
1383 2386 1463 2413 modo
1473 2386 1649 2421 diviniusquc
1656 2388 1838 2422 praestrucbat

1043 2431 1194 2459 nativitatis
1206 2422 1328 2459 modum.
1355 2433 1495 2468 Sapientia
1506 2434 1656 2469 enim,jam
1667 2439 1723 2461 tum
1735 2442 1749 2461 a
1761 2435 1836 2469 prin-

1044 2479 1117 2513 cipio
1139 2484 1202 2506 ante
1216 2479 1326 2510 saecula,
1343 2487 1439 2507 eorum
1461 2488 1522 2515 qua:
1552 2481 1618 2508 iiant
1632 2486 1748 2508 eventus
1765 2489 1835 2516 pra-—

1043 2525 1151 2558 videns,
1179 2533 1230 2560 pro
1243 2526 1339 2553 iinium
1356 2526 1462 2553 ratione
1472 2535 1592 2562 congrue
1618 2527 1752 2562 principia
1770 2527 1834 2554 sub-

1043 2571 1094 2598 dit.
1118 2570 1196 2604 Quod
1213 2571 1296 2606 igitur
1309 2572 1431 2598 laturum
1445 2577 1516 2606 erat,
1526 2577 1555 2599 ut
1569 2573 1670 2600 nedum
1687 2573 1735 2601 Dei
1749 2573 1834 2600 Mater

1042 2617 1162 2649 audiret,
1178 2617 1226 2644 sed
1243 2621 1270 2644 et
1286 2617 1339 2644 [ilia
1353 2619 1505 2645 secundum
1521 2619 1649 2653 spiritum
1677 2618 1833 2653 adoptionis

1042 2663 1173 2694 filiorum,
1193 2663 1240 2690 sed
1262 2668 1290 2690 et
1310 2664 1403 2699 regina
1419 2668 1502 2699 atque
1517 2664 1627 2692 domina
1641 2665 1831 2691 universorum

1041 2710 1241 2742 celebraretur,
1266 2717 1316 2745 per
1330 2711 1531 2746 ignotissimum
1544 2719 1578 2738 ex
1592 2711 1653 2738 Filii
1675 2710 1830 2738 rationibus

1039 2756 1230 2783 exultationem
1249 2756 1405 2791 celsamque
1420 2757 1613 2787 elevationem,
1633 2756 1736 2783 idcirco
1746 2756 1829 2783 etiam

1040 2802 1185 2837 conceptio
1196 2803 1288 2829 statim
1311 2811 1392 2835 nova,
1407 2804 1523 2839 ejusque
1547 2803 1575 2830 in
1590 2802 1674 2830 vitam
1689 2802 1830 2838 ingressus

1040 2848 1108 2874 inira
1133 2853 1207 2875 extra
1222 2856 1301 2875 usum
1318 2849 1425 2877 ratione
1439 2858 1446 2882 ;
1476 2857 1531 2884 quo
1545 2849 1675 2877 nimirum
1689 2858 1720 2877 ex
1739 2849 1828 2878 mino-

957 2937 966 2951 "
983 2935 1048 2965 Luc.
1067 2947 1072 2964 ι
1088 2938 1130 2965 49.
