2072 3160
216 221 251 256 ιο
819 225 966 256 NICETIE
986 225 1249 256 PAPHLAGONIS
1810 218 1847 252 20

213 269 292 297 ribus
306 267 340 296 ad
358 269 492 304 majorum
507 269 532 297 ei
551 269 631 297 tidem
642 269 714 297 viam
730 273 875 297 sterneret.
888 269 1008 298 Decebat

1068 270 1128 305 τρὺς
1148 269 1197 304 τὴν
1214 268 1393 304 στειρωτικὴν
1409 267 1459 303 τῆς
1478 266 1578 303 μητρδς
1591 265 1719 301 γέννησιν
1743 265 1846 301 ὁρῶσα.

215 315 289 342 enim
327 319 358 342 ut
371 322 432 350 quae
451 323 466 342 a
481 323 510 342 se
523 315 623 343 divina
638 315 752 342 haberet
766 315 895 349 potentiae
911 322 1005 342 exem-

216 361 272 395 pla,
286 364 369 396 atque
384 361 418 388 ad
437 361 544 394 matris,
566 369 621 396 qua
640 364 856 395 susceptaesset,
875 361 1007 388 sterilita-

216 411 271 434 tem
286 406 446 442 respiceret,
462 415 514 435 nec
538 408 616 442 cujus
635 406 750 434 nuntius
769 406 807 433 illi
828 406 1007 438 atferehatur,

216 453 367 489 virginitati
390 454 471 481 ﬁdem
498 454 644 482 abnueret.
671 454 772 482 Verum
784 454 937 485 videamus,
961 453 1009 488 qui

1057 315 1125 351 μηδὲ
1137 315 1187 350 τὴν
1204 314 1453 350 εὐαγγελιζομένην
1470 313 1583 348 ὕστερον
1605 312 1675 349 αὐτῇ
1697 311 1848 348 παρθενίαν

1057 363 1191 389 ἀπιστεῖν.
1220 361 1291 388 Ἀλλ’
1313 361 1413 396 ἴδωμεν
1433 360 1506 392 τίνες
1520 360 1605 395 αὐτῆς
1627 361 1653 387 οἱ
1670 360 1742 387 κατὰ
1757 361 1848 394 σάρκα

1057 409 1158 439 τοκεῖς,
1176 407 1223 434 καὶ
1234 408 1320 434 ὁποῖοι
1329 407 1378 442 τὴν
1391 407 1502 442 ἀρετὴν,
1515 407 1564 434 καὶ
1577 407 1651 437 ὅπως
1664 406 1713 442 τὴν
1727 405 1773 432 τοῦ
1793 405 1847 432 Ἰα-

1058 453 1116 480 κὼὸ
1147 453 1288 488 καλλονὴν,
1314 453 1348 488 ἢν
1358 454 1502 489 ἠγάπησεν
1523 454 1537 479 ὁ
1562 453 1676 487 Κύριος,
1689 452 1765 479 αὐτοὶ
1782 460 1849 478 κατ-ν

215 500 277 535 ejus
294 501 446 528 secundum
457 508 566 527 carnem
578 500 682 528 fuerint
695 504 836 535 parentes,
852 504 1010 535 quantaque

1068 499 1216 535 Ῑξιώθησαν
1230 501 1363 527 ἐκτεκεῖν.

218 545 279 573 fulti
314 548 428 579 virtute,
473 552 502 575 et
528 547 668 582 quomodo
693 547 812 582 speciem
847 547 942 580 Jacob,
965 555 1047 582 quam
1068 547 1140 575 Deus
1168 547 1274 580 dilexit,
1309 547 1360 582 ipsi
1386 548 1539 575 meruerint
1561 546 1674 582 gignere
1699 553 1731 573 ac
1759 544 1848 573 susci-

218 601 251 628 pe
256 601 284 621 re
297 593 318 620 ⁸.

255 639 322 672 Quis
338 638 421 675 igitur
432 640 520 668 nescit
532 641 656 669 Joachim
669 646 697 669 et
711 642 829 673 Annam.
845 643 892 678 qui
910 643 1010 670 divina:

221 685 334 713 infantis
351 692 481 721 parentes
492 688 626 715 exsistant
641 709 648 721 ,
667 697 715 724 par
732 690 799 716 illud
815 688 1011 718 venerabileae

221 733 398 769 religiosum?
421 734 488 768 Quis
501 735 538 763 ita
549 736 652 768 tardus,
667 736 728 772 quis
743 737 769 764 in
787 737 889 764 divinis
901 738 1013 765 Litteris

219 779 261 807 sic
278 781 451 815 peregrinus,
467 785 560 809 utnon
580 786 683 814 teneat,
701 787 742 810 ter
755 782 851 810 beatos
875 783 938 810 illos
957 791 1013 810 om-

219 825 264 852 nis
276 825 388 860 pietatis
402 833 434 853 ac
443 825 567 861 justitiaa,
587 836 636 863 per
650 836 723 860 eam,
740 837 794 864 qua
805 829 935 856 vixerunt
946 834 1010 857 arta-

222 875 289 902 tem,
308 879 446 899 summum
473 873 604 901 verticem
627 875 743 910 adeptos
763 876 847 903 esse?
872 877 960 911 Atque
984 875 1011 903 id

220 918 414 950 manifestum,
446 919 546 947 nedum
576 928 608 947 ex
628 921 729 954 fructu,
747 929 828 957 quem
850 931 905 950 non
928 922 1013 957 magis

221 971 334 998 precum
352 963 492 996 instantia,
524 973 606 1000 quam
619 972 720 994 natura
731 967 797 995 faeta
811 968 1012 1003 germinarunt,

222 1019 319 1038 verum
335 1013 417 1039 etiam
430 1020 463 1039 ex
475 1012 585 1040 illorum
600 1013 726 1047 historia,
737 1023 798 1050 quae
811 1015 965 1051 inculpatos
973 1016 1013 1042 eis

222 1065 323 1090 mores,
337 1059 475 1093 vitamque
500 1059 556 1086 Deo
578 1060 705 1094 placitam
723 1069 755 1088 ac
771 1066 905 1094 sanetam,
925 1062 1014 1089 ascri-

221 1103 354 1136 hit;cum
382 1112 468 1139 genus
496 1104 523 1132 iu
548 1106 678 1134 Davidem
696 1115 728 1134 ac
742 1107 840 1135 Judam
867 1108 1013 1141 referrent,

222 1157 387 1185 morumque
401 1151 572 1186 ingenuitate
584 1161 666 1188 atque
681 1154 782 1181 indolis
799 1154 948 1189 probitate.
965 1162 1015 1182 nec

221 1204 277 1223 non
300 1197 490 1225 mandatorum
514 1199 562 1226 Dei
591 1199 727 1232 custodia,
749 1207 860 1227 omnem
885 1200 1013 1228 lsraelcm

221 1242 411 1272 nobilitarent.

260 1290 292 1318 lli
312 1291 455 1324 nimirum,
473 1299 535 1319 cum
554 1293 664 1320 virtutis
676 1301 759 1320 censu
779 1293 830 1328 (uti
846 1293 950 1321 dictum
962 1293 1014 1328 est)

222 1337 322 1365 divites
337 1342 439 1371 essent,
464 1339 530 1374 quin
556 1344 584 1367 et
607 1340 724 1368 terrenis
747 1340 827 1367 bonis
850 1340 1014 1373 alliucrenl;

223 1392 322 1420 nempe
352 1385 490 1421 gregibus,
516 1387 716 1423 armentisque,
742 1394 774 1414 ac
806 1387 912 1422 reliqua
941 1387 1016 1414 omni

223 1431 376 1460 substantia
391 1432 451 1460 fulti
463 1438 565 1466 essent,
584 1442 639 1461 uno
670 1434 723 1462 hoc
748 1434 836 1461 solum
856 1442 871 1462 a
895 1434 1016 1469 perfecta

222 1475 352 1505 felicitate
365 1486 393 1505 se
407 1478 504 1506 abesse
519 1479 728 1512 existimabant,
743 1479 816 1514 quod
840 1487 939 1514 nempe
955 1479 1018 1506 abs-

223 1531 276 1558 que
289 1523 383 1551 liberis
408 1529 778 1560 consenuerant:crantque
803 1524 893 1551 omnia
913 1525 1017 1552 doloris

222 1570 313 1605 plena.
333 1578 365 1598 ac
377 1571 507 1598 mmstitia
530 1576 629 1598 cuncta
654 1571 823 1606 oppleverat,
851 1571 924 1605 quod
944 1570 1016 1598 haud

1095 645 1145 676 Τίς
1159 644 1209 671 οὐκ
1231 641 1301 671 οἶδεν
1329 644 1458 679 Ἰωακεὶμ
1483 644 1530 670 καὶ
1545 644 1656 675 ΙἈνναν,
1682 642 1850 677 γεννήτορας

1060 691 1140 722 ὄντας
1153 691 1204 725 τῆς
1218 690 1360 721 οεόπαιδος
1370 711 1377 723 ,
1392 690 1441 725 τὴν
1455 690 1548 723 τιμίαν
1567 688 1700 724 ξυνωρίδα
1722 688 1769 714 καὶ
1792 687 1851 714 θεο-

1061 735 1146 771 φιλῆ;
1163 735 1210 762 καὶ⁸
1226 735 1267 766 τίς
1293 734 1365 761 οὓτω
1394 733 1493 769 βραδὺς
1508 754 1515 762 .
1543 733 1586 763 τίς
1609 733 1680 759 οὕτω
1700 733 1754 758 τῶν
1771 732 1852 758 θείων

1061 784 1081 810 Γ
1084 783 1179 819 ραφῶν
1188 782 1398 813 ἀνεπίσκεπτος,
1412 781 1476 807 ὥστ’
1494 780 1602 814 ἀγνοεῖν
1615 780 1655 806 ὅτι
1671 779 1761 812 πάσης
1775 778 1852 804 εὐσε-

1065 829 1141 861 ϐείας
1164 828 1213 855 καὶ
1228 827 1403 863 δικαιοσύνης
1423 827 1494 853 κατὰ
1513 826 1562 861 τὴν
1586 825 1691 852 ἑαυτῶν
1712 824 1808 859 γενεὰν
1823 824 1853 851 τδ

1065 875 1215 912 ἀκρότατον
1227 875 1252 901 ot
1275 874 1463 910 τρισμάκαρες
1483 872 1672 907 ἀπηνέγκαντο
1685 880 1691 903 ;
1710 871 1766 897 Καὶ
1776 870 1855 897 τοῦτο

1067 923 1154 958 δῆλον,
1171 922 1222 948 οὐκ
1243 922 1276 948 ἐκ
1292 921 1339 947 τοῦ
1363 919 1471 956 καρποῦ
1489 920 1578 954 μόνον,
1591 919 1620 945 ὂν
1642 919 1691 953 οὐχ
1705 914 1788 953 ἦττον
1810 918 1853 944 διὰ

1065 969 1220 1005 προσευχῆς
1234 969 1251 1004 ἢ
1277 968 1385 1003 φύσεως
1407 967 1588 1001 ἐϐλάστησαν,
1609 965 1676 992 ἀλλὰ
1691 966 1738 991 καὶ
1752 965 1784 991 ὲκ
1803 964 1853 996 τῆς

1065 1016 1128 1051 περὶ
1143 1015 1233 1042 αὐτῶν
1250 1014 1380 1048 ἱστορίας,
1396 1013 1542 1048 ἄμεμπτον
1551 1011 1690 1038 πολιτείαν
1701 1011 1748 1037 καὶ
1760 1011 1855 1046 εὐάρε-

1065 1071 1128 1089 στον
1152 1061 1190 1096 τῷ
1204 1060 1265 1096 Θεῷ
1291 1060 1348 1095 βίον
1362 1059 1436 1095 βιοῦν
1450 1059 1542 1090 αὐτοῖς
1559 1056 1770 1092 ἀνκαγραφοὺσης
1780 1065 1787 1071 ·
1814 1056 1855 1087 είς

1065 1108 1148 1135 Δαϐὶδ
1163 1107 1212 1142 μὲν
1231 1107 1277 1134 καὶ
1302 1105 1403 1133 Ἰούδαν
1421 1105 1450 1132 τὸ
1465 1105 1542 1138 γένος
1560 1104 1757 1138 ἀναφέροντας,
1774 1103 1854 1135 εὖγε-

1065 1154 1124 1190 νεὶα
1149 1153 1178 1180 δὲ
1200 1153 1309 1189 τρόπων
1337 1153 1384 1179 καὶ
1412 1151 1486 1186 ἠθῶν
1508 1148 1855 1185 καλοκαγαθίᾳ,-καὶ’τῶν

1066 1200 1285 1237 προσταγμάτων
1295 1199 1341 1226 τοῦ
1355 1197 1421 1224 Θεοῦ
1434 1197 1553 1231 φυλακῇ,
1565 1195 1624 1223 ὅλον
1635 1194 1855 1229 ὲξευγενίζοντας

1066 1249 1112 1275 τὸν
1133 1246 1251 1283 Ἰσραήλ.

1102 1291 1180 1321 Οὗτοι
1197 1293 1243 1320 τὸν
1263 1291 1387 1323 πλοῦτον,
1409 1291 1448 1323 ὡς
1467 1289 1592 1326 εἴρηται,
1613 1287 1790 1319 πλουτοῦντες
1805 1287 1855 1322 τῆς

1066 1340 1178 1376 ἀρετῆς,
1196 1339 1334 1375 βρίθοντες
1345 1338 1373 1365 δὲ
1389 1339 1435 1364 καὶ
1449 1338 1505 1368 τοῖς
1518 1336 1573 1363 ἀπὸ
1589 1336 1641 1370 γῆς
1660 1334 1855 1369 ἀγαθοῖς,ποι-

1069 1386 1156 1422 μνίοις
1175 1386 1223 1412 καὶ
1240 1383 1390 1420 βουκολίοις
1405 1383 1453 1410 καὶ
1468 1382 1551 1408 πᾶσιν
1567 1380 1657 1412 ἄλλοις
1668 1377 1858 1414 αὑταρκούμε-

1067 1442 1108 1460 νοι
1124 1431 1359 1468 περιουσιασμοῖς,
1375 1429 1414 1456 ἐνὶ
1425 1429 1514 1463 τούτῳ
1531 1426 1604 1462 μόνῳ
1617 1425 1667 1460 τῆς
1686 1424 1791 1455 τελείας
1806 1431 1856 1459 μα-

1070 1478 1241 1514 καριωσύνης
1259 1477 1420 1504 ὑπώπτευον
1447 1473 1588 1508 ἀστοχεῖν·
1614 1472 1723 1498 ἄτεκνοι
1737 1469 1792 1503 γὰρ
1810 1469 1857 1496 τὸν

1070 1526 1126 1560 βίον
1142 1524 1322 1559 κατεγήρων·
1341 1521 1389 1548 καὶ
1417 1521 1505 1548 πάντα
1529 1517 1618 1552 λύπης
1645 1515 1731 1552 μεστὰ
1745 1514 1791 1550 ἦν,
1810 1515 1858 1542 καὶ

1068 1571 1187 1607 ἀθυμίας
1202 1570 1293 1601 αὐτοῖς
1305 1568 1340 1595 τὰ
1355 1568 1445 1594 πάντα
1469 1565 1650 1600 πεπλήρωτο·
1666 1563 1707 1590 ὃτι
1721 1563 1754 1598 τῇ
1773 1562 1858 1597 Ἀννᾳ

223 1622 303 1642 secus
324 1623 356 1643 ac
370 1620 484 1643 vetustm
499 1615 583 1648 Sara,
601 1620 742 1643 menstrua
753 1616 839 1643 Annze
850 1615 909 1643 fleri
925 1615 1015 1643 desie-

1071 1619 1120 1654 μὲν
1135 1616 1207 1644 κατὰ
1219 1616 1269 1651 τὴν
1281 1614 1399 1642 παλαιὰν
1424 1612 1534 1648 Σάρραν
1561 1610 1686 1644 ἐξέλιπον
1709 1609 1744 1635 τὰ
1761 1616 1856 1642 γυναι-

224 1661 303 1688 rant’
320 1669 327 1694 ;
339 1669 391 1689 nec
404 1661 546 1690 Joachimo
559 1666 780 1694 eratsuccessor,
790 1669 842 1689 nec
850 1661 1015 1689 cernebatur

223 1707 270 1741 qui
297 1707 406 1735 familia:
431 1707 551 1734 scintilla
568 1706 650 1735 foret.
679 1706 836 1734 Accedebat
856 1712 884 1735 et
904 1707 1016 1734 irritans

223 1753 376 1780 vicinorum
389 1753 576 1788 exprobratio,
588 1761 621 1781 ae
636 1758 768 1789 quantum
788 1762 839 1781 nec
858 1754 912 1782 diei
925 1758 1017 1789 potest

224 1805 303 1832 τηεν-ω
319 1799 420 1826 mentis
440 1798 545 1826 doloris
561 1806 672 1826 sensum
690 1799 885 1826 succendebat.
901 1799 940 1827 Ae
953 1799 1016 1835 qui-

223 1842 286 1870 dem
302 1843 426 1872 Joachim
439 1844 560 1880 duplicia
574 1844 645 1872 dona
661 1844 776 1872 Domino
784 1844 936 1878 offerebat;
954 1853 1016 1873 cum

225 1888 270 1916 his
286 1888 357 1916 forte
379 1890 466 1917 Deum
480 1890 654 1926 propitiaret,
671 1898 703 1917 ac
727 1890 856 1918 orbitatis
883 1891 1015 1926 probrum

225 1943 239 1961 a
250 1942 279 1961 se
292 1934 392 1969 depelli
408 1943 488 1970 posse
504 1936 647 1971 cogitaret.
660 1936 846 1964 Nihilominus
861 1941 952 1964 tamen
976 1937 1017 1964 sic

224 1989 335 2016 quoque
348 1983 375 2009 in
392 1982 488 2010 iisdem
506 1983 714 2012 infecunditatis
729 1984 839 2019 probris
867 1984 991 2012 maneba:
1009 2007 1015 2015 ,

225 2027 315 2055 donec
332 2028 440 2056 tandem
458 2029 501 2056 vir
513 2029 605 2064 justus
621 2035 773 2057 extremum
798 2031 853 2065 jam
869 2030 953 2057 an'imi
967 2038 1017 2057 an-

225 2072 288 2100 xius
300 2077 328 2100 et
343 2073 514 2105 humiliatus,
531 2074 689 2101 carnalibus
710 2075 846 2109 despectis
862 2074 973 2106 hostiis,
990 2079 1018 2101 et

226 2118 327 2154 quibus
348 2118 501 2152 imperfecti
524 2119 684 2154 imperfecte
700 2120 815 2155 obsequi
832 2128 862 2147 se
881 2125 910 2147 et
929 2120 1019 2147 indul-

226 2171 290 2199 gere
305 2164 474 2196 existimant,
501 2164 589 2198 iisque
605 2169 635 2191 ut
651 2173 711 2200 quae
729 2173 782 2192 non
797 2165 945 2192 admodum
961 2165 1019 2200 pla-

226 2214 319 2240 ceant,
335 2211 447 2245 spretis,
475 2210 641 2238 saeriiieium
657 2211 712 2238 Deo
727 2211 856 2246 spiritum
872 2211 1018 2238 contribu-

226 2255 311 2283 latum
325 2261 408 2283 etcnr
431 2257 580 2284 contritum
597 2265 629 2285 ae
656 2257 831 2284 lnuuiliatum
846 2257 1017 2284 oﬂ'ercndum

226 2309 316 2335 operte
337 2302 455 2336 pretium
483 2302 591 2334 duxit“,
606 2303 749 2338 ereditque
763 2311 812 2338 per
822 2303 1020 2330 continentiam

226 2353 255 2376 et
274 2348 426 2376 orationem
436 2349 676 2384 apprchensurum
691 2357 731 2381 se,
750 2350 830 2385 cujus
844 2357 916 2385 ager
935 2349 1019 2376 animi

228 2394 369 2423 desiderio
381 2399 453 2422 erat.

263 2443 314 2476 Qui
337 2443 410 2470 enim
424 2444 591 2472 sanctissimi
620 2444 739 2479 Spiritus
755 2443 958 2470 sanctissimum
977 2443 1003 2477 pi
1012 2457 1020 2462 »-

227 2497 299 2525 gnus
308 2497 340 2516 ac
352 2489 502 2517 sacrarium
513 2494 585 2517 esset
598 2491 752 2526 geniturus,
766 2490 882 2517 decebat
897 2490 1019 2525 ejusdem

229 2536 350 2571 primum
362 2536 483 2571 Spiritus
503 2537 605 2564 divinis
617 2537 753 2564 adlatibus
770 2537 917 2571 repletum,
941 2543 1020 2563 sacro

229 2582 404 2617 spiritalique
438 2582 577 2610 desiderio
612 2583 646 2610 ad
679 2587 842 2618 conceptum
869 2582 1019 2609 confovet‘i.

229 2628 355 2660 Quonam
384 2627 470 2662 igitur
487 2627 569 2655 modo
584 2636 642 2655 rem
671 2627 808 2662 praestat?
833 2626 1024 2654 Commuuicat

229 2674 340 2709 quidem
356 2674 436 2701 uxori
449 2673 573 2701 divinqu
584 2675 675 2701 animo
684 2678 854 2708 assumptum
867 2673 1023 2700 consilium.

229 2720 392 2748 Communis
408 2721 482 2748 enim
498 2721 642 2752 ambobus,
656 2721 693 2747 uti
710 2721 850 2752 sterilitas,
869 2721 908 2747 sic
921 2724 948 2746 et
958 2728 1023 2747 cura

231 2766 416 2801 suscipienda:
434 2767 529 2801 prolis;
545 2771 694 2801 monetque
708 2767 825 2794 aliorum
836 2767 959 2794 omnium
973 2775 1021 2793 eu-

233 2819 277 2839 ras
305 2813 483 2846 posthaberc,
507 2813 668 2847 jejunioque
702 2819 730 2839 et
759 2813 924 2840 confessioni
941 2816 1023 2847 atque

232 2856 365 2895 precibus
379 2857 517 2887 assiduam
530 2865 601 2889 esse,
613 2858 705 2889 (ιοιιεε,
720 2857 818 2892 inquit,
834 2867 849 2883 τι
867 2857 940 2883 nobis
953 2857 1023 2883 Deus

269 2957 444 2990 'Psnl.xnt,
460 2958 486 2985 Ξ).
559 2956 626 2984 Gen.
650 2965 722 2988 XVIII,
742 2956 779 2983 ll.
806 2957 815 2972 ⁸³
833 2957 902 2989 Psal.
921 2965 944 2990 ι,
969 2956 1008 2984 19.

1069 1653 1145 1691 κεῖα·
1161 1663 1200 1698 τῷ
1220 1662 1250 1689 δὲ
1263 1661 1384 1696 διάδοχος
1394 1659 1444 1686 οὐκ
1453 1656 1498 1694 ἦν,
1518 1657 1566 1684 καὶ
1591 1658 1605 1683 ὁ
1624 1655 1672 1683 τοῦ
1690 1655 1785 1690 γένους
1808 1653 1858 1688 οὐχ

1066 1711 1157 1746 ὠρᾶτο
1171 1708 1299 1743 σπινθὴρ.
1315 1707 1370 1734 Καὶ
1382 1705 1449 1741 πρὸς
1461 1703 1567 1735 τούτοις
1581 1703 1595 1729 ὁ
1606 1703 1638 1729 ὲκ
1648 1701 1777 1736 γειτόνων
1792 1700 1859 1726 ὑπο-

1068 1757 1180 1792 σμύχων
1193 1754 1346 1789 ὀνειδισμὸς
1356 1774 1363 1787 ,
1376 1752 1427 1779 οὐκ
1443 1751 1517 1778 ἐστιν
1532 1751 1593 1776 ὅσον
1611 1749 1699 1775 εἰπεῖν
1714 1746 1859 1780 ὗπεξέκαιε

1067 1805 1117 1839 τὴν
1131 1802 1294 1837 δυσθυμίαν.
1309 1800 1367 1827 Καὶ
1380 1799 1535 1834 προσέφερε
1548 1796 1598 1831 μὲν
1616 1794 1746 1828 Ἰωακεὶμ
1765 1793 1859 1839 Κυρίῳ

1067 1838 1101 1877 τὰ
1112 1850 1187 1885 δῶρα
1197 1847 1294 1874 διπλᾶ·
1306 1845 1412 1877 τούτοις
1422 1843 1503 1878 τυχὸν
1514 1842 1697 1877 δεξιούμενος,
1709 1839 1756 1885 καί
1769 1838 1800 1865 τὸ

1068 1884 1196 1928 ἀπαιδίας
1221 1894 1321 1925 ὄνειδος
1349 1890 1579 1925 ὑπολογιζόμενος
1603 1887 1713 1922 φυγεῖν·
1736 1884 1817 1920 ἔμενε
1832 1884 1860 1909 δὲ

1069 1945 1115 1971 καί
1130 1944 1215 1975 οὕτως
1230 1941 1307 1968 οὐδὲν
1317 1937 1401 1975 ἦττον
1413 1939 1442 1964 ὲν
1459 1937 1516 1967 τοῖς
1534 1934 1640 1970 ὁμοίοις
1658 1933 1708 1968 τῆς
1721 1930 1861 1967 ἀκαρπίας

1068 1990 1240 2024 ὀνειδισμοῖς,
1252 1987 1305 2018 ἓως
1315 1986 1355 2017 είς
1372 1984 1448 2016 τέλος
1465 1984 1479 2010 ὁ
1493 1982 1598 2013 δίκαιος
1612 1977 1861 2024 ἀπορούμενος-καί

1068 2030 1292 2069 ταπεινούμενος,
1308 2031 1363 2058 τῶν
1380 2030 1429 2066 μὲν
1443 2027 1583 2064 σαρκικῶν
1597 2025 1709 2057 θυσιῶν,
1721 2024 1769 2051 καὶ
1783 2021 1823 2054 οἷς
1837 2023 1862 2048 οἱ

1069 2083 1174 2113 ἀτελεῖς
1195 2080 1297 2111 ἀτελῶς
1321 2077 1482 2115 χαρίζεσθαι
1502 2074 1673 2110 νομίζουσιν,
1688 2071 1796 2107 ἀμελεῖ,
1813 2070 1862 2115 καί

1070 2129 1108 2160 ὡς
1119 2128 1149 2154 οὐ
1166 2128 1236 2154 πάνυ
1251 2125 1371 2159 Θελητῶν
1395 2123 1480 2149 ὄντων
1500 2120 1640 2155 ὑπερορᾷ·
1668 2117 1763 2144 θυσίαν
1781 2115 1808 2141 δὲ
1823 2114 1862 2149 τῷ

1070 2175 1147 2210 Θεῷ,
1169 2174 1278 2208 πνεῦμα
1304 2169 1536 2205 συντετριμμένον
1564 2166 1612 2193 καὶ
1638 2163 1754 2200 καρδίαν
1767 2170 1862 2188 συντε-

1069 2221 1224 2256 τριμμὲνην
1240 2219 1288 2246 καὶ
1304 2214 1543 2250 τεταπεινωμένην
1561 2211 1705 2247 διεγνώκει
1723 2216 1864 2256 καρποφο-

1074 2255 1129 2304 ρεῖν
1140 2278 1146 2284 ·
1164 2269 1211 2294 καὶ
1226 2267 1259 2293 δι’
1273 2263 1436 2300 ἐγκρατείας
1453 2262 1499 2289 καὶ
1515 2259 1669 2296 προσευχῆς
1692 2256 1739 2284 τοῦ
1765 2255 1863 2282 ποθου-

1039 2304 1060 2330 D
1075 2315 1156 2350 μένου
1173 2312 1297 2340 πιστεύει
1311 2308 1553 2346 καταδράττεσθαι.

1110 2438 1162 2464 Τὸν
1182 2436 1236 2471 γὰρ
1258 2434 1305 2461 τοῦ
1327 2433 1461 2467 παναγίου
1489 2430 1651 2465 Πνεύματος
1676 2427 1810 2463 μέλλοντα
1834 2423 1865 2450 τδ

1075 2484 1227 2517 ἁγιώτατον
1255 2480 1396 2516 κειμήλιον
1419 2479 1554 2509 ἐκτεκεῖν,
1568 2476 1621 2502 ἔδει
1644 2474 1691 2501 τοῦ
1707 2473 1866 2507 Πνεύματος

1075 2530 1157 2557 αὑτοῦ
1174 2529 1282 2564 πρῶτον
1297 2527 1352 2553 τῶν
1368 2525 1448 2553 θείων
1466 2522 1656 2559 πληρούμενον
1667 2518 1823 2564 ἐνεργειῶν,
1838 2516 1867 2548 ἐξ

1077 2577 1152 2612 ἱερᾶς
1174 2563 1264 2602 τεκαὶ
1281 2571 1472 2608 πνευματικῆς
1486 2570 1555 2605 πρὸς
1571 2569 1621 2603 τὴν
1642 2566 1740 2602 κύησιν
1758 2563 1866 2597 διαθερ-

1077 2610 1212 2659 μανθῆναι
1223 2619 1391 2657 προθυμίας.
1408 2617 1470 2648 Πῶς
1485 2615 1532 2642 οὖν
1549 2615 1628 2642 τοῦτο
1643 2613 1730 2644 ποιεῖ;
1746 2610 1868 2636 Ἀνακαι-

1075 2671 1168 2698 νοῦται
1190 2669 1239 2704 μὲν
1258 2669 1291 2702 τῇ
1310 2665 1419 2700 συζύγῳ
1443 2664 1490 2690 τὸν
1513 2662 1605 2688 ἔνθεον
1619 2659 1764 2693 λογισμόν·
1789 2659 1868 2689 κοινὴ

1076 2718 1130 2752 γὰρ
1147 2703 1258 2750 ἁμίροῖν,
1271 2714 1365 2748 ὥσπερ
1380 2713 1397 2747 ἡ
1412 2712 1566 2746 στείρωσις,
1581 2707 1652 2734 οὕτω
1672 2705 1719 2732 καὶ
1739 2703 1868 2752 τῆς-παι-

1077 2749 1199 2798 δογονίας
1216 2761 1354 2797 ἡφροντίς
1367 2767 1375 2774 ·
1392 2757 1440 2784 καὶ
1453 2756 1560 2783 πάντων
1583 2753 1694 2787 ἀμελεῖν
1705 2750 1765 2798 τῶν
1780 2749 1868 2798 ἄλλων

1078 2794 1236 2845 πκρεγγυᾷλ
1248 2794 1360 2842 νηστείᾳ
1370 2804 1400 2831 δὲ
1411 2803 1457 2830 καὶ
1466 2800 1657 2835 ἐξομολογήσει
1670 2796 1716 2845 καί
1729 2794 1867 2845 προσευχῇ

1079 2840 1305 2891 πρξςκαρτερεῖν,
1322 2851 1410 2886 ἄχρις
1430 2848 1468 2876 ἂν
1482 2848 1516 2880 ἑξ
1528 2845 1624 2881 ἡμῶν,
1652 2844 1729 2880 φησὶ,
1745 2840 1868 2877 περιέλῃ
