2072 3160
245 186 284 220 23
845 189 993 221 ΝῙΟΕΤΕ
1010 190 1015 220 ἶ

1066 190 1180 223 PHLAG
1184 193 1248 225 ONI
1252 195 1272 225 S
1831 198 1868 232 24

247 250 322 279 tutet,
339 246 420 273 etiam
434 245 495 274 aliis
510 251 571 274 ante
587 255 627 275 me
647 247 757 283 perinde
777 247 1015 282 laborantibus,for

1066 268 1072 280 ι
1084 251 1138 284 τῆς
1152 251 1279 287 ἀμέτρου
1293 255 1517 290 φιλανθρωπίας
1529 256 1711 292 ἐπιλήσομαι
1719 264 1726 272 ·
1737 254 1805 285 οἶδα
1815 258 1870 294 γὰρ

246 293 358 329 (iterque
372 293 566 326 invocantibus,
577 294 681 328 placide
705 295 856 327 attendisse,
881 303 912 322 ac
940 296 1015 323 statim

1082 296 1126 324 ὅτι
1145 297 1193 324 καὶ
1207 299 1315 333 ἄλλαις
1327 301 1383 335 πρὸ
1398 301 1472 336 ἐμοῦ
1497 301 1533 328 τὰ
1544 301 1598 329 ἶσα
1614 302 1791 336 παθούσαις,
1820 303 1869 331 καί

246 340 370 375 fecundas
380 341 532 368 reddidisse.
543 339 602 367 Scio
610 345 634 367 et
646 343 751 368 Annam
760 341 873 369 alteram
881 342 1015 369 sterilitati

1083 345 1213 380 ἰσχυρῶς
1238 347 1519 384 ἐπικαλεσαμέναις,
1540 350 1665 385 εὐμενὲς
1685 352 1867 386 προσέσχες,

245 387 355 414 dedecus
369 388 490 420 evasisse,
512 389 559 415 hoc
580 387 665 415 solum
678 388 747 423 quod
770 388 805 415 ad
823 392 846 415 te
865 389 1029 416 clamauerit.

244 433 280 460 Et
291 441 369 466 nunc,
387 433 498 461 Domine
516 434 586 461 Deus
603 443 684 466 meus,
708 444 717 460 ι
733 435 769 462 Tu
789 435 858 461 idem
878 436 933 470 ipse
951 443 987 467 et,
1005 439 1029 462 et

243 480 310 507 anni
322 480 360 507 tui
377 489 428 507 non
439 480 613 514 deﬁcient“,t
624 485 647 508 et
664 481 850 508 misericordim
861 486 968 508 titwnon
979 483 1029 508 mi-

244 532 365 558 nitentur,
380 531 545 561 prompteque
557 536 602 562 per
616 536 695 562 quam
714 527 782 554 bona
800 527 870 554 dona
886 535 932 554 ma
952 528 1029 562 digne

242 572 386 604 petentibus
406 573 646 607 prwslantuerse
661 582 760 608 quoque
773 573 841 608 quod
860 573 948 600 liberis
964 574 1028 601 orba

241 625 311 650 sum,
331 626 416 645 nteam
442 619 519 652 aufer
540 619 723 652 sterilitatem,
745 625 773 646 ut
798 625 823 647 et
849 620 876 647 in
891 628 931 646 me
946 620 1028 647 clari-

241 663 339 696 ]iceris.
357 663 415 690 Non
430 665 498 691 enim
510 664 574 692 mihi
598 665 657 694 erit.
674 665 719 699 qui
734 670 857 692 nascetur
873 665 972 700 infans,
982 666 1027 693 sed

241 714 285 735 ιιιο
304 710 405 736 nomini
422 714 522 745 tuaeque
532 715 633 738 sanch
646 711 737 738 domui
758 719 863 739 sacrum
884 711 1026 739 donarium

239 755 348 783 sistetur
362 756 395 783 ".

269 885 308 913 Ac
322 887 361 914 illi
378 887 490 922 quidem
507 888 533 915 in
552 888 595 916 his
605 894 695 921 erant,
713 889 780 924 quid
805 897 870 917 vero
886 890 933 925 qui
949 895 1023 919 totus

235 932 393 961 misericors
409 939 460 967 est,
475 935 606 963 Dominus
622 935 634 962 ?
647 936 694 970 qui
716 936 780 964 facit
791 937 883 964 omnia
896 942 923 965 et
932 942 1023 965 trans-
1041 924 1062 950 Β

235 983 322 1007 mutat
335 980 362 1007 in
378 981 476 1008 melius
488 981 500 1008 ἲ
512 981 560 1016 qui
577 986 734 1010 sanctorum
746 991 858 1011 suorum
875 984 1022 1019 petitiones

233 1029 262 1052 et
276 1026 393 1061 cogitata
405 1027 660 1062 superabundanter
670 1029 735 1059 facit
750 1029 792 1056 "‘2
804 1030 873 1057 Num
883 1031 1020 1066 justorum

232 1072 458 1106 supplicationem
480 1074 605 1108 sprevit?
622 1075 677 1102 Aut
699 1075 820 1103 attendit
834 1077 946 1111 quidem
965 1078 1020 1106 cla-

233 1117 426 1150 mori,donum
444 1123 535 1147 tamen
547 1120 575 1147 in
587 1124 693 1156 tempus
703 1121 809 1150 donans
821 1122 927 1151 distulit
941 1124 952 1151 *ἒ
966 1124 1020 1153 Aut

231 1163 323 1190 statim
335 1164 445 1199 quidem
455 1165 549 1198 donat,
561 1166 696 1202 ejusmodi
707 1171 797 1194 tamen
813 1167 927 1201 donum,
939 1170 1019 1204 quale

230 1210 361 1244 petebant
387 1211 765 1248 tribuit?Haudquaquam;
795 1214 844 1242 sed
871 1216 1019 1250 respondet

229 1254 340 1289 quidem
358 1256 450 1284 statim
459 1257 547 1292 angeli
557 1258 644 1285 sancti
658 1266 736 1292 voce,
754 1267 786 1287 ac
798 1261 911 1288 oraculo
922 1261 1016 1294 edicit,

228 1300 288 1328 fore
307 1301 394 1329 utDei
407 1303 498 1337 puella
512 1303 684 1338 concipiatur
698 1310 781 1340 atque
794 1311 926 1334 nascatur
940 1316 947 1336 :
959 1308 1018 1335 edi-

228 1346 267 1373 cit
280 1350 308 1374 et
331 1348 399 1375 clari
409 1349 530 1377 nominis
545 1349 666 1378 futuram
679 1350 706 1378 in
723 1359 820 1380 omnes
833 1352 901 1381 ﬁnes
925 1359 1015 1382 terrae.

226 1392 250 1420 0
260 1392 324 1421 ﬁdei
353 1394 543 1423 fortitudinem
558 1397 565 1423 l
581 1404 597 1424 ο
611 1396 744 1425 Altissimi
758 1398 861 1426 donum
889 1400 1015 1435 magniﬁ-

226 1439 311 1466 cum!
326 1439 367 1467 Illi
381 1440 493 1475 quidem
508 1441 652 1477 desperata
668 1447 776 1476 natura,
794 1452 826 1472 ea
837 1449 935 1480 petunt
955 1454 1016 1481 qua:

225 1489 353 1513 naturam
364 1487 518 1521 excedunt;
534 1487 558 1516 is
570 1496 637 1516 vero
653 1489 769 1525 gratiam
795 1490 902 1524 tribuit,
917 1499 1014 1519 emen-

224 1529 336 1558 dantem
345 1532 419 1566 quod
430 1533 484 1561 illis
500 1534 592 1562 inerat
599 1534 708 1562 vitium.
722 1535 762 1563 Ac
770 1536 883 1571 quidem
894 1537 932 1563 illi
946 1545 1012 1572 pro-

1078 392 1127 418 κίιὶ
1156 394 1366 428 καρπογόνους
1403 396 1564 429 ἀπέδειξας
1600 397 1750 430 παραυτά.
1796 398 1869 425 Οἶδα

1080 437 1129 464 καὶ
1156 438 1256 474 ἄλλην
1273 441 1387 468 Ἅνναν
1409 442 1581 477 ὀνειδισμὸν
1602 443 1744 476 ἀτεκνίας
1759 443 1868 478 δραπε-

1079 484 1245 517 τεύσασαν,
1272 487 1322 514 ἵνα
1342 489 1437 522 μόνον
1450 489 1555 524 ,βοήσῃ
1568 490 1643 523 πρὸς
1655 489 1702 518 σέ.
1727 491 1781 517 Καὶ
1798 491 1866 523 νῦν,

1078 530 1167 564 Κύριε
1181 532 1197 558 ὁ
1216 533 1287 566 Θεός
1298 542 1369 568 μου,
1392 543 1402 560 ι
1417 534 1459 561 Σὺ
1471 535 1562 568 αὑτὺς
1575 534 1611 567 εἴ,
1629 537 1677 563 καὶ
1695 536 1731 563 τὰ
1740 536 1793 570 ἔτη
1807 545 1866 564 σοι·

1079 575 1134 602 οὐκ
1141 576 1333 605 ἐλλείπουσι»
1340 600 1349 610 ,
1355 579 1404 606 καὶ
1413 580 1448 606 τὰ
1456 580 1526 613 ἐλέη
1533 589 1591 608 σου
1597 581 1652 608 οὐκ
1658 581 1865 614 ὲλαττονοῦσι,

1078 622 1127 649 καὶ
1143 622 1179 649 τὰ
1203 623 1359 659 πανάγαθά
1372 634 1430 653 σου
1442 626 1521 660 δῶρα
1533 627 1596 661 τοῖς
1616 627 1706 660 ἀξίως
1729 627 1867 655 αἰτοῦσιν

1078 668 1200 703 ἑτοίμως
1221 670 1490 706 ἐπιχορηγοῦνται·
1517 673 1610 706 αὐτὸς
1636 675 1685 700 καὶ
1717 674 1776 708 τὴν·
1790 674 1868 708 ἐμὴν

1077 714 1230 747 ἀτεκνίαν.
1245 716 1304 751 τὴν
1315 717 1393 752 ἐμὴν
1421 719 1540 753 περιελε
1564 720 1735 754 στείρωσιν,
1754 721 1805 747 ἵνα
1818 719 1867 747 καὶ

1076 760 1112 787 ἐν
1134 761 1199 796 ἐμοὶ
1221 762 1387 797 δοξασθῇς.
1405 765 1446 792 Οὐ
1472 765 1527 800 τὰρ
1541 765 1606 800 ἐμοὶ
1628 766 1662 792 τὸ
1678 766 1865 800 τικτόμενον,

1076 805 1157 833 ἀλλὰ
1169 805 1208 839 τῷ
1224 807 1269 840 σῷ
1276 808 1398 843 ὀνόματι
1412 810 1460 836 καὶ
1472 810 1512 843 τῷ
1526 810 1600 845 ἁγίῳ
1613 817 1673 838 σου
1683 811 1756 845 aluo)
1770 819 1864 847 προσ-

1076 853 1265 887 αναθήσομαι
1282 854 1377 887 τούτῳ
1392 855 1491 883 δοτόν.

1111 899 1143 925 Οἱ
1159 900 1208 934 μὲν
1221 897 1268 927 οὖν
1277 900 1307 926 ὲν
1323 901 1428 933 τούτοις
1441 900 1520 936 ἦσαν,
1537 901 1600 928 τίδὲ
1619 903 1633 929 ὁ
1648 902 1864 937 πανοικτίρμων,

1075 945 1196 980 Κύριος,
1216 947 1230 972 ὀ
1247 947 1332 973 ποιῶν
1355 947 1443 973 πάντα
1464 949 1510 973 καὶ
1535 947 1748 982 μετασκευάζων
1771 948 1818 974 ἐπὶ
1834 948 1866 975 τὸ

1074 991 1194 1026 βέλτιον,
1210 993 1224 1018 ὁ
1236 992 1470 1027 ὑπερεκπερισσοῦ
1494 992 1529 1019 τὰ
1554 994 1693 1028 αἰτήματα
1713 994 1767 1019 τῶν
1779 993 1864 1026 ἁγίων

1072 1037 1154 1063 αὑτοῦ
1175 1037 1220 1064 καὶ
1236 1038 1272 1064 τὰ
1286 1039 1409 1073 νοήματα
1424 1039 1525 1072 ποιῶν;
1545 1038 1600 1074 ἆρα
1620 1041 1731 1076 παρεῖδε
1755 1039 1809 1067 τῶν
1824 1040 1865 1066 δι-

1071 1082 1157 1108 καίων
1171 1082 1219 1117 τὴν
1243 1083 1402 1118 ἱκετηρίανς
1425 1084 1441 1119 ἢ
1460 1084 1595 1119 προσέσχε
1619 1085 1668 1118 μὲν
1689 1086 1721 1119 τῇ
1742 1085 1863 1119 κραυγῇ,

1072 1129 1219 1164 ὑπερέθετο
1231 1129 1258 1156 δὲ
1274 1130 1315 1161 είς
1336 1130 1449 1165 χρόνους
1475 1130 1525 1165 τὴν
1553 1131 1707 1166 δωρεάνςῆ
1736 1131 1863 1165 δωρεῖται

1072 1175 1121 1209 μὲν
1131 1175 1221 1207 εὐθὺς,
1237 1176 1364 1211 τοιαύτην
1386 1176 1413 1202 δὲ
1426 1176 1485 1202 οἵαν
1505 1177 1618 1212 ᾐτοῦντο
1646 1177 1720 1203 δόσιν
1741 1177 1862 1212 ἐπεδρά-

1069 1219 1177 1253 6ευσεν;
1196 1220 1330 1255 Οὐδαμῶς
1342 1228 1349 1235 ⁸
1362 1221 1442 1257 una
1463 1221 1627 1256 χρηματίζει
1645 1222 1694 1257 μὲν
1708 1222 1808 1248 αὐτίκα
1826 1214 1862 1248 δι’

1068 1265 1184 1299 ἀγγέλου
1199 1266 1291 1301 φωνῆς
1308 1256 1399 1300 ἁγίου,
1415 1267 1465 1301 τῆς
1491 1267 1632 1298 Θεόπαιδος
1659 1267 1709 1303 τὴν
1728 1267 1861 1302 σύλληψιν

1068 1313 1115 1339 καὶ
1129 1312 1178 1347 τὴν
1192 1312 1319 1344 ἀπότεξιν
1331 1320 1339 1328 ·
1357 1313 1523 1348 χρηματίζει
1539 1313 1569 1340 δὲ
1596 1313 1681 1348 αὐτὴν
1707 1313 1861 1349 ὀνομαστὴν

1067 1358 1231 1394 γενήσεσθαι
1245 1359 1309 1395 ἄχρι
1334 1359 1479 1394 τερμάτων
1504 1360 1554 1394 τῆς
1567 1359 1629 1395 γῆς.
1656 1360 1688 1386 Ὤ
1704 1360 1753 1394 τῆς
1768 1359 1862 1394 ίσχύος

1065 1405 1115 1441 τῆς
1131 1406 1266 1438 πίστεωςί
1282 1404 1305 1432 ὣ
1316 1405 1365 1441 τῆς
1385 1405 1515 1440 Ὑψίστου
1532 1405 1752 1441 μεγαλοδωρεᾶςί
1771 1406 1795 1432 οἱ
1811 1405 1862 1440 μὲν

1065 1452 1231 1486 ἀπογνόντες
1243 1452 1292 1487 τῆς
1309 1451 1428 1486 φύσεως,
1443 1452 1478 1479 τὰ
1490 1452 1560 1487 ὑπὲρ
1585 1451 1666 1486 φύσιν
1678 1451 1858 1485 ἐξαιτοῦνται·

1065 1498 1079 1523 ὁ
1096 1497 1126 1524 δὲ
1138 1496 1231 1523 δίδωσι
1244 1496 1334 1532 χάριν,
1346 1497 1376 1523 τὸ
1387 1496 1503 1527 ἐκείνοις
1524 1496 1636 1531 ἔλλειμα
1652 1496 1858 1531 διορθουμένην.

1070 1543 1125 1569 Καὶ
1137 1543 1162 1569 οἱ
1175 1543 1225 1577 μὲν
1249 1543 1343 1569 τέκνον
1371 1542 1465 1574 ἁπλῶς
1480 1543 1596 1574 αἰτοῦσι,
1625 1542 1656 1569 ca
1668 1543 1718 1576 τῆς
1733 1543 1860 1575 ἀπαιδίας

225 1574 278 1602 lem
294 1576 458 1611 simpliciter
474 1582 583 1612 petunt,
598 1583 627 1606 et
654 1584 685 1606 ut
706 1580 734 1606 id
759 1581 813 1608 illis
830 1581 1010 1616 opprobrium

1067 1574 1396 1623 ὄνειδος-ἀφαιρούμενον·
1416 1588 1430 1613 ὁ
1446 1587 1475 1614 δὲ
1496 1587 1545 1622 τὴν
1564 1587 1631 1614 ίόίαν
1644 1574 1735 1618 αὐτοῖς
1748 1574 1860 1622 χαρίζεέ

224 1620 377 1651 auferatur.
394 1622 469 1657 quod
482 1623 527 1650 illa
541 1624 603 1652 orbi
615 1629 695 1659 sunt;
710 1626 733 1653 is
744 1631 835 1654 autem
861 1634 938 1654 suam
959 1628 1014 1656 illis

223 1666 339 1702 largitur
352 1668 485 1702 Matrem;
497 1677 551 1697 non
562 1678 624 1706 qua:
639 1676 783 1707 parentum
800 1673 934 1702 duntaxat
942 1675 1012 1702 aﬁli-

223 1712 344 1741 ctionem
355 1718 442 1748 sanet,
458 1715 506 1743 sed
515 1724 575 1751 qua:
586 1717 745 1746 universum
753 1719 904 1748 humanum
925 1729 1013 1757 genus

223 1759 340 1793 spiritali
355 1767 476 1796 veroque
493 1762 593 1797 gaudio
606 1763 730 1798 impleat.

258 1805 322 1833 Haec
339 1806 471 1835 nimirum
482 1807 583 1836 divinae
597 1809 689 1844 potius
710 1811 902 1846 promissionis
914 1814 1010 1848 verbo,

222 1858 306 1885 quam
323 1857 430 1880 naturae
450 1854 558 1882 ratiOne
571 1854 599 1882 in
615 1855 703 1883 sterili
718 1863 850 1892 concepta
869 1863 952 1895 atque
965 1868 1012 1897 ge-

223 1901 294 1924 stata
305 1901 395 1931 utero,
406 1899 490 1926 velut
502 1900 648 1936 lunaplena
665 1902 749 1931 hodie
762 1911 796 1931 ex
809 1909 934 1933 materno
944 1914 1011 1934 exo-

223 1942 430 1972 riturthalamo.
444 1945 524 1973 Clare
539 1946 621 1974 hodie
631 1948 726 1976 videre
742 1954 784 1977 est
796 1950 873 1986 juxta
886 1951 1010 1987 Prophe-

223 1993 257 2016 ta:
270 1990 424 2023 oraculum,
442 1992 509 2019 oriri
525 1993 670 2021 veritatem
682 1994 717 2022 de
733 1999 815 2028 terra,
832 2004 864 2024 ac
873 1997 1009 2033 justitiam

220 2034 256 2062 de
272 2036 343 2063 coelo
362 2036 519 2072 prospicere
533 2038 565 2066 ".
582 2039 691 2066 Etenim
710 2041 844 2069 Dominus
858 2043 1010 2071 ostendens

220 2081 256 2107 de
273 2081 345 2109 cmlo
370 2082 452 2119 digne
478 2084 637 2119 petentibus
665 2085 799 2121 justitiam
817 2096 905 2122 suam,
933 2089 1011 2118 dedit

219 2126 429 2162 benignitatem,
459 2130 558 2158 divinae
583 2131 776 2166 promissionis
788 2135 873 2162 verbo
896 2137 1009 2164 oraculo

219 2172 295 2201 edito
309 2183 318 2207 ;
332 2173 412 2202 Anna
426 2182 492 2203 vero
509 2175 556 2203 illo
571 2176 625 2204 ﬁde
636 2183 774 2213 suscepto,
799 2187 831 2207 ex
851 2181 933 2208 vulva
948 2189 1007 2215 sua,

218 2221 296 2248 velut
302 2229 336 2249 ex
346 2226 429 2254 terra,
440 2224 552 2251 oraculo
558 2224 718 2259 promissam
727 2226 869 2254 veritatem
882 2228 909 2255 in
918 2228 1006 2256 lucem

1066 1644 1112 1663 ται
1126 1634 1256 1670 Μητέρα·
1271 1634 1301 1660 οὐ
1317 1633 1371 1660 τῶν
1385 1633 1519 1660 τεκόντων
1538 1633 1619 1669 μόνον
1638 1635 1689 1669 τὴν
1703 1634 1793 1669 θλίψιν
1810 1635 1859 1661 two

1066 1681 1161 1718 μένην,
1176 1681 1235 1708 ἀλλ’
1247 1681 1311 1716 ὃλην
1324 1680 1378 1707 τῶν
1393 1680 1545 1715 ἀνθρώπων
1565 1681 1614 1716 τὴν
1629 1680 1711 1715 φύσιν
1733 1689 1858 1716 πνευμαο

1063 1727 1142 1763 τικῆς
1158 1728 1204 1754 καὶ
1217 1726 1335 1762 ἀληθοῦς
1347 1726 1507 1762 πληροῦσαν
1522 1727 1622 1762 χαρᾶς.

1098 1818 1173 1854 Αὕτη
1187 1816 1226 1853 τῷ
1239 1818 1342 1853 ῥήματι
1351 1816 1401 1852 τῆς
1411 1816 1581 1851 ἐπαγγελίας
1593 1815 1640 1843 τοῦ
1659 1816 1728 1850 Θεοῦ
1744 1816 1856 1852 μᾶλλον,

1063 1864 1079 1900 ἢ
1091 1863 1130 1899 τῷ
1139 1863 1211 1898 λόγῳ
1225 1863 1275 1898 τῆς
1286 1861 1394 1897 φύσεως
1409 1862 1438 1889 ὲν
1449 1863 1484 1897 τῇ
1501 1862 1662 1896 στειρωτικῇ
1674 1860 1857 1896 συλληφθεῖσα

1061 1909 1110 1937 καὶ
1123 1908 1325 1944 κυοφορηθεῖσα
1339 1908 1449 1944 γαστρὶ,
1472 1907 1594 1944 σήμερον
1609 1904 1654 1933 οἷα
1676 1906 1776 1942 σελήνη
1791 1906 1857 1940 πλη-

1062 1954 1172 1990 σιφαὴς,
1198 1953 1253 1980 τῶν
1277 1953 1406 1988 θαλάμων
1441 1951 1612 1985 ὲξανατέλλει
1633 1950 1686 1977 τῶν
1702 1949 1855 1986 μητρικῶν.

1060 2000 1186 2034 Σήμερον
1201 1998 1327 2034 ἐναργῶς
1348 1998 1421 2025 ἐστιν
1439 1997 1515 2033 ὁρᾷν,
1530 1997 1603 2024 κατὰ
1616 1997 1667 2031 τὴν
1685 1995 1857 2031 προφητικὴν

1060 2045 1219 2081 θεηγορίαν,
1232 2044 1363 2080 ἀλήθειαν
1378 2044 1427 2079 μὲν
1453 2043 1652 2071 ἀνατέλλουσαν
1667 2043 1701 2069 ἐκ
1717 2043 1768 2077 τῆς
1785 2042 1853 2077 γῆς,

1061 2093 1093 2118 ἐκ
1109 2091 1158 2118 τοῦ
1181 2091 1297 2127 οὐρανοῦ
1320 2091 1350 2117 δὲ
1376 2091 1427 2125 τὴν
1443 2089 1617 2124 δικαιοσύνην
1642 2088 1854 2115 διακύπτουσαν.

1059 2138 1115 2164 Καὶ
1130 2137 1182 2173 γὰρ
1207 2138 1221 2164 ό
1246 2137 1349 2172 Κύριος
1377 2135 1481 2163 ἄνωθεν
1504 2135 1554 2169 τὴν
1578 2134 1662 2160 αὐτοῦ
1682 2133 1855 2168 δικαιοσύνην

1059 2183 1281 2217 ἐπιδεικνύμενος
1301 2183 1358 2213 τοῖς
1373 2181 1457 2214 ἀξίως
1468 2181 1624 2215 αἰτήσασιν,
1638 2179 1722 2206 ἔδωκε
1736 2178 1854 2214 χρηστό-

1060 2239 1128 2265 τητα
1138 2248 1146 2261 ,
1161 2229 1191 2255 τὸ
1205 2229 1281 2263 ῥῆμα
1301 2227 1352 2260 τῆς
1375 2226 1450 2258 θείας
1467 2225 1634 2260 ἐπαγγελίας
1658 2225 1852 2261 χρηματίζων·

218 2266 305 2301 ducit,
319 2275 435 2304 eamque
452 2270 560 2297 cunctis
578 2271 739 2299 mortalibus
760 2272 912 2300 animatum
926 2278 1008 2309 atque

1066 2276 1146 2301 Ἀννα
1160 2274 1188 2300 δὲ
1203 2274 1294 2300 πίστει
1306 2272 1385 2299 τοῦτο
1399 2272 1605 2307 καταδεξαμένη
1619 2292 1626 2304 ,
1644 2271 1738 2306 ὥσπερ
1755 2272 1786 2298 ἐκ
1803 2273 1855 2307 γῆς

217 2312 356 2341 viventem
379 2313 500 2342 fructum
518 2316 653 2350 producit.
676 2316 763 2345 Hodie
779 2326 840 2353 quae
859 2319 945 2346 Mater
960 2320 1008 2349 Dei

217 2360 368 2388 secundum
384 2362 576 2398 camem,ejus
587 2370 653 2391 vero
666 2363 721 2391 ﬁlia
746 2364 899 2392 secundum
925 2365 1007 2401 spiri-

217 2410 275 2433 tum
289 2406 526 2441 sanctiﬁcationis,
541 2409 694 2437 naturalem
710 2410 825 2445 suscipit
837 2416 940 2443 ortum,
959 2412 1008 2438 ho-

217 2452 355 2487 minisque
367 2453 432 2486 ﬁlia,
452 2463 514 2490 qua:
525 2455 607 2490 Regis
619 2456 709 2491 magni
725 2456 782 2485 ﬁlia
794 2457 841 2489 sit,
858 2457 983 2484 noscitur
998 2467 1004 2485 :

216 2506 249 2526 ac
259 2506 320 2533 qua:
333 2509 348 2527 ιι
360 2499 463 2528 dextris
471 2501 571 2528 summi
587 2502 709 2530 omnium
735 2504 807 2538 regis
825 2503 850 2530 in
865 2503 942 2531 caelis
960 2512 1005 2531 rc-

215 2545 278 2578 gina
289 2545 405 2574 astitura
413 2551 465 2579 est,
483 2547 510 2574 in
526 2552 598 2575 terra
611 2548 666 2582 jam
677 2553 758 2584 partu
794 2548 896 2582 editur,
911 2549 1006 2576 obste-

216 2591 334 2618 tricante
356 2599 438 2619 manu
462 2594 623 2628 suscipitur,
640 2594 719 2629 aquis
742 2593 874 2627 abluitur,
906 2595 1005 2629 pannis

214 2635 376 2670 involvitur,
387 2638 577 2666 acinfantibus
586 2639 678 2666 debita
691 2647 758 2666 cura
768 2640 892 2667 fovetur:
910 2645 1004 2676 etquo:

212 2681 339 2716 \irginali
357 2684 419 2712 sinu
440 2686 597 2720 amplexum
628 2684 813 2720 exspectatur,
840 2687 928 2721 ipsum
955 2688 1002 2722 qui

212 2729 312 2755 cwlum
348 2731 472 2758 continet
504 2739 536 2758 ac
562 2732 658 2763 Deum,
683 2733 818 2759 senilibus
844 2734 914 2760 ulnis
931 2742 1004 2761 nunc

213 2773 375 2809 stringitur;
391 2777 544 2812 scniliaque
556 2778 611 2812 jam
628 2785 660 2805 ac
680 2783 802 2805 materna
818 2779 886 2814 fugit
906 2780 1001 2810 ubera,

212 2828 273 2854 qua!
285 2821 398 2855 posthac
411 2823 503 2849 divina
517 2823 634 2857 quadam
646 2824 750 2851 ratione
764 2832 827 2851 eum
839 2825 885 2859 qui
895 2830 1002 2852 cunctis

211 2867 377 2894 animailbUs
395 2877 484 2895 escam
502 2870 614 2903 pra-hct.
626 2870 746 2897 Ιειςιειγὶῑ.

249 2922 353 2961 “ﬁes.
367 2934 384 2955 t.
402 2926 430 2952 ii
445 2935 519 2962 seqq.
539 2928 558 2944 ιδ
573 2928 642 2956 Psal.
662 2937 697 2962 ut,
713 2929 756 2956 28.

1061 2321 1113 2356 τῆς
1125 2320 1228 2351 οἰκείας
1257 2319 1364 2354 μήτρας
1384 2319 1434 2353 τὴν
1456 2318 1697 2354 χρησμῳδοοεῖσαν
1723 2318 1854 2352 ἀλήθειαν

1061 2367 1177 2402 ἀνίσχει,
1195 2365 1242 2392 καὶ
1268 2365 1370 2401 ταύτην
1386 2365 1469 2391 πᾶσιν
1499 2364 1653 2399 ἀνθρώποις
1668 2363 1790 2399 ἔμψυχον
1806 2364 1854 2390 καὶ

1060 2413 1150 2445 ζῶντα
1158 2411 1303 2448 προϐάλλει
1314 2411 1430 2446 καρπόν.
1444 2411 1568 2446 Σήμερον
1580 2411 1596 2445 ἡ
1608 2411 1709 2446 Μήτηρ
1723 2410 1772 2444 μὲν
1785 2409 1853 2436 Θεοῦ

1060 2459 1132 2486 κατὰ
1157 2459 1257 2494 σάρκα,
1281 2458 1405 2492 θυγάτηρ
1432 2457 1459 2484 δὲ
1478 2457 1551 2484 κατὰ
1567 2456 1676 2492 πνεῦμα
1697 2456 1852 2491 ἁγιωσύνης

1058 2506 1194 2541 ἐσομένη,
1211 2504 1260 2540 τὴν
1285 2504 1357 2531 κατὰ
1372 2504 1451 2537 φύσιν
1475 2503 1616 2539 προσίεται
1640 2503 1778 2538 γέννησιν.
1803 2503 1852 2529 καὶ

1056 2551 1177 2586 θυγάτηρ
1193 2550 1338 2585 ἀνθρώπου
1359 2550 1521 2584 γνωρίζεται
1536 2550 1554 2585 ἡ
1569 2550 1693 2585 θυγάτηρ
1704 2549 1751 2576 τοῦ
1770 2549 1851 2576 Beck

1054 2598 1121 2629 λέως
1131 2598 1179 2624 τοῦ
1197 2597 1316 2632 μεγάλου
1327 2604 1333 2610 ·
1350 2597 1420 2631 καὶὴ
1434 2598 1465 2623 ἐκ
1480 2595 1576 2628 δεξιῶν
1588 2596 1635 2622 τοῦ
1648 2595 1850 2630 Παμόασιλέως

1054 2645 1082 2670 ἐν
1098 2645 1153 2671 τοῖς
1168 2644 1292 2679 οὐρανοῖς
1317 2643 1464 2677 στήσεσθαι
1480 2643 1615 2678 μέλλουσα.
1633 2643 1787 2677 βασίλισσα,
1803 2638 1850 2668 ἐπὶ

1054 2690 1104 2723 γῆς
1121 2689 1183 2722 ἄρτι
1198 2689 1347 2724 λοχεύεται,
1366 2688 1525 2724 μαιεύεται·
1543 2688 1620 2714 ’ύδασι
1633 2688 1780 2723 σμήχεται,
1800 2687 1849 2723 ῥά-

1059 2745 1117 2761 κεσι
1141 2735 1361 2770 σπαργανοῦται-
1382 2735 1430 2761 καὶ
1453 2734 1502 2769 τῆς
1525 2734 1717 2768 προσηκούσης
1738 2733 1847 2768 νηπίοις

1057 2781 1213 2814 ἐπιμελείας
1240 2780 1381 2812 ἀξιοῦται,
1410 2781 1456 2806 καὶ
1481 2781 1497 2814 ὴ
1515 2779 1694 2814 παρθενικαῖς
1712 2779 1846 2813 ἀγκάλαις

1056 2828 1100 2853 τῖιν
1115 2828 1162 2853 τοῦ
1186 2828 1302 2861 οὐρανοῦ
1330 2828 1442 2862 συνοχέα
1463 2828 1509 2853 καὶ
1522 2827 1588 2853 Θεὸν
1615 2826 1846 2860 ἐναγκαλίσασοειι

1058 2875 1281 2909 προσδοκωμένη,
1299 2875 1446 2909 γηραλέαις
1470 2874 1584 2905 ὠλέναις
1612 2873 1844 2909 περιλαμῦὰνέῖαι

807 2930 826 2945 λί
845 2930 915 2965 Eph.
934 2931 1030 2963 "1,20.
1070 2932 1090 2947 ¹⁷
1111 2932 1181 2960 Psai.
1197 2940 1306 2965 Lxxnv,
1322 2933 1362 2959 12.
