2072 3160
141 168 174 201 25

550 169 692 200 ORATIO
708 168 734 199 Ι.
751 169 837 200 -ΙΝ
858 169 954 200 DIEM
977 169 1154 201 NATALEM
1173 169 1204 200 S.
1224 169 1366 200 MARLE.

1733 167 1771 199 26

141 223 204 252 νῦν⁸
221 223 267 250 καὶ
291 222 478 260 πρεσϐυτικὴν
509 223 573 259 ἄρτι
587 223 673 259 θηλὴν
689 223 737 250 καὶ
753 223 890 260 μητρικὴν
923 223 1041 260 ὲκμυζᾷ,
1058 225 1075 260 ή
1096 224 1142 252 τὸν
1177 224 1315 261 τρέφοντα
1343 223 1398 251 πᾶν
1425 222 1508 256 ζῶον,
1527 222 1675 260 ὑπερφυῶς
1700 223 1783 259 path;

141 271 224 299 ταῦτα
236 271 528 308 γαλακτοτροφήσ-αεα.

175 317 228 343 Καὶ
239 316 285 343 ὲπὶ
306 305 418 348 τούτοις.
437 305 528 352 διαίρει
545 316 595 351 μὲν
611 317 706 350 Ἀννα,
722 317 769 344 καὶ
790 317 923 353 τέρπεται
938 336 943 348 Α

1011 318 1049 346 Ac
1065 318 1094 346 in
1113 317 1156 346 his
1168 318 1280 353 quidem
1296 317 1396 352 gaudet
1408 318 1497 350 Anna,
1508 322 1536 346 et
1549 317 1629 345 valde
1649 318 1770 349 laetatur.

143 362 246 398 σφόδρα,
274 363 323 389 καὶ
339 362 547 396 ὲναγκαλίζεται
565 363 606 398 τῷ
626 364 788 398 γεννήματι,
813 364 862 392 καὶ
883 364 922 400 τῷ

143 408 221 443 καινῷ
235 408 307 442 τόκῳ
326 408 576 442 ὲγκαλλωπίζεται·
595 409 728 443 συγκαλεῖ
743 409 772 436 δὲ
787 410 922 443 νεάνιδας,

141 454 185 480 καὶ
197 454 378 490 πρεσϐύτιδας
393 456 600 489 μεταστέλλεται
613 463 620 470 ·
636 457 682 482 καὶ
697 458 756 489 ταῖς
777 457 925 493 ὁμοφύλοις

141 499 237 530 πάσαις
256 499 414 535 συγχαίρειν
436 502 590 536 παρακαλεῖ
603 503 651 529 καὶ
678 503 849 538 συνήδεσθαι,
877 504 925 530 καὶ

142 546 219 572 πᾶσιν
227 547 268 578 εἰς
282 546 379 582 ἡδονὴν
391 547 438 574 καὶ
452 547 543 582 θαῦμα
551 549 622 575 κινεῖ
637 550 694 580 τοῖς
708 549 924 584 προσανέχουσιν

142 591 222 628 αὐτῇ·
243 592 430 627 χαριστηρίοις
446 593 496 628 μὲν
510 594 556 620 τὸν
572 594 720 630 εὐεργέτην
735 594 906 630 ἀμοιὸομένη
916 603 923 610 ·

143 639 196 671 καὶ,
213 639 261 672 Τίς
272 640 341 673 ειμι,
355 639 580 675 λέγουσα,Κύριέ
596 650 668 675 μου,
692 641 791 675 Κύριε,
811 641 856 668 ὅτι
869 641 925 676 τῆς

142 686 213 721 ἐμῆς
224 687 301 713 οὕτω
312 687 446 721 δεήσεως
456 687 643 722 ὲπακήκοας·
656 689 701 715 ὅτι
715 689 861 722 περιεῖλε-ς
874 689 926 716 τὸν

142 733 313 768 ὀνειδισμώθ
325 743 385 768 μου
413 734 451 760 ὃν
472 734 672 762 ὑπώπτευσα·
704 735 749 762 ὅτι
777 735 884 763 πλεῖον
906 735 926 770 ἢ

142 779 212 807 κατὰ
229 779 286 813 τὴν
308 779 386 814 ἐμὴν
408 781 531 814 αἴτησιν
550 780 703 815 παρέσχες
715 790 725 814 ;
739 782 850 809 Τέκνον
873 782 929 817 γὰρ

142 825 241 858 ἁπλῶς
263 824 426 860 ᾐτησάμην
445 825 511 860 ἐγὼ,
523 826 563 853 σὺ
582 826 616 853 δέ
624 835 674 861 μοι
687 826 763 862 πρὸς
773 828 868 862 τούτῳ
879 828 928 855 καὶ

143 872 197 904 τὴν
206 871 316 898 ἐλπίδα
331 871 386 906 τῆς
413 872 564 906 σωτηρίας
578 872 717 907 ἐδωρήσω
733 873 773 906 τῷ
798 873 928 908 Ἰσραήλ.

148 916 217 950 Ὀρῶ
233 918 288 952 γὰρ
310 917 351 950 ὡς
361 917 396 944 ἐν
409 918 577 953 τεκμηρίοις
591 918 624 945 τὸ
636 919 766 953 μέλλον·
781 919 822 952 ὡς
836 919 872 946 ἐν
882 920 929 946 al-

144 963 271 997 νίγμασι,
284 963 350 996 ταῖς
362 963 614 998 ὲνθεωρουμέναις
628 964 666 998 τῇ
677 965 800 999 θυγατρὶ
814 964 928 999 χάρισι,

975 362 1134 396 prolemque
1147 362 1174 389 in
1184 363 1262 390 ulnas
1278 363 1404 398 suscipit,
1420 370 1452 390 ac
1459 370 1530 390 novo
1537 362 1679 398 magniﬁce
1688 368 1771 398 partu

974 408 1117 442 gloriatur.
1143 407 1283 436 Convocat
1301 416 1367 436 vero
1375 409 1490 444 puellas,
1501 409 1675 444 accersitque
1690 414 1771 437 vetu-

974 454 1028 486 las,
1045 462 1077 482 ac
1092 455 1198 482 cunctis
1208 455 1355 483 tribulibus
1367 455 1640 491 congratularijubet
1657 464 1690 484 ac
1700 464 1770 484 con-

973 500 1101 536 gaudcre;
1113 501 1219 529 cunctis
1235 501 1354 537 denique
1365 502 1392 529 in
1413 510 1474 530 eam
1490 502 1696 530 attendentibus
1709 504 1772 530 ani-

976 555 1063 580 mum,
1080 548 1210 583 gaudium
1234 556 1267 576 ac
1283 549 1495 576 admirationem
1510 548 1576 576 facit
1587 557 1595 581 ;
1607 557 1640 576 ac
1657 549 1770 584 quidem

976 595 1126 629 gratiarum
1146 594 1262 622 actionis
1281 602 1396 622 munera
1419 602 1564 622 munerum
1582 594 1706 630 largitori
1724 603 1772 622 re—

976 640 1080 675 pendit.
1095 640 1274 673 Et,Qutenam
1285 641 1459 677 ego,Domine
1475 642 1523 674 mi,
1533 641 1654 675 Domine,
1671 641 1772 676 inquit,

975 695 1045 720 sum,
1056 688 1126 722 quod
1137 695 1223 714 nteant
1238 688 1276 715 sic
1289 689 1441 723 petitionem
1452 688 1571 716 audisti?
1588 688 1660 722 quod
1674 695 1772 723 oppro-

977 734 1063 761 brium
1080 742 1175 767 nteum,
1190 734 1259 770 quod
1273 735 1409 769 stupicata
1425 743 1511 766 erant,
1527 734 1684 762 abstulisti?
1698 734 1769 769 quod

978 782 1084 817 majora
1099 790 1179 817 quam
1194 782 1323 817 petierant
1340 782 1475 809 tribuisti?
1492 782 1597 809 Etenim
1616 790 1662 817 ego
1673 781 1773 808 solum-

979 828 1055 854 modo
1074 827 1175 862 prolem
1191 828 1320 863 petebam,
1338 834 1365 854 tu
1382 836 1442 855 uero
1453 832 1583 863 prreterea
1602 829 1682 854 etiam
1700 835 1773 863 spem

979 873 1075 902 salutis
1092 874 1201 901 lsraelis
1223 874 1329 901 dedisti.
1350 874 1428 901 Video
1445 875 1514 900 enim
1529 873 1600 901 velut
1621 875 1699 900 certis
1711 882 1772 901 ont-

980 921 1043 948 nino
1063 921 1166 948 indiciis
1184 921 1254 956 quod
1271 920 1391 955 futurum
1408 924 1446 947 est
1464 929 1473 947 :
1486 920 1556 947 velut
1568 921 1596 946 in
1611 920 1772 955 tenigmatis.

980 967 1008 994 in
1020 967 1063 998 iis,
1075 975 1140 1001 quas
1154 967 1182 994 in
1193 966 1282 1001 puella
1291 967 1405 998 intueor,
1420 967 1525 1000 gratiis,
1537 966 1684 993 salutarem
1697 970 1774 993 luant

143 1011 198 1045 τὴν
210 1011 360 1045 σωτήριόν
381 1019 440 1038 σου
457 1012 617 1046 κατολίγον
631 1012 854 1046 προαυτάζομαι
873 1012 927 1047 χά-

984 1012 1117 1048 paulatim
1132 1012 1318 1048 praelucentem
1339 1013 1466 1048 gratiam,
1479 1016 1603 1047 certaque
1613 1013 1720 1040 dantem
1731 1013 1775 1039 in—

141 1065 198 1091 ptr,
216 1057 267 1084 καί
279 1066 330 1092 μοι
346 1057 568 1091 τεκμηριοῦσαν
586 1056 623 1083 δι’
638 1057 733 1091 αὐτῆς
744 1056 931 1091 assurance-

144 1105 211 1131 σθαι
224 1103 280 1130 τὸν
297 1103 360 1136 τοῖς
373 1102 540 1138 προφήταις
563 1104 852 1138 προκηρυττόμενον.
876 1103 931 1131 Kal

143 1150 186 1182 τίς
199 1151 258 1184 εὶμι
280 1149 337 1184 ἐγὼ
355 1150 507 1183 τοσαύτης
520 1149 722 1184 ἀγαθοδωρίας
742 1148 932 1184 ἀναφανῆναι

140 1194 212 1230 ῥίζα,
228 1195 381 1229 τοσαύτης
399 1195 520 1230 χάριτος
543 1195 652 1229 μήτηρ,
678 1194 728 1222 καὶ
747 1196 933 1229 τηλικούτων

143 1239 258 1275 ἀγαθῶν
267 1242 448 1275 χρηματίσαι
457 1241 557 1275 πηγῆς
575 1241 653 1268 Ἀλλ’
664 1241 699 1268 οὐ
711 1240 887 1276 νοσφίζομαι
898 1241 932 1269 τὸ

146 1288 200 1314 σόν
211 1294 219 1303 ·
237 1288 274 1314 οὐ
285 1287 391 1321 κρύψω
404 1287 472 1321 παρ’
488 1287 614 1322 ἐμαυτῇ,
627 1285 652 1314 ὦ
665 1288 811 1320 Δέσποτα,
829 1288 862 1314 τὸ
877 1287 933 1314 δῶ-

147 1340 201 1366 ρον
214 1332 246 1358 τὸ
257 1332 326 1359 σόν.
350 1332 623 1367 Ἀποταλακτισθὲν
643 1333 689 1365 δὲ,
711 1333 752 1366 τῷ
772 1333 935 1368 ἀγιάσματι

151 1386 207 1405 σου
231 1378 433 1413 αροσανοίσω,
460 1378 509 1405 καὶ
533 1378 596 1412 τοῖς
629 1379 690 1406 τῶν
711 1379 805 1414 ἁγίων
827 1379 934 1415 Ἀτίοις

147 1424 345 1460 ἀφιερώσομαι
366 1423 490 1459 δωρεάν.
501 1425 556 1452 Καὶ
571 1426 588 1460 ὴ
606 1425 657 1460 μὲν
666 1425 764 1452 ταῦτα.

183 1471 314 1506 Ἰωακεὶμ
339 1471 370 1498 δὲ
381 1472 429 1498 καὶ
444 1471 526 1504 αὐτὸς
543 1473 600 1503 τοῖς
628 1472 739 1504 οἰκείοις
766 1472 934 1508 συγχαίρων,

141 1518 198 1549 τοῖς
213 1517 342 1551 φυλέταις
356 1517 554 1553 συνεορτάζων,
568 1518 616 1544 καὶ
627 1519 661 1554 τῇ
676 1518 807 1554 γερουσίᾳ
823 1518 873 1554 μὲν
884 1518 935 1550 τὰς

143 1563 312 1598 φιλοτιμίας,
340 1564 398 1595 τοῖς
427 1563 531 1598 ἱερεῦσι
558 1563 588 1591 δὲ
614 1564 649 1590 τὰ
674 1563 839 1600 ὀφειλόμενα
865 1563 936 1600 μετὰ

143 1609 267 1641 πλείονος
295 1609 502 1644 προσαγόμενος
532 1609 662 1644 ἀφθονίας
690 1611 737 1637 καὶ
766 1610 933 1646 φιλοτιμίας,

143 1654 318 1690 χαρμονικῶς
343 1654 470 1681 ἀπεδίδου
495 1653 534 1690 τῷ
549 1654 656 1690 Σωτῆρι
679 1654 729 1690 τὴν
746 1653 933 1690 εὐχαριστίαν,

144 1701 240 1738 Κύριε,
257 1701 356 1736 λέγων,
373 1702 388 1728 ὀ
401 1700 466 1732 Θεός
492 1709 554 1736 μου,
572 1700 686 1736 ὑμνήσω
709 1709 757 1734 σε,
773 1700 878 1734 δοξάσω
904 1701 936 1728 τὸ

143 1747 229 1784 ὄνομα
247 1755 306 1781 σου,
321 1748 363 1775 ὅτι
377 1747 508 1782 ἐποίησας
527 1746 674 1782 θαυμαστά
687 1746 855 1783 πράγματα,
873 1747 937 1783 βου-

143 1793 191 1829 λὴν
203 1793 333 1829 ἀρχαίαν,
348 1793 490 1828 ἀληθινὴν,
503 1793 553 1820 καὶ
566 1793 703 1828 ἠξίωσας
722 1793 769 1828 ἐφ’
782 1793 855 1827 ἡμῖν
866 1793 938 1827 ἁλη-

143 1841 271 1868 θεύοντα
281 1840 377 1873 δεῖξαι
391 1840 444 1868 τὸν
453 1841 534 1876 ἱερόν
544 1849 602 1868 σου
613 1841 770 1876 προφήτην
793 1841 919 1868 Ἡσαΐαν
928 1848 936 1856 ι

143 1886 193 1912 καὶ
208 1886 297 1912 ἔστιν
317 1885 391 1920 όρᾷν
400 1885 466 1919 ἄρτι
473 1885 597 1920 στεῷαν
613 1885 670 1920 τὴν
678 1885 747 1919 οὐχὶ
762 1885 936 1916 τίκτουσαν,

143 1931 403 1966 εὐφραινομένην·
430 1932 481 1959 καὶ
510 1931 568 1965 τὴν
591 1932 648 1958 οὐκ
677 1930 938 1966 ὼδίνουσαν.ἑπὶ

143 1945 402 1966 δυφμιιϊυμενηγν
430 1945 481 1959 και
510 1945 568 1965 ἰῚιΥ
591 1945 648 1958 υυῶ
677 1945 853 1957 ωνινυυυιιιν
888 1945 938 1956 ειμι

142 1978 240 2011 τέκνῳ
268 1977 395 2010 βοῶσαν
418 1977 469 2004 καὶ
496 1977 734 2012 ἀγαλλιωμένην.
762 1977 818 2004 Kal
849 1945 895 2009 ὂς
923 1976 939 2002 ὀ

142 2025 249 2060 ὕμνος,
271 2025 317 2057 τίς
340 2025 357 2051 ό
380 2022 476 2057 αἶνος.
491 2025 537 2057 τίς
554 2024 603 2050 ἐπὶ
620 2023 682 2056 τοῖς
702 2023 853 2057 παροῦσιν
864 2022 940 2056 ἡμε-

143 2067 341 2103 γαλοπρεπὴς
362 2068 556 2102 εὐχαριστίας
568 2067 673 2100 Οὐδεὶς
688 2068 743 2101 γὰρ
764 2067 837 2101 ἡμῖν
854 2067 870 2092 ὀ
885 2066 940 2092 λό-

142 2114 294 2151 γος,οὐδὲ
315 2115 454 2148 σύνεσις,
479 2115 513 2142 τὸ
540 2115 666 2149 μέγεθος
684 2114 740 2148 τῆς
764 2112 941 2148 εὐεργεσίας

143 2161 265 2195 καὶτῆς
280 2161 465 2195 Δεσποτικῆς
481 2159 594 2194 δωρεᾶς
616 2160 649 2187 τὸ
670 2160 787 2187 τέλειον
811 2158 940 2186 αἰνέσαι.

140 2209 184 2235 οὐ
204 2208 262 2242 γὰρ
280 2208 356 2233 κατὰ
371 2207 468 2241 φύσιν
485 2207 582 2241 μόνον
603 2206 622 2240 ἡ
648 2206 701 2233 τοῦ
730 2206 839 2232 τέκνου
854 2204 942 2238 δόσις

143 2252 236 2286 ἡμῖν’
255 2253 293 2278 οὐ
317 2251 393 2278 κατὰ
416 2253 512 2286 φύσιν
535 2251 590 2285 τῆς
614 2251 813 2283 καλλίπιιιδος
833 2251 853 2285 ἡ
875 2250 942 2286 γέν-

144 2307 255 2333 νησις·
273 2298 378 2330 πολλῷ
399 2297 565 2332 δὲμᾶλλον
587 2298 622 2324 ἐκ
636 2296 791 2330 δυνάμεως
805 2297 942 2332 ῥήματος

983 1060 1062 1092 dicia,
1080 1060 1134 1094 fore
1161 1064 1190 1086 ut
1205 1067 1252 1095 per
1262 1067 1322 1086 eam
1335 1059 1530 1094 manifestetur,
1543 1067 1619 1094 quem
1635 1059 1699 1086 olint
1711 1067 1772 1094 pro-

982 1107 1122 1142 phetarum
1147 1106 1257 1133 oracula
1283 1107 1505 1141 prwdicarerunt.
1538 1105 1701 1140 Ecqua’nam
1729 1113 1775 1140 ego

981 1161 1051 1186 sum,
1067 1161 1125 1188 qua:
1140 1157 1195 1180 tant
1219 1153 1337 1187 muniﬁci
1356 1153 1418 1180 doni
1432 1153 1511 1180 rudia:
1526 1153 1682 1185 exstiterim,
1692 1157 1776 1179 tanta

982 1201 1076 1235 gratite
1091 1208 1199 1236 parens,
1220 1205 1249 1227 ut
1264 1205 1398 1227 tantorum
1408 1200 1535 1227 bonorum
1549 1199 1608 1235 fons
1629 1199 1776 1226 audierim?

982 1245 1062 1272 Ilaud
1075 1250 1162 1272 tamen
1179 1246 1242 1272 mihi
1257 1246 1327 1281 quod
1348 1249 1421 1272 tuum
1436 1249 1474 1272 est
1488 1253 1596 1280 usurpo.
1611 1244 1671 1271 Non
1693 1252 1772 1279 penes

983 1298 1024 1318 me
1045 1290 1158 1323 occulto,
1174 1290 1286 1318 Domine
1303 1310 1310 1323 ,
1342 1290 1441 1317 donum
1461 1293 1554 1321 tuum;
1572 1288 1617 1316 sed
1636 1288 1680 1315 ubi
1699 1287 1777 1315 abla-

983 1341 1097 1368 ctavero,
1111 1337 1263 1363 sanctuario
1278 1340 1323 1363 tuo
1348 1336 1467 1371 o/fefam,
1497 1340 1523 1362 et
1538 1334 1644 1363 Sanctis
1664 1338 1776 1361 sancto-

983 1390 1044 1410 rum
1059 1391 1153 1410 munus
1165 1382 1320 1410 consecrabo
1336 1381 1368 1410 ¹⁸.
1382 1381 1521 1409 Hactenus
1537 1380 1627 1408 Anna.

1018 1472 1143 1501 Joachim
1165 1479 1230 1500 vero
1246 1476 1274 1500 et
1289 1471 1347 1508 ipse
1362 1479 1424 1500 cum
1439 1470 1606 1499 necessariis
1621 1470 1775 1507 gratulans.

983 1519 1085 1547 festum
1100 1526 1163 1546 cum
1181 1518 1327 1546 tribulibus
1344 1518 1450 1554 agitans
1461 1539 1468 1549 .
1486 1525 1518 1545 ac
1533 1517 1645 1553 quidem
1662 1517 1777 1545 senibus

984 1565 1126 1594 honoratis
1148 1565 1291 1600 magniﬁca
1303 1565 1385 1598 dona,
1418 1564 1607 1592 sacerdotibus
1623 1571 1689 1591 vero
1717 1571 1778 1590 ma-

981 1612 1036 1648 jori
1047 1611 1158 1640 cumulo
1165 1612 1259 1639 debita
1270 1610 1406 1646 stipendia
1418 1610 1544 1646 praebens
1554 1613 1638 1644 atque
1651 1617 1776 1641 munera,

986 1657 1087 1693 gaudio
1100 1657 1241 1685 exsultans
1255 1657 1404 1692 gratiarum
1419 1655 1556 1683 actionem
1572 1653 1778 1682 Salvatorircd-

987 1703 1080 1736 debat,
1102 1702 1350 1731 dicens:Domine
1373 1702 1446 1729 Deus
1471 1708 1560 1732 meus,
1591 1699 1710 1727 laudabo
1734 1703 1776 1732 te;

987 1749 1147 1785 gloriﬂeabo
1162 1756 1263 1776 nomen
1281 1752 1408 1775 sanctum
1430 1751 1525 1779 tuum,
1542 1745 1607 1781 quia
1623 1745 1712 1772 fecisti
1733 1752 1779 1772 res

987 1795 1138 1828 mirabiles,
1154 1795 1300 1823 consilium
1317 1794 1472 1829 antiquum,
1484 1800 1580 1821 verum
1594 1793 1615 1809 "
1627 1801 1634 1825 ;
1648 1796 1673 1820 et
1683 1792 1781 1828 digna-

988 1844 1029 1867 tus
1043 1848 1069 1866 es
1079 1840 1108 1866 in
1121 1839 1192 1866 nobis
1199 1847 1322 1867 ueracem
1336 1839 1472 1866 ostendere
1484 1841 1607 1864 sanctum
1623 1841 1699 1863 tuum
1714 1844 1779 1872 pro-

988 1885 1095 1920 phetam
1109 1884 1229 1916 Isaiam;
1242 1892 1273 1911 ac
1300 1884 1388 1911 videre
1414 1887 1452 1910 est
1463 1882 1589 1915 sterilem,
1599 1889 1658 1918 qua:
1670 1889 1722 1908 non
1731 1890 1780 1916 pa-

989 1931 1034 1963 rit,
1046 1930 1192 1964 lwtantem;
1203 1935 1227 1957 et
1235 1937 1293 1965 quae
1304 1938 1356 1957 non
1368 1930 1495 1965 parturit,
1504 1928 1555 1963 ﬁlii
1565 1937 1649 1956 causa
1658 1927 1780 1956 claman-

990 1981 1043 2004 tem
1059 1985 1091 2004 ac
1106 1976 1282 2003 exsultantem
1296 1976 1330 2004 '°.
1349 1976 1397 2008 Ac,
1413 1975 1547 2010 quodnam
1561 1975 1705 2007 canticum,
1722 1982 1781 2009 qure

991 2022 1061 2054 laus,
1082 2030 1141 2057 quas
1163 2021 1307 2057 magniﬁca
1323 2021 1474 2056 gratiarum
1489 2021 1558 2047 actio
1578 2020 1608 2046 ob
1623 2028 1654 2046 ea
1671 2027 1729 2054 qua:
1752 2020 1781 2046 in

990 2069 1113 2104 presenti
1133 2071 1195 2095 sunt
1207 2068 1219 2094 2³
1231 2067 1326 2095 Nullus
1341 2068 1412 2094 enim
1429 2067 1502 2094 nobis
1516 2071 1553 2094 est
1569 2075 1658 2094 sermo
1673 2070 1721 2093 aut
1737 2066 1781 2092 in-

991 2114 1151 2150 telligentia,
1162 2119 1190 2141 ut
1205 2113 1323 2148 beneﬁcii
1341 2114 1551 2149 magnitudinem
1567 2122 1598 2141 ac
1613 2113 1674 2140 doni
1689 2113 1781 2140 Domi-

991 2161 1044 2188 niei
1058 2160 1242 2196 perfectionem
1258 2159 1408 2187 laudemus.
1423 2159 1483 2186 Non
1500 2159 1570 2186 enim
1581 2167 1612 2186 ex
1624 2163 1723 2186 natura
1735 2166 1781 2185 so-

992 2206 1048 2233 lum
1062 2205 1126 2232 data
1138 2206 1209 2232 nobis
1222 2205 1281 2239 filia
1296 2211 1344 2237 est;
1356 2213 1407 2232 non
1419 2213 1451 2232 ex
1463 2205 1520 2240 ejus
1537 2204 1633 2240 legibus
1644 2203 1783 2240 praeclara:

991 2253 1103 2288 infantis
1116 2253 1253 2285 nativitas;
1271 2252 1316 2279 sed
1334 2251 1416 2278 multo
1435 2252 1519 2286 magis
1534 2259 1566 2278 e1:
1579 2251 1655 2278 verbo
1671 2251 1779 2278 uirtutis

992 2299 1051 2326 Dei.
1065 2298 1233 2333 Quapropter
1245 2298 1325 2324 etiam
1340 2297 1438 2324 donum
1448 2297 1591 2332 perfectum
1605 2302 1642 2324 est
1656 2305 1687 2324 ac
1702 2297 1782 2332 digne

143 2345 233 2372 Θεοῦ.
253 2344 303 2371 Διὸ
318 2343 368 2371 καὶ
393 2344 427 2370 τὸ
455 2343 585 2378 δώρημα,
605 2342 721 2370 τέλειον
748 2343 799 2369 καὶ
828 2343 943 2377 ἀξιέρα-

994 2352 1085 2372 amore
1105 2343 1325 2380 prosequendum,
1342 2352 1396 2379 qua
1415 2344 1517 2371 ratione
1533 2344 1561 2370 in
1579 2352 1625 2370 nos
1645 2344 1784 2370 desursum

143 2399 234 2421 στον,
252 2391 294 2423 ὼς
308 2389 423 2416 ἄνωθεν
438 2390 483 2424 ἐφ’
499 2389 572 2424 ἡμῖν
582 2387 658 2424 ἧκεν
675 2389 710 2415 ἐκ
731 2389 789 2415 σοῦ
812 2389 866 2415 τοῦ
881 2388 941 2416 τῶν

141 2436 255 2471 φώτων
269 2436 397 2469 Πατριῑς,
410 2436 459 2462 καὶ
479 2436 519 2468 ὡς
534 2434 630 2469 ἠρέμα
640 2432 757 2468 δηλοῦν
768 2433 827 2468 τὴν
850 2434 942 2461 ὔστε-

140 2493 198 2518 ρων
206 2483 245 2510 ἐν
255 2482 335 2514 αὐτῷ
343 2481 636 2516 φανερωθησομένην
645 2481 749 2513 δόξαν.
758 2480 794 2507 Ἡ
803 2480 857 2515 γὰρ
866 2480 940 2517 [ἐπὶ]

142 2531 178 2558 τὸ
200 2530 332 2563 ,ϐέλτιον
344 2529 400 2563 τῆς
419 2528 609 2562 ἀνθρωπίνης
622 2527 748 2562 Ιφύσεως
758 2526 943 2562 καινοτομία,

141 2577 240 2612 ἕρψν
251 2575 498 2610 ὁμολογουμένως
522 2572 603 2601 οὖσα
626 2572 680 2606 τῆς
705 2573 938 2608 παντοδυνάμου

140 2623 262 2658 χειρὸς,
276 2623 355 2656 μέγα
371 2630 399 2648 τι
420 2621 470 2648 καὶ
483 2620 597 2656 ἀγαθὸν
615 2617 690 2653 οἷον,
717 2619 752 2646 ἐν
766 2617 811 2652 οῖς
830 2620 944 2655 γίνεται

140 2668 359 2704 προαγορεύει.

180 2716 267 2743 Οὕτω
283 2715 332 2750 μὲν
346 2715 371 2741 oi
397 2714 537 2741 πανόλὸιοι
551 2714 601 2749 τῆς
615 2713 757 2745 θεόπαιδος
770 2713 869 2747 γονεῖς,
899 2711 947 2739 καὶ

142 2763 222 2798 μετὰ
235 2763 366 2796 τοιαύτης
390 2760 475 2796 αὐτὴν
492 2760 611 2791 πίστεως
626 2760 785 2791 ὲκτεκάντες
800 2759 847 2785 καὶ
860 2767 945 2785 σπου-

140 2810 207 2844 δῆς,
239 2807 311 2843 μετὰ
324 2807 445 2840 πλείονος
461 2807 508 2834 καὶ
535 2806 705 2842 ῦερμοτέρας
724 2805 872 2841 ἀνέτρεφον
897 2805 947 2840 τῆς

187 2898 211 2914 ³⁸
224 2898 296 2926 Psal.
312 2895 461 2929 cn‘ur,59.
482 2897 501 2912 ’⁵
528 2896 577 2924 lsa.
598 2902 660 2928 xxv,
675 2895 697 2922 l.
732 2895 752 2910 "’
767 2894 817 2922 Isa.
841 2902 883 2922 ιμ’
908 2894 932 2922 1.

991 2393 1062 2418 venit
1073 2399 1090 2418 a
1105 2394 1140 2424 te,
1155 2389 1238 2417 Patre
1251 2390 1392 2422 luminum,
1408 2394 1488 2426 utque
1496 2391 1594 2417 sensim
1608 2390 1783 2426 manifestan-

991 2438 1053 2466 dam
1071 2440 1160 2473 postea
1179 2437 1207 2464 in
1237 2445 1267 2464 ea
1282 2437 1436 2464 claritatem
1450 2438 1573 2464 ostendit.
1586 2437 1692 2464 Natura
1712 2438 1783 2464 enim

992 2484 1100 2512 meliore
1107 2488 1179 2511 statu
1188 2488 1295 2516 novata,
1306 2492 1364 2519 qua:
1375 2485 1408 2511 sit
1418 2483 1554 2518 explorate
1566 2484 1681 2511 dextera:
1693 2485 1784 2511 omni-

992 2530 1105 2566 potentis
1132 2538 1208 2565 opns,
1220 2537 1347 2564 magnum
1364 2528 1426 2564 quid
1451 2535 1482 2555 ac
1496 2528 1590 2555 eximie
1599 2528 1697 2556 bonum
1712 2536 1783 2564 pra:-

991 2577 1071 2612 sagit,
1079 2577 1107 2604 in
1117 2576 1208 2612 quibus
1223 2577 1336 2603 occurrit
1344 2576 1377 2603 “.

1031 2709 1077 2738 Sic
1096 2711 1208 2746 quidem
1229 2711 1382 2740 beatissimi
1405 2712 1507 2741 divinae
1523 2713 1623 2748 puellae
1645 2714 1784 2743 parentes,

996 2762 1126 2792 tantaque
1138 2757 1190 2785 llde
1202 2761 1230 2785 et
1240 2766 1323 2794 opera
1333 2767 1364 2787 ea
1377 2764 1515 2795 suscepta,
1526 2758 1621 2794 majori
1632 2757 1784 2784 ferventio-

997 2805 1076 2840 rique
1088 2804 1244 2833 educabant
1255 2813 1398 2842 propensa:
1407 2804 1558 2834 voluntatis
1572 2803 1725 2840 diligentia;
1736 2803 1789 2833 (10⁴

990 2894 1010 2910 ²¹
1027 2894 1083 2923 Μελ
1105 2903 1124 2928 t,
1148 2896 1188 2923 I7.
