2072 3160
270 181 306 214 27
521 189 526 193 '
619 206 623 211 .
693 175 697 177 λ
875 175 1021 206 NICETrE
1041 175 1073 206 ΡΑ

1124 175 1302 207 ILAGONIS
1861 173 1897 206 ΞΒ

272 246 324 268 nec
335 237 479 270 trienucm,
488 234 528 263 uti
541 241 571 262 se
578 238 642 262 voto
653 233 870 265 obstrinxerant.
880 233 997 260 hostiam
1008 232 1057 259 do-
1071 259 1073 262 ,

1124 233 1264 269 προθυμίας
1275 241 1282 248 ·
1298 233 1349 264 ἕως,
1364 233 1448 269 αὐτὴν
1457 233 1655 268 τριετίζουσαν,
1668 233 1758 264 καθὼς
1768 232 1896 268 ηὔξαντο,

273 292 394 320 numque
410 283 570 311 obtulerunt
586 282 652 308 Deo.
671 281 727 307 Nos
752 287 818 308 vero
843 279 891 306 Dei
913 278 1061 306 Genitricis

273 331 364 358 natale
377 328 458 357 hedie
472 328 653 357 honoremus.
668 334 699 353 ac
712 334 767 360 pne
779 325 833 353 illis
844 325 946 360 majore
960 323 1061 360 gaudio

272 377 452 407 exsultemus,
474 374 638 410 spiritaliter
662 373 761 399 festum
786 371 957 399 celebrantes
979 375 1061 405 alque

272 423 406 452 laetantes.
421 425 524 456 quanto
538 424 566 447 et
579 419 708 453 majorem
725 425 758 444 ex
771 417 816 444 illa
836 417 982 444 utilitatem
996 424 1062 444 eon-

273 467 435 503 sequimur;
454 470 557 501 quanto
574 471 648 492 nunc
667 464 763 499 magis,
783 462 1008 498 splendidiusque
1029 470 1062 490 ac

272 514 421 550 perfectius
430 513 515 549 gratia
525 519 574 546 per
583 511 631 538 Dei
645 515 784 546 parentem
799 514 926 537 coruscat
943 517 974 536 ac
992 516 1064 544 pne-

275 561 353 588 uitct.
367 559 540 586 Honoremus
548 565 625 588 vero.
637 557 736 585 nedum
750 556 822 591 quod
838 556 942 584 carnali
956 556 1062 583 ratione

273 615 306 634 ex
317 605 404 633 sterili
417 605 560 640 processit,
570 603 618 631 sed
629 604 708 637 longe
721 603 806 638 magis
817 602 889 637 quod
901 609 934 628 ex
945 610 1063 636 superna

274 651 359 687 gratia
369 651 467 685 spiritu
481 655 544 678 nata
564 653 618 680 est.
633 649 727 676 animo
736 647 847 682 quidem
858 647 1064 674 considerantes

275 702 357 733 atque
371 697 504 729 colentes,
522 695 638 723 canticis
654 702 720 722 vero
736 694 897 729 plaudentes
914 698 942 720 et
957 692 1063 728 ningui—

277 742 392 770 ﬁcantes
407 750 439 769 ac
466 741 655 773 dilaudantes;
674 744 809 775 quatenus
825 739 972 774 purissima
988 738 1064 765 omni

275 789 329 816 hoc
351 794 433 816 exuta
458 787 559 815 seculo
575 807 581 816 .
597 785 842 820 supercmleslique
855 784 961 819 Sponso
981 791 1066 818 prope

276 833 405 868 adjuncta
421 840 453 860 ac
469 840 531 859 cum
549 839 582 858 eo
598 832 624 858 iu
644 830 858 858 sacratissimum
877 828 1073 863 iucorruptis-‘

276 879 431 913 simumque
440 878 588 905 thalamum
599 877 730 912 ingressa,
741 876 872 911 regnique
882 875 952 903 solio
961 876 987 902 ci
1000 883 1066 902 con-

1111 279 1196 314 δῶρον
1227 279 1374 313 ἀνάγοντες
1403 279 1633 315 ἐκαρποφόρηραν
1654 278 1693 314 τῷ
1710 278 1779 314 Θεῷ.
1800 279 1897 314 Ἡμεῖς

1111 325 1139 351 δὲ
1159 324 1321 359 τιμήσωμεν
1336 324 1383 359 τῆς
1402 324 1534 350 Θεοτόκου
1560 325 1609 358 τὴν
1624 323 1749 359 γέννησιν
1766 324 1896 358 σήμερον,

1112 371 1159 397 καὶ
1176 371 1275 405 μᾶλλον
1286 371 1396 397 ἐκείνων
1411 370 1615 406 ἀγαλλιώμεθα,
1630 370 1822 405 πνευματικῶς
1839 371 1898 405 ἐορ‹

1112 417 1239 449 τάξοντες
1267 418 1314 444 καί
1331 417 1550 453 εὐφραινόμενοι,
1579 418 1635 452 ὅσῳ
1661 417 1708 443 καὶ
1724 416 1846 447 ’πλείονος
1870 416 1900 448 ἐξ

1113 464 1198 498 αὐτῆς
1212 464 1378 499 μετέσχομεν
1390 463 1439 498 τῆς
1461 463 1606 498 ὠφελείας,
1632 464 1686 498 ὅσῳ
1700 462 1747 489 νῦν
1765 462 1864 498 μᾶλλον
1883 462 1898 494 ἢ

1113 511 1185 543 τότε,
1201 510 1389 546 λαμπρότερόν
1416 518 1445 536 τε
1463 511 1510 536 καὶ
1535 510 1727 546 τελεώτερονή
1753 509 1833 544 χάρις
1856 508 1900 535 διὰ

1113 558 1161 591 τῆς
1177 557 1346 592 Θεομήτορος
1367 555 1586 591 ύπερεκλάμπει.
1613 556 1779 592 Ἰίμήσωμεν
1794 554 1833 586 δὲ,
1863 553 1900 589 μὴ

1117 607 1195 642 μόνον
1222 607 1272 642 τὴν
1298 607 1331 632 ἐκ
1350 606 1400 642 τῆς
1417 606 1526 641 στείρας
1556 605 1626 632 κατὰ
1652 606 1742 641 σάρκα
1770 604 1900 640 πρόοδον,

1115 653 1204 687 πολλῷ
1216 652 1244 679 δὲ
1261 652 1360 687 μᾶλλον
1385 652 1436 686 τὴν
1455 653 1486 678 ἐκ
1510 652 1558 685 τῆς
1587 651 1690 679 ἄνωθεν
1703 651 1814 687 χάριτος
1830 650 1901 676 κατὰ

1116 698 1225 733 πνεῦμα
1239 698 1366 733 γέννησιν
1393 698 1490 732 αὐτῆς.
1506 697 1724 732 ἀναθεωροῦντες
1743 696 1793 731 μὲν
1808 696 1846 731 τῷ
1860 694 1902 721 νοῒ

1115 748 1163 771 καὶ
1180 744 1330 779 σεϐόμενοι,
1349 743 1510 777 κροτοῦντες
1521 743 1548 770 δὲ
1573 744 1629 774 τοῖς
1643 743 1736 777 ’ὕμνοις
1751 743 1798 769 καὶ
1815 750 1901 777 μεγα-

1115 791 1240 822 λύνοντες
1255 791 1302 817 καὶ
1328 790 1502 822 δοξάζοντες·
1520 789 1581 816 καθ’
1597 789 1629 824 ῆν
1652 789 1713 816 ὅλον
1728 789 1744 824 ἡ
1763 788 1901 821 πάναγνος

1117 837 1299 864 ἀπεκδυθεῐσα
1313 836 1358 862 τὸν
1387 836 1434 862 νῦν
1459 836 1554 867 aibat,
1583 836 1630 862 καὶ
1656 835 1695 870 τῷ
1712 833 1900 870 ὑπερουρανιῳ

1117 883 1236 917 Νυμφίῳ
1253 883 1467 918 προσεγγίσασα,
1483 882 1530 908 καὶ
1542 882 1579 912 είς
1595 881 1644 916 τὴν
1663 881 1812 916 ἱερωτάτην
1828 879 1902 913 αὑτῷ

277 925 390 956 sociata,
412 931 463 958 pro
488 927 581 950 nostra
603 922 749 950 intercedit
773 923 876 955 salute,
901 921 1067 957 adjuvatque

1124 928 1242 955 παστάδα
1255 929 1301 954 καὶ
1329 928 1523 962 πανακήρατον
1538 925 1748 953 συνεισελθοῦσα
1763 926 1810 951 καὶ
1833 933 1903 959 συμ-

277 977 339 997 cum
349 969 426 997 Patre
438 974 467 997 et
475 969 542 996 Filio
553 974 581 996 et
592 969 698 1004 Spiritu
709 973 814 1001 saneto,
826 976 900 995 nunc
907 972 934 996 et
945 976 1064 1003 semper,

276 1021 306 1043 et
326 1015 353 1043 in
366 1015 464 1044 swcula
479 1015 651 1043 stnculorunl.
668 1015 766 1042 Amen.

576 1163 705 1191 ORATIO
733 1163 766 1190 11.

322 1220 354 1248 1η
366 1221 555 1248 exultationem
572 1221 727 1248 venerandae
740 1229 772 1247 ac
786 1221 892 1255 viviﬁcw
903 1222 995 1248 crucis.

315 1277 368 1311 Qui
383 1278 458 1306 cruci
477 1279 611 1305 honorem
629 1278 758 1310 habeam,
779 1279 918 1313 explolate
937 1279 1068 1307 cruciﬁxo

281 1323 369 1351 habeo
379 1331 385 1350 :
395 1324 442 1359 qui
455 1331 520 1351 vero
531 1324 662 1351 honorem
674 1324 787 1351 Italicam
803 1325 944 1357 crucifixo,
957 1333 1068 1352 crucetn

282 1370 367 1397 dubio
382 1371 476 1405 procul
491 1370 584 1398 adoro.
602 1370 716 1404 Utrique
727 1370 800 1397 enim
817 1370 948 1402 vicissim,
965 1372 1070 1407 aliique

282 1423 315 1443 ex
325 1416 379 1443 alio
390 1416 475 1452 gloria
493 1421 520 1444 et
529 1416 653 1443 adoratio
665 1415 809 1443 conﬂatur.
826 1416 893 1443 Nam
904 1425 991 1451 neque
1003 1426 1070 1445 crux

282 1464 346 1489 ante
359 1460 460 1488 Christi
472 1461 669 1496 apparitionem
687 1461 801 1496 gloriam
821 1462 937 1489 habebat
952 1463 1070 1498 (quippe

281 1513 345 1533 cum
364 1506 460 1533 mortis
477 1514 620 1541 organum,
639 1511 719 1540 atque
737 1505 762 1532 id
784 1506 903 1538 infamis,
920 1509 1014 1540 esset).
1033 1514 1070 1538 et.

284 1549 370 1580 Iesus.
384 1549 485 1584 inquit,
502 1551 617 1577 nondum
631 1555 687 1576 erat
702 1550 864 1585 gloriﬁcatus
879 1551 913 1583 ",
931 1552 993 1586 quia
1009 1560 1072 1579 nec-

286 1593 351 1621 dum
365 1599 421 1622 tum
435 1603 545 1622 crucem
558 1596 673 1623 adierat.
684 1596 840 1623 Laudemus
851 1597 933 1631 igitur
949 1602 990 1624 ter
1006 1598 1071 1625 bea-
1086 1585 1108 1615 Ο

286 1645 340 1668 tam
359 1641 465 1668 Domini
483 1649 605 1674 crucem,
622 1647 650 1669 et
666 1643 812 1670 adoremus
831 1649 859 1670 et
873 1643 1071 1678 gloriﬁcemus,

286 1690 317 1713 ut
331 1691 359 1714 et
373 1686 456 1714 Deum
471 1687 564 1722 gloriae
578 1687 604 1714 in
621 1696 652 1715 ea
668 1689 771 1722 pariter
786 1688 928 1716 laudemus
943 1697 974 1716 ac
997 1691 1072 1717 exal-

286 1737 385 1760 temus.
397 1733 454 1766 Qua
471 1734 687 1767 \jcrolaudemus
703 1735 829 1762 ratione?
842 1735 900 1762 Non
917 1735 953 1763 ita
971 1741 1000 1763 ut
1015 1744 1075 1763 cra-

286 1779 351 1815 pula
376 1784 404 1807 et
420 1780 603 1807 ebrietatibus
618 1789 839 1815 corrumpamur,
859 1782 906 1808 sed
923 1786 952 1808 ut
968 1782 1074 1817 jejunio

286 1833 320 1852 ac
334 1825 461 1860 precibus
475 1826 629 1853 castitatem
644 1827 783 1853 colamus:
800 1835 853 1854 non
871 1832 900 1854 ut
915 1828 1007 1855 sa’culi
1024 1836 1073 1855 cu-

287 1871 326 1898 ris
338 1879 369 1897 ac
382 1871 469 1898 turbis
479 1871 655 1902 suﬂ'oceuiur,
669 1873 715 1899 sed
742 1877 772 1899 ut
786 1872 894 1899 Domini
906 1881 953 1907 spe
969 1873 1075 1909 ﬁdeque

288 1916 470 1944 illustrcmur.
489 1917 528 1945 Ne
544 1918 665 1944 avaritiae
681 1918 775 1952 reique
794 1918 904 1954 injustis
922 1919 1008 1947 lueris
1024 1928 1074 1947 au-

287 1962 381 1998 gendae
392 1963 483 1990 studio
493 1963 614 1990 animum
629 1963 798 1995 addicamus.
808 1963 857 1991 sed
869 1964 961 1992 divina
978 1973 1010 1993 ac
1028 1974 1076 1994 vc—

288 2008 378 2035 ritatis
402 2008 516 2035 scientia
540 2008 697 2035 diiatemur.
728 2009 843 2036 Prorsus
873 2017 939 2037 vero
969 2010 1075 2038 Christi

287 2061 382 2082 amore
395 2054 427 2081 ad
446 2055 499 2082 alta
513 2054 758 2089 contemplationis
773 2055 903 2088 ducente,
922 2057 1076 2085 sanetiﬁcc-

288 2107 360 2132 mur,
376 2108 429 2127 non
446 2100 587 2135 occupatis
614 2101 744 2135 nequitiae
759 2101 946 2135 opinionibus,
971 2111 1025 2130 non
1041 2103 1079 2130 si-

288 2146 412 2174 multatis
438 2146 665 2182 malignitatibus,
705 2155 759 2174 non
783 2147 918 2182 superbia:
934 2148 1076 2183 iactantia,

289 2199 345 2218 non
359 2191 452 2219 vesani
470 2192 565 2226 gloriae
579 2192 718 2227 appetitus
735 2193 865 2225 vanitate,
881 2201 932 2221 nec
949 2194 1004 2220 ullo
1017 2203 1076 2221 om-

289 2237 355 2264 nino
367 2237 421 2264 alio
428 2237 496 2264 vitio
507 2237 665 2265 interiorem
688 2238 826 2266 hominem
841 2239 1036 2267 labefactentus
1047 2249 1078 2267 ac

289 2291 393 2318 conspu
398 2291 515 2311 rcemus.
986 2313 991 2318 ν

326 2331 387 2359 Non
405 2330 620 2358 scurrilitatibus
634 2335 726 2359 mente
742 2339 900 2366 evagemur,
914 2339 968 2359 non
990 2333 1077 2367 turpi-

292 2377 515 2413 loquioliuguam
532 2377 719 2412 inquinemus,
732 2386 786 2404 non
801 2378 932 2405 conviciis
942 2383 990 2406 aut
1001 2387 1079 2406 meu-

291 2424 378 2452 daciis
396 2424 593 2451 conscientiam
614 2423 766 2457 fmdemus;
787 2432 875 2459 neque
894 2433 960 2452 vero
978 2430 1080 2452 temere

289 2471 445 2506 iuramento
470 2463 679 2503 assuescamus,
706 2478 755 2504 per
777 2470 849 2505 quod
879 2471 906 2497 iu
931 2471 1081 2506 periurium

293 2516 394 2551 (negati
411 2515 516 2543 scilicet
527 2516 575 2543 Dei
591 2515 692 2551 scelus)
709 2516 894 2550 prolabamur.
908 2516 1009 2544 Verum
1025 2516 1083 2543 hme

294 2561 387 2596 impiis
407 2566 436 2588 et
456 2561 607 2588 incredulis
627 2561 755 2595 gentibus
772 2561 978 2596 relinquamus,
999 2561 1053 2596 jam
1068 2568 1084 2588 ιι

292 2614 379 2642 puero
394 2614 484 2641 prava:
500 2605 666 2640 mancipalis
678 2606 884 2639 consuetudini,
899 2613 930 2633 ac
944 2614 1004 2640 qua:
1018 2605 1085 2632 vitia

294 2653 352 2680 haec
372 2657 500 2687 tauquam
516 2652 623 2679 nativos
638 2645 764 2683 affectus,
783 2660 838 2686 prae
854 2652 936 2685 longo
951 2650 1082 2686 temporis

295 2706 357 2729 usu,
374 2702 580 2729 consectentur,
598 2705 630 2724 ac
649 2705 711 2732 qua:
734 2705 769 2724 nc
786 2697 839 2724 hoc
858 2697 970 2731 quidem
993 2696 1082 2731 ipsum

295 2744 466 2779 intelligant,
488 2743 561 2778 quod
587 2743 763 2778 delinquunt.
790 2742 845 2770 Nos
868 2747 958 2769 autem
983 2742 1084 2776 quibus

296 2789 444 2816 crucifixus
466 2794 548 2824 atque
569 2790 628 2824 ejus
648 2796 716 2815 crux
736 2789 866 2816 adoretur
887 2795 920 2815 ac
933 2788 1046 2819 colatur,
1062 2789 1084 2814 si

298 2834 394 2870 utique
411 2843 475 2863 vere
487 2836 601 2863 adorare
615 2835 751 2868 volumus,
767 2834 801 2862 ab
813 2833 886 2862 omni
900 2835 977 2869 prius
994 2833 1086 2868 inqui-

332 2893 356 2909 "
369 2893 446 2922 Joan.
460 2903 508 2926 ru.
522 2895 565 2922 59.

1119 973 1309 1003 ϐασιλεύουσα,
1340 971 1388 1007 τὴν
1415 971 1552 1007 ἡμετέραν
1580 970 1726 1006 πρεσϐεύει
1758 969 1902 1005 σωτηρίαν,

1119 1020 1166 1046 καὶ¹
1194 1019 1318 1052 συνεργεῖ
1346 1017 1385 1053 τῷ
1402 1017 1489 1051 Πατρὶ
1504 1017 1550 1044 καὶ
1566 1017 1604 1052 τῷ
1622 1015 1678 1051 λ’ἱῷ
1706 1015 1754 1042 κοιλ⁸
1778 1016 1817 1050 τῷ
1833 1015 1905 1050 ἁγίῳ

1120 1065 1277 1100 [Ii/edunt.
1303 1064 1352 1091 νῦν
1381 1065 1428 1091 καὶ
1445 1064 1499 1095 ἀεὶ,
1528 1063 1576 1090 καὶ
1602 1063 1641 1095 είς
1656 1063 1718 1094 τοὺς
1735 1061 1836 1094 αἰῶνας
1849 1060 1904 1088 τῶν

1120 1111 1236 1139 αἰώνων.
1259 1111 1356 1146 ’Λμήν.

1435 1165 1544 1193 ΛΟΓΟΣ
1564 1164 1603 1192 B’.

1145 1225 1195 1258 Είς
1211 1223 1330 1259 ὕψωσιν
1343 1222 1398 1250 τοῦ
1412 1222 1510 1257 τιμίου
1526 1221 1575 1249 καὶ
1585 1219 1724 1251 ζωοποιοῦ
1737 1217 1880 1251 σταυροῦ-

1157 1282 1209 1308 Τὸν
1224 1280 1338 1315 σταυρὸν
1361 1279 1462 1315 τιμῶν,
1487 1277 1708 1313 ὁμολογουμένως
1722 1276 1767 1302 τὸν
1781 1281 1906 1308 σταυρω-

1123 1328 1202 1354 θέντα
1219 1327 1307 1363 τιμῶ’
1332 1326 1377 1353 τὸν
1401 1324 1591 1361 σταυρωθέντα
1612 1324 1640 1350 δὲ
1655 1322 1753 1357 τιμῶν,
1779 1320 1908 1355 ἀναντιρ-

1123 1376 1211 1410 Mm;
1225 1373 1370 1410 προσκυνῶ
1384 1372 1429 1399 τὸν
1446 1371 1561 1406 σταυρόν
1571 1380 1579 1386 ·
1594 1369 1627 1397 δι’
1645 1369 1767 1404 ἀλλήλων
1785 1368 1838 1402 γὰρ
1855 1367 1908 1399 ἁμ-

1123 1420 1248 1455 φοτέροις
1273 1420 1289 1455 ἡ
1308 1419 1373 1452 δόξα
1391 1418 1581 1452 συγκροτεῖται
1598 1416 1644 1442 καὶ
1663 1415 1679 1450 ἡ
1709 1412 1905 1449 προσκύνησις,

1124 1466 1192 1493 Οὔτε
1215 1465 1270 1501 γὰρ
1289 1465 1404 1500 σταυρὸς
1427 1463 1479 1498 πρὸ
1499 1463 1548 1496 τῆς
1575 1460 1734 1495 ἐπιφανείας
1750 1458 1904 1490 δεδόξασται

1123 1512 1171 1539 τοῦ
1179 1511 1297 1546 Χριστοῦ
1306 1519 1312 1525 '
1322 1510 1437 1545 ὄργανον
1450 1509 1501 1544 γὰρ
1518 1507 1643 1538 Θανάτου,
1662 1507 1708 1533 καὶ
1723 1505 1832 1541 ἀτίμου,
1841 1503 1906 1530 καθ-

1128 1559 1235 1585 ίστατο·
1260 1558 1324 1588 καὶ,
1357 1556 1388 1584 ‘0
1413 1555 1532 1590 Ἰησοῦς
1561 1554 1697 1585 οὐδέπω,
1725 1552 1818 1587 φησὶν,
1844 1550 1910 1578 ἐδο-

1126 1603 1234 1636 ξάσθη.
1251 1603 1290 1630 ὅτι
1309 1603 1391 1638 μήπω
1405 1600 1439 1638 ἦν
1453 1601 1513 1627 τότε
1538 1599 1576 1635 τῷ
1596 1599 1705 1635 σταυρῷ
1732 1597 1910 1633 προσωμιλη-

1126 1647 1192 1679 κώς.
1217 1646 1419 1681 Ἐπαινέσωμεν
1451 1644 1595 1680 τοιγαροῦν
1624 1643 1670 1670 τὸν
1695 1641 1848 1678 τρισόλϐιον
1863 1638 1910 1666 τοῦ

1125 1692 1227 1727 Κυρίου
1249 1691 1376 1726 σταυρὸν,
1406 1691 1454 1716 καὶ
1481 1689 1713 1724 προσκυνήσωμεν
1731 1687 1778 1714 καὶ
1793 1686 1911 1718 Boiam»

1128 1747 1187 1773 μεν,
1201 1738 1244 1763 ἵνα
1259 1737 1307 1764 καὶ
1335 1735 1381 1762 τὸν
1396 1736 1446 1770 τῆς
1461 1735 1539 1769 δόξης
1565 1734 1630 1760 Θεὸν
1648 1734 1677 1760 ὲν
1692 1732 1766 1768 αὑτῷ
1783 1741 1913 1759 συνεπαι-

1126 1783 1247 1818 νέσωμέν
1256 1792 1286 1808 τε
1301 1782 1348 1809 καὶ
1361 1780 1570 1816 συνυψώσωμεν.
1586 1779 1785 1813 Ἐπαινέσωμεν
1797 1778 1825 1804 δὲ
1836 1777 1912 1809 πῶς;

1127 1829 1172 1864 Μὴ
1201 1829 1365 1864 κρυ-πάλαις
1393 1827 1439 1853 καὶ
1455 1827 1549 1861 μέθαις
1577 1824 1834 1860 καταψθειρόμενοι,
1856 1822 1914 1849 ἀλλ’

1128 1875 1276 1911 ἐγκρατείᾳ
1287 1876 1334 1902 καὶ
1349 1875 1512 1909 προσευχαῖς
1522 1872 1702 1907 ἁγνιζόμενοι.
1712 1870 1756 1905 Μὴ
1769 1870 1915 1906 μερίμναις

1129 1922 1175 1948 καὶ
1191 1921 1304 1956 τύρϐαις
1322 1919 1463 1955 βιωτικαῖς
1485 1917 1715 1952 συμπνιγὸμενοι’
1743 1915 1800 1942 ἁλλ’
1826 1914 1914 1941 ἐλπίδι

1129 1967 1177 1993 καὶ
1191 1967 1280 1992 πίστει
1298 1966 1344 1992 τοῦ
1360 1965 1462 2000 Κυρίου
1476 1964 1654 1999 φηπιζόμενοι
1665 1970 1671 1976 “
1688 1961 1726 1997 μὴ
1735 1961 1783 1996 τὴν
1802 1960 1916 1996 καρδίαν

1130 2013 1169 2043 εὶς
1196 2012 1351 2044 πλεονεξίαν
1377 2010 1531 2045 τιθώμεθα,
1557 2008 1613 2036 ἀλλ’
1642 2009 1681 2039 εἰς
1712 2005 1850 2040 θεολογίαν
1868 2006 1915 2032 καὶ

1130 2058 1333 2093 ἀληθογνωσίαν
1357 2054 1611 2092 ὲμπλατυνώμεθα·
1642 2052 1740 2084 ὁλικῶς
1765 2051 1794 2078 δὲ
1816 2050 1853 2085 τῷ
1868 2050 1916 2076 ἁν-

1129 2104 1230 2138 αγώγῳ
1247 2103 1327 2139 ἔρωτι
1339 2101 1515 2137 ἁγιαζώμεθα
1533 2101 1578 2127 τοῦ
1590 2099 1719 2134 Χριστοῦ,
1734 2097 1771 2134 μὴ
1787 2095 1917 2131 πονηρίας

1130 2149 1293 2184 προλήψεσι,
1320 2149 1358 2184 μὴ
1385 2147 1571 2182 μνησικακίας
1598 2143 1793 2179 κακότησι,μὴ
1815 2143 1918 2176 ὑπερη-

1131 2195 1230 2229 φανίας
1247 2195 1386 2229 αὐχήματι
1400 2212 1406 2224 ,
1422 2193 1459 2227 μὴ
1474 2191 1635 2226 δοξομανίας
1656 2189 1837 2225 ματαιότητι·
1855 2187 1916 2221 μηδ’

1132 2241 1201 2276 ἄλλῃ
1228 2240 1348 2275 μηδεμιᾷ
1362 2238 1456 2274 κακία,
1474 2237 1590 2269 συνόλως
1603 2237 1702 2269 εἰπεῖν,
1726 2235 1772 2262 τὸν
1784 2234 1858 2265 ὲντὸς
1869 2233 1916 2260 ἇν-

1131 2286 1238 2322 θρωπον
1253 2285 1449 2320 ἀχρειώτωμεν
1462 2284 1478 2319 ἢ
1491 2284 1646 2319 χράνωμεν.

1165 2332 1212 2368 Μὴ
1240 2331 1431 2366 εὐτραπελίαις
1459 2327 1695 2365 μετεωριζώμεθα,
1717 2326 1754 2362 μὴ
1780 2324 1920 2361 αἰσχρολο-

1131 2378 1204 2413 γίαις
1222 2377 1272 2412 τὴν
1285 2377 1411 2411 γλῶσσαν
1427 2374 1730 2411 καταρρυπαινώμεθα·
1751 2373 1820 2408 μηδὲ
1836 2372 1919 2398 λοιδο-

1135 2424 1206 2459 ρίαις
1223 2422 1363 2458 ἥψεύδεσι
1382 2421 1412 2448 τὸ
1432 2421 1548 2451 συνειδὸς
1568 2419 1756 2456 μιαινώμεθα⁶
1784 2418 1847 2453 μήτ’
1873 2417 1919 2443 οὗν

1131 2469 1245 2504 ὄρκωμα
1263 2467 1351 2502 μάτην
1368 2466 1585 2501 κατεθιζώμεθα,
1615 2465 1647 2492 δι’
1672 2462 1702 2492 οὗ
1736 2464 1804 2500 πρὸς
1827 2465 1920 2498 ἐπιορ-

1132 2513 1204 2545 κίαν,
1235 2513 1284 2539 εἴτ’
1302 2512 1349 2539 οὖν
1373 2512 1487 2547 ἄρνησιν
1504 2511 1582 2542 Θεοῦ,
1600 2509 1824 2544 καταπίπτομεν·
1850 2509 1919 2535 ἅλλα

1132 2559 1218 2586 ταῦτα
1236 2559 1284 2593 μὲν
1309 2558 1412 2585 ἔθνεσιν
1428 2557 1538 2585 ἀσεϐέσι
1554 2557 1602 2583 καὶ
1628 2557 1754 2588 ἀπίστοις
1775 2555 1919 2589 παρῶμεν,

1134 2604 1244 2640 πονηρῷ
1253 2604 1380 2638 νηπιόθεν
1392 2603 1599 2638 δεδουλωμένοις
1613 2602 1668 2628 ἔθει
1678 2610 1684 2617 ·
1699 2603 1744 2628 καί
1755 2601 1791 2632 ὡς
1807 2600 1920 2635 φυσικὰ,

1133 2651 1219 2678 ταῦτα
1238 2650 1360 2686 μετιοῦσι
1380 2650 1415 2676 τὰ
1430 2650 1503 2683 πάθη
1526 2648 1570 2674 διὰ
1595 2649 1644 2683 τὴν
1666 2647 1711 2674 τοῦ
1735 2647 1831 2682 χρόνον
1858 2655 1921 2673 συν-

1134 2698 1245 2732 ήθειαν·
1259 2697 1306 2723 καὶ
1323 2696 1376 2722 οὐδ’
1394 2696 1459 2722 αὐτὸ
1479 2695 1558 2721 τοῦτο
1574 2695 1682 2727 εἰδόσιν,
1695 2694 1732 2725 ὡς
1747 2692 1921 2728 ἁμαρτάνου-

1136 2751 1188 2769 σιν.
1211 2742 1306 2777 Ίίμεῐς
1331 2742 1360 2768 δὲ
1376 2738 1418 2772 οἷς
1441 2742 1455 2767 ό
1484 2740 1692 2775 ἐσταυρωμένος
1719 2740 1766 2766 καὶ
1785 2740 1798 2765 ὁ
1827 2738 1921 2765 τούτου

1137 2787 1252 2822 σταυρός
1263 2787 1319 2813 ἐστι
1342 2786 1373 2812 τὸ
1385 2785 1621 2821 προσκυνούμενον
1644 2784 1692 2811 καὶ
1714 2784 1869 2818 σεὸόμενον,
1897 2784 1923 2809 εί

1136 2833 1244 2867 ἀληθῶς
1259 2832 1313 2867 ἄρα
1325 2832 1487 2868 προσκυνεῖν
1501 2831 1651 2864 ἐθέλοιμεν,
1666 2830 1766 2861 παντὸς
1784 2828 1922 2864 μολυσμοῦ
