2072 3160
134 199 182 238 29.

539 206 680 237 ORATIO
699 207 740 238 ΙΙ.
757 219 791 225 -η
808 207 850 237 ΙΝ
868 207 1164 238 EXALTATIONEM
1183 208 1212 238 S.
1230 208 1376 239 CRUCIS.

1737 204 1774 238 30

140 264 245 301 σαρκὸς
269 264 316 291 καὶ
331 263 487 299 πνεύματος
507 266 641 301 πρότερον
657 266 771 297 ἑαυτοὺς
788 265 833 293 διὰ
848 275 928 293 πνευ-

984 272 1112 295 namcnto
1131 267 1224 295 carnis
1234 272 1262 294 et
1281 267 1397 303 spiritus
1413 274 1464 302 per
1479 266 1632 302 spiritalem
1646 265 1773 294 dilectio-

139 308 260 344 ματυᾱις
271 308 380 344 ἀγάπης
397 309 631 345 ἐκκαοηράμενοι,
660 310 707 336 καὶ
721 311 782 337 ὅλον
798 310 844 338 τὸν
859 311 927 345 Χρι-

138 355 204 381 στὸν
216 355 260 382 διὰ
274 355 366 390 πάσης
390 355 585 387 είσοικίσαντες
609 355 723 392 ἀρετῆς.
740 356 825 388 οὕτως
849 356 930 383 πνεύ-

138 409 207 433 ματι
229 401 428 435 προαννῶμεν
442 401 489 427 καὶ
510 401 634 437 ἀληθείᾳ.
654 401 775 436 Πνεῦμα
794 402 860 437 γὰρ,
877 411 930 438 φη·

138 448 193 480 σὶν,
211 449 229 475 ό
246 448 330 481 Θεὸς.
348 448 398 474 καὶ
416 447 489 479 τοὺς
509 449 761 481 προσκυνοῦντας
782 449 877 476 αὑτὸν
895 449 931 475 ὲν

137 494 287 528 πνεύματι
303 493 353 520 καὶ
364 493 490 527 ἀληθείᾳ
506 494 553 520 δεῖ
559 495 755 528 προσκυνεῖν.
766 495 821 521 Καὶ
835 494 930 531 ὥσπερ

136 540 152 566 ὁ
169 539 410 575 προσκυνούμενος
425 540 542 575 σταυρὸς
558 541 614 575 ἔχει
631 542 681 576 μέν
705 550 730 567 τι
748 541 794 567 καὶ
811 549 931 576 σωματι-

137 586 198 618 κὸν,
220 586 269 622 τὴν
294 587 349 613 ἀπὸ
363 587 414 622 τῆς
441 587 493 621 γῆς
518 587 618 623 δηλαδή
634 587 844 623 λαμϐανομένην
865 588 931 624 ὕλην

137 631 209 665 πρὸς
223 631 306 658 αὑτοῦ
330 633 505 668 κατασκευήν
517 640 524 648 ·
543 634 619 660 πᾶσα
638 633 667 660 δὲ
682 634 698 668 ἡ
713 634 774 666 δόξα
788 635 833 660 καὶ
850 635 866 669 ἠ
883 643 931 670 με-

136 678 328 713 γαλοπρέπεια
348 679 400 713 τῆς
416 678 498 706 αὐτοῦ
526 679 668 713 δυνάμεως
698 679 799 706 ἔσωθεν
814 680 867 707 ἀπὺ
882 680 930 707 τοῦ

137 723 300 759 Πνεύματος
323 724 530 760 ἑπιχορηγεῖται
554 725 602 751 τοῦ
618 726 827 761 ἐσταυρωμένον
837 733 843 740 ·
859 725 931 752 οὕτω

136 771 193 806 χρὴ
207 769 254 796 καὶ
271 770 346 805 ἡμᾶς
371 770 464 804 διττὴν
489 769 564 805 αὐτῷ
576 771 626 806 τὴν
654 770 840 806 προσκύνησιν
864 771 932 798 ἀπο-

137 817 243 852 νέμειν,
259 817 307 844 καὶ
328 817 377 851 τὴν
395 817 494 851 τιμήν·
513 817 728 852 προηγουμένως
745 817 795 852 μὲν
807 837 814 850 ,
835 817 884 853 τὴν
903 818 932 844 ἐν

137 861 276 896 πνεύματι
299 862 369 889 κατὰ
395 861 522 898 δεύτερον
542 862 572 888 δὲ
596 862 686 896 λόγον,
702 861 749 888 καὶ
763 861 813 897 τὴν
837 869 931 896 σωμα-

137 909 231 942 τικήν.

180 953 340 987 Ἀποδῶμεν
353 952 499 989 τοιγαροῦν
516 953 546 980 τὸ
557 953 609 988 τῆς
626 953 838 989 προσκυνήσεως
850 952 930 988 χρέος

134 1000 176 1035 τῷ
192 1000 303 1036 σταυρῷ
317 1000 364 1027 τοῦ
381 999 512 1036 Χριστοῦ.
527 999 689 1035 Κάμψωμεν
703 1000 778 1035 αὐτῷ
789 1000 853 1034 γόνυ
883 998 931 1026 τοῦ

137 1046 284 1081 σώματος’
317 1046 472 1081 κάμψωμεν
500 1046 568 1073 πολὺ
593 1046 726 1081 πρότερον
749 1046 795 1072 τὸν
813 1045 931 1080 ἀκαμπῆ

135 1093 186 1128 τῆς
207 1093 325 1127 καρδίας
343 1093 458 1128 αὐχένα,
474 1092 520 1119 τὸν
537 1092 575 1128 μὴ
598 1092 747 1128 δυνάμενον
761 1092 932 1126 ὑποταγῆναι

135 1139 175 1174 τῷ
189 1140 267 1175 νόμῳ
285 1138 333 1166 τοῦ
360 1139 428 1165 Θεοῦ
440 1147 447 1154 ·
475 1139 521 1166 τὸν
538 1139 640 1174 αὐθάδη
657 1139 730 1173 λέγω
746 1139 794 1165 καὶ
811 1137 930 1171 ἀλαζόνα

135 1185 187 1220 τῆς
200 1184 346 1220 φιλαυτίας
358 1183 499 1218 λογισμόν.
523 1184 624 1210 Τοῦτον
639 1183 774 1219 κλίνωμεν
787 1184 930 1219 πρότερον,

135 1230 186 1257 καὶ
198 1229 428 1264 κατακάμψωμεν
444 1228 482 1264 τῷ
498 1228 617 1263 σταυρῷ,
644 1228 690 1255 τὸν
706 1228 788 1262 ζυγὸν
802 1228 932 1263 εὐμαρῶς

138 1276 335 1311 ὑποδεχόμενοι
359 1275 409 1310 τῆς
433 1275 572 1309 ὑποταγῆς
592 1274 639 1301 τοῦ
657 1274 776 1310 Χριστοῦ
789 1282 796 1290 ·
820 1274 868 1300 καὶ
883 1273 931 1301 οῦ-

141 1331 197 1354 sta;
210 1323 273 1357 ἡμῖν
298 1322 347 1348 καὶ
364 1321 419 1348 τῶν
433 1321 552 1355 γονάτων
577 1322 593 1356 ἡ
612 1321 699 1352 κλίσις
719 1320 813 1354 δεκτή.
837 1319 932 1351 Οὕτως

145 1369 375 1404 προσκυνήσωμεν
399 1369 446 1394 καὶ
462 1367 671 1403 προσπέσωμεν,
696 1367 734 1398 ὡς
749 1366 824 1402 αὐτῷ
846 1374 932 1402 προσ-

149 1415 290 1446 πίπτοντες
313 1414 353 1450 τῷ
383 1413 585 1449 ὲσταυρωμένῳ
609 1413 681 1448 ὑπὲρ
705 1412 800 1447 ἡμῶν·
829 1411 876 1438 καὶ
888 1411 932 1438 δο-

138 1461 269 1497 ξάσωμεν
291 1462 354 1493 ταῖς
380 1460 528 1492 αίνὲσεσιν,
555 1459 604 1486 καὶ
620 1460 677 1491 τοῖς
704 1458 800 1494 ὕμνοις
818 1457 933 1493 ὑψώσω-

137 1516 201 1544 μεν.

182 1553 370 1588 Ὑψώσωμεν
384 1552 478 1580 αὑτὸν
500 1553 535 1579 ἐν
554 1552 617 1585 τοῖς
642 1552 764 1579 ἔθνεσιν
778 1560 784 1567 ·
806 1551 932 1586 ὑψώσω-

134 1608 195 1635 μετ’
210 1599 307 1626 αὑτὸν
328 1599 363 1625 ἐν
377 1598 414 1633 τῇ
437 1598 486 1633 τῇ.
504 1598 613 1625 Μᾶλλον
627 1597 656 1624 δὲ
671 1597 731 1624 καθ’
750 1597 869 1632 ἑκάστην
881 1597 931 1623 αὑ-

137 1625 180 1635 την
847 1625 853 1632 .

137 1649 184 1674 τὴν
210 1646 344 1682 ὑψοῦντες
374 1645 422 1672 καὶ
448 1645 667 1679 προσκυνοῦντες
697 1645 733 1679 μὴ
748 1625 966 1679 παυσώμεθα,ο

139 1693 222 1728 ἄχρις
235 1692 269 1719 ἂν
282 1691 328 1718 ὑπ’
341 1691 423 1719 αὑτοῦ
436 1690 639 1726 κυϐερνώμενοι
654 1691 701 1717 καὶ
714 1690 932 1726 ποιμαινόμενοι,

137 1739 187 1766 τον
204 1737 324 1773 πονηρὸν
335 1737 431 1764 τοῦτον
441 1736 526 1763 αίῶνα
543 1736 592 1763 καὶ
607 1737 657 1768 τὰς
675 1735 758 1763 αὑτοῦ
773 1736 934 1772 δυσχερείας

137 1784 271 1820 διαϐῆναι
285 1783 453 1818 δυνηθῶμεν.
467 1783 573 1817 Ὠσπερ
589 1782 644 1817 γὰρ
667 1782 717 1809 οὐκ
731 1783 771 1809 ἔνι
787 1782 870 1817 χωρὶς
886 1781 933 1808 τοῦ

138 1830 258 1867 ἡλιακοῦ
275 1829 353 1856 τοῦδε
377 1830 463 1864 φωτῖς
476 1828 571 1864 βιωτὸν
585 1828 710 1862 γενέσθαι
726 1828 772 1854 τὸν
788 1827 844 1862 βίον
857 1828 933 1862 ἡμῖν,

138 1877 231 1908 οὕτως
247 1876 310 1902 οὐδὲ
328 1875 417 1910 ψυχὴν
430 1875 575 1911 ἀνθρώπου
597 1874 710 1901 δυνατὸν
724 1874 788 1902 ἄνευ
802 1874 856 1900 τῶν
877 1881 935 1899 νοε-

140 1923 199 1958 ρῶν
215 1923 443 1956 ἀπαυγασματων
456 1919 575 1955 σταυροῦ
591 1920 639 1947 τοῦ
656 1919 776 1955 Χριστοῦ
789 1919 932 1946 διαὸιῶναι

139 1969 217 1996 κατὰ
231 1969 361 2003 Χριστόν.
389 1967 444 1994 Καὶ
463 1966 557 2002 ὥσπερ
579 1966 717 2001 ἀναγκαία
739 1967 795 1997 τοῖς
816 1965 898 1998 ζῶσιν
917 1965 934 2000 ὴ

134 2015 190 2042 ’τοῦ
201 2014 283 2050 ἀέρος
297 2013 429 2048 ἀναπνοὴ,
446 2012 534 2044 οὕτως
549 2012 723 2048 Χριστιανοῖς
746 2012 936 2047 ἀπαραίτητος

138 2064 158 2097 ὴ
176 2061 330 2097 σημείωσις
345 2059 394 2087 τοῦ
410 2060 539 2095 σταυροῦ.

943 943 968 973 Β

178 2119 303 2155 Σταυρδς
323 2119 354 2146 τὺ
371 2117 483 2154 σημεῖόν
499 2117 557 2143 ὲστι
572 2116 620 2143 τοῦ
634 2115 700 2143 Υἱοῦ
713 2114 760 2142 τοῦ
775 2114 859 2148 Θεοῦ,
873 2115 936 2148 δόξα

136 2165 281 2201 Χριστοῦ.
303 2164 406 2199 ὖψωσις
429 2162 538 2199 Ἰησοῦ,
557 2162 698 2197 σκῆπτρον
723 2163 773 2197 τῆς
797 2161 936 2196 βασιλείας

137 2211 196 2238 τῶν
223 2210 358 2246 οὐρανῶν,
390 2209 528 2244 βακτηρία
556 2208 637 2239 Θεοῦ,
659 2208 755 2243 ῥάϐδος
773 2207 934 2243 εὐθύτητος,

141 2258 243 2294 ῥάϐδος
259 2257 402 2292 δυνάμεως
416 2275 424 2286 .
445 2255 541 2291 ῥάϐδος
559 2255 592 2290 ἥν
619 2255 692 2289 μάλα
719 2254 813 2288 σαφῶς
839 2254 855 2289 ἡ
871 2255 935 2280 Μω-

139 2303 226 2337 enixi]
241 2302 334 2335 ἐκείνη
349 2301 519 2336 προεικόνισε
540 2299 647 2335 ῥάΰδος.
669 2299 726 2326 Οὐκ
743 2299 776 2325 ἂν
791 2299 805 2325 ὁ
825 2298 934 2335 Ἰσραὴλ
950 2297 972 2325 ι)

139 2351 248 2380 ἐκεῖνος
259 2348 306 2375 τοῦ
323 2357 353 2374 τε
377 2346 474 2382 Φαραὼ
493 2346 542 2373 καὶ
563 2346 617 2372 τῶν
639 2345 796 2378 Αἰγυπτίων
810 2345 870 2371 τότε
886 2346 936 2380 τῆς

139 2396 246 2430 πικρᾶς
262 2395 371 2428 ἐκείνης
393 2392 554 2428 δουλοσύνης
576 2392 624 2419 καὶ
636 2391 823 2427 ταλαιπωρίας
849 2391 937 2425 ἀπήλ-

139 2442 245 2468 λακτου
270 2440 322 2466 οὐκ
338 2439 370 2465 διν
383 2439 432 2474 τὴν
448 2438 586 2465 θάλασσαν
601 2438 785 2463 ἀνακοπεῖσαν
801 2437 885 2471 αὐτῷ,
899 2436 936 2468 ὡς

139 2489 184 2516 διὰ
199 2487 354 2523 χλοηφόρου
369 2486 485 2513 διέϐαινε
499 2485 603 2517 πεδίου,
618 2486 642 2511 εί
657 2485 693 2520 μὴ
708 2486 723 2520 ή
738 2484 834 2519 ῥάϐδος
844 2484 937 2519 ἐκείνη

140 2535 170 2560 ἐν
183 2532 260 2568 χειρὶ
273 2531 381 2565 Μωῦσῆ
397 2531 432 2557 τὰ
447 2532 566 2566 στοιχεῖα
582 2528 795 2565 μετεσκεύασεν,
813 2530 858 2556 καὶ
871 2531 935 2561 τοὺς

140 2578 306 2609 ἀδικοῦντας
325 2577 477 2604 ἀπώλεσεν.
497 2578 551 2604 Καὶ
563 2577 614 2603 οὐκ
631 2576 664 2602 ἂν
677 2577 760 2610 ἡμεῖς
773 2576 820 2602 τοῦ
835 2576 933 2612 νοητοῦ

139 2624 254 2660 Φαραὼ,
281 2623 329 2651 καὶ
344 2623 399 2650 τῶν
413 2623 458 2650 ὑπ’
471 2623 546 2658 αὐτῷ
572 2623 821 2658 στρατηγουμένων
837 2622 934 2658 δαιμό-

140 2680 195 2698 νων
210 2670 262 2705 τῆς
275 2670 432 2705 τυραννίδος
457 2669 658 2704 ἀπηλλάγμεθα
671 2676 677 2682 ·
694 2669 748 2695 οὐδ’
768 2668 812 2702 ἂν,
827 2669 877 2705 τῆς
894 2670 934 2696 εἰ·

139 2715 343 2750 δωλολατρείας
363 2715 401 2747 ὼς
423 2715 586 2751 Ἐρυθραίας
606 2716 673 2751 ἡμῖν
701 2716 841 2750 ῥαγείσης,
868 2715 936 2750 πρὸς

140 2763 192 2798 τὴν
204 2761 262 2788 τῶν
281 2762 407 2796 πατέρων
422 2762 616 2797 κληρονομίαν,
643 2762 702 2797 ἦτοι
721 2762 771 2796 τὴν
796 2761 844 2788 τοῦ
867 2761 935 2788 Θεοῦ

142 2809 239 2835 πίστιν
258 2807 305 2834 καὶ
326 2808 455 2844 ἀλήθειαν
483 2808 623 2843 διέϐημεν,
641 2809 665 2834 εί
682 2807 719 2843 μὴ
736 2809 750 2835 ὁ
768 2807 815 2834 τοῦ
832 2807 934 2843 Κυρίου

179 2899 203 2914 ’³
217 2898 297 2926 Joan.
315 2906 351 2931 tv,
364 2897 409 2925 2t.
447 2898 470 2914 "
482 2897 554 2925 Psal.
579 2905 637 2929 ην,
654 2897 696 2925 ll.

146 2943 175 2964 ΙΙΙ
188 2939 243 2962 (τις.

747 2897 769 2913 ’⁸
785 2898 880 2926 Matth.
910 2904 983 2930 xxw,

981 322 1044 341 nem
1058 314 1191 344 mandati.
1201 322 1234 341 ac
1244 314 1290 349 qui
1304 319 1391 341 totum
1400 313 1550 346 Christum;
1563 313 1654 340 omnis
1664 311 1774 340 virtutis

982 361 1057 386 cultu
1068 380 1075 390 ,
1098 359 1199 386 mentis
1215 359 1335 394 hospitio
1350 358 1557 393 exceperimus,
1575 358 1614 385 sic
1630 357 1727 392 spiritu
1741 364 1774 383 ac

982 406 1096 433 veritate
1113 406 1271 432 adoremus.
1291 405 1405 439 Spiritus
1420 405 1505 435 enim,
1527 404 1626 438 inquit.
1641 407 1679 429 est
1692 402 1771 433 Deus,

982 456 1007 478 et
1021 460 1063 478 res
1078 452 1123 487 qui
1138 452 1252 478 adorant
1273 460 1343 482 eum,
1359 452 1385 478 in
1403 451 1498 486 spiritu
1510 455 1533 477 et
1549 451 1660 477 veritate
1672 453 1773 484 oportet

983 499 1097 525 adorare
1108 499 1140 525 ".
1167 499 1206 526 Ac
1222 499 1293 525 sicut
1308 506 1385 528 crux,
1404 506 1465 532 quae
1480 497 1620 525 adoratur.
1635 497 1693 531 ipsa
1706 503 1774 530 quo-

982 553 1037 580 que
1051 552 1216 580 corporeum
1229 545 1295 579 quid
1315 544 1396 571 habet
1417 548 1567 577 (terrenam
1585 543 1690 569 scilicet
1706 541 1773 568 sub-

982 591 1123 622 stantiam,
1139 598 1200 625 qua:
1215 590 1248 617 ad
1261 590 1391 617 fabricam
1401 589 1474 616 illius
1488 588 1660 621 assumitur),
1678 587 1770 614 omnis

984 645 1051 664 vero
1065 637 1175 664 claritas
1189 641 1217 664 et
1229 636 1431 672 magniﬁcentia
1444 636 1555 663 virtutis
1570 635 1640 670 ejus,
1657 635 1773 661 interius

982 691 997 710 a
1009 682 1138 710 Cruciﬂxi
1158 682 1261 718 Spiritu
1273 682 1514 714 subministratur;
1533 681 1573 708 sic
1600 689 1651 708 nos
1663 687 1773 714 quoque

984 729 1121 763 duplicem
1135 729 1160 756 ei
1177 728 1366 756 adorationem
1385 736 1416 755 ac
1430 728 1563 754 honorem
1584 726 1775 761 impendamus

984 781 1098 800 necesse
1118 777 1178 805 est;
1203 773 1292 807 primo
1315 772 1444 807 quidem,
1463 771 1650 799 adorationem
1669 778 1729 804 qum.
1747 769 1776 796 in

983 818 1082 854 spiritu
1103 823 1161 849 est,
1182 818 1363 853 consequenti
1384 824 1449 845 vero
1465 817 1587 848 ratione,
1602 816 1685 844 etiam
1701 823 1774 847 eam,

984 870 1046 898 qua:
1065 871 1181 898 corpore
1197 866 1343 898 pnestatur

1019 950 1177 979 Reddamus
1201 950 1285 985 igitur
1298 949 1375 977 cruci
1393 949 1497 978 Christi
1514 949 1683 977 adorationis
1696 949 1776 977 debi-

984 1003 1053 1024 tum.
1068 996 1148 1024 Genu
1161 995 1187 1023 ei
1207 995 1334 1031 corporis
1349 995 1503 1028 ﬂectamus,
1521 995 1601 1031 longe
1618 1002 1685 1023 vero
1698 995 1777 1030 prius

983 1044 1111 1071 inﬂexam
1136 1042 1230 1070 cordis
1255 1043 1407 1075 cervicem,
1436 1042 1490 1078 legi
1514 1042 1563 1070 Dei
1598 1041 1698 1077 subjici
1720 1049 1776 1069 non

981 1090 1118 1117 valentem
1139 1088 1316 1124 (protervum
1341 1088 1449 1116 scilicet
1468 1092 1497 1116 et
1516 1091 1690 1123 arrogantem
1711 1087 1775 1115 ca-ci

983 1136 1085 1164 amoris
1100 1143 1133 1163 ac
1152 1135 1275 1162 libidinis
1291 1139 1413 1165 sensum)
1429 1134 1582 1162 ﬂectamus.
1603 1132 1682 1160 Hune
1698 1133 1777 1167 prius

981 1183 1057 1211 cruci
1075 1183 1241 1210 inclinentus
1268 1189 1300 1209 ac
1319 1181 1511 1213 incurvemus,
1531 1180 1579 1216 qui
1595 1180 1689 1215 jugum
1709 1179 1777 1206 sub-

980 1230 1112 1266 iectionis
1121 1229 1223 1257 Christi
1236 1228 1343 1264 placide
1355 1227 1555 1263 suscipiamus:
1568 1227 1663 1261 sicque
1676 1226 1732 1258 ﬂet,
1747 1231 1777 1254 ut

982 1276 1057 1311 quod
1076 1275 1161 1302 etiam
1184 1282 1272 1310 genua
1294 1274 1448 1305 ﬂectimus,
1469 1278 1612 1308 acceptum
1632 1272 1774 1300 reddatur.

982 1322 1029 1350 Sic
1040 1322 1227 1349 adoremusac
1240 1320 1426 1355 procidamus,
1441 1320 1516 1347 velut
1525 1319 1562 1351 ei,
1575 1319 1622 1354 qui
1636 1326 1685 1353 pro
1696 1317 1778 1345 nobis

982 1367 1060 1395 cruci
1076 1366 1174 1394 aﬂixus
1185 1371 1237 1399 est,
1255 1365 1489 1401 procumbamus;
1504 1365 1687 1400 laudibusque
1702 1364 1777 1392 cele-

983 1412 1097 1440 bremus
1107 1419 1140 1439 ac
1154 1411 1270 1439 canticis
1285 1411 1448 1439 exaltemus.

1017 1551 1173 1580 Exattcmus
1197 1559 1256 1578 eam
1278 1552 1306 1578 in
1332 1551 1450 1587 gentibus
1470 1550 1644 1578 :exaltemus
1669 1557 1729 1577 eam
1748 1550 1777 1577 in

984 1599 1096 1625 terra".
1111 1598 1241 1631 Quinimo
1252 1606 1311 1626 eam
1326 1597 1449 1633 quotidie
1461 1597 1597 1624 exaltandi
1607 1596 1776 1624 etadorandi

983 1646 1091 1674 nullum
1109 1646 1190 1673 tinem
1204 1646 1347 1678 faciamus,
1362 1645 1542 1680 quoadusque
1555 1652 1587 1672 ea
1605 1644 1776 1679 gubernante

984 1698 1066 1728 atque
1087 1697 1200 1728 regente
1213 1692 1343 1720 smculum
1358 1692 1411 1719 hoc
1427 1699 1545 1726 nequam
1560 1692 1676 1726 ejusque
1691 1690 1778 1718 mole-

984 1739 1051 1766 stias
1064 1739 1298 1774 superaverimus.
1314 1737 1551 1771 Quemadmodum
1565 1737 1639 1764 enim
1654 1735 1711 1763 ﬁeri
1722 1743 1778 1763 non

984 1790 1076 1820 potest
1087 1789 1118 1812 ut
1128 1785 1233 1820 absque
1245 1784 1329 1812 solari
1341 1784 1393 1811 hac
1403 1784 1465 1810 luce
1475 1783 1530 1810 vita
1543 1782 1624 1809 nobis
1637 1781 1778 1809 toleranda

984 1831 1036 1865 sit,
1059 1831 1099 1860 sic
1114 1839 1204 1866 neque
1222 1830 1342 1858 hominis
1359 1830 1467 1857 animus
1479 1829 1587 1863 absque
1607 1827 1779 1862 spiritalibus

985 1883 1161 1913 mentemque
1179 1876 1377 1904 irradiautibus
1392 1875 1483 1903 crucis
1499 1874 1602 1902 Christi
1621 1873 1779 1909 splendori-

985 1923 1037 1950 bus
1050 1923 1205 1952 Christiana
1230 1922 1330 1957 pietate
1349 1921 1457 1948 vixerit.
1475 1920 1513 1947 Ac
1529 1919 1602 1947 sicut
1615 1919 1678 1946 vita:
1695 1926 1778 1946 usura

984 1969 1140 1997 fruentibus
1154 1968 1310 1996 necessaria
1326 1967 1398 1995 aeris
1412 1966 1542 2002 spiratio,
1557 1966 1598 1994 sic
1614 1964 1780 1993 Christianis

986 2015 1155 2044 inevitabilis
1166 2014 1258 2043 crucis
1273 2013 1446 2049 consignatio
1462 2017 1514 2040 est.
1650 2005 1654 2010 ’

1022 2117 1096 2145 Crux
1115 2116 1222 2152 signum
1246 2121 1288 2144 est
1306 2115 1367 2144 Filii
1387 2115 1452 2147 Dei,
1471 2113 1572 2142 Christi
1591 2113 1696 2149 gloria,
1714 2111 1779 2140 Iesu

986 2163 1132 2195 cxaltatio,
1158 2168 1296 2197 sceptrum
1320 2162 1398 2198 regni
1422 2162 1566 2193 cmlorum,
1585 2159 1633 2187 Dci
1655 2158 1778 2190 baculus,

986 2211 1062 2246 virga
1092 2209 1275 2241 directionis,
1303 2209 1377 2243 virga
1405 2208 1541 2236 virtutis:
1574 2206 1669 2241 virga.
1697 2212 1779 2240 quam

986 2257 1104 2284 Mosaica
1127 2256 1173 2283 illa
1189 2256 1262 2283 clare
1283 2255 1429 2283 admodum
1449 2252 1634 2289 praeﬁguravit
1650 2252 1683 2278 ".
1702 2251 1780 2278 Nun-

986 2312 1067 2339 quam
1083 2302 1249 2330 lsraeliticus
1265 2303 1310 2330 ille
1327 2301 1444 2337 populus
1458 2309 1550 2328 amara
1568 2305 1633 2328 tunc
1648 2299 1692 2326 illa
1707 2298 1780 2326 Pha-

987 2348 1081 2375 raonis
1105 2347 1350 2382 [Egyptiorumquc
1379 2346 1511 2374 servitute
1540 2350 1622 2380 atque
1651 2351 1777 2370 aerumna

986 2395 1121 2422 liberatus
1143 2399 1233 2426 esset;
1263 2400 1404 2427 nunquam
1432 2392 1593 2419 intercisum
1626 2391 1664 2418 illi
1693 2397 1778 2421 mare,

986 2439 1063 2467 velut
1077 2439 1179 2466 vircnli
1197 2439 1256 2466 solo
1276 2437 1441 2470 incedendo,
1460 2437 1619 2469 transisset,
1635 2435 1688 2463 nisi
1704 2435 1781 2470 virga

987 2486 1032 2513 illa
1051 2485 1078 2513 in
1091 2494 1174 2512 mauu
1187 2485 1269 2512 Mosis
1285 2485 1421 2512 elementa
1443 2488 1591 2517 mutasset,
1611 2487 1692 2518 atque
1706 2483 1780 2517 inju-

988 2532 1035 2559 ria:
1048 2535 1176 2559 auctores
1187 2530 1354 2566 perdidisset
1367 2539 1374 2557 :
1388 2538 1439 2557 nec
1451 2538 1517 2557 vero
1530 2538 1580 2557 nos
1592 2537 1712 2565 unquam
1725 2528 1781 2564 spi-

988 2578 1076 2606 ritalis
1090 2577 1241 2605 Pharaonis
1249 2577 1331 2612 eique
1343 2577 1611 2605 succetituriatorum
1625 2576 1779 2603 dannonum

989 2623 1163 2659 tyrannidem
1177 2630 1288 2650 eramus
1305 2621 1461 2654 cxcussuri,
1479 2625 1527 2648 aut
1540 2629 1606 2648 vero
1619 2620 1780 2648 simulacro-

989 2678 1051 2697 rum
1068 2670 1143 2697 cultu
1159 2670 1234 2697 velut
1248 2670 1316 2696 mari
1329 2668 1423 2696 Rubro
1438 2668 1518 2695 nobis
1534 2667 1656 2702 dirupto.
1676 2665 1710 2692 ad
1732 2673 1778 2699 pa-

990 2720 1062 2743 trum
1079 2715 1268 2742 hmreditatem
1281 2715 1341 2746 (Dei
1357 2714 1464 2742 scilicet
1476 2714 1557 2741 fidem
1578 2720 1610 2740 ac
1623 2709 1777 2745 veritatem)

988 2762 1241 2795 commeaturi,nisi
1249 2769 1317 2789 crux
1326 2761 1466 2789 Dominica
1477 2759 1674 2794 ncquissimum
1683 2756 1779 2784 mundi

989 2808 1140 2843 principem
1167 2807 1354 2843 proﬂigasset,
1377 2812 1578 2839 ascensumque
1603 2803 1631 2830 in
1662 2802 1775 2835 cmlum,

1012 2896 1060 2929 50;
1091 2897 1163 2926 Psal.
1187 2907 1250 2931 χχιι,
1281 2897 1306 2930 ἆ,
1334 2901 1361 2924 ct
1385 2904 1456 2927 κων,
1486 2895 1521 2926 5;
1547 2901 1599 2921 cur.
1627 2892 1660 2926 ‘2;
1687 2892 1776 2921 Exod.
