2072 3160
289 195 324 230 81
893 197 1042 230 ΝΙΟΕΤᾸΞ
1060 200 1092 231 Pr

1144 200 1326 232 ILAGONIS

291 251 448 281 inaccessos
475 258 537 280 cum
551 255 639 285 esset,
668 258 810 281 accessum
833 252 991 281 volentibus
1011 261 1082 289 pra:-

1144 255 1254 290 ιταυρὺς
1266 255 1312 281 τὸν
1322 254 1439 290 πονηρὸν
1448 254 1566 290 ἄρχοντα
1579 253 1747 282 καταλέλυκε
1755 252 1803 281 τοῦ
1810 253 1925 290 κόσμον,

290 299 326 327 sti
330 299 420 327 tisset.

330 390 417 423 Crux,
438 389 569 418 Ecclesia:
600 389 745 418 catholicae
764 390 896 426 splendor
914 390 1086 427 illustrisque

290 441 418 468 ornatus.
437 437 623 472 apostolorum
648 437 750 473 gloria,
772 438 948 466 sacerdotum
964 439 1086 467 sanctifi-

291 483 382 516 catio,
404 487 555 519 martyrum
577 483 662 516 nitor,
683 488 868 519 constansque
889 485 1022 513 adversus
1035 494 1085 513 ne-

292 529 444 564 quissimos
458 528 603 563 patientia.
614 529 726 556 Piorum
742 536 775 556 ac
788 530 986 558 monachorum
1001 531 1087 558 ﬁrmi-

293 580 347 606 tas,
360 575 539 611 omniumque
547 575 686 610 justorum
700 575 767 602 fides
776 579 859 610 atque
870 583 947 611 spes,
961 576 1086 603 omnium

294 619 413 655 denique
422 625 580 648 sanctorum
591 620 721 655 gaudium
732 626 761 648 et
770 628 871 649 corona
883 622 1085 650 exsultationis.

291 666 334 694 Ne
349 666 393 693 lex
408 666 519 702 quidem
533 674 633 702 expers
649 667 763 695 virtutis
778 668 887 695 crucis:
901 676 953 696 nec
967 669 1013 703 qui
1025 676 1088 704 gra-

293 717 351 740 tam
365 721 530 748 praacessere
543 714 632 741 sancti
648 714 753 749 absque
768 722 801 742 ea
816 714 994 742 admirabiles
1008 723 1015 741 :
1032 715 1084 742 scd

292 763 323 787 et
338 759 367 787 in
383 759 437 787 illis
448 759 581 794 paulatim
592 760 718 788 obscuris
729 761 807 796 quasi
820 761 927 788 umbris
938 761 1086 793 delineata,

294 813 373 832 suam
387 806 503 841 gloriam
517 806 628 841 vimque
647 806 883 833 submonstrabat.
899 806 966 833 Nam
984 811 1012 834 et
1028 814 1088 834 ma-

293 859 366 886 gnus
380 852 519 887 quondam
536 852 624 880 Moses
642 852 770 879 manibus
788 852 816 879 in
833 852 934 878 omium
954 852 1044 879 crucis
1057 852 1089 879 li-

295 905 364 933 gura
379 897 511 930 extensis,
526 898 686 926 Amalecum
701 897 805 933 fugavit
821 905 854 924 ac
870 897 943 924 fudit
953 897 986 924 “.

332 985 406 1015 Crux
416 991 556 1014 armatura
565 985 731 1014 Christianis
741 985 870 1012 omnibus
878 983 1088 1012 invulnerabilis

296 1041 331 1061 ac
345 1032 574 1068 inexpugnabilis.
596 1032 690 1059 Murus
703 1038 807 1063 azneus,
825 1031 933 1058 cunctis
950 1031 1088 1058 latronum

296 1079 450 1107 insultibus
465 1078 671 1113 insuperabilis.
688 1077 785 1105 Turris
804 1077 977 1105 fortitudinis
989 1085 1004 1104 a
1019 1076 1089 1104 facie

296 1126 483 1156 inimicorum.
499 1125 677 1159 Signaculum
689 1124 796 1159 regium
811 1123 971 1151 inviolabile
987 1131 1020 1150 ac
1044 1123 1089 1150 in-

295 1172 477 1200 adulterabile
487 1182 494 1198 :
503 1172 580 1199 locus
592 1171 716 1198 munitus
727 1178 759 1198 ac
772 1175 848 1198 tutus
859 1170 893 1197 ad
905 1170 1033 1202 salutem.
1046 1169 1090 1197 his

297 1218 346 1254 qui
364 1219 587 1254 persecutionem
619 1218 784 1252 patiuntur:
803 1217 902 1245 domus
922 1216 1031 1252 refugii,
1047 1215 1091 1244 his

296 1265 346 1300 qui
362 1272 377 1292 a
393 1271 508 1300 peccato
523 1264 721 1299 impugnantur
735 1273 741 1290 :
757 1264 820 1292 vita:
834 1264 1028 1298 pharmacum,
1046 1263 1090 1291 his

296 1318 416 1346 quorum
433 1310 488 1338 vita
503 1310 531 1337 in
547 1310 673 1345 periculo
685 1314 813 1338 versatur
825 1311 860 1338 ⁸⁷.

332 1355 431 1384 Crucis
449 1356 558 1392 signum
573 1357 662 1384 Moses
677 1355 839 1392 efﬁngebat,
857 1365 920 1384 cum
938 1357 965 1384 in
979 1357 1091 1385 deserto

298 1401 366 1430 olim
383 1410 399 1429 e
413 1408 491 1431 recto
504 1402 579 1438 ligno
592 1403 668 1430 velut
685 1402 768 1436 malo,
779 1407 936 1438 serpentem
953 1408 1091 1430 transver-

298 1457 360 1477 sum
370 1454 539 1485 exponeret:
557 1457 588 1477 ac
600 1449 623 1477 si
634 1449 707 1485 quod
719 1449 879 1477 lcthiferum
890 1450 967 1477 virus
977 1457 1091 1485 serpens

297 1502 392 1523 morsu
403 1495 570 1528 immisissct,
586 1503 620 1523 eo
636 1495 728 1528 laesus,
742 1495 770 1522 in
785 1503 845 1523 eam
859 1496 952 1523 statim
964 1495 1047 1530 pilam
1059 1503 1092 1523 ac

298 1540 475 1569 simulacrum
492 1541 615 1576 aspicere
628 1541 788 1576 jubebatur.
803 1541 865 1568 Mox
881 1541 964 1576 igitur
976 1548 1009 1568 ac
1020 1548 1087 1576 per—

299 1594 400 1614 cussus
411 1586 504 1614 crucis
517 1587 597 1622 signo
608 1587 760 1615 adhibebat
769 1587 893 1619 oculum,
908 1587 992 1615 etiam
1006 1594 1091 1614 vene-

1136 301 1184 328 καὶ
1195 301 1244 336 τὴν
1257 301 1327 337 πρὸς
1347 300 1462 336 οὐρανὸν
1476 299 1580 332 ἄνοδον,
1593 300 1694 328 ἄϐατον
1709 298 1803 333 οὖσαν,
1830 300 1923 336 είργά-

1137 356 1202 374 σατο
1216 348 1273 379 τοῖς
1291 347 1464 382 βουλομένοις
1478 346 1574 382 βατήν.

1172 394 1293 429 Σταυρὸς
1308 394 1359 428 τῆς
1371 393 1518 428 καθολικῆς
1537 392 1701 429 Έκκλησίας
1714 393 1728 419 ὸ
1742 393 1926 429 λαμπρυσμός

1135 449 1167 468 τε
1180 440 1228 467 καὶ
1250 440 1410 475 στολισμός·
1424 440 1479 466 τῶν
1503 439 1660 467 ἀποστόλων
1681 441 1695 466 ό
1708 439 1902 474 καλλωπισμὸς
1915 448 1924 457 ·

1135 487 1191 514 τῶν
1206 487 1302 523 ἱερέων
1316 487 1331 513 ὁ
1347 486 1484 522 ἁγιασμὸς
1494 494 1502 501 ⁸
1515 486 1570 512 τῶν
1585 485 1732 522 μαρτύρων
1742 487 1756 513 ὁ
1767 486 1927 521 ἀγλαϊσμδς,

1137 533 1186 560 καὶ¹
1199 533 1216 568 ἡ
1232 532 1301 568 πρδς
1323 532 1387 564 τοὺς
1411 532 1546 567 πονηροὺς
1559 531 1699 563 ἀνένδοτος
1713 531 1836 567 ὑπομονή
1848 539 1855 546 '
1874 531 1928 557 τῶν

1136 578 1218 606 ὁσίων
1228 579 1242 605 ὁ
1253 578 1415 613 στηριγμὸς,
1429 578 1476 604 καὶ
1491 578 1600 604 πάντων
1609 578 1664 604 τῶν
1678 578 1816 613 δικαίωνή
1833 578 1926 608 πίστις

1137 625 1184 651 καὶ
1201 625 1218 660 ὴ
1230 625 1317 657 ἐλπὶς,
1334 625 1382 651 καὶ
1401 625 1511 651 πάντων
1528 625 1614 659 ἁγίων
1635 625 1708 660 χαρὰ
1732 625 1779 652 καὶ
1793 624 1925 658 στέφανος

1138 670 1309 705 καυχήσεως.
1326 669 1393 696 Οὐδὲ
1408 670 1422 696 ὁ
1436 669 1518 704 νόμος
1533 670 1647 704 ἄμοιρος
1661 670 1711 704 τῆς
1723 669 1865 704 δυνάμεως
1878 669 1927 696 τοῦ

1138 715 1257 751 σταυροῦ
1266 723 1273 730 '
1291 715 1351 742 οὐδὲ
1364 716 1389 741 οἱ
1400 715 1452 750 πρὸ
1463 715 1513 749 τῆς
1523 715 1634 750 χάριτος
1647 715 1720 749 ἅγιοι
1731 715 1828 741 τούτου
1843 715 1928 750 χωρὶς

1139 761 1310 797 θαυμαστοί·
1333 761 1402 788 ἀλλὰ
1427 761 1475 787 καὶ
1493 761 1521 787 ὲν
1542 760 1657 793 ἐκείνοις
1681 762 1775 797 ἡρέμα
1793 769 1928 796 σκιαγρα-

1139 807 1284 842 φούμενος.
1299 806 1348 841 τὴν
1366 806 1433 833 ίδίαν
1444 806 1523 838 δόξαν
1547 806 1680 841 ὑπέφαινε
1688 807 1735 833 καὶ
1750 806 1926 841 ίσχύν.Ἐπεὶ

1139 853 1187 879 κα)⁵
1201 852 1303 886 Μωσῆς
1323 852 1337 878 ὁ
1354 851 1440 886 μέγας
1468 851 1534 877 ποτὲ
1554 851 1736 887 σταυροειδῶς
1764 852 1814 882 τὰς
1837 852 1930 886 χεῖρας

1141 897 1209 934 πρὸς
1225 897 1338 933 οὐρανὸν
1360 897 1546 932 ὲκτεινόμενος
1591 897 1637 924 τὸν
1655 897 1780 932 Ἀμαλὴκ
1805 897 1929 933 Exposui:-

1107 937 1129 967 Β
1146 953 1220 971 σατο.

1176 989 1305 1025 Σταυρδς,
1321 989 1403 1016 ὅπλον
1420 990 1594 1025 Χριστιανοῖς
1608 990 1692 1016 πᾶσιν
1715 989 1869 1023 ἄθραυστον
1882 988 1930 1015 καὶ

1139 1036 1317 1071 ἀπρόσμαχον
1327 1043 1334 1049 ·
1350 1035 1439 1069 τεῖχος
1450 1034 1577 1070 χαλκοῦν,
1589 1034 1690 1066 πάσαις
1703 1034 1808 1068 ἐφόδοις
1824 1034 1931 1070 λῃστρι-

1139 1083 1201 1113 καῖς
1229 1081 1392 1108 ἀνεπίϐατον
1405 1088 1413 1096 ’
1444 1081 1550 1116 πύργος
1581 1080 1672 1116 ἰσχύος
1702 1080 1756 1108 ἀπὸ
1785 1080 1931 1115 προσώπου

1139 1127 1254 1163 ἐχθρῶν.
1274 1127 1404 1162 Βασιλικὴ
1419 1127 1537 1162 σφραγὶς
1551 1127 1750 1162 ἀπαράτρωτος
1762 1127 1808 1153 ml.
1819 1127 1930 1162 ἀπαρα-

1141 1174 1251 1209 ποίητος
1262 1181 1269 1187 '
1286 1174 1369 1205 τόπος
1387 1173 1485 1208 ὀχυρὸς
1504 1174 1559 1204 τοῖς
1576 1172 1753 1208 διωκομένοις
1779 1173 1820 1204 εἰς
1843 1181 1932 1207 σωτη-

1142 1220 1218 1256 ρίαν·
1235 1218 1308 1252 οἶκος
1324 1220 1497 1254 καταφυγῆς,
1513 1220 1569 1250 τοῖς
1583 1219 1613 1251 ἐξ
1635 1218 1773 1254 ἁμαρτίας
1795 1218 1930 1254 πολεμου-

1141 1267 1250 1303 μένοις·
1269 1267 1344 1301 ζωῆς
1370 1267 1527 1302 φάρμακον,
1548 1266 1607 1297 τοῖς
1632 1265 1673 1298 είς
1692 1265 1809 1292 θάνατον
1835 1265 1932 1292 κινδυ-

1140 1312 1274 1340 νεύουσιν.

1176 1359 1297 1394 Σταυρὺν
1324 1358 1426 1386 ὲτύπου
1455 1357 1569 1393 Μωσῆς,
1593 1356 1679 1393 ὀρθίῳ
1705 1356 1777 1391 ξύλῳ
1804 1357 1932 1394 καθάπερ

1141 1405 1209 1441 ἰστῷ
1221 1404 1339 1441 χαλκοῦν
1353 1405 1415 1440 ὅφιν
1429 1404 1576 1439 ὲγκάρσιον
1586 1404 1632 1430 ἐπὶ
1642 1403 1692 1438 τῆς
1706 1403 1810 1438 ἐρήμου
1827 1403 1858 1431 τὸ
1869 1405 1934 1440 πρὶν

1141 1449 1311 1482 ἐκδεδωκώς·
1329 1450 1378 1477 καὶ
1393 1450 1460 1476 εἴτι
1484 1449 1672 1484 θανατηφόρον
1699 1448 1738 1475 ἰὸν
1757 1448 1818 1483 ὄφις
1848 1449 1933 1476 ὲναπρ

1144 1496 1232 1530 ήμεσε
1256 1494 1356 1527 δακὼν,
1368 1495 1461 1530 ἐκείνῃ
1486 1493 1668 1529 προσσλέπειν
1691 1493 1772 1525 εὐθὺς
1787 1495 1821 1530 τῇ
1847 1493 1933 1530 στήλῃ

1142 1541 1328 1576 παρήγγελτο.
1347 1540 1425 1576 ’Ἅμα
1452 1539 1541 1566 τοίνυν
1564 1539 1605 1575 τῷ
1630 1539 1709 1576 τύπῳ
1736 1539 1784 1567 τοῦ
1816 1539 1933 1575 σταυροῦ

1142 1588 1282 1622 προσεῖχε,
1297 1586 1345 1614 καὶ¹
1364 1586 1395 1613 τὸ
1411 1586 1513 1613 ίοσόλον
1537 1585 1692 1621 ἠμϐλύνετο
1714 1586 1816 1622 δῆγμαζ
1831 1585 1879 1613 καὶ
1903 1585 1934 1612 τδ

299 1633 357 1661 nati
371 1633 413 1661 vis
432 1641 541 1661 morsus
552 1633 766 1669 elanguescebat
781 1653 789 1666 ,
811 1641 937 1668 noxaque
950 1632 1092 1660 interitum

1144 1632 1319 1667 ὀλεθροτόκον
1343 1631 1438 1658 ἐλύετο
1454 1631 1535 1666 πῆμα
1546 1639 1555 1648 ο
1571 1631 1619 1658 καὶ
1636 1631 1750 1666 ἄμισθον
1765 1631 1865 1659 αὐτίκα
1885 1631 1935 1666 τὴν

298 1679 419 1708 aﬂerens
433 1680 602 1713 facessebat;
616 1687 648 1708 ac
657 1679 804 1707 confestim
815 1679 862 1717 qui
875 1686 983 1707 morsus
993 1679 1093 1711 fuerat,

300 1726 428 1755 sanitatis
448 1725 602 1754 remedium
622 1726 696 1753 ultro
721 1733 882 1754 concessum
902 1725 1049 1753 referebat.
1065 1725 1095 1753 Si

301 1777 394 1801 autem
426 1772 518 1801 crucis
543 1772 629 1808 figura
660 1771 798 1800 viviﬁcam
819 1771 888 1799 adeo
907 1772 1095 1807 operationem

302 1819 460 1854 prabebat,
475 1819 562 1847 multo
583 1818 671 1855 magis
685 1826 753 1846 crux
768 1818 838 1853 ipsa.
853 1817 882 1845 Si
895 1817 1008 1853 quidem
1021 1817 1096 1844 enim

302 1864 379 1893 Petri
400 1864 499 1892 umbra
517 1864 642 1892 infirmos
658 1864 774 1892 sanabat
794 1863 845 1900 (uti
861 1870 940 1890 sacro
957 1863 1096 1898 proditum

302 1911 414 1946 eloquio
424 1918 457 1939 ac
466 1910 604 1938 creditum
613 1910 679 1945 est).
686 1910 766 1946 longe
779 1910 871 1945 potius
883 1909 941 1944 ipse
953 1909 1051 1937 Petrus
1062 1909 1096 1936 ’⁸.

339 1955 414 1983 Crux
439 1955 587 1983 sacerdotii
615 1954 820 1982 consummatio
846 1961 879 1982 ac
905 1953 1096 1989 signaculum,

305 2002 413 2038 imperii
429 2002 513 2030 robur
530 2010 562 2030 ac
577 2001 798 2034 fundamentum,
815 2005 936 2037 potestas
954 2000 1098 2036 magistra-

305 2052 394 2082 tuum,
408 2053 548 2076 armatura
559 2048 673 2080 ducum.
691 2049 805 2076 victoria
823 2048 941 2077 militum
961 2057 994 2077 ac
1009 2049 1098 2076 victo-

305 2094 354 2122 ria:
366 2098 510 2130 tropaeum,
536 2099 594 2122 tuta
606 2095 681 2122 salus
694 2102 744 2130 pro
757 2095 874 2130 imperio
884 2095 1097 2128 dominantium.

306 2143 481 2171 subditorum
500 2142 664 2177 compositio
680 2150 713 2169 ac
730 2143 896 2170 constantia.
912 2143 986 2171 Crux
1003 2143 1099 2171 crudi-

308 2194 399 2217 torum
421 2188 574 2224 sapientia,
592 2187 782 2222 insipientium
801 2188 960 2223 disciplina,
982 2188 1098 2216 divitum

306 2234 498 2262 fulcimentum
517 2240 550 2260 ac
567 2232 782 2266 firmamentum,
803 2241 954 2268 pauperum
974 2233 1100 2268 gloriatio

306 2284 336 2307 et
349 2279 490 2310 solatium.
509 2286 605 2306 eorum
620 2278 667 2313 qui
681 2282 827 2306 versantur
842 2278 870 2305 in
883 2286 1016 2311 aerumna,
1032 2286 1100 2313 gau-

307 2323 385 2351 dium
396 2327 424 2351 ct
431 2323 590 2356 exsultatio,
610 2331 707 2350 eorum
722 2323 768 2358 qui
781 2323 885 2350 morbis
895 2323 1098 2356 conflictantur,

308 2369 413 2397 sanitas
426 2375 454 2397 et
471 2369 646 2405 refrigerium
658 2390 666 2402 ,
689 2377 785 2396 corum
800 2369 847 2404 qui
867 2369 894 2396 in
913 2369 1021 2396 cunctis
1037 2369 1101 2396 vitae

309 2417 390 2444 malis
416 2420 517 2451 agunt,
544 2414 692 2442 mdilicatio
717 2415 925 2449 exhortatioque
951 2419 980 2442 et
1004 2422 1101 2442 conso-

308 2463 386 2490 latio.

345 2509 419 2537 Crux
433 2508 556 2536 omnium
582 2513 741 2535 sanctorum
759 2507 918 2542 angelorum
935 2506 1062 2542 gloriatio
1071 2510 1100 2533 et

309 2561 430 2587 corona,
452 2553 607 2580 dmntouum
628 2553 753 2580 omnium
776 2554 852 2588 plaga
872 2562 905 2581 ac
919 2553 1078 2585 ,confractio
1091 2573 1098 2585 ,

309 2598 466 2627 Judmorum
481 2599 597 2627 offensio
606 2604 634 2626 et
644 2599 755 2626 alllictio
765 2620 772 2631 ,
788 2599 938 2626 infidelium
949 2599 1099 2626 confutatio

309 2651 338 2673 ct
349 2645 556 2677 condemnatio,
572 2645 692 2672 fidelium
706 2645 879 2672 conservatio
890 2650 918 2673 et
930 2645 1099 2681 iustiﬁcatio,

308 2691 470 2720 cadentium
486 2691 629 2723 excitatio,
646 2691 778 2718 elisorum
792 2691 896 2719 erectio
907 2691 941 2718 ".

346 2820 421 2849 Crux
431 2825 621 2849 emortuorum
631 2820 698 2852 vita.
712 2819 902 2856 depositorum
914 2827 987 2855 spes,
1000 2820 1100 2848 virtute

349 2925 370 2940 '°
385 2926 471 2955 Exod.
486 2935 552 2961 xvn,
570 2927 610 2956 ll.

652 2927 676 2943 '7
691 2926 760 2954 Psal.
776 2934 817 2958 LX,
837 2927 866 2956 ίς
887 2926 955 2953 l’sal.
977 2933 1036 2957 Lxx,
1056 2926 1082 2956 3',
1104 2925 1173 2953 l’sal.
1192 2933 1252 2957 \xx,
1271 2925 1296 2951 3.
1332 2926 1353 2941 ν’
1372 2924 1431 2952 Act.
1447 2933 1472 2958 ν,
1490 2926 1531 2953 15.

1146 1679 1218 1706 ἴασιν
1231 1677 1246 1703 6
1260 1677 1369 1713 δηχθεὶς
1385 1676 1539 1712 ἐκομίζετο.
1556 1676 1586 1703 El
1612 1676 1639 1703 δὲ
1662 1678 1676 1703 ὁ
1689 1676 1736 1703 τοῦ
1753 1677 1870 1712 σταυροῦ
1886 1677 1935 1703 τύ-

1146 1733 1197 1756 πος
1212 1723 1344 1756 ζωοποιδν
1354 1722 1426 1750 οὕτω
1440 1723 1574 1757 παρεῖχεν
1596 1722 1748 1757 ἐνέργειαν,
1763 1722 1855 1758 πολλῷ
1867 1723 1936 1758 μᾶλ-

1145 1769 1190 1797 λον
1203 1771 1218 1797 ὁ
1232 1770 1348 1805 σταυρὸς
1362 1769 1443 1800 αὑτός
1455 1777 1462 1784 ·
1476 1770 1500 1795 εἰ
1516 1768 1570 1803 γὰρ
1584 1769 1600 1804 ἡ
1617 1769 1682 1795 σκιὰ
1694 1769 1742 1795 τοῦ
1756 1769 1861 1805 Πέτρου
1874 1768 1938 1800 τοὺς

1146 1816 1326 1848 ἀσθενοῦντας
1356 1815 1450 1842 ίᾱσθαι
1478 1815 1526 1841 καὶ
1555 1814 1768 1849 μεμαρτύρηται
1790 1815 1838 1841 καὶ
1852 1814 1938 1841 πεπί-

1148 1870 1269 1895 στευται,
1286 1861 1354 1888 πολὺ
1373 1860 1482 1896 πρῶτον
1495 1860 1509 1886 ὁ
1527 1859 1628 1896 Πέτρος
1643 1860 1734 1891 αὑτός.

1183 1953 1305 1989 Σταυρδς
1319 1953 1370 1988 τῆς
1390 1952 1541 1988 ἱερωσύνης
1557 1952 1574 1987 ἡ
1589 1950 1728 1983 τελείωσις
1742 1950 1789 1977 καὶ
1804 1950 1939 1986 σφραγίς⁵

1147 2000 1195 2035 τῆς
1214 1999 1350 2035 βασιλείας
1369 1999 1387 2035 ὴ
1403 1998 1571 2034 κραταίωσις
1585 1997 1633 2024 καὶ
1649 1996 1752 2032 κρηπίς
1764 2005 1772 2012 ·
1791 1997 1808 2033 ἠ
1823 1997 1940 2032 δύναμις

1147 2045 1202 2071 τῶν
1216 2043 1366 2076 δυναστῶν,
1394 2043 1412 2078 ἡ
1426 2041 1563 2070 πανοπλία
1576 2041 1631 2068 τῶν
1645 2040 1818 2076 στρατηγῶν,
1842 2041 1858 2075 ὴ
1877 2040 1939 2075 νίκη

1148 2087 1203 2114 τῶν
1220 2086 1392 2123 στρατιωτῶν
1418 2086 1466 2113 καὶ
1486 2085 1536 2121 τῆς
1562 2084 1642 2119 νίκης
1659 2085 1690 2111 τὸ
1710 2085 1859 2120 τρόπαιον·
1884 2084 1940 2111 τῶν

1150 2131 1288 2169 ἀρχόντων
1301 2133 1318 2168 ἠ
1334 2132 1468 2167 ἀσφάλεια
1487 2131 1537 2165 τῆς
1550 2130 1648 2166 ἀρχῆς,
1674 2130 1729 2156 τῶν
1746 2129 1907 2165 ἀρχομένων
1919 2131 1937 2166 ἡ

1150 2179 1260 2212 εὐταξία
1275 2187 1306 2205 τε
1322 2178 1370 2205 καὶ
1393 2177 1548 2204 εὐστάθεια.
1581 2175 1700 2211 Σταυρὺς
1724 2175 1778 2202 τῶν
1792 2175 1939 2202 πεπαιδευ-

1157 2225 1245 2260 μένων
1256 2226 1272 2259 ἡ
1289 2224 1380 2258 σοφία,
1396 2223 1450 2250 τῶν
1463 2222 1573 2256 ἁσόφων
1589 2223 1606 2257 ἡ
1624 2221 1774 2253 παίδευσις,
1789 2220 1844 2248 τῶν
1858 2220 1940 2248 πλου-

1153 2271 1218 2297 σίων
1234 2270 1350 2305 ἔρεισμα
1362 2269 1410 2296 καὶ
1424 2268 1598 2304 κραταίωμα,
1607 2267 1661 2294 τῶν
1674 2267 1799 2302 πενήτων
1809 2266 1941 2302 καύχημά

1151 2325 1181 2342 τε
1208 2316 1254 2342 καὶ
1274 2315 1472 2352 παρηγόρημα,
1487 2314 1542 2341 τῶν
1572 2315 1602 2340 ὲν
1633 2313 1755 2348 Θλίψεσιν
1780 2312 1940 2348 χαρμοσύνη

1153 2363 1199 2389 καὶ
1213 2361 1371 2396 ἀγαλλίασις
1381 2382 1389 2394 ,
1405 2361 1459 2387 τῶν
1476 2362 1505 2387 ὲν
1520 2361 1670 2395 νοσήμασιν
1688 2359 1758 2390 ἴασις
1775 2359 1821 2385 καὶ
1836 2358 1940 2393 ἀνάψυ-

1154 2408 1208 2441 ξις,
1236 2408 1291 2434 τῶν
1306 2409 1334 2435 έν
1349 2410 1432 2434 πᾶσιν
1450 2406 1653 2442 ἐξεταζομένων
1680 2406 1728 2433 τοῦ
1757 2405 1814 2440 βίου
1848 2405 1942 2436 κακοῖς

1151 2454 1279 2488 οἰκοδομὴ
1299 2453 1347 2480 καὶ
1362 2453 1537 2488 παράκλησις
1552 2452 1599 2478 καὶ
1616 2451 1790 2486 παραμυθία.

1186 2499 1305 2535 Σταυρὸς
1329 2499 1384 2526 τῶν
1410 2499 1496 2533 ἁγίων
1520 2497 1643 2533 ἀγγέλων
1667 2497 1778 2523 πάντων
1806 2496 1836 2523 τδ
1852 2494 1941 2529 ἀγαλ-

1152 2544 1238 2580 λίαμα
1264 2545 1311 2571 καὶ
1341 2544 1530 2579 στεφάνωμα,
1558 2543 1613 2570 τῶν
1645 2542 1782 2578 δαιμόνων
1813 2542 1942 2568 ἁπάντων

1153 2591 1282 2626 θραῦσμα
1293 2591 1341 2618 καὶ
1354 2591 1534 2626 συντριμμὸς,
1549 2590 1602 2617 τῶν
1623 2589 1759 2616 Ἰουδαίιιιν
1776 2587 1944 2623 πρόσκομμα

1152 2637 1201 2664 καὶ
1216 2636 1344 2672 ϐλιμμδς,
1358 2637 1414 2663 τῶν
1434 2637 1558 2663 ἀπίστων
1572 2635 1678 2669 ἐλεγξις
1697 2634 1743 2660 καὶ
1765 2632 1943 2668 κατάκρισις,

1151 2683 1207 2709 τῶν
1221 2683 1325 2709 πιστῶν
1345 2683 1509 2717 συντήρησις
1533 2682 1581 2707 καὶ
1595 2681 1736 2711 δικαίωσις
1747 2678 1765 2714 ,⁴
1776 2679 1831 2705 τῶν
1856 2687 1944 2705 κατα-

1153 2729 1306 2756 πιπτόντων
1322 2729 1480 2760 ἀνάστασις,
1497 2728 1551 2755 τῶν
1577 2726 1847 2763 καταρρηγνυμένων
1863 2724 1944 2761 ἀνόρ-

1155 2774 1248 2806 οωσις.

1189 2820 1311 2855 Σταυρὺς
1325 2819 1382 2854 ζωὴ
1391 2818 1637 2854 τεθανατωμένων,
1650 2818 1729 2850 ἐλπὶς
1743 2818 1798 2845 τῶν
1813 2819 1944 2853 ἀπεγνω-

1570 2926 1590 2942 ²ι¹
1607 2925 1677 2952 I’sal.
1689 2931 1778 2956 cxuv,
1795 2924 1836 2951 ιι.
