2072 3160
119 146 156 181 33

527 152 668 183 ORATIO
686 153 727 184 Ιῐ.
741 155 824 185 -ΙΝ
845 156 1138 190 EXALTATIONEM
1158 160 1187 190 S.
1206 160 1354 192 CRUCIS.

1721 162 1758 197 3-1

119 206 246 242 σνὲνων,
267 207 322 234 τῶν
349 208 557 243 κατορθούντων
582 211 682 246 κλίμαξ
712 212 817 247 ὑψοῦσα
841 215 909 251 πρὸς

962 217 1114 246 viventium
1126 219 1199 246 scala
1210 219 1237 246 in
1251 219 1351 247 coelum
1365 219 1525 253 sublevans,
1537 219 1757 249 discordantium

117 254 244 290 οὐρανὸν,
265 254 322 281 τῶν
346 255 500 284 διεστώτων
515 259 701 292 συναγωγεὺς,
717 260 771 286 τῶν
800 261 915 296 ὀρθοπο-

117 301 239 328 δούντων
254 301 422 337 εύϐυδρομία
445 304 494 329 καὶ
508 304 645 334 συντονια.
662 305 717 331 τῶν
732 306 914 334 ἐκκλινάντων

116 346 264 382 διόρθωσις
278 348 326 375 καὶ
351 349 536 384 χειραγωγία,
551 349 607 377 τῶν
624 351 831 385 μετανοούντων
846 353 914 380 ἀνα-

116 394 252 425 καίνωσις
265 395 314 421 καὶ
328 395 483 430 ἀναγωγία.

152 439 284 475 Σταυρὸς,
313 441 369 467 τῶν
392 441 462 468 ὅλων
481 442 531 468 τοῦ
556 442 631 470 Θείου
651 444 812 479 Πνεύματος
832 454 912 482 χαρι-

123 485 236 520 σμάτων
250 485 370 521 βραϐεὺς
383 487 430 514 καὶ
439 488 534 523 δοτὴρ.
552 490 623 516 Ὅσα
635 490 690 525 γὰρ
703 491 732 517 ὲν
744 491 783 526 τῷ
801 492 914 528 Χριστῷ

116 531 236 565 μένοντα
251 534 308 564 τοῖς
320 532 407 565 ἀξίοις
430 534 649 570 ὲπιχορηγεῖται,
663 537 707 564 διὰ
727 537 847 570 πίστεως
865 539 912 565 καὶ

114 577 259 613 δυνάμεως
277 579 487 615 ἐπιχορηγεῖται
501 581 549 608 τοῦ
568 583 697 618 σταυροῦ.
715 583 847 618 Σταυρὺς,
861 585 912 618 φό-

91 662 93 664 η
114 624 171 651 ὕων
192 625 372 661 νυκτερινῶν,
393 626 481 661 βελῶν
495 628 645 663 ἡμερινῶν,
660 629 707 656 καὶ
726 630 828 661 παντὸς
841 630 913 666 πρά-

113 679 222 705 γματος
238 671 267 698 ἐν
286 671 377 699 σκότει
391 672 626 709 διαπορευομένου
638 695 646 708 ,
667 675 716 702 καὶ
736 675 911 711 συμπτώμα-

113 724 161 747 τος
181 716 284 749 παντὸς
303 717 351 745 καὶ
372 718 512 754 δαιμονίου
533 720 646 754 παντὸς,
663 721 694 747 οὐ
721 722 910 757 μεσημϐρινοῦ

114 763 209 797 μόνον,
231 765 288 795 τοῖς
310 764 401 796 καλῶς
423 765 506 792 αὐτὸν
530 765 723 801 ὡπλισμένοις,
748 768 806 803 ἦτοι
828 777 910 804 σεση-

114 809 283 843 μειωμένοις
295 830 303 843 ,
319 810 492 845 ἀναιρετικός
509 810 538 837 τέ
561 812 620 838 ἐστι
646 813 694 839 καὶ
711 813 909 849 ἀποτρόπαιος.

150 854 283 890 Σταυρὺς,
300 855 328 882 τί
339 855 379 882 δεῖ
393 858 600 893 μακρηγορείν;
615 858 670 885 τῶν
686 859 851 894 παναγάθων
862 861 910 887 τοῦ

964 267 1138 299 conciliatio,
1160 274 1237 296 recto
1255 268 1325 303 pede
1347 268 1536 297 incedentium
1552 273 1644 297 rectus
1658 276 1759 297 cursus

963 321 996 340 ac
1010 314 1151 341 contentio
1161 333 1170 346 ,
1184 313 1383 342 declinantium
1397 315 1555 343 emendatio
1563 319 1592 343 et
1605 315 1759 345 manudue-

964 359 1017 393 tio,
1036 361 1229 395 pcenitentium
1242 361 1385 389 renovatio
1400 366 1429 389 et
1441 361 1595 389 subvectio.

998 451 1072 480 Crux
1084 452 1208 480 omnium
1224 452 1310 480 divini
1322 452 1442 488 Spiritus
1455 454 1593 481 donorum
1607 454 1711 483 arbitra
1723 462 1758 483 ac
1793 453 1797 461 “

963 496 1063 524 datrix.
1075 496 1252 532 Quaecunque
1263 498 1338 525 enim
1348 499 1377 525 in
1388 498 1500 525 Christo
1512 500 1652 527 manentia
1664 500 1758 535 dignis

963 542 1226 574 subministrantur.
1250 551 1302 578 per
1324 544 1417 572 crucis
1440 544 1521 571 [idem
1545 552 1577 571 ac
1604 546 1757 580 potentiam

962 588 1220 616 subministrantur.
1241 589 1339 617 Crucis
1353 597 1384 616 ca
1399 589 1450 621 vis,
1468 594 1498 616 ut
1510 589 1543 617 iis
1557 590 1606 625 qui
1622 597 1654 618 ea
1669 591 1756 625 probe

962 635 1059 662 armati
1075 639 1140 662 sunt
1153 642 1202 662 seu
1214 635 1378 670 consignati,
1394 636 1510 663 timores
1522 639 1685 667 nocturnos,
1699 635 1757 664 diei

961 681 1085 716 sagittas,
1103 688 1217 716 remque
1230 689 1340 708 omnem
1361 681 1390 708 in
1411 681 1534 709 tenebris
1553 681 1754 714 ambulantem,

963 732 996 752 ac
1011 733 1107 752 casum
1134 733 1263 758 omnem,
1289 733 1426 760 omneque
1455 725 1621 753 dmmonium
1635 725 1757 761 (nedum

961 770 1158 806 meridianum)
1172 771 1316 799 interimat
1329 771 1514 807 proﬂigetque
1525 772 1559 799 ³⁰.

996 860 1071 889 Crux
1089 860 1172 896 (quid
1186 860 1270 888 refert
1285 861 1421 896 prolixius
1437 860 1567 896 dicere?)
1584 861 1755 896 optimorum

112 900 183 927 Θεοῦ
195 901 324 936 ,δωρεῶν,
341 899 380 929 ὧν
399 903 429 936 ἐξ
451 892 550 936 αίῶνος
570 904 725 940 ἀνθρώποις
740 892 908 942 ἐδωρήσατο,

960 906 1009 933 Dei
1021 892 1171 939 donorum,
1179 913 1240 941 quae
1249 913 1265 934 a
1274 892 1377 934 saeculo
1386 906 1549 934 mortalibus
1558 892 1690 942 elargitus
1701 911 1756 939 est.

110 945 143 971 τὸ
162 945 403 981 θεοπρεπέστατον
426 948 474 974 καὶ
489 948 669 976 τελειότατον.
692 946 776 981 Οὗτος
795 949 841 976 τὸν
856 950 911 976 ὕλι-

112 991 177 1018 σθον
189 992 238 1018 τοῦ
253 993 426 1028 προπάτορος
440 994 637 1027 ἀνεκαλέσατο,
658 995 706 1022 καὶ
723 995 775 1031 τὴν
789 996 909 1032 ἀρχαίαν

112 1038 261 1074 ύπήνοιξεν
280 1039 328 1066 τοῦ
351 1040 520 1075 παραδείσου
544 1042 662 1078 τρυφήν.
688 1038 773 1074 Οὗτος
793 1043 844 1079 τὴν
864 1043 910 1070 διὰ

111 1085 157 1111 τοῦ
183 1084 266 1117 ξύλου
283 1085 421 1121 κατάραν,
442 1087 483 1118 είς
505 1087 644 1122 εὐλογίαν·
662 1087 713 1124 τὴν
733 1088 849 1127 φθορὰν.
868 1090 908 1122 εἰς

111 1131 285 1167 ἀφθαρσίαν·
307 1132 358 1168 τὴν
380 1133 506 1168 πικρίαν,
534 1135 575 1167 είς
597 1134 775 1171 γλυκύτητα·
791 1128 841 1162 ⁴καὶ
855 1136 908 1171 τὴν

111 1178 275 1213 ὑπερορίαν,
309 1179 350 1211 εἰς
373 1179 513 1214 βασιλείαν
531 1188 539 1195 ·
564 1180 614 1207 καὶ
637 1181 684 1208 τὸν
709 1180 826 1209 θάνατον
842 1190 909 1217 μετ-

110 1223 264 1251 εσκεύασεν
289 1225 329 1256 εις
348 1225 434 1261 ζωήν.
451 1222 547 1260 Οὗτος,
563 1226 594 1253 οὐ
610 1226 690 1262 μόνον
708 1227 778 1264 πρὸς
793 1228 839 1255 τὸν
851 1227 908 1255 ἄνω

110 1269 278 1305 παράδεισον
293 1270 398 1301 εἴσοδος
414 1271 462 1299 κα)⁵
478 1273 663 1308 αἰσαγωγεὺς,
678 1273 748 1302 ἀλλὰ
766 1274 813 1301 καὶ
832 1274 907 1309 ζωῆς

110 1316 198 1349 ὄντως
219 1317 307 1350 ξύλον,
331 1318 426 1354 ὥσπερ
449 1318 491 1355 τῷ
507 1319 595 1355 λῃστῇ
616 1319 761 1356 πρότερον,
775 1320 847 1348 οὕτω
860 1321 907 1348 καὶ

110 1362 184 1389 πᾶσι
209 1363 369 1393 καθίσταται
394 1365 454 1396 τοῖς
467 1364 526 1400 ι’τὴν
549 1365 644 1392 πίστιν
672 1365 779 1393 ἐκείνου
804 1374 906 1402 μιμου-

112 1408 218 1443 μένοις.

960 953 1187 988 augustissimum
1202 952 1504 988 perfectissimumque.
1522 953 1588 981 Hec
1605 953 1687 988 primi
1705 961 1756 988 pa-

961 999 1048 1026 rentis
1063 999 1173 1026 ruinam
1196 999 1365 1027 instauravit
1380 1007 1412 1027 ac
1433 998 1553 1034 paradisi
1563 998 1695 1033 antiquas
1707 998 1757 1026 de-

959 1043 1038 1071 licias
1067 1044 1240 1079 subaperuit.
1272 1044 1336 1072 llaec
1370 1044 1506 1072 invectam
1532 1051 1548 1071 a
1570 1044 1646 1079 ligno
1668 1044 1757 1071 male-

959 1090 1110 1118 dictionem
1142 1091 1170 1118 in
1206 1090 1453 1124 benedictionem,
1485 1090 1692 1125 corruptionem
1726 1090 1756 1118 in

959 1135 1196 1170 incorruptionem
1215 1156 1224 1168 ,
1251 1135 1465 1163 amaritudinem
1497 1134 1527 1162 in
1553 1135 1728 1163 dulcedinem
1744 1154 1755 1169 ,

958 1180 1128 1215 exiliumque
1146 1181 1175 1208 in
1191 1188 1307 1216 regnum
1319 1201 1327 1215 ,
1345 1188 1378 1210 ac
1398 1184 1515 1208 mortem
1533 1180 1560 1208 in
1574 1181 1660 1209 vitam
1679 1189 1757 1210 eom-

957 1227 1085 1254 mutavit.
1101 1225 1165 1254 Haec
1190 1227 1292 1254 nedum
1312 1227 1452 1262 ingressus
1466 1234 1499 1255 ac
1516 1226 1648 1255 admissio
1661 1232 1705 1256 ost
1718 1227 1754 1255 ad

957 1279 1109 1308 supernum
1134 1272 1311 1308 paradisum,
1331 1272 1380 1300 sed
1400 1277 1429 1301 et
1449 1273 1530 1308 plane
1550 1273 1656 1309 lignum
1677 1273 1752 1308 vitaz,

958 1319 998 1347 uti
1018 1319 1096 1354 prius
1110 1319 1227 1353 latroni,
1243 1319 1285 1348 sic
1302 1324 1331 1348 et
1347 1319 1517 1355 cunctis‘qui
1531 1320 1592 1357 ejus
1608 1320 1754 1349 imitantur

960 1365 1045 1394 ﬁdem
1059 1365 1094 1392 ".

993 1455 1070 1484 Hanc
1093 1463 1211 1491 magnus
1231 1455 1277 1483 ille
1299 1455 1399 1483 Petrus
1420 1462 1504 1482 manu
1524 1458 1631 1488 tenens,
1650 1454 1752 1490 illaque

145 1455 247 1482 Τοῦτον
258 1456 273 1483 ὸ
292 1456 383 1492 μέγας
402 1456 507 1494 Πέτρος
523 1458 635 1494 κρατῶν
651 1459 684 1494 τῇ
700 1459 783 1495 χειρὶ,
804 1458 852 1486 καὶ
867 1459 906 1491 ὡς

105 1501 198 1537 ῥάϐδῳ
217 1504 388 1538 ποιμαντιιῇ
415 1503 505 1540 τούτῳ
527 1505 759 1541 σκηριπτόμενος,
782 1505 904 1532 ἀπεΰου-

957 1504 1086 1535 lanquam
1104 1500 1181 1536 virga
1197 1500 1329 1535 pastorali
1347 1500 1446 1532 nixus,
1469 1499 1609 1527 Simonem
1629 1507 1752 1535 magum,

110 1547 205 1583 ιᾶλησε
231 1547 284 1583 μὲν
309 1549 360 1582 τῆς
380 1548 546 1585 Ἐκκλησίας
562 1550 601 1581 ὼς
624 1549 771 1577 ὲπίὸουλον
791 1551 919 1586 Σίμωνα,

957 1547 1033 1575 velut
1045 1547 1092 1582 qui
1116 1546 1245 1574 Ecclesia:
1266 1546 1464 1578 insidiaretur,
1485 1546 1592 1581 abegit,
1616 1546 1752 1581 luposque

108 1593 148 1620 τὸν
164 1593 280 1629 Μάγον,
301 1594 349 1621 καὶ
373 1595 437 1627 τοὺς
460 1595 561 1628 λύκους
586 1595 713 1632 ὲξέτριψε
735 1596 785 1631 τῆς
820 1591 919 1632 ’Δραέ

957 1592 1064 1620 Arabiae
1075 1591 1199 1624 extrivit,
1218 1596 1304 1626 atque
1320 1591 1348 1618 in
1359 1591 1405 1618 illa
1421 1599 1559 1626 propense
1570 1591 1674 1619 Christi
1685 1599 1753 1620 oves

105 1639 176 1672 δίας-
190 1640 223 1667 ἐν
240 1640 317 1676 αὑτῷ
337 1640 367 1668 δὲ
382 1641 417 1668 τὰ
439 1641 568 1676 πρόϐατα
589 1641 738 1678 προθύμως
753 1641 902 1678 ὲποίμανεν

957 1639 1029 1667 rexit
1048 1646 1080 1666 ac
1101 1638 1173 1674 regit
1185 1638 1232 1669 “2,
1248 1637 1377 1670 Sumam,
1401 1638 1440 1665 ait
1461 1637 1572 1665 divinus
1591 1637 1752 1672 Zacharias,

105 1686 151 1712 καὶ
162 1686 310 1721 ποιμαίνει
324 1686 456 1722 Χριστοῦ.
476 1686 630 1723 Λήψομαι,
650 1688 736 1725 φησὶν
764 1689 779 1716 ὁ
802 1688 904 1715 θεσπέο

957 1686 1055 1721 uirgam
1063 1693 1149 1712 meam
1157 1683 1295 1719 pulchram
1303 1686 1425 1719 (crucem
1433 1691 1496 1712 eum
1505 1683 1597 1712 dicere
1607 1683 1752 1719 arbitror),

103 1740 162 1764 σιος
176 1733 330 1768 Ζαχαρίας,
344 1734 403 1767 τὴν
421 1733 537 1769 ῥάϐδον
563 1743 624 1770 μου
649 1735 708 1769 τὴν
721 1735 822 1769 καλὴν
843 1734 900 1771 (τὸν

103 1779 226 1813 σταυρὸν
239 1779 303 1814 ἐμοὶ
315 1779 403 1806 δοκεῖν
417 1780 517 1816 λέγων)
530 1801 538 1814 ,
551 1780 602 1808 καὶ
612 1780 693 1815 ῥίψω
703 1780 807 1815 ¹αὐτὴν
816 1780 906 1807 ἐναν-

103 1826 170 1852 τίον
190 1824 253 1852 τῶν
267 1825 397 1860 ἐχθρῶν,
414 1827 465 1854 καὶ
479 1826 615 1862 ποιμανῶ
633 1827 670 1854 τὰ
683 1826 818 1861 πρόϐατά
834 1835 907 1861 μου,

101 1870 154 1898 καὶ
171 1870 372 1899 διασκεδάσω
397 1873 455 1907 τὴν
467 1872 549 1909 [εἰπε.
574 1872 661 1909 αὑτὴν
671 1873 718 1899 τοῦ
730 1873 909 1900 διασκευάσαι

955 1735 979 1758 et
987 1730 1128 1766 projiciam
1137 1737 1196 1757 eam
1205 1733 1299 1757 contra
1308 1730 1439 1763 inimicos,
1448 1734 1472 1756 et
1481 1738 1589 1765 pascam
1597 1737 1655 1757 oves
1665 1738 1751 1763 meas,

956 1781 981 1804 et
993 1776 1124 1812 dissipabo
1138 1776 1222 1812 [tedas
1234 1784 1332 1809 meum,
1344 1776 1414 1812 quod
1427 1780 1520 1812 pactus
1535 1784 1593 1802 sum
1609 1775 1645 1802 ad
1659 1783 1749 1802 omnes

958 1822 1069 1859 populos
1081 1822 1114 1849 ³¹.
1132 1822 1162 1850 In
1179 1829 1262 1850 cruce
1280 1822 1355 1850 enim
1374 1822 1507 1857 diSSipata
1527 1821 1638 1857 quidem
1658 1821 1751 1849 littera

958 1873 1015 1902 est;
1032 1868 1155 1896 reﬂoruit
1168 1876 1236 1896 vero
1257 1876 1289 1897 ac
1312 1876 1342 1896 se
1356 1868 1446 1904 palam
1460 1869 1575 1904 spiritus
1592 1867 1696 1904 prodit.

101 1917 166 1954 τὴν]
194 1918 346 1954 διαθήκην
361 1928 434 1954 μου,
457 1919 498 1953 ἣν
515 1919 656 1954 διεθέμην·
685 1919 760 1952 πρὸς
786 1918 902 1952 πάντας
921 1916 992 1949 τοὺς
1027 1914 1139 1948 λαούς·
1164 1915 1193 1942 ὲν
1228 1915 1268 1950 τῷ
1293 1914 1402 1950 σταυρῷ
1417 1914 1482 1951 γὰρ,
1509 1914 1540 1941 τὸ
1564 1914 1681 1950 γράμμα
1701 1913 1751 1949 μὲν

101 1966 314 2000 διεσκέδασται,
342 1966 454 1994 ἁνέθαὶε
488 1967 517 1995 δὲ
544 1967 592 1994 καὶ
616 1967 837 2003 παρρησιάζεται
866 1965 897 1992 τὸ
916 1963 1037 1998 πνεῦμα.

138 2014 248 2040 Τοῦτον
264 2015 312 2041 καὶ
338 2015 353 2041 ὸ
366 2014 564 2050 οὑρανοφοίτης
582 2015 689 2046 Παῦλος
702 2015 803 2050 ἄριστα
823 2023 903 2048 περι-

100 2060 251 2096 φραχθεὶς.
264 2061 356 2088 πᾶσαν
370 2060 552 2096 περιώδευσεν
565 2061 614 2097 τὴν
637 2061 813 2096 οἰκουμένην,
829 2060 903 2095 λογι-

100 2107 193 2142 σμοὺς
222 2108 252 2133 ὲν
268 2107 344 2142 αὐτῷ
362 2107 515 2144 καθαιρῶν,
531 2108 580 2134 καὶ
599 2108 654 2135 πᾶν
670 2107 772 2142 ὕψωμα
789 2106 902 2142 ἐπαιρό-

103 2161 189 2186 μενον
211 2152 284 2179 κατὰ
306 2153 357 2188 τῆς
375 2153 503 2187 γνώσεως
512 2153 560 2180 τοῦ
577 2153 657 2180 Θεοῦ·
672 2153 719 2180 καὶ
730 2152 900 2188 αἰχμαλωτί-

102 2197 161 2230 (uno
176 2199 233 2226 πᾶν
249 2199 339 2234 νόημα
353 2200 394 2231 είς
410 2200 459 2235 τὴν
479 2199 607 2236 ὑπακοὴν
631 2200 678 2226 τοῦ
702 2198 833 2234 Χριστοῦ.

137 2245 195 2272 Th»
221 2245 339 2281 σταυρὸν
362 2246 410 2273 καὶ
429 2246 529 2277 πάντες
554 2246 699 2273 ἀπόστολοι
731 2245 778 2272 καὶ
799 2245 899 2276 πάντες
935 2272 940 2281 ,

103 2292 258 2327 μάρτυρες,
275 2292 358 2326 ἱερεῖς
382 2300 413 2318 τε
441 2292 546 2327 Κυρίου
579 2293 681 2324 πάντες
696 2312 704 2325 ,
721 2293 769 2318 καὶ
799 2291 899 2323 πάντες

100 2339 174 2365 ὅσιοι
186 2337 294 2372 νοητῶς
306 2337 545 2373 καθοπλιζόμενοι·
564 2338 589 2364 οἱ
605 2338 656 2373 μὲν
669 2338 740 2365 κατὰ
758 2337 808 2372 τῆς
824 2337 901 2364 είδω·

102 2383 270 2419 λολατρείας
281 2382 420 2418 λαμπρῶς
431 2383 632 2419 ἀριστεύοντες·
646 2384 670 2410 οἱ
684 2383 712 2410 δὲ
725 2383 796 2410 κατὰ
809 2383 900 2418 πάσης

105 2428 236 2464 ἀνομίας,
253 2427 389 2460 ποικίλοις
405 2429 546 2465 τροπαίοις
562 2430 641 2465 νίκης
656 2430 704 2456 τὸν
724 2428 900 2464 ἐσταυρωμέ-

105 2481 146 2501 im
166 2474 214 2501 διὰ
229 2473 281 2509 τῆς
295 2474 437 2509 δυνάμεως
453 2474 611 2508 δοξάζουσιν
625 2474 672 2502 τοῦ
691 2474 822 2510 σταυροῦ.

135 2563 193 2590 Τὸν
210 2563 330 2599 σταυρὸν
353 2563 402 2590 καὶ
425 2564 629 2595 Κωνσταντῖνος
656 2564 753 2598 πρώην
773 2564 786 2590 ὁ
809 2564 898 2598 μέγας

99 2609 177 2644 φωτὶ
199 2609 411 2646 μορφαζόμενον
434 2611 463 2636 ἐν
491 2610 598 2646 οὐρανῷ
623 2609 751 2641 κατιδὼν,
779 2610 826 2636 καὶ
852 2610 900 2645 τὴν

99 2657 189 2686 αὐτοῦ
208 2658 328 2694 δύναμιν
353 2658 399 2685 διὰ
424 2658 472 2686 τοῦ
495 2658 580 2686 τύπου
601 2659 702 2690 συνεὶς,
721 2658 835 2692 ὓστερον
853 2657 900 2685 καὶ

98 2705 170 2732 αὐτὸ
184 2705 277 2732 ἐκεῖνο
300 2705 332 2732 τὸ
352 2705 530 2741 πρωτότυπον
548 2704 596 2732 τοῦ
619 2704 736 2740 σταυροῦ
756 2704 853 2736 ξύλον,
872 2704 901 2730 ὲν

97 2745 122 2783 ᾧ
136 2748 367 2785 προσ-πιλούμενος
394 2750 532 2785 κατετάθη
547 2749 682 2785 Χριστὸς,
703 2748 756 2784 γῆς
776 2757 899 2784 κατορω-

135 2853 160 2870 ³⁰
173 2852 248 2881 Psal.
266 2859 306 2884 Ix,
318 2851 345 2883 5,
361 2856 389 2880 et
401 2852 428 2880 9.
466 2853 487 2869 ³¹
505 2853 568 2881 Pro.
585 2861 626 2886 ιιι,
641 2852 684 2886 18;
701 2852 770 2881 Luc.
788 2860 866 2887 xxm,
883 2852 927 2880 43.

90 2887 139 2930 ξ’*
149 2887 221 2917 Phil.
235 2895 277 2921 ιιι⁷
289 2887 341 2920 20;
354 2887 373 2914 ll
387 2887 448 2916 Cor.
460 2896 487 2921 κ,
499 2888 526 2916 4.

989 2011 1046 2048 Hac
1068 2017 1198 2046 quoque,
1223 2010 1270 2045 qui
1300 2010 1327 2037 in
1354 2009 1424 2036 cmlo
1448 2014 1621 2041 versaretur,
1649 2008 1752 2036 Paulus

952 2057 1057 2093 optime
1069 2056 1233 2088 instructus,
1253 2055 1414 2083 universum
1432 2058 1568 2081 terrarum
1586 2054 1682 2081 orbem
1696 2053 1751 2081 cir-

951 2102 1203 2134 cuivit,‘destruens
1216 2102 1244 2128 in
1258 2109 1292 2129 eo
1307 2100 1487 2136 cogitationes
1501 2104 1529 2128 et
1541 2107 1650 2128 omnem
1664 2099 1751 2127 subli-

950 2149 1073 2177 mitatem
1090 2148 1267 2176 extollentem
1285 2155 1314 2174 se
1332 2147 1465 2174 adversus
1477 2147 1620 2174 scientiam
1633 2146 1682 2174 Dei
1699 2165 1707 2178 ,
1721 2150 1751 2174 et

950 2194 1094 2230 captivans
1106 2201 1215 2222 omnem
1227 2201 1338 2222 sensum
1363 2193 1390 2220 in
1405 2193 1568 2228 obsequium
1581 2192 1685 2220 Christi
1699 2192 1750 2222 “".

987 2242 1075 2269 Crucc
1093 2248 1189 2268 omnes
1210 2244 1267 2267 tum
1281 2239 1397 2275 apostoli
1412 2244 1469 2267 tum
1491 2243 1636 2274 martyres,
1658 2246 1751 2266 sacer-

952 2287 1086 2323 dotesque
1107 2286 1216 2314 Domini
1239 2293 1354 2318 omnes,
1378 2293 1411 2313 ac
1432 2285 1470 2320 pii
1493 2292 1591 2312 omnes
1610 2289 1638 2311 et
1660 2283 1749 2312 sancti

953 2333 1115 2369 spiritaliter
1127 2332 1244 2365 armati;
1261 2331 1367 2366 priores
1377 2331 1500 2367 quidem,
1513 2331 1646 2359 adversus
1660 2331 1747 2358 simu-

916 2372 1090 2408 1)lacrorum
1112 2379 1234 2411 cultum,
1260 2378 1339 2405 alteri
1363 2383 1473 2411 autem,
1497 2377 1631 2405 adversus
1651 2383 1749 2404 omnes

953 2426 1091 2459 hzereses;
1107 2425 1241 2460 postremi
1262 2424 1395 2453 as'vcrsus
1414 2430 1524 2452 Omnem
1540 2422 1749 2459 improbitatem

953 2477 1065 2500 strenue
1077 2471 1251 2505 dimicantes,
1264 2471 1348 2498 variis
1357 2470 1481 2499 victoria:
1495 2469 1605 2505 tropaeis
1617 2476 1667 2504 per
1684 2476 1749 2496 cru-

953 2520 992 2547 cis
1011 2519 1163 2554 potentiam
1179 2517 1343 2545 cruciﬁxum
1355 2517 1520 2545 elariﬁeant.

988 2565 1107 2593 Crucem
1123 2572 1234 2600 quoque
1256 2571 1372 2599 magnus
1387 2563 1452 2590 olim
1473 2560 1673 2590 Constantinus
1688 2560 1749 2587 luce

954 2612 1098 2640 formatam
1116 2619 1180 2639 cum
1197 2611 1225 2637 in
1240 2610 1311 2647 ctylo
1325 2610 1451 2642 vidisset,
1464 2616 1552 2644 exque
1565 2608 1662 2643 ﬁgura,
1675 2606 1749 2634 illius

955 2659 1107 2694 potentiam
1126 2656 1325 2689 intellexisset,
1349 2660 1444 2691 postea
1460 2655 1528 2683 illud
1546 2656 1637 2691 ipsum
1656 2657 1751 2689 proto-

956 2709 1049 2739 typum
1070 2703 1195 2738 lignum,
1216 2702 1244 2729 in
1265 2709 1321 2737 quo
1340 2701 1469 2730 Christus
1490 2702 1628 2729 distentus
1648 2699 1750 2730 fuerat,

955 2750 1009 2777 alta
1019 2749 1158 2777 defossum
1171 2749 1266 2781 humo,
1277 2754 1327 2783 per
1337 2747 1523 2776 beatissimam
1533 2746 1620 2782 ipsius
1632 2748 1749 2772 matrem

976 2852 1015 2869 m‘
1027 2852 1129 2880 Habac.
1145 2861 1164 2885 ι,
1176 2851 1202 2880 8.
1215 2851 1294 2888 Vulg.
1309 2851 1484 2886 Vesperh'nos.
1523 2848 1545 2865 "
1556 2846 1628 2876 Zaclt
1651 2855 1687 2880 xt,
1702 2846 1748 2878 ΞΟ.
