2072 3160
321 165 357 198 35
928 164 951 195 Ν
955 163 1074 196 ΙΟΕΤὶΕ
1091 164 1114 194 Ρ

1166 162 1355 194 HLAGONIS
1914 160 1952 194 36

318 223 553 259 (augustissimam
567 222 673 251 scilicet
685 222 828 257 Helenam)
843 221 990 258 diligenter
1003 226 1106 249 scruta-

1166 222 1299 257 ρυγμένον
1315 221 1435 256 βάθεσιν,
1454 220 1499 248 διὰ
1510 220 1561 255 τῆς
1579 219 1727 252 πανολϐίας
1738 219 1822 248 αὐτοῦ
1837 221 1952 257 μητρὸς,

318 275 364 298 tus
377 269 498 305 reperit,
520 274 715 304 repertumque
737 268 864 304 religiose
889 268 959 296 adeo
979 268 1067 295 coluit
1083 273 1112 296 et

318 315 466 348 exaltavit,
494 319 525 342 ut
539 316 599 351 ejus
614 315 695 350 longe
710 314 820 342 claritas
841 313 869 341 in
886 320 996 341 omnem
1015 313 1110 342 orbem

317 360 462 387 exuberet.

352 451 421 484 Quis
436 457 502 478 vero
515 450 553 477 illi
566 457 615 485 spe
632 449 787 481 devinctus,
798 449 833 476 ad
845 449 905 484 cjus
918 448 1108 476 adorationem

317 505 373 525 non
391 498 512 525 occurrit
523 497 610 529 ?Quis
625 504 679 523 non
697 496 798 523 eaaltat
808 492 890 530 atque
899 495 995 523 adorat
1003 494 1111 522 scabel-

318 544 375 572 lum
392 544 492 579 pedum
507 543 614 571 Domini
632 543 680 570 Dei
693 543 791 572 nostri.
804 543 869 578 quia
889 547 1001 570 sanctus
1015 547 1057 569 est
1068 541 1111 568 "?

318 590 386 623 Quis
399 597 452 616 non
468 589 561 616 laudat
583 597 614 616 ac
631 589 866 624 magniﬁcateam,
878 596 942 623 qua:
954 592 1108 616 emortuum

318 643 405 671 genus
418 640 542 662 nostrum
559 643 593 662 ex
605 639 692 662 morte
705 639 734 662 et
752 634 853 662 inferni
865 634 1020 669 perditione
1032 633 1109 661 exal-

320 681 390 709 tavit
413 685 441 708 et
467 680 640 707 viviﬁcavit?
662 680 742 708 Nunc
769 680 890 715 gaudent
914 680 1003 716 angeli
1027 684 1109 714 atque

318 727 456 755 exsultant
479 726 645 761 archangeli.
663 734 725 753 cum
738 726 840 761 quibus
851 725 932 753 etiam
945 726 1045 754 choros
1057 726 1109 753 du-

318 778 385 800 cunt
399 772 615 808 supermundani
633 772 804 808 principatus
826 777 855 800 et
873 776 1031 807 potestates,
1045 780 1107 800 om-

318 827 422 854 nesque
439 819 571 846 ccelorum
588 819 703 845 virtutes
717 839 724 851 ,
741 817 930 853 iuvisibilique
950 819 1107 853 praesentia,

319 865 468 893 salutarem
486 868 545 891 toto
558 864 625 891 orbe
641 864 751 891 adorari
766 868 849 898 atque
869 864 982 891 exaltari
997 871 1108 891 crucem

320 911 456 942 videntes,
468 917 530 937 cum
538 909 669 937 Ecclesiis
679 909 726 937 Dei
736 909 918 936 colitetantur.
930 909 1025 944 Neque
1036 909 1109 936 enim
1126 898 1146 925 Β

321 957 375 984 ulla
389 957 442 984 alia
456 960 498 983 est
516 956 596 983 bonis
612 955 716 991 angelis
729 962 807 990 aeque
821 954 919 982 festiva
939 954 1055 990 lanaque
1067 962 1112 982 σοι

319 1002 459 1036 lemnitas,
470 1010 502 1029 ac
510 1009 571 1037 qua:
580 1001 677 1029 salutis
687 1001 830 1029 hominum
838 1005 999 1037 argumento
1010 1001 1111 1037 agitur.

356 1145 437 1174 Nunc
462 1143 579 1180 apostoli
594 1143 768 1174 clarescunt,
784 1147 812 1170 et
826 1142 978 1178 prophetae,
993 1141 1037 1169 his
1051 1150 1112 1177 qua:

322 1195 471 1227 geruntur,
493 1189 636 1225 magniﬁce
656 1188 862 1223 splendescunt.
883 1188 962 1216 Nunc
978 1193 1113 1224 martyres

320 1236 519 1274 jucundantur,
531 1243 563 1263 ac
576 1235 743 1263 decorantur
771 1234 939 1262 sacerdotes.
955 1234 1034 1262 Nunc
1047 1234 1112 1262 reli-

323 1283 462 1319 giosorum
480 1286 692 1317 sanctorumque
708 1281 785 1308 chori
812 1288 908 1308 omnes
923 1280 994 1308 diem
1012 1280 1111 1308 festum

323 1333 408 1364 agunt
427 1327 624 1364 gestiuntquc,
640 1327 688 1362 qui
706 1326 838 1354 nimirum
853 1334 935 1362 quant
955 1326 994 1353 illi
1011 1326 1113 1354 clariﬁ-

323 1379 433 1407 carunt,
449 1378 478 1402 et
491 1381 552 1409 qum
570 1381 618 1401 eos
637 1372 808 1404 clarificavit,
831 1380 910 1400 sacro
927 1372 981 1400 ritu
1002 1379 1112 1400 erucem

324 1420 471 1448 clariﬁeari
486 1420 609 1450 videant.
625 1423 708 1454 atque
723 1427 739 1446 e
754 1424 825 1447 terra
842 1419 928 1447 sacris
943 1418 1070 1446 manibus
1084 1418 1113 1446 in

323 1467 410 1494 altum
429 1466 487 1493 tolli
501 1475 508 1492 :
522 1473 585 1493 cum
606 1474 660 1501 qua
686 1466 789 1501 pariter
813 1465 932 1498 sublati,
957 1473 1007 1500 per
1030 1473 1112 1500 quam

324 1513 397 1540 l;ono
425 1512 547 1540 omnium
575 1512 711 1541 Salvatori
734 1513 882 1548 gratiarum
907 1514 1044 1542 actionem
1072 1512 1114 1539 in-

324 1559 504 1587 cessabilibus
523 1559 699 1595 mysticisque
726 1559 840 1587 vocibus
874 1559 1052 1587 modulantur
1081 1566 1114 1586 ac

324 1609 467 1641 promunt.

360 1656 455 1685 Omnis
477 1657 532 1693 jam
560 1655 683 1685 Ecclesia
706 1657 814 1685 laetatur
838 1666 870 1686 ac
893 1658 993 1687 decore
1021 1659 1116 1694 fulget,

324 1702 457 1737 velutque
478 1703 591 1730 caeleste
617 1702 736 1736 donum,
760 1708 791 1730 ut
817 1703 986 1731 immortales
1005 1704 1119 1732 delicias

325 1749 479 1784 pignusque
493 1748 650 1776 inviolabile
663 1769 671 1782 ,
694 1749 731 1776 ita
750 1756 860 1777 crucem
880 1750 941 1777 sinu
958 1750 1119 1785 complecti-

327 1800 382 1828 tur,
399 1795 646 1830 universorumque
667 1795 862 1830 conspectibus
879 1796 912 1823 ad
931 1796 1118 1831 spectaculum

325 1840 406 1867 simul
431 1845 459 1868 et
478 1841 674 1869 exaltationem
694 1849 725 1869 ac
745 1841 932 1869 adorationem
950 1849 1118 1877 proponens,

327 1886 392 1913 tiliis
409 1885 466 1913 suis
485 1886 595 1914 fortiter
612 1887 646 1914 ad
665 1887 810 1914 Dominum
828 1887 1022 1919 clamantibus,
1045 1888 1119 1915 illius

327 1940 443 1960 munere
464 1932 682 1961 misericordiam
701 1937 729 1962 et
750 1934 995 1962 sanctificationcm
1007 1939 1036 1962 et
1053 1935 1119 1962 illu-

327 1978 506 2006 ininationem
522 1979 596 2014 large
616 1979 784 2015 impertitur.
803 1980 918 2016 Jamque
936 1988 1033 2008 omnes
1055 1989 1121 2016 gen-

328 2027 386 2056 tes,
403 2028 521 2059 quantas
544 2024 610 2052 fecit
633 2025 781 2058 Dominus,
803 2026 935 2059 veniunt,
958 2033 990 2054 ac
1009 2026 1120 2054 vivifico

328 2074 426 2104 terque
445 2069 525 2096 beato
541 2069 616 2105 ligno
635 2070 876 2106 procumbunt"'.
889 2071 1012 2098 Adorant
1026 2079 1120 2099 coram

328 2114 394 2146 illo,
417 2122 449 2141 ac
475 2123 523 2150 per
540 2123 651 2143 crucem
677 2115 807 2144 Cruciﬁxi
827 2124 928 2144 nomen
949 2117 1119 2150 clarificant,

331 2161 405 2195 quod
421 2168 516 2189 revera
530 2169 646 2197 magnus
655 2163 691 2190 sit
703 2167 732 2190 et
743 2163 846 2190 faciens
855 2164 990 2192 mirabilia
1003 2165 1078 2193 solus
1087 2165 1119 2192 ".

328 2206 386 2234 Jam
399 2207 644 2242 dzemonumjaerea
655 2208 744 2236 omnis
756 2210 868 2244 aerique
878 2210 1011 2238 incubans
1022 2211 1121 2239 cohors

328 2260 361 2280 ac
379 2261 478 2289 pompa
503 2255 662 2290 triumphali
679 2255 793 2284 czeditur
816 2257 906 2292 ligno,
928 2257 1119 2293 frangiturque

329 2303 357 2325 et
369 2299 518 2334 rumpitur,
535 2307 623 2335 exque
642 2301 803 2329 caelestibus
816 2302 878 2337 jure
892 2303 991 2330 merito
1005 2303 1119 2331 sedibus

329 2346 492 2374 dcturbatur
506 2356 512 2374 :
525 2353 686 2382 cunctaeque
695 2352 852 2375 sanctorum
866 2348 994 2376 Ecclesiae
1011 2354 1040 2376 et
1057 2349 1120 2384 pio-

330 2400 392 2419 rum
404 2397 493 2419 cmtus
504 2393 580 2420 velut
596 2400 659 2420 cum
675 2393 748 2421 scala
764 2401 779 2421 e
799 2399 872 2421 terra
891 2394 919 2421 in
934 2395 1033 2423 coelum
1045 2395 1120 2422 exal-

331 2438 506 2472 tata,pariter
517 2438 639 2471 exaltati,
650 2439 726 2466 velut
741 2439 824 2474 virgae
835 2439 1004 2469 fortitudinis
1019 2441 1118 2473 innixi,

331 2483 405 2509 \‘clut
416 2483 558 2518 praelatum
575 2489 715 2519 sceptrum
729 2486 845 2521 regium,
855 2487 978 2522 supremi
995 2488 1119 2515 omnium

332 2529 412 2563 Regis
433 2537 542 2557 crucem
562 2531 644 2559 hodie
669 2532 852 2565 deducentes,
880 2534 1019 2562 caelestem
1046 2543 1122 2563 com-

331 2579 438 2601 mutant
464 2575 565 2608 locum,
575 2585 625 2612 pro
638 2578 755 2605 terrenis
764 2579 901 2612 cmlestes,
913 2587 945 2607 ac
959 2587 1009 2615 pro
1020 2585 1124 2607 morta-

331 2619 403 2647 libus
416 2621 584 2650 immortales
593 2623 684 2651 cll'ectl
698 2633 705 2651 :
719 2625 851 2659 igncaque
870 2625 1006 2660 romphaea
1027 2627 1125 2654 trium-

331 2666 405 2701 phali
423 2667 497 2703 ligno
528 2674 666 2703 superata,
685 2670 718 2697 ad
737 2677 886 2705 supernum
902 2671 1060 2706 paradisum
1093 2680 1125 2700 ac

330 2713 434 2751 lignum
447 2716 508 2745 vitae
522 2722 596 2745 recta
609 2718 772 2753 procedunt.

1162 269 1212 303 τῆς
1232 267 1427 303 κοσμιωτάτης
1441 267 1551 301 Ἑλένης
1568 267 1650 302 λέγω,
1674 267 1826 302 φιλοπόνως
1840 267 1954 302 ἀνερευς

1161 314 1314 350 νησάμενος
1329 310 1425 350 εὗρενο
1442 314 1489 340 καὶ
1506 313 1604 348 εὐρὼν,
1627 313 1760 348 φιλοθέως
1777 312 1908 348 ὲτίμησέν
1921 321 1953 340 τσ

1161 362 1208 388 καὶ
1226 361 1334 396 ὕψωσεν
1351 361 1397 387 ἐπὶ
1412 360 1556 393 τοσοῦτον,
1573 359 1612 392 ὡς
1634 360 1684 396 τὴν
1706 360 1789 388 αὐτοῦ
1807 360 1886 392 δόξαν
1909 361 1953 392 εις

1161 409 1252 434 πᾶσαν
1269 407 1516 443 ὑπερπερισσεύειν
1538 406 1587 439 τὴν
1606 406 1670 441 γῆν.

1195 453 1251 480 Καὶ.
1276 453 1318 485 τίς
1342 453 1396 479 τῶν
1417 454 1457 485 εις
1483 453 1566 479 αὐτὴν
1588 453 1746 488 ἡλπικότων
1768 454 1819 481 οὐκ
1843 454 1954 491 ἀπαντᾷ

1161 500 1230 536 πρὸς
1254 501 1303 534 τὴν
1328 499 1424 526 τούτου
1452 499 1661 535 προσκύνησιν;
1680 500 1728 532 Τίς
1751 499 1800 536 οὐχ
1820 500 1884 535 ὑψοῖ
1906 501 1954 528 καὶ

1160 548 1309 582 προσκυνεῖ
1325 546 1365 580 τῷ
1380 546 1520 580 ὑποποδίῳ
1539 545 1643 581 Κυρίου
1661 546 1708 572 τοῦ
1723 546 1791 573 Θεοῦ
1810 547 1900 582 ἡμῶν,
1911 547 1954 574 ὅτι

1160 591 1238 626 ἅγιός
1256 593 1352 624 ὲστιν;
1371 592 1419 623 Τίς
1446 591 1477 617 οὐ
1496 590 1603 623 δοξάζει
1629 591 1676 617 καὶ
1696 590 1842 625 μεγαλύνει
1858 591 1905 617 τδν
1922 591 1955 617 ὲκ

1161 638 1275 664 Θανάτου
1300 638 1348 663 καὶ
1371 636 1509 668 ἀπωλείας
1524 636 1597 672 ᾅδου.
1615 635 1666 671 τὴν
1685 636 1826 671 ἡμετέραν
1845 635 1956 670 ἀνυψώ-

1162 693 1246 711 σαντα
1272 684 1319 711 καὶ
1338 683 1485 714 ζωώσαντα
1516 682 1665 718 νέκρωσιν;
1681 681 1739 708 Νῦν
1758 681 1869 715 ἄγγελοι
1892 682 1954 716 καί⁴

1161 738 1248 765 ρουσι,
1278 730 1325 756 καὶ
1347 729 1496 764 σκιρτῶσιν
1522 727 1704 763 ἀρχάγγελοι,
1735 727 1831 762 Ἀρχαί
1849 735 1880 754 τε
1905 727 1957 755 σὺν

1158 775 1265 807 τούτοις
1281 775 1465 810 ὑπερκόσμιαι
1490 774 1536 800 καὶ
1552 773 1698 807 Ἐξουσίαι,
1711 773 1757 800 καὶ
1781 774 1869 800 πᾶσαι
1897 773 1954 800 τῶν

1159 822 1282 857 οὐρανῶν
1304 823 1331 849 αι
1346 821 1482 857 Δυνάμεις
1504 821 1657 856 χορεύουσι,
1677 820 1725 847 καὶ
1744 820 1868 855 ἀοράτως
1881 828 1955 856 παρ-

1161 868 1287 898 εστῶσαι,
1304 868 1350 894 καὶ
1379 868 1424 894 τὸν
1449 868 1582 902 σωτήριον
1603 868 1632 893 ὲν
1647 866 1764 902 πάσῃτῇ
1779 867 1813 901 γῇ
1832 874 1954 900 προσκυ-

1161 914 1207 941 νού
1212 922 1292 949 μενον
1300 914 1347 941 καὶ
1357 913 1423 948 ύψού
1428 922 1507 948 μενον
1515 913 1617 948 ὁρῶσαι
1627 913 1754 948 σταυρὸν.
1766 914 1827 943 ταῖς
1834 913 1953 948 Ἐκκλη-

1163 961 1235 992 σίαις
1254 960 1502 995 συνευφραίνονται
1527 958 1575 985 τοῦ
1602 958 1682 986 Θεοῦ.
1702 959 1770 985 οὐδὲ
1798 959 1852 994 γάρ
1878 959 1952 985 ἐστιν

1162 1006 1228 1041 ἄλλη
1251 1007 1308 1037 τοῖς
1331 1005 1445 1039 ἀγαθοῖς
1471 1005 1599 1039 ἀγγέλοις
1631 1004 1718 1036 οὕτως
1744 1005 1826 1041 ἑορτή
1854 1013 1884 1031 τε
1905 1004 1954 1031 καὶ

1162 1050 1298 1087 χαρμονὴ,
1313 1051 1350 1082 ὡς
1371 1051 1388 1087 ὴ
1406 1050 1454 1077 ἐπὶ
1470 1050 1593 1086 σωτηρίᾳ
1612 1050 1762 1086 τελουμένη
1783 1050 1838 1077 τῶν
1850 1050 1954 1086 ἀνθρω-

1162 1095 1249 1123 πίνων
1261 1095 1366 1131 ψυχῶν.

1198 1140 1256 1167 Νῦν
1293 1140 1438 1168 ἀπόστολοι
1476 1141 1726 1177 ὲλλαμπρύνονται,
1744 1141 1793 1168 καὶ
1814 1142 1954 1178 προφῆται

1163 1188 1220 1219 τοῖς
1234 1187 1371 1223 παροῦσιν
1392 1187 1610 1222 ὲναγλαῖζονται.
1627 1187 1685 1214 Νῦν
1707 1188 1733 1214 οἱ
1754 1188 1890 1224 μάρτυρες
1902 1197 1954 1216 κα-

1162 1233 1352 1270 τατέρπονται,
1368 1234 1417 1261 καὶ
1441 1235 1466 1261 οι
1494 1235 1578 1270 ἱερεῖς
1591 1233 1766 1270 ὡραῒζονται.
1782 1234 1840 1261 Νῦν
1854 1235 1956 1266 πάντες

1163 1280 1246 1307 ὁσίων
1261 1281 1309 1307 καὶ
1325 1279 1412 1314 ἁγίων
1427 1279 1587 1316 ἑορτάζουσι
1601 1281 1648 1307 καὶ
1660 1280 1811 1315 γεγήθασιν
1828 1280 1852 1307 οἱ
1866 1280 1954 1316 χοροὶ,

1163 1327 1209 1354 τὸν
1224 1327 1270 1354 ὑπ’
1283 1327 1373 1354 αὐτῶν
1389 1327 1593 1363 δεδοξασμένον,
1615 1327 1663 1354 καὶ
1683 1327 1783 1359 αὐτοὺς
1793 1326 1955 1360 δοξάσαντα,

1166 1372 1310 1407 βλέποντες
1329 1372 1448 1409 σταυρὸν
1468 1372 1549 1408 ἱερῶς
1567 1372 1756 1409 δοξαζόμενον,
1770 1373 1818 1401 καὶ
1836 1373 1891 1400 ἀπὸ
1903 1373 1958 1408 γῆς

1166 1419 1253 1453 ἱεραῖς
1268 1419 1364 1454 χερσὶν
1383 1419 1424 1450 εἰς
1445 1418 1512 1454 ὕψος
1535 1419 1698 1454 αἰρόμενον·
1724 1419 1772 1446 καὶ
1795 1418 1870 1454 αὐτῷ
1894 1427 1957 1445 συν-

1166 1466 1344 1500 επαιρὸμενοι
1357 1484 1365 1497 ,
1381 1465 1420 1500 τῷ
1437 1465 1589 1500 παναγάθῳ
1605 1465 1661 1492 τῶν
1687 1465 1756 1492 ὅλων
1778 1465 1884 1500 Σωτῆρι
1909 1465 1958 1493 τὸν

1165 1512 1342 1548 χαριστήριον
1364 1511 1586 1544 ἀκαταπαύστοις
1616 1512 1664 1538 καὶ
1684 1512 1828 1546 μυστικαῖς
1840 1511 1959 1547 ἀναμέλ-

1131 1576 1153 1606 c
1169 1566 1251 1585 πουσι
1266 1559 1325 1590 ταῖς
1340 1559 1452 1593 φωναῖς.

1208 1656 1289 1692 Ἀρτι
1305 1655 1354 1689 μὲν
1362 1655 1512 1691 Ἐκκλησία
1521 1657 1596 1683 πᾶσα
1611 1655 1786 1692 φαιδρύνεται
1801 1656 1849 1684 καὶ
1859 1655 1960 1683 καλλύ-

1169 1711 1255 1730 νεται·
1270 1702 1318 1729 καὶ
1332 1702 1427 1738 ὥσπερ
1444 1710 1471 1728 τι
1484 1702 1572 1737 δῶρον
1595 1702 1732 1738 οὐράνιον,
1748 1702 1786 1735 ὡς
1798 1703 1874 1730 ὄλϐον
1891 1703 1961 1737 ἀκή-

1170 1758 1263 1785 ρατον,
1279 1749 1317 1781 ὡς
1330 1748 1475 1785 κειμήλιον
1493 1748 1645 1783 ἄψαυστον,
1660 1748 1746 1781 οὕτως
1763 1749 1960 1784 ὲγκολπίζεται

1168 1795 1215 1822 τὸν
1232 1795 1367 1830 σταυρὸν,
1392 1795 1440 1822 καὶ
1459 1794 1554 1821 τοῦτον
1573 1795 1635 1826 ταῖς
1657 1795 1788 1822 ἁπάντων
1806 1795 1899 1830 ὕψεσιν
1920 1796 1962 1827 εἰς

1171 1841 1288 1876 θεωρίαν
1302 1849 1333 1867 τε
1348 1841 1406 1876 ἅμα
1420 1841 1467 1868 καὶ
1481 1840 1585 1876 ὕψωσιν
1600 1841 1648 1867 καὶ
1664 1840 1851 1876 προσκύνησιν
1863 1848 1962 1877 προτι-

1170 1887 1257 1918 θεῖσα,
1275 1888 1333 1918 τοῖς
1341 1888 1447 1918 τέκνοις
1461 1886 1547 1921 αὐτῆς
1567 1886 1688 1923 στερρῶς
1702 1886 1900 1922 ἐπιϐοωμένοις
1915 1886 1963 1914 τὸν

1170 1932 1284 1968 Κύριον,
1300 1932 1335 1958 δι’
1353 1932 1436 1959 αὐτοῦ
1463 1932 1510 1958 τὸν
1532 1932 1606 1959 ἐλεόν
1627 1941 1657 1959 τε
1681 1932 1820 1965 πλουσίως
1842 1933 1891 1960 καὶ
1914 1932 1962 1960 τὸν

1171 1977 1306 2012 ἀγιασμδν
1332 1978 1494 2013 ἐπιχορηγεῖ
1517 1978 1565 2004 καὶ
1585 1978 1630 2005 τδν
1655 1978 1805 2013 φωτισμόν.
1831 1978 1909 2014 ’Λρτι
1930 1977 1963 2005 δὶ

1171 2024 1261 2051 πάντα
1274 2023 1309 2050 τὰ
1320 2023 1397 2059 ἔθνη,
1409 2024 1460 2050 ὅσα
1474 2024 1604 2060 ἐποίησεν
1619 2025 1632 2051 ὁ
1647 2024 1762 2060 Κύριος,
1785 2025 1898 2060 ἥκοντα,
1913 2025 1963 2051 καὶ.

1170 2072 1210 2108 τῷ
1232 2071 1358 2107 ζωοποιῴ
1389 2071 1459 2107 ξύλῳ
1486 2071 1536 2099 καὶ
1560 2070 1705 2107 τρισολὸιῳ
1735 2070 1962 2106 προσπίπτοντα,

1172 2118 1374 2155 προσκυνοῦσιν
1387 2118 1504 2144 ἐνώπιον
1526 2116 1621 2143 αὐτοῦ·
1639 2116 1687 2143 καὶ
1706 2116 1751 2143 διὰ
1771 2117 1819 2143 τοῦ
1841 2116 1963 2152 σταυροῦ

1171 2165 1203 2192 τὸ
1217 2164 1266 2192 τοῦ
1286 2163 1499 2199 ἑσταυρωμένου
1521 2162 1678 2195 δοξάζουσιν
1696 2162 1792 2198 ὄνομα,
1813 2163 1855 2190 ὅτι
1874 2163 1963 2198 μέγας

1173 2210 1232 2236 ἐστὶ
1246 2209 1286 2244 τῷ
1309 2209 1366 2236 ὕντι
1391 2208 1439 2235 καὶ
1455 2207 1540 2234 ποιῶν
1557 2207 1699 2242 θαυμάσια
1724 2208 1816 2243 μόνος.
1833 2208 1915 2242 Ἀρτι
1932 2207 1964 2235 δὶ

1135 2251 1156 2277 Ι)
1171 2256 1246 2281 πᾶσα
1260 2254 1314 2281 τῶν
1328 2253 1465 2289 δαιμόνων
1483 2253 1595 2289 ὲνάερος
1615 2251 1730 2287 στρατιὰ
1745 2252 1793 2280 καὶ
1811 2252 1908 2288 πομπὴ
1923 2252 1964 2288 τῷ

1171 2300 1304 2336 νικοποιῷ
1324 2299 1470 2335 ῥαπίζεται
1481 2299 1563 2333 ξύλῳ,
1579 2298 1626 2326 καὶ
1642 2299 1737 2326 θλᾶται
1752 2298 1799 2325 καὶ
1817 2299 1960 2334 ῥήγνυται,

1172 2347 1285 2374 καὶτῶν
1301 2346 1436 2382 οὐρανίων
1453 2345 1566 2378 ἐνδίκως
1589 2343 1757 2380 οἰκητηρίων
1775 2347 1958 2372 κατασπᾶται·

1172 2394 1259 2420 πᾶσαι
1279 2393 1308 2420 δὲ
1325 2392 1381 2420 τῶν
1403 2391 1490 2426 ἁγίων
1518 2392 1545 2419 al
1564 2391 1710 2426 ἐκκλησίαι
1738 2391 1786 2418 καὶ
1810 2391 1963 2427 ὁμηγύριις

1172 2440 1227 2466 τῶν
1254 2439 1393 2471 εὐσεϐῶν,
1414 2438 1451 2470 ὡς
1474 2438 1589 2473 κλίμακι
1612 2437 1696 2472 γῆθεν
1724 2437 1865 2474 ὑψουμένῃ
1893 2437 1965 2472 πρὸς

1173 2485 1289 2521 οὐρανὸν
1314 2484 1527 2519 συνυψούμεναι,
1546 2483 1585 2515 ὡς
1606 2483 1696 2518 ῥάϐδῳ
1713 2483 1805 2518 ἰσχύος
1822 2483 1964 2518 ἐπερειδό-

1177 2542 1266 2568 μεναι,
1282 2531 1319 2563 ὡς
1335 2532 1467 2566 σκήπτρῳ
1480 2529 1612 2565 βασιλικῴ
1630 2529 1810 2565 προϊόντι,τῷ
1823 2529 1870 2556 τοῦ
1885 2539 1967 2566 παμ-

1176 2578 1311 2609 (Sannio);
1331 2577 1453 2611 σήμερον
1477 2575 1659 2611 συνεπόμεναι
1681 2575 1801 2611 σταυρῷ,
1819 2576 1865 2602 τὸν
1878 2575 1968 2611 οὐρά-

1177 2633 1233 2651 νιον
1247 2622 1436 2658 διαμείὸονται
1452 2621 1551 2656 χῶρον·
1570 2621 1630 2648 ἀντὶ
1647 2622 1749 2656 γηΐνων
1763 2621 1897 2656 οὐράνιοι,
1916 2622 1968 2648 καὶ

1174 2669 1236 2696 ἀντὶ
1251 2668 1358 2703 θνητῶν
1375 2666 1505 2693 ἀθάνατοι
1519 2667 1724 2701 καθιστάμενον
1742 2667 1788 2693 καὶ
1802 2667 1852 2702 τὴν
1869 2667 1967 2702 φλογί-

1174 2725 1222 2750 νην
1249 2714 1390 2751 ῥομφαίαν
1417 2713 1455 2748 τῷ
1479 2715 1671 2750 τροπαιοφόρῳ
1700 2714 1845 2750 παριόντες
1873 2714 1967 2750 ξύλῳ,

1173 2762 1241 2797 πρὸς
1255 2761 1300 2788 τὸν
1317 2761 1374 2787 ἄνω
1396 2759 1562 2796 παράδεισον
1584 2761 1631 2788 καὶ
1644 2761 1675 2788 τὸ
1690 2760 1769 2794 ξύλον
1784 2759 1968 2788 κατευθύνον-

1172 2817 1218 2835 ται
1228 2810 1277 2844 τῆς
1292 2807 1377 2843 ζωῆς,

369 2892 392 2908 ’⁸
403 2891 474 2920 Psal.
489 2901 581 2928 xcvul,
663 2895 702 2913 '"'
718 2896 789 2924 Psal.
810 2903 907 2930 Lxxxv,
920 2896 947 2925 9.
984 2896 1006 2912 "
1020 2896 1090 2924 Psal.
1105 2904 1198 2932 :xxxv,
1211 2897 1239 2926 Δ.
