2072 3160
176 173 209 206 37
529 170 669 200 ORATIO
689 168 744 199 III.
760 181 793 186 -
809 168 848 198 IN
869 166 1024 198 LAUDEM
1043 167 1095 198 SS.
1112 165 1226 197 PETRI
1244 164 1292 195 ET
1309 163 1435 195 PAULI.
1758 161 1793 196 38

218 223 328 258 ¹Δλλ“,ῶ
341 226 439 262 σταυρὲ
456 224 540 260 τίμιε,
555 225 603 252 καὶ
618 225 750 259 ὑπέρτιμε
769 223 902 258 σωτηρίας
916 221 961 248 καὶ

1047 222 1159 254 Verum,
1168 229 1185 248 ο
1198 220 1271 249 Crux
1284 218 1463 250 venerabilis,
1474 217 1604 252 omnique
1611 215 1698 252 major
1709 223 1794 245 vene-

178 273 251 308 ζωῆς
265 272 376 308 χορηγέ”
387 271 424 302 ὡς
438 271 551 306 ἐμψύχῳ
565 272 618 306 γὰρ
633 279 674 297 σοι
687 271 735 296 καὶ
752 269 834 301 ζῶντι
848 269 892 296 διὰ
909 269 958 305 τὴν

178 319 270 351 ζῶσαν
291 317 436 353 προσλαλῶ
460 318 549 353 χάριν·
574 317 605 343 τὸ
632 317 703 352 μέγα
727 316 775 342 καὶ
801 316 883 342 καλὺν
905 316 959 342 τῶν

178 365 271 401 ψυχῶν
287 365 485 400 φυλακτήριον·
502 364 532 390 τὸ
553 363 652 394 παντὸς
672 361 799 394 εὐσεϐοῦς
818 362 878 392 νοὸς
901 362 960 389 ἱλα-

179 411 298 446 στήριον,
315 411 361 437 καὶ
380 411 471 445 πάσης
484 410 597 445 καρδίας
611 410 658 436 καὶ
677 409 794 440 διανοίας
806 409 888 444 ὀρθῆς
905 417 961 443 φω-

175 457 315 491 τιστήριον
327 457 374 482 καὶ
384 456 570 491 ἀγιαστήριον.
584 453 620 481 Ὦ
631 454 743 490 σταυρὲ,
755 455 864 480 πάντων
876 454 960 489 ὑπερ-

175 503 295 530 ασπιστὰ
311 503 365 529 τῶν
382 502 495 534 πιστῶν,
510 502 606 528 πασῶν
636 501 731 528 οἰκιῶν
764 501 884 531 οἱκιστὰ,
912 500 960 527 καὶ

176 549 335 576 συνοικιστὰ
351 548 405 575 τῶν
424 548 531 583 κωρῶν·
547 547 642 574 πασῶν
660 547 765 574 πόλεων
776 546 901 578 πολιστὰ,
913 545 961 572 καὶ

176 593 320 629 εἰρηνευτὰ
336 593 390 619 τῶν
406 593 501 619 ἐθνῶν.
517 590 553 619 Ὦ
574 593 673 626 σταυρὲ
685 612 692 623 ,
708 592 755 618 τοῦ
773 591 876 626 κόσμου
889 600 959 617 παν-

174 640 224 670 τὸς
241 638 384 672 συναγωγὲ
406 639 453 664 καὶ
477 638 591 670 ἐνοποιὲ,
610 634 640 664 οὗ
660 637 690 663 τὸ
716 637 782 671 ὕψος
800 637 847 663 καὶ
868 636 959 671 βάθος,

177 685 264 720 μῆκός
287 693 317 711 τε
345 684 391 710 τοῦ
417 684 515 715 παντὸς
533 684 579 710 καὶ
600 683 701 714 πλάτος
719 685 778 715 ταῖς
791 683 903 714 οἰκείαις
915 691 961 709 κε-

177 731 268 766 ραίαις
282 731 455 765 διαγράφων,
472 730 519 756 καὶ
535 730 584 764 τὴν
604 729 807 764 τετραπέρατον
826 729 915 755 κτίσιν
932 730 960 755 ὲν

174 777 263 812 ἑαυτῷ
287 776 484 811 διαζωγραφῶν
507 776 553 802 καὶ
573 775 757 810 συγκρατῶν,
780 773 884 801 σῶσον
907 774 961 801 τὸν

173 824 251 850 λαόν
265 830 334 855 σου,
349 823 396 848 καὶ
410 822 580 856 εὐλόγησον
602 820 660 854 τὴν
671 821 875 855 κληρονομίαν
889 827 958 847 σου*

174 870 223 896 καί
239 869 387 903 ποίμανον
400 867 497 903 ἡμᾶς,
515 867 563 894 καὶ
584 868 696 901 ἔπορον
722 866 800 900 ἡμᾶς
828 866 883 899 ἕως
906 866 958 893 τοῦ

174 913 281 947 alin-oc
297 913 357 940 τῶν
370 913 494 941 αἰώνων.
521 913 618 949 Ἄμήν.

487 1067 598 1095 ΛΟΓΟΣ
613 1069 650 1094 1“’.

174 1129 224 1161 Εἰς
247 1128 319 1160 τοὺς
344 1125 450 1160 ἁγίους
481 1125 530 1151 καὶ
549 1124 746 1161 ,κορυφαίους
769 1124 961 1158 ἀποστόλους

384 1161 495 1194 Πέτρον
508 1159 558 1186 καὶ
569 1160 691 1187 Παῦλον
703 1159 754 1195 (2).

207 1218 257 1248 Τίς
272 1217 287 1243 ὃ
302 1215 418 1252 τερπνδς
434 1212 512 1248 οὗτος
530 1213 612 1251 ἦχος;
638 1214 685 1247 Τίς
706 1215 721 1241 ὸ
743 1214 797 1241 τῶν
818 1215 960 1250 ἑορταζόν-

173 1272 229 1290 των
241 1262 360 1297 εὔσημος
373 1262 487 1296 κρότος;
502 1261 550 1292 Τίς
564 1262 580 1295 ἡ
595 1260 736 1295 θαυμαστὴ
752 1261 798 1286 καὶ
810 1261 962 1296 περιφανὴς

177 1309 245 1344 αὓτη
261 1307 455 1343 λαμπροψορία
462 1307 508 1334 καὶ
517 1307 699 1342 φωταγωγία;
718 1307 811 1342 Ὑμεῖς
826 1308 840 1332 ὀ
851 1306 962 1341 περιού-

181 1364 238 1387 σιος
252 1355 296 1382 τοῦ
314 1354 382 1381 Θεοῦ
396 1354 460 1385 λαός
473 1361 480 1369 '
496 1354 510 1379 ὁ
525 1355 557 1388 τῇ
578 1353 767 1390 Χριστωνύμῳ
779 1353 960 1388 τετιμημένος

181 1402 283 1437 κλήσει,
295 1402 309 1427 ὁ
325 1402 373 1427 καὶ
387 1399 487 1431 παντὸς
505 1400 602 1433 γένους
618 1399 666 1426 καὶ
681 1399 739 1434 βίου
763 1400 811 1425 καὶ
824 1399 963 1431 πολιτείας

177 1447 223 1472 καὶ
241 1445 359 1481 ἡλικίας,
388 1444 461 1476 ζέσει
491 1444 608 1475 πίστεως
639 1444 827 1479 κεκινημένος,
847 1443 894 1470 καὶ
917 1444 963 1470 τὸν

176 1491 353 1527 περιώνυμον
382 1489 474 1516 τοῦτον
505 1490 560 1516 τῶν
584 1490 739 1516 ἀποστόλων
763 1489 845 1524 σηκδν
859 1489 964 1525 πεπλη-

174 1537 286 1574 ρωκὼς.
317 1537 365 1568 Τίς
385 1537 398 1563 ὁ
414 1537 529 1572 δρόμος;
544 1536 611 1571 τίς-ἡ
633 1536 734 1572 σπουδὴ
747 1535 797 1571 τὴν
809 1535 885 1570 ἱερὰν
896 1535 961 1562 ταύ-

171 1593 226 1620 την
255 1583 419 1610 καταλαῦεῖν
444 1582 527 1616 αὐλήν
541 1591 549 1614 ;
565 1581 646 1609 πόθεν
664 1582 726 1616 ὑμῖν
743 1581 837 1618 ὥσπερ
848 1582 877 1615 ἐξ
900 1582 960 1613 ἐνὸς

173 1630 359 1665 συνθήματος,
374 1629 419 1664 ἀφ’
445 1629 563 1664 ἑσπέρας
589 1628 673 1662 αὐτῆς
685 1628 893 1663 ὲγηγερμένοις,
911 1629 959 1660 τὰς

175 1678 247 1709 ιδίας
264 1678 313 1713 μὲν
327 1678 414 1710 οἰκίας
432 1678 592 1710 ὲκκενῶσαι,
610 1678 655 1705 τὸν
671 1678 742 1705 θεῖον
766 1678 795 1705 δὲ
817 1678 960 1713 πληρῶσαι

175 1723 267 1755 ναόνς
297 1723 343 1748 καὶ
367 1722 472 1748 ἑαυτῶν
492 1722 541 1756 μὲν
568 1722 662 1758 ὥσπερ
684 1722 824 1754 ἐξεστάναι
852 1722 939 1749 δοκεῖν
952 1729 959 1737 ·

174 1766 301 1802 ἀλλήλων
327 1767 355 1793 δὲ
387 1767 522 1803 συμπνοία
555 1767 734 1803 γεγενῆσθαι,
768 1766 883 1803 γνώμης
914 1767 962 1794 καὶ

175 1812 298 1843 πίστεως
319 1811 501 1848 ὁμοφροσύνῃ,
516 1813 564 1839 καὶ
585 1812 710 1847 γλώσσης
731 1812 886 1848 συμφωνίᾳ,
915 1821 962 1848 μο-

175 1857 268 1891 νοειδῆ
283 1857 330 1884 καὶ
343 1857 501 1893 ἐναρμόνιον
514 1857 608 1893 ὥσπερ
623 1858 652 1890 ἐξ
668 1857 811 1892 εὐρύθμων
837 1857 961 1893 ὀργάνων

171 1903 226 1929 ’τὸν
240 1903 290 1938 τῆς
310 1902 464 1938 δοξολογίας
491 1903 659 1939 ἀνακροῦσαι
675 1904 792 1938 φθόγγον
805 1912 813 1936 ;
828 1904 876 1935 Τίς
890 1905 904 1930 ὁ
917 1904 963 1930 τδν

179 1947 328 1982 ἱερώτατον
347 1948 441 1975 τοῦτον
464 1949 593 1983 σύλλογον
614 1949 630 1985 ἢ
650 1949 742 1976 θίασον
767 1949 838 1976 οὕτω
857 1958 963 1985 παναρ-

179 1995 281 2029 μονίως
298 1995 455 2029 συγκροτῶν
470 2003 478 2027 ;
491 1995 526 2021 Ἦ
541 1995 618 2030 δῆλον
629 1995 667 2027 ὡς
676 1995 777 2030 Πέτρος
787 1995 834 2021 καὶ
847 1995 962 2026 Παῦλος,

176 2039 195 2072 ἡ
211 2038 346 2074 κορυφαία
369 2039 416 2065 καὶ
432 2038 607 2074 πρεσϐυτάτη
625 2039 680 2066 τῶν
697 2040 852 2066 ἀποστόλων
879 2038 964 2072 ἀκρό-

176 2093 231 2119 της
251 2092 259 2098 ·
275 2084 386 2119 Πέτρος,
400 2085 417 2120 ὴ
431 2085 480 2120 τῆς
495 2085 613 2120 Χριστοῦ
637 2085 754 2117 πίστεως
780 2086 851 2121 ἀρχή
865 2092 872 2100 ⁸
889 2084 963 2111 Παῦ-

177 2130 237 2162 λος,
253 2131 270 2166 ή
282 2131 331 2165 τῆς
346 2131 456 2166 ἀγάπης
478 2131 616 2166 τελειότης
631 2139 637 2146 ·
653 2131 768 2166 Πέτρος,
790 2131 807 2166 ἡ
833 2129 965 2166 ἀμετακί-

177 2185 262 2211 νητος
279 2176 327 2212 τῆς
357 2177 519 2211 Ἐκκλησίας
537 2178 624 2213 πέτρα
639 2185 646 2193 ·
662 2177 777 2210 Παῦλος,
789 2177 804 2203 ὁ
826 2177 871 2203 τδν
886 2175 965 2211 θεμέ-

177 2222 238 2249 λιον
249 2224 350 2258 ταύτης
360 2223 488 2257 ἀσφαλῶς
504 2224 732 2257 καταὸαλόμενος.

216 2311 296 2341 Οὗτοι
310 2315 342 2350 δὴ
359 2315 478 2350 σήμερον
493 2312 537 2342 οἷα
551 2315 610 2347 νόες
634 2315 782 2350 ὑπόπτεροι
793 2315 848 2342 τῶν
877 2316 959 2350 ὑπερ-

177 2361 279 2396 (ρώτων
301 2361 348 2387 καὶ
379 2361 511 2396 οὐρανίων
535 2361 757 2393 ὑποκαταϐάντες
781 2362 891 2397 χώρων,
916 2362 963 2388 καὶ

176 2407 237 2437 τοῖς
263 2406 291 2431 ὲν
307 2405 413 2439 γενέσει
431 2405 585 2444 καὶνφθορᾷ
600 2406 682 2438 ζῶσιν
706 2406 746 2432 ἔτι
763 2406 863 2441 νοερῶς
873 2414 901 2432 τε
918 2406 965 2432 καὶ

178 2448 380 2485 φιλανθρώπως
393 2449 580 2484 συγγινόμενοι
597 2458 603 2465 ·
617 2450 700 2482 ὀξέως
718 2458 747 2476 τε
767 2451 964 2486 διατρέχοντες,

177 2496 227 2521 καὶ
252 2495 502 2530 ἐμπεριπατοῦντες
529 2497 557 2522 ἐν
576 2496 651 2530 ἡμῖν,
680 2496 747 2531 πρὸς
768 2495 964 2531 ὑπέρλαμπρον

177 2540 360 2567 ἐκκαλοῦνται
381 2540 514 2576 θυμηδίαν
530 2549 538 2557 ’
554 2541 602 2567 καὶ
617 2541 695 2568 ἄλλον
703 2541 848 2576 ἀλλαχόθεν
863 2542 966 2577 ήσυχίῳ

179 2587 229 2613 καὶ
247 2585 345 2621 ὑψηλῷ
376 2587 590 2620 συγκαλούμενοι
619 2586 788 2621 κηρύγματι,
812 2588 859 2614 καὶ
881 2589 967 2614 καθά-

179 2640 234 2667 περ
251 2632 321 2667 μέλη
334 2632 419 2659 πλείω
430 2633 492 2665 τοὺς
508 2633 612 2664 πάντας
635 2633 675 2664 είς
687 2633 716 2659 ἓν
731 2633 811 2668 σῶμα
832 2634 864 2669 τῇ
890 2634 967 2668 ἁρχι-

217 2711 239 2727 ³⁵
250 2711 323 2738 Psal.
333 2719 415 2744 xxvn,
427 2712 453 2739 9.

210 2792 260 2832 .(2)
275 2791 344 2832 Tota
361 2793 420 2832 haec
431 2792 620 2832 oratio_varii‘s
634 2791 754 2832 flosculis
769 2792 849 2825 ludit,
865 2792 965 2832 vixque

179 2828 241 2869 alia
256 2826 291 2869 ad
309 2827 450 2869 historiam
464 2827 626 2869 pertinentia
640 2828 813 2869 sumitquam
828 2836 889 2862 quae
906 2826 966 2868 ipsa

180 2862 326 2896 Scriptura
341 2862 376 2890 de
390 2863 561 2898 principibus
569 2863 756 2898 apostolorum
767 2863 808 2890 sic
823 2863 966 2899 magnifice

1011 269 1127 300 ratione,
1141 275 1173 294 ac
1189 267 1285 294 salutis
1298 266 1414 300 viueque
1430 263 1603 292 conciliatrix
1621 262 1706 297 (velut
1718 263 1792 289 enim

1010 322 1071 341 cum
1097 313 1215 340 animata
1236 316 1320 346 atque
1333 312 1443 338 vivente
1467 310 1581 344 loquor,
1599 308 1635 335 ob
1656 315 1716 335 eam
1739 314 1794 342 qua

1009 359 1123 394 prmdita
1140 365 1169 385 es
1186 357 1296 384 vitalem
1315 354 1452 390 gratiam),
1470 361 1599 388 magnum
1617 353 1794 388 przeclarum-

1010 413 1064 439 que
1087 404 1240 431 animorum
1264 401 1480 438 phylacterium,
1506 400 1556 435 piae
1580 399 1670 426 omnis
1695 397 1796 425 mentis

1010 450 1247 487 propitiatoriuin,
1264 456 1372 476 necnon
1404 447 1471 475 recti
1500 447 1590 474 omnis
1606 446 1698 474 cordis
1712 449 1795 480 atque

1010 497 1095 524 animi
1112 497 1182 524 lucis
1198 504 1229 524 ac
1246 495 1401 524 sanctitatis
1414 494 1647 529 promptuarium.
1662 492 1685 519 0
1705 491 1794 524 Crux,

1011 544 1132 570 omnium
1146 542 1269 570 defensio
1282 541 1496 576 praesidiumque
1512 539 1635 566 fidelium
1650 538 1657 563 l
1671 537 1795 564 omnium

1010 589 1156 617 mdilicatio
1179 588 1339 619 domorum,
1356 590 1507 619 auctorque
1525 588 1555 611 ul.
1572 588 1676 610 tractus
1690 586 1719 610 et
1735 582 1797 609 loca

1011 636 1070 671 pari
1085 635 1189 663 fmdere
1203 633 1377 664 habitantur;
1391 631 1513 658 omnium
1528 629 1734 657 condendarum
1748 635 1796 655 ar-

1011 681 1083 709 bitra
1099 681 1252 712 civitatum,
1266 684 1294 706 et
1309 683 1339 706 ut
1353 677 1479 704 nationes
1494 683 1560 711 pace
1577 674 1794 709 componantur!

1011 727 1034 755 Ο
1060 735 1128 755 crux
1157 725 1291 753 mundum
1315 724 1473 751 universum
1507 720 1655 749 concordia
1684 719 1794 747 socians

1011 764 1183 807 uniensque,
1198 771 1276 805 cujus
1290 768 1381 796 omnis
1393 767 1567 795 altitudinem
1580 769 1609 793 et
1623 764 1794 800 profundita-

1012 823 1077 849 tem,
1094 815 1348 852 longitudinemque
1365 817 1393 841 et
1406 811 1579 840 latitudinem
1595 810 1650 837 tuis
1663 809 1796 837 cornibus

1011 863 1148 897 ramisque
1170 861 1307 892 delincas,
1323 859 1451 894 orbisque
1472 862 1589 893 quatuor
1610 861 1701 891 partes
1719 856 1746 882 in
1768 859 1795 882 te

1010 911 1189 943 rcprmsentes
1205 906 1416 940 eontineasque,
1432 903 1512 931 Salva
1533 901 1658 938 populum
1679 906 1752 927 tuum
1770 904 1795 926 et

1010 953 1114 980 benedic
1129 952 1308 979 Iiwi‘editatcm
1325 955 1399 976 tuam
1416 957 1425 976 :
1441 953 1465 975 et
1480 956 1539 983 rege
1551 956 1596 974 nos
1610 952 1687 982 atque
1701 944 1796 973 exlolle

1011 1000 1036 1026 in
1050 998 1175 1026 sa’culum
1188 1006 1269 1033 usque
1280 996 1437 1024 swculorum
1448 994 1482 1021 ".
1495 994 1594 1022 Amen.

1307 1063 1434 1093 ORATIO
1452 1063 1498 1091 III.

1011 1131 1140 1158 Laudatio
1153 1133 1305 1157 sanctarum
1319 1136 1351 1154 ac
1364 1127 1511 1167 principum
1522 1123 1699 1161 apostolorum
1723 1122 1796 1150 Petri

1338 1161 1368 1189 et
1376 1161 1465 1189 Pauli.

1045 1222 1177 1255 Quisnam
1204 1219 1342 1256 iucundus
1372 1217 1418 1245 hic
1446 1216 1571 1244 sonitus?
1600 1214 1667 1248 Quis
1690 1214 1796 1242 faustus

1011 1269 1155 1302 clarusque
1167 1266 1267 1293 festum
1284 1264 1424 1300 agentium
1440 1261 1569 1298 plausus?
1584 1261 1712 1295 Qurenam
1727 1260 1797 1287 mira

1011 1315 1070 1342 haec
1094 1322 1125 1341 ac
1153 1311 1297 1347 splendida
1319 1310 1437 1338 vestium
1462 1309 1581 1336 candore
1606 1307 1797 1341 luminumque

1012 1360 1164 1396 gestatione
1179 1357 1295 1393 pompa?
1305 1357 1360 1384 Vos
1373 1355 1479 1383 scilicet
1490 1353 1638 1389 peculiaris
1651 1353 1698 1380 Dei
1711 1359 1798 1386 popu-

1012 1406 1064 1438 lus,
1077 1404 1178 1433 Christi
1190 1403 1310 1430 nominis
1324 1400 1530 1436 nuncupatione
1544 1403 1666 1431 ornatus,
1676 1405 1710 1425 ex
1722 1396 1798 1424 omni

1012 1458 1123 1487 genere,
1138 1450 1275 1481 instituto,
1290 1447 1400 1474 civitate
1416 1450 1497 1480 atque
1509 1449 1598 1474 aetate.
1612 1443 1675 1470 fidei
1690 1443 1798 1471 fervore

1013 1500 1181 1527 commotus,
1196 1495 1299 1529 quique
1317 1493 1423 1520 illustre
1441 1492 1493 1518 hoc
1510 1490 1695 1525 apostolorum
1715 1489 1797 1516 delu-

1013 1543 1104 1574 brum,
1119 1546 1252 1577 quantum
1271 1544 1323 1572 est,
1339 1537 1563 1566 concertantibus
1579 1536 1680 1563 animis
1697 1535 1798 1570 imple-

1013 1587 1119 1615 veritis.
1134 1586 1264 1619 Quisnam
1287 1583 1402 1611 cursus?
1419 1582 1484 1615 Quae
1502 1580 1642 1616 diligentia
1659 1585 1688 1607 et
1706 1579 1797 1612 ardor,

1011 1637 1042 1659 ut
1058 1632 1085 1658 in
1103 1637 1209 1658 sacrum
1226 1629 1278 1656 hoc
1294 1631 1401 1661 septum
1415 1625 1564 1653 veniretis?
1578 1623 1656 1652 Unde
1668 1623 1747 1651 vobis
1764 1628 1796 1651 ut

1010 1678 1086 1704 velut
1100 1684 1133 1703 ex
1149 1683 1203 1702 uno
1215 1673 1342 1702 condicto
1355 1672 1389 1700 ab
1403 1672 1462 1707 ipso
1474 1670 1585 1698 excitati
1596 1677 1722 1705 vespere,
1733 1669 1796 1697 reli~

1011 1722 1064 1750 ctis
1074 1720 1168 1748 vacuis
1179 1719 1317 1751 domibus,
1328 1718 1447 1746 divinam
1459 1717 1530 1744 hunc
1541 1716 1626 1744 aedem
1637 1715 1798 1750 repleretis?

1012 1775 1044 1795 ac
1056 1766 1167 1802 quidem
1180 1765 1258 1793 vobis
1272 1764 1340 1799 ipsis
1351 1770 1436 1799 prope
1448 1762 1559 1790 modum
1573 1761 1737 1794 excessisse;
1752 1761 1799 1788 alii

1011 1821 1077 1840 vero
1095 1813 1212 1839 aliorum
1232 1811 1307 1843 facti.
1320 1809 1474 1837 animorum
1495 1807 1698 1842 conspiratione
1718 1806 1798 1834 ﬁdei-

1012 1868 1066 1895 que
1088 1858 1238 1887 concordia
1258 1865 1290 1884 ac
1308 1857 1408 1892 linguze
1429 1855 1619 1885 consensione.
1635 1854 1799 1881 uniformem

1012 1905 1272 1942 atque’concinnam
1284 1903 1360 1930 velut
1372 1901 1520 1929 modulatis
1535 1900 1645 1936 organis
1663 1900 1800 1927 laudatio-

1012 1953 1057 1980 nis
1071 1959 1166 1979 vocem
1183 1956 1335 1984 sonumque
1349 1948 1432 1975 edere
1445 1945 1612 1974 videamini?
1628 1945 1694 1978 Quis
1708 1952 1801 1972 sacra-

1015 1998 1151 2025 tissimum
1174 1996 1249 2022 hunc
1271 1997 1437 2021 conventum
1465 1999 1513 2019 seu
1537 1991 1651 2018 chorum
1678 1990 1717 2018 sic
1738 1994 1800 2024 apte

1014 2047 1145 2077 tantaque
1167 2041 1281 2068 omnino
1306 2037 1449 2066 harmonia
1475 2036 1563 2071 cogit?
1587 2036 1683 2063 Nonne
1711 2035 1800 2070 palam

1015 2089 1112 2117 Petrus
1135 2092 1163 2115 et
1183 2087 1299 2118 Paulus,
1314 2085 1443 2120 princeps
1467 2083 1512 2110 ille
1536 2082 1801 2117 augustissimusque

1014 2134 1200 2170 apostolorum
1222 2137 1316 2159 vertex
1343 2139 1349 2157 ε
1371 2130 1483 2161 Petrus,
1498 2128 1600 2155 Christi
1622 2127 1684 2154 fidei
1707 2126 1800 2161 origo,

1015 2180 1134 2211 Paulus,
1161 2178 1305 2206 charitatis
1330 2175 1464 2211 perfectio
1493 2183 1500 2200 :
1529 2174 1626 2201 Petrus
1655 2172 1802 2200 immobilis

977 2233 1004 2262 1)
1016 2226 1146 2254 Ecclesia:
1163 2229 1255 2260 petra,
1273 2223 1388 2254 Paulus,
1403 2221 1477 2248 illius
1495 2223 1552 2247 tute
1570 2224 1700 2254 certaque
1716 2219 1803 2246 desti-

1013 2271 1123 2298 natione
1135 2270 1238 2305 jactum
1252 2268 1460 2295 fundamentum
1475 2266 1487 2293 ?

1051 2316 1084 2343 Hi
1107 2315 1239 2342 nimirum
1260 2313 1343 2340 hodie
1359 2313 1434 2339 velut
1451 2312 1559 2347 aligera:
1576 2315 1683 2338 mentes
1698 2318 1713 2337 a
1731 2309 1802 2338 luei-

1016 2361 1136 2389 dissimis
1152 2360 1207 2387 illis
1219 2367 1251 2386 ac
1263 2357 1423 2386 cmlcstihus
1433 2365 1493 2385 sese
1506 2357 1683 2384 demittentes
1694 2355 1802 2388 axibus,

1017 2407 1190 2442 benignaque
1207 2403 1386 2432 inclinatione
1404 2403 1459 2430 illis
1474 2402 1573 2438 spiritu
1590 2401 1741 2436 congressi,
1755 2401 1802 2436 qui

1018 2453 1162 2479 mortalem
1179 2451 1269 2478 adhuc
1286 2454 1370 2485 agunt
1386 2449 1486 2480 vitam.
1501 2448 1679 2483 velociusque
1695 2447 1803 2475 discur-

1018 2503 1110 2525 rentes
1127 2505 1159 2525 ac
1176 2497 1348 2524 ambulantes
1365 2495 1394 2522 in
1411 2495 1505 2526 nobis.
1523 2494 1557 2522 ad
1578 2494 1653 2521 omni
1672 2494 1803 2529 majorem

1019 2544 1165 2579 splendore
1177 2543 1377 2578 iucunditatem
1390 2541 1508 2568 invitant
1521 2549 1527 2567 :
1540 2541 1680 2575 aliumque
1691 2539 1803 2568 aliunde

1019 2589 1128 2624 placido
1154 2589 1264 2623 altoque
1290 2591 1473 2616 convocantes
1497 2587 1650 2622 prmconio,
1673 2595 1705 2615 ac
1728 2586 1804 2613 velut

1021 2635 1099 2669 plura
1112 2633 1245 2666 membra,
1258 2634 1287 2661 in
1301 2641 1387 2660 unum
1401 2640 1510 2667 corpus,
1522 2633 1698 2661 sacratissimi
1708 2638 1803 2659 eorum

1021 2793 1121 2833 tradit;
1136 2799 1197 2833 qua:
1210 2797 1284 2820 certe
1294 2796 1363 2833 sunt
1373 2793 1542 2833 maximarum
1556 2799 1616 2826 qua:
1626 2790 1729 2832 merito
1744 2799 1804 2833 ma—

1020 2828 1119 2855 ximam
1137 2828 1177 2854 eis
1189 2828 1392 2855 venerationem
1410 2829 1436 2854 iu
1450 2828 1571 2853 fidelium
1588 2826 1687 2854 animis
1710 2827 1805 2855 conci‘

1021 2863 1099 2890 lionl.
1116 2863 1205 2890 Pauca
1219 2863 1309 2898 itaque
1325 2863 1404 2890 nobis
1420 2862 1583 2889 annotautla.
