2072 3160
292 163 328 198 39

884 161 1038 194 .NICETIE
1056 161 1320 194 PAPIILAGONIS

1890 159 1928 194 ιο

292 221 408 257 spiritus
431 219 611 249 fabricatione
633 223 749 248 cunctos
784 224 961 256 coaptantes,
982 220 1017 247 ad
1039 219 1083 247 Dei

1140 221 1267 256 τεκτονίᾳ
1277 221 1324 247 τοῦ
1339 218 1513 254 πανευαγοῦς
1539 218 1631 247 αὐτῶν
1658 218 1814 256 πνεύματος
1842 217 1928 254 ἁρμό-

292 266 398 293 eantica
420 265 571 301 laudesque
593 265 787 299 celebrandas,
801 266 978 301 ipsorumque
999 265 1085 293 hone-

292 311 418 338 standam
441 310 674 346 magniﬁcentiam
696 318 730 339 ac
752 310 923 347 spargendos
944 311 1083 343 honores,

292 362 470 393 congregant.
878 376 882 378 -

327 403 414 438 Igitur
424 411 457 431 ea
473 411 614 436 soncmus,
627 410 688 438 qua:
704 402 838 438 Spiritum
855 403 936 431 nobis
952 403 1084 433 insonan-

292 453 348 476 tem
367 449 534 477 addeceant!
551 449 688 477 Canamus
705 449 770 477 tuba
787 449 816 477 in
840 449 907 478 Sion
927 459 934 478 :
952 451 1085 486 praedice-

292 503 355 523 mus
379 496 408 523 in
429 500 522 523 monte
546 499 664 528 sancto,
690 494 718 522 in
744 495 797 523 hac
821 496 929 523 scilicet
960 497 1085 524 Ecclesia

293 543 419 578 (mystica
434 549 466 569 ac
482 541 639 576 prmdilecta
655 541 704 569 Dei
718 542 842 574 civitatc,
858 549 890 569 ac
903 549 998 570 sacros
1010 542 1086 570 ordi-

291 593 390 616 nantes
407 588 518 620 choros,
533 595 674 615 sacrorum
692 588 882 624 theologorum
899 589 1085 617 sacratissime

291 634 476 669 religiosaque
501 633 607 669 pietate
631 634 739 661 cantica
761 634 914 670 laudesque
937 634 1085 670 deproma-

291 688 354 707 nius
364 680 397 707 “.
409 680 468 713 Qua
479 687 547 707 vero
561 679 589 707 id
601 680 724 708 ratione?
734 680 795 708 Non
807 681 998 716 Sophistarum
1010 682 1084 717 leges

290 726 379 754 secuti
403 735 411 760 ;
437 734 493 754 non
514 734 643 755 sermone
665 727 852 761 celebrantes,
865 735 948 763 quam
966 728 1084 763 quisque

290 773 319 801 in
352 773 433 800 terris
466 773 583 808 patriam
619 777 717 801 nactus
748 773 786 801 sit
815 783 823 808 ;
855 782 910 801 non
941 779 1082 802 terrenum

289 819 436 855 magniﬁce
453 827 540 855 genus
557 820 722 847 extollentes
738 828 745 854 ;
763 828 818 847 non
834 821 985 849 nativitatis
1000 825 1082 857 atque

289 867 508 895 conversationis
527 867 687 894 civilitatem
707 874 835 895 sermone
858 872 999 895 ornantes.
1016 867 1082 902 Qum

290 913 366 941 enim
391 913 452 941 laus
477 913 519 941 eis
541 913 702 948 proveniat,
720 913 768 948 qui
791 917 896 949 patrem
920 914 1081 942 habuerunt

290 959 483 987 universorum
504 959 589 986 Deum
600 979 607 992 ,
626 959 742 995 patriam
757 967 834 991 vero,
847 960 988 988 caelestem
1001 960 1081 988 Jeru-

290 1006 375 1033 salem
385 1026 392 1038 ,
410 1013 508 1041 genus,
524 1005 714 1033 beatissimum
728 1006 913 1042 patriarcham
926 1006 1083 1033 Abraham?

289 1053 358 1089 quin
374 1053 467 1088 potius
484 1053 560 1080 illius
575 1053 657 1080 ﬁdem
675 1056 704 1080 ct
718 1053 865 1088 justitiam,
878 1052 981 1087 quibus
998 1052 1082 1080 etiam

289 1099 328 1127 illi
344 1106 458 1134 prorsus
479 1098 583 1127 similes
604 1100 770 1125 exstiterunt
792 1106 799 1125 ε
823 1098 1081 1132 conversationem,

289 1147 440 1178 virtutem,
462 1149 491 1172 et
515 1152 576 1179 quae
602 1144 637 1171 ad
662 1143 804 1171 Christum
832 1148 875 1172 est
901 1151 950 1179 per
976 1144 1081 1180 legem,

288 1190 405 1226 primam
422 1190 625 1219 institutionem
640 1198 672 1217 ac
685 1190 910 1226 praparationem
921 1191 933 1217 ?
943 1190 978 1218 At
992 1198 1082 1226 neque

289 1242 390 1265 cuncta
404 1237 501 1265 ordine
515 1237 646 1272 praeclare
659 1237 716 1264 illis
730 1243 762 1264 ac
777 1236 922 1272 magniﬁce
936 1237 985 1265 Dei
998 1237 1082 1265 Verbi

289 1292 374 1312 causa
396 1288 473 1320 gesta
494 1283 634 1319 sigillatim
650 1283 804 1312 laudemus.
821 1282 867 1311 Sic
881 1283 953 1311 enim
970 1287 1084 1319 praeter-

291 1336 376 1364 quam
395 1328 469 1363 qnod
488 1328 670 1364 impossibilis
686 1336 718 1357 ea
734 1329 842 1357 molitio
858 1333 911 1362 est,
925 1329 1006 1365 juslze
1023 1337 1083 1357 me-

289 1376 445 1404 diocritatis
461 1376 551 1412 legem
568 1376 781 1405 excesserimus.
795 1375 841 1404 Hae
855 1385 922 1404 vero
951 1378 1046 1410 etiam,
1059 1378 1082 1405 si

291 1429 346 1456 qua
360 1421 424 1453 alia,
437 1421 672 1457 quemadmodum
686 1421 714 1449 in
731 1421 861 1450 omnibus
876 1422 1083 1458 operationibus

290 1467 522 1503 passionibusque
535 1471 563 1495 et
577 1468 696 1500 actibus,
711 1468 751 1495 sic
767 1473 796 1495 et
812 1468 841 1496 in
861 1469 928 1504 ipsis
946 1469 1083 1497 intellecta

291 1513 452 1548 integraque
470 1514 663 1546 sermonibus,
675 1514 786 1541 laudem
802 1515 897 1543 habet.
912 1516 1014 1543 Verum
1031 1516 1083 1543 alia

292 1558 406 1594 quidem
422 1559 468 1586 alii
484 1559 601 1594 tempori
616 1564 699 1594 atque
714 1560 836 1587 sermoni
852 1565 934 1587 sunto
948 1561 1081 1596 reposita;
1097 1575 1118 1605 ο

290 1604 346 1632 alia
370 1611 435 1632 vero
461 1612 537 1632 nunc
564 1604 654 1633 laudis
690 1611 852 1640 argumento
879 1611 961 1641 atque
989 1607 1083 1642 gloriae

291 1649 483 1677 disertissimis
500 1649 638 1677 sermonis
655 1650 752 1678 amicis
768 1650 918 1678 oﬁeramus
937 1660 943 1678 :
962 1651 1083 1679 directo-

290 1703 346 1731 que
360 1696 394 1723 aui
409 1703 457 1723 eos
473 1695 562 1724 laudis
579 1696 699 1729 cantico,
714 1696 741 1723 in
758 1696 818 1725 haec
833 1697 918 1724 verba
936 1705 998 1725 cum
1016 1705 1082 1733 pro-

291 1743 377 1778 pheta
390 1751 397 1770 :
413 1742 504 1775 Avete,
518 1742 569 1776 ﬁlii
583 1742 647 1770 Sion
657 1734 690 1776 δί’,
704 1743 779 1778 ipsos
792 1743 976 1779 alloquamur.

327 1789 425 1823 Avete,
444 1794 566 1825 paternae
582 1790 683 1818 divina).
700 1790 816 1825 originis
833 1791 900 1818 clari
918 1798 1079 1826 prmcones:

292 1835 450 1864 divinorum
468 1835 529 1862 Filii
546 1842 661 1870 operum
678 1835 843 1862 divinissimi
862 1835 1054 1870 explanatores
1073 1843 1081 1863 :

291 1881 409 1909 viviﬁcte
428 1881 548 1916 Spiritus
568 1881 680 1909 virtutis
700 1882 762 1909 viva
782 1889 883 1917 organa
906 1889 938 1908 ac
959 1881 1082 1908 modula-

293 1929 412 1959 tissima.
434 1936 495 1963 quae
515 1928 646 1956 videlicet
671 1928 841 1955 dulcissimis
862 1928 976 1955 vocibus
999 1932 1082 1963 atque

292 1975 412 2002 modulis
435 1974 671 2008 concinnissimis,
693 1975 854 2003 universum
879 1975 961 2003 simul
985 1974 1081 2002 orbem

292 2027 394 2048 terram
411 2021 458 2048 uni
474 2021 564 2048 Verbo
581 2025 609 2048 et
624 2021 680 2048 Deo
697 2021 892 2053 adhibueritis,
907 2026 936 2048 et
947 2021 981 2048 ad
997 2020 1036 2047 illi
1053 2020 1081 2048 in

291 2066 390 2102 spiritu
402 2071 430 2094 ct
442 2067 558 2094 veritate
572 2067 747 2094 serviendum
766 2067 941 2094 inslitucrilis
950 2067 982 2094 ³θ.

327 2111 407 2140 Salve
414 2113 463 2144 sis,
471 2113 561 2144 Petre,
573 2113 617 2140 cui
631 2113 721 2140 claves
733 2113 810 2148 regni
823 2113 956 2140 ccclomm
970 2113 1082 2140 credita:

289 2163 356 2187 sunt
382 2167 390 2191 ς
420 2167 505 2194 super
529 2166 611 2194 quem
636 2158 763 2186 Christus
788 2158 907 2186 ﬁrmavit
930 2159 1081 2186 Ecclesiam

290 2212 386 2238 suam;
408 2212 491 2240 quem
516 2204 549 2232 ad
571 2205 679 2232 Patrem
701 2204 869 2240 migraturus
900 2204 959 2233 suis
982 2205 1081 2233 ovibus

291 2254 429 2285 pastorem
443 2250 604 2285 praefecit".

327 2355 408 2383 Salve
422 2354 470 2388 sis,
483 2354 578 2386 Paule,
592 2353 639 2390 qui
655 2353 744 2382 ﬁdelis
757 2358 786 2382 et
800 2353 923 2389 prudens
936 2353 1079 2388 dispensa-

291 2406 335 2430 tor
346 2405 466 2438 paternae
479 2401 578 2428 domus
592 2401 737 2432 enitueris,
748 2408 864 2435 eamque
875 2399 911 2427 ob
925 2407 982 2426 rem
996 2399 1080 2427 ctiam

291 2455 375 2483 super
392 2446 484 2474 omnia
501 2454 562 2481 qu:e
579 2446 653 2473 illius
670 2451 749 2477 sunt,
764 2445 933 2473 constitutus
952 2444 990 2472 sis
1007 2452 1015 2477 ;
1033 2444 1080 2479 qui

290 2493 385 2520 adhuc
395 2493 490 2520 vivens
506 2499 632 2527 corpore,
643 2492 671 2519 in
686 2492 797 2519 tertium
811 2491 911 2519 emittm
925 2494 1020 2525 raptus
1031 2490 1079 2523 sis,

290 2539 505 2576 paradisumque
516 2539 618 2566 mentis
628 2538 717 2566 oculis
727 2537 923 2572 aspectabilem
935 2544 1082 2567 consnexe-

291 2586 342 2620 ris,
353 2594 386 2613 ac
398 2586 485 2614 verba
502 2592 602 2613 arcana
620 2585 675 2612 tuis
692 2584 751 2619 ipse
768 2583 884 2611 auribus
900 2582 1039 2610 audiveris
1047 2582 1080 2608 ‘°.

326 2633 407 2661 Salve
419 2633 468 2664 sis,
483 2633 574 2663 Petre,
588 2631 636 2666 qui
653 2631 732 2663 prius
747 2629 859 2664 quidem
874 2633 967 2656 mutos
981 2635 1081 2663 sagcna

291 2679 382 2715 pisces
396 2677 555 2714 capiebas“
571 2686 577 2703 :
594 2681 688 2711 postea
702 2684 779 2707 vero,
795 2676 888 2703 divino
905 2676 982 2711 plexa
998 2683 1080 2710 opere

292 2723 351 2758 ipsc
373 2731 424 2758 per
446 2722 589 2749 Christum
615 2729 714 2756 sagena
736 2720 866 2752 eﬂ'cctus,
884 2726 913 2747 et
936 2721 964 2747 in
988 2719 1081 2747 saeculi

291 2769 394 2796 missus
414 2775 505 2799 mare,
523 2771 606 2802 atque
623 2774 657 2794 ex
673 2767 748 2794 omni
766 2767 943 2794 rationalium
963 2766 1080 2802 piscium

328 2869 350 2886 "
360 2868 419 2896 Joel
432 2875 460 2898 ιι.
473 2867 558 2901 1.15;
571 2867 684 2898 Psal.".
696 2867 722 2895 6.
762 2868 783 2883 ³⁷
793 2867 851 2895 Joel
863 2875 892 2896 ιι.
902 2867 948 2894 25.

292 2911 367 2937 μιν,
377 2902 426 2936 46;
443 2903 463 2931 ll
477 2903 543 2932 Cor.
556 2912 604 2938 ιιι,
615 2904 643 2931 2.
683 2903 704 2919 “
717 2902 812 2931 Matth.
824 2911 861 2937 iv,
874 2903 922 2937 l9;
937 2910 994 2936 xui,
1005 2903 1050 2931 47,

1004 2868 1026 2884 ³³
1035 2868 1114 2896 Joan.
1128 2876 1164 2902 tv,
1175 2867 1220 2897 25.

1135 269 1240 302 ζοντες,
1274 269 1314 300 είς
1336 268 1453 303 ὕμνησιν
1480 267 1530 302 μὲν
1546 265 1594 293 καὶ
1621 265 1700 298 δόξαν
1716 260 1795 298 Θεοῦ,
1816 264 1926 292 ἔπαινον

1133 315 1163 344 δὲ
1181 316 1229 343 καὶ
1245 314 1328 351 τιμὴν
1345 315 1395 350 τῆς
1406 314 1510 346 οἰκείας
1541 311 1781 348 μεγαλοπρεπείας
1805 321 1924 349 συγκρο-

1134 362 1237 390 τοῦσιν.

1171 408 1276 436 Οὐκοῦν
1288 408 1436 444 ὴχήσωμεν
1456 407 1503 435 τοῦ
1525 407 1687 443 ἓνηχοῦντος
1702 407 1770 443 ἡμῖν
1794 405 1925 441 Πνεύμα-

1133 464 1179 487 τος
1209 454 1308 489 ἐπάξια
1320 463 1328 471 ·
1354 455 1530 490 σαλπίσωμεν
1552 454 1686 488 σάλπιγγι
1709 454 1739 481 ὲν
1759 452 1829 479 Σιών
1846 460 1854 468 ο
1870 461 1924 488 κη-

1136 501 1262 537 ρύξωμεν
1289 502 1320 529 ὲν
1346 501 1405 536 ὄρει
1433 501 1515 536 ἁγίῳ,
1546 502 1580 536 τῇ
1605 499 1754 535 Ἐκκλησία
1778 498 1876 534 ταύτῃ,
1892 499 1925 534 τῇ

1136 548 1255 584 μυστικῇ
1273 548 1321 575 καὶ
1345 547 1474 583 ἁγαπητῇ
1491 547 1539 574 τοῦ
1570 546 1637 574 Θεοῦ
1659 546 1735 573 πόλει
1752 553 1760 561 ”
1786 545 1834 572 καὶ
1847 544 1925 580 ιερὰς

1135 595 1336 630 συστησάμενοι
1347 594 1537 630 χοροστασίας,
1553 593 1604 625 τὰς
1615 593 1671 621 τῶν
1695 592 1776 628 ἱερῶν
1792 591 1926 626 θεολόγων

1134 641 1273 677 ⁴ποινιέρως
1302 642 1480 677 κροτήσωμεν
1495 640 1669 675 ὑμνολογίας.
1692 639 1880 674 Κροτήσωμεν
1897 637 1926 664 δὲ

1134 686 1194 718 πῶς
1209 695 1218 721 ;
1234 686 1272 713 Οὐ
1302 685 1440 721 σοφιστῶν
1461 685 1590 721 ἑπόμενοι
1621 684 1715 719 νόμοις
1732 691 1739 698 ·
1756 683 1787 709 οὐ
1800 682 1840 718 τῷ
1851 681 1926 717 λόγῳ

1132 734 1183 765 τὰς
1208 733 1285 760 κάτω
1304 732 1481 768 σεμνύνοντες
1509 730 1661 767 πατρίδαςτ
1687 730 1718 757 οὐ
1743 729 1775 756 τὺ
1788 728 1843 756 άπὸ
1871 730 1926 765 γῆς

1134 779 1369 816 μεγαλαυχοῦντες
1391 779 1487 813 γένος·
1518 778 1549 804 οὐ
1579 778 1750 812 γεννήσεως,
1781 776 1831 802 οὐκ
1856 775 1924 802 ἀνα-

1133 827 1254 862 στροφῆς
1272 826 1434 861 ἀστειότητα
1446 825 1600 859 διεξιόντες.
1617 823 1663 855 Τίς
1691 823 1746 859 γὰρ
1762 823 1795 849 ὲκ
1821 821 1925 848 τούτων

1133 872 1218 906 α’ίνος,
1235 875 1290 905 τοῖς
1305 873 1414 907 Πατέρα
1427 873 1487 908 μὲν,
1500 872 1548 899 τὸν
1563 872 1618 898 τῶν
1637 871 1707 898 ὅλων
1727 869 1821 906 σχοῦσι
1833 869 1900 896 Θεόν
1914 877 1922 884 ·

1134 917 1252 952 πατρίδα
1277 917 1317 949 δὲ,
1343 917 1393 952 τὴν
1422 917 1478 944 ἄνω
1505 915 1702 952 Ἰερουσαλήμο
1728 915 1808 950 γένος
1830 914 1859 941 δὲ
1872 914 1924 942 λα-

1133 962 1221 998 χοῦσι,
1248 963 1295 990 τὸν
1323 963 1458 999 μακάριον
1484 962 1660 999 πατριάρχην
1690 961 1838 997 ’Λᾶραάμ·
1856 961 1924 997 μᾶλ-

1132 1007 1179 1035 λον
1195 1008 1235 1041 δὲ,
1245 1008 1294 1044 τὴν
1308 1008 1412 1035 ἐκείνου
1427 1008 1519 1036 πίστιν
1532 1009 1580 1035 καὶ
1593 1007 1777 1043 δικαιοσύνην,
1792 1005 1832 1038 οἷς
1846 1006 1923 1042 αὐτῷ

1132 1055 1181 1082 καὶ¹
1204 1055 1381 1082 παντάπασιν
1414 1054 1569 1090 ὡμοίωνται
1585 1062 1593 1070 '
1618 1053 1792 1089 ἀναστροφὴν
1816 1053 1844 1080 δὲ
1871 1053 1923 1088 τὴν

1132 1101 1246 1136 ἀρετὴν,
1274 1101 1321 1128 καὶ
1348 1100 1398 1137 τὴν
1417 1100 1484 1136 πρδς
1517 1100 1636 1136 Χριστὸν
1659 1099 1703 1127 διὰ
1733 1099 1817 1134 νόμον
1841 1098 1922 1126 παιδ-

1133 1146 1256 1181 αγωγίαν
1280 1155 1309 1173 τε
1323 1146 1370 1173 καὶ
1399 1145 1634 1182 προκατάρτισιν;
1654 1145 1723 1173 Ἀλλ’
1749 1145 1810 1172 οὐδὲ
1832 1145 1923 1177 πάσας

1133 1192 1197 1227 ἑξῆς
1207 1192 1257 1224 τὰς
1280 1191 1352 1228 ὑπὲρ
1364 1191 1412 1219 τοῦ
1439 1191 1507 1219 θεοῦ
1526 1192 1614 1226 Λόγου
1635 1190 1857 1227 κατωρθωμένας
1873 1191 1925 1218 αὑ-

1132 1239 1188 1271 τοϊς
1216 1237 1418 1273 μεγαλουργίας
1445 1238 1506 1266 κατ’
1532 1235 1603 1270 εἶδος
1614 1238 1833 1274 ὲξυμνήσωμεν·
1850 1238 1924 1266 οὕτω

1132 1284 1188 1320 γὰρ
1198 1284 1266 1320 πρὸς
1279 1284 1318 1320 τῷ
1332 1284 1471 1321 ἀνεφίκτῳ
1487 1285 1537 1320 τῆς
1546 1286 1740 1321 ἐγχειρήσεως,
1757 1285 1862 1313 καὶτὸν
1872 1286 1923 1322 τῆς

1134 1331 1305 1367 συμμετρίας
1324 1331 1357 1359 ἂν
1373 1331 1456 1367 νόμον
1473 1331 1681 1367 παραὸαίημεν.
1710 1332 1866 1365 Ἐπαινετδς
1893 1332 1924 1359 δὲ

1135 1377 1183 1405 καὶ
1213 1374 1302 1410 οὗτος,
1319 1378 1399 1414 εἴπερ
1414 1377 1493 1410 ἄλλος
1506 1387 1559 1411 τις,
1587 1370 1682 1414 ὥσπερ
1696 1378 1847 1414 ἐνεργείαις
1870 1377 1924 1406 πά-

1134 1431 1195 1457 σαις
1209 1425 1258 1453 καὶ
1283 1424 1383 1452 πάθεσι
1408 1425 1455 1452 καὶ
1479 1425 1628 1461 πράξεσιν,
1657 1424 1729 1452 οὕτω
1747 1425 1779 1461 δὴ
1791 1425 1838 1452 καὶ
1865 1426 1925 1457 τοῖς

1133 1468 1223 1504 λόγοις
1239 1470 1330 1502 αὐτοῖς
1347 1469 1573 1504 ἐνθεωρούμενος.
1598 1468 1679 1496 Ἀλλὰ
1707 1468 1743 1494 τὰ
1760 1468 1810 1504 μὲν
1835 1468 1922 1503 ἑτέρῳ

1133 1515 1323 1552 τεταμιεύσθω
1340 1515 1430 1552 καιρῷ
1449 1515 1496 1543 καὶ
1514 1515 1587 1551 λόγῳ
1601 1524 1609 1532 ·
1626 1514 1660 1541 τὰ
1676 1515 1703 1541 δὲ
1718 1513 1766 1541 νῦν
1785 1510 1860 1541 αἶνον
1874 1513 1924 1541 καὶ

1135 1562 1213 1595 δόξαν
1231 1564 1286 1594 τοῖς
1304 1562 1482 1597 λογιωτάτοις
1509 1560 1691 1597 προσάξωμεν
1711 1561 1760 1588 τοῦ
1775 1561 1863 1595 Λόγου
1876 1562 1924 1596 '19!-

1136 1609 1193 1639 λοις
1209 1616 1216 1623 ·
1245 1608 1292 1635 καὶ
1317 1608 1387 1643 πρὸς
1406 1607 1506 1640 αὐτοὺς
1531 1607 1578 1635 τὸν
1603 1607 1689 1643 ὕμνον
1716 1607 1922 1639 ἀποτείναντες,

1139 1654 1178 1680 Τὰ
1197 1653 1286 1680 τέκνα
1295 1653 1384 1688 Σιὼν,
1397 1654 1526 1689 χαίρετε,
1543 1653 1611 1689 μετὰ
1620 1653 1667 1681 τοῦ
1682 1654 1831 1690 προφήτου,
1843 1661 1926 1688 προσ-

1136 1700 1328 1736 φθεγγώμεθα.

1171 1789 1299 1825 Χαίρετε,
1315 1789 1366 1824 τῆς
1378 1789 1516 1825 πατρικῆς
1532 1788 1662 1824 Θεαρχίας
1685 1788 1842 1824 διαπρύσιοι
1875 1788 1926 1823 κή-

1138 1845 1219 1870 ρυκες
1235 1845 1243 1852 σ
1255 1837 1306 1871 τῆς
1325 1835 1373 1862 τοῦ
1389 1835 1454 1862 Υίοῦ
1474 1835 1618 1870 θεουργίας
1642 1834 1831 1870 ὶεροφάντορες
1857 1834 1926 1861 θειόσ

1135 1891 1210 1910 τατοι
1225 1890 1232 1898 ·
1244 1884 1291 1918 τῆς
1310 1882 1448 1918 ζωαρχίας
1464 1881 1510 1908 τοῦ
1524 1881 1682 1916 Πνεύματος
1710 1880 1814 1916 δργανα
1835 1881 1926 1913 ζῶντα

1135 1929 1182 1956 καὶ
1194 1929 1381 1964 πολυαρμόνια
1397 1935 1404 1943 ·
1433 1929 1468 1954 τὰ
1484 1928 1614 1963 φθόγγοις
1627 1927 1745 1963 ἡδίστοις
1764 1927 1812 1953 καὶ
1828 1926 1924 1962 μέλεσι

1135 1975 1342 2010 παναρμονίοις,
1358 1975 1407 2011 τὴν
1421 1975 1582 2010 οἰκουμένην
1597 1974 1665 2010 ὁμοῦ
1677 1974 1778 2006 πᾶσαν,
1794 1974 1834 2000 ἑνὶ
1843 1974 1923 2008 Λόγῳ

1135 2022 1182 2048 καὶ
1196 2022 1256 2056 Θεῷ
1275 2022 1520 2058 παραστησάμενα,
1540 2022 1586 2048 καὶ
1612 2020 1699 2057 τούτῳ
1718 2019 1855 2055 πνεύματι
1877 2020 1924 2047 καὶ

1135 2069 1250 2104 ἀληθείᾳ
1263 2068 1403 2104 λατρεύειν
1419 2069 1638 2104 συμϐιϐάσαντα.

1170 2115 1294 2151 Χαὶροις,
1311 2115 1406 2151 Πέτρε,
1422 2116 1436 2141 ὁ
1447 2116 1497 2149 τῆς
1509 2115 1564 2141 τῶν
1582 2114 1706 2150 οὐρανῶν
1719 2114 1857 2149 βασιλείας
1869 2113 1924 2145 τὰς

1119 2163 1210 2194 ,κλεῖς
1224 2161 1460 2197 πεπιστευμένος·
1474 2161 1516 2195 ἐφ’
1542 2157 1565 2195 ᾧ
1587 2161 1636 2194 τὴν
1669 2159 1738 2186 ίδίαν
1762 2161 1776 2187 ὁ
1806 2159 1924 2194 Χριστὸς

1141 2210 1305 2245 Ἐκκλησίαν
1318 2209 1480 2245 ὲστηρίξατο
1495 2216 1502 2224 ⁸
1520 2208 1550 2234 ὃν
1565 2207 1613 2234 καὶ
1627 2207 1756 2241 ποιμένα.
1779 2206 1847 2242 πρὸς
1876 2205 1924 2232 τὸν

1098 2258 1121 2286 Ι)
1135 2256 1232 2284 ἑαυτοῦ
1247 2256 1356 2291 Πατέρα
1373 2255 1553 2290 μεταϐαίνων,
1574 2254 1621 2280 ἐπὶ
1637 2253 1692 2280 τῶν
1708 2252 1791 2280 αὑτοῦ
1817 2251 1924 2287 προ6ά‹

1133 2311 1187 2329 των
1202 2302 1400 2336 κατεστήσατο.

1170 2347 1296 2382 Χαίροις,
1314 2346 1415 2379 Παῦλε,
1433 2346 1448 2372 ό
1463 2345 1558 2377 πιστὸς
1574 2345 1715 2379 οἰκονόμος
1730 2343 1778 2370 καὶ
1790 2344 1923 2378 φρόνιμος

1133 2392 1183 2427 τῆς
1197 2393 1244 2419 τοῦ
1271 2392 1377 2428 Πατρός
1398 2392 1569 2428 ἀποδειχθεὶς
1592 2391 1681 2422 οἰκίας
1697 2400 1704 2407 ·
1719 2390 1753 2417 δι’
1773 2389 1788 2416 ὅ
1804 2390 1851 2416 καὶ
1875 2389 1923 2416 ἐπὶ

1134 2439 1202 2465 πᾶσι
1225 2439 1281 2470 τοῖς
1305 2438 1473 2473 ὑπάρχουσιν
1499 2437 1573 2473 αὐτῷ
1593 2436 1816 2471 καθεσταμένος”
1838 2436 1852 2462 ὁ
1880 2434 1922 2461 ἔτι

1135 2480 1241 2519 σώματι
1251 2484 1316 2517 ζῶν,
1335 2484 1402 2520 πρὸς
1416 2485 1462 2511 τδν
1472 2484 1563 2520 τρίτον
1578 2483 1713 2519 ἀρπαγεὶς
1734 2481 1858 2517 οὐρανὸν,
1875 2481 1922 2507 καὶ

1133 2529 1179 2556 τὸν
1202 2530 1298 2564 νοητὸν
1326 2530 1491 2565 παράδεισον
1510 2529 1685 2564 τεθεαμένος,
1715 2529 1762 2555 καὶ
1791 2527 1923 2563 ῥημάτων

1133 2577 1262 2614 ἀρρήτων
1277 2579 1408 2614 αὐτήκοος
1422 2577 1615 2613 γεγενημένος.

1169 2625 1293 2660 Χαίροις,
1322 2625 1421 2660 Πέτρε,
1439 2626 1452 2651 ὀ
1478 2625 1610 2659 πρότερον
1638 2622 1688 2658 μὲν
1702 2622 1807 2655 ἀλόγων
1823 2621 1924 2656 ἰχθύων

1136 2671 1306 2704 σαγηνευτής
1324 2678 1331 2684 ·
1345 2670 1443 2696 ἔπειτα
1459 2671 1564 2704 σαγήνη
1583 2669 1728 2700 θεόπλοκος
1744 2667 1788 2693 διὰ
1802 2667 1924 2703 Χριστοῦ

1137 2717 1281 2750 γενόμενος
1306 2717 1397 2748 αὑτὶς,
1424 2717 1470 2742 καὶ
1496 2717 1536 2747 εἰς
1563 2716 1612 2750 τὴν
1633 2714 1769 2750 κοσμικὴν
1786 2714 1925 2741 Θάλασσαν

1136 2763 1349 2799 ἐμῦειλημένος,
1365 2764 1412 2790 καὶ
1431 2764 1463 2789 ὲκ
1480 2762 1580 2793 παντὸς
1606 2762 1702 2795 γένους
1727 2760 1782 2786 τῶν
1807 2759 1925 2794 λογικῶν

1268 2867 1288 2884 ⁸³
1300 2866 1394 2895 Matth.
1410 2874 1462 2900 xvt,
1487 2865 1532 2899 18;
1546 2865 1624 2893 Joan.
1637 2872 1692 2898 ut,
1704 2865 1747 2892 17.
1793 2863 1816 2880 ⁸⁸
1826 2861 1923 2891 Matth.
