2072 3160
150 188 184 222 il
521 191 662 222 ORATIO
682 191 740 222 III.
755 190 840 222 -IN
861 189 1017 220 LAUDEM
1037 190 1090 222 SS.
1110 190 1225 220 PETRI
1244 189 1291 219 ET
1311 189 1436 219 PAULI.
1750 187 1787 219 42

152 248 317 284 συνειλεχὼς
352 249 450 284 ἰχθύων
474 256 480 262 ·

152 295 380 322 πολυτελέστατον
395 296 674 331 παρασκευαζόμενος
690 296 816 330 ὀψώνιον.

189 341 311 376 Χαίροις,
336 340 437 372 Παῦλε,
460 342 616 377 όπρότερον
648 342 696 377 μὲν
725 342 765 377 τῷ
789 341 864 378 ζήλῳ
895 341 942 368 τοῦ

152 387 234 422 νόμου
255 387 438 422 καταφλεγείς
454 396 462 402 ·
478 388 573 415 ἔπειτα
595 389 629 424 τῇ
651 388 702 423 τῆς
725 389 837 424 χάριτος
847 388 943 424 ἀγάπῃ

151 433 337 469 πυρποληοεῐς
353 442 361 450 ν
390 435 438 461 καὶ
455 434 546 469 φυγὰς
566 434 626 469 μὲν,
642 435 703 461 ἀντὶ
716 434 832 461 διώκτου
848 443 856 451 ·
881 435 943 461 ἀντὶ

151 479 315 515 βλασφήμου
330 480 359 507 δὲ
379 480 427 507 καὶ
446 480 587 516 ὑϐριστοῦ,
615 481 800 516 δοκιμώτατος
824 482 943 515 εὐαγγε-

149 527 246 562 λιστὴς
258 527 444 562 γεγενημένος
459 536 466 543 ·
483 528 531 554 καὶ
544 527 621 563 χερσὶ
641 528 690 564 μὲν
707 528 942 564 δέρρειςάψύχους

150 575 319 610 συρράπτων
340 575 409 610 πρὸς
430 575 607 610 σκηνοποιίαν
624 583 632 590 ο
659 575 799 611 Πνεύματι
820 576 848 602 δὲ
877 575 943 610 θείῳ

148 619 264 652 λογικὰς
289 621 406 647 συνδέων
432 621 545 656 καρδίας
561 623 607 647 καὶ
632 622 738 657 νοερᾶς,
767 622 814 648 καὶ
839 622 943 657 σκηνὴν

149 666 252 697 ταύτας
271 667 417 702 ἀκήρατον,
439 668 486 694 καὶ
500 667 627 703 οὐράνιον
646 669 715 702 πρὸς
731 668 780 703 τὴν
795 668 843 695 τοῦ
863 669 942 704 Ὑψί-

150 720 215 738 στου
231 712 389 746 κατοίκησιν
401 713 454 738 ἀπε
458 713 636 747 ργαζόμενος.

191 803 297 838 Ὑμεῖς,
315 804 338 830 εἰ
351 805 400 830 καὶ
413 804 483 831 κατὰ
497 805 594 839 χρόνον
604 805 650 831 τὸν
665 805 730 832 ἴδιον
750 806 879 841 ἑκάτερος
893 806 942 841 τῆς

148 850 177 875 ὲν
209 851 293 884 σαρκὶ
322 851 476 886 γεννήσεως
498 851 622 887 ἐτύχετε,
637 852 705 879 ἀλλὰ
721 854 892 888 προαιωνίως
913 854 943 879 ἐν

146 895 207 930 θεῷ
220 896 308 930 Πατρὶ
324 897 557 932 προεγνωσμένοι,
574 899 621 924 καὶ
640 898 691 933 τῆς
705 899 752 925 τοῦ
769 899 942 934 Μονογενοῦς

146 939 226 974 δόξης
243 939 402 975 σύμμορφοι
418 941 545 975 γενέσθαι
571 944 784 978 προωρισμένοι.
807 932 853 970 ὅτε
861 942 943 980 ἦλθεν
959 932 980 960 Β

145 984 178 1010 τὸ
190 985 330 1019 πλήρωμα
346 985 393 1011 τοῦ
406 986 515 1020 χρόνου,
541 987 588 1013 καὶ
613 987 699 1021 Λόγος
719 988 787 1023 σὰρξ
819 989 939 1023 ἐγένετο,

147 1030 267 1064 πρώτως
281 1031 359 1057 αὐτοὶ
376 1032 414 1067 (5)
430 1032 526 1059 τοῦτον
535 1033 693 1067 ἐπιγνόντες
713 1036 763 1061 καὶ
789 1035 918 1068 λαϐόντες
931 1045 938 1052 ·

145 1077 195 1103 καὶ
216 1077 320 1111 πρῶτοι
334 1078 384 1112 τῆς
397 1078 427 1111 ἐξ
437 1079 522 1106 αὐτοῦ
537 1081 691 1116 γεννήσεως
707 1081 865 1117 ἠξιωμένοι,
894 1084 941 1110 καὶ

144 1122 253 1156 πρῶτοι
263 1122 356 1149 τοῦτον
369 1123 475 1156 ἑαυτοῖς
502 1125 721 1160 εὐμοιρήσαντες
748 1127 940 1161 ὲσκηνωκότα,

145 1168 213 1194 αὐτὸ
227 1169 258 1194 τὸ
278 1169 388 1204 Πνεῦμα
403 1170 450 1197 τοῦ
473 1171 542 1197 Θεοῦ
560 1173 776 1208 συμμαρτυροῦν
804 1175 940 1209 ἐσχήκατε

145 1215 185 1249 τῷ
196 1215 333 1249 πνεύματι
352 1216 441 1251 ὑμῶν,
457 1217 498 1243 ὅτι
515 1218 578 1244 ὲστὲ
595 1220 680 1245 τέκνα
689 1219 736 1245 τοῦ
756 1219 825 1246 Θεοῦ
840 1229 847 1236 '
864 1223 888 1247 ει
912 1221 941 1248 δὲ

145 1262 243 1294 τέκνα,
277 1263 323 1288 καὶ
357 1262 521 1299 κληρονόμοι
539 1272 547 1280 ο
579 1264 745 1301 κληρονόμοι
779 1266 829 1301 μὲν
852 1267 940 1299 Θεοῦ,

149 1307 364 1342 συγκληρονόμοι
380 1308 409 1335 δὲ
423 1309 555 1343 Χριστοῦ.

192 1353 294 1388 Ὑμεῖς,
312 1354 344 1380 οὐ
364 1355 413 1391 τῆς
425 1356 590 1392 ἐπουρανίου
616 1358 740 1393 κλήσεως
767 1359 876 1395 μέτοχοι
893 1361 940 1394 μό-

150 1407 206 1432 νον,
221 1400 286 1427 ἀλλὰ.
297 1402 345 1428 καὶ
361 1402 476 1438 ἐκλογῆς
488 1403 542 1429 υἱοὶ
557 1405 780 1440 κεχρηματίκατε
796 1414 803 1422 '
821 1407 868 1433 καὶ
890 1408 940 1434 οὐκ

148 1447 292 1484 ἑξελέγητε
308 1449 400 1485 μόνον,
419 1451 487 1477 ἀλλὰ
500 1451 549 1478 καὶ
571 1451 761 1488 ἐδικαιώθητε,
795 1454 863 1481 ἀλλὰ
894 1456 940 1481 καὶ

144 1495 318 1530 ἐδοξάσθητε.
340 1496 433 1531 Ὑμεῖς
457 1498 506 1524 οὐκ
535 1498 589 1525 ἀπὸ
616 1499 717 1535 σαρκὸς
739 1500 788 1526 καὶ
803 1501 918 1536 αἵματος
931 1509 939 1517 ν

145 1540 191 1567 διὰ
209 1541 238 1568 δὲ
252 1541 299 1568 τοῦ
311 1542 340 1568 ὲν
356 1543 481 1578 οὐρανοῖς
511 1544 617 1579 Πατρός
642 1545 688 1572 τὸν
712 1546 795 1573 αὐτοῦ
822 1547 940 1582 Χριστὸν

145 1587 381 1637 ἀτταυγασϐέντες,
393 1589 439 1615 καὶ
455 1589 483 1614 ὲν
494 1589 533 1625 τῷ
546 1590 659 1625 μεγάλῳ
669 1591 738 1625 φωτὶ
755 1591 785 1617 τὸ
802 1591 874 1626 μέγα
882 1592 940 1627 φῶς
954 1607 976 1637 C

143 1633 318 1668 τεθεαμένοι,
335 1635 383 1662 καὶ
398 1635 485 1670 τούτῳ
513 1636 606 1670 σαφῶς
635 1637 859 1671 πεπιστευκότες,
891 1638 939 1665 καὶ

145 1679 212 1706 νοῦν
241 1681 270 1706 ἐν
289 1681 364 1716 αὐτῷ
389 1683 656 1718 καταστραφϐέντες,
673 1685 719 1711 καὶ
747 1685 835 1720 ψυχὴν
856 1695 940 1713 κατα-

144 1725 318 1761 λαμφθέντες
335 1735 342 1742 ·
358 1728 458 1762 μᾶλλον
469 1729 497 1755 δὲ
506 1729 582 1763 φῶτα
596 1730 710 1766 λαμπρὰ
728 1732 775 1758 καὶ
788 1732 889 1767 οεαυγῆ
899 1732 937 1767 (ό)

144 1773 336 1806 γεγενημένοι,
351 1774 392 1804 εἰς
409 1773 466 1806 φῶς
483 1773 567 1800 ἐθνῶν
595 1775 781 1810 ἁπεστάλητε,
793 1777 833 1808 εἰς
850 1785 939 1812 σωτη-

145 1818 211 1852 ρίαν
223 1819 338 1852 ἐσχάτου
353 1818 477 1845 τέθεισοε
488 1820 537 1855 τῆς
552 1820 615 1855 γῆς.

189 1864 344 1899 ’Υμῶντὴν
363 1865 467 1897 πίστιν,
484 1867 498 1892 ό
523 1866 659 1902 μακάριος
679 1867 726 1894 καὶ
756 1870 836 1903 μόνος
859 1869 937 1896 δυνά-

146 1918 215 1945 στης
227 1911 335 1945 πρῶτος
347 1912 527 1948 ὲμακάρισεν,
547 1913 660 1947 ἄγγελοι
680 1913 818 1949 ὕμνησαν,
846 1915 940 1951 δαίμο-

144 1964 194 1986 νες
209 1956 338 1990 ἔπτηξαν,
352 1958 370 1992 ἡ
390 1957 479 1987 κτίσις
490 1958 627 1990 ἐδόξασεν.
647 1959 740 1994 Ὑμῶν
756 1960 806 1996 τὴν
832 1961 938 1994 ἐλπίδα,

144 2003 179 2028 οὺ
199 2005 297 2029 πυκναὶ
321 2003 419 2039 βροχαὶ
444 2006 491 2031 καὶ
515 2006 640 2040 συνεχεῖς
664 2006 804 2042 λογισμῶν
815 2008 940 2034 ἐκτόπων

145 2049 356 2084 παρεσάλευσαν
369 2057 376 2064 ·
389 2051 419 2077 οὺ
436 2059 503 2086 τιονη
509 2052 628 2086 ροτάτων
640 2053 797 2087 καταιγιδες
807 2053 939 2087 γλωσσῶν

144 2096 196 2121 καὶ
212 2095 374 2131 βαρύτητες,
388 2096 425 2128 ὼς
440 2098 558 2132 ποταμοὶ
571 2099 788 2134 προσπίπτοντες
797 2099 938 2126 διέλυσαν·

142 2141 175 2166 οὐ
212 2140 344 2168 κινδύνων
373 2143 420 2168 καὶ
445 2142 570 2169 θανάτων
589 2144 683 2179 ἐσμὸς,
700 2144 739 2176 ὡς
759 2145 869 2179 ἀνέμων
894 2145 939 2181 βία

143 2187 362 2221 προσρήσσουσα
377 2188 556 2224 κατέρῤαξεν.
583 2189 675 2224 ’Υμῶν
687 2190 736 2225 τὴν
750 2190 870 2225 ἀγάπην,
888 2192 938 2218 οὑκ

150 2233 259 2268 Ἀρχαὶ,
287 2233 338 2260 οὐκ
366 2233 513 2266 Ἐξουσίαι,
542 2234 605 2261 οὔτε
631 2235 698 2271 ζωὴ,
732 2235 794 2263 οὔτε
812 2236 937 2269 Θάνατος,

512 251 560 277 καὶ
579 251 612 285 τῇ
639 250 790 285 Δεσποτικῇ
818 249 943 285 τραπέζῃ

994 256 1094 284 genere
1106 255 1285 284 congregans,
1294 246 1516 275 laudatissimum
1527 252 1628 273 mensa
1638 244 1787 274 Dominicaa

994 295 1117 323 edulium
1133 295 1219 323 struis
1234 302 1418 330 apparasque.

1029 342 1109 370 Salve
1127 342 1175 374 sis,
1191 342 1284 373 Paule,
1296 341 1374 376 prius
1402 340 1514 376 quidem
1533 339 1601 375 legis
1614 339 1788 367 :cmulationc

994 392 1163 420 exaestuans;
1174 391 1269 422 postea
1281 391 1374 414 autem
1385 385 1480 421 gratiae
1490 385 1624 413 charitate
1641 385 1787 418 incensus;

994 441 1026 461 ac
1049 442 1100 469 pro
1124 437 1311 469 persecutore,
1333 432 1379 468 qui
1403 432 1460 467 ipse
1489 431 1579 466 fugam
1605 430 1722 463 inieris;
1738 438 1789 465 pro

994 479 1156 514 blasphemo
1175 483 1204 506 et
1221 479 1330 514 injuriis
1344 483 1448 506 atroce.
1465 477 1678 512 probatissimus
1689 476 1789 511 prtedi—

994 530 1071 553 cator
1086 525 1223 553 exstiteris
1241 533 1247 552 :
1262 532 1293 552 ac
1307 525 1355 560 qui
1373 524 1457 559 pelles
1471 523 1582 558 quidem
1605 523 1742 550 inanimes
1761 523 1789 550 in

996 580 1073 600 usum
1085 571 1327 599 tabernaculorum
1340 570 1468 598 manibus
1478 570 1537 605 ipse
1545 570 1689 597 consueris
1699 569 1733 601 ",
1743 569 1788 596 di—

993 618 1059 644 vino
1073 622 1165 645 autem
1184 617 1288 652 Spiritu
1301 617 1385 644 corda
1404 617 1509 646 utentia
1527 617 1635 644 ratione
1652 624 1685 643 ac
1696 621 1788 643 mente

994 664 1109 699 praedita
1135 664 1188 691 alia
1211 664 1273 691 aliis
1299 665 1411 698 Deoque
1435 663 1606 695 devineiens,
1633 663 1789 690 immortale

994 710 1053 738 haec
1066 711 1272 738 tabernaculum
1286 716 1369 746 atque
1384 711 1506 744 caeleste,
1523 710 1550 737 in
1562 718 1617 746 quo
1632 710 1788 738 Altissimus

994 757 1141 790 habitaret,
1155 763 1310 793 praestares.

1029 804 1094 836 Vos,
1105 804 1157 831 etsi
1167 812 1217 831 suo
1231 804 1348 839 quisque
1361 808 1485 839 tempore
1502 803 1529 831 in
1544 811 1627 831 carne
1638 803 1694 831 nati
1704 803 1788 837 estis;

994 854 1057 877 ante
1073 849 1172 877 saecula
1189 854 1280 877 tamen
1293 850 1321 876 in
1336 849 1392 876 Deo
1410 850 1493 877 Patre
1510 850 1642 885 prtesciti,
1658 854 1740 884 atque
1757 854 1788 876 ut

995 894 1133 930 Unigeniti
1146 895 1240 930 gloriae
1262 895 1369 922 similes
1380 895 1570 925 efliceremini,
1584 895 1786 929 przndestinati;

994 939 1104 974 quando
1125 940 1202 967 venit
1215 939 1361 975 plenitudo
1386 939 1518 974 temporis
1535 947 1567 966 ac
1585 938 1704 966 Verbum
1723 946 1789 966 caro

992 986 1094 1013 factum
1111 990 1164 1017 est,
1177 990 1244 1013 tunc
1258 986 1378 1020 primum
1402 985 1465 1020 ipsi,
1487 985 1535 1012 illo
1548 985 1641 1020 agnito
1661 988 1788 1018 accepto—

992 1039 1046 1067 que
1061 1041 1068 1065 ;
1086 1039 1117 1059 ac
1129 1031 1211 1067 primi
1227 1036 1260 1059 ut
1271 1039 1306 1059 ex
1318 1039 1352 1059 eo
1368 1031 1553 1060 nasceremini
1568 1031 1720 1062 consecuti,
1732 1030 1788 1065 pri-

992 1078 1085 1112 mique
1097 1081 1129 1104 ut
1143 1078 1232 1113 ipsum
1244 1078 1271 1105 in
1288 1077 1368 1105 vobis
1383 1082 1539 1105 manentem
1557 1077 1698 1104 haberetis
1713 1077 1787 1104 felici

992 1128 1065 1151 sorte
1081 1124 1165 1154 nacti.
1180 1125 1270 1159 ipsum
1295 1124 1344 1151 Dei
1358 1124 1492 1159 Spiritum
1515 1122 1636 1150 habuisti
1661 1122 1787 1150 testimo-

991 1171 1069 1198 nium
1098 1171 1289 1206 perhibentem
1307 1171 1417 1206 spiritui
1445 1174 1550 1202 vestro,
1574 1169 1648 1205 quod
1664 1169 1713 1196 filii
1738 1168 1786 1196 Dci

991 1217 1105 1244 essetis:
1121 1217 1143 1244 si
1158 1221 1249 1244 autem
1261 1217 1321 1249 lilii,
1337 1221 1366 1244 et
1378 1217 1520 1249 hatredes;
1536 1216 1659 1244 hmredcs
1673 1216 1786 1251 quidem

992 1264 1050 1297 Dei,
1068 1263 1228 1292 cohmredes
1245 1268 1338 1291 autem
1354 1263 1457 1291 Christi
1473 1263 1508 1290 ".

1027 1362 1091 1393 Vos,
1112 1361 1215 1388 nedum
1240 1360 1361 1388 cmlcstis
1379 1359 1535 1387 vocationis
1546 1360 1694 1394 participes
1721 1359 1786 1387 facti

990 1407 1068 1438 estis,
1091 1406 1140 1433 sed
1153 1410 1182 1433 et
1196 1405 1342 1433 electionis
1364 1404 1510 1432 exstitistis
1525 1404 1593 1432 filii:
1625 1403 1676 1432 n'ee
1696 1405 1787 1432 solum

990 1453 1071 1480 electi
1086 1452 1164 1484 estis,
1181 1451 1228 1478 sed
1246 1456 1273 1478 et
1287 1451 1439 1486 justilicati,
1453 1451 1500 1478 sed
1519 1456 1547 1478 et
1559 1450 1717 1486 glorificati.
1730 1452 1786 1479 Vos

991 1508 1046 1527 non
1059 1507 1093 1527 ex
1108 1507 1191 1526 carne
1208 1502 1236 1526 et
1250 1498 1395 1533 sanguine,
1421 1499 1468 1524 sed
1482 1498 1570 1525 Patris
1583 1498 1704 1525 coelestis
1720 1498 1786 1525 illu-

991 1546 1135 1577 stratione,
1149 1546 1210 1580 ejus
1226 1544 1367 1572 Christum
1384 1544 1474 1572 edocti
1486 1565 1493 1577 ,
1512 1544 1595 1579 inque
1612 1552 1709 1579 magna
1724 1544 1786 1571 luce

992 1600 1119 1628 magnam
1146 1591 1298 1627 conspicati
1326 1593 1428 1623 lucem,
1455 1591 1537 1625 eique
1556 1590 1698 1618 manifeste
1725 1598 1788 1617 ere--

991 1639 1098 1670 dentes,
1123 1642 1206 1672 atque
1229 1638 1257 1664 in
1274 1637 1320 1664 illa
1332 1641 1425 1664 mente
1450 1636 1601 1664 collustrati
1620 1635 1786 1671 penitusque

990 1684 1082 1711 animo
1098 1683 1265 1716 illuminati;
1279 1683 1404 1717 quinimo
1419 1682 1563 1717 splendida
1576 1682 1716 1717 divinique
1732 1681 1787 1709 ful-

990 1729 1064 1764 geris
1079 1729 1184 1756 lumina
1204 1728 1305 1760 eﬂ‘ecti,
1321 1728 1349 1754 in
1366 1728 1457 1755 lucem
1475 1727 1597 1763 gentium
1608 1727 1684 1754 missi
1698 1728 1785 1755 estis:

991 1776 1018 1802 in
1036 1775 1151 1802 salutem
1170 1774 1204 1801 ad
1234 1777 1390 1801 extremum
1422 1781 1510 1808 usque
1535 1777 1615 1801 terrae
1640 1773 1707 1801 estis
1734 1781 1785 1809 po-

990 1822 1035 1849 siti
1055 1822 1087 1848 “.

1027 1868 1122 1896 Fidem
1133 1873 1265 1899 vestram,
1275 1867 1381 1903 primus
1391 1867 1489 1895 beatus
1503 1867 1548 1894 ille
1562 1871 1590 1893 et
1599 1865 1674 1894 solus
1687 1869 1785 1900 potens

990 1914 1097 1942 beatam
1109 1914 1268 1949 praedicavit
1278 1922 1285 1946 ;
1297 1914 1526 1941 concelebrarunt
1536 1912 1636 1949 angeli,
1646 1910 1785 1940 dmm’ones

989 1963 1297 1994 expaverunt,creatura
1313 1959 1399 1994 gloria
1416 1958 1525 1986 extulit.
1550 1958 1633 1993 Spem
1651 1962 1783 1989 vestram,

990 2005 1082 2033 crebri
1104 2006 1241 2041 jugesque
1267 2005 1433 2032 absenarum
1456 2004 1654 2039 cogitationum
1679 2003 1784 2031 imbres

990 2058 1045 2078 non
1063 2053 1278 2081 concusserunt;
1295 2049 1529 2084 nequissimarum
1547 2049 1703 2084 linguarum
1720 2056 1785 2083 pro-

990 2097 1076 2128 cellae,
1088 2096 1198 2131 dirique
1211 2095 1443 2131 blasphemiarum
1458 2094 1583 2122 turbines
1596 2102 1627 2122 ac
1638 2095 1782 2128 molestiae,

991 2143 1158 2170 irruentium
1189 2150 1266 2169 more
1295 2141 1460 2174 ﬂuminum,
1489 2149 1544 2168 non
1577 2141 1781 2173 dissolverant;

989 2189 1177 2225 periculorum
1194 2189 1302 2224 agmina
1317 2193 1475 2223 mortesque
1489 2188 1624 2223 plurimae,
1640 2195 1690 2215 ceu
1706 2188 1782 2215 venti
1817 2207 1819 2212 .

990 2236 1183 2264 vehementius
1198 2235 1273 2268 illisi,
1288 2243 1344 2262 non
1360 2235 1505 2263 eliserunt.
1519 2235 1642 2262 Vestram
1660 2235 1782 2262 Charita—

141 2279 202 2306 ἀλλ’
231 2280 293 2306 οὐδὲ
320 2281 375 2311 πᾶς
393 2281 407 2306 ὁ
431 2281 534 2316 κόσμος
564 2282 724 2317 ἱταμώτατα
754 2283 957 2320 συγχινηοεὶς,ς

992 2287 1058 2314 tem,
1076 2290 1131 2309 non
1150 2281 1334 2316 Principatus,
1351 2289 1405 2308 non
1427 2281 1590 2314 Potestates,
1607 2289 1697 2316 neque
1716 2281 1781 2313 vita.

141 2326 193 2361 τῆς
210 2327 318 2358 οξκείας
335 2327 421 2362 αὐτὴν
433 2327 606 2363 βεϐαιότητος
627 2330 788 2364 μετεκίνησε
803 2331 848 2357 καὶ
863 2339 936 2365 μονι-

142 2373 274 2407 μάτητος-

180 2462 267 2496 Ὑμῖν
284 2461 402 2496 πρώτως
415 2463 462 2489 καὶ
478 2462 634 2498 εἰλικρινῶς
649 2464 697 2490 καὶ
724 2464 816 2499 σαφῶς
832 2465 937 2492 δέδοται

138 2509 245 2543 γνῶναι
260 2509 294 2534 τὰ
316 2509 456 2544 μυστήρια
469 2509 519 2544 τῆς
540 2510 681 2544 βασιλείας
695 2511 741 2537 τοῦ
754 2511 823 2537 Θεοῦ
846 2520 853 2527 ο
879 2513 936 2544 τοῖς

194 2589 218 2605 ⁸³
228 2589 288 2618 Gal.
302 2598 321 2621 ι,
335 2590 384 2621 Ης
398 2590 506 2622 Act.1x,
517 2591 550 2622 2;
565 2591 626 2618 Act.
638 2599 712 2623 xvm,
725 2592 752 2619 5.

139 2660 188 2693 l7;
202 2668 251 2692 νη,
263 2661 313 2693 25;
328 2661 408 2688 Rom.
418 2669 475 2693 vui,
486 2662 531 2689 '58.

173 2733 218 2765 (5)
239 2732 308 2758 Τότε
320 2732 441 2765 πρώτως
449 2734 544 2760 αὐτοι.
557 2733 586 2761 Id
604 2734 640 2760 ita
653 2742 749 2761 verum
760 2734 794 2762 de
810 2735 893 2762 Petro
904 2743 936 2763 ac

138 2768 254 2795 Andrea
266 2767 325 2801 eius
345 2767 439 2799 fratre,
457 2769 504 2803 qui
521 2768 562 2796 sic
577 2769 666 2804 primo
685 2769 821 2805 primique
853 2770 936 2798 Chri-

139 2809 214 2830 stum
232 2807 407 2837 agnoverunt
421 2808 449 2830 et
466 2810 632 2838 receperunt
646 2813 652 2837 ;
674 2805 777 2832 Paulus
794 2813 869 2836 vero.
883 2806 934 2832 ali-

138 2843 245 2873 quanto
275 2842 348 2872 post,
369 2842 398 2865 et
425 2839 541 2875 tardius,
567 2839 684 2866 Domino
713 2841 768 2875 jam
792 2841 819 2867 in
851 2841 936 2868 ctL-los

139 2878 266 2908 recepto,
282 2881 298 2900 a
314 2881 370 2908 quo
396 2873 479 2901 etiam
497 2874 531 2901 de
547 2875 617 2901 coelo
643 2873 757 2902 vocatus
771 2880 822 2903 est.
840 2875 892 2904 Sed
908 2882 936 2903 et

140 2908 201 2945 ipse
221 2909 294 2936 inter
321 2909 427 2943 primos
456 2913 484 2936 et
509 2910 626 2944 primus,
656 2914 790 2944 quantum
819 2911 852 2938 ad
874 2912 936 2939 illos

308 2959 446 2990 ΡΑτιιοι.
471 2959 530 2990 Gn.
554 2959 616 2990 CV.

790 2591 812 2608 ⁴²
822 2592 902 2620 Rom.
914 2601 971 2627 vm,
983 2593 1032 2626 29;
1048 2594 1107 2621 Gal.
1120 2602 1156 2625 ιν,
1168 2594 1199 2626 .ι;
1213 2593 1293 2620 Joan.
1305 2602 1324 2626 ι,
1346 2594 1393 2626 M;
1417 2594 1497 2621 Rom.
1509 2602 1566 2625 vm.
1580 2595 1622 2623 l6.

139 2632 180 2662 ιιι,
193 2626 225 2657 l;
243 2626 304 2662 Act.
318 2633 356 2662 ιε,
371 2625 417 2657 15;
436 2625 514 2652 Rom.
526 2634 581 2658 vui,
593 2626 642 2658 50;
656 2626 751 2654 Matth.
764 2635 819 2660 xvr,
831 2628 880 2661 l7;
896 2625 968 2657 Psal.
979 2637 1059 2661 xuv,
1073 2629 1119 2662 l0;
1134 2629 1185 2657 lsa.
1196 2636 1269 2656 xux.
1282 2629 1308 2657 6.

991 2336 1082 2363 neque
1104 2336 1180 2355 mors
1207 2328 1250 2363 (at
1273 2335 1363 2362 neque
1385 2327 1507 2354 mundus
1533 2331 1609 2355 totus
1632 2328 1783 2355 saevissime

991 2373 1157 2409 commotus)
1179 2381 1194 2400 a
1214 2380 1264 2400 sua
1283 2372 1438 2400 constantia
1458 2377 1487 2399 et
1505 2372 1636 2400 ﬁrmitate
1656 2373 1782 2400 dimove--

990 2420 1096 2447 runt".

1027 2466 1111 2493 Vobis
1129 2467 1249 2501 primum
1267 2474 1388 2501 vereque
1408 2474 1440 2493 ae
1459 2466 1604 2493 manifeste
1624 2466 1718 2493 datum
1741 2470 1782 2493 est

991 2520 1072 2540 nosse
1098 2513 1227 2548 mysteria
1255 2513 1330 2548 regni
1356 2513 1420 2546 Dei;
1447 2513 1562 2548 reliquis
1581 2518 1689 2546 autem,
1705 2513 1782 2548 juxta

1662 2595 1685 2612 ⁸³
1696 2596 1780 2623 Hebr.

1357 2629 1399 2657 “i
1413 2630 1483 2657 Tim.
1495 2638 1532 2663 vr,
1545 2632 1593 2664 15;
1610 2631 1706 2658 Matth.
1726 2639 1781 2663 xw,

989 2737 1050 2798 quil
1069 2740 1133 2770 post
1164 2736 1244 2764 illum
1264 2738 1380 2773 ejusque
1406 2738 1525 2766 maxime
1551 2746 1634 2773 opera
1652 2737 1781 2766 credide-

989 2779 1037 2798 run
1054 2791 1060 2798 .

1079 2807 1197 2844 Θεαρνγῆ
1219 2808 1311 2842 φῶτα.
1330 2808 1420 2836 Divini
1445 2808 1598 2844 splendoris
1614 2816 1645 2836 ac
1662 2808 1779 2844 fulgoris

988 2841 1103 2869 Iumina.
1134 2842 1313 2880 Sicgmaxime
1337 2841 1510 2880 apostol-i'cti
1525 2843 1553 2880 in
1568 2843 1609 2870 eis
1626 2841 1778 2880 principes,

988 2885 1105 2916 quorum
1121 2878 1434 2916 sic_d_iv'inus»splendor
1448 2883 1479 2916 ct
1486 2879 1609 2916 claritas,
1630 2884 1659 2907 et
1671 2878 1726 2916 qui
1739 2880 1778 2908 dii

988 2912 1111 2947 quidam,
1127 2913 1176 2941 ιοιὶ
1186 2914 1242 2942 Deo
1256 2914 1354 2942 imbuti
1372 2913 1536 2942 mortalibus
1552 2915 1618 2943 sint.

1559 2963 1580 2993 2
