2072 3160
260 185 296 217 4‘3
862 186 1010 217 NICE’I‘ZE
1029 187 1051 217 P

1102 186 1293 217 HLAGONIS
1851 186 1888 219 Ην

261 243 334 279 quod
358 241 454 270 divino
476 240 616 277 proditum
639 241 762 277 eloquio,
777 246 831 275 est,
849 242 877 269 in
896 243 1046 278 parabolis,

1102 243 1127 270 δὲ
1144 244 1258 275 λοιποῖς.
1286 243 1356 270 κατὰ
1371 244 1416 270 τὸν
1439 243 1511 270 θεῖον
1525 243 1622 278 Λόγον,
1647 244 1677 270 ἐν
1707 245 1886 280 παραϐολαῖς,

260 298 313 326 pro
330 290 464 325 cujusque
483 288 614 316 nimirum
631 291 706 315 certa
721 288 837 323 quadam
856 289 962 316 ratione
984 297 1048 316 cum

260 343 390 364 sermone
413 335 560 370 Verboque
585 334 799 362 necessitudine.
817 335 901 363 Vobis
921 335 1049 364 sublimis

260 383 409 418 divinaque
429 390 462 410 ac
482 382 640 410 immediata
655 382 685 410 in
701 382 819 410 excelsis
833 383 906 410 circa
922 383 1048 412 inacces-

260 437 321 457 sum
340 429 469 456 thronum
486 428 581 463 prima:
598 428 672 456 sedis
688 428 837 456 constituta
854 429 982 465 dignitas.
998 438 1049 464 pro

260 479 353 502 vestra
370 474 415 502 illa
426 481 494 502 cum
510 473 685 500 divinissimo
701 481 828 501 sermone
842 475 987 510 Verboque
1002 482 1051 502 ne-

261 520 430 549 cessitudine
444 520 525 555 digne
535 527 571 546 ac
584 519 727 555 magniﬁce
739 519 873 547 attributa
889 528 897 547 :
911 528 964 548 nec
974 520 1050 548 dictu

262 567 439 595 temerarium
454 566 588 597 arbitror,
601 573 662 600 quae
678 573 694 592 a
710 565 815 594 dextris
830 570 913 601 atque
929 564 1051 595 sinistris

261 613 361 641 summi
376 613 570 640 universorum
586 610 668 646 Regis
682 611 769 639 sessio
782 616 835 645 est,
847 612 928 640 vobis
940 620 956 640 a
968 613 1050 641 Patre

261 662 441 694 praeparatam
456 665 518 686 esse
527 657 560 685 “.

297 705 367 736 Vos,
381 708 455 734 terra
472 704 584 739 quidem
603 709 733 739 tanquam
749 704 910 738 veritatem,
923 705 1002 741 juxta
1018 713 1051 733 ac

261 750 479 779 sacratissimum
491 751 594 778 occinit
606 751 702 784 melos,
712 750 800 778 edidit
813 760 819 778 :
835 751 936 780 ccelum
947 756 1050 786 autem,

259 797 374 833 iustitiae
395 804 537 832 praecones
558 796 729 831 produxit".
743 797 812 825 Nam
836 802 909 826 terra
927 799 1050 833 quidem,

261 845 338 872 velut
357 844 509 879 elegantem
530 843 624 870 emisit
640 842 760 872 fructum
779 852 785 871 :
805 851 856 872 sua
871 852 939 873 vero
957 845 1050 873 Domi-

261 899 326 924 nus,
341 891 369 918 in
386 890 464 918 vobis
479 890 534 917 alte
551 889 640 918 deﬁxa
656 895 771 926 rataque
788 891 967 927 benignitate,
981 893 1051 919 cmi-

262 937 390 965 cantibus
402 944 437 964 ex
447 935 527 964 vobis
537 935 622 964 radiis
636 941 790 965 creaturam
804 945 915 966 omnem
929 938 1053 966 bonitate

261 983 372 1011 imbuit.

297 1030 351 1057 Vos
368 1029 472 1065 primos
487 1039 552 1059 vasa
570 1030 783 1064 misericordia,
799 1038 969 1067 suarumque
988 1040 1052 1067 gra-

262 1076 361 1103 tiarum
382 1077 517 1111 pretiosas
538 1084 627 1112 penus
646 1076 779 1109 condens,
797 1082 1052 1105 sacrosanctorum-

261 1130 315 1157 que
326 1123 461 1150 donorum
473 1129 586 1150 suorum
599 1123 769 1158 plenitudine
782 1123 909 1158 implens,
919 1131 953 1150 ex
961 1128 1052 1151 vestra

261 1175 369 1195 rursum
382 1168 564 1202 plenitudine,
577 1171 691 1195 cunctas
702 1167 833 1203 deinceps
843 1168 964 1203 gentium
975 1174 1054 1203 gene

260 1215 383 1242 rationes
399 1222 515 1242 munere
529 1213 653 1242 allicit“.
667 1213 707 1241 Ac
721 1213 792 1241 sicut
806 1213 875 1249 legis
885 1213 952 1241 olim
967 1213 1053 1241 inter-

260 1264 367 1294 pretem
391 1267 423 1288 ac
443 1261 690 1295 promulgatorem,
705 1267 768 1287 eum
787 1266 838 1287 suo
856 1259 932 1286 illum
953 1259 1052 1295 spiritu

261 1306 356 1341 illique
372 1306 484 1341 proprio
501 1306 688 1341 adimplesset,
706 1305 846 1341 subjectos
861 1305 888 1332 ei
903 1305 1052 1341 legisperi-

262 1355 305 1378 tos
316 1359 349 1378 ex
364 1351 411 1379 illo
427 1351 550 1386 impartit
565 1351 649 1387 (quod
665 1351 703 1378 ita
718 1349 862 1378 manifeste
876 1349 1052 1385 Septuaginta

260 1397 418 1428 seniorum.
437 1397 516 1432 juxta
543 1393 729 1431 Scripturaiﬁ,
752 1396 861 1423 vocatio
887 1396 994 1431 prodit;
1021 1404 1053 1424 ac

260 1442 334 1477 quod
353 1451 367 1469 a
384 1442 503 1470 Mosaico
519 1442 659 1475 ablatum,
676 1441 796 1477 Spiritus
816 1441 871 1468 illis
890 1441 1051 1468 demensum

260 1489 450 1516 contributum
467 1489 531 1523 est),
550 1489 590 1516 sic
606 1488 634 1515 in
649 1495 700 1515 vos
715 1495 825 1523 quoque
835 1491 930 1522 postea
949 1487 1052 1522 princi-

260 1542 320 1569 pes,
334 1534 429 1569 gratiae
446 1533 574 1561 doctores
592 1533 802 1567 ministrosque,
818 1539 873 1560 non
895 1540 1052 1560 commensa

259 1579 399 1614 largitate;
424 1578 472 1606 sed
497 1579 572 1606 velut
594 1578 622 1605 in
649 1585 756 1605 summe
781 1577 970 1610 necessarios,
993 1582 1051 1605 toto

260 1624 350 1652 cﬂ‘uso
367 1624 525 1660 adoptionis
543 1624 661 1659 Spiritu,
673 1627 764 1651 vestra
782 1631 816 1651 ex
832 1623 1004 1659 plenitudine
1021 1629 1052 1652 ut

260 1678 294 1697 ex
315 1669 480 1698 inexhausto
501 1670 588 1702 fonte,
604 1669 701 1705 gratiae
722 1669 794 1697 ﬁlios
812 1677 910 1697 omnes
929 1669 1051 1698 bonitate

261 1716 361 1744 imbuit
375 1721 403 1744 et
417 1716 530 1744 deitatc.

296 1806 352 1834 Vos
368 1805 489 1834 mundus
507 1806 651 1834 universus
667 1814 723 1833 non
740 1811 814 1834 recte
830 1807 984 1839 aemulatus,
999 1807 1051 1835 hoc

261 1861 372 1890 quoque
389 1858 514 1889 satagens
529 1858 559 1880 ut
574 1853 736 1888 perditionis
753 1853 888 1889 profundo
904 1861 1050 1889 mergeret,

261 1901 303 1929 sic
335 1900 461 1927 nesciens
494 1900 708 1935 imprudensque
736 1907 784 1936 spe
814 1899 962 1927 frustratus
991 1905 1050 1933 est,

262 1951 293 1973 ut
317 1954 382 1973 suos
407 1946 494 1981 magis
518 1946 599 1973 heros
623 1954 756 1982 regesque
779 1946 931 1982 agnoverit.
948 1946 1051 1980 Nempe

262 2001 356 2028 rcges,
372 2001 426 2019 non
449 1993 496 2027 qui
519 1993 614 2027 rapina
634 2000 748 2028 regnum
770 1992 903 2020 caducum
924 1991 1050 2025 inierint,

260 2038 309 2066 sed
330 2037 378 2073 qui
400 2037 513 2073 gloriam
536 2038 719 2065 immortalem
740 2045 773 2065 ac
792 2038 991 2073 sempiternum
1010 2045 1052 2065 re-

261 2092 344 2119 gnum
361 2084 513 2112 inducrint.
527 2083 623 2111 Omnis
638 2084 713 2112 enim
728 2089 801 2111 terra
816 2088 845 2111 et
858 2092 933 2112 mare
949 2084 1053 2111 excita-

261 2130 309 2162 tis,
325 2137 515 2165 aquarumque
528 2137 604 2156 more
619 2129 787 2164 importabili
805 2130 909 2165 impetu
923 2130 1053 2165 pratcipi-

262 2176 382 2203 tantium
409 2175 547 2208 efferatis,
568 2175 724 2210 linguaeque
747 2176 907 2211 multiplicis
930 2176 1052 2211 gentium

262 2222 378 2254 cuneis,
401 2221 535 2249 adversus
565 2229 659 2249 sacros
688 2221 763 2256 ipsos
792 2222 952 2258 theologos;
979 2223 1053 2250 viros

262 2268 370 2295 scilicet
385 2267 525 2294 modestos
539 2274 571 2294 ac
586 2275 694 2302 graves,
707 2267 836 2301 humiles,
848 2268 925 2296 brevi
942 2268 1052 2295 lacerna

1100 289 1239 324 ἀναλόγως
1253 290 1302 325 τῆς
1317 289 1386 325 πρὸς
1396 289 1442 316 τὸν
1467 289 1554 323 Λόγον
1573 290 1696 317 ἑκάστων
1711 290 1887 326 οἰκειότητος.

1107 335 1186 371 Ὑμῖν
1199 336 1289 372 ὑψηλή
1311 344 1340 363 τε
1354 335 1401 363 καὶ
1420 335 1480 363 θεία
1497 336 1544 362 καὶ
1569 336 1707 371 προσεχὴς
1732 336 1762 362 ὲν
1777 336 1889 371 ὑψηλοῖς

1100 381 1165 416 περὶ
1187 381 1233 408 τὸν
1261 382 1411 417 ἀπρόσιτον
1436 380 1530 417 θρόνον
1558 381 1713 417 ἡτοιμάσθη
1746 381 1888 418 προεδρία,

1099 427 1170 454 κατὰ
1183 427 1233 463 τὴν
1243 427 1312 462 πρὸς
1336 427 1382 453 τὸν
1398 426 1615 462 θεαρχικώτατον
1642 427 1728 461 Λόγον
1754 427 1891 455 οίκείωσιν

1099 471 1275 507 ἀξιοπρεπῶς
1302 472 1566 508 ἀποκεκληρωμένη.
1588 472 1669 508 Ὑμῖν
1691 473 1723 500 οὗ
1753 473 1890 508 τολμηρὸν

1099 515 1177 552 οἶμαι
1187 517 1270 552 φάναι
1282 516 1331 553 τὴν
1350 518 1382 544 ὲκ
1393 517 1488 550 δεξιῶν
1511 527 1540 544 τε
1559 518 1606 545 καὶ
1619 519 1648 551 ὲξ
1667 518 1818 552 εὐωνύμων
1840 518 1889 545 τοῦ

1100 563 1298 598 Παμϐασιλέως
1311 563 1448 599 καθέδραν
1472 563 1526 591 ὑπὸ
1553 555 1600 591 τοῦ
1625 563 1732 599 Πατρὺς
1760 571 1891 599 προητοι-

1101 610 1214 646 μάσθαι.
1550 626 1559 632 .

1142 703 1240 738 Ύμᾶς,
1253 703 1271 738 ἠ
1284 703 1321 738 γῆ
1336 703 1384 738 μὲν
1396 703 1433 735 ὡς
1447 703 1585 738 ἀλήθειαν,
1602 702 1673 730 κατὰ
1701 703 1732 730 τδ
1744 703 1892 738 ἱερώτατον

1103 749 1192 785 μέλος,
1209 749 1378 781 ἐξανέτειλεν
1391 757 1399 765 ’
1416 750 1430 776 ό
1446 749 1560 785 οὓρανδς
1572 749 1601 776 δὲ
1616 749 1789 784 δικαιοσύνης
1802 749 1891 785 κήρυ-

1101 804 1153 827 κας
1166 794 1307 830 ἐξέφανεν.
1321 795 1376 823 Καὶ
1392 795 1473 831 γὰρὴ
1489 795 1526 830 γῆ
1552 796 1613 830 μὲν,
1628 795 1666 826 ὡς
1695 794 1797 830 ὡραῖον
1825 804 1892 831 προ-

1099 841 1194 876 ΐσχετο
1213 841 1322 877 καρπόν
1340 850 1347 857 ·
1360 841 1425 876 ὑμῖν
1435 841 1463 868 δὲ
1474 842 1488 868 ὁ
1497 840 1655 876 Κύριοςτὴν
1672 841 1774 868 οἰκείαν
1789 841 1893 876 ἐνιδρυ-

1103 886 1220 922 σάμενος
1240 888 1493 922 χρηστότητα,ταϊς
1507 886 1700 925 ἐξαλλομέναις
1709 887 1785 922 ὑμῶν
1802 887 1893 915 ἀκτῖσι

1105 934 1195 960 πᾶσαν
1208 934 1377 969 ἁγαθουργεϊ
1392 933 1443 969 τὴν
1457 933 1557 961 κτίσιν.

1143 1022 1231 1056 ’Υμᾶς
1247 1022 1372 1058 πρώτους
1387 1022 1479 1053 ἐλέους
1492 1023 1587 1058 σκεύη,
1603 1023 1650 1050 καὶ
1678 1024 1790 1058 ταμιεῖα
1806 1024 1888 1059 τίμια

1102 1067 1157 1094 τῶν
1167 1067 1249 1094 αὑτοῦ
1263 1068 1384 1104 χαρίτων
1399 1069 1689 1103 κατασκευασάμενος,
1710 1070 1758 1096 καὶ
1784 1070 1817 1097 ὲκ
1842 1070 1891 1096 τοῦ

1103 1113 1288 1149 πληρώματος
1312 1113 1366 1140 τῶν
1385 1114 1587 1149 τελεταρχικῶν
1604 1115 1687 1142 αὑτοῦ
1711 1115 1820 1151 δωρεῶν
1841 1124 1892 1142 πε-

1102 1159 1268 1194 πληρωκὼς,
1281 1160 1314 1186 ὲκ
1322 1159 1369 1186 τοῦ
1384 1160 1519 1194 ἡμετέρου
1535 1160 1616 1188 πάλιν
1628 1159 1822 1196 πληρώματος,
1842 1162 1893 1194 τὰς

1102 1203 1166 1235 ὅλας
1178 1203 1241 1239 ἑξῆς
1258 1205 1355 1237 γενεὰς
1366 1204 1421 1232 τῶν
1447 1204 1532 1231 ἐθνῶν
1555 1205 1695 1240 εὐεργετεῖ
1710 1214 1718 1222 ·
1737 1206 1784 1233 καὶ
1795 1206 1890 1240 ὥσπερ

1102 1249 1149 1275 τὸν
1163 1249 1211 1275 τοῦ
1231 1249 1396 1284 γράμματος
1418 1250 1514 1286 πρώην
1531 1250 1691 1286 ὑποφήτην,
1718 1251 1765 1278 τοῦ
1794 1253 1892 1287 ἐκείνῳ

1102 1296 1287 1330 προσήκοντος
1302 1296 1458 1331 πνεύματος
1469 1297 1669 1332 πεπληρωκὼς,
1691 1297 1721 1331 ἐξ
1738 1298 1820 1325 αὑτοῦ
1836 1300 1894 1330 τοῖς

1102 1340 1149 1367 ὑπ’
1163 1340 1238 1375 αὐτῷ
1252 1342 1416 1376 μεταδίδωσι
1433 1342 1634 1377 νομιζομένοις
1657 1343 1734 1379 εἴπερ
1755 1343 1893 1377 ἀπόδειξις

1102 1385 1198 1412 τούτου
1224 1385 1327 1422 σαφὴς,
1357 1388 1373 1420 ἠ
1400 1387 1454 1414 τῶν
1489 1387 1690 1424 Ἐϐδομήκοντα
1724 1389 1893 1424 πρόσκλησις

1102 1433 1308 1470 πρεσὸυτέρων,
1337 1435 1408 1462 κατὰ
1420 1436 1468 1470 τὴν
1485 1436 1598 1472 Γραφήν
1613 1444 1619 1451 ·
1638 1437 1685 1464 καὶ
1711 1437 1819 1472 πνεῦμα
1842 1437 1890 1463 τοῦ

1102 1479 1252 1506 Μωσαῖκοῦ
1269 1481 1319 1516 μὲν
1331 1481 1546 1516 ἀφαιρούμενον,
1567 1482 1658 1514 αὐτοῖς
1673 1482 1701 1509 δὲ
1721 1482 1889 1518 ἐπιμετρού-

1104 1532 1184 1558 μενον
1199 1535 1207 1542 ·
1222 1525 1293 1552 οὕτω
1308 1526 1356 1552 καὶ
1377 1527 1442 1561 ύμῖν
1465 1527 1577 1563 ὕστερον
1592 1529 1648 1559 τοῖς
1668 1528 1829 1563 κορυφαίοις
1841 1529 1891 1561 τῆς

1102 1571 1213 1606 χάριτος
1229 1574 1421 1607 μυσταγωγοῖς
1438 1573 1484 1600 καὶ
1497 1574 1642 1606 διακόνοις,
1663 1574 1714 1601 οὐκ
1739 1574 1771 1600 ὲκ
1789 1575 1891 1610 μέτρου

1065 1611 1085 1639 C
1101 1617 1131 1643 τὸ
1147 1616 1257 1653 Πνεῦμα
1273 1618 1324 1653 τῆς
1350 1619 1488 1651 υἱοθεσίας
1505 1628 1512 1635 ·
1542 1620 1601 1646 ἀλλ’
1615 1620 1676 1647 ὅλον
1704 1620 1742 1652 ὼς
1756 1621 1892 1648 οἰκειοτά-

1104 1671 1161 1695 τοις
1176 1663 1353 1699 ὲκχεάμενος,
1365 1665 1402 1697 ὼς
1416 1665 1445 1698 ἐξ
1467 1666 1606 1693 ἀκενώτου
1628 1667 1718 1702 πηγῆς
1734 1668 1784 1703 τῆς
1794 1667 1892 1702 ὑμετέ-

1107 1718 1156 1745 ρας
1190 1710 1380 1747 πληρότητος,
1409 1712 1444 1739 τὰ
1467 1713 1552 1740 τέκνα
1584 1713 1674 1740 πάντα
1701 1713 1753 1748 τῆς
1782 1714 1892 1749 χάριτος

1104 1757 1234 1791 ἀγαθύνει
1255 1757 1300 1784 καὶ
1313 1758 1449 1793 θεουργεῖ.

1143 1803 1233 1839 Ὑμᾶς
1246 1803 1260 1829 ό
1275 1804 1327 1836 πᾶς
1334 1804 1437 1839 κόσμος
1452 1804 1578 1839 ζηλώσας
1589 1806 1619 1832 οὺ
1633 1805 1733 1838 καλῶς,
1746 1806 1793 1833 καὶ
1803 1806 1894 1840 βυθοίς

1104 1848 1241 1881 ἀπωλείας
1257 1850 1429 1885 καταχώσειν
1446 1850 1622 1885 βιασάμενος,
1644 1851 1730 1883 οὕτως
1744 1852 1824 1879 ἔλαθε
1839 1853 1894 1880 τῶν

1104 1895 1220 1922 ἐλπίδων
1246 1895 1399 1931 ἀποτυχὼν,
1423 1896 1493 1924 ὥστε
1519 1897 1619 1932 μᾶλλον
1648 1898 1781 1930 δεσπότας
1812 1899 1895 1932 ἰδίους

1104 1942 1253 1976 ἐπιγνῶναι
1267 1942 1315 1969 καὶ
1326 1942 1447 1978 βασιλεῖς
1462 1951 1469 1958 ·
1487 1943 1608 1979 βασιλεῖς
1621 1943 1671 1980 οὐχ
1687 1945 1828 1981 ἁρπαγμῷ
1844 1945 1893 1980 βα·-

1105 1989 1203 2016 σίλειον
1214 1989 1359 2025 εἰληφότας
1375 1991 1597 2027 καταργούμενον
1620 2000 1627 2008 ο
1644 1992 1702 2019 ἀλλ’
1725 1992 1894 2019 ἀκατάλυτον

1104 2034 1183 2068 δόξαν
1190 2035 1237 2062 καὶΙ
1247 2035 1454 2069 διαιωνίξουσαν
1463 2037 1670 2073 ἠμφιεσμένους
1677 2038 1829 2074 βασιλείαν.
1839 2038 1895 2065 Καὶ

1104 2082 1159 2117 γὰρ
1175 2083 1192 2117 ἡ
1209 2082 1245 2117 γῆ
1271 2082 1322 2118 μὲν
1338 2084 1414 2110 πᾶσα
1440 2084 1488 2110 καὶ
1504 2083 1637 2116 Θάλασσα,
1661 2084 1711 2116 τὰς
1729 2084 1895 2118 ὲκτεθηριω-

1106 2128 1191 2163 μένας
1209 2128 1258 2155 καὶ
1277 2129 1487 2163 πολυγλώσσους
1501 2130 1602 2163 ἀγέλας
1619 2129 1673 2156 τῶν
1693 2130 1788 2162 ἐθνῶν,
1806 2129 1893 2156 καθά-

1106 2183 1159 2210 περ
1174 2175 1278 2202 ὑδάτων
1291 2175 1352 2211 βίαν
1363 2176 1559 2208 ἀνυπόστατον,
1573 2176 1645 2203 κατὰ
1660 2177 1716 2203 τῶν
1732 2177 1813 2213 ἱερῶν
1828 2176 1893 2203 τού-

1104 2228 1161 2247 των
1181 2220 1315 2255 θεολόγων
1330 2220 1539 2254 κατεγείροιισα,
1565 2222 1619 2248 τῶν
1631 2221 1748 2257 σεμνῶν,
1765 2222 1820 2249 τῶν
1850 2231 1895 2258 μι-

1106 2265 1191 2301 κρῶν,
1205 2265 1259 2292 τῶν
1275 2266 1375 2302 βραχεῖ
1386 2266 1467 2301 ρἀει
1477 2267 1508 2294 τὸ
1518 2267 1597 2302 σῶμα
1612 2268 1791 2303 σκεπτομένων
1808 2276 1816 2283 ·
1829 2264 1895 2295 ἄλλο

261 2318 384 2349 opertos,
395 2320 447 2340 nec
460 2313 544 2340 ullum
559 2318 692 2347 pneterea
702 2313 795 2342 saeculi
807 2314 889 2350 hujus
902 2314 1051 2342 inferentes

1105 2312 1133 2338 δὲ
1152 2312 1281 2344 καθάπαξ
1294 2312 1342 2339 τοῦ
1359 2312 1406 2340 νῦν
1419 2313 1518 2345 αἰῶνος
1539 2314 1616 2341 οὐδὲν
1642 2301 1766 2349 ἐφόλκιον
1791 2316 1894 2350 ἐπαγο-

262 2364 463 2393 commcatum;
479 2363 560 2394 atque
574 2359 618 2387 his
631 2368 732 2396 corpus
745 2360 872 2396 perdere,
883 2360 1041 2396 prmdicatio

262 2414 325 2434 nem
341 2406 525 2441 exstinguere,
540 2413 707 2442 sensumque
724 2415 756 2435 ac
771 2406 852 2434 fidem
867 2406 906 2434 sic
920 2406 1053 2434 radicitus

261 2451 381 2479 evellere
407 2450 599 2484 molientibus,
616 2456 646 2478 ut
669 2459 721 2480 nec
744 2452 885 2480 mcmorize
905 2451 1051 2486 vestigium

261 2497 367 2523 mundo
382 2501 516 2524 exstaret:
530 2497 570 2524 sic
583 2496 705 2525 vicissim
718 2505 825 2530 aversa,
836 2502 865 2525 et
875 2497 912 2525 ab
924 2497 1052 2525 absurdis

261 2542 381 2570 inhibita
402 2542 547 2570 conatibus
566 2547 641 2576 sunt,
657 2547 689 2570 ιιι
708 2543 832 2570 divinum
853 2543 921 2571 illud
942 2551 972 2570 re
993 2543 1051 2578 ipsa

260 2589 436 2616 oraculorum
450 2589 592 2624 impletum
605 2589 832 2624 conspiciatur".
842 2589 943 2616 Eorum
954 2597 1053 2625 nempe

261 2642 389 2662 sermone
405 2643 563 2670 compressa
579 2639 740 2670 tempestate
755 2635 838 2670 inque
852 2635 942 2663 lenem
957 2636 1053 2663 tradu-

261 2685 306 2708 cta
318 2689 430 2714 auram;
444 2686 528 2716 atque
541 2681 614 2708 illius
625 2681 736 2716 quidem
748 2681 896 2709 silentibus
907 2682 1052 2714 ﬂuctibus;

260 2727 369 2754 cunctis
381 2734 446 2754 vero
459 2729 516 2761 p'ra:
531 2725 730 2760 tranquillitate
743 2726 909 2760 laetantibus,
920 2735 953 2754 ac
964 2727 1010 2762 qui
1022 2727 1050 2753 in

260 2771 362 2799 divinat
377 2771 526 2800 voluntatis
539 2775 651 2806 portum
664 2771 846 2800 deducantur.

312 2875 336 2891 “
347 2875 455 2913 Matth:
468 2884 525 2913 xm.
540 2876 568 2904 ll
582 2885 589 2909 ;
605 2876 671 2905 Luc.
694 2885 750 2912 vut,
766 2878 813 2912 i0;
829 2877 923 2906 Matth.
947 2887 1000 2912 χιιι,
1014 2879 1062 2913 28;
1080 2879 1174 2906 Matth.
1188 2888 1231 2911 xx.
1243 2879 1278 2907 E5

259 2909 285 2927 “
296 2910 366 2939 Psal.
380 2919 431 2944 ενι,
444 2911 487 2939 29.
505 2912 586 2939 Num.
601 2920 637 2946 xt,
650 2914 692 2941 i7.

1107 2357 1216 2392 μένων·
1248 2357 1295 2383 καὶ
1320 2357 1427 2390 τούτοις
1455 2359 1546 2385 ὀλέσαι
1562 2359 1611 2394 μὲν
1638 2360 1729 2394 σῶμα,
1746 2360 1843 2388 σϐέσαι
1866 2361 1894 2387 δὲ

1105 2403 1184 2437 λόγον
1199 2411 1207 2419 ⁸
1223 2402 1286 2430 νοῦν
1298 2403 1327 2430 δὲ
1345 2403 1394 2430 καὶ
1414 2404 1506 2430 πίστιν
1523 2404 1610 2436 οὕτως
1625 2404 1748 2440 ὁλόριζον
1771 2407 1890 2438 ὲκτῖλαι,

1104 2450 1142 2481 ὡς
1156 2450 1223 2485 μηδὲ
1249 2451 1360 2486 μνήμης
1373 2450 1446 2485 ἴχνος
1467 2451 1506 2487 τῷ
1527 2451 1577 2487 βίῳ
1589 2452 1749 2478 καταλιπεῖν
1766 2460 1894 2488 μηχανω-

1105 2497 1194 2532 μένη·
1220 2496 1307 2528 οὕτως
1334 2497 1538 2532 ἀπέστραπται
1557 2498 1607 2533 τῆς
1630 2498 1739 2531 κακίας,
1764 2498 1812 2525 καὶ
1839 2496 1895 2523 τῶν

1104 2544 1214 2571 ἀτόπων
1246 2545 1456 2581 ἐγχειρημάτων
1479 2546 1669 2579 ἀνακέκοπτο,
1701 2546 1740 2578 ὡς
1763 2546 1795 2572 τὺ
1824 2545 1896 2573 θεῖον

1104 2589 1193 2616 έκεῖνο
1225 2589 1316 2624 λόγιον
1339 2590 1535 2625 ὲνεργούμενον
1559 2592 1626 2626 ἧρᾷν
1643 2599 1651 2607 ·
1683 2590 1722 2626 τῷ
1744 2590 1816 2625 λόγῳ
1845 2591 1896 2625 μὲν

1104 2634 1195 2661 αὐτῶν
1206 2634 1255 2670 τῆς
1265 2635 1426 2669 καταιγίδος
1438 2635 1665 2670 ὲπιτεταγμένης,
1681 2636 1721 2667 εἰς
1742 2636 1859 2670 πραεῖαν
1867 2635 1895 2661 δὲ

1106 2678 1194 2716 αὖραν
1210 2681 1359 2716 ἱσταμένης
1371 2690 1378 2697 ·
1395 2681 1443 2708 καὶ
1453 2682 1508 2707 τῶν
1522 2683 1653 2717 κυμάτων
1670 2681 1720 2717 μὲν
1738 2680 1825 2716 αὐτῆς
1846 2689 1894 2707 κα-

1105 2725 1331 2761 τασιγαζομένων
1347 2735 1354 2742 α
1369 2727 1592 2763 εὐφραινομένων
1609 2727 1637 2754 δὲ
1663 2726 1773 2754 πάντων
1793 2727 1841 2754 ἐπὶ
1861 2727 1894 2761 τῇ

1103 2772 1214 2808 ἡσυχίᾳ,
1229 2773 1277 2800 καὶ
1290 2773 1336 2800 ἐπὶ
1349 2773 1449 2809 λιμένα
1462 2774 1509 2801 τοῦ
1524 2774 1597 2802 θείου
1615 2773 1768 2810 θελήματος
1779 2773 1895 2808 ὁδηγού-

1104 2819 1202 2853 μένων.

1329 2881 1350 2896 ⁸⁷
1362 2880 1431 2909 Psal.
1446 2889 1551 2913 Lxxnv,
1565 2881 1607 2908 i2.
1647 2881 1669 2898 ⁸⁸
1681 2881 1759 2910 Rom.
1773 2887 1828 2912 vui,
1840 2878 1908 2912 25;.
