2072 3160
178 175 214 210 ιε
535 177 677 209 ORATIO
697 179 755 210 III.
770 192 806 198 —-
823 179 864 210 IN
883 179 1043 213 LAUDEM
1063 179 1115 209 SS.
1136 166 1250 209 PETRI
1267 178 1316 208 ET
1332 177 1462 208 PAULI.
1783 178 1820 211 46

213 235 269 264 Ἦν
285 236 354 272 ὁρᾷν
369 236 429 262 ἐκεῖ
445 236 507 263 τότε
527 238 618 263 πᾶσαν
630 238 680 272 μὲν
699 237 853 272 ἀνθρώπων
867 237 954 272 φυλὴν
968 245 973 252 ·
992 239 1014 266 Α

181 285 273 311 πᾶσαν
286 283 313 309 δὲ
323 283 462 317 γλῶσσαν,
480 283 531 318 τὴν
557 283 625 310 [δίαν
644 283 786 310 διάλεκτον
809 283 975 313 ἀκούουσαν,

180 330 223 365 τῷ
248 329 420 364 Παρακλήτῳ
450 329 496 355 διὰ
519 330 678 356 ἀποστόλων
704 329 873 364 λαλιιυμένην
894 339 901 345 ·
930 329 977 356 καὶ

181 375 247 410 γόνυ
256 375 305 410 μὲν
313 373 402 410 ψυχῆς
410 374 450 408 τῷ
464 374 588 408 θεολογου
594 376 667 410 μένῳ
672 375 751 410 Λόγῳ
760 374 975 409 κατακάμπτουι

182 429 253 448 σαν·
277 421 355 456 χειλη
373 420 402 448 δὲ
429 421 479 447 καὶ
507 420 636 456 γλῶσσαν
655 421 724 456 πρὸς
753 421 802 454 τὴν
832 419 976 456 τριαδικὴν

180 466 402 494 κατευθύνουσαν
418 467 573 501 δοξολογίαν
590 475 596 482 ·
616 466 664 493 καὶ
691 466 787 503 ὥσπερ
804 466 922 493 εἰδώλων
946 475 977 492 τε

181 512 286 547 πλάνης
298 513 412 539 καὶτῶν
428 513 578 547 δαιμονίων
599 512 695 548 πρώην
715 513 903 548 ἐμεμέστωτο,
930 513 976 539 οὓ-

179 567 235 589 τως
247 558 360 593 ὕστερον
382 558 495 593 χάριτος
510 558 602 592 ζώσης
617 558 662 585 τοῦ
687 558 840 594 ζωαρχικοῦ
850 559 977 594 Πνεύμα-

179 612 227 634 τος
253 603 428 639 πεπλήρωτο.
454 604 511 630 Καὶ
536 602 594 630 οἷον
622 604 685 631 ἁλσὶ
715 605 893 640 δραστηρίοις
916 606 977 637 ταῖς

179 648 284 675 τούτων
297 649 458 683 ϐεηγορίαις
473 650 694 684 καταρτυομένη,
718 650 767 686 τὴν
787 650 874 686 ὑγρὰν
889 651 977 685 ἀπερ-

182 696 304 729 ρὑτετο
316 696 364 722 καὶ
374 695 480 730 δυσώδη
498 696 549 732 τῆς
571 697 711 733 ἁμαρτίας
741 697 887 732 σηπεδόνα.
916 697 977 723 Τῶν

180 741 290 776 μιαρῶν
307 741 361 777 γὰρ
375 741 475 776 ὀργίων
487 742 535 768 καὶ
553 742 622 768 ἐθῶν
642 742 690 768 καὶ
707 742 835 775 τελετῶν,
855 740 896 773 οἷς
915 750 978 777 χρο-

178 786 245 817 vta);
273 787 428 820 ἐμμείνασα
457 786 660 813 δυσαπόνιπτον
685 787 750 822 ἔσχε
783 786 832 822 τὴν
861 786 975 822 κηλῖδα,

178 832 287 858 τούτων
302 832 379 859 ὕδατι
402 832 560 868 ρυπτομένη
589 833 704 868 καθαρῷ
717 854 724 865 ,
753 833 802 859 καὶ.
820 833 977 868 μυστηρίων

179 878 262 904 θείων
278 878 482 915 θεουργουμένῃ
507 879 648 914 μετουσίᾳ,
680 879 810 911 κοινωνὸς
839 878 976 913 οὐρανίων

178 924 343 959 ἀναπέφηνε
361 925 585 961 μεγαλοδωρεῶν.

222 969 293 995 Ἀλλ’
314 970 363 1004 οὐχ
395 970 412 1004 ἡ
440 969 584 1004 σωματικὴ
608 969 696 1000 κτίσις
713 970 804 1004 μόνον,
837 968 909 995 οὕτω
923 969 974 1004 τῆς

179 1014 285 1048 Πέτρου
301 1015 349 1040 καὶ
363 1015 470 1041 Παύλου
485 1015 670 1049 μεγαλοφυῖας
697 1015 745 1041 καὶ
777 1014 969 1049 στερρότητος,

178 1061 243 1094 ἦτοι
269 1061 380 1096 χάριτος
403 1060 527 1096 ἡττήθη·
557 1060 606 1086 καὶ
632 1060 714 1086 αὐταὶ
742 1059 770 1086 δὲ
787 1061 815 1086 αἱ
829 1058 972 1093 ἀσώματοι

179 1108 267 1132 πᾶσαι
294 1107 343 1133 καὶ
373 1106 556 1133 ἀποστατικαὶ
589 1106 745 1141 Δυνάμεις,
771 1105 975 1141 δυσμαχώτατα

181 1153 302 1187 πόλεμον
316 1152 376 1179 κατ’
400 1152 490 1179 αὐτῶν
505 1152 687 1187 ἀνῃρημέναι,
705 1151 792 1182 οὕτως
814 1151 974 1184 ἐξουδένων-

181 1208 226 1225 ται
249 1199 297 1225 καὶ
327 1199 567 1234 κατανενίκηνται,
598 1198 636 1230 ὡς
662 1198 735 1229 εἰκὸς
762 1196 796 1234 ἦν
818 1197 973 1231 ὲξουδεκςοῦ-

183 1245 245 1270 σθαι
262 1244 327 1275 τοὺς
349 1245 419 1270 κατὰ
440 1244 494 1270 τῶν
525 1244 614 1279 Ἰησοῦ
641 1245 812 1270 πιστοτάτων
828 1243 975 1278 ὁπλιζομέ-

185 1298 244 1320 νους
268 1289 388 1316 ὀπαδῶν.
406 1290 460 1316 Καὶ
472 1289 526 1324 γὰρ
539 1289 634 1323 ὥσπερ
655 1288 763 1325 πρῶτος
791 1290 895 1320 ἐκεῖνος
925 1289 975 1323 τὴν

189 1335 384 1370 ἁνθρωπότητα
403 1335 642 1371 περιποιούμενος,
670 1335 718 1362 καὶ
741 1335 786 1362 διὰ
812 1334 917 1370 ταύτην
935 1334 975 1369 τῷ

193 1382 389 1416 κοσμοκράτορι
417 1382 490 1417 πάλῃ
518 1382 700 1416 συμπλακεὶς,
721 1381 826 1415 νοητῶς
842 1380 974 1413 ἀπεξεδύ-

188 1437 252 1454 σατο
280 1429 338 1464 (5)·
367 1428 416 1455 καὶ
440 1429 585 1465 παρρησίᾳ
611 1428 799 1464 θριαμϐεύσας
825 1428 917 1461 αὐτὸν,
936 1427 975 1463 τῷ

184 1475 296 1510 σταυρῷ
310 1475 572 1510 παρεδειγμάτισεν·
590 1474 661 1501 οὕτω
673 1474 706 1509 δὴ
723 1474 824 1508 Πέτρος
841 1473 887 1500 καὶ
900 1473 974 1500 Παῦ-

182 1522 239 1554 λος,
257 1523 281 1547 οἱ
292 1522 398 1556 γνήσιοι
408 1521 457 1556 τῆς
468 1523 573 1548 ἐκείνου
590 1521 687 1556 πείρας
709 1521 756 1546 καὶ
774 1520 853 1554 νίκης
882 1529 974 1555 μιμη-

180 1567 237 1598 ταὶ,
254 1568 356 1598 πάσαις
370 1568 479 1603 ’Λρχαῖς
494 1568 542 1593 καὶ
564 1566 714 1598 Ἑξουσίαις
728 1566 798 1601 ὑπὲρ
808 1566 862 1592 τῶν
878 1566 973 1597 ἐθνῶν,
988 1587 1010 1615 C

182 1613 230 1638 καὶ
253 1613 504 1648 κοσμοκρατορίαις
528 1612 648 1643 ἁπάσαις
670 1611 901 1646 συμπλεκόμενοι,
928 1611 976 1637 καὶ

180 1659 286 1689 ταύτας
306 1659 444 1694 ἀραχνίων
463 1659 564 1695 τρόπον
590 1659 720 1694 νημάτων
748 1659 918 1692 ὰπημὰιντως
947 1658 976 1684 ἐν

180 1705 282 1740 ἐκεινῳ
297 1705 497 1736 διεκδύνοντες·
525 1706 573 1731 καὶ
589 1707 645 1736 τοῖς
661 1704 804 1739 παθήμασι
826 1704 875 1739 μὲν
903 1704 977 1730 εὐδο-

181 1751 307 1783 κοῦντες,
319 1754 375 1783 τοῖς
395 1752 589 1788 καθημερινοῖς
602 1752 630 1778 δὲ
646 1751 772 1782 θανάτοις
798 1750 978 1786 ὲγκαυχώμε-

179 1806 234 1830 vet,
249 1795 311 1825 εἶτα
324 1798 354 1824 τὸ
369 1798 415 1824 τοῦ
438 1798 598 1824 διδασκάλου
621 1798 751 1832 ποτήριον
772 1797 976 1827 ὲκπεπωκὸτες,

178 1844 212 1870 ὲν
227 1843 303 1878 αὐτῷ
315 1844 360 1870 τὸν
374 1844 521 1870 ἀντίπαλον
536 1844 709 1878 κατακράτος
717 1843 895 1879 καθαιροῦσιν
907 1850 915 1858 ·
929 1843 977 1869 καὶ

178 1892 246 1923 τοὺς
265 1892 312 1918 ὑπ’
342 1892 440 1927 ἐκείνῳ
453 1893 656 1927 κρατουμένους
671 1891 894 1927 ᾑχμαλωτικότες
908 1891 978 1925 Χρι-

179 1938 251 1972 στῷ,
267 1939 324 1970 τοῖς
338 1938 388 1973 τῆς
400 1938 574 1973 δικαιοσύνης
587 1938 635 1965 καὶ
651 1938 729 1973 νίκης
745 1935 976 1972 ἐστεφανώθησαν

178 1993 251 2018 στεφ
257 1985 338 2016 ἀνοις.

219 2031 278 2056 Καὶ
312 2031 416 2064 Πέτρος
446 2030 496 2065 μὲν
517 2029 555 2064 τῷ
577 2028 686 2065 σταυρῷ
710 2028 760 2061 τὰς
785 2029 860 2064 ἱεράς
875 2038 905 2055 τε
929 2029 978 2056 καὶ

177 2077 372 2112 πρεσῆυτικὰς
395 2076 525 2111 παλάμας
546 2075 808 2110 ὲκπεπετασμένος·
839 2076 886 2101 καὶ
901 2075 978 2102 κάτω

178 2125 235 2159 μὲν
251 2123 320 2158 πρὸς
335 2124 370 2158 τῇ
386 2124 422 2158 γῇ
436 2123 486 2158 τὴν
502 2122 639 2157 κεφαλήν·
664 2122 720 2148 ἄνω
736 2122 764 2148 δὲ
781 2121 848 2156 πρὸς
864 2120 977 2156 οὐρανὸν

177 2172 246 2202 τοὺς
259 2171 342 2201 πόδας
357 2169 569 2206 ἁπηωρημένος,
597 2170 634 2200 ὼς
650 2168 683 2195 ἂν
701 2170 749 2194 καὶ
776 2169 810 2203 τῇ
837 2168 977 2202 ὁμοιότητι

177 2217 230 2244 τοῦ
246 2216 362 2248 πάθους,
372 2217 420 2242 καὶ
432 2217 466 2251 τῇ
482 2215 658 2250 ἀνομοιότητι
673 2215 720 2241 τὸν
733 2214 890 2240 διδάσκαλον
903 2214 977 2247 δοξά-

1064 235 1186 262 Vidisses
1211 234 1267 262 illic
1292 239 1358 262 tunc
1379 234 1523 261 hominum
1545 234 1684 263 nationem
1708 241 1818 263 omnem

1027 288 1192 316 omnemque
1208 281 1339 317 linguam,
1355 288 1435 308 suum
1453 280 1595 316 proprium
1614 288 1769 309 sermonem
1786 290 1820 309 ρ’(

1029 329 1219 362 apostolorum
1231 335 1279 355 ore
1294 324 1416 362 Spiritus
1430 335 1544 354 munere
1559 328 1718 356 audientem
1727 328 1750 344 ⁸⁸
1765 337 1772 355 :
1788 336 1820 356 ac

1029 374 1141 408 quidem
1159 381 1243 409 genu,
1260 373 1391 406 sermoni,
1407 374 1487 408 cujus
1505 373 1594 401 deitas
1611 375 1819 409 praedicaretur,

1028 419 1201 453 ﬂectentem;
1231 419 1303 447 labia
1326 427 1392 446 vero
1416 427 1448 446 ac
1474 418 1595 454 linguam
1617 420 1651 447 ad
1677 420 1840 459 Trinitatis.

1027 466 1135 494 laudem
1157 466 1321 502 dirigentem
1343 475 1351 492 :
1375 473 1407 493 ac
1427 465 1499 492 sicut
1522 466 1588 493 olim
1611 466 1820 494 simulacrorum

1027 512 1239 548 dmmonumque
1263 520 1357 540 errore
1381 513 1462 548 plena
1485 513 1645 545 exstiterat,
1661 513 1702 540 sic
1724 517 1822 548 postea

1026 559 1089 586 viva
1113 559 1216 586 viviﬁci
1245 558 1366 593 Spiritus
1394 559 1480 594 gratia
1511 559 1681 586 exuberabat
1711 567 1718 586 :
1744 559 1823 586 velut

1027 604 1147 639 denique
1164 607 1219 632 acri
1238 605 1310 636 sale,
1325 605 1427 632 divinis
1444 613 1540 633 eorum
1559 606 1668 633 condita
1685 606 1820 640 praedica-

1028 651 1253 682 tionibus,udam
1266 655 1348 686 atque
1363 652 1482 679 olentem
1497 652 1603 687 peccati
1615 652 1715 680 cariem
1730 652 1821 680 deter—

1028 697 1119 732 gebat.
1138 697 1255 732 lmpuris
1272 697 1345 724 enim
1364 698 1450 732 orgiis
1470 698 1661 733 mysteriisque
1684 705 1716 724 ac
1739 706 1823 725 ωλι-θ-

1030 744 1149 775 moniis,
1172 743 1273 778 quibus
1303 744 1367 771 olim
1395 744 1447 771 alte
1474 744 1623 771 lmrentem
1647 748 1823 772 contraxerat

1028 790 1174 821 maculam,
1185 789 1283 816 horum
1296 789 1397 816 munda
1409 798 1478 824 aqua
1491 790 1595 822 abluta,
1607 789 1822 826 divinorumque

1028 835 1222 870 mysteriorum
1247 835 1442 862 communione
1469 835 1588 868 imbuta,
1610 837 1821 872 magniﬁcorum

1029 881 1090 908 cmli
1108 888 1253 908 munerum
1269 888 1383 908 consors
1396 880 1495 908 eiiecta
1510 885 1563 909 est.

1059 971 1115 1000 Nec
1131 971 1281 1006 corporalis
1303 971 1437 998 duntaxat
1458 974 1567 1002 natura,
1583 971 1623 998 sic
1638 970 1714 998 Petri
1729 969 1824 998 Pauli-

1027 1026 1080 1053 que
1093 1018 1166 1046 victa
1179 1017 1322 1053 magniﬁca
1343 1017 1434 1044 indole
1448 1022 1476 1045 et
1489 1017 1628 1051 ﬁrmitate,
1645 1017 1702 1045 sive
1718 1016 1821 1053 gratia;

1024 1072 1120 1092 verum
1145 1064 1227 1091 etiam
1255 1063 1425 1099 incorporea
1444 1071 1541 1091 omnes
1563 1067 1645 1098 atque
1666 1063 1824 1098 apostaticw

1026 1110 1190 1143 Potestates,
1205 1109 1276 1136 duro
1297 1109 1325 1136 in
1345 1109 1407 1136 illos
1421 1108 1637 1144 dillicillimoque
1661 1109 1733 1136 bello
1748 1108 1824 1136 exci-

1027 1159 1093 1186 tato,
1118 1155 1158 1182 sic
1175 1155 1289 1190 dejecta:
1311 1161 1479 1189 prorsusque
1501 1154 1610 1181 obtrita:
1631 1158 1705 1186 sunt,
1723 1158 1753 1181 ut
1774 1161 1825 1189 par

1025 1205 1086 1228 erat
1113 1201 1195 1236 dejici
1224 1208 1287 1233 eos,
1312 1201 1359 1235 qui
1389 1200 1522 1227 adversus
1555 1200 1620 1228 Jesu
1648 1199 1825 1227 ﬁdelissimos

1026 1245 1178 1280 discipulos
1197 1253 1229 1272 ac
1251 1248 1404 1272 sectatores
1428 1245 1513 1272 armis
1535 1245 1748 1272 instruerentur.
1777 1244 1826 1271 Et-

1027 1292 1102 1319 enim
1131 1292 1205 1319 sicut
1233 1291 1340 1326 primus
1356 1291 1401 1318 ille
1426 1291 1554 1318 humanas
1580 1296 1688 1318 naturae
1711 1290 1824 1321 vindex.

1025 1337 1140 1372 ejusque
1161 1344 1242 1364 causa
1259 1336 1392 1363 adversus
1405 1336 1500 1363 mundi
1519 1341 1655 1363 rectorem
1671 1336 1745 1362 lucta
1757 1343 1825 1362 con-

1025 1390 1146 1418 gressus,
1162 1383 1322 1418 spiritaliter
1334 1383 1410 1411 exuit
1421 1383 1462 1409 ":
1478 1383 1622 1417 palamque
1639 1381 1824 1416 triumphans,

1026 1429 1054 1456 in
1082 1436 1164 1456 cruce
1191 1429 1333 1462 traduxit;
1359 1429 1399 1456 sic
1425 1429 1504 1463 plane
1530 1429 1628 1456 Petrus
1657 1428 1824 1463 Paulusque,

1026 1475 1101 1502 illius
1118 1476 1278 1503 certaminis
1292 1483 1323 1503 ac
1337 1476 1459 1502 victoria:
1472 1475 1530 1502 veri
1549 1474 1651 1508 aemuli,
1666 1483 1729 1502 cum
1744 1475 1824 1502 Prin-

1026 1522 1164 1556 cipatihus
1196 1522 1324 1549 omnibus
1362 1526 1390 1549 et
1421 1521 1626 1552 Potestatihus.
1662 1521 1826 1556 cunctisque

1027 1567 1122 1594 mundi
1146 1567 1261 1594 rectoris
1285 1567 1380 1594 cuneis
1402 1569 1526 1603 gentium
1553 1575 1636 1594 causa
1669 1568 1824 1602 congressi,

1029 1614 1158 1647 velutque
1174 1619 1338 1639 aranearum
1356 1613 1484 1644 stamina,
1499 1613 1574 1640 nulla
1589 1613 1649 1640 inec
1663 1620 1733 1640 noxa
1747 1612 1774 1640 in
1791 1621 1825 1640 co

1027 1663 1179 1686 exucntes:
1202 1666 1234 1685 ac
1257 1659 1368 1693 quidem
1400 1659 1542 1686 laboribus
1575 1664 1658 1694 atque
1689 1659 1825 1687 aerumnis

1027 1703 1175 1736 audentes,
1213 1704 1437 1739 quotidianisque
1474 1704 1610 1732 mortibus
1655 1704 1823 1739 gloriantes;

1028 1754 1142 1784 tumque
1163 1750 1286 1785 magistri
1304 1750 1404 1777 hausto
1423 1751 1519 1780 calice.
1542 1751 1569 1778 in
1585 1758 1619 1778 eo
1634 1750 1824 1778 adversarium

1028 1803 1142 1830 prorsus
1160 1796 1322 1831 proﬂigant:
1350 1804 1476 1832 quosque
1500 1797 1546 1825 ille
1569 1797 1693 1830 tenebat,
1713 1796 1824 1824 Christo

1027 1842 1229 1877 mancipantes,
1247 1850 1365 1870 coronas
1388 1841 1503 1878 justitia:
1530 1851 1562 1870 ac
1580 1842 1703 1870 victoria;
1728 1849 1825 1878 perce-

1027 1892 1138 1923 perunt.

1065 2029 1104 2057 Ac
1120 2028 1218 2057 Petrus
1235 2029 1358 2064 quidem,
1374 2037 1467 2057 sacras
1480 2029 1508 2057 in
1523 2037 1606 2058 cruce
1626 2035 1707 2066 atque
1722 2031 1822 2058 seniles

1027 2076 1187 2111 expandens
1202 2076 1328 2111 palmas;
1352 2077 1441 2111 capite
1457 2076 1586 2104 deorsum
1601 2077 1628 2104 in
1644 2081 1745 2104 terram
1757 2084 1823 2113 pr01

1028 2130 1092 2154 nus,
1114 2122 1287 2157 pedibusque
1315 2130 1426 2150 sursum
1459 2123 1486 2149 in
1515 2123 1615 2150 etelum
1645 2123 1762 2153 levatus.
1793 2127 1825 2150 ut

1010 2169 1164 2205 passionis
1193 2174 1251 2197 tum
1287 2169 1468 2197 similitudine
1505 2175 1563 2197 tum
1597 2169 1823 2198 dissimilitudine

1029 2216 1191 2251 magistrum
1208 2215 1392 2243 clariﬁcaret:
1411 2216 1513 2244 Paulus
1525 2224 1592 2243 vero
1609 2223 1693 2251 supra
1709 2217 1823 2245 modum

180 2271 268 2290 ςειεν.
297 2262 401 2293 Παῦλος
427 2261 466 2293 δὲ,
483 2261 532 2296 τὴν
561 2260 711 2294 ὑπέρτιμον
735 2261 824 2295 κὰραν
852 2261 976 2294 ἀποτμη-

1029 2261 1181 2290 venerabili
1205 2270 1274 2289 casa
1294 2262 1421 2295 cervice;
1446 2266 1529 2297 atque
1553 2270 1597 2296 ea,
1618 2263 1693 2298 quod
1715 2263 1825 2291 deesset

180 2311 251 2341 Θεὶς,
264 2309 314 2334 καὶ
329 2309 360 2334 τὸ
378 2308 502 2343 στέρημα
516 2307 602 2342 ταύτῃ
610 2307 665 2332 τῶν
677 2306 974 2342 παθημάτωνΧριστοῦ

178 2354 385 2391 πεπληρωκὼς,
408 2355 480 2381 οὕτω
503 2356 663 2388 νενικὴκασι
680 2353 725 2379 τὸν
749 2353 862 2388 κόσμον.
881 2353 974 2384 Οὕτως

215 2437 242 2452 ⁵⁸
252 2437 312 2464 Act.
325 2444 354 2469 ιι,
370 2436 425 2463 Ι.⁵¹
442 2435 547 2464 Coloss.
565 2436 650 2469 11,15.

218 2509 257 2543 (ὅ,
271 2507 393 2541 Νοητῶς
407 2507 628 2543 ὰπεξεδύσατο,
648 2507 724 2543 lianc
740 2515 835 2534 vocem
853 2507 978 2542 plerique

179 2541 328 2572 transitive
342 2548 494 2577 exponunt,
507 2550 562 2569 non
577 2542 645 2569 satis
661 2541 696 2568 ad
713 2547 833 2570 mentem
848 2541 976 2576 apostoli,

180 2579 261 2615 quasi
275 2578 344 2605 velit
359 2579 398 2605 sic
418 2578 588 2615 exspoliatos
606 2577 780 2615 nudatosque
808 2578 978 2615 principatus

181 2613 214 2642 ac
231 2618 384 2649 potestates
394 2613 566 2645 traduxisse;
584 2620 639 2639 non
654 2613 728 2647 quod
753 2613 812 2647 ipse
830 2613 922 2647 potius
941 2613 976 2640 ad

181 2648 324 2677 certamen
335 2654 446 2679 exutus,
458 2649 547 2683 posita
559 2648 665 2676 scilicet
680 2656 729 2683 per
741 2652 858 2675 mortem
877 2655 971 2680 carne,

182 2686 224 2711 vel
254 2685 351 2714 etiam.
367 2689 398 2710 ut
421 2684 634 2719 Chrysostomus
646 2683 769 2718 exponit,
795 2683 852 2718 ipsa
879 2691 976 2719 eorum

180 2720 255 2749 labe.
274 2727 362 2754 eaque
388 2719 416 2746 in
436 2727 465 2746 se
480 2718 595 2753 depulsa
616 2719 651 2745 ab
671 2719 790 2745 humana
806 2724 906 2745 natura
918 2718 976 2753 (qui

183 2764 241 2782 mos
252 2760 295 2782 est
309 2753 501 2786 luctator-im),
519 2754 559 2781 sic
589 2754 732 2789 magniﬁce
752 2754 787 2780 de
803 2753 858 2780 illis
879 2754 977 2789 trium-

183 2790 320 2830 phaverit,
335 2798 366 2830 ac
381 2790 598 2830 exemplum-cos
613 2788 721 2816 fecerit.
739 2788 878 2830 Sic'certle
890 2788 976 2830 Syrus

174 2824 314 2860 ,illlﬂl‘pr.,
333 2825 366 2851 Et
395 2833 441 2859 per
455 2824 674 2859 cxspoliationcm
693 2825 809 2860 corporis
825 2825 878 2857 sui,
895 2824 974 2859 diffa-

184 2859 263 2887 murit
274 2861 439 2895 principatus
453 2865 477 2886 et
494 2864 646 2895 potestates.
659 2860 714 2886 Sua
724 2859 855 2886 nimirum
873 2864 972 2890 morte,

168 2903 236 2931 «ιω
251 2894 328 2923 velut
342 2894 546 2928 indumentum,
562 2902 662 2930 corpus
674 2895 761 2922 exuit.
773 2895 876 2922 Eodem
891 2894 974 2922 modo

1027 2309 1130 2336 Christi
1144 2308 1304 2343 passionum
1316 2308 1481 2343 adimplens,
1493 2309 1534 2337 sic
1543 2309 1678 2337 mundum
1689 2309 1780 2337 vicere
1788 2310 1823 2336 ³⁸.

1029 2353 1060 2381 In
1086 2361 1150 2380 eum
1170 2353 1285 2380 modum
1308 2353 1425 2389 contigit
1450 2358 1480 2382 ut
1502 2355 1592 2383 virtus
1613 2354 1641 2382 in
1664 2355 1823 2384 inﬁrmitate

689 2437 711 2452 "
723 2435 829 2464 Coloss.
847 2444 865 2470 ι,
882 2436 933 2469 21η
952 2436 974 2464 ll
991 2436 1056 2464 Cor.
1070 2444 1120 2469 xu,
1134 2436 1162 2464 9.

1029 2507 1147 2542 August.
1167 2507 1186 2534 l.
1212 2506 1250 2533 De
1264 2515 1349 2542 agone
1375 2507 1472 2534 Christ.
1493 2515 1518 2534 c.
1535 2507 1551 2534 2
1576 2512 1604 2534 ct
1628 2507 1678 2539 16;
1695 2508 1820 2534 adversus

1027 2542 1168 2574 Faustum,
1185 2549 1210 2568 c.
1223 2542 1258 2569 '29
1268 2547 1296 2568 et
1309 2543 1334 2574 1,
1349 2546 1378 2569 et
1390 2542 1426 2568 De
1440 2547 1540 2577 peccat.
1555 2543 1641 2570 merit.
1659 2547 1683 2569 et
1703 2544 1820 2574 rentiss..

1028 2585 1053 2604 c.
1068 2578 1114 2609 27,
1128 2578 1236 2604 Exuens
1256 2585 1283 2603 se
1301 2585 1420 2604 carnem.
1435 2578 1506 2610 Quin
1534 2583 1562 2604 et
1578 2578 1663 2605 Hilar.
1679 2579 1698 2606 Ι.
1719 2586 1757 2609 Ix,
1783 2578 1821 2604 De

1029 2612 1139 2642 Trinit..
1158 2612 1261 2639 Exutus
1280 2621 1398 2644 carnem,
1415 2618 1440 2639 et
1467 2617 1609 2648 potestates
1635 2614 1748 2640 ostentui
1761 2621 1821 2648 esse

1028 2648 1099 2682 fecit.
1120 2648 1177 2675 Hoc
1202 2655 1301 2682 nempe
1319 2648 1503 2678 insinuantes,
1521 2649 1662 2683 reciproce
1679 2647 1821 2681 accipien-

1028 2683 1091 2710 dam
1107 2691 1167 2710 eam
1183 2691 1290 2712 vocem.
1306 2684 1414 2710 utrovis
1427 2683 1537 2710 tandem
1553 2684 1634 2710 modo
1650 2683 1820 2717 intelligatur

1027 2726 1059 2745 ea
1072 2719 1264 2752 reciprocatio.
1280 2718 1389 2745 Nicctas
1397 2719 1553 2753 exponitad
1568 2725 1678 2745 sensum
1697 2718 1820 2753 Chryso-

1026 2754 1107 2792 διίξιηί
1121 2753 1351 2792 cxspoliationem
1365 2754 1391 2780 in
1403 2752 1485 2781 nobis
1498 2755 1595 2792 iactam
1609 2752 1720 2792 ⁸νοητῶς
1737 2752 1822 2780 infer-

1025 2789 1131 2816 naliuni
1145 2793 1322 2823 potestatum,
1345 2788 1383 2816 ita
1398 2793 1428 2816 ut
1444 2794 1536 2816 mente
1550 2788 1664 2823 intelligi
1682 2792 1773 2822 potest
1791 2792 1822 2816 et

1025 2824 1164 2858 spirituali
1187 2824 1308 2857 ratione;
1337 2825 1476 2859 quomodo
1501 2825 1585 2851 etiam
1610 2823 1696 2850 oblita
1723 2823 1820 2859 Deiriu

1024 2859 1106 2886 nobis
1123 2858 1243 2894 imagine
1259 2867 1309 2893 per
1325 2865 1480 2894 peccatum,
1501 2859 1638 2886 inlernam
1654 2866 1767 2887 omnem
1779 2858 1820 2888 la-

1023 2895 1084 2922 bem
1095 2902 1158 2922 cum
1170 2895 1332 2922 auctoribus
1344 2895 1530 2922 indueramus.
