2072 3160
215 186 249 218 47
821 182 968 214 ΝΙΟΕΤΛΞ
987 182 1004 212 Ρ

1055 182 1252 213 'HLAGONIS
1815 184 1851 216 48

215 239 396 281 perﬁceretur
410 252 417 276 ',
434 243 527 278 sicque
543 243 658 270 cxitioso
678 243 724 270 illo
744 243 839 270 colliso
850 247 932 277 atque
947 249 1004 276 pcr-

1059 241 1076 275 ή
1093 241 1152 267 Osi:
1165 241 1279 275 δύναμις
1295 242 1323 267 ἐν
1338 242 1372 277 τῇ
1386 241 1516 277 ἀσθενείᾳ
1532 241 1634 268 τούτων
1659 242 1832 269 τετελείωται
1842 252 1850 260 ο

216 299 308 324 cusso.
325 290 392 318 clari
406 290 478 317 clare
493 298 546 317 una
560 297 622 317 cum
637 289 747 318 Christo
757 290 880 316 victorim
892 293 1005 316 auctore

216 339 242 365 in
273 337 374 365 cwlum
403 335 505 371 recepti
535 336 644 363 sunt“.
669 336 703 363 Et
727 335 798 362 sicut
826 335 931 370 primus
961 333 1006 361 ille

215 384 331 412 victoria
345 383 462 419 potitus,
474 382 502 409 in
518 382 629 409 dextera
647 381 721 409 sedis
735 381 885 417 majestatis
900 381 1006 416 primus

216 431 244 457 in
262 429 378 457 excelsis
392 428 482 461 sedit,
501 428 537 455 ita
555 428 583 455 hi
599 435 710 463 quoque
724 435 775 463 pro
791 427 865 454 illius
878 426 1007 454 similitu-

215 477 280 504 dine
305 476 435 508 victores,
459 479 490 502 ut
515 474 555 501 illi
576 482 591 501 ιι
609 474 715 502 dextris
734 473 859 506 sedeam,
877 471 1006 501 secundis

215 522 339 557 partibus
355 520 562 548 nanciscuntur.

249 619 271 648 Ο
296 619 423 647 eximiam
448 617 629 645 imitationem
656 617 730 645 omni
753 618 887 653 majorum
913 618 1006 645 imita-

216 667 290 694 tione
304 666 310 692 ι
330 665 351 692 0
372 663 518 692 humilium
533 671 565 690 ac
580 663 705 691 modesto
717 671 798 691 sensu
813 665 1006 692 exaltationem

215 711 288 746 apud
302 710 473 738 Altissimum
487 710 493 735 l
510 709 636 741 Terreni,
658 714 686 736 ct
704 710 849 742 caelestes;
864 711 1006 741 mortales.

213 762 241 785 et
259 756 446 790 immortales;
472 755 575 791 pusilli,
603 759 699 790 terque
719 756 839 783 maximi.
855 756 907 790 Qui
930 757 1006 784 omni

214 803 317 831 mundo
332 802 524 831 retrimcntum
538 810 569 830 ac
582 802 737 837 quisquilia:
751 803 845 838 positi,
860 804 1006 831 venerabi-

212 851 300 878 liorcs
313 849 449 885 Seraphin
460 849 634 877 exstiterunt.
650 849 700 883 Qui
716 850 796 883 fame,
812 851 867 882 siti,
880 851 1005 878 nuditate

212 895 375 928 contlictati,
396 895 533 922 bonorum
563 901 624 930 quae
651 895 747 922 oculus
770 903 824 922 non
850 896 928 929 vidit,
950 904 1004 923 non

212 941 288 969 auris
307 940 424 973 audivit,
447 948 499 967 nec
514 939 542 966 in
559 948 607 968 cor
622 940 743 968 hominis
758 941 960 974 ascenderunt;
975 942 1004 969 in

211 995 273 1022 qua:
294 987 377 1014 etiam
393 985 482 1021 angeli
506 985 547 1021 (ut
561 994 623 1013 cum
641 986 709 1021 ipsis
724 986 832 1021 loquar)
845 986 1004 1014 desiderant

210 1030 382 1066 prospicere,
405 1029 505 1056 horum
530 1030 558 1057 1ιί
580 1030 783 1065 dispensatores
807 1036 890 1066 atque
906 1031 1003 1059 arbitri

210 1076 314 1104 sanctis
336 1075 457 1111 praefecti
490 1080 564 1103 sunt.
597 1076 740 1110 Quodnam
766 1077 838 1103 istud
866 1085 929 1112 erga
956 1085 1004 1104 vos

211 1123 343 1150 bonitatis
361 1123 520 1158 mysterium
536 1122 702 1156 ?Quomodo
720 1123 802 1150 iidem
816 1127 873 1150 tum
888 1123 935 1150 ﬁlii
954 1123 1004 1150 ho-

210 1170 316 1197 minum
339 1169 452 1201 auditis,
476 1173 534 1196 tum
558 1169 630 1196 Dei?
653 1168 788 1200 Alterum,
809 1170 1005 1202 natura;alte-

210 1223 287 1246 rum,
312 1215 470 1250 adoptione.
499 1214 642 1248 Quomodo
665 1220 855 1242 momentanea
882 1215 1004 1250 levisque

210 1261 373 1294 tribulatio,
409 1261 450 1288 sic
483 1265 619 1288 :etcrnum
658 1261 736 1288 vobis
768 1261 861 1296 gloriae
896 1261 1004 1296 pondus

210 1308 338 1343 prmstitit
348 1307 372 1323 ⁵⁸
386 1307 397 1334 ?

244 1353 361 1381 Carnem
377 1353 480 1380 factum
503 1360 563 1381 esse
581 1353 666 1380 Deum
683 1353 803 1381 Verbum
821 1358 849 1382 et
866 1354 1010 1382 habitasse

210 1399 238 1427 in
253 1399 345 1430 nobis,
359 1403 452 1425 vestra
474 1397 662 1425 insinuatione
675 1403 759 1433 atque
773 1398 901 1426 doctrina
917 1406 1003 1434 agno-

209 1444 353 1471 vimus“:
380 1451 429 1470 vos
456 1447 548 1470 autem
575 1443 665 1478 reipsa
696 1451 797 1479 corpus
825 1445 1004 1480 membraque

209 1489 324 1521 nobilia,
341 1489 366 1516 ei
381 1488 427 1523 qui
443 1496 555 1515 carnem
575 1489 733 1524 assumpsit,
753 1490 897 1517 exstitistis
914 1499 920 1516 :
942 1498 1004 1518 cor-

208 1544 261 1571 pus
288 1536 416 1563 nimirum
446 1535 630 1570 undequaque
662 1536 826 1570 pulchrum,
854 1535 1003 1570 deiforme,

210 1582 312 1609 divinis
333 1581 439 1608 micans
461 1580 624 1616 fulgoribus,
645 1582 719 1616 quod
734 1583 836 1609 nullam
858 1583 1001 1615 maculam,
1017 1598 1042 1629 ο

209 1629 300 1656 nullas
319 1635 400 1663 rugas
412 1633 460 1655 aut
478 1628 568 1655 labem
582 1628 664 1655 ullam
678 1629 815 1657 admittat.
838 1631 916 1658 Velut
929 1631 1002 1659 enim

210 1676 266 1703 duo
291 1675 454 1702 lucidissimi
475 1682 507 1702 ac
525 1675 696 1702 blandissimi
722 1676 858 1704 Dominici
881 1679 1004 1713 corporis

210 1720 341 1756 prostatis
356 1720 441 1752 oculi,
457 1720 559 1755 quibus
582 1725 670 1748 totum
693 1722 752 1757 ejus
767 1730 866 1757 corpus
883 1723 1004 1750 illustre-

212 1770 257 1793 tur
267 1774 275 1793 ι
287 1773 337 1801 per
348 1773 417 1800 quos
425 1765 557 1792 Dominus
567 1769 707 1793 exstantes
722 1770 779 1793 toto
791 1767 857 1794 orbe
870 1767 1004 1795 Ecclesias

210 1813 382 1847 inspectans,
415 1811 532 1839 aediﬁcet
560 1811 749 1847 perﬁciatque.
786 1813 839 1840 Sed
866 1819 895 1841 et
924 1822 1005 1841 aures

211 1865 312 1896 apertae
328 1864 355 1887 et
370 1860 458 1891 clarae,
476 1864 558 1894 atque
572 1860 674 1888 divinae
687 1861 749 1888 voci
763 1861 868 1894 faciles,
881 1862 929 1889 Dei
943 1870 1004 1889 ver-

210 1907 276 1934 bum
298 1906 529 1942 sapientissimum
552 1914 584 1933 ac
604 1906 789 1941 omnipotens,
803 1906 1003 1935 lncarnationis

209 1954 316 1981 scilicet
332 1953 504 1988 mysterium,
529 1960 591 1980 cum
616 1953 736 1988 primum
759 1953 915 1986 audissetis,
934 1962 1003 1981 cun-

210 2005 315 2027 ctorum
331 1998 397 2026 illud
415 1998 589 2033 postmodum
603 1998 717 2026 auribus
733 1998 875 2026 intulistis.

245 2046 299 2073 Vos
313 2049 341 2072 et
357 2051 439 2072 nares
450 2043 649 2074 odoratissimze
662 2048 690 2071 et
703 2051 778 2079 genm
791 2044 859 2071 estis
871 2045 1001 2081 mysticae.

208 2091 292 2120 Nares
315 2099 413 2124 sacrae,
431 2098 572 2118 sacrorum
596 2095 798 2126 unguentorum
818 2090 920 2118 Christi
946 2091 1002 2118 fra-

208 2138 343 2172 grantiam
369 2137 490 2164 suaviter
516 2136 664 2164 admodum
689 2136 864 2169 olfacicntes,
889 2138 1002 2172 ejusque

208 2184 330 2212 scientiae
349 2190 459 2211 suavem
480 2182 604 2215 odorem,
620 2182 693 2209 omni
709 2183 770 2210 loco
785 2183 1000 2211 manifestantcs.

209 2231 288 2257 (.‘enw
301 2237 366 2257 vero
390 2230 457 2255 sicut
478 2228 575 2263 phialw
590 2234 739 2255 aromatum
752 2229 785 2260 ⁸ο,
804 2229 880 2257 velut
895 2238 910 2257 e
927 2230 1001 2257 fonlc

1060 287 1106 313 καὶ
1120 287 1192 314 οὕτω
1210 287 1256 314 τὸν
1277 287 1393 323 ὀλετῆρα
1419 288 1598 323 θραύσαντες,
1633 288 1756 324 λαμπροῖι
1780 290 1851 324 λαμ-

1060 333 1136 368 πρῶς
1159 333 1198 368 τῷ
1223 333 1352 368 νικοποιῷ
1380 334 1490 369 Χριστῷ
1506 334 1575 369 πρὸς
1597 334 1728 369 οὐρανοὺς
1753 344 1849 362 συναν-

1057 379 1224 414 ελήφθησαν.
1246 380 1301 405 Καὶ
1327 379 1422 415 ὥσπερ
1440 379 1543 411 ἐκεῖνος
1558 380 1667 415 πρῶτος
1687 381 1849 416 νενικηκὼς,

1059 426 1089 451 ἑν
1103 426 1177 461 δεξιᾷ
1190 425 1238 452 τοῦ
1259 426 1355 461 θρόνου
1371 425 1420 461 τῆς
1437 426 1633 462 μεγαλωσύνης
1646 427 1753 462 πρῶτος
1766 427 1850 454 ἐκάθ-

1060 480 1115 498 ισεν
1135 472 1163 498 ἐν
1184 471 1314 507 ὑψηλοῖς·
1341 472 1412 498 οὕτω
1432 472 1479 498 καὶ
1507 469 1579 499 οὗτοι
1610 473 1681 499 κατὰ
1704 473 1754 508 τὴν
1782 473 1850 508 πρὶς

1058 517 1162 543 ἐκεῖνον
1179 517 1309 551 ὁμοίωσιν
1325 516 1510 551 νενικηκότες,
1526 517 1576 551 τῆς
1589 518 1621 544 ἐκ
1635 517 1731 550 δεξιῶν
1753 518 1848 544 τούτου

1057 563 1185 597 δευτέρας
1203 563 1394 596 καταξιοῦνται
1412 563 1593 598 καθιζήσεως.

1095 609 1126 635 Ὢ
1146 608 1196 643 τῆς
1222 609 1379 644 ὑπερφυοῦς
1404 610 1549 644 μιμήσεως
1573 610 1628 636 τῶν
1647 611 1811 646 ἀμιμήτωνῖ
1827 611 1850 638 ὢ

1057 656 1106 690 τῆς
1126 656 1196 690 πρὸς
1215 656 1260 682 τὸν
1274 656 1406 690 ’Ὕψιστον
1427 657 1482 682 τῶν
1499 657 1721 693 ταπεινοφρόνων
1739 658 1848 693 άνυψὼ-

1059 703 1141 733 σεωςί
1153 703 1175 728 οἱ
1189 702 1316 735 ἐπίγειοι,
1326 703 1371 729 καὶ
1382 703 1518 738 οὐράνιοι·
1529 704 1554 730 οἱ
1569 703 1674 739 θνητοὶ,
1684 705 1731 731 καὶ
1745 705 1848 731 ἀθάνα-

1056 756 1097 774 τοι
1107 756 1114 764 ’
1124 749 1148 774 οἱ
1161 749 1264 783 μικροὶ,
1278 749 1323 775 καὶ
1333 749 1538 784 τρισμέγιστοι·
1552 749 1600 776 καὶ
1612 751 1637 776 οἱ
1651 751 1848 786 περικάοαρμα

1056 793 1095 829 τῷ
1103 794 1198 829 κόσμῳ
1205 794 1341 821 παντὶκαὶ
1349 803 1382 821 πε
1387 795 1450 830 ρίῲη
1456 804 1492 830 μα
1500 796 1632 829 κείμενοι,
1640 805 1657 823 α
1662 796 1775 831 Ιδέσιμοι
1785 806 1819 824 κα
1823 796 1850 823 6-

1056 841 1189 875 εστήκασι
1205 843 1261 872 τοῖς
1270 841 1411 876 Σεραφείμ
1422 849 1429 856 ·
1440 842 1487 867 καὶ
1499 842 1523 867 οἰ
1541 842 1621 878 πείνῃ
1633 843 1661 869 δὲ
1672 843 1718 870 καὶ¹
1729 842 1792 878 δίψῃ
1800 844 1848 870 καὶ

1057 887 1206 922 γυμνότητι
1216 887 1479 922 ταλαιπωρούμενοι,
1489 888 1543 914 τῶν
1555 889 1665 923 ἀγαθῶν
1674 890 1691 916 ἂ
1707 890 1847 924 ὀφθαλμὸς

1057 934 1106 960 οὐκ
1122 931 1202 967 εἶδεν,
1211 934 1258 966 οὖς
1266 935 1316 961 οὐκ
1327 935 1454 970 ἤκουσεν,
1466 935 1513 962 καὶ
1523 936 1568 962 ἐπὶ
1577 936 1691 971 καρδίαν
1702 937 1846 973 ἀνθρώπου

1055 980 1104 1006 οὑκ
1117 979 1218 1014 ἀνέ6η”
1233 981 1272 1012 είς
1285 980 1302 1007 ἃ
1314 981 1361 1007 καὶ
1376 980 1500 1015 ἄγγελοι,
1527 982 1588 1008 κατ’
1615 981 1716 1014 αὐτοὺς
1745 983 1845 1016 εἰπεῖν,

1055 1025 1220 1060 ὲττιουμοῦσι
1239 1026 1410 1062 παρακύψαι,
1436 1026 1539 1053 τούτων
1567 1024 1639 1054 οὗτοι
1661 1028 1769 1062 ταμίαι,
1797 1029 1846 1055 καὶ

1056 1074 1202 1109 πρυτάνεις
1234 1073 1321 1107 ἁγίοις
1346 1073 1543 1108 προεστήκασι.
1578 1074 1610 1100 Τί
1635 1074 1666 1100 τὸ
1691 1076 1755 1109 περὶ
1774 1075 1846 1110 ὑμᾶς

1054 1117 1134 1144 τοῦτο
1156 1117 1206 1152 τῆς
1223 1117 1391 1152 ἀγαοότητος
1407 1118 1575 1154 μυστήριον;
1592 1119 1654 1150 Πῶς
1667 1120 1691 1146 οἱ
1706 1120 1781 1146 αὐτοὶ
1800 1121 1847 1147 καὶ

1055 1164 1267 1198 υίοὶὰνθρώπων
1276 1165 1322 1191 καὶ
1335 1164 1403 1191 Θεοῦ
1419 1165 1641 1200 κεχρηματίκατε
1656 1175 1663 1199 ;
1677 1165 1715 1191 Τὸ
1728 1167 1788 1201 μὲν,
1802 1167 1846 1193 διὰ

1054 1209 1103 1245 τὴν
1115 1209 1205 1244 φύσιν,
1214 1210 1245 1236 τὸ
1253 1210 1291 1242 δὲ,
1300 1210 1343 1237 διὰ
1353 1210 1402 1245 τὴν
1413 1211 1562 1238 υἱοθεσίαν.
1573 1212 1635 1243 Πῶς
1646 1213 1676 1238 τὺ
1690 1216 1846 1248 παραυτίκα

1054 1256 1103 1290 τῆς
1122 1255 1247 1290 θλίψεως,
1273 1255 1319 1282 καὶ
1335 1255 1463 1291 ἐλαφρὸν,
1487 1255 1574 1288 οὕτως
1587 1257 1650 1292 ὑμῖν
1663 1257 1745 1292 βάρος
1767 1257 1846 1292 δόξης

1055 1301 1164 1329 αἰώνιον
1191 1302 1340 1337 εἰργάσατο
1353 1312 1359 1336 ;

1090 1349 1182 1384 Σάρκα
1198 1349 1248 1384 μὲν
1264 1349 1406 1383 γεγονέναι
1418 1350 1463 1377 τὸν
1479 1350 1545 1377 Θεὸν
1557 1351 1644 1385 Λόγον
1663 1351 1710 1377 καὶ
1725 1351 1754 1378 ἐν
1780 1351 1846 1386 ἡμῖν

1055 1393 1252 1428 ὲσκηνωκέναι,
1277 1395 1309 1421 ἐκ
1331 1396 1380 1430 τῆς
1400 1395 1537 1431 ὑμετέρας
1563 1397 1728 1433 μεμυήμεοα
1760 1397 1846 1431 μύστ-

1054 1439 1178 1473 αγωγίας
1188 1446 1196 1454 '
1212 1440 1292 1475 ὑμεῖς
1306 1440 1334 1467 δὲ
1346 1441 1426 1476 σῶμα
1440 1441 1478 1477 τῷ
1492 1442 1559 1474 ὖντι,
1572 1443 1618 1469 καὶ
1633 1443 1700 1477 μέλη
1711 1442 1789 1477 τίμια
1805 1442 1844 1477 τῷ

1056 1485 1260 1520 σεσαρκωμένῳ
1273 1486 1472 1521 καθεστήκατε.
1489 1486 1573 1522 Σῶμα
1593 1488 1743 1521 πάγκαλον,
1759 1487 1843 1514 θεοει-

1054 1529 1110 1563 δὲς,
1125 1530 1252 1565 οεαυγὲς,
1268 1531 1358 1566 πάσης
1373 1531 1481 1566 κηλίδος
1497 1534 1543 1559 καὶ
1559 1532 1653 1567 ρύπων
1668 1533 1715 1560 καὶ
1740 1533 1844 1569 μώμων

1056 1575 1239 1602 ἀνεπίδεκτον.
1255 1573 1306 1602 Οἷα
1331 1577 1385 1612 γὰρ
1403 1577 1539 1612 ὀφθαλμοὶ
1565 1578 1612 1604 δύο
1632 1579 1844 1613 φωτοφανέστα-

1050 1623 1095 1648 ’τοι
1118 1622 1166 1647 καὶ
1182 1623 1354 1657 χαριέστατοι
1371 1623 1417 1648 τοῦ
1442 1624 1611 1650 Δεσποτικοῦ
1636 1624 1762 1659 σώματος
1777 1633 1845 1660 προ-

1056 1667 1200 1704 ϐέϐλησθε,
1217 1666 1257 1700 οἷς
1275 1669 1334 1695 ὅλον
1352 1669 1435 1696 αὐτοῦ
1449 1669 1597 1703 φωτίζεται
1625 1670 1656 1697 τὺ
1686 1671 1782 1705 σῶμα·
1811 1671 1846 1697 δι’

1054 1711 1092 1740 ὧν
1107 1715 1121 1740 ὁ
1137 1714 1239 1749 Κύριος
1259 1715 1308 1746 τὰς
1331 1716 1392 1742 καθ’
1415 1717 1480 1751 ὅλην
1492 1716 1540 1751 τὴν
1555 1718 1607 1751 γῆν
1622 1717 1770 1751 ἐκκλησίας
1796 1717 1844 1750 ἐφ-

1056 1761 1139 1798 ορῶν,
1152 1763 1288 1797 οἰκοδομεῖ
1311 1762 1358 1789 καὶ
1373 1763 1542 1798 καταρτίξει.
1561 1764 1616 1790 Καὶ
1631 1761 1688 1790 ὦτα
1703 1764 1731 1790 δὲ
1750 1764 1839 1799 τρανὰ

1054 1808 1101 1834 καὶ
1118 1809 1201 1842 σαφῆ,
1217 1809 1265 1834 καὶ
1280 1808 1329 1844 τῆς
1348 1808 1423 1840 θείας
1438 1809 1514 1841 ὄντες
1541 1810 1644 1845 εὐήκοα
1674 1810 1767 1844 φωνῆς
1778 1818 1785 1825 ⁸
1815 1810 1846 1836 τὸ

1056 1855 1132 1890 ῥῆμα
1144 1855 1191 1881 τοῦ
1221 1855 1288 1881 Θεοῦ
1306 1855 1337 1881 τὸ
1363 1855 1512 1890 πάνσοφον,
1537 1856 1567 1882 τὸ
1581 1855 1797 1890 παντοδύναμον,
1813 1855 1844 1882 τὸ

1053 1901 1103 1936 τῆς
1129 1901 1312 1935 Οίκονομίας,
1332 1901 1413 1936 φημὶ,
1436 1901 1544 1936 πρῶτον
1571 1903 1720 1937 μυστήριον
1745 1903 1843 1929 ἑνωτι-

1055 1947 1181 1980 σθέντες,
1213 1948 1274 1978 ταῖς
1303 1948 1398 1980 ἀκοαῖς
1426 1949 1491 1975 αὐτὸ
1513 1948 1612 1981 πάσαις
1634 1949 1766 1984 δευτέρως
1800 1950 1845 1976 ὲν-

1054 1994 1185 2029 ηχξσατε.

1095 2040 1192 2076 Ὑμεῖς
1206 2040 1252 2067 καὶ
1268 2043 1405 2077 μυκτῆρες
1435 2042 1625 2076 εὐοσμότατοι,
1652 2042 1700 2067 καὶ
1722 2041 1844 2075 σιαγόνες

1054 2086 1115 2112 ἐστὲ
1131 2087 1273 2122 μυστικαί.
1288 2088 1437 2123 Μυκτῆρες
1454 2089 1522 2124 ἱεροὶ
1543 2089 1593 2122 τῆς
1615 2088 1691 2123 ἱερᾶς
1707 2087 1762 2114 τῶν
1775 2088 1842 2122 Χρι-

1054 2132 1117 2158 στοῦ
1137 2133 1232 2168 μύρων
1248 2134 1362 2165 εὐωδίας
1378 2135 1449 2169 ἄγαν
1463 2134 1549 2169 ἡδέως
1560 2134 1781 2169 ὀσφραινόμενοι,
1795 2134 1844 2160 καὶ

1052 2177 1102 2213 τὴν
1114 2178 1202 2213 ὀσμὴν
1217 2179 1266 2214 τῆς
1282 2179 1410 2213 γνώσεως
1433 2179 1514 2206 αὑτοῦ
1544 2179 1627 2206 παντὶ
1654 2180 1730 2214 τόπῳ
1760 2188 1845 2214 φανε-

1054 2223 1175 2258 ροῦντες.
1193 2225 1336 2258 Σιαγόνες
1351 2224 1391 2257 δὲ,
1410 2225 1543 2260 καθάπερ
1569 2225 1674 2260 φιάλαι
1690 2225 1744 2252 τοῦ
1768 2225 1844 2260 ἀρώ-

209 2275 302 2302 divina
318 2274 405 2302 docta:
427 2274 535 2309 lingua),
554 2275 733 2309 germinames
750 2274 800 2309 (uti
816 2275 1001 2302 sacratissimo

1055 2278 1157 2303 ματος,
1173 2269 1268 2306 ὥσπερ
1285 2270 1338 2296 ἀπὸ
1355 2271 1446 2306 πηγῆς
1474 2272 1523 2306 τῆς
1552 2271 1680 2304 οεολόγου
1706 2271 1843 2305 γλώσσης,

207 2322 366 2349 continetur
389 2320 509 2355 eloquio)
532 2320 728 2355 unguentaria;
749 2321 877 2353 ntvsticas
897 2321 1003 2348 scilicet

208 2368 302 2395 odoris
330 2367 479 2394 suavitates
504 2366 634 2401 (Spiritus
658 2375 757 2402 nempe
782 2367 933 2401 doctrinas)
959 2367 1002 2394 his

207 2414 256 2449 qui
270 2412 343 2448 digni
360 2412 424 2444 sint,
443 2411 624 2446 proferentcs.

246 2458 301 2486 Vos
323 2459 387 2486 item
406 2466 503 2485 manus
518 2463 637 2486 strenuae
651 2466 683 2485 ac
696 2458 855 2490 industriae;
872 2467 933 2493 quae
948 2467 1001 2485 non

207 2505 235 2532 in
255 2503 355 2531 tabulis
371 2503 496 2537 lapideis,
519 2502 567 2529 sed
587 2503 754 2533 carnalibus,
771 2510 822 2529 nec
837 2506 1002 2534 atramento,

208 2550 257 2577 sed
269 2550 332 2577 vivo
348 2549 396 2576 Dei
411 2549 526 2584 Spiritu,
543 2550 656 2585 mystice
675 2549 768 2576 divina
786 2548 896 2583 eloquia
909 2553 1004 2575 ornate

207 2595 407 2631 dcpingatis".
433 2595 540 2628 Manus,
564 2602 626 2630 qua:
651 2594 751 2621 nedum
776 2594 886 2621 ﬁrmum
908 2594 1006 2621 funda—

208 2646 333 2670 mentum
363 2641 437 2677 (ﬁdei
467 2641 583 2674 scilicet)
614 2645 670 2667 tuta
696 2640 762 2667 base
790 2640 889 2676 ligatis,
913 2641 960 2668 sed
978 2644 1006 2668 et

208 2688 291 2723 digna
315 2687 378 2715 ﬁdei
393 2695 476 2722 opera
492 2686 729 2721 superaediﬁcetis.
742 2686 803 2713 Non
819 2687 893 2713 enim
909 2686 1002 2722 lignis.

211 2735 312 2769 stipula
337 2739 365 2761 et
388 2733 462 2765 feno,
486 2731 535 2760 sed
557 2740 625 2759 auro
653 2736 679 2759 et
697 2736 810 2767 argento
833 2732 1002 2767 pretiosissi-

209 2780 316 2813 misqne
337 2779 475 2814 lapidibus
499 2777 646 2811 (dcctrinis
670 2778 777 2805 scilicet
797 2783 879 2812 atque
895 2778 1003 2806 actibus

207 2823 265 2850 lico
299 2824 414 2858 placitis)
448 2823 646 2859 intelligentem
674 2827 757 2858 atque
782 2823 920 2851 viventem
947 2824 1002 2851 Deo

245 2879 268 2896 ⁸³
280 2879 362 2910 Hebr.
379 2890 398 2913 ι,
414 2882 456 2910 15.

209 2915 234 2932 ⁵⁸
243 2915 322 2944 Cant.
334 2925 360 2950 ν,
377 2917 417 2944 13.
457 2918 479 2933 ⁸⁷
492 2917 523 2944 ll.
539 2917 603 2944 Cor.
622 2925 660 2948 lll,
677 2916 702 2942 5.

522 2882 545 2898 ⁵⁵
564 2881 586 2909 ll
601 2881 722 2918 COI'.J\',
749 2881 790 2913 Π,
812 2882 838 2914 1,
865 2882 892 2913 4.
911 2882 959 2915 il;
978 2891 997 2914 ι,

1057 2883 1093 2916 9;
1122 2883 1132 2909 l
1149 2883 1221 2910 Petr.
1249 2891 1266 2910 ι.
1283 2884 1331 2917 li;
1347 2884 1368 2911 li
1382 2883 1446 2912 Cor.
1474 2892 1510 2918 ιν,
1530 2884 1572 2911 17.

1053 2317 1186 2351 satiat/(Tm
1200 2317 1280 2352 (κατὰ
1293 2316 1323 2342 τὺ
1341 2317 1546 2351 μυστικὼτατον
1559 2317 1670 2351 λόγιον),
1682 2317 1841 2351 μυρεψικὰ,

1053 2362 1101 2394 τὰς
1117 2362 1252 2397 μυστικὰς
1270 2362 1384 2393 εὐωδίας
1405 2363 1476 2396 (ἦτοι
1503 2362 1680 2394 διδασκαλίας
1697 2363 1745 2389 τοῦ
1761 2361 1844 2389 Ilvati-

1056 2408 1150 2443 ματος)
1164 2409 1219 2439 τοῖς
1231 2408 1317 2440 ἀξίοις
1333 2408 1559 2443 προϐαλλόμενοι.

1097 2454 1191 2488 Ὑμεῖς
1199 2454 1246 2480 καὶ
1255 2455 1345 2489 χεῖρες
1355 2455 1477 2489 ὲνεργείς
1485 2455 1532 2481 καὶ
1549 2454 1707 2489 δραστήριοι
1716 2453 1844 2480 πιστεύε-

1057 2500 1115 2533 σθε,
1131 2500 1182 2527 οὐκ
1195 2501 1223 2526 ἐν
1234 2499 1350 2531 λιθίναις
1361 2500 1396 2526 τὰ
1412 2500 1473 2527 Θεῖα
1483 2499 1562 2534 λόγια
1573 2499 1680 2532 πλαξὶν,
1696 2499 1764 2526 ἀλλὰ
1777 2507 1844 2533 σαρ-

1055 2547 1159 2577 κίναις·
1180 2546 1210 2572 οὐ
1224 2546 1330 2580 μέλανι,
1350 2545 1418 2572 ἀλλὰ
1430 2545 1498 2572 Θεοῦ
1522 2546 1663 2581 Πνεύματι
1682 2545 1762 2577 ζῶντι
1793 2553 1843 2579 μυ.

1057 2592 1156 2623 πικῶς
1173 2592 1418 2628 καλλιγραφοῦσαι.
1435 2593 1544 2627 Χεϊρες,
1561 2593 1591 2618 οὐ
1610 2592 1735 2626 οεμὲλιον
1765 2590 1846 2625 μόνον

1055 2638 1175 2673 ἀσφαλῆ,
1200 2638 1246 2666 τὸν
1272 2639 1322 2673 τῆς
1348 2639 1466 2670 πίστεως
1494 2638 1748 2674 καταπηγνύουσαι,
1778 2636 1847 2663 ἀλλὰ

1056 2686 1103 2711 καὶ
1119 2685 1188 2721 ἔργα
1203 2685 1253 2720 τῆς
1266 2685 1385 2717 πίστεως
1400 2685 1464 2718 ἄξια
1486 2683 1722 2718 ἐποικοδομοῦσαι.
1743 2683 1781 2709 Οὐ
1801 2682 1847 2716 ξύ-

1055 2732 1111 2763 λοις
1119 2732 1183 2766 γὰρ,
1196 2731 1226 2757 οὑ
1237 2731 1349 2767 καλάμῃ
1356 2731 1402 2757 καὶ
1412 2731 1512 2766 χόρτῳ,
1528 2731 1621 2767 χρυσῷ
1639 2730 1667 2757 δὲ
1677 2730 1723 2757 καὶ
1733 2729 1847 2765 ἀργύρῳ

1055 2778 1187 2804 καὶλίθων
1196 2779 1249 2809 τοῖς
1256 2778 1442 2812 τιμιωτάτοις.
1455 2779 1504 2805 εἴτ’
1514 2777 1560 2805 οὖν
1569 2778 1659 2812 λόγοις
1671 2777 1718 2804 καὶ
1731 2777 1845 2813 πράξεσι

1055 2825 1222 2859 ῦεοτερπέσι,
1232 2824 1282 2859 τὴν
1297 2824 1393 2859 νοερὲιν
1416 2824 1579 2860 Ἐκκλησίαν
1592 2825 1639 2851 καὶ
1649 2823 1740 2856 ζῶσαν
1751 2830 1849 2858 καταρ-

1642 2884 1665 2901 ⁵⁵
1676 2883 1757 2912 Joan.
1769 2889 1789 2917 I,
1803 2881 1848 2911 1-2.
