2072 3160
196 185 233 218 49
558 187 700 218 ORATIO
717 188 825 228 III.-—
838 188 879 218 IN
899 186 1056 218 LAUDEM
1076 188 1128 218 SS.
1149 188 1264 218 PETRI
1284 187 1332 217 ET
1351 187 1479 217 PAULI.
1798 187 1835 218 50

195 245 287 276 τίζετε
307 243 379 280 Θεῷ.
410 244 511 280 Χεῖρες
545 245 705 281 μυστηρίων
735 246 872 280 ἱερουργοὶ
892 245 989 271 θείων·

1048 244 1193 272 Ecclesiam
1224 244 1360 272 instruitis
1372 245 1405 271 ⁵⁸.
1430 244 1535 275 Manus,
1562 243 1663 270 divinis
1690 248 1836 278 operante;

198 291 347 326 ὑπερφυῶν
368 291 520 326 τεραστίων
530 292 693 326 αὐτουργοί·
723 292 780 328 ἁφῇ
803 292 871 327 μόνῃ
897 292 990 321 νόσους

200 337 336 372 ίώμεναι,
366 336 497 371 δαίμονας
539 337 719 370 ἑλαύνουσαι,
746 338 990 373 παραλελυμένους

200 383 366 417 σφίγγουσαι
379 404 386 415 ,
412 383 532 418 λεπροὺς
548 383 730 418 καθαίρουσαι
743 405 750 417 ,
776 385 991 419 παγκεκυφότας

197 429 372 464 ἀνορθοῦσαι,
387 430 503 462 νεκροὺς
517 430 676 461 ἀνιστῶσαι,
692 430 740 456 καὶ
753 431 865 464 τυφλοῖς
878 431 926 466 μὲν
942 430 991 466 τὴν

195 476 268 511 ὁψιν,
289 476 393 509 κωφοῖς
415 475 444 501 δὲ
458 476 507 511 τὴν
521 476 617 510 ἀκοὴν,
633 476 790 511 μογιλάλοις
803 477 832 503 δὲ
846 476 895 511 τὴν
907 476 992 510 γλῶσ-

197 530 248 548 σαν
260 521 454 556 διατρανοῦσαι
466 522 513 547 καὶ
525 522 706 555 διασαφοῦςαι
716 529 723 537 ·
737 523 783 549 καὶ
795 523 883 549 πᾶσαν
896 521 991 557 σώμα-

195 577 241 600 τος
266 568 368 603 λὼῦην,
383 569 430 594 καὶ
455 569 546 595 πᾶσαν
567 568 657 603 ψυχῆς
671 568 760 604 λύμην
781 569 930 604 ἀφράστως
945 569 992 596 καὶ

195 615 319 650 ἀχρὸνως
339 614 552 650 θεραπεύουσαι.

238 661 335 696 Ὑμεῖς
351 660 459 687 καὶδύο
482 658 553 696 ὦμοι
581 661 628 688 καὶ
659 661 741 696 μαζοὶ
763 661 810 688 δύο
832 661 882 696 τῆς
902 661 989 696 Ἰησοῦ
1034 667 1039 671 ”

197 707 338 742 πεφήνατε
356 706 569 742 μεγαλειότητος
579 715 586 722 ”
607 707 632 733 οἱ
647 707 697 741 μὲν
710 707 755 733 τδν
770 708 887 742 σταυρὸν
904 706 991 742 αἴρον-

195 761 254 785 τες,
272 753 318 780 καὶ
334 753 409 788 αὐτῷ
423 753 653 788 συνεπαιρόμενοι
667 761 673 767 ·
689 754 737 780 καὶ
751 753 790 785 ὡς
805 754 910 788 κεφαλῇ
926 754 989 789 ἰδίᾳ,

195 800 237 835 τῷ
268 801 471 836 ἐσταυρωμὲνῳ
505 800 655 836 προθύμως
686 801 860 836 ἐφεπόμενοι.
889 799 989 836 Ὤμοι,

195 847 244 873 ὠν
260 846 381 881 χρηστὸν
393 846 516 882 αἴροντες
539 846 658 882 Χριστοῦ
674 846 768 881 ζυγὸν,
798 847 844 873 καὶ
863 847 909 873 τὸν
932 847 992 874 ἐλα-

195 892 266 927 φρὸν
277 892 403 927 ἐλαφρῶς
426 893 602 927 κουφίζοντες
617 892 715 928 φόρτον
740 892 788 919 τοῦ
812 892 989 926 Εὐαγγελίου,

1046 291 1202 326 mysteriis;
1220 292 1285 326 ipsa:
1300 291 1465 319 eximiorum
1487 290 1676 326 prodigiorum
1699 290 1837 318 artiﬁces:

1046 342 1120 365 tactu
1146 338 1204 365 solo
1233 342 1362 365 sananles
1389 337 1510 370 morbos,
1537 337 1662 372 fugantes
1689 337 1837 369 diemones,

1045 384 1230 419 astringentes
1254 383 1343 410 soluta
1359 383 1494 414 membra,
1515 383 1640 418 leprosos
1662 383 1838 414 mundantes,

1046 430 1177 457 incurvos
1195 429 1343 464 erigentes,
1366 433 1491 455 mortuos
1514 428 1694 461 suscitantes;
1709 435 1741 455 ac
1759 428 1839 455 caccis

1045 476 1146 507 visum,
1164 475 1256 502 surdis
1270 475 1406 506 auditum.
1424 474 1512 502 balbis
1526 474 1633 502 facilem
1643 479 1671 502 et
1681 474 1839 509 expeditum

1045 522 1145 557 linguae
1161 529 1239 549 usum
1254 522 1423 556 praebentes;
1436 528 1601 556 omnemque
1616 522 1737 555 corporis
1749 521 1837 548 labem

1046 574 1127 603 atque
1142 576 1251 596 omnem
1265 568 1349 595 animi
1366 575 1464 595 noxam
1478 568 1561 594 nullis
1576 567 1669 594 verbis
1680 566 1838 602 explicabili

1046 614 1162 646 ratione,
1178 618 1373 648 momentoque
1387 619 1525 642 curantes.
1596 646 1598 648 _

1081 661 1135 688 Vos
1145 669 1256 696 quoque
1270 661 1326 688 duo
1338 660 1446 688 humeri
1458 661 1569 695 duoque
1585 661 1671 688 ubera
1687 659 1839 696 maiestatis

1045 708 1109 735 Jesu
1124 708 1245 734 cnitetis.
1264 707 1377 734 Humeri
1395 707 1501 734 scilicet
1526 704 1653 734 tollentes
1668 713 1790 738 crucem,
1809 713 1841 733 ac

1045 761 1107 780 cum
1122 761 1155 780 ea
1169 753 1273 788 pariter
1295 752 1420 784 exaltati;
1442 753 1572 787 velutque
1586 757 1668 787 caput
1685 751 1840 788 proprium,

1045 807 1109 827 eum
1136 799 1183 834 qui
1211 799 1360 827 cruciﬁxus
1381 804 1422 826 est
1451 799 1556 826 alacres
1582 799 1680 826 secuti.
1709 798 1839 830 llumeri.

1044 846 1146 874 Christi
1168 847 1265 882 jugum
1289 854 1373 874 suave
1400 847 1537 877 tollentes,
1561 847 1675 881 leveque
1699 845 1840 880 Evangelii

1045 900 1116 920 onus
1144 892 1277 925 levantes,
1304 897 1386 927 atque
1414 892 1481 919 illud
1506 892 1596 927 dignis
1621 892 1794 926 impatientes
1806 892 1840 917 ‘9.

196 939 244 966 καὶ
256 940 313 970 τοῖς
327 938 415 971 ἀξίοις
441 939 522 965 αὐτὸν
542 938 764 973 ὲπιφορτίζοντες
787 947 794 954 ·
809 939 853 965 ναὶ
872 939 915 973 δὴ,
946 941 992 965 καὶ

1048 939 1117 967 Sane
1133 947 1201 967 vero
1216 939 1299 967 etiam
1314 943 1441 967 errantes
1453 946 1518 966 oves
1532 943 1714 970 assumentes,
1732 944 1842 969 earum-

194 986 232 1011 τέι
244 985 297 1012 τῶν
313 985 459 1020 προϐάτων
477 985 716 1020 ἁναλαμΰᾱνοντες
744 985 922 1020 πλανώμενα,
945 986 992 1012 καὶ

197 1032 255 1062 τοῖς
279 1031 408 1065 μένουσιν
433 1031 676 1067 συναριθμοῦντες,
708 1032 756 1058 καὶ
782 1031 912 1068 μάνδραις
934 1035 994 1063 ταῖς

197 1077 257 1103 ἄνω
273 1077 552 1113 κατασφαλιζόμενοι,
569 1079 616 1105 καὶ
629 1079 700 1114 ὑπὲρ
712 1079 803 1106 αὐτῶν
824 1079 933 1115 σταυρῷ
947 1081 994 1107 καὶ

199 1123 312 1158 Θανάτῳ
339 1124 411 1150 κατὰ
447 1124 564 1160 μίμησιν
598 1125 776 1161 ἁγιαζόμενοι
813 1127 991 1163 Δεσποτικήν.

200 1171 296 1203 Μαζοὶ
308 1170 348 1204 δὲ,
362 1171 413 1197 οὐκ
427 1171 550 1206 αἰσθητῷ
564 1171 692 1205 γάλακτι,
708 1172 796 1207 νοητῷ
808 1172 835 1199 δὲ
849 1173 994 1208 τρέφοντες

196 1215 248 1250 τὴν
267 1214 449 1249 Ἐκκλησίαν
470 1215 517 1242 καὶ
531 1215 591 1241 οὐδὲ
615 1216 685 1250 γάλα
703 1215 793 1251 μόνον,
807 1216 852 1243 τὸν
878 1217 995 1251 εἰσαγω-

196 1260 278 1294 γικόν
299 1269 330 1286 τε
353 1260 434 1294 λόγον
457 1261 505 1287 καὶ
528 1262 584 1292 τοῖς
610 1261 802 1297 εἰσαγομένοις
827 1263 995 1298 κατάλληλον

201 1306 451 1341 ἀναλαμϐάνοντες,
466 1307 535 1334 ἀλλὰ
550 1307 598 1334 καὶ
626 1305 708 1339 οἶνον,
732 1308 782 1343 τὴν
806 1309 918 1344 στερεὰν
941 1309 995 1335 τῶν

203 1352 344 1387 δογμάτων
359 1353 546 1389 ὲστιατορίαν,
563 1354 610 1381 καὶ
627 1355 683 1386 τοῖς
698 1354 813 1387 τελείοις
836 1355 995 1390 πρέπουσαν

203 1397 360 1430 ἐπινάοντες
374 1398 526 1432 θεολογίαν.

241 1445 342 1479 Ὑμᾶς,
360 1445 408 1471 καὶ
422 1445 565 1480 σπλάγχνα
586 1445 635 1472 καὶ
649 1445 767 1480 νεφρούς
786 1455 828 1478 τις
850 1445 937 1473 εἰπὼν
953 1447 995 1474 δι-

199 1489 318 1524 δύμους·
345 1493 451 1525 μηρούς
467 1498 498 1516 τε
516 1491 564 1517 καὶ
589 1491 674 1526 σκέλη
693 1491 741 1518 καὶ
765 1492 850 1523 πόδας
874 1493 930 1528 τῆς
948 1493 996 1519 τοῦ

199 1536 393 1571 σαρκωθέντος
421 1537 660 1572 ὐπερουσιότητος,
692 1538 743 1564 οὐκ
769 1538 812 1571 ἂν,
829 1537 918 1573 οἶμαι,
948 1539 996 1565 τοῦ

198 1581 358 1616 πρέποντος
376 1582 563 1617 ἀποσφαλείη.
587 1582 643 1609 Καὶ
655 1583 711 1617 γὰρ
725 1584 792 1618 παρ’
810 1584 875 1619 ὑμῖν
893 1584 996 1620 ζωτικὴ

200 1628 317 1662 ποιότης
333 1629 382 1654 καὶ
398 1627 550 1663 ἄρῤευστος
567 1628 618 1663 τῆς
635 1628 818 1664 θεοπρεποῦς,
832 1630 893 1665 ἦτοι
905 1630 996 1657 θεοτε-

199 1675 265 1707 λοῦς
290 1675 404 1710 ἀγάπης
422 1675 642 1711 ὲνθεωρουμένη,
659 1676 706 1702 καὶ
720 1675 815 1712 ὥσπερ
833 1677 866 1703 ἐκ
882 1676 995 1712 διδύμου

200 1721 250 1748 καὶ
265 1720 356 1756 ζώσης
367 1721 461 1756 πηγῆς
472 1721 527 1748 τῶν
537 1721 680 1757 ὑμετέρων
693 1722 817 1757 κρυφίως
828 1722 996 1758 ἐξαλλομένη

202 1768 381 1803 σπλάγχνων,
401 1769 512 1800 πισταῖς
529 1768 705 1804 ὲπαρδομὲνη
730 1768 842 1804 ψυχαῖς,
868 1769 997 1805 γονίμους

200 1813 290 1845 αὑτὰς
305 1814 480 1841 ἀποδεικνύει
492 1814 562 1849 Θεῷ.
577 1814 692 1850 Κνῆμαι
709 1814 738 1841 δὲ
752 1814 800 1841 καὶ
812 1815 903 1848 πόδες,
921 1816 998 1842 εὐλό-

200 1869 271 1894 γως,
291 1858 378 1896 οἶμαι,
398 1862 445 1887 τοῦ
471 1861 559 1895 Λόγου
576 1860 759 1897 τεθεώρησθε,
774 1862 816 1888 ὅτι
833 1862 923 1889 πᾶσαν
948 1863 998 1899 τὴν

200 1907 255 1942 γῆν
281 1907 399 1935 διαθέων
416 1908 445 1934 ἐν
463 1907 539 1941 ὑμῖν,
558 1908 607 1934 καὶ
629 1909 718 1935 πᾶσαν
747 1907 852 1944 βροτῶν
877 1908 998 1936 διάνοιαν

201 1954 300 1985 ἐπιὼν,
317 1954 386 1989 πρὸς
398 1954 448 1989 τὴν
478 1955 528 1989 τῆς
545 1954 679 1990 ἀληθείας
703 1954 855 1988 ἐπίγνωσιν
872 1955 906 1981 δι’
921 1956 998 1990 ὑμῶν

202 2009 234 2035 χε
239 2002 381 2035 ιραγωγεῖ.
755 2020 759 2023 -

246 2045 342 2079 Ὑμεῖς
358 2045 443 2077 ὅντως
463 2045 536 2077 ἐστὲ,
552 2046 623 2072 κατὰ
649 2045 695 2072 τὸν
712 2046 785 2082 ἱερὸν
807 2048 956 2082 Ζαχαρίαν,
973 2048 997 2073 οἱ

204 2092 254 2118 δύο
269 2093 324 2118 τῶν
347 2092 447 2119 ἐλαιῶν
462 2093 567 2125 κλάδοι,
583 2094 616 2119 ὲκ
626 2092 723 2126 δεξιῶν
737 2101 768 2119 τε
786 2094 833 2120 καὶ
850 2094 998 2130 εὐωνύμων

202 2141 239 2174 τῇ
264 2140 354 2175 χρυσῇ
374 2139 482 2175 λυχνίᾳ,
502 2141 537 2175 τῇ
560 2139 710 2175 Ἐκκλησία
732 2139 766 2175 δὴ
783 2140 866 2174 λέγω,
889 2142 936 2168 καὶ
960 2141 999 2177 τῷ

204 2184 251 2211 ἐπ’
267 2185 356 2220 αὐτῆς
369 2185 516 2221 λαμπαδίῳ
529 2186 642 2221 Χριστῷ
657 2187 866 2221 παρεστηκότες
876 2194 885 2203 ⁸
899 2188 924 2213 of.
940 2187 998 2221 δύο,

203 2231 266 2258 κατ’
286 2232 369 2258 αὑτὸν
394 2232 493 2263 εἰπεῖν,
519 2232 570 2267 τῆς
596 2233 724 2267 πιότητος
749 2233 821 2266 υἱοὶ,
847 2233 885 2269 τῷ
903 2234 998 2270 Κυρίῳ

204 2276 300 2309 πάσης
315 2277 487 2313 παρίστασθε
499 2278 550 2313 τῆς
564 2279 628 2313 γῆς.

247 2321 336 2357 ’Υμᾱς
355 2323 403 2350 καὶ
427 2323 456 2349 αἱ
479 2323 526 2351 δύο
555 2323 659 2358 ῥάϐδοι,
691 2323 724 2355 ἃς
749 2323 839 2359 ἑαυτῷ
864 2323 999 2359 λήψεσθαι

204 2377 289 2403 φησιν
306 2369 321 2395 ὸ
337 2368 451 2404 Κύριος,
467 2369 545 2405 παρὰ
563 2369 603 2405 τῷ
618 2370 703 2403 αὐτῷ,
726 2371 998 2405 προῦπογράφουσιν.

204 2411 256 2440 Ὧν
272 2415 323 2449 τὴν
340 2415 388 2449 μὲν
411 2415 521 2448 κάλλος,
545 2415 590 2442 διὰ
605 2417 636 2442 τὸ
657 2416 708 2450 τῆς
729 2416 818 2451 ψυχῆς
837 2416 999 2450 περικαλλὲ-

204 2468 325 2487 στατον·
345 2461 493 2496 σχοίνισμα
517 2461 609 2496 δὲτὴν
632 2462 741 2496 ἑτέραν,
757 2461 795 2493 ὡς
817 2462 884 2488 ἰδίαν
904 2461 1001 2496 μερίδα

203 2507 421 2540 κατωνόμασεν·
447 2508 476 2534 ἐν
493 2504 538 2539 αἶς
564 2508 612 2534 καὶ
640 2507 674 2534 τὰ
695 2507 822 2543 πρόϐατα
849 2508 1001 2544 ποιμαίνει,

205 2553 254 2578 καὶ
269 2551 320 2586 τὴν
335 2551 480 2587 διαθήκην,
499 2553 532 2586 ἥν
545 2552 614 2587 πρὸς
629 2554 693 2585 τοὺς
708 2553 791 2585 λαοὺς
810 2553 924 2586 διέθετο,
942 2554 1002 2581 δια-

206 2597 354 2624 σκεδάσειν
382 2598 597 2632 ὲπαγγὲλλεται·
623 2598 702 2634 δῆλον
715 2600 756 2626 ὅτι
781 2599 827 2626 τὸν
848 2600 931 2635 νόμον
952 2600 1000 2627 τοῦ

205 2642 389 2678 γράμματος,
405 2643 450 2670 διὰ
471 2645 518 2670 τὸν
537 2643 587 2670 τοῦ
606 2644 763 2679 πνεύματος
785 2646 867 2679 νόμον
883 2645 998 2672 ἀθετῶν.

206 2689 265 2716 Καὶ
279 2688 335 2724 γὰρ
356 2689 372 2716 ὂ
387 2691 421 2725 τῇ
435 2690 506 2717 κατὰ
519 2691 603 2726 νόμον
624 2691 739 2727 λατρείᾳ
755 2692 801 2718 καὶ
822 2693 878 2724 τοῖς
906 2692 1002 2725 τύποις

205 2735 331 2770 Μωῦσῆς
355 2737 495 2772 πεφήνασι
521 2738 569 2764 καὶ
590 2736 715 2773 Ἀαρὼν,
735 2738 909 2773 παιδαγωγοὶ
933 2739 1002 2774 πρὸς

207 2781 330 2816 Χριστὸν
343 2786 400 2816 τοῖς
417 2783 529 2811 ἀτελέσι
543 2785 698 2819 γεγονότες,
709 2785 790 2812 τοῦτό
805 2794 837 2819 γε
849 2785 882 2819 δὴ
900 2786 1003 2822 Πέτρος

1044 992 1098 1019 que
1112 992 1173 1019 quae
1190 988 1381 1011 remanserant
1405 984 1481 1019 gregi
1507 983 1657 1011 inferentes
1684 987 1766 1018 atque
1793 990 1841 1010 su-

1044 1030 1139 1066 pernis
1165 1030 1252 1058 caulis
1270 1030 1461 1064 includentes;
1490 1037 1596 1065 proque
1623 1029 1688 1062 illis,
1706 1037 1790 1056 cruce
1811 1036 1843 1056 ac

1045 1080 1145 1109 morte,
1170 1076 1279 1103 Domini
1305 1076 1442 1111 exemplo,
1471 1076 1522 1111 ipsi
1549 1083 1598 1103 vos
1620 1076 1693 1110 ipsos
1719 1075 1842 1103 sanctiﬁ—

1045 1129 1139 1152 cantes
1151 1125 1184 1152 '°.
1202 1125 1291 1153 Ubera
1309 1133 1375 1153 vero
1391 1133 1445 1152 non
1468 1132 1502 1153 eo
1527 1125 1596 1152 laete
1619 1124 1665 1159 qui
1682 1124 1710 1150 in
1730 1131 1842 1151 sensum

1045 1171 1129 1202 cadit,
1158 1171 1205 1198 sed
1230 1170 1358 1206 spiritali,
1383 1170 1532 1198 Ecclesiam
1555 1170 1672 1203 alentia;
1689 1176 1720 1196 ac
1740 1169 1842 1196 nedum

1045 1217 1088 1245 lac
1113 1218 1277 1254 (doctrinam
1308 1217 1413 1245 scilicet
1434 1216 1661 1244 rudimentariam
1684 1221 1766 1250 atque
1787 1215 1843 1242 illis

1045 1262 1093 1297 qui
1109 1263 1277 1289 inducuntur
1300 1262 1523 1297 convenientem)
1550 1261 1718 1297 colligenlia,
1743 1260 1790 1288 sed
1815 1263 1844 1287 et

1045 1309 1140 1336 vinum
1173 1309 1304 1344 (solidam
1333 1309 1439 1336 scilicet
1468 1309 1626 1343 dogmatum
1656 1307 1842 1342 epulationem

1047 1363 1078 1382 ac
1095 1355 1233 1389 perfectos
1249 1355 1392 1382 decentem
1411 1348 1587 1390 theologiam)
1603 1353 1751 1380 aﬁluentia.

1081 1451 1133 1484 Qui
1155 1459 1204 1478 vos
1220 1451 1326 1478 viscera
1349 1451 1527 1486 geminosque
1547 1458 1638 1482 renes,
1657 1456 1793 1483 coxasque
1809 1455 1842 1475 ac

1047 1505 1130 1525 crura
1146 1497 1229 1530 dicat,
1250 1498 1366 1533 ejusque
1386 1497 1433 1531 qui
1456 1504 1565 1524 carnem
1582 1496 1731 1530 assumpsit
1744 1502 1843 1529 super-

1047 1543 1236 1572 substantialis
1263 1543 1412 1578 Majcstatis
1435 1543 1519 1578 pedes
1544 1542 1619 1573 velit,
1643 1541 1716 1568 haud
1740 1545 1808 1576 puto
1827 1547 1844 1568 a

1047 1590 1147 1617 decore
1162 1590 1308 1617 erraverit.
1325 1590 1404 1624 Apud
1419 1597 1468 1616 vos
1483 1589 1557 1616 enim
1574 1588 1665 1615 vitalis
1676 1591 1703 1615 et
1716 1587 1844 1615 inetlluxa

1048 1637 1149 1664 divina:
1164 1644 1212 1664 seu
1228 1635 1333 1664 deiﬁcze
1347 1635 1490 1663 cbaritatis
1509 1635 1649 1662 intellecta
1668 1634 1796 1668 qualitas,
1811 1640 1845 1661 ac

1046 1683 1122 1710 velut
1145 1690 1180 1710 ex
1203 1683 1312 1717 gemino
1337 1682 1455 1717 vivoque
1480 1681 1594 1714 fonte,e
1617 1681 1717 1709 vestris
1737 1680 1844 1708 occulte

1047 1729 1211 1761 visceribus,
1234 1727 1362 1756 ﬁdelibus
1383 1729 1506 1756 irrorans
1520 1727 1619 1754 animis
1637 1728 1724 1762 iisque
1745 1727 1842 1758 all'usa,

1047 1774 1182 1802 fecundos
1204 1775 1260 1802 Deo
1272 1774 1373 1802 reddit.
1392 1774 1481 1802 Crura
1497 1781 1563 1802 vero
1581 1781 1612 1801 ac
1626 1775 1707 1809 pedes
1723 1781 1844 1808 congrue

1048 1826 1115 1857 puto
1130 1822 1214 1850 Verbi
1233 1820 1434 1856 intelligamini,
1455 1819 1528 1854 quod
1545 1819 1634 1855 ipsum
1648 1820 1674 1846 in
1687 1819 1765 1846 vobis
1780 1819 1843 1846 uni-

1048 1876 1156 1896 versam
1175 1875 1342 1902 percurrens
1364 1872 1475 1900 terram,
1501 1874 1666 1902 omnemque
1686 1865 1843 1893 mortalium

1049 1919 1168 1941 mentem
1183 1913 1313 1945 lustrans,
1331 1913 1365 1940 ad
1383 1913 1510 1940 veritatis
1522 1914 1647 1940 notitiam
1669 1917 1761 1940 vestro
1785 1920 1847 1939 mu-

1049 1968 1115 1986 nere
1132 1964 1214 1994 atque
1230 1967 1313 1994 opera
1327 1959 1413 1986 ducit.

1086 2048 1139 2075 Vos
1153 2054 1258 2080 revera,
1274 2047 1461 2074 sacratissimo
1473 2047 1605 2074 Zacharia
1619 2052 1732 2074 auctore
1744 2047 1777 2079 “‘,
1788 2046 1844 2073 duo

1049 2094 1185 2122 olivarum
1213 2093 1302 2125 rami,
1325 2101 1341 2120 a
1364 2093 1469 2120 dextris
1493 2097 1575 2127 atque
1600 2091 1735 2123 sinistris,
1759 2099 1844 2118 aureo

1051 2140 1218 2169 candelabro
1235 2139 1375 2171 (Ecclesia:
1396 2138 1514 2173 scilicet)
1531 2138 1613 2173 eique
1633 2137 1766 2172 imposita:
1779 2137 1847 2164 lam-

1050 2188 1113 2223 padi
1129 2187 1238 2222 (nempe
1248 2186 1368 2219 Christo)
1381 2185 1481 2221 positi;
1495 2185 1560 2217 duo.
1577 2189 1608 2212 ut
1624 2185 1695 2211 idem
1711 2184 1844 2218 loquitur,

1053 2234 1101 2261 ﬁlii
1140 2232 1334 2269 pinguedinis,
1364 2232 1524 2259 assistentes
1559 2231 1676 2258 Domino
1710 2229 1846 2257 universa:

1010 2285 1037 2314 D
1051 2287 1141 2309 terrae.

1091 2325 1144 2353 Vos
1163 2332 1273 2360 quoque
1287 2324 1348 2351 dua:
1368 2323 1469 2358 virgas,
1494 2330 1562 2357 quas
1591 2321 1644 2349 sibi
1667 2320 1847 2348 assumendas

1054 2372 1125 2407 apud
1142 2370 1270 2398 eumdem
1286 2369 1422 2398 Dominus
1432 2368 1508 2397 dicit.
1525 2367 1713 2403 praeﬁgurant;
1730 2374 1847 2401 quarum

1053 2419 1167 2446 alteram
1185 2417 1315 2445 decorem
1332 2415 1368 2442 ob
1383 2415 1468 2442 animi
1493 2422 1628 2442 summam
1654 2417 1846 2446 venustatem;

1055 2466 1169 2492 alteram
1189 2471 1255 2490 vero
1270 2461 1434 2494 funiculum,
1450 2461 1526 2488 velut
1548 2460 1688 2495 propriam
1706 2466 1850 2494 nuncupa-

1052 2511 1093 2537 vit
1116 2514 1222 2545 partem
1235 2509 1277 2535 ωε
1301 2508 1330 2535 in
1355 2507 1459 2543 quibus
1480 2507 1540 2535 fore
1564 2506 1710 2542 pollicetur
1731 2511 1761 2534 ut
1784 2513 1851 2533 oves

1052 2563 1157 2592 pascat,
1173 2563 1206 2583 ac
1218 2555 1319 2588 foedus,
1335 2553 1409 2589 quod
1424 2561 1487 2581 cum
1502 2554 1611 2588 populis
1623 2554 1776 2589 pepigerat,
1792 2553 1849 2580 dis-

1052 2603 1137 2638 sipet;
1165 2602 1233 2630 dum
1254 2601 1387 2629 nimirum
1416 2601 1505 2636 legem
1534 2600 1643 2633 litterae,
1664 2607 1713 2635 per
1737 2599 1850 2634 spiritus

1052 2649 1138 2684 legem
1165 2649 1289 2683 abrogat.
1317 2647 1395 2680 Quod
1421 2655 1540 2681 namque
1565 2648 1637 2682 legis
1663 2646 1739 2674 cultu
1766 2649 1849 2679 atque

1054 2693 1150 2729 ﬁguris
1173 2693 1279 2728 Moyses
1299 2697 1327 2720 et
1344 2694 1436 2720 Aaron
1461 2692 1618 2727 (paedagogi,
1640 2691 1744 2718 scilicet
1767 2693 1850 2723 atque

1055 2740 1186 2768 ductores
1211 2739 1436 2775 imperfectorum
1466 2739 1499 2766 ad
1524 2738 1678 2772 Christum)
1710 2737 1761 2763 hoc
1784 2743 1851 2762 sane

1057 2787 1156 2814 Petrus
1183 2791 1211 2813 ct
1235 2787 1337 2814 Paulus
1363 2786 1462 2821 spiritu
1489 2784 1669 2815 exstiterunt;
1703 2782 1851 2817 gratimque

237 2875 261 2891 ”
274 2875 283 2912 Ι
297 2876 362 2912 qu.
382 2884 422 2908 ιιι,
444 2876 486 2902 12.
524 2877 547 2892 ⁵⁹
559 2876 653 2904 Matth.
680 2885 736 2910 xvv,
759 2877 808 2908 24;
823 2877 889 2905 Luc.
907 2885 944 2907 Ix.
957 2877 986 2909 3;

1049 2877 1099 2905 ttli.
1126 2886 1162 2911 ιιι,
1178 2878 1229 2911 28;
1249 2886 1324 2912 xvm,
1340 2878 1383 2906 12.
1424 2878 1447 2894 ⁶⁰
1458 2877 1538 2904 Joan.
1559 2875 1686 2908 “11,19.
1726 2876 1747 2892 "
1760 2875 1771 2903 Ι
1786 2875 1850 2904 Cor.

211 2912 251 2942 in,
272 2911 308 2944 ‘2;
329 2910 412 2939 Hebr.
430 2919 456 2943 ι’,
476 2912 516 2939 lzl.
553 2913 574 2928 “
588 2912 670 2939 Zacll.
690 2921 725 2946 tv,
745 2913 786 2946 15,
804 2913 846 2939 li.

886 2914 907 2929 υ³
923 2913 1005 2940 Zaclt.
1023 2921 1058 2946 xi,
1074 2914 1100 2939 7.
