2072 3160
244 186 277 220 51

243 243 423 280 Evangelium
446 243 641 280 defungentcs,
656 245 726 280 legis
743 244 856 272 umbras
870 252 901 272 ac
920 243 1042 280 ﬁguralia
1058 246 1079 274 Α

244 290 374 318 mandata
393 291 422 318 in
440 291 488 319 illo
507 290 643 327 dissipant
657 295 740 326 atque
758 295 897 318 evertunt.

415 338 440 352 -ο

281 414 445 452 Enimvero,
467 421 531 456 quid
548 422 606 449 haec
616 422 650 449 ad
661 421 772 449 laudem
787 421 920 450 claritatis
933 423 1040 458 magni-

245 467 363 495 ﬁcentim
385 473 484 496 vestra
505 468 672 495 videantur?
694 468 793 496 Certus
809 469 882 496 enim
898 477 969 502 sum,
990 477 1040 497 ve-

244 516 329 539 stram
342 512 417 539 illam
427 512 590 546 claritatem,
602 512 704 540 nedum
713 513 908 541 historicorum
917 514 1041 541 omnium

245 558 440 586 dexteritatem
464 563 663 594 oratorumque
687 560 743 586 vim
766 560 877 588 dicendi
897 560 1040 594 excedere,

247 611 345 631 verum
373 604 456 631 etiam
484 612 607 633 summos
627 605 699 640 apud
719 613 770 633 nos
796 607 947 642 theologos,
972 606 1041 634 nihil

245 654 337 678 vestra
359 650 471 685 dignum
487 651 568 678 laude
585 659 666 686 posse
680 652 790 680 eﬂ’erre.
806 653 1041 686 Quemadmodum

244 697 318 724 enim
348 697 442 724 nullus
470 705 561 725 sermo
583 702 635 730 est,
658 698 706 733 qui
726 700 891 727 eminentem
913 700 1041 728 omnibus

245 743 416 778 majestatem
434 743 534 771 merito
557 744 695 779 explicare
716 744 834 772 suﬂiciat
847 745 952 780 (divina
965 746 1041 773 enim

246 791 345 826 gloria,
356 791 459 818 nedum
470 798 638 823 sermonem,
651 798 747 818 verum
759 795 787 819 et
799 797 937 825 mentem;
951 799 1041 827 neque

246 837 396 865 humanam
419 837 518 869 solum,
543 838 591 865 sed
608 841 636 865 et
653 837 841 872 Seraphicam.
857 838 937 873 longe
958 846 1041 873 supe-

246 884 313 917 rat),
338 884 379 912 sic
402 891 512 919 quoque
525 884 582 919 ipsa
598 892 706 916 eorum,
723 884 770 919 qui
795 884 868 918 apud
891 884 964 912 illam
975 892 1040 912 vere

247 929 320 956 ﬁrmi
338 933 482 966 steterunt
495 936 711 964 supremumque
727 929 801 956 nacti
816 929 948 956 honorem
964 933 1038 963 sunt,
1055 927 1076 954 B

245 979 321 1002 tanta
337 974 446 1001 claritas
475 979 527 1006 est,
543 978 572 1001 ut
587 982 639 1001 nec
653 974 746 1001 verbis
760 974 888 1009 exprimi,
906 983 958 1002 nec
972 975 1038 1003 satis

245 1024 338 1047 mente
360 1020 468 1055 concipi
489 1021 595 1056 possit:
620 1025 702 1056 atque
730 1021 756 1048 id
781 1021 908 1056 amplius,
934 1030 989 1057 quo
1011 1027 1038 1050 et

245 1067 333 1102 magis
348 1075 462 1095 accessu
485 1067 518 1094 ad
535 1067 839 1102 supersubstantialem,
860 1068 995 1104 quidquid
1009 1069 1038 1096 in

245 1114 347 1142 creatis
365 1118 417 1147 est,
433 1114 553 1142 excedit.

283 1160 510 1196 Quandoquidem
527 1162 612 1197 igitur
636 1167 748 1190 terrena
771 1162 861 1190 omnis
881 1162 975 1198 lingua
992 1171 1040 1190 ve-

247 1206 312 1234 stris
324 1207 412 1241 impar
424 1207 553 1234 laudibus
564 1212 616 1239 est,
629 1207 676 1235 ubi
689 1207 780 1235 adhuc
798 1215 886 1242 pauca
904 1207 1040 1243 adjeceri-

246 1260 319 1285 mus,
336 1253 491 1287 spirituque
512 1253 663 1287 spiritalius
677 1253 898 1286 salutaverimus,
913 1252 1039 1289 magniﬁ-

247 1299 366 1326 centiam
388 1298 480 1334 gloria:
494 1300 648 1327 sanctitatis
663 1304 759 1327 vestrae
778 1299 888 1327 silentio
900 1299 1037 1326 dabimus.

247 1345 365 1377 Salvete,
381 1349 492 1377 natura,
506 1345 532 1372 id
547 1349 590 1372 est
601 1345 703 1373 deitate
718 1346 870 1381 conjuncta:
885 1345 1037 1378 Trinitatis,

246 1397 329 1425 quam
366 1389 565 1420 annuntiastis.
592 1398 623 1418 ac
650 1391 728 1426 cujus
753 1391 878 1418 notitiam
907 1395 1039 1418 creatura:

245 1436 321 1464 omni
343 1435 484 1469 intulistis,
503 1437 682 1464 sacratissimi
708 1445 848 1472 praecones
870 1441 898 1465 et
921 1437 1037 1473 apostoli

244 1485 272 1509 et
286 1485 379 1509 testes.

282 1528 407 1562 Salvete,
423 1528 487 1563 equi
502 1527 608 1556 ratione
623 1533 770 1563 menteque
785 1527 904 1563 praediti,
921 1527 1040 1563 singula-

245 1577 313 1604 riter
324 1577 436 1611 Deoque
446 1576 540 1611 judice
556 1576 619 1604 lecti
631 1584 663 1603 ac
678 1575 777 1603 delecti
791 1585 798 1603 :
812 1583 867 1603 non
883 1580 914 1603 ut
927 1576 1038 1610 quidam

244 1627 396 1655 vocantur,
422 1622 548 1657 corporis
575 1622 668 1649 colore
694 1622 757 1649 nive
781 1622 962 1654 candidiores,
990 1608 1075 1649 sedC

244 1675 329 1703 supra
345 1668 436 1695 nivem
451 1669 535 1695 animi
553 1668 672 1703 puritate
689 1668 809 1695 nitentes
820 1669 860 1695 ⁶⁸ι
885 1676 936 1696 nec
956 1676 1039 1696 cursu

244 1717 334 1744 ventis
351 1724 442 1751 pares,
459 1715 507 1744 sed
530 1716 631 1743 mentis
655 1715 799 1743 velocitate
822 1720 903 1750 atque
926 1715 1040 1742 numine

244 1766 390 1789 ventorum
421 1761 543 1788 volatum
570 1765 733 1795 superantes
755 1769 762 1787 ζ
791 1768 842 1787 nec
866 1764 999 1795 quantum
1024 1767 1039 1786 e

244 1807 354 1842 specula
378 1807 490 1842 dispicit
511 1806 618 1838 oculus,
638 1810 745 1833 tantum
761 1809 876 1840 repente
890 1805 1038 1833 subsilien-

244 1861 302 1886 tes,
332 1854 371 1882 uti
400 1859 480 1889 poeta
509 1854 647 1888 loquitur,
682 1853 730 1881 sed
757 1857 889 1888 quantum
918 1853 960 1879 sol
988 1852 1039 1879 iste

244 1908 343 1935 magna
361 1900 425 1927 luce
452 1900 657 1935 complectitur,
680 1904 833 1926 creaturam
859 1906 968 1926 omnem
986 1898 1040 1925 l‘ul-

244 1946 321 1981 guris
346 1945 432 1973 instar
447 1953 574 1973 sermone
607 1939 808 1980 percurrentes.
839 1943 944 1977 Quibus
967 1944 1039 1971 Deus

243 1992 364 2019 Verbum
376 1992 544 2023 conscensis,
563 1996 593 2018 ut
606 1991 729 2025 loquitur
749 1990 860 2017 divinus
873 1990 1037 2023 Ambacum,

243 2037 364 2072 atquein
379 2037 502 2072 spiritale
516 2037 571 2065 hoc
585 2045 660 2064 mare
674 2036 810 2069 deductis,
824 2036 851 2063 in
864 2036 942 2063 vobis
955 2044 1040 2071 aquas

243 2084 344 2111 multas
357 2083 491 2119 (gentium
515 2083 619 2112 scilicet
645 2083 762 2118 mentes)
789 2083 910 2110 turbavit
921 2083 954 2111 ⁸⁸.
975 2083 1040 2119 Ejus

242 2138 309 2158 vero
345 2130 504 2166 equitatus,
542 2138 640 2158 eorum
673 2129 722 2164 qui
757 2129 936 2157 turbarentur
965 2131 1039 2158 salus

241 2176 358 2204 exstitit.

278 2222 403 2256 Salvete,
426 2223 532 2258 lapides
554 2224 686 2258 pretiosi,
716 2230 777 2260 post
798 2225 874 2252 illum
901 2232 1038 2252 summum

242 2268 400 2303 angularem
428 2269 456 2296 in
485 2269 618 2304 spiritalis
648 2270 713 2298 Sion
742 2271 919 2298 fundamenta
949 2270 1036 2298 missi.
1054 2283 1076 2311 Β

242 2314 362 2348 Salvete,
375 2315 547 2343 venerabiles
562 2316 609 2344 Dei
624 2316 708 2349 servi,
721 2317 823 2345 Christi
836 2317 930 2345 ﬁdeles
945 2317 1037 2349 amici,

241 2361 350 2388 Domini
378 2360 497 2396 Spiritus
527 2362 597 2389 sacri
628 2363 723 2395 liberi,
751 2363 913 2398 angelorum
940 2363 1037 2398 gloria,

241 2405 469 2441 archangelorum
486 2407 556 2438 laus,
581 2407 790 2442 Principatuum
805 2404 970 2438 sublimitas,
987 2409 1038 2436 Po-

243 2454 371 2479 testatum
393 2451 530 2487 gloriatio.
557 2452 695 2481 Virtutum
719 2455 889 2489 jncunditas,
905 2454 1036 2482 Domina-

239 2497 347 2523 tionum
369 2497 533 2530 exsultatio,
549 2498 723 2526 Thronorum
752 2500 857 2532 honor,
885 2500 1035 2528 Cherubim

239 2542 397 2575 oblectatio.
417 2544 559 2579 Seraphim
576 2547 754 2580 pulchritudo
773 2553 802 2575 et
819 2548 903 2576 decor
913 2549 946 2576 “.

274 2630 394 2665 Salvete,
410 2633 513 2661 diaboli
534 2634 731 2668 destructores,
757 2637 916 2664 hominibus
937 2645 1035 2664 mune-

237 2685 299 2705 rum
327 2677 396 2713 largi
424 2679 597 2713 praebitorcs,
625 2682 729 2709 erroris
754 2682 888 2714 vindices,
910 2683 1036 2710 veritatis

238 2723 359 2757 patroni,
377 2723 514 2752 idolorum
528 2725 692 2758 destructio,
706 2726 850 2755 Trinitatis
863 2728 1032 2762 praedicatio,

237 2768 379 2797 hrcreseon
403 2770 528 2803 abolitio,
550 2777 725 2806 peccatorum
748 2774 922 2808 propitiatio;
936 2782 1032 2802 eorum

238 2822 300 2849 qua:
329 2820 491 2844 veteranlur
518 2818 638 2850 eversio,
664 2826 760 2846 eorum
786 2828 846 2854 qua:
866 2820 1032 2848 innovanlnr

238 2863 402 2890 conversio:
417 2863 515 2892 littera:
533 2864 687 2898 destitutio,
703 2866 816 2901 spiritus
829 2867 1012 2896 conﬁrmatio.

850 190 997 220 NICET/E
1016 190 1282 221 PAPHLAGONIS
1294 220 1297 222 .

1846 189 1885 224 52

1095 252 1142 270 και
1167 244 1273 276 Παῦλος
1301 245 1432 280 γεγόνασι
1456 245 1496 282 τῷ
1528 246 1677 281 πνεύματι·
1706 254 1754 275 και
1776 247 1808 275 τδ
1839 250 1889 284 τῆς

1092 290 1205 324 χάριτος
1223 291 1390 325 Εὐαγγέλιον
1407 290 1615 327 ἱερουργοῦντες
1627 314 1634 325 ,
1661 295 1696 321 τὰ
1715 294 1820 330 σκιώδη
1840 295 1888 322 τοῦ

1093 337 1178 371 νόμου
1195 337 1241 363 καὶ
1256 338 1366 365 τυπικὰ
1382 339 1607 376 παραγγέλματα
1621 340 1847 375 διασκεδάζουσιν
1858 342 1889 370 ἐν

1096 383 1172 418 αὐτῷ
1192 384 1240 410 καὶ
1258 384 1458 419 καταργοῦσιν.

1133 429 1215 457 ama
1238 430 1264 457 τί
1287 431 1376 458 ταῦτα
1398 433 1466 466 πρὸς
1492 431 1606 460 ἔπαινον
1633 433 1714 469 δόξης
1736 434 1786 468 τῆς
1811 434 1888 469 ὑμῶν

1091 476 1149 502 ἐστι
1169 476 1384 513 μεγαλωσύνης;
1412 477 1548 514 Πείϐομαι
1571 478 1637 515 γὰρ,
1656 479 1687 505 οὺ
1710 479 1791 513 μόνον
1809 479 1886 513 λογο-

1091 523 1206 558 γράφων
1216 532 1247 550 τε
1260 523 1352 559 πάσης
1367 524 1509 560 περινοίας
1526 525 1574 552 καὶ
1591 525 1716 561 ῥητόρων
1731 525 1885 560 δυνάμεως,

1091 569 1141 604 τὴν
1155 569 1293 604 ὑμετέραν
1311 570 1467 605 ὑπερῆρθαι
1487 570 1578 603 δόξαν,
1594 571 1663 598 ἀλλὰ
1681 571 1729 598 καὶ
1743 571 1807 603 τοὺς
1820 571 1886 606 παρ’

1091 615 1158 650 ἡμῖν
1175 615 1344 651 ἁκροτάτους
1360 615 1514 650 θεολόγους,
1530 616 1614 651 μηδὲν
1631 616 1720 643 εἰπεῖν
1742 616 1817 649 ἄξιον
1837 616 1884 642 δύ-

1092 662 1191 689 νασθαι
1207 661 1257 696 τῆς
1283 661 1422 697 ὑμετέρας
1445 662 1626 697 τελειότητος.
1644 662 1751 697 Ὥσπερ
1765 663 1821 698 γὰρ
1834 663 1885 689 οὐκ

1092 707 1150 735 ἔστι
1178 707 1258 742 λόγος
1280 708 1392 740 ὲπάξιος
1406 709 1457 743 τῆς
1483 709 1672 744 ὑπερεχούσης
1688 709 1885 744 ὲκφαντορικὺς

1091 753 1188 788 δόξης·
1210 752 1258 779 καὶ
1274 753 1328 788 γὰρ
1343 753 1374 780 οὑ
1390 753 1472 787 λόγου
1491 753 1582 788 μόνον,
1601 753 1669 780 ἀλλὰ.
1683 754 1730 780 κοιλ⁸
1747 753 1882 785 διανοίας·

1090 799 1142 825 οὐκ
1172 798 1351 833 ἀνθρωπικῆς
1369 798 1471 833 μόνον,
1499 799 1567 826 ἀλλὰ
1602 799 1650 826 καὶ
1679 799 1846 835 Σεραφικῆς,
1866 800 1883 834 ἡ

1092 844 1152 870 Θεία
1178 844 1357 879 μεγαλειότης
1382 844 1560 880 ὑπερίδρυται
1576 853 1583 860 ·
1602 845 1674 872 οὕτω
1690 845 1803 872 καὶτῶν
1818 845 1884 880 παρ’

1092 890 1162 925 αὐτῇ
1186 890 1308 925 γνησίως
1329 890 1492 926 ἱδρυμένων,
1514 891 1562 917 καὶ
1581 891 1632 926 τῆς
1654 891 1786 918 ἀνωτάτω
1800 892 1884 926 τιμῆς

1091 936 1308 972 εὐμοιρηκότων,
1322 936 1512 972 ὰνέκφραστός
1527 937 1556 963 τέ
1569 938 1626 964 ἐστι
1642 937 1689 964 καὶ
1704 938 1884 973 ἀπερινόητος

1092 982 1209 1018 ήδόξα·
1231 982 1279 1009 καὶ
1305 983 1425 1018 τοσούτῳ
1450 983 1543 1015 πλέον,
1569 983 1624 1018 ὅσῳ
1648 983 1697 1010 καὶ
1723 983 1824 1019 μᾶλλον
1848 985 1881 1019 τῇ

1092 1028 1159 1064 πρὸς
1177 1028 1222 1055 τὸν
1247 1028 1408 1063 ὑπερούσιον
1431 1028 1563 1064 ὲγγύτητι
1588 1029 1638 1064 τὴν
1652 1029 1718 1065 ὃλην
1743 1029 1882 1066 ὑπερανα-

1092 1074 1178 1102 6αίνει
1194 1074 1294 1101 κτίσιν.

1128 1161 1294 1196 Τοιγαροῦν,
1322 1161 1418 1197 ἐπειδὴ
1446 1162 1521 1189 πᾶσα
1550 1162 1669 1198 γηγενὴς
1695 1163 1806 1197 γλῶσσα
1831 1163 1882 1198 τῆς

1092 1208 1152 1233 κατ’
1179 1207 1257 1240 ἀξίαν
1284 1207 1427 1245 αἰνέσεωςζ
1439 1207 1569 1242 ὑφεῖται,
1602 1208 1690 1244 μικρὰ
1721 1207 1814 1235 λοιπὸν
1841 1209 1882 1236 ἔτι

1091 1253 1299 1287 προσειπόντες,
1317 1253 1364 1279 καὶ
1386 1252 1425 1288 τῷ
1442 1252 1579 1288 πνεύματι
1595 1252 1799 1288 μυστικώτερον
1813 1262 1882 1281 κατ-

1092 1301 1301 1335 ασπασάμενοι,
1320 1301 1382 1336 σιγῇ
1403 1300 1452 1336 τὴν
1468 1299 1707 1335 μεγαλοπρέπειαν
1734 1300 1786 1335 τῆς
1801 1300 1882 1335 δόξης

1091 1347 1142 1382 τῆς
1172 1347 1309 1382 ὑμετέρας
1335 1347 1450 1382 θείημεν
1480 1347 1647 1382 ἁγιωσύνης.
1674 1346 1804 1381 Χαίρετε,
1828 1346 1882 1381 τῆς

1092 1392 1233 1428 τριαδικῆς
1249 1393 1388 1426 συμφυΐας
1407 1392 1423 1427 ἢ
1442 1392 1578 1424 συνθεῖας,
1594 1393 1642 1428 τῆς
1658 1392 1693 1419 δι’
1716 1392 1794 1427 ὑμῶν
1811 1401 1880 1419 κατ-

1092 1437 1270 1472 αγγελείσης,
1282 1438 1328 1464 καὶ
1340 1437 1413 1473 πάσῃ
1431 1438 1463 1473 τῇ
1479 1437 1756 1473 κτίσειγνωσθείσης,
1766 1437 1881 1472 ἱερώτα-

1091 1491 1134 1509 τοι
1147 1483 1269 1518 κήρυκες
1285 1483 1333 1509 καὶ
1347 1483 1491 1510 ἀπόστολοι
1505 1483 1552 1510 καὶ
1570 1484 1718 1518 μάρτυρες,

1127 1529 1256 1565 Χαίρετε,
1275 1529 1355 1556 ἵπποι
1369 1529 1475 1564 λογικοὶ
1498 1530 1545 1556 καὶ
1559 1530 1658 1565 νοεροὶ,
1680 1529 1817 1556 ἐπίλεκτοι
1833 1529 1881 1556 καὶ

1095 1575 1240 1608 θεόλεκτοι,
1265 1576 1316 1610 οὐχ
1340 1575 1377 1608 ὥς
1400 1584 1473 1606 τινες
1497 1575 1633 1609 λέγονται,
1649 1575 1698 1611 τὴν
1725 1575 1809 1612 χρόαν
1832 1575 1880 1602 τοῦ

1091 1621 1216 1656 σώματος
1230 1622 1386 1658 λευκότεροι
1398 1622 1503 1657 χιόνος*
1519 1621 1577 1648 ἀλλ’
1592 1621 1663 1657 ὑπὲρ
1675 1623 1764 1657 χιόνα,
1783 1623 1816 1658 τῇ
1830 1623 1880 1657 τῆς

1090 1667 1179 1703 ψυχῆς
1194 1667 1394 1703 διαλάμποντες
1416 1667 1602 1703 καθαρότητι·
1619 1668 1679 1694 οὐδὲ
1703 1668 1749 1695 τὸν
1777 1668 1880 1704 δρόμον

1090 1714 1203 1749 ἀνέμοις
1234 1713 1441 1750 παραπλήσιοι·
1468 1714 1526 1741 ἀλλ’
1553 1713 1624 1750 ὑπὲρ
1650 1713 1757 1750 ἀνέμων
1781 1714 1880 1749 πτῆσιν

1089 1759 1212 1796 ὀξύτεροι
1228 1762 1261 1796 τῇ
1277 1760 1324 1787 τοῦ
1337 1761 1383 1787 νοῦ
1401 1761 1532 1796 ταχύτητι
1548 1760 1596 1788 καὶ
1616 1761 1740 1796 θεότητι·
1755 1761 1808 1787 οὐδ’
1819 1761 1881 1788 ὅσον

1089 1806 1227 1841 ὀφθαλμὸς
1255 1807 1309 1834 ἀπὸ
1331 1807 1449 1838 σκοπιᾶς
1463 1807 1524 1842 ὁρᾷ,
1549 1807 1678 1833 τοσοῦτον
1692 1806 1799 1843 ἀθρόως
1818 1808 1881 1833 ἑπι-

1091 1853 1275 1888 Θρώσκοντες,
1301 1853 1373 1879 κατὰ
1395 1853 1446 1887 τὴν
1471 1853 1582 1888 ποίησιν
1594 1861 1601 1868 ·
1616 1853 1674 1880 ἀλλ’
1701 1854 1763 1880 ὅσον
1778 1854 1792 1879 ὁ
1805 1854 1881 1888 ἥλιος

1090 1896 1167 1931 οὗτος
1179 1899 1218 1934 τῷ
1235 1899 1345 1934 μεγάλῳ
1361 1900 1432 1932 φωτὶ
1454 1899 1665 1935 περιλαμϐάνει,
1682 1900 1771 1927 κτίσιν
1789 1901 1881 1927 πᾶσαν

1090 1945 1234 1980 ἀστραπῆς
1250 1944 1350 1979 τρόπον
1371 1943 1410 1979 τῷ
1427 1943 1499 1978 λόγῳ
1524 1943 1728 1979 διατρέχοντες·
1746 1943 1789 1978 ἐφ’
1811 1941 1851 1975 οἷς
1866 1944 1881 1969 ὁ

1090 1991 1155 2022 Θεὸς
1172 1990 1267 2024 Λόγος,
1285 1990 1356 2016 κατὰ
1369 1990 1414 2017 τὸν
1434 1990 1506 2017 ϐεῖον
1527 1990 1626 2021 ἐπιϐὰς
1645 1990 1816 2024 Ἀμὸακοὺμ,
1833 1989 1880 2016 καὶ

1090 2038 1129 2068 εἰς
1142 2036 1191 2072 τὴν
1208 2036 1306 2071 νοητὴν
1316 2035 1419 2071 ταύτην
1434 2036 1573 2063 θάλασσαν
1586 2036 1760 2068 ἐπιϐιϐάσας,
1772 2037 1800 2062 ὲν
1815 2036 1879 2070 ὑμῖν

1090 2082 1176 2110 ὕδατα
1194 2083 1290 2115 πολλὰ,
1305 2082 1355 2114 τὰς
1367 2083 1422 2109 τῶν
1434 2083 1518 2109 ὲθνῶν
1535 2082 1656 2114 διανοίας
1671 2082 1827 2117 διετάραξεν
1841 2089 1848 2097 ·
1861 2082 1877 2116 ἡ

1091 2129 1211 2156 ἱππασία
1240 2128 1270 2155 δὲ
1297 2128 1393 2156 τούτου
1431 2128 1556 2163 σωτηρία
1581 2127 1636 2154 τῶν
1670 2128 1879 2163 ταραττομένων

1089 2175 1217 2212 ἐγενήθη.

1125 2223 1256 2258 Χαίρετε,
1273 2222 1352 2256 λίθοιῖ
1363 2221 1461 2256 τίμιοι,
1487 2221 1511 2247 οἱ
1529 2220 1598 2255 μετὰ
1610 2221 1655 2248 τὸν
1670 2221 1878 2256 ἀκρογωνιαίον,

1089 2270 1129 2301 εἰς
1138 2270 1172 2296 τὰ
1182 2269 1232 2304 τῆς
1247 2268 1351 2303 νοητῆς
1363 2267 1518 2302 τεθειμένοι
1530 2267 1645 2303 θεμέλια
1657 2267 1737 2295 Σιών.
1750 2267 1877 2302 Χαίρετε,

1087 2315 1134 2342 τοῦ
1153 2315 1220 2341 Θεοῦ
1237 2315 1332 2341 σεπτοὶ
1346 2314 1445 2346 δοῦλοι,
1466 2314 1514 2340 τοῦ
1538 2313 1658 2349 Χριστοῦ
1681 2315 1774 2340 πιστοὶ
1794 2314 1876 2348 φίλοι,

1089 2362 1137 2388 τοῦ
1161 2361 1266 2395 Κυρίου
1288 2359 1447 2395 Πνεὺματος
1464 2359 1526 2395 ιερὰ
1540 2360 1633 2392 τέκνα,
1655 2359 1711 2387 τῶν
1743 2359 1878 2394 ’Δγγέλων

1085 2407 1160 2440 δόξα,
1176 2407 1231 2433 τῶν
1248 2406 1441 2441 Ἀρχαγγέλων
1465 2405 1587 2438 ἔπαινος,
1608 2405 1663 2432 τῶν
1682 2405 1787 2441 Ἀρχῶν
1802 2406 1877 2440 ὕψω-

1087 2463 1136 2489 μα,
1152 2454 1206 2481 τῶν
1234 2453 1378 2486 Ἐξουσιῶν
1405 2453 1546 2488 καύχημα,
1562 2453 1616 2479 τῶν
1641 2453 1786 2488 Δυνάμεων
1807 2453 1879 2487 Θυμ-

1089 2501 1169 2535 ηδία,
1204 2499 1259 2526 τῶν
1291 2499 1467 2535 Κυριοτήτων
1492 2499 1669 2533 ἀγαλλίαμα,
1692 2499 1747 2526 τῶν
1770 2498 1879 2534 Θρόνιον

1087 2547 1167 2582 τιμὴ,
1181 2546 1235 2573 τῶν
1248 2545 1407 2581 Χερουὸεἱμ
1425 2545 1563 2580 τερπωλὴ,
1574 2545 1629 2572 τῶν
1643 2543 1785 2580 Σεραφεὶμ
1810 2543 1878 2571 καλ-

1089 2591 1164 2626 λονή.

1124 2638 1253 2672 Χαίρετε,
1273 2637 1396 2664 διαϐόλου
1409 2636 1581 2673 καθαιρέται,
1595 2636 1748 2670 ἀνθρώπων
1762 2636 1877 2672 εὐεργέ-

1086 2692 1143 2714 ται,
1162 2683 1267 2718 πλάνης
1283 2683 1426 2714 ἀντίδικοι,
1445 2683 1575 2718 ἀληθείας
1593 2683 1749 2718 συνήγοροι,
1762 2683 1879 2710 εἰδώλων

1088 2730 1259 2765 καθαίρεσις,
1272 2730 1388 2765 Τριάδος
1398 2729 1561 2765 ἀνάρῤησις,
1572 2730 1705 2765 αἱρέσεων
1714 2730 1877 2766 ἁφανισμὺς,

1089 2774 1234 2810 ἁμαρτιῶν
1251 2774 1375 2809 ἱλασμός,
1389 2774 1446 2801 τῶν
1463 2774 1673 2810 παλαιουμένων
1692 2775 1877 2810 καταστροφὴ,

1087 2821 1142 2848 τῶν
1175 2821 1418 2855 ἀνακαινουμένων
1445 2821 1611 2856 ἐπιστροφὴ,
1643 2822 1691 2850 τοῦ·
1715 2822 1878 2858 γράμματος

1088 2868 1232 2902 ἀοετηταὶ,
1248 2869 1296 2895 τοῦ
1313 2869 1471 2904 πνεύματος
1483 2869 1615 2904 κυρωταὶ,

280 2919 304 2938 ¹⁴
315 2921 418 2951 Thren.
435 2931 472 2957 ιν,
488 2925 513 2952 7.
553 2925 575 2941 ⁵⁵
589 2924 690 2954 llabac.
708 2934 747 2960 ιιι,
767 2926 792 2954 8.
833 2927 915 2956 “15a.
931 2937 1021 2962 sunt,
1045 2929 1093 2963 16;
1111 2928 1134 2955 ιι
1156 2929 1219 2957 Cor.
1237 2937 1277 2962 lll,
1295 2929 1337 2955 l7.
