2072 3160
201 154 237 186 53
655 162 798 193 ORATIO
814 163 862 195 IV;
883 176 918 182 —
932 164 974 195 IN

1039 165 1152 196 ,UDEM
1172 167 1204 198 S.
1225 166 1402 199 ANDRE/E.
1799 174 1837 207 δι

239 211 372 249 Χαίρετε,
385 213 441 241 τῶν
460 214 631 251 Ἐκκλησιῶν
646 217 806 252 ἀνάστασις,
821 220 876 247 τῶν
887 222 988 257 κατερ-

1078 221 1198 256 Salvete,
1218 222 1405 252 Ecclesiarum
1427 224 1567 257 excitatio,
1588 226 1722 255 elisorum
1736 227 1843 258 instau-

203 258 350 294 ῥαγμένων
361 260 586 297 ἀνάκτησις,τῶν
597 263 817 300 ἀπηλπισμένων
831 267 994 303 ἀνάκλησις,

203 305 261 333 τῶν
271 306 301 333 ὲν
314 306 405 339 πόνοις
421 309 591 345 παρηγορία,
606 310 660 337 τῶν
676 311 706 338 ἐν
725 311 826 339 πάθεσι
849 313 994 350 θεραπεία,

204 351 262 379 τῶν
273 353 302 379 ὲν
314 352 409 380 πένθει
424 355 599 391 παραμυθία,
614 357 668 384 τῶν
691 359 899 395 χειμαζομένων
913 361 995 397 λιμὴν

203 398 338 434 ἀσφαλὴς,
353 399 410 427 τῶν
432 402 592 436 πενομένων
615 404 731 437 πλοῦτος
755 406 913 442 ἀνελλιπὴς,
939 407 994 434 τῶν

202 443 393 473 πλουτούντων
426 447 570 483 ἀντίληψις
588 449 723 486 ἀψευδὴς,
750 451 806 478 τῶν
832 453 993 487 ὀφειλόντων

201 489 349 525 ἐγγυηταὶ,
365 490 419 519 τῶν
434 493 598 528 σωζομένων
611 498 806 532 προασπισταί.

238 537 357 573 Χαίρετε
372 539 419 566 καὶ
434 540 614 577 εὐφραίνεσθε
628 562 636 575 ,
663 544 784 579 οὐρανοὶ,
801 545 860 581 ἃμα
873 546 912 582 τῷ
928 547 993 583 ὑμῖν

201 580 247 609 οἷα
259 583 348 620 θρόνῳ
361 585 521 622 θεοπρεπῶς
534 589 710 626 ἐποχουμένῳ
720 599 728 606 ³
743 580 853 627 οὐρανοὶ
868 580 935 622 θεῖοι
945 580 993 623 καὶ

201 631 304 665 νοητοὶ,
326 633 374 658 καὶ
389 632 440 667 τῆς
455 634 485 660 ἐν
498 634 625 670 οὐρανοῖς
641 636 805 673 Ἐκκλησίας
821 641 993 674 μυστικώτα-

198 683 246 701 τον
266 676 413 711 στερέωμα
435 688 442 693 ·
468 679 492 705 οἱ
516 679 566 715 τὴν
594 679 663 707 Θεοῦ
687 681 766 715 δόξαν
787 684 992 719 μαγαλοφώνως

199 720 389 767 διηγούμενοι,
421 724 469 750 καὶ
490 724 541 760 τὴν
565 725 621 752 τῶν
644 728 746 763 χειρῶν
769 729 852 756 αὑτοῦ
883 731 992 767 ποίησιν

199 765 322 798 eam»;
338 768 552 802 ἀναγγέλλοντες
567 779 574 787 ·
591 767 627 798 ὧν
649 772 664 799 ό
685 773 804 808 φθόγγος
829 776 870 807 εἰς
899 765 992 805 πᾶσαν

198 812 335 861 λαμπρῶς
350 814 493 850 ἐξελήλυθε
519 817 569 852 τὴν
582 819 647 854 γῆν,
676 820 724 847 καὶ
746 821 801 848 τῶν
827 823 991 861 ῥημάτωνή

196 858 313 894 δύναμις
325 861 366 892 είς
379 861 415 904 τὰ
427 861 534 897 πέρατα
543 864 673 900 διέδραμε
682 866 734 900 τῆς
748 867 922 904 οἰκουμένης.

234 904 342 940 Ὠσπερ
363 903 409 932 οὖν
428 907 475 942 ἀφ’
497 908 585 942 ὑμῶν,
611 910 627 946 ἢ
654 910 687 937 δι’
708 911 785 946 ὑμῶν
812 914 827 948 ἡ
856 903 989 951 θεαρχικὴ

196 951 280 986 χάρις
301 953 358 984 τοῖς
375 954 493 988 πέρασιν
505 955 648 991 ἐξήχηται,
665 957 737 985 οὕτω
750 960 797 986 καὶ
814 959 899 994 δεξιὸν
914 962 990 994 τέλος

198 997 278 1031 ὑμεῖς
299 998 332 1032 τῇ
356 997 431 1034 δεξιᾷ
454 1000 640 1028 καταῦάλλετε
661 1002 746 1039 ἀρχῇ,
767 1004 816 1031 καὶ
843 1006 889 1033 τὸν
919 1007 990 1034 Θιῖον

197 1041 281 1076 λόγον
296 1044 353 1075 τοίς
373 1046 459 1072 πᾶσιν
474 1046 564 1074 ἔθνεσι
579 1049 770 1084 κρατύνοντες,
785 1051 835 1086 τὴν
853 1052 929 1088 ἱερὰν
943 1053 990 1081 πί-

197 1096 258 1113 στιν
275 1088 305 1115 ὲν
324 1089 414 1126 τούτῳ
430 1090 603 1126 βεϐαιώσατε
614 1103 620 1110 ·
643 1095 707 1127 τοὺς
720 1095 916 1132 πλανωμένους
928 1099 989 1127 ἐπι-

197 1134 348 1169 στρέψατε,
360 1137 424 1167 τοὺς
442 1137 612 1172 ἀμφιϐόλους
623 1141 780 1176 στηρίξατε,
795 1143 859 1176 τοὺς
873 1145 990 1179 ἀναιδῶς

194 1180 364 1214 ἀθετοῦντας
378 1182 545 1218 διορθώσατε
560 1184 576 1220 ἦ
593 1186 718 1213 ἐκτίλατε
729 1196 737 1203 ·
753 1188 801 1215 καὶ
814 1190 878 1221 τοὺς
892 1191 941 1225 μὲν
951 1192 989 1227 τῷ

195 1226 324 1262 ὑμετέρῳ
338 1228 430 1255 κανόνι
447 1230 635 1265 στοιχοῦντας,
650 1232 786 1268 ἑδραίους,
798 1226 990 1270 ἀμετακλινεῖς

195 1273 256 1304 ταῖς
277 1273 367 1308 ἱεραῖς
391 1276 580 1311 συντηρήσατε
601 1278 795 1312 θεσμοθεσίαις
805 1288 811 1295 ·
826 1281 875 1312 τὰς
887 1282 949 1314 ὅλας
962 1283 990 1310 δὲ

199 1319 253 1344 τῶν
274 1320 382 1347 πιστῶν
397 1321 552 1358 ὁμηγύρεις
567 1325 600 1359 τῇ
615 1324 763 1362 όλοκληρίᾳ
784 1327 831 1353 τοῦ
846 1327 919 1355 θείου
938 1329 990 1355 σώ-

202 1373 283 1399 ματος
305 1366 336 1392 ὲν
351 1366 423 1402 ἁγίῳ
439 1368 578 1404 Πνεὺματι
605 1371 774 1405 συνδέοντες,
797 1374 828 1400 τὸ
853 1372 990 1412 πλήρωμα

201 1412 250 1446 τῆς
264 1412 433 1449 Ἐκκλησίας
443 1415 503 1443 ὅλον
517 1416 558 1448 είς
573 1416 621 1443 ἕνα
636 1418 730 1446 καινὸν
751 1420 905 1457 ἄνθρωπον,
925 1421 956 1450 οὗ
973 1425 990 1460 ἡ

195 1458 304 1495 κεφαλὴ
322 1460 462 1494 Χριστὸς,
488 1462 673 1497 καταρτίσατε
703 1466 751 1492 καὶ
786 1458 988 1504 συναρμόσατεζ

194 1504 317 1539 πόλεμον
330 1505 360 1532 δὲ
376 1506 423 1532 καὶ
434 1507 505 1534 ὅπλα
519 1509 609 1535 πάντα
623 1510 781 1546 πρεσϐείαις
795 1513 872 1548 ὑμῶν
882 1514 990 1548 δεκταίς

194 1596 253 1628 θῶς
274 1598 376 1634 εὐσεσῆ
395 1599 509 1634 βασιλέα
530 1602 760 1637 καταστέφοντες,
778 1606 892 1642 είρήνης
912 1596 988 1641 θείας

191 1641 346 1676 εὐσταθοῦς
366 1653 397 1671 τε
417 1645 464 1672 καὶ
484 1646 637 1682 γαληναίας
655 1648 729 1684 ζωῆς
749 1641 913 1687 πληρώσατε
938 1653 988 1689 τὴν

192 1689 264 1724 γῆν·
277 1690 382 1725 ἤρεμον
395 1691 424 1718 δὲ
439 1691 497 1726 βίον
514 1693 562 1720 καὶ
573 1694 732 1730 φιλευσεϐἧ,
747 1696 796 1724 καὶ
809 1698 859 1733 τῆς
877 1699 906 1726 ὲν
920 1699 987 1735 Χρι-

193 1735 251 1770 στῴ
275 1736 363 1772 Ἰησοῦ
383 1737 558 1773 δικαιοσύνης
574 1739 621 1766 καὶ
643 1741 820 1778 χαρμοσύνης
840 1743 987 1777 ὲπίμεστον

193 1784 229 1817 τῇ
256 1783 447 1819 Χριστωνύμῳ
461 1785 669 1821 παρεσχηκότες
690 1786 824 1823 πολιτείᾳ,
845 1788 891 1816 καὶ
918 1789 988 1825 πρὸς

191 1829 245 1863 τὴν
268 1828 326 1855 ἄνω
349 1828 538 1866 Ἰερουσαλὴμ,
564 1828 599 1867 ἦς
618 1831 697 1867 ὑμεῖς
721 1833 882 1868 πρωτότοκα
902 1835 987 1863 τέκνα

191 1875 243 1900 καὶ
254 1875 381 1902 πολισταὶ
401 1876 550 1912 γεγένησθε
561 1878 608 1904 καὶ
622 1877 772 1914 πολιοῦχοι,
784 1879 986 1916 διακυϐερνῶν-

190 1922 298 1953 τες,εἱ;
311 1922 361 1957 τὴν
374 1922 420 1949 τοῦ
432 1923 500 1950 Θεοῦ
509 1924 614 1955 πάντας
625 1925 782 1958 εἰσάγοντες
794 1926 986 1954 καταπαύσετε

191 1968 391 1995 κατάπαυσιν·
416 1970 446 1996 ὲν
465 1970 577 2006 Χριστῷ
598 1970 688 2007 Ἰησοῦ
711 1971 750 2007 τῷ
776 1973 872 2008 Κυρίῳ
895 1974 984 2009 ἡμῶν,

189 2011 213 2048 ᾧ
226 2015 244 2050 ἡ
260 2015 323 2047 δόξα
335 2016 383 2043 καὶ
396 2016 426 2043 τὺ
437 2017 550 2052 κράτος,
564 2018 623 2053 ἅμα
639 2018 677 2053 τῷ
696 2018 784 2054 Πατρὶ
796 2019 843 2045 καὶ
856 2019 896 2052 τῷ
915 2021 985 2056 ἁγίῳ

191 2061 346 2097 Πνεῦματι,
368 2063 408 2094 είς
421 2063 484 2096 τοὺς
495 2063 599 2096 αἰῶνας
615 2064 669 2091 τῶν
679 2064 796 2091 αίώνων.
819 2065 915 2100 Ἀμήν.

507 2142 617 2169 ΛυΓΟΣ
636 2142 673 2168 Δ¹.

242 2199 295 2232 Eli;
310 2199 364 2226 τὸν
377 2199 462 2234 ᾶγιον
475 2200 524 2227 καὶ
537 2200 736 2234 πανεύφημον
753 2200 929 2228 ἀπόστολον

486 2235 624 2269 Ἀνδρέαν
644 2236 693 2271 (ὕ).

227 2298 301 2326 nam
316 2298 367 2334 μὲν
380 2299 439 2330 τοῖς
449 2297 497 2325 τοῦ
513 2298 581 2325 Θεοῦ
600 2298 688 2333 Λόγου
712 2298 801 2334 φίλοις
828 2299 876 2326 καὶ
896 2299 986 2335 μαθη-

190 2345 265 2375 ταῖς,
288 2344 305 2379 ὴ
328 2343 373 2370 διὰ
400 2343 455 2370 τῶν
481 2344 570 2378 λόγων
599 2345 715 2377 αῐνεσις,
741 2345 836 2381 ὥσπερ
859 2345 907 2373 οὖν
938 2347 985 2373 καὶ

192 2389 210 2424 ἡ
224 2389 269 2416 διὰ
290 2389 344 2416 τῶν
358 2390 448 2425 ἔργων
468 2390 596 2426 μίμησις,
614 2390 686 2418 κατὰ
702 2391 817 2427 δύναμιν
826 2393 964 2427 ὀφείλεται
975 2400 983 2408 ·

188 2435 296 2463 τούτων
315 2436 345 2463 δὲ
378 2437 498 2472 μάλιστα
523 2439 580 2469 τοῖς
606 2438 768 2474 κορυφαίοις
790 2448 820 2466 τε
846 2439 893 2466 καὶ
916 2449 983 2474 πρε-

188 2482 337 2515 σϐυτάτοις
350 2491 358 2499 ·
374 2483 405 2510 οὗ
424 2483 504 2518 μόνον
522 2483 563 2510 ὅτι
576 2483 638 2510 καθ’
662 2484 759 2511 ἑαυτὸν
783 2485 798 2511 ὁ
822 2484 877 2512 τῶν
903 2484 984 2512 θείων

187 2528 297 2564 ἀνδρῶν
325 2528 437 2561 ἔπαινος
464 2529 606 2556 ἐπαινετόν
630 2537 657 2556 τι
687 2529 785 2565 χρῆμα
818 2529 899 2565 Θεῷ,
934 2530 982 2557 καὶ

186 2575 246 2606 τοῖς
275 2574 487 2610 ἐπαινουμένοις
509 2575 602 2606 αὐτοῖς
630 2574 746 2611 ἐραστόν
761 2584 768 2592 ·
794 2575 853 2602 ἀλλ’
876 2575 917 2603 ὅτι
936 2576 983 2602 καὶ

187 2621 248 2652 τοῖς
273 2621 371 2653 αίσίως
400 2621 523 2648 ἐπαινεῖν
551 2620 646 2653 εἰδόσι,
672 2622 806 2657 σωτήριος
824 2630 831 2637 ·
857 2622 982 2654 καὶτοῖς

188 2665 365 2693 σινιαινοῦσιν
395 2665 534 2701 ὠφέλιμος
549 2675 555 2682 ·
592 2665 641 2692 καὶ
677 2666 745 2694 πᾶσι
774 2668 831 2699 τοῖς
863 2669 982 2700 συνετῶς

221 2746 246 2762 ⁸⁷
259 2745 334 2774 Psal.
347 2754 406 2779 xm,

221 2825 260 2862 (6)
271 2824 458 2853 Floridissima
469 2826 527 2853 haec
537 2826 669 2859 laudatio,
682 2827 772 2861 magni
785 2827 900 2854 Andreae
910 2834 974 2862 apo-

189 2861 322 2897 stolorum
336 2861 480 2888 vocatione
494 2862 587 2896 primi.
603 2871 684 2897 quem
697 2862 759 2889 idco
770 2863 855 2889 Graeci
872 2861 977 2896 πρωτό-

187 2895 284 2931 κλητον
295 2901 405 2931 vocant,
421 2895 578 2932 habentque
590 2895 758 2933 praecipuum
769 2906 850 2926 suum
865 2895 977 2933 ιιιιοδιοι-

1047 268 1127 301 ratio,
1151 269 1359 304 dcsperatorum
1380 271 1534 303 revocatio,
1557 272 1744 302 laborantium
1769 276 1843 304 refe»

1045 317 1116 349 ctio,
1148 324 1286 352 aegrorum
1321 318 1447 352 curatio,
1481 319 1635 354 lugentium
1669 322 1842 356 consolatio,

1044 370 1142 391 eorum
1172 363 1221 398 qui
1246 368 1409 399 tempestate
1440 365 1580 400 jactentur
1615 370 1673 395 tuta
1705 369 1787 396 statio
1809 377 1843 397 ac

1045 414 1142 445 portus
1169 417 1323 446 pauperum
1350 410 1542 440 indeﬁcientes
1571 412 1694 447 divitiae,
1724 414 1841 444 divitum

1043 462 1110 483 vera
1133 455 1270 489 defensio,
1298 457 1456 485 debitorum
1485 465 1644 493 sponsores,
1668 468 1766 490 eorum
1790 463 1839 498 qui

1043 502 1161 531 salutem
1171 508 1269 539 parant
1278 504 1448 534 defensores.

1079 549 1188 579 Salvete
1203 556 1232 579 et
1245 552 1389 585 exsultate,
1401 554 1475 587 caeli,
1487 563 1539 582 una
1554 563 1616 583 cum
1628 563 1672 588 eo,
1688 556 1734 591 qui
1746 556 1839 586 divina

1043 595 1072 624 in
1086 597 1166 626 vobis
1178 598 1382 633 magniﬁcentia
1394 601 1471 635 quasi
1485 601 1512 628 in
1529 601 1630 629 throno
1647 602 1733 630 sedet.
1747 603 1839 632 Divini

1042 643 1106 671 coeli
1129 648 1158 671 et
1178 645 1336 680 spiritales;
1356 646 1471 682 ejusque
1486 647 1627 680 Ecclesiae,
1646 656 1707 684 quae
1721 649 1748 676 in
1761 650 1840 677 caelis

1042 695 1100 723 est,
1136 692 1354 720 sacratissimum
1387 693 1588 722 ﬁrmamentum
1602 695 1652 722 δτι
1684 695 1763 728 cadi,
1791 696 1839 723 Dei

1043 737 1161 772 gloriam
1185 738 1241 766 alto
1267 739 1343 767 vocis
1364 745 1525 769 enarrantes
1546 742 1703 776 praeconio,
1723 743 1840 778 ejusque

1042 790 1113 818 opus
1130 792 1261 812 manuum
1277 785 1381 820 jugiter
1392 786 1589 815 annuntiantes
1603 796 1609 814 :
1624 795 1742 823 quorum
1755 796 1839 816 sonus

1043 829 1070 856 in
1086 837 1196 857 omnem
1218 830 1290 858 clare
1311 830 1396 859 exivit
1416 835 1527 866 terram,
1542 841 1575 861 ac
1591 833 1739 861 verborum
1755 834 1798 862 vis
1810 834 1838 861 in

1043 874 1111 902 ﬁnes
1127 875 1203 903 orbis
1219 876 1351 904 excurrit.

1077 921 1315 962 Quemadmodum
1339 923 1422 960 igitur
1435 932 1450 952 a
1464 925 1553 958 vobis,
1570 929 1719 961 vestraque
1741 933 1836 961 opera,

1041 967 1135 995 divina
1150 967 1237 1003 gratia
1259 968 1361 996 ﬁnibus
1383 969 1516 1004 insonuit,
1537 970 1578 998 sic
1594 978 1704 1006 quoque
1716 970 1837 999 faustum

1041 1013 1131 1041 fausto
1148 1014 1229 1042 initio
1250 1014 1332 1042 ﬁnem
1356 1016 1500 1050 adhibete,
1527 1017 1709 1052 divinumque
1730 1024 1837 1045 sermo-

1041 1069 1104 1088 nem
1128 1061 1236 1090 cunctis
1256 1062 1417 1091 nationibus
1443 1063 1601 1096 ﬁrmantes,
1628 1072 1735 1092 sacram
1756 1063 1783 1092 i'n
1803 1072 1838 1092 eo

1042 1107 1123 1135 ﬁdem
1135 1108 1306 1136 conﬁrmata.
1320 1109 1452 1138 Errantes
1463 1111 1628 1143 convertite,
1640 1111 1739 1139 dubios
1751 1111 1835 1139 animi

1041 1154 1173 1187 solidate,
1203 1155 1380 1190 impudenter
1414 1161 1577 1192 spernentes
1610 1158 1756 1186 emendate
1788 1163 1836 1185 aut

1040 1201 1178 1228 evellite:
1209 1208 1242 1229 ac
1269 1209 1318 1230 eos
1346 1202 1458 1238 quidem
1485 1203 1533 1238 qui
1562 1207 1683 1232 vestram
1712 1204 1837 1239 regulam

1041 1251 1212 1281 sequuntur,
1244 1247 1340 1275 ﬁrmos
1367 1248 1575 1278 indeclinabiles
1601 1250 1702 1278 vestris
1727 1250 1837 1286 legibus

1041 1297 1221 1320 conservata:
1239 1293 1438 1330 universasque
1455 1294 1577 1323 ﬁdelium
1596 1296 1735 1327 collectas.
1749 1296 1836 1324 divini

1042 1337 1161 1372 Spiritus
1184 1338 1341 1374 integritate
1363 1339 1391 1366 in
1412 1344 1508 1368 sancto
1532 1340 1637 1376 Spiritu
1662 1342 1763 1369 arctius
1779 1343 1837 1370 eol-

1041 1383 1168 1418 ligantes,
1195 1384 1325 1412 Ecclesia:
1351 1390 1454 1413 coetum
1481 1394 1590 1413 onmem
1617 1385 1646 1414 in
1674 1395 1760 1414 unum
1785 1395 1835 1415 no-

1041 1436 1105 1456 vum
1128 1428 1279 1459 hominem,
1299 1430 1378 1465 cujus
1395 1435 1479 1465 caput
1501 1430 1639 1463 Christus,
1661 1431 1784 1467 perﬁcite
1801 1440 1835 1461 ac

1040 1480 1240 1511 coagmentate.
1256 1476 1360 1503 Bellum
1373 1481 1465 1504 autem
1478 1485 1608 1513 armaque
1619 1478 1722 1511 omnia,
1736 1479 1833 1506 vestris

1041 1520 1098 1548 Deo
1112 1522 1232 1556 acceptis
1256 1522 1501 1550 intercessionibus
1515 1531 1530 1551 e
1542 1524 1682 1551 contrario
1693 1524 1832 1558 tollentes,

191 1551 403 1585 ἀντανελόντες,
419 1554 467 1580 καὶ
482 1556 626 1590 τροπαίοις
640 1557 719 1593 νίκης
739 1558 844 1592 ἐνθέοις
856 1562 903 1588 τὸν
918 1561 986 1597 ἀληέ

1039 1566 1196 1602 divinisque
1211 1567 1333 1595 victoria:
1359 1569 1470 1604 tropaeis
1494 1569 1570 1604 pium
1592 1577 1658 1597 vere
1683 1570 1832 1606 imperato-

1039 1621 1098 1640 rem
1121 1618 1296 1647 coronantes,
1320 1614 1412 1642 divina
1438 1623 1506 1650 pace
1529 1615 1687 1651 stabilique,
1708 1624 1740 1644 ac
1756 1621 1833 1646 tran-

1038 1658 1124 1693 quiila
1141 1658 1315 1694 jucunditate
1340 1663 1441 1687 terram
1458 1660 1589 1695 implete;
1610 1661 1833 1696 quietamqueac

1039 1704 1205 1740 religiosam,
1215 1706 1328 1741 ejusque
1337 1706 1461 1741 justitiae,
1476 1715 1537 1742 quae
1548 1711 1591 1735 est
1607 1707 1635 1735 in
1646 1708 1757 1736 Christo
1767 1708 1831 1736 Jesu

1038 1755 1120 1785 atque
1140 1751 1233 1787 gaudii
1257 1752 1376 1787 plenam,
1389 1753 1547 1781 christiana;
1570 1753 1728 1789 reipublicae
1746 1755 1831 1782 vitam

1039 1796 1208 1830 praebentes,
1233 1801 1316 1832 atque
1338 1798 1373 1825 ad
1393 1799 1534 1826 caelestem
1555 1799 1725 1832 Jerusalem,
1751 1801 1832 1835 cujus

1038 1849 1088 1869 vos
1114 1842 1245 1877 primitivi
1271 1843 1320 1871 ﬁlii
1342 1844 1537 1880 principesque
1549 1845 1657 1880 patroni
1680 1850 1763 1880 atque
1786 1854 1830 1873 rc-

1037 1892 1130 1915 ctores
1143 1889 1299 1922 exstitistis,
1310 1890 1505 1925 gubernantes,
1522 1891 1549 1918 in
1561 1891 1609 1918 Dei
1621 1897 1736 1919 cunctos
1750 1892 1831 1919 indu-

1037 1939 1132 1962 centes
1157 1936 1292 1970 requiem,
1319 1937 1443 1971 requiem
1465 1938 1646 1972 prmstabitis;
1669 1938 1697 1965 in
1718 1938 1829 1966 Christo

1036 1979 1100 2008 Jesu
1120 1980 1237 2008 Domino
1263 1985 1370 2013 nostro,
1400 1982 1444 2009 cui
1468 1987 1512 2009 est
1534 1982 1620 2018 gloria
1646 1987 1676 2011 et
1698 1987 1829 2018 potestas,

1038 2034 1091 2053 una
1104 2034 1167 2054 cum
1179 2027 1260 2055 Patre
1270 2031 1298 2055 et
1312 2027 1418 2062 Spiritu
1436 2033 1541 2061 sancto,
1560 2029 1587 2056 in
1603 2029 1702 2056 saecula
1716 2030 1830 2057 szeculo-

1037 2079 1109 2100 rum.
1126 2072 1224 2100 Amen.
1254 2078 1256 2084 '

1336 2149 1464 2179 ORATIO
1483 2151 1528 2180 ιν.

1088 2203 1219 2231 Laudatio
1238 2206 1324 2232 sancti
1338 2205 1468 2241 taedaque
1487 2206 1651 2235 celeberrimi
1670 2208 1784 2236 Andrew

1372 2242 1495 2277 apostoli.

1070 2299 1184 2329 Cunctis
1200 2309 1266 2330 sane
1279 2301 1328 2330 Dei
1346 2301 1429 2331 Verbi
1444 2304 1541 2332 amicis
1556 2312 1589 2332 ac
1599 2304 1754 2340 discipulis,
1767 2314 1829 2335 ver-

1035 2346 1078 2374 bis
1098 2351 1230 2382 concepta
1245 2347 1366 2376 laudatio
1386 2357 1436 2384 pro
1458 2350 1532 2378 virili
1552 2350 1681 2379 facultate
1698 2351 1827 2387 debetur,

1033 2391 1074 2419 uti
1096 2396 1125 2419 ct
1143 2391 1273 2425 imitatio,
1298 2401 1359 2429 quae
1378 2394 1510 2429 operibus
1529 2400 1695 2430 praestatur;
1711 2398 1828 2426 maxime

1032 2446 1100 2466 vero
1121 2439 1175 2472 his,
1187 2447 1235 2475 qut
1258 2439 1330 2467 inter
1353 2440 1414 2468 illos
1434 2441 1575 2476 principes
1594 2449 1626 2469 ac
1640 2443 1830 2478 antiquissimi

1035 2490 1119 2513 sunt:
1139 2486 1241 2513 nedum
1252 2493 1285 2513 ea
1297 2486 1415 2519 ratione,
1430 2487 1510 2522 quod'
1520 2487 1578 2522 ipsa
1593 2495 1607 2515 a
1626 2495 1655 2515 se
1670 2488 1828 2516 divinorum

1036 2532 1160 2559 virorum
1179 2531 1311 2564 laudatio,
1325 2540 1369 2560 res
1381 2535 1423 2560 est
1437 2532 1532 2560 divino
1543 2533 1720 2569 judiciojure
1733 2535 1829 2562 lauda-

1036 2577 1101 2605 bilis
1112 2585 1143 2604 ac
1158 2585 1240 2612 quam
1260 2578 1279 2605 ii
1295 2577 1348 2613 ipsi
1369 2579 1417 2614 qui
1430 2578 1587 2610 laudantur,
1607 2579 1694 2606 amori
1709 2579 1827 2612 ducant;

1035 2630 1131 2650 verum
1144 2622 1227 2650 etiam
1243 2623 1317 2658 quod
1339 2623 1388 2657 iis,
1408 2624 1456 2658 qui
1475 2623 1564 2651 l‘auste
1581 2624 1694 2652 laudare
1714 2629 1827 2657 norunt,

1035 2669 1165 2696 salutaris
1176 2668 1226 2702 sit;
1237 2673 1321 2704 atque
1332 2669 1376 2697 his
1389 2669 1436 2704 qui
1450 2669 1588 2698 laudando
1602 2669 1670 2697 socii
1683 2670 1828 2700 accedant,

1031 2827 1100 2860 lum,
1113 2829 1139 2856 in
1151 2829 1258 2869 Crtecia
1268 2830 1385 2869 maxime
1397 2830 1548 2869 apostolico
1560 2836 1675 2869 munere
1689 2828 1826 2862 ﬁmctum,

1032 2872 1064 2891 ac
1094 2865 1203 2893 tandem
1232 2866 1259 2893 in
1287 2874 1319 2894 ea
1350 2866 1450 2894 illustri
1481 2865 1613 2900 martyrio
1651 2873 1828 2893 consumma-

1033 2903 1101 2927 ῐυιιι.
