2072 3160
254 165 291 196 55

860 163 1006 194 NlCET/E
1021 163 1244 193 PAPHLAGON
1248 163 1283 192 IS

1843 161 1879 194 56

255 219 350 252 utilis;
380 218 544 253 cunctisque
572 217 684 245 demum
711 217 827 245 solerter
854 217 1036 249 audientibus,

1094 216 1294 252 ἀκροωμένοις,
1323 215 1489 251 τελεωτέρας
1519 215 1623 250 γίνεται
1647 214 1777 250 πρόξενον
1803 216 1878 243 olito—

251 272 336 293 causa
351 265 387 292 sit
403 272 434 291 ac
449 263 519 290 ratio
532 262 705 297 perfectioris
720 262 917 289 :ediﬁcationis.
963 274 965 277 τ

288 309 382 345 Igitur,
407 317 425 336 ο
449 308 517 335 viril
534 308 568 335 ad
585 315 731 336 commune
762 307 842 334 nobis
869 306 1040 342 propositum

251 361 391 384 certamen
412 355 574 382 excitemur.
588 354 739 381 Commune
755 353 829 381 cnim
850 353 930 380 nobis
949 352 1040 380 omni-

252 401 306 430 bus
322 406 461 429 certamen
482 401 564 428 hodie
585 400 747 435 proponitur
761 409 768 433 ;
785 399 852 427 mihi
869 399 992 434 quidem,
1010 404 1042 427 ut

252 446 633 482 discipulorungcoronidem,
646 446 831 481 apostolorum
843 446 1039 482 summitatem,

251 501 267 520 a
284 493 446 520 fortitudine
461 497 649 526 nuncupatum
663 491 811 522 Andream.
822 495 951 526 tanquam
967 499 1042 518 rosa—

251 546 314 566 rum
329 538 460 570 ﬂosculis.
479 545 637 565 sermonum
653 537 781 565 laudibus
800 537 944 565 ambitiose
959 545 1040 565 coro-

251 593 326 618 nem,
348 585 463 620 ejusque
486 585 618 612 memoria
633 583 745 611 suavius
759 583 898 616 delecter;
920 591 953 611 ac
966 583 1041 611 velut

251 638 313 658 cum
331 637 466 666 priescntc
478 636 561 666 atque
571 630 660 658 oculis
675 630 836 664 conspicuo,
853 630 892 657 sic
912 637 974 663 cum
994 629 1041 656 illo

250 677 358 712 loquar,
368 678 481 713 ejusque
495 677 658 705 cnarrandis
671 677 754 704 rebus
771 676 913 711 magniﬁce
924 676 1039 710 glorier;

251 721 330 748 vobis
354 727 456 753 autem,
483 726 512 748 ut
535 729 669 756 propcnse
693 721 788 748 feratis
808 728 899 755 opem,
921 720 1041 755 totisque

250 767 357 794 viribus
370 767 507 794 laboranti
522 767 615 794 animo
633 774 664 794 ac
679 766 826 798 fatiscenti,
844 766 935 793 tacitis
950 766 1040 800 preci-

249 812 302 839 bus
327 813 521 846 collaboretis;
542 820 574 840 ac
594 819 748 839 sermonem
775 812 841 839 tanti
866 811 936 838 mole
959 818 1041 845 argu-

249 859 335 885 menti
350 860 395 885 vix
410 867 465 885 non
482 866 644 893 oppressum
656 866 688 885 ac
699 858 949 893 clangucscentem,
965 857 1041 884 altis-

249 905 319 932 simo
330 905 380 940 ipsi
398 905 507 933 silentio
520 910 548 932 ct
562 905 712 932 attentione
723 904 808 931 animi
828 903 951 938 crigatis.

283 950 412 985 Promptc
431 951 513 986 igitur
533 951 656 979 debitum
676 950 841 983 reddamus;
859 950 929 977 alius
946 948 1037 976 laudis

250 997 437 1030 praeconium;
457 997 528 1024 alius
555 996 717 1029 auditione;
741 1001 824 1031 atque
844 995 913 1022 adeo
939 994 1036 1022 fructi-

249 1042 381 1075 iicemus;
402 1043 472 1069 alius
488 1042 612 1077 quidem,
628 1042 766 1070 actionem
782 1042 889 1068 ratione
902 1041 1036 1068 nitentem

247 1096 279 1115 ac
301 1089 455 1122 eruditam;
471 1089 541 1116 alius
563 1097 640 1121 vero,
660 1096 815 1116 sermonem
840 1092 984 1114 actuosum
1009 1089 1037 1113 et

247 1134 412 1162 efﬁcacem:
439 1135 510 1163 alius
536 1135 695 1167 canticum;
721 1134 791 1161 alius
819 1126 987 1160 desiderium
1009 1135 1038 1159 et

247 1189 383 1214 amorem;
397 1181 468 1209 alius
480 1181 720 1216 compunctioncm
731 1189 738 1213 ;
748 1180 817 1207 alius
832 1178 1034 1214 precationem:

247 1234 318 1254 unus
342 1235 434 1254 veram
459 1226 552 1260 ﬁdem,
578 1227 647 1253 alter
671 1225 826 1260 religiosam
849 1224 876 1251 in
896 1223 1036 1250 Christum

246 1271 419 1298 cliaritatem.
438 1271 540 1299 lnferat
555 1271 689 1306 quispiam
703 1278 710 1302 ;
725 1270 796 1298 alius
807 1267 917 1304 quidem
933 1275 1037 1296 sermo-

246 1325 307 1344 nem
324 1317 464 1352 sapientia:
475 1326 482 1349 ;
493 1317 563 1344 alius
575 1325 649 1349 vero,
659 1323 815 1343 sermonem
827 1314 950 1342 scientia:
959 1314 1034 1346 “'5’;

246 1368 328 1398 atque
350 1363 405 1394 hic,
425 1371 474 1390 cor
496 1363 557 1390 lene
575 1370 607 1389 ac
621 1362 765 1397 quietum;
785 1361 842 1391 ille,
859 1360 964 1387 nullum
985 1359 1036 1386 ha-

246 1408 356 1435 bentem
369 1408 449 1435 tinem
464 1409 612 1444 jugcmque
639 1408 704 1436 Jesu
731 1407 902 1434 memoriam.
919 1406 978 1438 Hic,
991 1406 1035 1432 in-

245 1457 420 1485 deiicientem
438 1465 531 1484 animo
547 1457 676 1492 precandi
688 1457 744 1483 vim
757 1465 764 1489 ;
779 1456 824 1482 ille
835 1455 937 1482 claram
954 1458 1036 1489 atque

246 1503 365 1530 lucidam
380 1503 517 1538 cogitante
534 1504 626 1531 animo
647 1502 749 1530 Christi
774 1502 918 1529 visionem.
935 1501 1036 1528 Omnes

247 1547 294 1574 Dei
319 1548 455 1579 timorem,
479 1555 574 1574 omnes
599 1547 808 1577 continentiam,
832 1552 929 1572 omnes
950 1544 1035 1571 animi

246 1601 398 1627 senatusque
415 1593 576 1620 modestiam
594 1597 631 1626 et,
652 1597 682 1619 ut
695 1600 744 1628 per
754 1591 914 1627 patientiam
929 1590 963 1617 ad
978 1589 1037 1625 pie-

247 1642 331 1665 tatem
358 1646 409 1665 nos
436 1638 510 1673 ipsos
534 1638 725 1666 extendamus.
752 1637 798 1664 Sic
821 1636 894 1664 enim
921 1643 1036 1669 magnus

246 1687 393 1721 Apostolus
409 1686 436 1712 in
461 1686 542 1713 nobis
565 1685 772 1717 clariﬁcabitur,
794 1692 857 1712 cum
872 1683 943 1710 alius
961 1681 1035 1709 aliud

247 1731 313 1765 quid
337 1731 411 1758 illius
427 1731 562 1758 bonorum
587 1730 737 1765 prmstabit,
757 1729 932 1764 universique
953 1726 1036 1755 simul

245 1784 309 1804 cum
321 1777 421 1804 clarius
436 1776 618 1809 imitabimur,
629 1784 661 1804 ac
672 1776 747 1803 velut
759 1775 886 1803 festivum
897 1774 1035 1809 quoddam

247 1831 358 1855 munus,
379 1823 540 1851 imitationis
557 1823 677 1850 fructum
697 1822 722 1849 ci
738 1821 919 1856 proferemus.
941 1819 986 1847 Sic
1007 1824 1036 1846 et

247 1870 305 1904 ipse
323 1869 462 1901 Christus,
479 1868 526 1904 qui
549 1868 578 1895 in
600 1867 701 1895 sanctis
722 1865 887 1901 requiescat,
904 1871 986 1900 atque
1007 1865 1035 1892 in

247 1915 282 1943 iis
300 1915 348 1951 qui
365 1915 551 1942 clariﬁcantur
574 1914 752 1947 clarilicetur,
772 1921 788 1940 a
810 1920 866 1948 quo
887 1912 977 1939 omnis
1001 1912 1035 1940 ad

247 1962 377 1989 virtutem
399 1961 543 2001 incitatio;
562 1968 595 1987 ac
621 1959 667 1994 qui
693 1958 782 1986 omnis
806 1958 884 1985 bona:
908 1958 1034 1991 actionis,

245 2010 412 2045 principium
426 2014 454 2037 et
467 2010 589 2037 medium
606 2016 638 2036 ac
653 2008 715 2036 ﬁnis
734 2013 785 2035 est.

280 2057 460 2091 Posteaquam
489 2063 572 2088 vero,
602 2063 651 2090 pro
676 2055 749 2082 virili
779 2059 875 2081 nostra
905 2053 1036 2081 facultate

245 2103 383 2130 theatrum
405 2101 524 2129 orationi
552 2099 802 2135 przeinstruximus,
827 2107 877 2135 age
897 2099 953 2134 jam
977 2099 1035 2133 ipsa

244 2148 394 2176 certamina
421 2147 629 2182 aggrediamur,
650 2150 733 2180 atque
760 2145 795 2172 ad
821 2145 1034 2180 apostolicarum

243 2193 356 2220 laudum
365 2192 559 2220 celsitudinem
570 2191 637 2218 eniti
649 2191 838 2222 eonnitamur;
849 2198 904 2217 non
917 2196 1033 2222 temere.

1053 899 1073 927 Β

1048 1570 1071 1599 C

1095 264 1191 299 δομῆς.

1131 309 1234 337 Οὐκοῦν
1253 308 1451 342 διαναστῶμεν,
1477 305 1500 334 ὦ
1520 308 1632 343 ἄνδρεςί
1652 309 1720 344 πρὸς
1736 309 1782 336 τὸν
1811 318 1880 345 προ-

1096 356 1221 391 κείμενον
1239 356 1305 390 ἡμῖν
1319 354 1414 388 ἀγῶνα
1426 362 1433 370 ’
1457 354 1544 385 κοινὸς
1562 355 1617 390 γὰρ
1630 355 1716 382 ἆπασι
1738 356 1880 391 πρόκειται

1096 403 1215 437 σήμερον
1243 403 1256 428 6
1286 400 1381 435 ἁγώνο
1405 401 1467 435 ἐμοὶ
1496 401 1563 436 μὲν,
1591 402 1642 437 τὴν
1669 403 1802 438 κορωνίδα
1826 403 1879 430 τῶν

1097 448 1236 482 μαθητῶν,
1267 447 1322 474 τῶν
1350 447 1507 474 ἀποστόλων
1532 447 1581 482 τὴν
1604 449 1736 483 κορυφὴν,
1762 449 1807 476 τὸν
1831 449 1880 482 τῆς

1095 494 1206 528 ἀνδρίας
1235 493 1380 528 ἐπώνυμον
1416 493 1561 528 ’Λνδρέαν,
1589 494 1645 525 τοῖς
1678 494 1797 526 ἐπαίνοις
1826 494 1880 521 τῶν

1095 540 1193 572 λόγων,
1204 539 1242 571 ὡς
1256 539 1349 566 ἄνθεσι
1373 539 1458 572 ῥόδων
1476 539 1618 574 ἀναδῆσαι,
1646 540 1752 574 καὶτῆς
1771 541 1880 575 μνήμης

1095 585 1303 619 κατατρυφῆσαι
1318 592 1325 599 ·
1345 584 1392 610 καὶ
1406 583 1499 618 ὥσπερ
1515 584 1588 618 αὐτῷ
1604 585 1717 619 παρόντι
1741 583 1787 610 καὶ
1811 584 1880 619 ὁρω-

1096 631 1168 665 μένῳ
1193 629 1402 665 προσλαλῆσαι·
1432 631 1479 656 καὶ
1504 631 1560 661 τοῖς
1585 631 1650 665 περὶ
1678 629 1761 656 αὑτοῦ
1785 629 1880 664 διηγή-

1096 684 1178 710 μασιν
1211 675 1492 709 ἐγκαλλωπίσασθαι·
1511 676 1575 710 ὑμῖν
1599 676 1639 708 δὲ,
1675 675 1725 710 τῆς
1759 675 1880 709 ἀγωνίας

1094 723 1157 756 ἐμοὶ
1185 723 1339 754 κοινωνεῖν,
1365 721 1413 748 καὶ
1437 721 1488 756 ὅση
1518 721 1631 756 δύναμις
1658 722 1816 756 συνεργεῖν,
1841 720 1880 755 τῷ

1095 769 1258 803 προσευχαῖς
1271 767 1414 800 ἀλαλήτοις
1427 767 1465 803 (7)
1491 768 1620 800 κάμνοντι
1646 767 1692 793 τὸν
1721 767 1792 798 νοῦν,
1809 775 1880 801 συμ-

1095 814 1201 843 πονεῖν,
1222 813 1269 839 καὶ
1294 813 1362 847 πρὸς
1387 812 1417 839 τὸ
1443 814 1492 848 τῆς
1519 812 1673 842 ὑποθέσεως
1699 812 1812 846 μέγεθος
1834 811 1880 838 τὸν

1095 858 1172 892 λόγον
1193 857 1346 890 ὀκλάζοντι,
1359 858 1403 884 διὰ
1420 858 1530 893 βαθείας
1550 857 1629 892 σιγῆς
1657 858 1879 893 παραθαρρύνειν

1090 904 1136 930 καὶ
1151 904 1296 939 προσοχῆς.

1132 950 1288 985 ’Λποδώμεν
1300 950 1392 977 τοίνυν
1404 950 1552 986 προθύμως
1571 950 1619 986 τὴν
1636 951 1745 986 όφειλήν
1760 959 1767 966 ·
1780 951 1794 976 6
1818 950 1877 984 μὲν,

1087 997 1138 1033 τὴν
1150 996 1287 1031 εὐφημίαν
1303 1016 1311 1029 ,
1335 997 1359 1022 οἱ
1383 996 1421 1028 δὲ,
1447 997 1496 1032 τὴν
1525 997 1656 1032 ἀκρόασιν
1671 1005 1678 1012 ”
1707 997 1754 1023 καὶ
1775 1005 1879 1031 καρπο-

1088 1043 1216 1078 φορῶμεν
1229 1050 1237 1058 ι
1254 1042 1268 1068 6
1294 1042 1344 1077 μὲν
1368 1041 1467 1078 πρᾶξιν
1495 1041 1624 1076 εὓλογον·
1649 1043 1664 1069 6
1682 1042 1709 1069 δὲ
1730 1041 1808 1076 λόγον
1827 1043 1877 1078 ἕεις

1088 1096 1228 1124 πρακτον’
1252 1089 1267 1114 ὁ
1299 1088 1350 1123 μὲν
1374 1088 1420 1115 τὸν
1446 1088 1529 1123 ὓμνον
1543 1097 1550 1103 '
1571 1090 1585 1115 6
1607 1089 1635 1115 δὲ
1661 1090 1707 1115 τὸν
1733 1089 1831 1116 πόθον·
1862 1090 1877 1116 ὁ

1090 1134 1139 1170 μὲν
1167 1133 1332 1165 κατάνυξιν·
1375 1134 1388 1160 6
1414 1134 1442 1160 δὲ
1475 1135 1631 1169 προσευχήν
1647 1143 1653 1149 ·
1679 1134 1758 1165 ἄλλος
1785 1134 1876 1160 πίστιν

1087 1180 1239 1216 εἰλικρινῆ,
1272 1179 1351 1212 ἄλλος
1379 1180 1489 1215 ἀγάπην
1516 1180 1687 1215 χριστοφιλῆ.
1718 1180 1876 1215 Εἰσφερέτω

1087 1235 1128 1257 τις
1141 1234 1148 1242 ·
1164 1227 1177 1252 6
1192 1227 1253 1261 μὲν,
1271 1226 1350 1260 λόγον
1366 1226 1462 1260 σοφίας
1473 1234 1480 1240 '
1490 1226 1568 1257 ἄλλος
1580 1226 1619 1256 δὲ,
1631 1226 1710 1259 λόγον
1726 1225 1851 1259 γνώσεως
1867 1233 1873 1240 ·

1087 1272 1171 1307 ὁμὲν,
1191 1273 1307 1306 πραεῖαν
1325 1272 1440 1307 καρδίαν
1452 1273 1499 1299 καὶ
1520 1272 1622 1306 ἥσυχον
1639 1280 1644 1286 ·
1667 1273 1680 1297 6
1705 1271 1744 1304 δὲ,
1766 1273 1876 1305 μνήμην

1085 1318 1202 1352 ἄληκτον
1225 1318 1272 1344 καὶ
1299 1318 1412 1345 ἀένναον
1441 1318 1547 1353 Ἰησοῦ·
1570 1319 1583 1344 6
1610 1319 1671 1352 μὲν,
1701 1317 1876 1344 ἀνέκλειπτον

1087 1363 1158 1390 κατὰ
1170 1363 1232 1390 νοῦν
1250 1365 1406 1399 προσευχήν
1422 1372 1428 1377 ·
1451 1365 1466 1390 6
1487 1364 1516 1390 δὲ
1537 1363 1660 1398 καθαρὰν
1675 1362 1793 1398 Χριστοῦ
1808 1371 1875 1396 φαν-

1086 1409 1182 1436 τασίαν
1197 1410 1243 1436 καὶ
1259 1409 1416 1443 φωτοφανῆ.
1445 1410 1548 1440 Πάντες
1573 1409 1655 1443 φόϐον
1672 1408 1751 1440 Θεοῦ,
1776 1408 1876 1438 πάντες

1086 1455 1270 1490 ἐγκράτειαν,
1307 1456 1559 1491 ταπεινοφροσύνην
1597 1455 1715 1485 πάντες,
1745 1454 1792 1480 καὶ
1819 1455 1875 1486 τοῖς

1088 1503 1155 1537 πρὸς
1168 1502 1309 1529 εὐσέϐειαν
1331 1502 1364 1528 δι’
1393 1501 1531 1537 ὑπομονῆς
1555 1501 1769 1527 ὲπεκτείνεσθαι.
1796 1500 1876 1527 Οὖτω

1088 1548 1142 1583 γὰρ
1169 1549 1183 1574 6
1216 1548 1303 1583 μέγας
1332 1547 1491 1578 Ἀπόστολος
1517 1547 1546 1573 ἐν
1579 1547 1645 1582 ἡμῖν
1669 1546 1873 1581 δοξασθήσεται,

1087 1593 1168 1620 ἄλλου
1199 1594 1266 1628 πρὸς
1299 1593 1362 1620 ἄλλο
1391 1602 1416 1619 τι
1444 1593 1498 1619 τῶν
1525 1592 1629 1618 ἐκείνου
1658 1591 1875 1627 κατορθουμένου

1088 1640 1188 1670 καλῶν,
1214 1640 1262 1666 καὶ
1289 1640 1397 1666 πάντων
1427 1639 1495 1674 ὁμοῦ
1527 1639 1710 1674 τρανεστέραν
1733 1637 1784 1674 τὴν
1808 1638 1875 1672 πρὸς

1087 1686 1168 1712 αὑτὸν
1202 1678 1442 1720 ἐπιδεικνυμένων’
1455 1685 1623 1720 ὁμοιότητα·
1648 1686 1695 1711 καὶ
1721 1684 1814 1718 ὥσπερ
1849 1692 1875 1709 τι

1086 1733 1171 1768 δῶρον
1195 1732 1300 1765 ἑόρτιον
1317 1731 1365 1767 τὴν
1391 1732 1506 1767 μίμησιν
1533 1731 1606 1766 αὐτῷ
1630 1730 1875 1765 καρποφορούντων

1085 1777 1136 1811 τῆς
1149 1778 1261 1812 ἀρετῆς.
1278 1777 1357 1804 Οὕτω
1371 1778 1418 1804 καὶ
1431 1777 1548 1812 Χριστὸς
1571 1777 1663 1809 αὐτὸς,
1693 1777 1707 1802 6
1731 1778 1760 1802 ὲν
1787 1776 1876 1810 ἁγίοις

1087 1825 1308 1859 ἀναπαυόμενος,
1333 1824 1380 1850 καὶ
1401 1823 1579 1857 δοξαζόμενος
1609 1823 1638 1849 ὲν
1671 1822 1875 1857 δοξαζομένοις,

1087 1867 1196 1906 παρόὖ
1227 1871 1302 1896 πᾶσα
1328 1869 1397 1904 πρὸς
1427 1869 1526 1904 ἀρετὴν
1554 1869 1671 1903 κίνησις,
1696 1868 1744 1895 καὶ
1765 1868 1795 1900 ὃς
1817 1869 1875 1895 ἐστι

1087 1916 1176 1950 πάσης
1191 1915 1316 1951 πράξεως
1331 1914 1438 1949 ἀγαθῆς
1457 1914 1527 1949 ἁρχὴ
1544 1914 1591 1940 καὶ
1615 1913 1731 1948 μεσότης
1760 1912 1807 1939 καὶ
1830 1921 1876 1938 τε-

1087 1962 1178 1997 λευτή.

1129 2051 1206 2078 Ἐπεὶ
1214 2051 1243 2077 δὲ
1256 2049 1294 2086 τῷ
1313 2050 1385 2084 λόγῳ
1400 2050 1429 2075 τὸ
1446 2049 1571 2084 θέατρον,
1592 2049 1628 2080 ὡς
1657 2048 1728 2080 ἐνὸν,
1754 2054 1874 2081 προκατ-

1086 2098 1268 2134 ηρτισάμεθα,
1294 2097 1359 2132 φέρε
1382 2096 1474 2123 λοιπὸν
1491 2095 1580 2121 αὐτῶν
1596 2095 1649 2120 τῶν
1669 2094 1784 2127 ἀγώνων
1801 2091 1876 2127 ἁψώ-

1088 2144 1168 2178 μεθα,
1187 2143 1234 2170 καὶ
1255 2143 1310 2169 τῶν
1333 2142 1518 2169 ὰποστολικῶν
1535 2141 1627 2176 ὓμνων
1647 2140 1685 2174 τῷ
1705 2139 1767 2174 ὕψει
1791 2146 1874 2174 προσ-

1087 2190 1166 2225 ϐῆναι
1188 2188 1390 2224 πειραθῶμεν*
1417 2187 1447 2213 οὺ
1473 2186 1619 2222 τολμηρῶς
1647 2186 1802 2220 ἀνεφίκτοις
1829 2185 1875 2218 ἑγ-

243 2246 306 2273 quae
329 2238 491 2265 inconcessa
507 2241 572 2264 sunt
587 2240 746 2268 tentantes;
766 2235 815 2262 sed
837 2235 936 2262 timore
957 2236 1033 2262 inac-

1088 2235 1251 2271 χειροῦντες,
1264 2234 1332 2260 ἀλλὰ
1347 2233 1422 2268 φόΰῳ
1444 2233 1499 2264 τοῖς
1522 2232 1681 2267 ἀπροσίτοις
1706 2231 1872 2266 προσιόντες.

244 2291 321 2311 cessa
336 2283 490 2315 adeuntes;
510 2290 562 2310 nec
581 2281 690 2316 procaci
714 2281 829 2308 audacia
845 2281 946 2308 intacta
968 2288 1033 2316 per-

244 2334 415 2364 rumpentes,
431 2329 478 2356 scd
492 2328 608 2364 pudore,
620 2327 750 2362 omnique
768 2327 899 2362 religione
914 2334 945 2354 ac
959 2331 1034 2354 metu

243 2375 276 2402 ad
294 2383 325 2403 ea
340 2382 402 2410 qua:
419 2374 554 2402 rationem
569 2373 680 2408 vimque
695 2380 806 2399 omnem
828 2372 964 2400 sermonis
986 2380 1034 2399 su-

242 2425 350 2457 perant,
364 2425 483 2448 mentem
498 2419 705 2455 pertendentes,
719 2419 909 2454 rationemque
926 2426 958 2446 ac
972 2426 1033 2446 ser-

243 2466 334 2494 monis
353 2466 409 2493 vim
434 2466 469 2493 ad
493 2474 525 2494 ca
543 2469 747 2500 quaLmentem
775 2463 862 2498 ipsam
885 2464 1032 2497 excedunt,

242 2512 438 2548 provehentes,
455 2512 489 2539 de
512 2512 674 2539 inexhausta
694 2510 886 2537 thesaurorum
913 2508 1032 2544 Spiritus

241 2558 382 2593 opulentia
393 2565 441 2593 spe
450 2564 648 2593 pmsumamus
657 2564 665 2590 ;
674 2563 708 2583 ex
715 2562 769 2590 qua
778 2554 907 2590 exiguum
922 2554 1032 2589 aliquod

240 2603 384 2632 efﬂuvium
403 2604 509 2640 (gratim
530 2603 636 2631 scilicet
660 2600 773 2635 stillam)
791 2608 841 2636 per
862 2601 932 2635 ejus,
950 2608 1031 2635 quem

277 2696 338 2714 ⁶’¹·⁶⁹
351 2697 362 2724 l
377 2697 441 2726 Cor.
458 2705 506 2730 xu,
519 2697 544 2724 8.

277 2777 315 2810 (7)
341 2775 528 2810 Προσευχαῗς
555 2774 729 2807 ἀλαλήτοις.
759 2774 849 2810 Ipsum
886 2779 928 2802 est
954 2774 1028 2808 quod

242 2813 343 2841 Paulus
356 2813 436 2839 liom.
451 2819 508 2842 vni,
524 2811 572 2840 ‘26,
597 2810 760 2845 στεναγμοῖς
776 2810 931 2844 ἀλαλήτοις,
953 2811 1033 2845 gemi—

243 2848 309 2875 tibus
327 2846 572 2876 cncnarrabilibus;
590 2845 658 2871 tanti
673 2844 780 2871 scilicet
796 2845 922 2877 fervoris,
938 2850 967 2872 ut
982 2853 1033 2873 nec

243 2883 336 2912 verbis
357 2881 475 2916 exprimi
500 2881 599 2915 possit,
626 2880 683 2907 sive
707 2879 790 2907 etiam
814 2879 914 2914 tacitis,
938 2885 1031 2909 nicntc

1087 2281 1154 2307 Οὐδὲ
1170 2281 1266 2316 θράσει
1291 2279 1346 2306 τῶν
1371 2278 1518 2313 ἀψαύστων
1539 2278 1762 2312 κατατολμῶντες
1777 2285 1784 2292 ·
1806 2276 1875 2302 αἰδοῖ

1085 2327 1176 2353 δὲκαὶ
1202 2325 1328 2360 εὐλαϐείᾳ
1345 2325 1421 2360 πάσῃ
1449 2323 1494 2350 τόν
1517 2331 1546 2349 τε
1572 2322 1634 2349 νοῦν
1659 2322 1726 2356 πρὸς
1753 2321 1787 2348 τὰ
1804 2321 1874 2355 ὑπὲρ

1085 2373 1164 2407 λόγον
1194 2372 1390 2403 ἀνατείνοντες,
1417 2371 1462 2396 τόν
1491 2378 1521 2396 τε
1545 2369 1624 2404 λόγον
1652 2369 1719 2403 πρὸς
1740 2367 1775 2394 τὰ
1803 2368 1873 2401 ὑπὲρ

1085 2418 1147 2445 νοῦν
1159 2417 1380 2450 ἀναϐιόάζοντες,
1399 2418 1445 2444 ἐπὶ
1457 2417 1503 2443 τὸν
1520 2416 1656 2443 ἀκένωτον
1680 2414 1795 2440 πλοῦτον
1818 2414 1874 2439 τῶν

1085 2464 1132 2490 τοῦ
1144 2464 1301 2497 Πνεύματος
1312 2463 1467 2498 ἐλπίσωμεν
1479 2462 1622 2497 θησαυρῶν
1633 2470 1639 2476 ·
1653 2461 1681 2494 ἐξ
1697 2458 1727 2487 οὗ
1740 2459 1873 2494 βραχείας

1084 2509 1233 2545 ἀπορροῆς,
1249 2510 1309 2544 ἦτοι
1330 2510 1460 2544 σταγόνος
1484 2510 1604 2544 χάριτος,
1629 2507 1672 2534 διὰ
1694 2507 1742 2541 τῆς
1757 2504 1804 2531 τοῦ
1819 2504 1872 2538 ὑμ-

1085 2555 1214 2590 νουμὲνου
1228 2556 1348 2591 σήμερον
1361 2554 1569 2590 καταξιούμενοι
1587 2553 1745 2589 πρεσϐείας,
1762 2550 1869 2586 πρῶτον

1089 2601 1138 2636 μὲν
1153 2601 1202 2636 τὴν
1217 2601 1298 2628 αὑτοῦ
1313 2600 1380 2637 πρὸς
1407 2601 1456 2636 τὴν
1478 2601 1559 2636 χάριν
1582 2599 1636 2626 ἀπὸ
1664 2598 1709 2624 τοῦ
1722 2597 1804 2632 νόμον
1821 2605 1870 2632 με·

1084 2779 1164 2801 tcnus
1191 2773 1334 2808 conceptis
1366 2772 1449 2808 inque
1486 2770 1531 2797 illa
1559 2769 1688 2808 occultis,
1722 2769 1870 2808 lntcrprct.

1086 2809 1222 2844 Aithiop.,
1250 2805 1478 2842 iii-afﬂictionibus
1495 2812 1518 2844 et
1540 2805 1726 2844 (putationibus
1758 2805 1871 2844 nostris;

1086 2845 1163 2880 quasi
1181 2840 1288 2880 legerit,
1310 2840 1520 2880 tuanempe};
1536 2840 1706 2880 ⁸ἡμετέροις,
1733 2840 1812 2880 cuius
1829 2846 1871 2867 ta-

1085 2875 1148 2909 men
1162 2875 1288 2908 lectionis
1301 2875 1410 2906 nullum
1428 2876 1500 2912 apud
1518 2876 1586 2903 alios
1599 2879 1687 2903 exstat
1715 2875 1870 2911 vestigium.
