2072 3160
195 169 236 202 -57
663 171 805 202 ORATIO
824 173 872 203 IV.
887 173 972 204 —IN
992 173 1149 205 LAUDEM
1170 175 1200 205 S.
1223 176 1398 207 ANDREzE.
1805 181 1842 215 58

200 226 312 252 τὰθεσιν
328 224 530 260 ἐπαινεσόμεθα
545 233 551 240 '
575 225 672 252 ἔπειτα
689 227 728 259 δὲ,
745 236 794 262 την
812 228 841 254 ὲν
852 227 890 262 τῷ
908 228 995 261 Εὐαγ-

1051 229 1130 257 hodie
1145 230 1314 258 laudandum
1328 232 1512 267 suscepimus,
1533 232 1760 262 intercessionem
1772 243 1839 264 con-

200 271 285 306 γελίῳ
300 273 397 298 τούτου
413 272 592 307 συντεμόντες
619 273 806 308 εὐδοκίμησιν,
829 275 878 309 τὴν
902 275 996 308 τιμίαν

201 318 275 345 οὓτω
289 318 335 345 καὶ
349 319 547 355 Χριποπρεπῆ
562 321 744 355 προσοίσομεν
758 320 898 356 τελευτήν.

1051 276 1158 309 secuti;
1185 277 1305 312 primum
1329 277 1440 312 quidem
1465 278 1538 305 illius
1560 287 1575 305 a
1594 279 1652 314 lege
1677 281 1709 307 ad
1726 282 1842 315 gratiam

1053 322 1259 349 translationem
1275 322 1450 350 laudabimus
1463 332 1469 350 :
1484 329 1541 350 tum
1558 332 1624 351 vero
1639 326 1699 360 ejus
1712 326 1739 353 in
1754 327 1844 354 Evan—

203 368 273 403 gelio
287 367 419 403 pra-clare
435 373 511 403 gesta
528 369 756 404 perstringentcs,
781 369 821 396 sic
843 369 993 404 pretiosam
1013 377 1133 406 vereque
1147 369 1331 398 Christianam
1348 371 1421 398 illius
1454 376 1570 399 mortem
1600 377 1682 408 atque
1699 381 1841 402 excessum

203 417 313 444 aﬂ'erem
318 424 359 443 us.

243 462 372 497 Ἀνδρέας
385 463 478 488 τοίνυν
493 463 533 495 (τὺ
556 463 722 498 τιμιώτατον
737 464 797 500 Θεῷ
814 465 932 500 πρᾶγμα
949 466 995 492 καὶ

201 507 314 543 ὄνομα),
344 509 468 541 όπιστος
493 509 541 536 καὶ
573 510 704 545 φρόνιμος
733 511 780 537 τοῦ
812 511 919 546 Πατρός
943 511 998 537 τῶν

203 555 303 589 φώτων
317 556 470 590 οἰκονόμος,
485 557 499 582 ό
524 556 611 590 μέγας
636 556 684 583 τοῦ
714 557 782 584 Θεοῦ
807 558 895 592 Λόγου
911 558 998 593 κήρυξ

202 602 252 628 καὶ
270 601 458 637 δοκιμώτατος
472 602 605 637 ὁμιλητὴς
623 612 631 621 ·
648 606 662 630 ὀ
678 603 725 631 τοῦ
741 605 820 638 ἁγίου
838 604 998 640 Πνεύματος

201 647 357 682 ἁγιώτατος
376 648 517 684 ὑπηρέτης
533 650 581 676 καὶ
593 650 763 685 θεραπευτής
775 659 782 666 ·
801 648 878 682 οὗτος
901 652 944 678 ἀεὶ
959 651 998 685 τῷ

202 693 264 728 Θεῷ
279 695 519 729 προεγνωσμένος,
532 695 571 726 ὡς
593 696 700 730 ἀγαθῆς
714 705 744 722 τε
765 696 854 731 ψυχῆς
869 697 916 723 καὶ
931 695 1000 730 γνώ-

204 749 260 775 μης
278 741 409 775 ἐσόμενος
434 741 474 767 ὅτι
502 740 621 774 μάλιστα
651 742 742 775 δεξιᾶς
769 743 823 774 ἀεὶ,
851 742 894 768 διὰ
919 741 999 768 τοῦτο

204 787 252 812 καὶ
281 786 438 822 προώριστο
463 787 626 823 σύμμορφος
652 788 763 815 ἔσεσθαι
785 789 833 815 τοῦ
862 788 931 815 Θεοῦ
959 787 999 823 τῷ

202 832 364 866 Μονογενεῖ.

247 878 326 905 Ἐπεὶ
339 879 386 905 οὖν
411 880 426 906 ό
443 879 493 914 τῆς
517 881 676 915 οἰκονομίας
701 880 749 906 τοῦ
769 879 868 914 Λόγου,
884 881 932 907 καὶ
949 881 1000 915 τῆς

203 924 369 957 ἀναδείξεως
390 925 485 961 ἐνέστη
517 925 625 961 καιρὸς,
652 925 706 952 ἔδει
731 925 841 957 πάντως
864 926 912 953 καὶ
937 927 1000 958 τοὺς

202 971 323 1002 οἰκείους
348 971 423 1007 αὐτῷ
448 972 721 1000 συναναδείκνυσθαι.
751 972 828 999 Ἔδει
853 972 901 1000 τοῦ
922 972 1001 1008 βασι-

202 1017 274 1048 λέως
288 1018 434 1052 παρόντος,
449 1018 496 1045 2a.}.
509 1017 572 1050 τοὺς
583 1018 664 1045 αὑτοῦ
680 1020 809 1054 παρεῖναι
820 1018 997 1054 δορυφόρους.
1013 1017 1036 1047 Β

210 1063 292 1090 Ἀλλὰ
306 1064 333 1090 τί
348 1064 379 1090 τὸ
398 1065 511 1100 σημεῖον
522 1064 574 1099 τῆς
586 1064 633 1091 τοῦ
651 1064 786 1099 βασιλέως
800 1065 999 1100 φανερώσεως;

202 1111 293 1144 Φωνὴ
307 1109 444 1142 ,ϐοῶντος
457 1111 493 1137 ἐν
506 1109 545 1145 τῇ
562 1110 674 1144 ἐρήμῳ.
688 1110 766 1147 Φωνὴ
782 1111 836 1146 πρὸ
851 1110 999 1146 προσώπου

200 1156 252 1183 τοῦ
263 1156 352 1190 Λόγου
368 1157 521 1193 προϊοῦσα,
552 1158 599 1184 καὶ
630 1157 681 1190 τὰς
704 1157 779 1189 ὁδοὺς
803 1157 886 1184 αὐτοῦ
916 1167 1000 1185 κατα-ο

146 1209 152 1220 ‘
201 1204 393 1236 σκευάζουσα,
424 1203 459 1230 τὰ
483 1204 659 1239 ἀνερῤωγότα
679 1203 885 1239 πληροῦσα,τὰ
911 1203 1000 1239 ὑψηλὰ

200 1250 383 1282 ταπεινοῦσα,
397 1251 446 1277 καὶ
469 1251 504 1276 τὰ
526 1249 621 1276 σκολιὰ
649 1253 698 1285 μὲν
721 1250 943 1283 κατευθύνουσα,
966 1251 1001 1277 τὰ

203 1296 307 1330 τραχέα
322 1295 350 1322 δὲ
366 1297 583 1323 καταλεαὶνουσα
604 1297 659 1323 τῶν
689 1297 773 1332 ἡϐῶν.
802 1298 857 1324 Καὶ
886 1297 916 1324 οὐ
935 1297 1000 1333 ψιλὴ

209 1343 281 1376 φωνὴ
296 1342 366 1377 μόνη
388 1342 419 1368 τὺ
431 1344 595 1378 τεκμήριον,
616 1343 686 1370 ἀλλὰ
711 1344 758 1371 καὶ
782 1343 925 1379 βάπτισμα
953 1354 1001 1380 με·

206 1389 312 1419 τανοίας
329 1397 337 1405 ⁸
364 1389 413 1417 καὶ
433 1390 447 1416 ό
476 1390 526 1424 μὲν
541 1390 711 1425 ,Βαπτιστὴς
737 1391 784 1417 ἐπὶ
814 1391 862 1418 τοῦ
892 1391 999 1424 ὕδατος,

203 1434 252 1461 καὶ
270 1435 286 1461 ό
300 1435 434 1467 Βασιλεὺς
459 1436 532 1463 κατὰ
555 1437 641 1468 πόδας
662 1438 744 1469 εὐθὺς
769 1438 816 1464 ἐπὶ
843 1437 875 1464 τὸ
901 1438 1000 1473 βαπτί-

201 1481 299 1513 ζεσθαι
313 1482 411 1517 παρών
425 1490 432 1497 ·
457 1483 503 1509 καὶ
531 1483 547 1517 ἡ
575 1483 738 1519 ἀνάρῥησις,
753 1483 791 1515 ὡς
821 1483 996 1520 θεοπρεπήςί

199 1527 328 1562 οὐρανῶν
355 1528 411 1563 γὰρ
433 1528 508 1563 αὑτῷ
529 1528 722 1564 βαπτιζομένῳ
744 1529 857 1564 γέγονεν
877 1529 999 1556 ἀνάπτυ-

201 1575 255 1607 Et;
283 1574 443 1609 Πνεύματος
470 1576 623 1607 ὲπέλευσις,
642 1575 718 1611 φωνή
734 1585 764 1602 τε
790 1576 892 1611 Κυρίου
920 1577 1000 1612 βρον-

199 1621 315 1653 τῶντος,
332 1622 444 1648 ἐπὶτῶν
461 1621 576 1655 ὑδάτων,
591 1619 636 1648 οἷα
646 1621 780 1657 δακτύλῳ,
799 1623 833 1657 τῇ
850 1624 999 1659 περιστερᾷ

199 1669 249 1695 τὸν
261 1669 407 1703 ἀγαπητὸν
418 1669 520 1696 ἄνωθεν
533 1669 746 1700 ὲπιδεικνύντος.

238 1715 319 1742 Οὕτω
328 1715 375 1742 τοῦ
392 1715 520 1750 οὐρανίου
537 1715 686 1748 Βασιλέως,
700 1716 750 1751 τῆς
768 1716 892 1743 Ἰωάννου
910 1716 998 1752 μείζω

199 1762 254 1796 τὴν
278 1761 333 1788 ἀπὸ
355 1761 402 1788 τοῦ
423 1761 531 1796 Πατρός
544 1761 692 1796 ἐσχηκότος
718 1762 873 1797 μαρτυρίαν
888 1771 895 1777 ν
916 1762 999 1794 αὑτός

199 1817 233 1834 τε
264 1808 372 1843 πρῶτος
395 1809 409 1835 ὁ
434 1808 601 1843 Βαπτιστὴς,
632 1809 680 1834 καὶ
708 1810 768 1844 μετ’
797 1809 879 1835 αὐτὸν
905 1809 996 1843 εὐθὺς,

200 1851 225 1881 ὦ
238 1854 432 1889 μακαριώτατε
450 1854 493 1887 σὺ,
513 1855 548 1890 τῇ
567 1854 613 1881 τοῦ
645 1855 804 1890 Πνεύματος
829 1855 999 1891 συνεκράθης

199 1901 243 1936 τῷ
267 1901 487 1936 μαρτυρουμένῳ
512 1902 625 1936 στοργῇ.
654 1901 708 1927 Καὶ
735 1901 790 1937 γὰρ
812 1902 863 1928 οὐκ
888 1902 999 1937 ἀμέσως

200 1948 244 1982 τῷ
266 1947 482 1982 θεαρχικωτάτῳ
509 1947 734 1983 προσελήλυθας
766 1946 827 1974 οὐδὲ
856 1947 886 1980 ἐξ
902 1947 996 1980 αὐτῆς,

200 1993 242 2024 ὡς
277 1993 376 2024 εἰπεῖν,
398 1993 448 2027 τῆς
466 1993 579 2028 πρώτης
595 1992 642 2019 τοῦ
666 1992 725 2028 βίου
754 1993 876 2028 βαλϐῖδος
905 1993 998 2019 ὲπιϐέο

201 2039 293 2074 ἢφιας
320 2039 370 2073 τῆς
393 2039 562 2073 τελειότητος
578 2047 585 2054 ·
613 2039 674 2070 πῶς
697 2038 774 2075 γάρ;
805 2039 878 2065 Ἔδει
903 2039 932 2066 δὲ
958 2039 998 2075 τῷ

201 2085 278 2120 νόμῳ
301 2085 349 2111 τοῦ
375 2086 541 2120 γράμματος
555 2085 856 2122 προπαιδαγωγηοέντα
883 2086 922 2122 τῷ
948 2087 996 2113 τοῦ

201 2131 364 2166 Πνεύματος
375 2131 448 2159 οὕτω
461 2133 619 2168 περιτυχεῖν
635 2141 642 2148 ·
666 2133 714 2158 καὶ
728 2133 788 2163 ταῖς
803 2132 859 2158 τῶν
883 2132 997 2159 ἐντολῶν

200 2177 313 2204 ἀτελέσι
331 2178 607 2214 προστοιχειωοέντα,
630 2178 702 2205 οὕτω
721 2178 768 2204 τοῦ
783 2178 950 2212 Εὑαγγελίου
964 2180 996 2214 τῇ

201 2223 357 2259 τελειότητι
385 2226 569 2260 προσχωρεῖν,
598 2225 636 2256 ὼς
659 2225 770 2259 ἑδραίαν
799 2226 827 2251 ὲν
854 2226 921 2260 αὐτῇ
950 2225 997 2251 καὶ

199 2270 373 2304 ἀμετάθετον
389 2270 438 2306 τὴν
454 2271 559 2306 ἵδρυσιν
586 2271 669 2306 ἔχειν.
697 2271 770 2298 Ἔδει
795 2271 834 2306 τῷ
852 2271 997 2307 προδρόμῳ

201 2317 304 2352 λύχνῳ,
327 2317 378 2348 τὰς
404 2317 455 2352 τῆς
478 2318 594 2352 καρδίας
615 2317 940 2352 προχατασκευασῡέντας
952 2319 998 2344 κό-

1083 466 1208 494 Andreas
1234 467 1317 503 igitur
1331 468 1386 500 (res
1407 468 1464 495 Deo
1487 469 1650 497 charissima
1675 478 1708 498 ac
1728 472 1841 507 nomen)

1048 511 1139 539 lidelis
1153 519 1185 539 ac
1196 512 1320 547 prudens
1333 513 1422 540 Patris
1437 514 1573 541 luminum
1591 522 1763 548 meonomus,
1780 524 1840 543 ma—

1047 567 1119 594 gnus
1130 559 1178 586 Dei
1193 559 1277 587 Verbi
1291 568 1380 595 praeco
1394 560 1660 596 probatissimusque
1670 562 1841 597 discipulus;

1048 605 1169 640 Spiritus
1185 605 1273 633 sancti
1297 606 1489 634 sanctissimus
1512 607 1638 634 minister
1658 615 1689 635 ac
1709 608 1839 636 famulus.

1049 649 1100 677 llic
1122 650 1171 677 Dei
1196 658 1305 685 semper
1329 650 1502 685 praeseientia
1518 651 1672 686 cognitus,
1691 652 1749 680 fore
1775 653 1841 680 boni

1049 695 1135 723 animi
1159 704 1192 723 ac
1216 704 1298 731 quam
1321 697 1439 724 maxime
1464 698 1573 726 solertis
1597 699 1712 734 ingenii,
1736 699 1841 727 ideirco

1049 742 1132 769 etiam
1147 750 1256 778 semper
1275 743 1486 778 praedestinatus
1496 749 1538 772 est
1555 749 1586 772 ut
1602 749 1676 773 esset
1691 746 1842 774 conformis

1050 787 1198 824 Unigenito
1216 789 1265 816 Dei
1277 789 1309 816 ⁷⁸.

1083 891 1162 924 Quod
1180 891 1265 926 igitur
1278 890 1493 926 dispensationis
1507 890 1601 922 Verbi.
1618 891 1733 925 ejusque
1746 891 1840 918 declau

1049 937 1167 965 rationis
1191 940 1302 972 tempus
1324 937 1484 969 advenerat,
1499 937 1612 964 omnino
1628 937 1744 964 decebat
1763 941 1794 964 ut
1814 942 1841 964 et

1050 982 1081 1014 ii,
1096 982 1144 1017 qui
1159 982 1219 1017 ejus
1233 985 1336 1015 essent,
1352 989 1385 1010 ac
1397 981 1548 1009 necessarii
1564 981 1666 1014 forent,
1680 981 1784 1016 pariter
1797 981 1843 1009 de-

1051 1028 1224 1056 clararentur
1238 1028 1271 1055 '".
1285 1028 1403 1055 Necesse
1419 1032 1481 1055 erat
1492 1032 1522 1055 ut
1539 1027 1613 1063 Rege
1625 1032 1771 1062 praesente,
1783 1028 1843 1063 ejus

1051 1082 1162 1110 quoque
1188 1075 1321 1102 satellites
1341 1079 1442 1110 ιιι-ιτειο
1458 1078 1562 1102 essent.
1580 1074 1681 1101 Verum
1702 1074 1842 1109 quodnam

1051 1122 1158 1156 signum
1180 1120 1377 1149 declarationis
1397 1120 1501 1156 Regis?
1514 1120 1568 1148 Vox
1589 1120 1730 1147 clamantis
1755 1122 1783 1147 in
1799 1121 1842 1147 de-

1050 1172 1132 1194 serto.
1159 1167 1216 1195 Vox
1243 1167 1359 1202 prmicns
1382 1171 1446 1194 ante
1467 1167 1567 1194 faciem
1587 1167 1670 1194 Verbi
1684 1185 1692 1198 ν
1713 1166 1843 1201 illiusque

1051 1221 1208 1248 praeparans
1226 1213 1296 1245 vias,
1315 1221 1376 1248 qua:
1400 1213 1509 1248 dirupta
1533 1207 1670 1247 compleat
1685 1217 1714 1240 et
1735 1213 1842 1240 confra-

1051 1267 1134 1294 gosa;
1153 1259 1261 1287 excelsa
1282 1259 1421 1292 bumiliet,
1444 1267 1492 1286 seu
1511 1259 1657 1294 deprimat,
1675 1267 1758 1294 prava
1775 1260 1844 1287 diri-

1051 1311 1105 1341 gat,
1116 1313 1213 1340 aspera
1230 1313 1338 1333 morum
1353 1306 1509 1340 complanet
1523 1311 1552 1333 et
1572 1306 1658 1333 leniat
1672 1306 1705 1333 '".
1717 1306 1773 1334 Nec
1785 1306 1843 1333 sola

1050 1361 1103 1380 vox
1119 1353 1226 1387 signum
1244 1357 1297 1384 est,
1321 1353 1369 1380 sed
1384 1357 1412 1380 et
1434 1353 1587 1388 baptismus
1609 1352 1791 1388 pmnilcntim.
1806 1354 1843 1380 Ac

1050 1398 1163 1433 quidem
1187 1398 1309 1434 Baptista
1334 1406 1418 1433 super
1429 1407 1530 1434 aquas;
1544 1399 1657 1433 Rexque
1672 1404 1772 1434 praesto
1787 1403 1843 1426 sla-

1052 1445 1100 1472 tim
1125 1449 1156 1472 ut
1179 1445 1331 1480 intingatur
1350 1453 1357 1477 ',
1381 1452 1412 1472 ac
1438 1445 1606 1480 prmconium
1627 1453 1711 1480 quatit
1731 1445 1844 1479 plenum

1051 1491 1194 1526 majestate
1207 1499 1240 1518 ac
1256 1491 1380 1518 divinum
1396 1492 1402 1517 Ι
1420 1491 1472 1526 Ipsi
1487 1491 1562 1518 enim
1577 1491 1623 1525 qui
1637 1499 1707 1526 aqua
1721 1491 1844 1526 tingeba-

1051 1541 1106 1568 tur,
1131 1535 1300 1571 explicatum
1325 1535 1425 1563 emittat
1445 1543 1452 1567 ;
1478 1535 1591 1562 advenit
1615 1535 1746 1570 Spiritus,
1772 1535 1843 1561 facta

1051 1590 1102 1608 vox
1124 1582 1232 1608 Domini
1249 1581 1369 1608 tonantis
1385 1589 1469 1616 super
1489 1589 1585 1616 aquas,
1601 1581 1732 1616 velutque
1747 1580 1843 1616 digito.

1051 1628 1185 1656 columba:
1212 1627 1324 1662 illapsu,
1344 1627 1538 1655 cltarissimum
1562 1635 1595 1654 ac
1619 1627 1808 1661 prmdilectum
1829 1634 1844 1652 c

1050 1675 1121 1703 caelo
1134 1674 1308 1702 ostendentis
1321 1674 1354 1701 ⁷⁸.

1087 1721 1118 1748 In
1133 1721 1208 1748 hunc
1222 1720 1334 1748 modum
1349 1720 1454 1748 cmlesti
1468 1719 1552 1755 Rege,
1578 1719 1666 1754 majus
1683 1719 1788 1746 Joanne
1805 1723 1845 1746 te-

1052 1767 1214 1795 stimonium
1235 1775 1251 1794 e
1273 1766 1343 1794 coelo
1368 1771 1520 1794 consecuto
1535 1766 1559 1781 ⁷⁸
1577 1773 1640 1792 cum
1664 1765 1724 1800 ipse
1739 1765 1845 1800 primus

1052 1814 1186 1848 Baptista,
1198 1818 1255 1841 tum
1272 1813 1365 1840 statim
1382 1813 1417 1840 ab
1430 1813 1489 1845 illo,
1503 1816 1532 1839 tu
1546 1811 1715 1844 beatissime,
1731 1811 1843 1838 aretiori

1052 1860 1168 1895 spiritus
1192 1859 1296 1887 amoris
1312 1859 1351 1892 vi,
1368 1859 1412 1886 cui
1437 1858 1626 1886 testimonium
1650 1857 1843 1887 deferebatur,

1052 1905 1173 1940 proclive
1193 1903 1344 1932 adltmsisti.
1368 1904 1424 1931 Nec
1442 1904 1516 1930 enim
1538 1903 1642 1938 absque
1665 1903 1721 1929 ullo
1741 1902 1843 1932 medio,

1051 1950 1226 1978 divinissimo
1245 1949 1284 1976 illi
1296 1948 1456 1981 accessisti;
1470 1956 1520 1975 nec
1534 1947 1568 1974 ab
1586 1947 1653 1982 ipsis
1670 1948 1762 1974 statim
1782 1947 1845 1973 vitze

1052 1995 1210 2023 carceribus
1224 1994 1266 2029 (ut
1280 1994 1321 2021 sic
1334 1993 1442 2028 loquar)
1455 1993 1632 2027 perfectionis
1645 1993 1698 2020 alta
1713 2000 1845 2019 conscen-

1051 2041 1116 2068 disti
1129 2050 1136 2067 :
1152 2041 1204 2074 Qui
1219 2040 1295 2068 enim
1315 2040 1342 2067 id
1356 2040 1453 2067 ﬁeret?
1466 2039 1584 2067 Necesse
1592 2047 1659 2066 vero
1672 2044 1732 2066 erat
1744 2042 1775 2065 ut
1786 2038 1844 2075 lege

1052 2088 1153 2123 scripta
1169 2091 1232 2115 ante
1244 2087 1380 2119 eruditus,
1392 2087 1432 2114 sic
1447 2086 1515 2122 legis
1529 2086 1645 2120 spiritus
1659 2092 1772 2119 compos
1785 2084 1844 2112 ρας-

1052 2133 1173 2166 cereris';
1194 2137 1278 2168 atque
1296 2136 1325 2159 ut
1343 2131 1598 2167 imperfectioribus
1615 2131 1693 2166 prius
1709 2129 1844 2157 mandatis

1052 2177 1189 2210 eruditus,
1211 2178 1252 2205 sic
1273 2178 1446 2213 Evangelicaa
1466 2177 1629 2212 perfectioni
1644 2175 1842 2208 admovereris,

1053 2225 1081 2251 in
1097 2231 1152 2259 qua
1165 2223 1296 2251 nimirum
1312 2223 1418 2251 lirmam
1435 2223 1528 2251 sedem
1546 2231 1578 2250 ac
1592 2227 1693 2250 statum
1716 2221 1844 2249 immobi-

1053 2271 1107 2298 lem
1128 2270 1275 2298 liabiturus
1288 2278 1375 2298 esses.
1391 2270 1444 2297 Par
1458 2274 1518 2297 erat
1538 2275 1568 2297 ut
1592 2273 1778 2305 praecurrente
1804 2269 1844 2295 lu.

1052 2324 1146 2348 cerna,
1162 2316 1246 2343 animi
1264 2315 1368 2351 pupilla
1378 2316 1434 2351 jam
1458 2320 1522 2343 ante
1546 2320 1706 2351 prmparata,
1721 2315 1761 2342 sic
1776 2315 1844 2342 lueis

202 2371 266 2398 ρας,
277 2363 307 2388 τὸ
321 2362 518 2398 ὑπέρλαμπρον
537 2363 608 2390 οὕτω
625 2363 673 2390 καὶ
700 2363 771 2398 μέγα
796 2363 997 2396 καταδέξασθαι

1052 2370 1149 2390 omnes
1165 2362 1288 2397 fulgores
1298 2364 1436 2390 excedens
1448 2369 1576 2397 magnum
1588 2362 1681 2388 lumen
1696 2361 1842 2395 reciperet.

201 2408 282 2444 φῶς·
300 2409 346 2435 διὰ
370 2409 460 2441 τοῦτο,
476 2409 514 2441 ὡς
545 2409 626 2443 μόνον
651 2409 700 2444 τὴν
729 2409 821 2444 φωνὴν
850 2409 879 2435 ἐν
902 2410 999 2444 ὲρὴμῳ

202 2454 312 2490 βοῶσαν
326 2456 496 2490 ἑπακήκοας.
510 2457 559 2491 οὐχ
568 2456 605 2487 ὡς
621 2456 683 2491 εἰκῆ
698 2455 841 2489 φωνοῦσαν
857 2456 1000 2482 ἁπεσείσω

202 2503 276 2530 κατὰ
285 2503 350 2533 τοὺς
365 2503 474 2535 ἀσεδείς
493 2512 499 2520 ·
527 2503 584 2530 οὐδ’
613 2503 793 2535 ἀξιάκουστον
819 2502 868 2537 μὲν
891 2503 998 2538 ἡγήσω,

202 2551 238 2585 τῇ
267 2550 317 2577 τοῦ
348 2550 407 2585 βίου
432 2550 462 2577 δὲ
489 2551 650 2586 ματαιότητι
680 2550 923 2584 κατατεινόμενος,
950 2549 1000 2583 τὴν

203 2596 340 2632 ἀκρόασιν
355 2598 508 2633 παρῃτήσω
535 2597 606 2624 κατὰ
623 2597 687 2628 τοὺς
716 2596 831 2628 πολλούς
846 2604 854 2611 ·
869 2596 925 2623 οὐδ’
940 2596 1001 2630 ὲγὲ-

203 2651 251 2670 νου
263 2643 314 2679 μὲν
334 2642 450 2678 πλησίον
475 2643 572 2678 αὐτῆς,
599 2643 705 2679 βαρέως
729 2643 759 2669 δὲ
778 2642 850 2669 κατὰ
862 2643 926 2674 τοὺς
942 2642 1001 2676 ἁψι-

203 2689 303 2726 κόρους
317 2689 456 2725 ἀκηκοὼς,
483 2689 564 2722 εὐθὺς
587 2692 627 2722 εἰς
642 2689 676 2717 τὰ
695 2689 784 2716 ὀπίσω
809 2689 1000 2720 πα).ινοστεῖς’

203 2735 274 2763 ἀλλὰ
289 2736 399 2771 πρῶτον
423 2736 473 2771 μὲν
490 2736 538 2763 τὸν
560 2738 610 2772 τῆς
633 2736 788 2771 γεννήσεως
818 2735 929 2771 τρόπον,
950 2735 1000 2770 τῆς

201 2783 374 2819 ἀνατροφῆς,
391 2784 439 2819 τῆς
453 2783 570 2818 διαίτης,
584 2783 630 2809 καὶ
656 2783 706 2817 τῆς
728 2783 792 2817 ὅλης
815 2781 864 2808 τοῦ
879 2781 1001 2816 κήρυκος

237 2875 261 2891 ⁷⁸
277 2875 343 2902 Luc.
365 2882 412 2907 xit,
446 2875 490 2908 .52;
506 2874 562 2902 Jac.
580 2883 597 2906 ι,
625 2876 669 2907 17;
688 2876 765 2904 Rom.
787 2885 843 2909 \‘lll,
867 2874 912 2905 ‘29.

206 2911 229 2928 "
243 2911 317 2939 Psal.
333 2918 428 2944 ιιι-ιιι,
442 2911 459 2938 5
495 2910 518 2926 ⁷³
534 2910 612 2938 Joan.
633 2919 658 2944 ν,
673 2910 718 2938 56.

952 2878 969 2894 η
986 2876 1053 2904 Luc.
1081 2884 1098 2907 t,
1116 2876 1158 2904 80.

1052 2409 1170 2438 Idcirco.
1189 2417 1253 2436 mox
1268 2417 1300 2436 ac
1322 2416 1418 2436 vocem
1436 2409 1600 2436 clamantem
1616 2409 1643 2435 in
1664 2409 1773 2435 deserto
1793 2415 1843 2434 au-

1052 2455 1128 2488 disti,
1141 2463 1197 2482 non
1210 2455 1286 2482 velut
1298 2459 1403 2483 temere
1416 2455 1592 2486 clamantem,
1607 2454 1755 2489 impiorum
1766 2461 1844 2481 more

1054 2501 1195 2536 repulisti:
1207 2509 1259 2529 nec
1269 2502 1381 2537 dignam
1391 2501 1545 2529 arbitratus
1559 2502 1603 2529 cui
1615 2502 1728 2529 auditus
1738 2509 1846 2528 accom-

1054 2547 1230 2581 modaretur,
1260 2548 1354 2576 seaculi
1383 2549 1500 2576 vanitati
1531 2548 1678 2576 intendens
1704 2548 1844 2580 animum,

1053 2593 1131 2628 vulgi
1155 2601 1231 2621 more
1249 2593 1346 2621 audire
1365 2594 1503 2621 renuisti:
1528 2602 1579 2621 nec
1603 2594 1717 2629 propius
1733 2592 1845 2627 quidem

1053 2639 1206 2673 accessisti,
1218 2640 1339 2674 graviter
1352 2644 1443 2668 autent
1458 2640 1585 2672 audiens,
1604 2641 1680 2668 velut
1696 2638 1846 2666 fastidiosis

1056 2695 1106 2714 usu
1118 2687 1204 2720 venit,
1216 2687 1308 2714 statim
1323 2687 1422 2722 pedem
1438 2688 1557 2715 retulisti
1570 2697 1576 2714 :
1591 2687 1638 2715 sed
1654 2685 1771 2721 primum
1788 2684 1845 2712 nati

1054 2733 1190 2769 praeconis
1212 2734 1335 2766 modum,
1349 2734 1477 2761 eximiam
1503 2733 1705 2762 institutionem
1727 2731 1845 2765 vitaeque

1054 2788 1165 2808 omnem
1182 2780 1317 2808 rationem
1330 2780 1500 2813 demiratus;
1515 2786 1627 2814 tumque
1642 2776 1845 2814 priedicationis

1202 2877 1220 2892 τ’
1240 2876 1290 2904 lsa.
1308 2877 1398 2908 xi.,5;
1424 2873 1518 2901 Matth.
1548 2878 1588 2903 tu,
1614 2871 1647 2905 3;
1675 2871 1743 2899 Luc.
1760 2871 1832 2903 "1,5
