2072 3160
245 168 283 202 59

849 171 997 203 NICETIE
1017 173 1281 204 PAPIILAGONIS
1850 178 1886 211 σο

245 226 274 254 vi
288 225 436 254 attendens
456 226 591 259 animum,
611 234 643 254 ae
658 227 734 255 velut
758 227 882 256 divinum
901 229 1028 264 quoddan

1091 229 1205 264 ἀγωγῆς
1235 228 1266 256 τὸ
1291 228 1429 265 ὑπερφυὲς
1460 229 1701 265 ἐκτεθαυμακώς·
1727 231 1824 260 ἔπειτα
1851 235 1885 269 τῇ

246 273 363 300 verbum
377 273 542 308 cunctisque
564 273 685 301 salutare
700 273 867 309 intelligens,
883 282 898 302 a
912 276 1038 310 parenti-

245 320 298 348 bus
311 323 393 355 atque
404 319 545 352 fratribus,
553 320 685 354 omnique
695 321 858 355 cognatione
868 320 1038 355 abscessisti,

245 372 329 402 atque
344 366 418 394 illius
434 371 460 394 te
475 371 562 394 totum
573 366 726 402 disciplinae
738 366 880 400 addicens,
895 372 1037 402 paternam

245 413 435 441 hzereditatem
447 417 476 440 et
492 413 685 448 piscationem,
697 421 729 441 ac
744 413 942 441 naviculariam
958 421 1037 448 spre-

244 459 330 487 visti:
348 459 396 486 sed
412 462 440 487 et
459 459 609 486 mulcentia
624 459 727 492 omnia,
740 464 823 495 atque
839 460 873 487 ad
892 459 1037 488 libidinem

245 504 423 540 pellicientia.
437 504 638 540 contempsisti.
652 505 767 540 Jamque
781 505 879 532 melius
891 513 973 541 quam
986 513 1037 541 pro

244 551 366 578 hominis
379 550 485 578 ratione
497 551 618 586 sapiens,
631 551 753 578 urbanos
771 555 860 579 coetus
878 559 1036 586 morasque,

242 597 373 630 deserto;
390 597 526 625 tumultus
540 597 658 632 vilzequc
675 598 796 632 negotia,
811 598 906 632 quiete
921 605 954 625 ac
968 597 1037 625 soli-

246 642 360 676 tudine;
385 641 516 675 delicias,
536 643 708 670 continentia
730 651 763 671 ac
788 644 919 679 jejunio;
942 652 1035 672 rerum

241 687 412 716 afﬂuentiam
425 708 433 721 ,
451 689 586 717 tenuilate
608 697 709 717 census
730 690 924 717 commutasti:
944 689 1037 725 Bapti-

240 738 345 770 stzeque
356 735 582 768 contubernium,
594 743 690 770 regum
706 735 768 762 aula
781 735 888 771 potiore
910 735 971 763 loco
984 735 1035 762 du-

241 787 318 813 cens,
335 787 445 808 omnem
461 780 539 808 brevi
562 781 740 816 praeceptoris
755 781 887 809 virtutem
904 781 1035 809 imitatio-

240 825 285 854 nis
306 826 383 854 cultu
404 827 560 860 attraxisti;
582 831 707 854 exactam
729 826 863 854 doctrinae
885 827 1033 860 rationem,

238 871 422 899 constantiam
436 871 532 904 animi,
544 879 652 899 morum
666 871 848 904 honestatem,
864 872 929 899 vitae
943 872 1034 907 splen-

238 916 346 950 dorem,
360 921 533 945 terrenorum
546 922 746 953 contemptum,
770 923 930 946 contentum
946 918 1031 946 coale-

240 962 326 990 stium
350 962 489 990 desiderio
507 963 649 997 animum;
671 967 753 998 atque
771 963 814 999 (ut
829 964 914 991 semel
927 963 1028 996 dicam,

237 1015 350 1035 omnem
364 1010 424 1044 ejus
439 1009 560 1036 divinam
579 1009 737 1037 studiorum
753 1009 888 1037 rationem
907 1017 940 1037 ac
960 1009 1027 1036 cha-

237 1059 369 1088 racteres,
386 1054 457 1083 bona
471 1055 572 1083 mentis
586 1055 679 1083 indole
695 1056 867 1091 expressisti.

1087 273 1135 301 τοῦ
1167 273 1345 310 κηρύγματος
1374 275 1487 309 δυνάμει
1524 276 1744 312 προσεσχηκὼς,
1768 278 1819 304 καὶ
1846 277 1885 310 ὡς

1088 319 1159 346 θεῖόν
1183 329 1210 347 τι
1237 320 1268 346 τὸ
1296 320 1384 356 ῥῆμα,
1410 321 1459 347 καὶ
1487 321 1543 348 τῶν
1567 322 1639 349 ὅλων
1667 323 1711 357 εἴη
1738 323 1884 358 σωτήριον,

1086 367 1237 402 ἐπιστήσας
1246 365 1293 393 τὸν
1307 366 1380 400 νοῦν,
1405 366 1547 400 ὲξίστασαι
1570 369 1624 402 μὲν
1638 368 1739 401 γονέων
1753 369 1800 396 καὶ
1813 369 1877 396 ἀδελ

1087 413 1163 446 φῶν,
1196 412 1338 445 ἑξίστασαι
1364 413 1509 448 συγγενῶν
1524 421 1532 429 ·
1557 415 1618 447 ὅλος
1637 414 1668 442 δὲ
1699 414 1750 450 τῆς
1778 415 1885 442 ἐκείνου

1086 459 1232 494 γενόμενος
1253 459 1432 495 φιλοσοφίας,
1459 461 1601 497 ὑπερεῖδες
1625 462 1678 495 μὲν
1697 460 1799 497 κλήρου
1830 471 1882 489 πα-

1087 504 1194 540 τρῴου,
1228 505 1276 532 καὶ
1305 505 1399 538 ἁλείας
1426 506 1475 534 καί¹
1501 508 1661 540 ναυτιλίας“
1690 507 1832 542 ὑπερεῖδες
1854 507 1883 534 δὲ

1086 550 1133 576 καὶ
1143 549 1198 576 τῶν
1211 551 1262 578 ὅσα
1287 551 1462 586 καταθέλγει,
1487 553 1537 580 καὶ
1561 553 1630 589 πρὸς
1657 552 1816 588 φιληδονίαν
1831 561 1882 580 κα-

1085 596 1199 631 τασύρει
1227 596 1275 623 τὸν
1303 598 1378 624 νοῦν.
1399 599 1533 634 Κρεῖττον
1559 599 1589 626 δὲ
1619 599 1730 632 λοιπὸν,
1763 598 1780 633 ἢ
1809 599 1880 625 κατὰ

1086 642 1229 677 ἄνθρωπον
1241 643 1359 677 φρονῶν,
1372 643 1421 678 τὴν
1440 643 1544 679 ἔρημον
1562 645 1626 680 μὲν,
1648 645 1703 672 τῶν
1720 646 1748 672 ἐν
1767 644 1879 672 πόλεσιν

1085 687 1193 722 amem
1207 687 1352 724 διατριϐῶν
1366 696 1373 703 ·
1392 688 1515 725 θορύῆων
1535 691 1575 723 δὲ,
1592 690 1643 726 τὴν
1658 691 1778 727 ἡσυχίαν
1789 699 1796 707 ⁸
1813 699 1878 724 τρυ-

1085 733 1138 767 φῆς
1153 732 1193 767 δὲ,
1206 732 1256 769 τὴν
1279 733 1444 769 ἐγκράτειαν
1457 743 1465 751 ·
1495 737 1656 771 περιουσίας
1678 737 1717 769 δὲ,
1740 737 1789 773 τὴν
1804 736 1878 765 λιτό-

1084 787 1155 814 τητα
1169 786 1177 795 ’
1204 779 1252 806 καὶ
1275 779 1325 815 τὴν
1359 780 1431 815 μετὰ
1452 780 1500 808 τοῦ
1526 781 1683 809 Βαπτιστοῢ
1707 783 1878 818 συνοίκησιν.

1087 825 1232 861 βασιλείων
1247 826 1400 862 ἡγούμενος
1419 829 1632 864 προτιμοτέραν,
1650 829 1715 865 ὃλην
1734 831 1763 857 ὲν
1778 831 1879 866 βραχεῖ

1085 872 1132 899 τοῦ
1143 872 1306 900 διδασκάλου
1321 873 1366 900 διὰ
1380 874 1524 909 μιμήσεως
1540 876 1690 903 ἐπεσπάσω
1702 876 1753 912 τὴν
1766 877 1876 912 ἀρετὴν,

1085 918 1133 945 καὶ
1148 918 1198 945 τοῦ
1212 918 1292 954 λόγου
1304 919 1336 945 τὸ
1351 920 1540 955 ἁκριὸὲςγκαὶ
1554 921 1601 948 τοῦ
1615 922 1717 957 τρόπου
1731 923 1762 949 τὸ
1776 923 1876 950 εὐστα-

1083 963 1140 996 θὲς,
1150 963 1238 990 καὶτὸ
1250 964 1297 990 τοῦ
1306 963 1389 999 ἧθους
1400 965 1509 1000 σεμνὸν,
1517 966 1566 992 καὶ
1573 966 1604 993 τὸ
1614 966 1661 993 τοῦ
1671 967 1728 1003 βίου
1738 968 1875 1004 λαμπρὸν,

1082 1010 1130 1036 καὶ
1157 1009 1212 1036 τῶν
1235 1010 1368 1045 ἐπιγείων
1392 1011 1444 1047 τὴν
1468 1011 1633 1047 ὑπεροψίαν,
1661 1013 1710 1040 καὶ
1732 1013 1782 1049 τὴν
1807 1013 1876 1049 πρὸς

1080 1055 1115 1082 τὰ
1138 1055 1252 1091 οὐράνια
1272 1056 1424 1089 συντονίαν,
1451 1057 1498 1083 καὶ
1525 1058 1617 1084 πᾶσαν
1635 1058 1720 1085 αὐτοῦ
1741 1058 1791 1094 τὴν
1815 1059 1874 1086 θεο-

237 1101 373 1138 πρέπειαν
388 1101 439 1137 (8),
455 1101 584 1135 καθάπαξ
610 1102 708 1135 εἰπεῖν,
733 1102 774 1138 τῷ
801 1102 954 1137 ἀγαθοειδεῖ
966 1101 1131 1138 ὲναπεμάξω
1159 1101 1206 1128 τοῦ
1236 1101 1292 1129 νοῦ.

271 1146 409 1181 Quoniam
421 1155 488 1176 vero
502 1148 535 1182 is,
548 1149 595 1183 qui
608 1153 667 1176 erat
680 1153 826 1188 venturus,
840 1150 898 1185 jam
909 1156 1030 1184 praesens

235 1197 307 1226 erat,
320 1198 350 1221 et
363 1194 497 1222 Dominus
511 1202 574 1222 cum
588 1196 677 1223 servis
693 1196 866 1229 versabatur,
883 1196 1030 1224 caelorum-

235 1246 291 1275 que
313 1240 372 1267 Rex
397 1241 481 1268 simili
504 1242 634 1277 pauperis
657 1243 754 1270 habitu
773 1251 836 1270 cum
860 1243 1030 1278 pauperibus

236 1285 335 1321 agebat
345 1286 379 1319 ⁷⁵,
393 1286 438 1314 hic
454 1290 506 1315 tua:
524 1287 620 1323 ingens
637 1288 748 1316 virtutis
771 1288 930 1323 pnestantia
947 1296 1028 1316 mon-

234 1336 350 1360 stratur.
369 1333 430 1360 Mox
448 1333 521 1361 enim
544 1342 576 1362 ac
593 1335 780 1369 praeceptoris,
796 1334 830 1362 de
846 1334 911 1363 Jesu
928 1342 1026 1363 vocem

233 1378 349 1412 audisti,
376 1379 441 1406 Ecce
459 1379 549 1416 Agnus
573 1380 619 1408 Dei
635 1382 668 1414 ⁷⁸,
687 1390 741 1409 non
763 1381 876 1409 dubiam
895 1389 957 1410 eam
977 1382 1027 1410 ha-

235 1424 332 1457 buisti,
348 1433 398 1454 nec
417 1425 452 1454 dc
467 1427 625 1454 testimonio
646 1435 747 1463 anceps
769 1427 861 1456 animo
883 1428 959 1456 fuisti
973 1438 980 1461 ;
997 1432 1026 1456 at

235 1477 326 1505 neque
342 1479 439 1498 eorum
462 1479 538 1499 more
553 1473 600 1507 qui
623 1477 688 1501 sunt
711 1473 825 1501 modica:
845 1473 920 1507 ﬁdei,
939 1474 974 1502 ad
993 1474 1025 1501 ii-

234 1515 298 1544 dem
315 1515 466 1544 faciendam
481 1521 587 1545 certum
602 1518 713 1553 aliquod
729 1525 921 1554 argumentum
937 1527 969 1547 ac
984 1520 1025 1547 in-

1119 1147 1231 1182 Ἐπειδὴ
1256 1147 1285 1174 δὲ
1307 1147 1322 1174 ὁ
1350 1147 1500 1183 ἐρχόμενος
1525 1149 1628 1184 παρῆν,
1653 1150 1701 1176 καὶ
1722 1150 1792 1185 μετὰ
1818 1152 1873 1179 τῶν

1077 1192 1179 1220 δούλων
1194 1194 1208 1220 ὁ
1220 1193 1361 1229 Δεσπότης
1377 1200 1385 1208 ⁸
1404 1195 1451 1220 καὶ
1462 1195 1477 1221 ό
1503 1195 1558 1223 τῶν
1580 1195 1704 1231 οὐρανῶν
1730 1196 1872 1230 Βασιλεὺς,

1077 1240 1107 1266 ὲν
1127 1239 1283 1275 ὁμοιώματι
1296 1239 1415 1275 πένητος
1440 1242 1497 1271 τοῖς
1520 1241 1636 1277 πένησιν
1661 1243 1848 1278 ὲπεχωρίαζεν
1863 1251 1872 1259 ·

1077 1284 1196 1312 ἐνταῦθά
1224 1293 1272 1312 σου
1300 1285 1331 1312 τὸ
1359 1285 1433 1321 μέγα
1462 1288 1625 1323 προτέρημα
1648 1288 1798 1324 καθορᾶται
1822 1289 1872 1325 τῆς

1079 1331 1191 1366 ἀρετῆς.
1214 1330 1259 1362 Ὦς
1275 1330 1355 1366 μόνον
1373 1331 1428 1366 γὰρ
1440 1332 1488 1359 τοῦ
1500 1333 1687 1368 καθηγεμόνος
1703 1335 1871 1369 ὲπακήκοας,

1082 1376 1143 1404 Ἴδε
1166 1377 1262 1411 ἀμνὸς
1277 1377 1331 1404 τοῦ
1355 1377 1440 1408 Θεοῦ.
1461 1379 1585 1414 περὶτοῦ
1605 1380 1692 1415 Ἰησοῦ
1716 1380 1871 1413 λαλοῦντος,

1079 1423 1130 1450 οὐκ
1155 1423 1299 1454 ἐδίστασας
1325 1424 1359 1458 τῇ
1390 1425 1478 1459 φωνῇ,
1501 1425 1532 1451 οὐ
1560 1425 1698 1460 διεκρίθης
1722 1425 1790 1460 πρὸς
1820 1425 1871 1459 τὴν

1079 1468 1231 1504 μαρτυρίαν
1244 1477 1251 1485 ·
1267 1469 1321 1495 οὐδ’
1333 1467 1367 1496 αὖ
1382 1470 1526 1506 τεκμηρίῳ
1541 1471 1593 1497 τινὶ
1616 1470 1786 1505 πιστωθῆναι
1799 1471 1870 1498 κατὰ

1076 1515 1139 1546 τοὺς
1153 1514 1340 1549 ὀλιγοπίστους
1366 1516 1500 1552 ἀπῃτήσω
1512 1524 1518 1530 ·
1538 1516 1604 1551 ὁμοῦ
1617 1516 1647 1543 δὲ
1662 1516 1700 1552 τῷ
1712 1516 1784 1551 λόγῳ
1801 1517 1870 1552 πρὸς

235 1563 337 1590 dieimn
352 1563 494 1598 ﬂagitasti:
513 1564 559 1591 sed
577 1572 638 1594 mox
649 1564 744 1592 audito
756 1565 850 1597 verbo,
861 1566 895 1593 ad
908 1566 1028 1594 Verbum

1080 1558 1126 1587 τδν
1140 1561 1227 1595 Λόγον
1252 1561 1409 1596 μετετίθεσο
1423 1569 1431 1578 ⁸
1451 1562 1497 1588 καὶ
1514 1563 1560 1589 τδν
1581 1563 1765 1598 νυμφαγωγὸν
1783 1571 1870 1590 κατα‹

237 1613 321 1636 temet
332 1608 390 1643 ipse
407 1609 569 1637 transtulisti
582 1618 589 1642 ;
604 1610 756 1645 relicloquc
771 1611 908 1646 pronubo,
919 1620 1026 1641 summa

235 1654 321 1682 animi
339 1656 507 1691 perspicacia
532 1657 639 1691 Sponso
656 1657 812 1690 adlizesisti;
833 1666 932 1694 nempe
951 1659 1028 1687 velut

235 1708 364 1735 sponsam
381 1701 597 1735 immaculatum,
611 1708 730 1731 mentem
747 1704 773 1731 ei
789 1704 919 1737 oll‘erens,
933 1712 1026 1733 sacra-

237 1747 364 1782 tioreque
383 1747 422 1775 illi
446 1748 552 1787 ratione
572 1753 682 1783 aptatus
695 1758 702 1776 :
715 1749 782 1785 quin
799 1756 827 1778 et
842 1758 944 1786 corpus
959 1751 1027 1779 olfe-

237 1801 312 1827 rens,
327 1799 355 1822 et
373 1802 436 1822 cum
457 1802 491 1822 eo
512 1802 623 1822 manere
638 1803 766 1831 qmerens
781 1805 813 1825 ac
826 1797 1026 1833 discipulorum

237 1840 388 1868 matricula:
412 1841 513 1868 ascribi
531 1843 563 1875 (ο
579 1841 660 1868 tidem
671 1842 695 1876 1)
709 1841 792 1877 inque
815 1851 904 1870 :evum
920 1843 961 1871 illi
977 1852 1025 1872 co-

237 1885 354 1919 luerere,
372 1887 544 1922 ministrique
569 1892 662 1922 partes
687 1888 812 1923 implere,
833 1889 913 1917 enixe
936 1898 1026 1926 rogas.

271 1931 342 1965 Quid
368 1940 403 1960 ex
430 1933 485 1960 tuis
510 1934 630 1968 primum
655 1934 852 1963 laudabimus?
870 1936 937 1971 quid
961 1945 1026 1965 vero

236 1978 421 2012 potissimum,
438 1986 454 2006 0
474 1980 520 2014 qui
541 1988 647 2008 summa
659 1981 758 2016 dignus
772 1982 955 2011 admiratione
975 1984 1025 2016 sis,

235 2023 454 2052 admirabimur?
472 2025 550 2053 Fidei
567 2026 780 2055 sinceritatem?
793 2036 887 2056 veram
902 2029 1027 2058 dilectio-

235 2070 322 2096 nem?
339 2077 374 2097 an
386 2078 484 2098 sensus
497 2071 660 2099 modestiam
675 2072 818 2108 animique
837 2073 978 2102 lenitatem
994 2083 1026 2105 ac

233 2114 413 2149 aequitatem?
424 2115 503 2148 Quod
517 2116 591 2143 enim
607 2116 702 2144 audita
714 2118 887 2146 solummodo
897 2119 1026 2155 Baptistae

235 2167 314 2192 voce,
327 2159 374 2188 illo
390 2162 482 2188 statim
497 2161 605 2194 relicto,
617 2161 717 2190 festine
730 2168 792 2198 post
806 2164 900 2192 Jesum
912 2165 1025 2198 abieris.

233 2214 343 2234 omnem
357 2208 438 2242 plane
453 2208 585 2236 virtutem
600 2209 745 2243 perspicue
760 2210 863 2244 prodit.
871 2211 942 2239 Num
955 2212 1026 2240 leni-

1078 1607 1176 1640 λιπὼν,
1193 1607 1348 1642 νοερώτατα
1360 1608 1399 1644 τῷ
1421 1608 1541 1644 Νυμφίῳ
1558 1609 1713 1644 προσεφύου
1729 1616 1737 1625 ·
1757 1606 1802 1635 οἷα
1819 1609 1870 1644 μὲν

1077 1651 1188 1688 νύμφην
1204 1652 1337 1688 ἄμωμον,
1351 1653 1400 1688 τὴν
1422 1653 1542 1680 διάνοιαν
1559 1653 1706 1688 προσάγων
1722 1652 1807 1688 αὐτῷ,
1823 1653 1870 1680 καὶ

1079 1698 1219 1734 μυστικῶς
1246 1698 1507 1734 προσαρμοζόμενος
1521 1707 1529 1713 '
1555 1700 1703 1734 προσάγων
1723 1699 1752 1726 δὲ
1777 1700 1870 1726 καὶτὸ

1078 1744 1170 1780 σῶμα,
1187 1744 1235 1771 καὶ
1250 1744 1315 1780 παρ’
1331 1744 1407 1780 αὺτῷ
1431 1745 1524 1780 μένειν
1547 1745 1638 1780 ζητῶν
1656 1745 1704 1772 καὶ
1729 1745 1870 1781 μαθητιῶν

1079 1790 1112 1826 (ὣ
1126 1791 1175 1825 τῆς
1189 1791 1306 1822 πίστεως
1317 1792 1350 1825 l),
1366 1791 1414 1818 καὶ
1434 1791 1509 1828 αὐτῷ
1523 1791 1558 1820 δι’
1575 1791 1672 1824 αἰῶνος
1686 1793 1806 1820 συνεῖναι
1823 1793 1869 1819 καὶ

1077 1837 1261 1866 διακονεῖσθαι
1273 1838 1453 1873 παρακαλῶν.

1112 1947 1145 1973 Τί
1165 1955 1212 1974 σου
1239 1948 1350 1983 πρῶτον
1372 1947 1596 1984 ἐπαινεσόμεθας
1620 1949 1647 1975 τί
1674 1949 1704 1976 δὲ
1719 1948 1830 1983 μᾶλλον,
1847 1946 1870 1976 ὦ

1077 1992 1307 2028 θαυμασιώτατε,
1338 1994 1560 2029 θαυμασόμεθα;
1599 1995 1631 2022 τὸ
1665 1995 1717 2030 τῆς
1750 1994 1868 2027 πίστεως

1076 2038 1226 2074 ἀκραιφνὲς
1239 2058 1246 2071 ,
1259 2039 1290 2066 τὸ
1305 2040 1353 2076 τῆς
1366 2040 1479 2074 ἀγάπης
1495 2040 1651 2076 εἰλικρινὲς,
1669 2039 1686 2075 ἢ
1711 2040 1741 2067 τὸ
1759 2040 1869 2075 μέτριον

1075 2084 1123 2110 τοῦ
1141 2086 1315 2119 φρονήματος
1332 2086 1379 2112 καὶ
1393 2085 1464 2119 ἄγαν
1486 2085 1607 2117 ἐπιεικές
1621 2093 1628 2118 ;
1653 2086 1690 2112 Te
1706 2078 1761 2120 γὰρ
1785 2085 1870 2121 μόνης

1068 2123 1123 2156 ’τοῦ
1153 2130 1308 2157 Βαπτιστοῦ
1340 2131 1389 2165 τῆς
1416 2133 1508 2166 φωνῆς
1537 2131 1686 2165 ἀκηκοότα,
1711 2131 1793 2158 αὐτὸν
1821 2131 1870 2166 μὲν

1076 2175 1175 2203 αὐτίκα
1195 2176 1299 2207 λιπεῖν,
1321 2176 1360 2212 τῷ
1389 2176 1477 2212 Ἰησοῦ
1502 2176 1531 2202 δὲ
1560 2177 1757 2212 προσδραμεῖν,
1779 2177 1870 2213 πάσης

1076 2222 1178 2256 ἀρετῆς
1193 2222 1332 2254 ἀπόδειξις
1351 2223 1481 2256 ἐναργής.
1499 2223 1534 2249 Ἦ
1557 2223 1589 2249 οὐ
1613 2224 1769 2258 πραΰτητος
1790 2224 1871 2259 ἔργον

235 2253 300 2280 tatis
313 2253 395 2281 simul
408 2253 582 2289 modestique
599 2262 698 2283 sensus
711 2263 744 2283 ac
755 2257 851 2290 animi,
869 2258 943 2293 quod
961 2258 1024 2286 illu-

1080 2266 1145 2301 ὄμοῦ
1172 2267 1220 2294 καὶ
1245 2267 1518 2303 ταπεινοφροσύνης.
1546 2268 1593 2294 τὸν
1618 2268 1792 2304 περιώνυμον
1821 2269 1871 2304 μὲν

232 2299 284 2326 stri
302 2299 349 2326 illo
361 2299 504 2335 gloriaque
516 2301 682 2335 clarissimo,
698 2310 730 2330 ac
742 2310 851 2331 omnem
860 2312 947 2339 prope
963 2305 1024 2332 vin-

233 2350 313 2373 cente
329 2346 496 2379 claritatem,
512 2348 620 2380 relicto,
636 2349 697 2376 miti
712 2349 796 2378 corde
815 2355 898 2386 atque
914 2351 1023 2384 humili,

233 2392 408 2426 necdumque
422 2393 575 2421 claritatem
592 2394 702 2430 adepto,
716 2395 819 2430 qna-ris
831 2397 971 2425 adhaerere
984 2399 1024 2425 "'2

232 2437 304 2466 Num
318 2444 347 2467 et
362 2439 424 2467 ﬁdei
445 2439 518 2468 istud
534 2441 755 2476 perfectissimae,
767 2448 930 2480 certumque
948 2445 1022 2474 indi-

232 2484 305 2512 cium
330 2493 445 2513 summa:
461 2485 638 2515 dilectionis?
661 2487 730 2515 Eum
751 2489 825 2516 enim
852 2489 900 2524 qui
918 2490 1025 2524 primus

233 2530 323 2558 Verbo
336 2530 489 2566 discipulus
501 2532 655 2566 accederet,
674 2533 834 2569 primusque
849 2535 949 2563 divinae
962 2536 1024 2571 ejus

231 2577 445 2604 necessitudinis
461 2579 629 2607 commercio
643 2579 755 2608 futurus
772 2586 856 2614 esset,
876 2581 951 2610 illius
965 2587 1022 2611 tum

209 2621 354 2660 ,Spiritus
380 2623 545 2660 participem
570 2625 649 2658 fore,
671 2630 730 2654 tum
757 2626 892 2655 virtutum
917 2630 1023 2657 semina

1078 2313 1182 2339 ἐκεῖνον
1208 2313 1256 2340 καὶ
1282 2313 1334 2347 τὴν
1366 2311 1446 2344 δόξαν
1472 2313 1671 2349 ὑπέρλαμπρον
1699 2315 1868 2348 καταλιπεῖν,

1078 2358 1117 2393 τῷ
1132 2359 1216 2394 πραεῖ
1242 2358 1271 2385 δὲ
1293 2359 1326 2393 τῇ
1354 2359 1455 2393 καρδίᾳ
1485 2360 1532 2385 καὶ
1558 2359 1688 2395 ταπεινῷ,
1718 2360 1765 2387 καὶ
1792 2360 1870 2388 οὔπω

1077 2403 1266 2440 δεδοξασμένῳ
1277 2404 1425 2431 κολλᾶσθαι
1441 2404 1551 2440 ξητεῖν;
1565 2406 1600 2432 Ἦ
1614 2406 1675 2440 οὐχὶ
1690 2407 1737 2432 καὶ
1752 2406 1870 2438 πίστεως

1077 2450 1157 2477 τοῦτο
1169 2450 1219 2486 τῆς
1231 2450 1417 2486 τελειοτάτης,
1440 2451 1488 2478 καὶ
1510 2451 1623 2487 ἀγάπης
1638 2451 1705 2478 Θεοῦ
1719 2452 1869 2487 τεκμήριον

1076 2496 1127 2530 τῆς
1145 2496 1302 2532 ἀκροτάτης
1317 2505 1325 2530 ;
1342 2497 1394 2524 Τὸν
1410 2497 1466 2532 γὰρ
1489 2497 1597 2532 πρῶτον
1614 2497 1653 2533 τῷ
1682 2498 1762 2533 Λόγῳ
1783 2498 1869 2533 μαθη-

1076 2541 1206 2577 τευθῆναι
1231 2542 1397 2578 προσιόντα,
1417 2543 1464 2570 καὶ
1492 2543 1601 2579 πρῶτον
1630 2545 1659 2570 ὲν
1688 2545 1788 2579 μετοχῇ
1817 2544 1868 2579 τῆς

1077 2586 1227 2622 θεαρχικῆς
1250 2587 1417 2623 οἰκειότητος
1444 2588 1577 2623 μέλλοντα
1600 2587 1790 2620 καθίστασθαι,
1813 2589 1868 2616 ἔδει

1078 2631 1192 2667 μὲτοχόν
1207 2640 1237 2658 τε
1254 2630 1324 2660 εἶναι
1338 2633 1386 2660 τοῦ
1410 2633 1570 2668 Πνεύματος
1584 2633 1701 2666 ἐκείνου,
1719 2634 1766 2660 καὶ
1780 2633 1866 2669 σπέρ-

267 2711 292 2728 ⁷⁸
309 2712 412 2742 ﬂabac.
429 2723 459 2749 η,
472 2715 505 2749 4;
520 2714 605 2743 llcbr.
618 2723 648 2748 ιι,
662 2716 707 2744 57.
746 2716 850 2746 "Joan.
863 2727 883 2750 ι,
899 2719 945 2747 29.
983 2720 1028 2749 Joa

1080 2730 1098 2756 ι,
1110 2722 1155 2750 38.
1195 2723 1216 2738 ⁷⁷
1233 2722 1329 2751 Matth.
1344 2731 1384 2756 XI,
1396 2723 1442 2751 29.

269 2793 308 2833 (8)_
323 2793 430 2833 Πᾶςγᾳν
444 2797 537 2824 αὑτοῦ
552 2797 610 2831 τὴν
633 2799 839 2833 θεοπρέπειαν.
872 2801 925 2828 Alii
946 2809 1022 2828 com~

233 2830 383 2870 muniustb
395 2831 547 2868 θεοπρεπὲς
561 2830 668 2870 dicunt.
682 2830 820 2868 Quidquid
832 2840 874 2863 est
887 2836 1025 2870 ejusdivi-

233 2873 330 2902 narum
357 2866 451 2894 dolum
467 2866 499 2896 ac
514 2866 725 2902 [Icrfccliouum,
748 2866 856 2898 divinas
871 2866 968 2898 oiilnes
997 2873 1023 2899 in

232 2907 268 2928 eo
280 2900 360 2929 dotes
373 2910 403 2930 ac
421 2900 604 2940 characteres,
617 2914 649 2934 ac
677 2906 700 2934 si
725 2905 792 2941 quid
805 2907 941 2941 ejusmodi
968 2907 1023 2935 diu

1075 2807 1164 2837 potest
1179 2812 1185 2830 ε
1200 2811 1255 2838 quo
1269 2804 1326 2831 fere
1345 2804 1427 2831 mmlo
1440 2803 1548 2831 Eustal.
1567 2804 1680 2838 exponit
1703 2804 1733 2831 τὸ
1756 2803 1869 2838 0501:96-

1078 2847 1126 2874 τεο,
1144 2839 1215 2873 apud
1242 2839 1352 2867 Ilomer.
1382 2839 1436 2867 Sed
1456 2844 1499 2866 cst
1517 2841 1625 2874 proprii-
1651 2845 1732 2872 t'ulrs,
1751 2840 1868 2872 divinus,

1075 2873 1148 2902 idem
1165 2882 1197 2902 ac
1209 2875 1312 2911 θεωρός
1326 2881 1354 2904 et
1368 2873 1532 2912 θεοπροπία,
1548 2873 1712 2903 vaticinium.
