2072 3160
207 165 244 201 Ci
672 168 816 199 ORATIO
835 169 884 200 IV.
900 169 990 200 -ΙΝ
1010 169 1169 200 LAUDEM
1190 171 1221 201 S.
1241 168 1417 202 ANDRE/E.
1815 168 1852 200 6‘2

212 235 289 263 ματα
312 225 444 262 προέχειν
472 224 528 252 τῶν
551 225 668 261 ἀρετῶν.
691 226 776 253 Ὅθεν
802 226 912 258 οἰκείως
936 226 1007 262 ἒχων

1068 228 1229 260 iraehabcre,
1238 228 1364 255 decebat.
1373 225 1635 260 Quamobrem,cum
1650 229 1748 252 natura
1759 232 1852 260 quam-

211 272 286 300 κατὰ
313 272 397 307 φύσιν
425 271 511 308 αὐτῷ,
538 272 648 308 πρῶτος
678 273 749 308 μετὰ
772 273 820 300 τὸν
850 273 1007 308 Βαπτιστὴν

212 317 323 351 ἐπέγνω
352 316 477 344 Μεσσίαν
503 315 585 348 εἶναι.
618 317 666 344 τδν
695 317 748 344 ὑπὸ
774 317 830 344 τῶν
856 317 1008 353 προφητῶν

215 361 442 397 μαρτυρούμενον
462 361 582 396 Χριστόν
594 369 603 377 υ
621 361 670 388 καὶ
691 361 800 397 πρῶτος
822 361 878 389 τῶν
892 362 1010 388 ἀποστό-

213 407 269 434 λων
297 406 465 441 αὐτομάτοις
493 407 575 440 ποσὶ,
604 407 636 434 τὸ
661 407 710 434 τοῦ
740 407 821 442 λόγου
846 408 1008 444 φερόμενον,

214 455 375 489 προσχωρεῐ
388 453 436 480 καὶ
453 452 540 488 τούτῳ
563 453 758 485 συνοικίζεται.

250 500 318 527 Οὐδὲ
338 499 394 536 γὰρ
418 499 546 534 ἀνέχεται
566 508 643 531 τινας
662 500 716 535 πρὸ
740 499 824 527 αὐτοῦ
857 499 1010 534 φοιτῶντας

213 545 302 580 ὸρᾷν,
332 545 380 572 καὶ
408 545 673 581 παρευδοκιμεῖσθαι
700 544 739 580 τῷ
768 545 884 581 ἀγαθῷ-
914 545 1010 572 δειλῶν

217 591 331 626 μᾶλλον,
351 591 367 627 ἢ
391 591 638 627 περιεσκεμμένων
654 593 685 619 τὸ
707 591 794 623 πάθος
810 591 986 628 λογιζόμενος
1001 599 1010 607 ο

215 637 278 664 οὐδὲ
305 636 355 673 τὴν
378 637 445 673 παρ’
471 638 578 664 ἐκείνου
607 637 703 673 κλῆσιν
730 638 801 665 κατὰ
827 638 891 669 τοὺς
913 638 1010 670 ἄλλους

215 683 352 718 ἀναμένει
365 692 372 699 ·
386 683 497 717 ὀξύτητι
510 683 538 710 δὲ
561 683 608 710 νοῦ
633 684 681 711 καὶ
708 684 834 721 ἀγχινοίᾳ
854 685 899 712 τὸν
912 685 1011 718 ζητού-

216 738 300 765 μενον
327 729 434 766 εὑρὼν,
455 730 605 766 θερμότητι
635 731 724 767 τούτῳ
755 731 876 763 πίστεως
910 732 1012 763 εὐθέως

217 776 385 811 συμφύεται.
413 776 514 812 Τρόπῳ
539 776 567 803 δὲ
585 777 730 812 φιλαγάθῳ
752 778 935 813 κεχρημένος,
961 778 1012 804 οὐκ

216 821 347 857 ἀνέχεται
375 822 455 858 μόνος
476 822 525 849 τοῦ
550 822 656 857 ἀγαθοῦ
685 824 864 859 κατατρυφᾷν
881 832 888 838 ’
918 824 1012 859 ὥσπερ

215 867 247 894 δὲ
279 867 418 904 θησαυρόν
446 877 508 896 τινα
538 869 627 904 μέγαν
654 869 702 895 τὺν
736 869 841 905 Ἰησοῦν
869 869 1010 905 εὑρηκὼς,

1059 274 1122 302 dam
1137 281 1201 301 cum
1217 281 1251 302 eo
1269 272 1503 301 necessitudinem
1517 272 1643 303 haberet,
1660 271 1770 306 primus
1789 275 1850 305 post

1058 320 1220 355 Baptistam,
1232 326 1293 347 esse
1309 326 1373 346 eum
1386 318 1513 345 Messiam
1530 322 1559 344 et
1569 316 1710 344 Christum
1731 316 1852 351 prophe-

1059 371 1150 394 tarum
1173 366 1294 393 oraculis
1312 364 1525 400 praenuntiatum
1543 362 1674 399 agnovit;
1688 362 1853 397 primusque

1059 412 1257 447 apostolorum,
1270 410 1406 438 ultroneis
1419 409 1503 445 (quod
1524 408 1612 442 aiunt)
1631 408 1760 443 pedibus,
1776 415 1854 436 acoe—

1060 458 1110 491 dit,
1124 465 1156 485 ac
1172 457 1384 486 contubernalis
1400 456 1426 483 ei
1441 455 1571 483 eilicitur.

1095 505 1156 533 Non
1173 505 1248 532 enim
1266 503 1395 536 sustinet,
1410 507 1442 530 ut
1466 510 1500 538 se.
1510 502 1620 537 priores
1641 502 1749 536 aliquos
1767 500 1853 535 Magi-

1060 557 1150 580 strum
1166 551 1312 582 adeuntes,
1327 550 1409 584 eique
1424 549 1589 584 discipulos,
1604 547 1710 580 videat,
1728 547 1851 582 bonique

1060 597 1164 627 studio,
1175 596 1214 624 illi
1232 600 1414 632 przestantes:
1435 593 1663 622 meticulosorum
1678 592 1771 627 potius
1788 599 1853 619 eum

1061 649 1138 672 ratus
1148 643 1289 674 ail‘ectum,
1298 649 1381 677 quam
1390 648 1488 668 eorum
1496 640 1544 675 qui
1552 639 1691 667 solertiori
1705 637 1854 673 prudentia

1061 690 1209 719 ducantur.
1225 689 1320 724 Neque
1335 684 1486 723 exspectat,
1503 685 1737 726 quemadmodum
1752 685 1810 716 alii,
1824 687 1856 712 ut

1061 735 1096 764 ab
1112 736 1172 770 ipso
1189 739 1322 766 vocetur;
1336 733 1385 760 sed
1399 733 1500 760 mentis
1515 731 1665 767 sagacitate
1677 730 1791 757 invento
1807 729 1855 756 illo

1061 782 1109 817 qui
1126 780 1315 816 quzerebatur,
1331 779 1438 806 fervore
1457 777 1520 805 ﬁdei
1544 777 1585 804 illi
1608 777 1701 804 statim
1721 775 1854 804 eohmret.

1061 827 1327 863 Benignissimisque
1342 833 1408 853 usus
1425 825 1563 856 moribus,
1578 831 1633 851 non
1656 823 1709 850 fert
1731 826 1762 849 ut
1779 821 1855 849 solus

1063 875 1136 902 bono
1162 873 1303 908 potiatur;
1319 871 1367 899 sed
1389 871 1466 898 velut
1487 871 1534 905 qui
1550 870 1688 905 ingentem
1709 868 1854 903 quemdam

215 913 312 949 τρέχει
339 914 387 940 καὶ
412 914 516 949 Σίμωνι
544 915 641 942 τοῦτον
671 915 834 951 παραδεῖξαι
849 924 858 933 υ
889 915 1009 951 Σίμωνι,

1068 921 1223 948 thesaurum
1242 918 1335 946 Jesum
1357 920 1455 944 nactus
1478 919 1562 948 esset,
1577 915 1660 948 etiam
1682 913 1787 941 Simoni
1814 913 1855 942 fe-

217 959 329 995 ἁδελφῷ
341 959 391 996 τὴν
403 960 494 995 φύσιν,
509 960 617 996 ἀδελφῷ
633 961 683 996 τὴν
703 961 818 996 γνώμην
833 970 840 978 ·
856 961 906 997 τὴν
916 961 1014 997 τέχνην

217 1006 345 1041 ὁμοτίμῳ
360 1014 367 1022 ·
385 1006 471 1042 ἄμφω
489 1006 545 1042 γὰρ
563 1007 649 1038 ἁλιεῖς
662 1015 669 1023 ⁸
685 1007 731 1034 τὸν
745 1008 846 1043 τρόπον
861 1008 989 1042 ὁμοζήλῳ
1004 1016 1012 1024 ·

217 1052 388 1087 νομομαθεῖς
413 1053 468 1088 γὰρ
492 1053 588 1088 ἄμφω,
616 1054 664 1080 καὶ
692 1054 743 1088 τῆς
773 1053 860 1089 αὐτῆς
884 1054 1013 1089 ἀληθείας

215 1099 322 1135 ὁμοίως
334 1099 487 1135 συζητηταὶ
507 1099 557 1126 καὶ
567 1099 694 1135 ἐρασταί.

255 1236 359 1264 Τοῦτον
372 1236 483 1271 πρῶτον
506 1237 521 1264 ό
549 1237 679 1273 Ἀνδρέας
709 1237 810 1274 εὑρὼν,
824 1238 1013 1273 Εὑρήκαμεν,

222 1282 359 1318 εφη,τὸν
387 1282 538 1310 Μεσσίαν.
566 1283 752 1318 Περιχαρείας
765 1283 859 1318 γέμων
885 1284 900 1310 ό
925 1284 1014 1319 λόγος,

225 1327 271 1354 καὶ
286 1327 446 1363 θαυμασίας
458 1329 565 1364 ἡδονῆς.
583 1329 667 1355 Οὐδὲν
683 1330 738 1364 γὰρ
756 1329 843 1361 οὕτως
859 1329 1015 1365 εὐφραίνειν

223 1370 274 1400 οἶδε
288 1373 390 1410 ψυχὴν,
405 1374 444 1406 ὡς
457 1375 488 1401 τὺ
511 1374 581 1409 μετὰ
595 1375 678 1401 πόνου
691 1376 737 1401 καὶ
751 1375 882 1410 πλείστης
897 1375 1013 1410 ἐρεύνης

221 1419 417 1455 εὑρισκόμενον
433 1428 441 1436 ο
459 1416 500 1451 οἷς
524 1420 580 1455 γὰρ
599 1420 634 1447 ἂν
650 1421 683 1447 ἐκ
704 1420 752 1446 τοῦ
779 1420 910 1455 ἀδοκήτου
937 1428 1016 1454 περι-

219 1466 370 1501 τύχοιμεν,
400 1466 451 1494 κᾶν
480 1467 588 1502 μεγάλα
617 1467 695 1502 δοκῇ,
723 1467 753 1493 οὒ
782 1467 851 1502 μετὰ
881 1466 1016 1502 τοσαύτης

220 1511 427 1547 προσηκάμεθα
441 1513 491 1545 τῆς
509 1511 649 1546 σπουδῆς*
671 1511 719 1538 καὶ
740 1512 784 1539 διὰ
809 1512 890 1539 τοῦτο
915 1512 1017 1548 μόνιμά

219 1566 253 1584 τε
291 1558 332 1593 τῷ
369 1558 532 1594 κεκτημένῳ
569 1558 732 1586 καθίσταται
768 1559 816 1586 καὶ
844 1558 1015 1594 βεϐαιότερα.

219 1605 269 1632 Διὸ
294 1605 342 1633 καὶ
372 1603 450 1637 οὗτος
479 1605 552 1640 ψυχῇ
582 1604 633 1640 μὲν
661 1605 809 1640 φιλοπόνῳ,
831 1605 965 1640 φιλολόγῳ
987 1605 1016 1632 δὲ

220 1651 329 1687 διανοίᾳ.
357 1651 500 1688 προσέχων
535 1653 598 1683 ταῖς
634 1652 770 1686 Γραφαίς,
804 1651 863 1687 ᾔδει
897 1652 947 1687 μὲν
971 1651 1017 1679 τὸν

221 1697 343 1733 Χριστὸν
354 1698 395 1729 είς
412 1697 551 1732 σωτηρίαν
567 1696 721 1732 ἀνθρώπων
735 1697 916 1732 ἐλευσόμενον
929 1717 936 1728 ,
968 1697 1018 1723 κά-

224 1753 301 1780 μνων
326 1743 378 1779 [μὴ
391 1743 516 1780 κάμνων]
546 1743 575 1770 δὲ
600 1745 633 1779 τῇ
661 1743 766 1776 ἑλπίδι,
796 1744 861 1779 περὶ
889 1743 941 1779 τὴν
970 1743 1017 1770 τοῦ

223 1791 453 1826 προσδοκωμένου
474 1790 584 1826 εὕρεσιν
602 1791 709 1817 ἐπόντα
724 1791 779 1817 Καὶ
792 1789 890 1826 ἐπειδὴ
909 1789 1018 1824 πρῶτος

223 1838 335 1864 πάντων
350 1837 442 1872 εὑρεῖν
467 1836 641 1872 κατηξιοῦτο,
674 1837 714 1868 είς
742 1845 772 1863 τε
798 1835 861 1870 ὄψιν
878 1835 953 1870 αὐτῷ
971 1836 1019 1862 καὶ

222 1883 322 1917 λόγους
334 1881 387 1919 ἧκε
413 1883 535 1918 βραχεῖς,
565 1883 711 1910 ἀναϐάλλει
742 1883 791 1918 μὲν
815 1884 849 1918 τῇ
867 1883 967 1918 καρδίᾳ.
980 1881 1019 1916 τῷ

224 1930 333 1967 φίλτρῳ
359 1929 408 1956 τοῦ
436 1929 563 1964 ἀγαθοῦ·
595 1929 636 1964 τῷ
668 1929 739 1964 φωτὶ
764 1929 792 1956 δὲ
815 1931 865 1964 τῆς
892 1928 1019 1963 γνώσεως

223 1977 272 2004 τὸν
296 1976 359 2004 νοῦν
371 1975 513 2011 ἀναφθεὶς,
538 1975 644 2011 πλήρης
666 1975 734 2002 Θεοῦ
747 1976 851 2010 γίνεται
866 1975 954 2010 χαρᾶς
966 1982 973 1990 ·
986 1971 1020 2011 ἦς

225 2024 308 2059 μόνος
334 2023 364 2050 οὑ
381 2023 472 2059 φέρων
485 2023 674 2058 κατατρυφᾷν,
699 2022 749 2048 καὶ
761 2022 863 2056 Πέτρον
879 2021 1020 2055 ἠπείγετο,

226 2068 325 2103 ὥσπερ
340 2066 414 2103 εἶχεν
435 2067 544 2101 πρῶτον
565 2068 615 2102 τῆς
639 2067 792 2103 ζητήσεως,
814 2067 886 2093 οὓτω
911 2065 958 2092 καὶ
971 2067 1022 2100 τῆς
1043 2076 1047 2081 ι

225 2116 366 2150 εὑρέσεως
391 2114 484 2141 λαϐεῖν
499 2114 628 2141 κοινωνόν
645 2121 651 2128 ·
665 2114 706 2140 διὸ
720 2113 795 2147 λέγει
808 2122 815 2130 ”
842 2112 1022 2147 Εὑρήκαμεν

225 2162 283 2189 τὸν
312 2162 468 2194 Μεσσίαν,
500 2160 517 2187 ὃ
546 2161 612 2187 ἐστι
645 2160 776 2195 Χριστός
793 2168 801 2175 ·
828 2159 877 2187 καὶ
910 2159 1023 2194 Muri-:7

225 2207 324 2235 αὐτὸν
340 2207 416 2242 πρὸς
437 2207 572 2241 Ἰησοῦν.
595 2206 715 2238 Τούτους
741 2205 878 2242 πρώτους,
894 2205 1023 2240 καθάπερ

1065 967 1150 994 stinat
1170 965 1336 994 ostendere:
1351 962 1456 991 Simoni
1473 962 1578 989 scilicet
1590 965 1690 987 natura
1706 966 1855 995 germano;

1064 1019 1195 1048 germano
1208 1011 1350 1038 voluntate
1367 1013 1450 1043 atque
1470 1008 1584 1039 animo;
1599 1012 1751 1041 paremque
1768 1008 1856 1031 artem

1064 1058 1206 1095 proﬁtenti
1228 1057 1341 1092 (quippe
1357 1063 1421 1083 cum
1436 1054 1516 1081 ambo
1533 1056 1627 1081 essent
1641 1051 1803 1087 piscatores)
1823 1057 1856 1078 ac

1065 1105 1112 1140 qui
1124 1104 1184 1140 pari
1198 1103 1366 1130 ducerentur
1381 1099 1556 1128 aemulatione
1575 1099 1689 1133 (quippe
1706 1096 1787 1123 ambo
1803 1095 1856 1122 Le-

1065 1148 1202 1186 gisperiti)
1215 1155 1247 1175 ac
1259 1147 1307 1183 qui
1325 1146 1468 1174 veritatem
1484 1144 1588 1180 pariter
1604 1142 1806 1177 conquirerent
1822 1147 1855 1167 ac

1065 1195 1236 1231 deperirent.
1590 1217 1596 1224 ,

1102 1242 1180 1269 Hunc
1190 1240 1309 1275 primum
1320 1237 1444 1266 Andreas
1452 1244 1514 1264 cum
1523 1235 1684 1267 invenisset,
1694 1233 1856 1266 Invenimus,

1067 1287 1167 1322 inquit,
1184 1277 1310 1313 Messium
1323 1285 1356 1311 ⁷⁸.
1368 1284 1450 1311 Lana!
1462 1290 1554 1311 sermo
1569 1281 1666 1316 plenus
1675 1279 1857 1315 iucunditatis

1067 1343 1099 1362 ac
1108 1332 1277 1360 admiranda:
1286 1331 1448 1366 voluptatis.
1461 1329 1535 1357 Nihil
1552 1328 1626 1356 enim
1645 1334 1722 1361 :eque
1735 1326 1857 1352 animum

1067 1379 1168 1416 gaudio
1180 1379 1286 1413 replere
1299 1376 1454 1408 consuevit,
1463 1383 1495 1402 ac
1509 1374 1548 1402 rei
1564 1374 1625 1408 ejus
1638 1372 1758 1400 inventio
1775 1379 1858 1406 quam

1067 1427 1154 1454 multo
1177 1425 1272 1452 labore
1293 1423 1453 1459 ingentique
1477 1421 1620 1456 diligentia
1649 1417 1801 1454 quaesieris.
1828 1417 1858 1443 ln

1067 1480 1129 1508 quae
1151 1471 1225 1499 enim
1249 1478 1282 1497 ex
1305 1469 1467 1504 improviso,
1486 1475 1519 1494 ac
1544 1473 1614 1501 pene
1635 1472 1700 1492 casu
1725 1463 1858 1491 incideri-

1068 1520 1140 1549 mu‘s,
1160 1514 1267 1542 tametsi
1290 1522 1389 1549 magna
1411 1513 1568 1542 videantur,
1590 1519 1646 1538 non
1667 1514 1743 1537 tanto
1765 1508 1859 1536 studio

1069 1563 1223 1596 atl'ectuque
1236 1548 1438 1595 amplectimur.
1450 1557 1633 1592 Quamobrem
1649 1557 1732 1584 etiam
1748 1555 1859 1582 illorum
1884 1548 1887 1552 ’

1068 1607 1228 1635 diuturnior
1240 1606 1400 1640 ﬁrmiorque
1413 1604 1551 1639 possessio
1562 1607 1615 1630 est.
1628 1602 1655 1629 ls
1666 1602 1758 1636 itaque
1775 1599 1858 1627 etiam

1067 1653 1160 1681 animo
1191 1651 1333 1679 laboribus
1367 1649 1524 1682 indefesso,
1556 1652 1703 1682 menteque
1736 1646 1859 1674 studiosa

1069 1698 1220 1734 Seripturis
1233 1705 1346 1728 vacans,
1365 1700 1513 1724 venturum
1530 1694 1672 1722 Christum
1693 1692 1726 1719 ad
1742 1692 1859 1719 salutem

1069 1744 1230 1773 hominibus
1251 1742 1435 1778 praestandam
1451 1749 1506 1768 non
1527 1740 1677 1770 nesciebat,
1693 1746 1796 1773 speque
1810 1745 1859 1763 ve-

1069 1796 1158 1827 gelus,
1179 1794 1209 1817 ut
1229 1793 1419 1824 exspectatura
1433 1787 1599 1823 quandoque
1613 1785 1762 1816 inveniret,
1776 1791 1862 1819 opera

1070 1837 1221 1872 satagebat.
1248 1835 1384 1870 Quodque
1411 1834 1536 1862 omnium
1564 1832 1670 1867 primus
1705 1831 1732 1858 id
1763 1834 1862 1857 nactus

1070 1889 1144 1912 esset
1174 1888 1204 1911 ut
1230 1882 1378 1912 inveniret,
1403 1881 1487 1916 inque
1511 1884 1689 1914 conspectum
1712 1877 1861 1908 admissus,

1070 1929 1184 1957 brevem
1196 1935 1258 1955 cum
1275 1927 1321 1953 illo
1336 1932 1492 1953 sermonem
1510 1923 1667 1951 misuuisset
1683 1925 1747 1958 (qua
1758 1921 1862 1949 amoris

1072 1975 1098 2002 vi
1110 1975 1182 2002 bono
1192 1973 1320 2004 aﬂicitur)
1335 1972 1428 1999 animo
1439 1971 1566 1998 relloret:
1580 1974 1726 2004 menteque
1740 1967 1862 1995 scientia:

1072 2022 1133 2048 lucc
1153 2027 1279 2050 accensa,
1297 2018 1344 2045 Dei
1362 2017 1462 2053 gaudio
1477 2016 1628 2043 exuberat:
1645 2022 1705 2049 quo,
1717 2014 1792 2040 solus
1807 2013 1861 2040 frui

1072 2074 1128 2093 non
1148 2065 1251 2097 ferens,
1274 2064 1386 2091 Petrum
1411 2069 1522 2096 quoque
1541 2060 1664 2090 icstinat,
1680 2059 1720 2086 uti
1742 2057 1861 2092 primum

1073 2110 1215 2147 quaerendi
1230 2108 1388 2144 diligentia,
1409 2108 1449 2135 sic
1463 2112 1491 2134 et
1506 2105 1676 2134 inventionis
1692 2104 1798 2132 socium
1818 2111 1862 2129 as-

1072 2164 1192 2185 sumere.
1218 2155 1323 2182 ldcirco
1341 2154 1399 2181 ait:
1418 2153 1569 2180 Invenimus
1583 2151 1716 2182 Messium,
1734 2148 1803 2184 quod
1825 2151 1863 2174 est

1074 2202 1193 2229 Christus
1206 2210 1214 2228 :
1229 2205 1253 2228 et
1267 2201 1341 2226 duxit
1355 2207 1414 2226 cum
1427 2199 1462 2226 ad
1476 2198 1579 2225 Iesum.
1592 2195 1648 2224 ﬂos
1664 2195 1778 2231 primos,
1788 2193 1864 2221 velut

226 2239 377 2285 έκλεκτοὺξ
393 2239 495 2284 λίθουξ,
511 2252 631 2288 τιμίους⁹
642 2239 782 2286 δοκίμουξ,
797 2252 811 2278 ὁ
824 2239 1017 2286 ἅκρογωνιαῖοξ

1075 2249 1181 2284 lapides
1203 2248 1316 2278 electos,
1337 2245 1484 2281 pretiosos,
1504 2243 1636 2279 probatos
1656 2240 1796 2276 angularis
1819 2239 1864 2266 ille

225 2299 378 2335 οἰκοδομῶν
399 2300 442 2334 ἐφ’
467 2299 574 2332 ἑαυτὸν,
605 2299 653 2325 καὶ
678 2297 718 2333 τῷ
741 2298 793 2333 τῆς
815 2297 928 2332 ἀγάπης
957 2305 1023 2323 συν-

225 2347 323 2381 δέσμῳ
358 2345 614 2380 καταδεομούμενος
631 2345 678 2371 καὶ
722 2343 1022 2379 συναρμολογούμενος,

227 2393 275 2419 ἐπ’
286 2393 378 2424 αὐτοῖς
392 2393 440 2419 καὶ
454 2393 499 2420 τὸν
519 2392 581 2419 ὅλον
607 2391 670 2427 ἑξῆς
699 2391 772 2427 ἱερὸν
800 2389 930 2426 μαθητῶν
948 2389 1024 2415 ἑποι-

227 2439 343 2474 κοδομεϊ
353 2439 444 2474 χορόν.

266 2484 340 2517 Εῐεν,
355 2486 387 2512 τὸ
412 2485 462 2520 μὲν
486 2484 518 2520 δή
541 2484 623 2520 μέχρι
647 2483 751 2510 τούτων
772 2482 931 2518 ἰδιοτρόπως
958 2481 1025 2516 ἡμῖν

229 2531 387 2566 ὑπογράφει
409 2531 456 2557 τὸν
480 2530 674 2566 πρωτόκλητον
688 2530 703 2556 ό
719 2529 813 2563 λόγος·
831 2527 957 2555 ἐντεῦθεν
983 2527 1022 2559 δὲ,

229 2577 319 2609 κοινὸς
335 2577 419 2604 πᾶσιν
431 2578 445 2603 ὁ
461 2577 563 2612 τρόπος
583 2576 633 2611 τῆς
659 2575 730 2602 κατὰ
744 2575 775 2602 τὸ
794 2574 962 2610 Εὐαγγέλιον
979 2573 1024 2599 εὖ-

228 2623 413 2658 διικιμήσεως.
430 2623 468 2649 Ἦ
482 2631 512 2648 τε
535 2623 590 2657 γὰρ
612 2621 715 2653 πίστις,
733 2621 781 2648 καὶ
802 2622 818 2656 ἡ
835 2621 904 2655 πρὸς
919 2620 966 2646 τὸν
983 2619 1025 2645 δι-

230 2669 368 2697 δάσκαλον
386 2669 548 2705 ἀγαπητικὴ
561 2669 680 2699 διάθεσις
695 2668 772 2702 κοινή
781 2675 788 2683 ’
801 2667 880 2702 ὁμοία
890 2666 946 2698 τοῖς
960 2666 1029 2691 ἀπο-

233 2716 337 2747 στόλοις
355 2717 440 2742 πᾶσιν
454 2716 472 2750 ἦ
483 2724 513 2742 τε
532 2715 638 2750 κλῆσις,
650 2715 697 2741 καὶ
711 2715 727 2749 ἡ
744 2713 857 2749 ἐκλογὴ,
870 2712 915 2739 καὶ
930 2713 947 2747 ὴ
961 2711 1026 2738 ἁκο-

231 2761 362 2797 λούθησις
374 2761 423 2789 τοῦ
435 2761 555 2797 Χριστοῦ
568 2769 575 2776 ·
590 2761 636 2787 καί
651 2769 683 2795 γε
696 2760 752 2786 τῶν
763 2758 924 2793 θαυμασίων
937 2757 1027 2793 ἔργων

231 2809 252 2846 ἡ
267 2809 372 2845 ὅρασις,
395 2808 442 2834 καὶ
461 2809 515 2838 τῶν
537 2807 647 2842 ὑψηλῶν
668 2806 826 2842 μυστηρίων
844 2805 861 2840 ἠ
882 2804 1024 2839 ἀκρόασις.

270 2900 293 2917 ⁷⁸
306 2899 386 2930 Joan.
400 2908 420 2935 ι,
438 2900 481 2928 42.
521 2901 541 2916 ⁷³
558 2900 609 2929 lsa.
622 2907 718 2933 xxvln,
733 2899 784 2932 l6;
801 2900 811 2927 l
829 2899 902 2927 l‘ctr.
919 2906 949 2931 ιι,
965 2897 991 2925 6.

1075 2295 1145 2330 lapis
1160 2295 1188 2321 in
1205 2294 1296 2328 scipso
1312 2291 1462 2323 mdiﬁcans,
1478 2299 1510 2317 ac
1523 2289 1668 2317 charitatis
1682 2288 1792 2314 vinculo
1807 2287 1865 2314 col-

1075 2341 1176 2376 ligatus
1189 2348 1221 2367 ae
1235 2343 1389 2374 eoaptatus,
1412 2337 1439 2364 in
1455 2337 1497 2363 eis
1521 2335 1604 2363 etiam
1625 2339 1713 2361 totum
1736 2333 1867 2368 deinceps

1077 2394 1187 2415 sacrum
1201 2385 1400 2420 discipulorum
1416 2383 1532 2410 chorum
1547 2379 1749 2416 supermdilicat
1761 2378 1795 2404 ".

1115 2476 1228 2507 Verum,
1249 2474 1383 2501 hactenus
1391 2471 1502 2507 quidem
1519 2470 1696 2506 peculiariter
1713 2475 1744 2496 ac
1758 2466 1868 2503 propria

1080 2521 1198 2549 seorsim
1219 2519 1342 2551 ratione,
1354 2526 1430 2549 eum,
1447 2517 1495 2552 qui
1512 2516 1658 2544 vocatione
1679 2514 1784 2549 primus
1801 2520 1868 2547 apo-

1080 2568 1168 2595 stolus
1191 2570 1242 2599 est,
1262 2566 1341 2592 nobis
1359 2564 1448 2591 oratio
1466 2563 1588 2590 delineat
1603 2566 1687 2596 atque
1709 2558 1843 2588 describit
1859 2565 1868 2583 :

1081 2613 1255 2650 postmodum
1267 2619 1332 2639 vero
1346 2610 1501 2639 communis
1514 2609 1613 2636 modus
1625 2611 1678 2640 est,
1688 2613 1743 2641 quo
1757 2611 1869 2639 cperant

1082 2666 1215 2688 navantes
1234 2659 1392 2694 Evangelii),
1419 2658 1591 2685 claruerunt.
1608 2655 1679 2682 Tum
1694 2653 1768 2680 enim
1789 2651 1869 2683 lides,

1082 2713 1140 2735 tum
1158 2705 1314 2734 dilectionis
1330 2713 1393 2739 erga
1411 2703 1573 2739 magistrum
1591 2698 1744 2729 communis
1756 2696 1812 2724 illis
1831 2695 1873 2723 al-

1081 2753 1164 2781 fectio
1177 2757 1230 2780 est.
1247 2752 1299 2779 l’ar
1319 2750 1451 2786 apostolis
1466 2749 1663 2777 omnibustum
1679 2743 1798 2775 vocatio,
1813 2746 1872 2769 tum

1080 2799 1191 2834 electio,
1207 2806 1239 2826 ac
1258 2797 1493 2834 quod-Christum
1511 2793 1598 2824 secuti
1613 2795 1678 2820 sunt
1693 2799 1700 2819 :
1716 2789 1791 2826 quod
1807 2788 1873 2817 item
