2072 3160
230 149 268 183 63
835 149 983 180 NICETJE
998 148 1266 179 PAPIILAGONIS
1831 147 1867 178 64

229 203 393 234 admiranda
403 211 488 240 opera
500 204 631 232 viderunt
643 212 675 232 ac
686 205 835 232 audierunt
843 205 951 233 excelsa
961 214 1020 242 my-

1077 205 1129 232 Καὶ
1149 205 1251 236 πάντες
1276 204 1387 239 ὁμοίως,
1407 203 1501 238 ὥσπερ
1519 203 1623 230 ἑαυτῶν
1644 204 1802 236 ἐξεστῶτες,
1819 203 1867 231 οὕ·-

229 251 326 278 ster'ra.
338 250 441 278 Omnes
452 250 558 286 pariter
570 251 647 279 velut
658 259 673 278 a
685 258 715 279 se
729 251 905 285 excedentes,
921 252 962 279 sic
973 252 1019 280 isti

230 297 363 332 Magistro
375 297 509 329 devincti,
530 297 687 332 probraque
700 301 861 325 ornamenta
876 297 1018 332 ducentes,

228 349 260 369 ac
275 342 336 377 ejus
354 349 437 369 causa
447 342 582 370 conscitis
596 342 838 377 persecutionibus
851 343 1019 378 ignominiis,

228 387 360 415 aarumnis
376 388 535 422 gloriantes,
551 388 674 423 sociique
687 389 713 416 ei
728 389 888 424 passionum
904 398 936 418 ac
951 398 1017 418 cru-

229 432 270 460 cis
283 432 386 464 ell‘ecti,
406 433 434 459 in
448 433 513 460 vita
531 433 682 460 novitatem
698 440 762 460 cum
779 441 812 461 eo
830 438 1021 462 surrexerunt.

227 478 270 513 Ac
286 479 359 505 sicut
373 478 422 505 Dei
438 478 523 506 Verbi
540 486 589 517 per
601 478 779 507 dilectionem
792 487 824 507 ac
844 479 926 507 ﬁdem
939 480 980 508 sic
994 485 1023 508 et

229 523 349 558 Spiritus
366 523 428 550 vitae
440 524 500 558 pari
515 531 612 551 omnes
625 525 781 559 praestantia
800 531 943 553 consortes
957 518 1022 554 eva-

229 574 328 597 sernnt
343 569 385 602 “⁰;
403 570 504 604 partim
524 570 648 604 quidem,
666 575 729 598 ante
743 571 915 605 passionem;
931 572 1023 600 edica-

228 616 290 644 cius
308 623 384 647 vero,
403 620 464 650 post
484 615 639 650 passionem
658 623 690 643 ac
714 618 964 650 resurrectionem;
980 618 1024 645 di-

228 661 331 692 vinius.
343 661 519 695 Christojam
536 662 568 689 in
583 663 668 690 caelos
681 667 795 697 recepto
807 664 1023 699 perfectiusque,

228 708 337 735 eunetis
354 708 467 742 perinde
487 715 502 735 e
520 708 591 735 ctelo
607 708 634 735 in
663 716 732 736 sono
752 713 839 736 status
853 709 1026 739 vehementis

230 753 359 780 illabente
380 753 555 780 divinissimo
570 753 728 786 Paraeleto,
742 754 777 781 ad
794 754 919 790 singulos
929 764 1025 784 eorum

228 798 414 833 adimplente;
430 803 569 834 testesque
586 799 758 831 auditorum,
776 804 858 835 atque
868 801 944 829 laetos
957 810 1028 830 nun-

229 843 283 871 tios
302 851 334 871 ac
352 851 492 878 praecones
506 845 534 874 in
552 845 710 873 universam
729 850 828 874 terram
849 847 910 875 illos
923 849 1027 876 consti-

230 895 339 918 tuentes
354 890 387 917 ⁸³.

266 935 423 963 Secundum
432 937 491 965 bare
506 937 592 972 igitur
605 938 723 966 alterum
735 939 813 967 alteri
825 939 955 974 praeferre
969 949 1025 968 non

228 982 303 1013 licet,
317 990 350 1009 ex
361 982 426 1014 illis,
439 983 487 1018 qui
514 983 600 1011 Deum
627 984 767 1018 viderunt,
783 985 897 1020 ejusque
911 986 1026 1014 familia-

229 1027 289 1055 rius
296 1029 546 1057 usinecessitudinc
557 1035 635 1058 sunt:
644 1031 752 1059 eunetis
762 1031 867 1060 scilicet
875 1033 949 1060 velut
957 1042 1026 1068 prae-

229 1074 406 1102 stantissimis
420 1076 577 1111 margaritis
591 1085 646 1104 una
669 1077 803 1105 absolutis
816 1079 918 1114 gratia;
934 1080 1025 1107 velut.

230 1127 286 1153 que
305 1120 434 1154 pretiosis
460 1121 562 1156 lapillis
578 1122 639 1157 pari
654 1123 730 1150 cultu
744 1123 778 1151 ad
795 1123 925 1152 eximiam
941 1133 1024 1153 unam

231 1164 296 1200 Regi
309 1167 441 1194 caelorum
452 1175 583 1195 coronam
594 1169 688 1204 gloria:
704 1169 898 1197 instruendam
908 1176 1022 1199 contex-

230 1211 276 1238 tis.
302 1211 450 1247 Postquam
475 1221 539 1241 vero
556 1221 652 1242 omnes
667 1216 782 1250 pariter,
810 1217 885 1244 velut
908 1218 1024 1252 perfecti

229 1258 341 1290 arietes,
357 1259 494 1294 Principis
512 1265 655 1295 pastorum
669 1262 768 1290 ovibus
779 1263 836 1291 dati
847 1263 932 1292 duces
947 1265 1024 1300 juxta

230 1302 354 1331 divinum
380 1306 522 1333 oraculum
546 1306 678 1341 Spiritum
705 1313 831 1336 sanctum
863 1310 1021 1345 induerant,

230 1350 295 1378 inde
310 1351 382 1379 alius
397 1352 478 1380 aliam
494 1353 570 1381 orbis
587 1357 726 1382 terrarum
739 1359 844 1389 partem
863 1357 1021 1391 sortieutes,

229 1395 264 1422 ad
280 1397 420 1431 propriam
441 1399 612 1433 apostolatus
625 1404 739 1434 sortem,
752 1409 863 1436 operam
874 1402 1022 1438 Evangelio

229 1444 357 1470 navaturi
372 1444 499 1472 exierunt
511 1446 544 1471 ⁸².

265 1488 306 1515 Tu
320 1496 387 1516 vero
399 1491 474 1517 omni
487 1491 554 1518 mihi
568 1492 747 1520 veneratione
759 1494 952 1528 prosequende
962 1495 1020 1522 An-

194 1534 197 1537 ’
231 1533 309 1567 drea,
328 1543 372 1563 res
389 1537 445 1564 Deo
460 1537 553 1572 digna,
572 1545 644 1566 verze
659 1539 835 1568 fortitudinis
851 1542 1019 1576 exemplum,

230 1580 403 1608 sustinentim
418 1581 540 1614 adamas,
558 1583 697 1617 patientia;
721 1588 822 1616 statua,
849 1585 936 1613 altera
960 1591 1022 1621 post

231 1630 348 1660 petram,
364 1631 440 1660 petra
454 1627 478 1643 ⁸³
489 1636 496 1654 :
506 1635 522 1654 a
535 1628 646 1656 Christo
661 1630 753 1657 statim
769 1630 880 1658 ﬁrmum
891 1631 1022 1660 Ecclesiae

231 1670 454 1705 fundamentum,
475 1675 604 1709 aquilone
625 1676 654 1703 in
669 1677 753 1704 sortis
770 1682 874 1712 partem
899 1683 1022 1713 accepto,

231 1716 332 1750 Iberos,
346 1718 533 1752 Sauromatas,
550 1720 656 1749 Tauros
673 1726 702 1749 ct
715 1722 840 1758 Scythas,
856 1728 1024 1759 cunctasque

233 1763 360 1798 regiones
375 1772 407 1792 ac
423 1766 506 1794 urbes
522 1767 610 1795 Ponto
628 1768 736 1796 Euxino
754 1769 786 1797 ad
802 1770 958 1804 aquilonem
975 1779 1024 1798 au-

232 1813 376 1845 strumque
400 1811 558 1847 adjaceutes
579 1813 745 1842 circumiens
771 1815 846 1843 insiti
865 1816 1023 1849 cucurristi,

232 1855 297 1883 Jesu
311 1864 412 1884 nomen
425 1858 570 1886 celebrans
583 1868 615 1887 ac
631 1861 786 1889 clariﬁcans
797 1862 946 1889 cucurristi
959 1871 1022 1898 spe-

233 1902 317 1930 ciosis
341 1898 457 1938 pedibus
478 1905 581 1933 Christi
606 1906 785 1942 Evangeliqu
811 1908 1022 1942 praedicaturus,

235 1952 364 1984 tanquam
381 1950 453 1978 lucis
478 1959 565 1986 penus
580 1952 694 1988 ipseque
717 1953 764 1980 lux
781 1954 849 1988 ipsa,
863 1954 895 1981 ad
911 1962 959 1982 eos
975 1956 1023 1990 qui

232 1993 405 2023 densissimis
416 1997 500 2024 obsiti
516 1997 640 2025 tenebris
652 2002 734 2025 erant
751 2002 781 2026 ut
797 1999 969 2032 lenissimus,
987 2000 1021 2028 ad

232 2048 281 2068 eos
295 2042 342 2076 qui
357 2042 450 2070 lurore
465 2043 681 2071 incitatissimi“
691 2048 722 2070 ut
733 2052 830 2072 revera
843 2046 1025 2073 suavissimus

232 2094 266 2114 ac
279 2088 451 2121 mitissimus,
465 2090 498 2116 ad
511 2097 558 2117 eos
573 2091 620 2125 qui
630 2091 808 2118 immitissimi
822 2099 855 2118 ac
870 2091 1023 2119 durissimi.

232 2133 371 2166 Quantum
394 2136 469 2162 enim
489 2136 604 2163 istarum
619 2137 742 2172 gentium
760 2138 900 2172 protervia
925 2139 1024 2173 major,

269 2205 292 2220 πο
305 2204 383 2231 Joau.
399 2213 445 2237 vn,
458 2205 492 2232 59
504 2214 510 2238 ;
524 2214 567 2239 xx,
583 2205 628 2233 22.
649 2206 670 2222 ⁸¹
689 2207 749 2234 Act.
766 2215 795 2240 ll,
811 2207 838 2234 ‘2.

235 2239 353 2272 Bonnx,
373 2241 416 2268 l5.

1073 260 1127 282 τως
1144 251 1200 277 ὅλοι
1219 250 1267 285 τῆς
1283 250 1330 276 τοῦ
1344 250 1506 277 διδασκάλου
1523 250 1614 284 φιλίας
1625 249 1808 282 καθεστῶτες,
1820 251 1868 276 καὶ

1073 299 1130 329 τοῖς
1143 297 1306 331 ὀνειδισμοῖς
1321 295 1565 332 καλλωπιζόμενοι,
1576 295 1623 322 καὶ
1634 297 1691 327 τοῖς
1699 295 1769 331 ὑπὲρ
1783 295 1866 322 αὑτοῦ

1074 343 1206 378 διωγμοῖς
1220 344 1266 370 καὶ
1277 344 1336 375 ταῖς
1350 343 1473 378 ἀτιμίαις
1489 343 1535 369 καὶ
1550 341 1672 376 θλίψεσιν
1686 340 1867 376 ὲγκαυχώμε-

1074 399 1114 417 νοι
1125 399 1133 407 ”
1150 391 1198 417 καὶ
1209 390 1338 425 πάσχοντι
1348 390 1376 416 δὲ
1389 390 1605 424 συμπάσχοντες,
1621 388 1668 415 καὶ
1683 387 1868 423 σταυρωθέντι

1076 437 1324 472 συσταυρωϐἐντες,
1337 437 1377 468 εἰς
1397 436 1545 470 καινότητα
1560 434 1646 470 τούτῳ
1664 434 1866 468 συνανέστησαν

1076 482 1159 517 ζωῆς.
1182 482 1238 509 Καὶ
1253 481 1347 516 ὥσπερ
1372 480 1419 507 τοῦ
1443 480 1511 506 Θεοῦ
1534 479 1622 513 Λόγου
1643 478 1675 504 δι’
1695 478 1805 512 ἀγάπης
1820 475 1868 503 καὶ

1077 528 1205 559 πίστεως,
1223 526 1294 553 οὕτω
1307 527 1354 553 καὶ
1368 525 1415 553 τοῦ
1432 526 1482 561 τῆς
1493 525 1566 560 ζωῆς
1578 524 1747 558 Πνεύματος,
1765 522 1867 553 πάντες

1076 574 1215 608 ὀμοτίμως
1231 572 1378 606 γεγένηντο
1391 571 1525 598 κοινωνοί.
1537 570 1666 604 Μερικῶς
1680 570 1738 604 μὲν,
1758 569 1810 603 πρὸ
1821 567 1867 595 τοῦ

1076 618 1192 649 πάθους·
1212 618 1404 653 ἐνεργέστερον
1426 617 1466 649 δὲ,
1489 617 1557 652 μετὰ
1579 616 1610 642 τὸ
1632 615 1717 646 πάθος
1743 615 1791 641 καὶ
1818 614 1868 649 τὴν

1076 665 1238 692 ἀνάστασιψ
1264 664 1399 699 θειότερον
1426 663 1465 696 δὲ,
1486 663 1554 698 μετὰ
1582 662 1630 697 τὴν
1654 661 1805 696 ἀνάληψιν,
1821 661 1869 687 καὶ

1077 710 1250 745 τελεώτερον,
1271 710 1354 736 πᾶσιν
1375 709 1477 744 ὁμοίως
1503 707 1649 743 οὐρανόθεν
1664 708 1693 734 ὲν
1710 707 1768 742 ἤχῳ
1784 706 1868 741 πνοῆς

1079 756 1169 790 βιαίας
1193 756 1242 791 τῆς
1267 755 1396 790 Οεαρχιας
1418 754 1465 781 τοῦ
1483 754 1664 789 Παρακλήτου
1678 753 1866 788 καταπτάσης,

1078 803 1125 830 καὶ
1137 803 1251 829 ἕκαστον
1263 802 1354 829 αὐτῶν
1369 801 1556 837 πληρωσάσης
1567 809 1573 816 ·
1593 801 1640 827 καὶ
1658 801 1801 835 μάρτυρας
1814 800 1847 826 αὑ
1858 815 1864 819 -

1079 849 1152 880 τοὺς,
1168 846 1205 875 ὧν
1229 848 1391 883 ἀκηκόασιν,
1413 846 1610 881 εὐαγγελιστάς
1624 855 1654 872 τε
1670 846 1717 872 καὶ
1732 847 1866 881 κήρυκας,

1044 889 1064 915 Β
1079 895 1126 922 ἐπὶ
1145 894 1234 920 πᾶσαν
1248 893 1459 928 καταστησάσης
1472 892 1520 928 τὴν
1534 892 1597 927 γῆν.

1115 941 1194 967 Κατᾶ
1210 940 1295 967 ταῦτα
1314 940 1404 966 τοίνυν
1417 940 1466 965 οὐκ
1490 939 1563 965 ἔστιν
1584 939 1677 973 ἕτερον
1692 937 1786 972 ἑτέρου
1800 945 1867 972 προ-

1079 987 1194 1021 τιμῆσαι
1209 986 1248 1022 (9)
1264 985 1317 1012 τῶν
1339 984 1476 1011 θεοπτιῖω·
1493 985 1602 1011 πάντων
1620 981 1664 1010 οἶα
1688 982 1868 1018 μαργαριτῶν

1080 1033 1239 1067 πολυτίμων
1258 1032 1307 1066 μιᾷ
1327 1031 1418 1066 χάριτι
1438 1030 1664 1065 κατηρτισμὲνων
1676 1037 1683 1043 ·
1700 1029 1716 1064 ἢ
1731 1030 1814 1056 λίθων
1828 1037 1868 1057 τι-

1080 1079 1149 1113 μίων
1166 1077 1296 1113 ἰσοτίμως
1322 1077 1362 1108 εις
1387 1077 1435 1103 ἕνα
1452 1077 1583 1111 στέφανον
1607 1076 1686 1110 δόξης
1714 1076 1866 1111 ὑπέρτιμον

1077 1123 1116 1159 τῷ
1131 1123 1186 1150 τῶν
1204 1123 1326 1158 οὐρανῶν
1349 1122 1571 1157 διαπλεκομένων
1587 1121 1713 1148 Βασιλεῖ·
1729 1122 1822 1156 ἐπειδὴ
1838 1122 1865 1147 δὲ

1077 1170 1108 1197 τὸ
1123 1170 1234 1204 Πνεῦμα
1249 1169 1279 1195 τὺ
1293 1169 1380 1203 ἅγιον,
1397 1166 1440 1195 οἷα
1459 1169 1531 1204 κριοὶ
1543 1168 1641 1194 τέλειοι
1661 1168 1715 1194 τῶν
1730 1167 1777 1194 τοῦ
1804 1168 1865 1202 Ἀρ-

1077 1216 1235 1251 χιποιμενος
1266 1215 1411 1250 προϐάτιον
1439 1215 1596 1250 ἡγούμενοι,
1626 1214 1727 1244 πάντες
1761 1214 1864 1248 ὁμοίως

1077 1263 1147 1290 κατὰ
1162 1262 1207 1289 τδν
1232 1262 1358 1298 θεάρχιον
1378 1262 1456 1296 λόγον
1479 1261 1649 1292 ἐνεδύσαντο,
1666 1261 1745 1292 ἄλλος
1760 1261 1809 1296 μὲν
1823 1261 1866 1287 ὲν-

1076 1308 1170 1335 τεῦθεν
1188 1308 1252 1335 ἄλλο
1267 1308 1358 1344 μέρος
1377 1307 1603 1343 διαλαγχάνοντες
1620 1307 1670 1342 τῆς
1692 1307 1866 1342 οἰκουμένης,

1076 1355 1145 1390 πρὸς
1163 1356 1209 1382 τὸν
1226 1356 1326 1382 οἰκεῖον
1340 1355 1389 1389 τῆς
1399 1354 1552 1389 ἀποστολῆς
1564 1353 1675 1389 κλῆρον,
1691 1353 1729 1388 τῷ
1742 1354 1866 1387 Εὐαγγε-

1076 1401 1125 1437 λιῳ
1142 1401 1351 1437 διακονήσαντες
1363 1400 1487 1436 ἐξῄεσαν.

1113 1491 1148 1518 Σὺ
1161 1490 1190 1516 δέ
1207 1499 1262 1525 μοι,
1281 1489 1486 1524 σεσασμιώτατε
1505 1490 1625 1524 ’Λνδρέα,
1636 1490 1756 1522 ἁξιόθεον
1774 1491 1864 1526 πρᾶγ-

1077 1546 1126 1572 μα,
1142 1537 1172 1564 τὸ
1191 1536 1241 1570 τῆς
1251 1535 1381 1570 ἀληθινῆς
1395 1535 1505 1570 ἀνδρίας
1522 1536 1685 1570 ὑπόδειγμα,
1702 1537 1716 1561 (ι
1734 1537 1782 1570 τῆς
1799 1545 1866 1572 καρ-

1073 1585 1165 1619 τερίας
1189 1583 1310 1617 ἀδάμας,
1337 1583 1351 1608 ό
1377 1583 1427 1616 τῆς
1448 1583 1587 1617 ὑπομονῆς
1611 1582 1733 1618 ἀνδριὰς,
1753 1584 1769 1617 ἡ
1799 1583 1868 1617 μετὰ

1071 1629 1121 1664 τὴν
1161 1629 1263 1663 πέτραν
1307 1628 1412 1662 πέτρα⁹
1440 1628 1456 1663 ή
1490 1629 1559 1662 μετὰ
1595 1628 1641 1654 τὺν
1669 1629 1786 1663 Χριστὸν
1823 1629 1868 1654 εὐ-

1073 1675 1121 1706 θὺς
1146 1673 1271 1710 ἀρραγὴς
1292 1673 1343 1708 τῆς
1369 1673 1533 1708 Ἑκκλησίας
1562 1674 1675 1708 κρηπὶς,
1695 1674 1740 1700 τὸν
1767 1674 1867 1710 βορρᾶν

1074 1719 1236 1755 κληρωοεὶς,
1258 1719 1373 1754 Ἴϐηρας
1397 1720 1444 1746 καὶ
1460 1720 1651 1755 Σαυρομάτας,
1672 1720 1799 1756 Ταύρους
1819 1721 1868 1747 καὶ

1075 1764 1191 1796 Σκύθας,
1204 1764 1252 1791 καὶ
1269 1764 1361 1790 πᾶσαν
1377 1765 1468 1799 χώραν
1488 1765 1536 1792 καὶ
1553 1765 1641 1798 πόλιν,
1663 1766 1723 1792 ὅσαι
1746 1774 1775 1792 τε
1799 1766 1868 1801 πρὸς

1078 1811 1178 1846 ἄρκτον
1191 1811 1317 1844 Εὐξείνου
1336 1811 1384 1838 τοῦ
1409 1811 1523 1843 Πόντου,
1547 1812 1596 1838 καὶ
1622 1811 1682 1838 ὅσαι
1707 1812 1776 1847 πρὸς
1792 1812 1867 1838 νότον

1078 1857 1227 1884 διάκεινται
1244 1857 1369 1891 περιιὼν,
1383 1857 1502 1892 ἔδραμες
1532 1859 1561 1884 ὲν
1584 1857 1656 1892 δίψει
1679 1857 1798 1890 δοξάζων
1822 1858 1868 1884 τὸν

1084 1902 1198 1937 Ἰησοῦν.
1224 1902 1362 1939 Ἔδραμες
1387 1901 1498 1938 ὡραίοις
1525 1903 1604 1928 ποσὶν
1624 1902 1868 1938 εὐαγγελιούμενος

1077 1949 1195 1984 Χριστόν
1207 1957 1213 1963 ·
1233 1949 1270 1980 ὡς
1293 1948 1400 1983 πλήρης
1414 1948 1513 1983 φωτὸς,
1525 1948 1573 1975 καὶ
1595 1949 1720 1984 αὑτοφῶς
1735 1949 1783 1981 ὢν,
1800 1950 1868 1984 πρὸς

1077 1995 1140 2027 τοὺς
1155 1995 1392 2026 σκοτεινοτάτους·
1404 1995 1443 2026 ὼς
1460 1995 1628 2031 πραΰτατος,
1645 1996 1713 2030 πρὸς
1732 1995 1795 2027 τοὺς
1814 2004 1867 2030 μα-

1079 2043 1264 2074 νικωτάτουςι
1278 2043 1325 2070 καὶ
1352 2043 1389 2074 ὡς
1416 2042 1456 2078 τῷ
1487 2043 1546 2069 δντι
1574 2043 1768 2077 χρηστότατος,
1800 2042 1867 2077 7:943;

1079 2089 1143 2120 τοὺς
1157 2089 1330 2123 ἀτεράμονας
1345 2089 1393 2114 καὶ
1413 2088 1625 2123 σκληροτάτους.
1647 2088 1725 2114 Κατὰ
1742 2087 1867 2114 τοσοῦτον

1080 2138 1134 2171 γὰρ
1147 2137 1164 2171 ἠ
1183 2136 1405 2170 μεγαλοπρέπεια
1418 2137 1468 2169 τῆς
1486 2135 1535 2170 σῆς
1551 2135 1662 2169 ἀρετῆς,
1686 2136 1734 2161 καὶ
1758 2135 1774 2169 ἡ
1805 2134 1868 2165 δόξα

877 2206 900 2223 ⁸³
916 2207 926 2235 Ι
941 2208 1013 2236 Petr.

1077 2207 1106 2240 i;
1122 2206 1189 2234 Luc.
1205 2214 1277 2238 xxiv,
1295 2205 1334 2233 l9.
1370 2205 1413 2232 ⁸³1
1430 2205 1494 2232 Cor.
1517 2213 1543 2237 Χ,
1560 2205 1585 2232 4.
1624 2205 1648 2220 ⁸⁸
1660 2205 1730 2232 Psal.
1756 2213 1808 2236 ui,
1835 2205 1866 2237 5;

270 2312 309 2346 (9)
324 2312 446 2350 Ἕτερον
462 2313 564 2347 ἑτέρου
590 2313 782 2350 προτιμῆσαι.
803 2314 902 2342 Sobrie
929 2314 1023 2342 admo-

1077 2321 1175 2341 novam
1193 2313 1291 2350 (ipsam
1304 2319 1431 2350 errorum
1452 2315 1580 2350 matrem,
1597 2314 1698 2350 totque
1718 2311 1867 2350 ‘bzeresiar—

235 2348 300 2374 dum
311 2348 498 2384 apostolorum
519 2349 655 2384 ἰσοτιμίαν
674 2350 787 2384 exponit
801 2350 922 2379 Nicetes.
949 2350 1022 2384 quod

235 2391 289 2410 uua
304 2383 528 2414 vocalio,eadcm
547 2383 680 2411 concessa
696 2383 812 2412 munera
834 2385 929 2412 eadem
950 2383 1020 2412 cun-

233 2419 287 2455 etis
296 2418 437 2455 destinata
457 2419 609 2454 provincia,
634 2420 803 2454 praedicandi
824 2420 967 2455 Evangelii
992 2428 1024 2448 ac

235 2453 369 2480 l‘uudandi
382 2454 523 2487 ecclesias,
536 2455 608 2490 quod
620 2453 689 2482 nihil
719 2456 793 2483 laedit
816 2453 934 2483 aliorum
957 2456 1024 2482 alin-

236 2496 352 2523 rumquc
363 2490 507 2526 προνόμια,
523 2490 640 2526 maxime
658 2491 742 2523 Petri,
758 2490 831 2526 quod
843 2491 932 2526 gregis
946 2491 1024 2525 prin—

234 2532 300 2558 ceps
319 2528 378 2551 erat
394 2525 522 2560 quodque
539 2526 610 2552 ineo
625 2525 879 2560 designatn'uuitas,
897 2525 948 2553 nec
971 2527 1024 2553 nisi

234 2559 299 2596 ejus
310 2559 507 2596 communione
528 2560 675 2587 fundanda}
689 2559 835 2592 Ecclesim,
850 2566 926 2588 extra
942 2570 1024 2596 quam

233 2594 433 2632 quidquidcst,
446 2595 655 2632 profanumgest:
666 2597 804 2632 nedunun
818 2597 875 2631 ipsa
886 2594 959 2624 Petri
968 2605 1026 2632 pcr-

235 2638 313 2660 mna.
327 2630 376 2657 sed
387 2635 418 2659 et
435 2632 461 2658 in
479 2631 533 2658 illis
550 2631 599 2665 qui
615 2631 689 2659 Petri
710 2630 886 2659 successercs
896 2630 1025 2659 Ecclesiae

234 2665 343 2701 clavum
359 2669 463 2698 tenent,
481 2667 508 2693 in
524 2667 614 2701 ipsum
628 2667 720 2695 saeculi
737 2667 829 2699 linem,
853 2675 885 2694 ac
902 2668 1025 2701 quandiu

235 2700 370 2736 Ecclesia,
387 2709 441 2728 una
464 2702 509 2729 illa
537 2700 649 2736 sponsa,
679 2703 721 2730 vel
739 2703 766 2729 in
792 2702 849 2730 suis
865 2702 978 2729 fascibus
994 2711 1026 2730 ac

235 2735 335 2772 ruinis,
374 2742 516 2772 superstes
542 2735 635 2764 futura
664 2743 716 2765 est.
743 2738 903 2765 Glorientur
933 2739 1025 2772 itaque

235 2771 335 2807 Graeci.
349 2780 381 2798 ac
398 2776 535 2807 quotquot
550 2772 596 2799 alii
618 2780 633 2799 a
647 2774 769 2801 Romana
786 2773 909 2800 Ecclesia
923 2773 1026 2802 disces-

235 2805 342 2832 sionem
359 2805 491 2840 fecerunt,
503 2808 631 2835 Ecclesia:
643 2809 784 2836 catholica:
796 2807 924 2840 nomine;
938 2817 1024 2842 παρα-

238 2841 383 2878 συναγωγὴ
403 2848 454 2874 est,
473 2852 534 2877 qme
555 2843 595 2870 sic
611 2843 681 2871 ludit
707 2845 815 2878 illi5que
841 2844 953 2876 mansit,
971 2841 1025 2871 non

237 2875 312 2903 Petri
332 2875 636 2911 privilegio‘seuiorem
661 2875 778 2909 llonuuu
805 2878 961 2911 tlt‘llcit'lllt‘,
993 2880 1026 2906 ad

1078 2349 1137 2376 cliis
1150 2345 1323 2375 antistitibus
1341 2347 1488 2378 inecssam,
1509 2346 1547 2372 uti
1565 2346 1664 2372 merito
1679 2345 1792 2373 Calecas
1817 2355 1868 2374 no-

1078 2388 1134 2411 ster
1146 2385 1204 2418 ipse
1223 2383 1335 2410 Grzecus
1343 2382 1447 2418 Graecis
1457 2381 1514 2418 suis
1526 2381 1632 2418 objicit,
1645 2381 1672 2408 in
1682 2389 1732 2407 suo
1742 2382 1809 2416 Περὶ
1824 2383 1868 2408 οὑ-

1078 2419 1139 2450 σίας
1155 2416 1184 2446 et
1198 2417 1351 2453 ἐνεργείας)
1367 2417 1497 2453 Ecclesia:
1524 2416 1673 2453 catholicae
1676 2424 1735 2453 _rcs
1752 2424 1868 2453 nomen-

1079 2462 1133 2489 que
1149 2451 1285 2481 transivit.
1303 2452 1602 2489 Deseribebamnuper
1612 2459 1645 2478 ex
1710 2451 1867 2489 cl._probe_-7

1078 2486 1132 2524 que
1143 2489 1246 2517 eruditi
1261 2489 1294 2516 D.
1311 2488 1480 2524 Ballesdens,
1499 2487 1606 2524 integro
1623 2486 1718 2524 codice
1743 2486 1868 2524 Gregorii

1076 2522 1343 2561 Cypriirpatriarchze
1366 2522 1674 2561 Constantinopolitani,
1697 2526 1758 2556 post
1772 2522 1866 2561 adem-

1077 2558 1152 2595 ptam
1172 2558 1276 2587 Latinis
1286 2566 1356 2595 eam_
1371 2558 1478 2595 urbem,
1495 2558 1636 2595 epistolas,
1651 2564 1712 2595 quae
1731 2558 1868 2591 praecipue

1077 2593 1240 2624 viderentur
1253 2593 1358 2629 aliquid
1374 2593 1593 2629 ecclesiasticum
1615 2593 1716 2629 habere
1742 2598 1868 2629 possent-

1077 2639 1131 2666 que
1148 2631 1234 2666 frugis
1246 2627 1368 2666 aliquid
1396 2629 1424 2655 in
1441 2635 1499 2655 rem
1521 2627 1735 2666 ecclesiasticam
1756 2628 1866 2666 altene.

1077 2662 1107 2694 lu
1120 2667 1161 2694 eis
1177 2662 1231 2693 una
1245 2662 1406 2692 Latinorum
1423 2668 1524 2690 etcum
1541 2663 1581 2689 eis
1596 2662 1775 2689 sentientium
1792 2662 1867 2690 inse—

1078 2702 1173 2734 ctatio,
1193 2700 1266 2734 quod
1283 2698 1462 2730 schismatici,
1478 2698 1552 2732 quod
1566 2698 1693 2734 scindant
1705 2697 1867 2734 Ecclesium,

1080 2738 1107 2764 iu
1120 2745 1167 2764 eos
1180 2733 1379 2765 ulciscendum,
1398 2733 1532 2760 arcendos
1544 2733 1590 2767 qui
1603 2741 1683 2760 secus
1696 2733 1811 2760 doceant
1824 2734 1867 2759 vel

1079 2773 1217 2800 sentiant:
1233 2775 1404 2804 argumenta,
1426 2768 1551 2804 quibus
1565 2776 1615 2795 sua
1638 2772 1750 2799 statuat,
1779 2769 1864 2799 nulla,

1079 2816 1142 2834 cum
1170 2807 1209 2833 sic
1237 2803 1364 2832 eruditus
1388 2803 1473 2830 videri
1502 2803 1577 2835 velit,
1610 2808 1638 2829 et
1664 2804 1711 2837 qui
1733 2807 1867 2838 perpetuo

1080 2843 1118 2870 illi
1132 2841 1273 2870 blanditur
1284 2848 1315 2867 ac
1330 2839 1434 2871 laudat,
1450 2847 1565 2873 magnus
1583 2839 1744 2871 Lognlhela.
