2072 3160
165 173 204 207 65
628 174 769 205 ORATIO
789 174 837 204 IV.
855 185 889 191 -
906 172 947 202 ΙΝ
967 172 1124 202 LAUDEM
1144 172 1175 202 S.
1194 171 1370 203 ANDREE.
1765 170 1802 203 66

167 231 216 264 τῆς
233 229 392 264 ἁγιωσύνης
418 229 589 265 ὑπερφερὴς,
617 230 678 256 καθ’
704 231 766 256 ὅσον
784 230 831 256 καὶ
859 230 876 265 ἡ
904 229 958 255 τῶν

1018 229 1170 263 mvitiaque
1190 235 1223 255 ac
1237 227 1330 255 feritas
1349 226 1484 254 illustrior
1499 229 1581 260 atque
1596 224 1700 256 notior.
1725 228 1800 253 tanto

167 277 252 303 ἐθνῶν
268 276 401 311 ἰταμότης
414 275 526 309 τούτων,
543 276 591 302 καὶ
611 277 627 312 ὴ
644 276 777 311 θηριωδία
792 275 958 310 περιφανής.

205 366 300 399 Ἔγνω
314 365 379 400 γὰρ,
396 365 472 400 φησὶ,
489 365 597 398 Κύριος
609 365 679 397 τοὺς
696 365 786 397 ὄντας
800 364 903 397 αὑτοῦ,
913 364 960 391 καὶ

167 413 230 443 τοὺς
248 412 314 446 πρὸς
330 412 450 445 ἑκάστην
472 411 612 437 διακονίαν
628 411 796 446 ἐπιτηδείους
808 411 895 442 εἰδὼς,
913 411 960 437 καὶ

167 459 226 493 ἃμα
241 460 274 493 τῇ
287 458 384 494 πρώτῃ
401 458 499 484 πλάσει
513 457 617 489 τούτοις
628 458 791 493 ἀθεωρήτως
807 457 959 488 συνεισιὼν,

168 505 311 538 ἀναλόγως
328 513 358 530 τε
378 506 428 539 τῆς
440 504 555 530 ἑκάστου
581 504 736 540 προθέσεως
755 504 805 540 τῂν
819 505 884 540 παρ’
896 505 960 531 ἑαυ-

166 552 213 578 τοῦ
229 550 409 586 χαριζόμενος
433 551 529 585 ῥοπὴν.
551 550 620 586 πρὺς
639 551 688 585 τὴν
703 551 765 578 κατ’
790 552 871 577 αὑτὸν
896 552 960 578 ἕκα-

167 607 230 625 στον
253 598 415 624 κατευθύνει
442 597 612 632 τελειότητα.
630 598 749 628 Ἐκεῖνος
763 598 808 624 καί
826 599 894 633 μετά
913 597 960 624 σοῦ

165 646 224 676 τοῖς
247 643 518 678 ἁπηλλοτριωμένοις
549 644 595 670 καὶ
613 644 812 679 ζοφερωτάτοις
838 644 960 677 ἐπιδεδη-

167 689 275 724 μηκὼς,
290 689 388 722 νοητὰς
414 689 506 719 αὐτοῖς
534 689 661 723 ἐπαφῆκε
685 689 882 724 μαρμαρυγὰς.
909 685 961 715 Οἷα

164 737 220 770 γὰρ
237 735 336 771 νεφέλῃ
347 735 445 769 φωτὸς,
458 735 557 770 νεφέλῃ
567 735 656 772 κούφῃ
666 736 712 762 καὶ
728 737 844 771 μυστικῇ
858 736 891 771 τῇ
904 736 961 763 δια-

164 783 225 817 νοίᾳ
235 782 431 817 ἐποχούμενος,
444 782 556 811 καὶτοῖς
569 782 724 816 ἀλαμπέσιν
733 783 847 814 ἐκείνοις
856 783 960 809 ἔθνεσιν

165 828 317 862 ἐπιφοιτῶν
328 847 335 858 ,
368 827 525 864 σύμμετρον
548 828 649 860 αὐτοῖς,
666 828 713 854 καὶ
736 828 773 860 ὡς
789 826 824 863 ἦν
839 828 959 862 θεμιτὸν,

164 875 215 909 τὴν
226 875 277 910 τῆς
292 875 457 909 Θεογνωσίας
474 876 570 901 ἀκτῖνα
585 874 787 910 παρεγύμνωσε
806 875 850 902 διὰ
865 875 923 902 σοῦ.

209 951 292 978 Ἀλλὰ
318 950 361 983 τίς
392 952 406 978 ὁ
431 952 532 988 τρόπος
556 953 608 988 τῆς
633 953 680 980 τοῦ
698 953 958 990 φιλανθρωποτάτου

166 998 236 1033 πρὸς
245 999 311 1029 τοὺς
325 999 590 1033 ἀπανθρωποτάτους
606 1001 768 1033 συνουσίας;
783 1001 895 1036 Πρῶτον
910 1001 960 1036 μὲν

165 1044 206 1078 τῷ
239 1043 410 1079 ὀμογλὼσσῳ
427 1045 495 1079 πρὸς
516 1045 612 1072 ἑαυτὸν
643 1046 819 1073 ἐπεσπάσατο
842 1047 893 1083 τὴν
915 1047 960 1074 ἀν-

166 1089 274 1124 ήμερον
285 1090 372 1124 ἀκοήν
383 1098 390 1106 ·
409 1089 448 1125 τῷ
460 1091 546 1126 ὁμοίῳ
557 1092 612 1127 γὰρ
627 1091 708 1126 φύσει
717 1093 747 1119 τὸ
757 1093 849 1126 ὅμοιον
862 1093 962 1127 ἐφέπε-

166 1144 222 1162 ται.
241 1135 292 1162 Διὰ
308 1135 387 1162 τοῦτο
404 1136 450 1163 καὶ
463 1136 594 1170 γλωσσῶν
611 1138 639 1164 ὲν
654 1137 719 1164 εἴδει
732 1138 762 1164 τὸ
778 1139 889 1173 Πνεῦμα
905 1140 960 1170 τοῖς

165 1181 332 1212 ἀποστόλοις
349 1182 496 1215 ἐπεφοίτα·
512 1182 561 1208 καὶ
573 1183 626 1219 πρὸ
646 1182 701 1210 τῶν
722 1183 809 1210 ἄλλων
827 1185 960 1219 σημείων,

166 1229 181 1254 ὁ
200 1227 338 1264 μερισμὸς
359 1228 451 1260 αὐτοῖς
477 1228 611 1264 ὲνὴργητο
627 1229 681 1256 τῶν
707 1230 849 1263 γλωσσῶν,
864 1231 901 1261 ὼς
926 1232 960 1266 τῇ

170 1273 299 1309 κοινωνίᾳ
312 1273 361 1300 τοῦ
377 1274 457 1308 λόγου
472 1274 583 1309 μᾶλλον,
596 1275 612 1310 ἢ
625 1276 681 1307 τοῖς
697 1275 786 1307 ἄλλοις
801 1276 886 1302 ἅπασι
898 1276 962 1302 0.10-

177 1328 240 1354 μασι
251 1319 307 1346 τῶν
321 1320 458 1347 ἀτιθάσων
470 1321 670 1356 ήμερουμένων
686 1322 790 1356 ψυχῶν.
811 1321 856 1356 Τῷ
871 1322 962 1357 ταυτῷ

175 1367 261 1394 τοίνυν
287 1367 336 1394 τοῦ
366 1367 536 1403 φθέγματος,
556 1367 587 1394 τὸ
614 1368 772 1402 ἁγαθοειδὲς
786 1368 834 1395 τοῦ
858 1369 961 1404 τρόπου

175 1413 282 1447 μιγνὺς,
297 1413 346 1440 καὶ
370 1413 461 1448 ᾕπιον,
475 1413 521 1440 καὶ
541 1414 628 1449 πραῢ,
643 1415 690 1441 καὶ
712 1415 742 1440 τὺ
758 1415 844 1450 τραχὺ
861 1414 962 1441 τούτων

174 1460 219 1485 καὶ
236 1460 333 1494 ἄγριον
350 1459 379 1484 ἐν
400 1458 504 1490 τούτοις
528 1460 752 1494 καταμαλάσαων
783 1461 831 1487 καὶ
847 1460 961 1495 ἀπηνὲς,

171 1505 231 1531 κατ’
246 1505 336 1539 ὀλίγον
350 1504 449 1536 αὐτοὺς
463 1505 628 1532 ὑπεποιεῖτο.

206 1548 286 1582 Εἶτα,
303 1550 391 1583 φίλιον
413 1550 501 1585 ἐαυτῷ
521 1551 569 1577 καὶ
586 1551 756 1586 προσήγορον
780 1552 813 1586 τῇ
835 1551 963 1587 συνηθείᾳ.

169 1597 200 1623 τὸ
220 1597 354 1632 δυσμενὲς
364 1597 619 1632 καταστησάμενος,
632 1597 719 1628 οὕτως
746 1597 881 1633 εὐκαίρως
896 1598 963 1632 πρὸς
978 1591 1002 1621 C

171 1644 322 1678 ἐπίγνωσιν
338 1643 440 1678 ὡδήγει
460 1643 539 1669 Θεοῦ.
559 1644 614 1670 Καὶ
642 1643 696 1679 γὰρ
709 1644 738 1670 τὸ
751 1644 880 1679 ἐξαίφνης
893 1644 965 1678 ἅψα-

173 1690 237 1716 σθαι
249 1689 300 1725 τῆς
314 1689 419 1725 ὑψηλῆς
435 1689 585 1723 θεολογίας,
604 1691 634 1716 οὐ
652 1690 732 1724 μόνον
746 1689 796 1716 οὐκ
812 1689 917 1725 ὤνησεν
930 1689 963 1716 ἂν

171 1737 237 1767 τοὺς
250 1736 372 1771 ἄφρονας
395 1735 444 1762 καὶ
469 1736 576 1770 παχεῖς,
593 1735 661 1762 ἀλλὰ
675 1736 722 1762 καὶ
734 1736 821 1771 ὀργῆς
834 1736 966 1767 πολλάκις

172 1783 223 1808 καὶ
239 1782 341 1813 κακίας
357 1781 481 1817 μείζονος
503 1781 590 1816 ἀνῆψε
617 1781 767 1816 πυρκαϊάν.
790 1781 827 1808 Τὺ
850 1782 878 1808 δὲ
904 1783 966 1814 ταῖς

173 1829 281 1860 κοιναῖς
297 1827 418 1863 ὁμιλίαις
432 1827 566 1863 πρότερον
580 1829 636 1860 τοῖς
651 1828 778 1854 ἀσεϐέσιν
795 1828 964 1863 ἐθιζόμενον,

173 1875 223 1901 καὶ
237 1874 378 1908 ὁμοιότητι
390 1872 496 1905 τούτοις
509 1873 629 1909 ἀνομοίῳ
642 1873 825 1909 φιλιούμενον,
842 1875 967 1908 φυσικοῖς

171 1928 203 1945 τε
218 1919 267 1944 καὶ
278 1918 440 1953 συντρόφοις
449 1917 629 1953 ὑποδείγμασι
649 1918 800 1954 χρώμενον,
816 1919 886 1946 οὕτω
897 1920 968 1946 κατά

175 1964 278 2000 μικρὸν
301 1963 481 1998 ωμόιὸἀζειν
502 1963 572 1999 πρὸς
600 1963 753 1996 εὐσέϐειαν,
766 1964 881 2000 ἀρίστην
897 1963 968 1991 εἴναι

172 2010 254 2042 τάξιν
266 2009 442 2040 διδασκαλίας
457 2009 506 2036 καὶ
516 2009 597 2045 ἔργον
612 2009 794 2046 ἀποστολικῆς
812 2008 889 2045 οἶμαι
902 2019 920 2045 φ
925 2019 968 2046 ρε-

175 2056 232 2087 νός.

211 2158 307 2190 οὕτως
320 2160 334 2186 ὁ
351 2159 437 2194 μέγας
462 2159 625 2191 ἀπόστολος,
638 2159 673 2185 τὰ
694 2159 799 2196 πλευρὰ
815 2159 862 2186 τοῦ
879 2160 971 2196 Μρῤἄ

177 2205 294 2242 μετιὼν,
313 2206 364 2241 ὅρη
387 2206 538 2240 κατέστησε
550 2205 630 2232 Σιών.
650 2206 706 2232 Καὶ
728 2205 782 2240 γὰρ
807 2205 881 2237 ὅσοις
896 2207 970 2240 ἴχνος

1014 274 1125 302 virtutis
1138 279 1190 301 tute
1206 273 1421 308 magniﬁcentia,
1436 279 1467 299 ac
1486 271 1599 307 iustitiae
1613 272 1736 303 claritas,
1753 278 1801 298 cx-

1014 321 1158 349 cellcntior
1170 324 1253 354 atque
1270 320 1362 347 altior.

1049 366 1126 394 Novit
1145 366 1231 397 enim,
1248 364 1348 400 inquit,
1364 364 1492 392 Dominus
1512 363 1557 397 qui
1568 367 1631 389 sum
1647 362 1704 397 ejus
1718 361 1741 377 ⁸⁸
1760 365 1804 388 at-

1013 420 1067 447 quc
1082 412 1117 440 ad
1132 412 1239 446 singula
1251 418 1367 446 quaeque
1388 409 1541 437 ministeria
1563 408 1678 435 idoneos
1702 415 1804 441 cogno-

1015 465 1106 491 scens,
1122 458 1231 492 illisque
1245 465 1260 485 a
1269 457 1357 492 prima
1370 456 1463 485 statim
1478 455 1642 482 formatione
1650 456 1804 488 inaspecta<

1014 505 1063 532 bili
1086 506 1193 533 ratione
1208 512 1289 532 suum
1311 504 1353 531 eis
1365 503 1497 530 auxilium
1516 501 1714 536 benignissime
1732 507 1803 534 pra:-

1014 551 1094 583 bens,
1121 557 1347 585 unumquemque
1363 549 1397 577 ad
1412 556 1484 581 eam,
1501 556 1562 583 qua:
1577 556 1611 575 cx
1625 547 1699 574 illius
1716 546 1802 573 ratio-

1015 597 1098 624 nibus
1113 600 1166 628 cst,
1185 595 1383 631 perfectionem
1398 594 1502 629 dirigit.
1521 593 1568 621 lllc
1581 600 1635 620 una
1657 599 1750 619 comes
1769 591 1805 618 ad

1014 650 1062 670 eos
1072 642 1222 677 profectus,
1230 641 1278 676 qui
1289 641 1369 676 longe
1380 639 1542 667 alienissimi
1553 647 1585 667 ac
1605 638 1806 673 caliginosissi-

1014 686 1052 714 mi
1069 691 1160 718 erant,
1175 686 1314 721 spiritales
1329 686 1371 712 eis
1382 685 1504 720 fulgores
1517 684 1641 711 immisit.
1659 684 1805 718 Tanquam

1014 734 1088 761 enim
1114 733 1188 761 nube
1208 732 1300 760 lucida
1318 731 1404 767 (nube
1428 731 1535 758 scilicet
1549 730 1603 757 levi
1630 737 1663 757 ac
1679 729 1805 765 mystica)

1015 784 1062 807 tua
1087 780 1213 807 invectus
1232 782 1337 811 mente,
1364 777 1575 811 obscuratisquc
1602 777 1656 803 illis
1676 776 1807 811 gentibus

1015 826 1175 859 adveniens,
1189 825 1372 856 moderatum,
1389 831 1421 851 ac
1435 827 1568 858 quantum
1581 822 1692 854 licebat,
1704 821 1806 848 divina:

1014 871 1180 907 cognitionis
1192 879 1224 898 ac
1238 870 1302 898 fidei
1315 870 1432 902 radium,
1448 874 1474 897 te
1488 872 1612 901 auctore,
1627 867 1681 895 illis
1690 866 1806 894 manife-

975 910 999 939 B
1013 916 1140 945 sttuit“.

1047 963 1083 989 At
1094 961 1221 996 quisnam
1236 960 1346 991 modus,
1373 967 1428 994 quo
1445 959 1489 986 vir
1509 957 1725 985 humanissimus
1741 964 1804 984 cum

1013 1006 1219 1034 immanissimis
1227 1003 1468 1041 cougrediebatur?
1477 1004 1598 1031 Primum
1611 1003 1722 1038 quidem
1734 1004 1807 1037 ejus-

1013 1052 1077 1080 dem
1102 1052 1237 1080 sermonis
1259 1059 1322 1083 usu,
1338 1050 1458 1088 ferocem
1479 1050 1605 1078 auditum
1622 1049 1656 1077 ad
1676 1058 1705 1077 se
1721 1053 1807 1076 attra-

1014 1099 1109 1127 hebat.
1126 1099 1171 1126 Sic
1189 1099 1262 1126 enim
1280 1102 1377 1124 natura
1394 1101 1596 1132 comparatum,
1611 1101 1642 1124 ut
1655 1096 1746 1124 simile
1764 1096 1804 1123 si-
1825 1113 1833 1120 ι

1015 1143 1073 1171 mili
1087 1143 1210 1178 proclive
1229 1142 1392 1170 adducatur.
1409 1141 1515 1170 idcirco
1534 1142 1619 1169 etiam
1637 1141 1759 1176 Spiritus
1775 1141 1805 1168 in

1014 1192 1106 1226 specie
1120 1191 1279 1227 linguarum
1294 1189 1424 1224 apostolis
1437 1189 1559 1220 advenit,
1572 1190 1687 1225 ejusque
1703 1188 1807 1219 alllatu.

1015 1243 1079 1265 ante
1094 1238 1147 1265 alia
1160 1238 1248 1272 signa,
1263 1236 1359 1264 divisis
1376 1236 1477 1270 linguis
1490 1235 1623 1270 impartiti
1639 1240 1719 1268 sunt;
1734 1234 1808 1270 quod

1015 1283 1148 1311 nimirum
1164 1283 1303 1310 sermonis
1316 1282 1409 1318 potius
1421 1281 1617 1310 communione
1626 1302 1633 1314 ,
1646 1289 1728 1316 quam
1746 1281 1810 1308 ullis

1015 1330 1077 1358 aliis
1098 1330 1250 1363 miraculis,
1265 1335 1387 1365 agrestes
1399 1329 1484 1356 animi
1498 1332 1526 1355 et
1542 1327 1669 1354 indomiti
1681 1334 1811 1354 mansuc-

1015 1381 1096 1406 scant
1105 1384 1137 1404 ac
1147 1376 1316 1405 cicurentur.
1339 1375 1380 1402 Illi
1397 1375 1490 1409 itaque
1504 1373 1578 1409 paris
1592 1372 1695 1407 eloquii
1707 1371 1745 1404 vi,
1758 1371 1809 1398 bo-

1016 1425 1129 1451 nitatem
1139 1422 1322 1450 commiscens
1330 1426 1358 1449 et
1366 1420 1508 1448 lenitatem
1517 1424 1546 1447 et
1556 1418 1808 1449 mansuetudinem,

1016 1470 1116 1505 hisque
1130 1477 1182 1503 qua
1197 1468 1359 1499 horrebant,
1373 1474 1481 1494 morum
1496 1465 1676 1500 asperitatem
1693 1468 1721 1491 et
1736 1464 1810 1491 fero-

1016 1517 1085 1544 ciam
1101 1523 1134 1543 ac
1148 1515 1279 1543 saevitiam
1295 1514 1431 1549 subigens,
1449 1520 1496 1540 eos
1512 1512 1643 1547 paulatim
1658 1510 1809 1539 alliciebat.

1052 1562 1156 1590 Deinde
1171 1569 1233 1589 cum
1248 1561 1351 1588 amicos
1363 1567 1395 1587 ac
1418 1559 1556 1594 colloquio
1574 1558 1668 1586 faciles
1689 1556 1812 1584 infensos

1017 1606 1121 1641 alioqui
1130 1606 1237 1633 animos
1252 1604 1452 1632 consuetudine
1460 1604 1518 1639 ipsa
1532 1602 1751 1636 reddidisset,sic
1759 1609 1811 1637 op-

1014 1657 1133 1688 portune
1147 1651 1181 1679 ad
1191 1651 1240 1679 Dei
1255 1651 1381 1678 notitiam
1397 1650 1535 1685 ﬁdemque
1550 1649 1715 1677 adducebat.
1729 1648 1808 1682 Quod

1015 1700 1089 1727 enim
1101 1699 1163 1734 quis
1170 1703 1283 1732 repente
1291 1697 1438 1725 sublimem
1447 1696 1611 1731 theologiam
1625 1695 1811 1731 aggrediatur,

1016 1747 1119 1775 nedum
1133 1747 1203 1774 nihil
1214 1746 1377 1781 insipientes
1388 1745 1582 1779 erassiorequc
1597 1744 1708 1779 ingenio
1721 1743 1812 1771 homi-

1017 1803 1067 1823 nes
1080 1795 1192 1830 juverit,
1207 1802 1305 1822 verum
1330 1793 1414 1822 etiam
1437 1801 1493 1820 non
1504 1800 1569 1820 raro
1584 1793 1632 1820 ira:
1642 1792 1812 1827 majorisque

1018 1841 1147 1876 nequitiae
1162 1840 1298 1868 llammam
1314 1839 1479 1867 accenderit.
1497 1838 1700 1867 Communibus
1718 1841 1812 1865 autern

1019 1885 1164 1920 colloquiis
1176 1883 1252 1920 prius
1264 1885 1357 1920 impiis
1371 1888 1610 1917 consuescentem,
1627 1884 1813 1919 dissimilique

1019 1932 1202 1960 similitudine
1227 1939 1324 1959 eorum
1345 1931 1488 1959 ineuntem
1517 1930 1644 1966 gratiam,
1670 1934 1755 1966 atque
1777 1938 1814 1958 ex

1019 1983 1119 2006 natura
1130 1978 1223 2013 petitis
1234 1978 1471 2012 familiaribusque
1481 1977 1615 2012 exemplis
1626 1981 1761 2008 utentem,
1773 1976 1814 2004 sic

1020 2024 1153 2060 paulatim
1166 2024 1262 2059 pietati
1274 2030 1369 2059 aptare
1383 2031 1415 2050 ac
1436 2030 1611 2058 componere,
1625 2030 1689 2050 eum
1701 2022 1812 2049 demum

1020 2070 1155 2104 optimum
1170 2069 1287 2096 docendi
1301 2069 1427 2096 ordinem
1444 2075 1476 2096 ac
1486 2068 1645 2103 apostolicae
1659 2068 1761 2095 mentis
1773 2067 1813 2095 ia-

1021 2116 1101 2143 cinns
1121 2115 1259 2142 existimo.

1062 2161 1131 2188 Eum
1146 2161 1174 2188 in
1188 2161 1299 2187 modum
1309 2167 1423 2194 magnus
1437 2159 1585 2194 Apostolus
1600 2160 1685 2187 latera
1701 2159 1811 2195 aquilo-

1022 2207 1066 2234 nis
1081 2207 1235 2240 incessens,
1261 2211 1368 2234 montes
1384 2207 1476 2234 cll‘ecit
1502 2207 1594 2234 Sionis
1606 2206 1639 2233 ⁸⁷.
1658 2205 1813 2242 Quodquod

176 2252 330 2286 εὐθύτητος
355 2251 450 2286 μετῆν,
464 2251 536 2282 ὅσοις
565 2251 647 2286 μοῖρα
668 2250 782 2286 λογικῆς
803 2250 900 2286 φρενὸς
924 2251 966 2277 καὶ

1023 2254 1098 2281 enim
1119 2253 1294 2281 rectitudinis
1314 2253 1460 2289 vestigium
1474 2253 1580 2286 inerat;
1600 2257 1736 2288 quotquot
1748 2261 1814 2280 sett-

176 2298 311 2331 διανοίας,
334 2297 478 2332 ἄνθρωπον
497 2297 624 2332 ὁρῶντες,
697 2305 727 2323 τε
742 2296 789 2324 τοῦ
807 2297 887 2331 λόγου
905 2297 976 2332 λαμ-

178 2344 313 2379 affatim,
334 2345 368 2377 τῇ
383 2352 412 2368 τε
437 2342 484 2369 τοῦ
504 2342 562 2377 βίου
587 2342 737 2377 τελειότητι
761 2342 833 2368 κατὰ
848 2342 975 2370 τοσοῦτον

177 2389 305 2420 ἐκείνους
327 2389 524 2424 ὑπεραίροντα,
549 2389 610 2415 καθ’
625 2389 687 2414 ὕσον
699 2389 778 2415 αὐτοὶ
800 2389 854 2415 τῶν
873 2389 976 2424 θηρίων

179 2436 229 2462 καὶ
241 2436 298 2462 τῶν
310 2435 418 2470 κτηνῶν
435 2435 587 2470 ὑπερέχειν
596 2435 800 2470 ὑπελάμϐανον,
819 2436 866 2462 καὶ
879 2436 974 2462 τούτου

179 2482 358 2510 παντάπασιν
381 2481 533 2516 ἡττώμενοι
552 2483 602 2517 τῆς
624 2482 735 2517 ἀρετῆς,
765 2475 977 2509 ὑπεκατέκλινόν

182 2530 234 2563 μὲν
248 2529 281 2563 τῇ
303 2528 421 2562 διανοίᾳ,
439 2528 578 2564 προῄεσαν
592 2528 622 2555 δὲ
649 2528 690 2563 τῷ
712 2528 746 2555 δι’
775 2529 858 2555 αὐτοῦ
874 2536 978 2563 κηρυτ-

180 2576 290 2610 τομένῳ
324 2575 412 2609 φωτί·
436 2575 485 2601 καὶ
513 2575 553 2610 τῷ
579 2575 651 2610 λόγῳ
684 2575 733 2610 τῆς
762 2575 873 2610 χάριτος
895 2584 976 2609 φωτι-

182 2622 308 2656 ζόμενοι,
338 2620 388 2647 καὶ
410 2620 449 2655 τῷ
476 2621 524 2656 τῆς
551 2621 758 2655 ἀναγεννήσεως
774 2620 850 2647 ὕδατι
883 2621 978 2648 καθαι-

183 2667 308 2703 ρόμενοι,
324 2666 373 2693 καὶ
390 2665 429 2701 τῷ
443 2666 492 2701 τῆς
523 2666 660 2698 υἱοθεσίας
687 2667 826 2700 Πνεύματι
857 2666 976 2693 τελειού-

184 2722 274 2749 μενοι,
298 2714 339 2744 εἰς
367 2713 531 2748 Ἐκκλησίας
550 2713 631 2748 ἁγίας
659 2713 698 2749 τῷ
727 2713 884 2749 ’Υπεραγίῳ
907 2723 972 2741 κατ-

182 2759 342 2795 ηρτίξοντο.

221 2890 280 2918 "ll
299 2890 371 2918 Tim.
389 2891 471 2924 u,l9.
508 2891 531 2908 “
547 2890 663 2924 lsa.xtx,
675 2892 699 2918 l.
739 2891 841 2919 "Psal.
855 2900 934 2924 xuii,
952 2892 977 2919 3.

1028 2307 1075 2327 sus
1097 2299 1180 2326 animi
1200 2300 1307 2326 ratione
1336 2300 1440 2326 utentis
1467 2299 1621 2334 mentisque
1649 2299 1815 2334 particulam

1027 2346 1111 2372 ullam
1132 2346 1297 2375 retinebant.
1311 2345 1450 2373 hominem
1466 2350 1640 2378 contuentes,
1657 2350 1714 2373 tum
1731 2346 1816 2373 ratio-

1027 2392 1071 2419 nis
1091 2391 1246 2427 splendore,
1261 2396 1319 2418 tum
1332 2391 1395 2418 vitae
1407 2391 1587 2426 perfectione,
1605 2396 1660 2418 tam
1670 2391 1737 2426 ipsis
1748 2391 1817 2419 emi-

1028 2446 1105 2470 nere,
1130 2445 1212 2472 quam
1228 2437 1266 2464 illi
1284 2437 1380 2465 bestiis
1394 2442 1477 2472 atque
1489 2437 1622 2472 jumentis
1641 2443 1815 2472 praestarent,

1028 2483 1234 2510 arbitrabantur
1251 2492 1258 2510 :
1275 2483 1403 2518 illiusque
1418 2484 1531 2511 omnino
1544 2491 1574 2511 se
1587 2483 1684 2511 virtuti
1698 2485 1818 2519 impares

1029 2532 1221 2564 agnoscentes,
1246 2529 1272 2556 ei
1288 2529 1410 2556 animum
1435 2529 1645 2562 submittebant,
1672 2534 1754 2565 atque
1781 2530 1815 2557 ad

1028 2582 1100 2607 eam,
1118 2583 1200 2609 quam
1214 2575 1390 2610 praedicabat,
1406 2575 1495 2603 lucem
1512 2576 1681 2604 accedebant
1697 2586 1703 2603 :
1718 2577 1817 2604 verbo-

1028 2628 1082 2656 que
1111 2621 1206 2655 gratia:
1233 2621 1362 2648 illustrati
1387 2625 1471 2655 atque
1497 2622 1713 2656 regenerationis
1746 2628 1816 2654 aqua

1027 2669 1180 2702 emundati,
1196 2677 1247 2696 nec
1262 2677 1315 2696 non
1330 2669 1485 2704 adoptionis
1500 2669 1604 2704 Spiritu
1619 2667 1815 2699 consummati,

1030 2714 1056 2740 in
1073 2713 1209 2741 Ecclesias
1223 2719 1345 2745 sanctas.
1358 2714 1383 2741 ei
1396 2714 1444 2749 qui
1458 2722 1565 2742 onmem
1581 2712 1752 2741 sanctitatem
1767 2718 1816 2738 ex-

1028 2759 1104 2786 cedit
1117 2759 1362 2794 componebantur.
