2072 3160
257 174 291 208 57
860 166 1008 198 NICETBE
1025 165 1293 198 PAPHLAGONIS
1751 207 1753 209 γ
1861 172 1897 201 es

297 230 354 259 Nec
366 228 471 263 absque
485 233 584 254 cruore
599 232 728 261 magnum
749 223 812 251 ﬁdei
830 223 885 250 illis
900 222 1042 250 constabi-

1133 223 1187 250 Καὶ
1198 224 1230 250 οὐ
1243 224 1327 259 χωρὶς
1341 223 1457 259 αἵματος
1470 225 1576 258 τούτοις
1589 226 1620 253 τὸ
1633 227 1706 262 μέγα
1717 224 1769 262 τῆς
1779 226 1897 258 πίστεως

255 276 377 304 liebatur
389 273 551 309 mysterium
564 279 572 298 :
585 270 633 298 sed
650 270 723 298 sicut
735 269 862 304 Magister
875 276 908 296 ac
918 268 1051 295 Dominus

255 322 369 359 proprio
391 319 524 355 sanguine
548 321 742 345 testamentum
766 323 846 343 suum
871 315 1048 350 obsignavit,

255 369 297 396 sic
310 374 420 402 quoque
433 373 483 400 par
493 368 553 392 erat
564 369 595 391 ut
605 362 818 398 probatissimus
827 361 981 396 discipulus
993 368 1049 387 non

259 413 344 441 nudis
368 413 459 440 solum
474 410 570 438 verbis
588 410 710 437 salutare
723 408 773 435 Dei
790 408 978 439 annuntiaret,
1001 407 1049 434 sed

257 465 288 487 ut
312 460 396 488 etiam
426 457 540 494 proprio
559 456 693 491 sanguine
714 455 889 490 disciplinam
914 454 1047 482 sanciret.

255 505 326 538 Quia
344 505 427 540 igitur
436 503 496 531 ﬁeri
513 510 568 530 non
583 505 703 537 poterat.
717 507 748 530 ut
762 509 858 529 omnes
873 501 987 537 penitus
1002 509 1050 528 vc-

257 550 332 577 ritati
347 556 490 576 assensum
513 547 688 583 praeberent;
704 547 938 582 quemadmodum
961 546 1049 574 Judaei

257 597 335 632 prius
359 595 494 622 adversus
512 594 605 622 Jesum
629 601 742 620 manum
761 593 929 625 extulerant,
945 592 984 620 sic
999 592 1050 619 ad-

257 649 354 670 versus
368 640 506 668 Andream
519 639 647 667 instructi
662 639 829 675 Scytharum
845 639 1049 674 animinegum

258 689 299 716 ira
314 695 446 723 praeceps,
459 687 561 714 caedem
576 686 687 721 spirans
700 685 849 720 praesidum
867 686 987 720 impetus
1005 689 1049 712 at-

258 743 312 770 que
326 734 461 770 judicum,
477 733 643 768 populorum
659 732 717 760 fera
728 733 812 760 coitio
828 741 834 759 :
848 732 913 759 hinc
924 739 1050 759 carceres

258 785 341 815 atque
364 780 491 811 verbera,
519 779 650 806 distracta
679 778 805 806 membra
826 786 859 805 ac
874 778 1023 806 dilacerata
1040 787 1048 806 :

258 827 326 862 quin
342 830 370 853 et
398 826 472 861 ligna
501 830 530 852 et
545 825 650 860 lapides
664 829 692 851 et
703 825 797 860 gladii,
821 825 954 860 quidquid
970 825 1050 852 deni-

259 880 314 908 que
327 873 452 900 eruentis
466 872 627 899 hominibus
642 871 670 898 in
686 879 784 899 manus
799 871 930 903 venisset,
956 878 1049 898 armo-

1104 271 1272 307 ἒκρατύνετο
1301 271 1468 306 μυστήριον·
1497 270 1593 308 ὥσπερ
1612 273 1641 299 δὲ
1661 272 1707 299 τὸν
1732 271 1898 300 Διδάσκαλον

1103 319 1152 345 καὶ
1179 318 1281 353 Κύριον
1293 317 1333 352 τῷ
1358 317 1417 352 ἰδίῳ
1446 317 1543 352 αῖματι
1559 318 1609 353 τὴν
1634 318 1718 345 αὐτοῦ
1747 318 1896 354 σφραγίσαι

1104 365 1251 400 διαθήκην,
1266 364 1356 395 οὕτως
1369 364 1423 390 ἔδει
1438 365 1487 391 καὶ
1501 364 1547 391 τὸν
1570 365 1757 400 δοκιμώτατον
1772 365 1897 400 μαθητὴν

1105 412 1136 438 οὒ
1148 411 1236 446 ψιλοῖς
1250 410 1342 445 λόγοις
1360 410 1440 446 μόνον
1451 411 1481 437 τὸ
1494 411 1541 438 τοῦ
1556 411 1625 438 Θεοῦ
1637 412 1771 447 σωτήριον
1785 412 1899 446 εὐαγγε-

1103 456 1238 490 λίζεσθαι,
1254 456 1323 483 ἀλλὰ
1335 457 1383 484 καὶ
1395 457 1489 492 οἰκείῳ
1501 457 1600 492 αἵματι
1615 457 1664 492 τὴν
1681 457 1763 484 αὐτοῦ
1779 457 1897 492 βεϐαιῶ-

1104 512 1150 530 σαι
1167 503 1408 539 διδαχήν.⁹Επειδὴ
1433 502 1480 529 οὖν
1502 503 1607 535 πάντας
1630 503 1716 539 ἄρδην
1740 503 1790 530 οὐκ
1811 501 1847 539 ἦν
1861 504 1896 538 τῇ

1102 550 1216 587 ἀληθείᾳ
1232 550 1468 585 συγκαταθέσθαιυ
1489 549 1728 586 ὥσπερἸουδαῖκὴ
1751 549 1822 577 κατὰ
1847 550 1897 576 τοῦ

1109 598 1196 634 Ἰησοῦ
1212 599 1344 634 πρότερον
1364 599 1469 634 ἐπῆρτο
1486 599 1562 634 χεὶρ,
1578 598 1665 631 οὕτως
1684 601 1757 626 κατὰ
1773 598 1821 626 τοῦ
1834 599 1897 626 ’Λν-

1102 645 1181 681 δρὲου
1201 644 1411 680 παρεσκεύαστο
1432 644 1572 680 Σκυθική·
1594 645 1643 672 καὶ
1660 644 1747 680 θυμὸς
1763 644 1897 680 βασιλέων

1102 691 1253 727 προπετὴς,
1265 691 1313 717 καὶ
1329 690 1451 725 φονώδης
1464 690 1603 726 ἀρχόντων
1625 690 1711 726 ὁρμὴ,
1724 690 1773 717 καὶ
1795 689 1898 725 θηριώ-

1102 737 1151 773 δης
1175 737 1353 768 ὲπισύστασις
1378 736 1469 763 λαῶν’
1492 737 1541 763 καὶ
1563 737 1680 772 ειρκταὶ,
1698 737 1744 762 καὶ
1765 736 1898 771 μάστιγες

1102 784 1238 816 ἐντεῦθεν,
1253 783 1383 818 ὲλχνσμοί
1397 791 1426 809 τε
1442 783 1488 810 καὶ
1502 783 1591 818 μελῶν
1608 782 1780 817 σπαραγμοί.
1796 782 1851 808 Ναὶ
1865 783 1897 816 δὴ

1102 830 1150 857 καὶ
1167 829 1232 862 ξύλα
1249 829 1298 856 καὶ
1314 828 1383 856 λίθοι
1397 829 1446 856 καὶ
1461 829 1606 864 μάχαιραι,
1621 828 1667 855 καὶ
1682 829 1736 855 πᾶν
1755 827 1787 854 τὸ
1804 828 1899 854 ἐπιτυ-

1102 876 1149 912 χδν
1164 877 1224 907 ταῖς
1243 875 1397 909 μιαιφόνοις
1411 875 1516 909 χερσὶν,
1531 874 1614 901 ὅπλον
1639 874 1711 900 κατὰ
1731 874 1782 907 τῆς
1802 872 1900 907 τιμίας

259 927 320 946 rum
335 919 397 945 loco
413 917 601 945 venerandum
626 921 708 952 caput
722 917 902 952 impetebant.
919 918 1049 952 Prompta

1107 923 1214 958 ἐφέρετο
1229 921 1362 957 κεφαλῆς.
1380 922 1437 948 Καὶ
1451 921 1481 947 τὸ
1497 920 1573 956 θῦμα
1586 921 1738 955 πρόθυμον,
1749 919 1898 954 προθύμως

259 965 382 996 victima,
399 969 430 991 ut
444 972 494 999 pro
510 963 717 991 immolantibus
732 968 859 999 prompte
876 963 1046 991 sacriﬁcare-

260 1015 322 1043 tur;
340 1018 372 1037 ac
393 1018 444 1037 ceu
460 1010 594 1042 debitum,
610 1009 696 1045 ipsius
710 1018 792 1037 causa
803 1010 880 1045 prius
897 1010 1048 1043 immolato,

261 1064 342 1083 suum
362 1056 420 1091 ipse
432 1055 533 1083 libaret
547 1063 690 1088 cruorem;
715 1060 798 1091 atque
815 1057 842 1091 (0
855 1056 902 1083 Dei
918 1055 1050 1083 imitatio-

261 1102 358 1137 nem)!
384 1110 435 1137 pro
454 1102 515 1130 neci
541 1101 713 1129 tradentibus
736 1102 900 1130 sacriﬁcium
926 1102 1049 1130 offerret.

289 1148 361 1181 Quid
375 1155 440 1175 vero
454 1155 569 1182 magnus
580 1147 626 1175 ille
636 1147 776 1182 pontifex?
784 1147 978 1176 Libentissime
989 1147 1052 1182 qui-

262 1194 324 1221 dem
345 1194 428 1221 habet
443 1194 594 1226 victimam,
612 1194 784 1229 volentisque
801 1195 886 1222 animi
905 1195 1052 1230 perfectio-

262 1248 325 1268 nem
335 1240 468 1268 odoratur
478 1240 592 1268 odorem
602 1240 745 1268 suavitatis
753 1240 786 1274 ⁸⁸,
799 1240 947 1276 perfectam
961 1245 1050 1268 tamen

265 1290 348 1321 atque
367 1287 502 1322 integram
516 1287 656 1313 victimam
671 1294 768 1314 rursus
783 1286 915 1319 restituit,
940 1287 1052 1321 majori-

262 1331 316 1358 bus
328 1331 438 1358 coronis
451 1335 534 1366 atque
542 1331 643 1366 praeliis
655 1339 813 1359 reservans.
823 1332 852 1359 In
864 1340 926 1359 eum
938 1332 1051 1359 modum

262 1377 386 1404 Andreas
400 1377 575 1404 adversarios
589 1378 754 1412 superabat;
767 1382 849 1412 atque
858 1377 970 1406 Christo
983 1385 1052 1405 con-

264 1424 333 1451 ﬁxus
349 1424 436 1456 cruci,
450 1431 500 1458 per
513 1431 576 1452 eum
591 1424 638 1458 qui
655 1423 798 1457 dilexerat,
817 1424 925 1459 potiore
945 1424 974 1452 in
991 1431 1052 1451 om-

263 1470 347 1498 nibus
362 1470 478 1498 victoria
496 1470 634 1506 gaudebat
648 1470 681 1497 θ’.

298 1517 400 1544 Omnes
421 1517 504 1552 igitur
521 1516 658 1551 aquilonis
677 1523 751 1548 oras,
779 1523 945 1550 omnemque
971 1514 1052 1542 Ponti

263 1563 442 1596 maritimam,
465 1563 493 1590 in
504 1562 607 1591 virtute
620 1563 756 1589 sermonis
769 1562 912 1597 sapientiae
928 1569 960 1589 ac
971 1561 1053 1589 intel—

1103 970 1173 1005 ὑπὲρ
1195 970 1250 996 τῶν
1274 968 1413 1002 θυομένων
1434 967 1517 994 αὐτὸν
1542 966 1786 1002 ίερουργούμενον“
1799 965 1846 992 καὶ
1859 965 1897 997 ὡς

1102 1015 1238 1050 ὀφείλημα
1255 1014 1294 1049 τῷ
1315 1014 1385 1049 ὑπὲρ
1400 1013 1483 1040 αὐτοῦ
1498 1013 1638 1048 τεθυμένῳ
1654 1012 1786 1048 πρότερον
1808 1011 1839 1038 τδ
1859 1005 1912 1037 οί-”

1103 1061 1177 1087 κείον
1200 1059 1363 1086 ὲπισπένδον
1379 1056 1466 1093 αἷμα·
1495 1059 1541 1084 καὶ
1563 1057 1602 1093 (ὢ
1617 1057 1665 1091 τῆς
1682 1055 1897 1091 θεομιμησίαςί)

1105 1105 1176 1140 ὑπὲρ
1191 1105 1247 1132 τῶν
1261 1103 1447 1139 ἀναιρούντων
1464 1103 1601 1139 προσάγον
1617 1103 1656 1134 είς
1671 1102 1818 1136 ὲξίλασμα.

1139 1152 1196 1178 Καὶ
1215 1151 1242 1178 τί
1258 1152 1272 1177 ὁ
1290 1150 1447 1186 Ἀρχιερεὺς
1473 1151 1487 1176 ό
1512 1149 1617 1185 μέγας;
1642 1148 1824 1183 Προσιέμενος
1848 1146 1897 1182 μὲν

1103 1199 1154 1234 τὴν
1178 1197 1274 1224 ουσίαν
1295 1197 1486 1232 ἀσμενέστατα
1499 1215 1506 1227 ,
1531 1195 1580 1222 καὶ
1601 1195 1689 1230 ὀσμὴν
1711 1193 1827 1225 εὐωδίας
1847 1193 1898 1228 τὴν

1103 1244 1263 1279 τελειότητα
1285 1243 1335 1277 τῆς
1353 1241 1510 1278 προθέσεως
1536 1240 1730 1276 ὀσφρώμενος*
1752 1240 1846 1275 ἄρτιον
1869 1239 1898 1266 δι

1104 1291 1152 1317 καὶ
1164 1290 1311 1324 ὅλόκληρον
1323 1287 1401 1321 αὖθις
1415 1289 1446 1315 τὸ
1456 1288 1567 1322 λογικὸν
1580 1289 1678 1323 ἱερεῖον
1691 1287 1897 1319 ἀποκαθιστῶν,

1105 1337 1153 1362 καὶ
1167 1335 1213 1361 ἐπὶ
1236 1334 1343 1369 μείζοσι
1363 1334 1442 1361 τοῦτο
1466 1333 1557 1366 δόξαις
1582 1334 1631 1360 καὶ
1651 1333 1827 1368 ἁγωνίσμασι
1851 1342 1897 1360 τα-

1106 1381 1276 1417 μιευόμενος.
1289 1379 1381 1412 Οὕτως
1392 1381 1405 1406 ὁ
1417 1380 1503 1416 μέγας
1521 1380 1658 1416 Ἀνδρέας.
1671 1379 1725 1406 τῶν
1740 1381 1899 1413 ἀντιτεταγ-

1107 1429 1194 1464 μένων
1206 1427 1314 1463 περιῆν,
1329 1427 1376 1454 καὶ
1388 1427 1473 1458 οὕτως
1483 1426 1716 1462 συστανρούμενος
1728 1426 1768 1461 τῷ
1777 1426 1799 1452 Χ
1803 1426 1900 1461 ρισειιῷ⁹

1105 1475 1135 1501 ὲν
1152 1475 1234 1500 πᾶσιν
1247 1473 1397 1508 ὑπερενίκα
1407 1473 1451 1500 διὰ
1471 1473 1518 1500 τοῦ
1533 1473 1707 1508 ἠγαπηκότας
1722 1471 1813 1499 αὐτόν.

1141 1519 1236 1546 Πάντα
1257 1519 1404 1554 τοιγαροῦν
1418 1519 1453 1545 τὰ
1467 1519 1587 1553 κλίματα
1601 1517 1648 1544 τοῦ
1664 1517 1763 1553 βορῤᾶ,
1779 1518 1826 1544 καὶ
1845 1517 1900 1543 πᾶ-

1107 1574 1157 1593 σαν
1172 1565 1220 1591 τοῦ
1236 1565 1339 1592 Πόντου
1358 1564 1407 1600 τὴν
1421 1563 1554 1599 παράλιον
1565 1585 1572 1597 ,
1588 1564 1617 1591 ὲν
1632 1563 1747 1598 δυνάμει
1762 1563 1842 1598 λόγου
1856 1571 1901 1589 σο-

263 1609 393 1644 ligentiae,
407 1609 434 1635 in
448 1609 549 1635 virtute
561 1608 702 1642 signorum
717 1611 746 1635 et
757 1608 957 1643 prodigiorum.
967 1608 1053 1635 Evan-

1107 1612 1168 1646 ιρίας
1181 1611 1229 1638 καὶ
1243 1611 1378 1642 συνέσεως
1389 1632 1395 1642 ,
1410 1611 1438 1637 ὲν
1450 1610 1565 1644 δυνάμει
1584 1609 1706 1644 σημείων
1719 1609 1767 1636 καὶ
1778 1609 1901 1645 τεράτων

264 1655 327 1690 gelii
345 1654 505 1689 complexus
518 1654 731 1689 praedicatione;
750 1655 853 1689 ubique
867 1654 969 1682 erectis
984 1654 1053 1687 aris,

264 1700 510 1735 sacerdotibusque
527 1707 560 1728 ac
569 1700 706 1734 episcopis
721 1700 824 1736 ubique
839 1700 968 1728 ﬁdelibus
982 1708 1054 1736 pra:-

264 1747 372 1782 positis,
388 1746 421 1774 ad
435 1747 542 1774 illustre
557 1747 610 1774 hoc
621 1747 782 1782 Byzantium
798 1747 923 1775 accessit.
942 1747 1003 1774 Huc
1014 1747 1058 1774 vir

264 1792 435 1820 admirabilis
447 1792 539 1820 obiter
550 1792 674 1826 veniens,
684 1797 878 1828 exstructaque
893 1793 921 1820 in
935 1801 998 1820 arce
1009 1793 1058 1820 Dei

266 1838 346 1866 Matri
360 1839 438 1872 aede;
464 1839 583 1874 eleganti
607 1839 719 1874 quidem
744 1839 790 1866 illa
815 1839 964 1872 schemate,
981 1840 1061 1874 cujus

266 1889 357 1912 tamen
371 1885 458 1912 moles
473 1892 524 1920 pro
539 1884 660 1912 fidelium
683 1889 748 1912 tunc
762 1885 900 1920 paucitate
922 1885 1059 1920 angustiis

266 1930 325 1958 suis
336 1931 530 1966 responderet;
542 1930 680 1966 dignoque
692 1930 824 1958 Ecclesia:
835 1934 944 1966 pastore
955 1938 1054 1966 magno

266 1976 367 2013 Stachy
389 1977 537 2013 assignato,
554 1977 654 2005 uberes
678 1976 855 2012 postmodum
868 1977 920 2005 hac
937 1977 966 2005 in
980 1977 1051 2005 urbe

299 2069 324 2086 ⁸⁸
336 2069 468 2103 Gen.vur,
482 2068 526 2096 Η.
565 2069 589 2086 ⁸ο
603 2068 662 2097 Gal.
679 2077 708 2097 ιι.
723 2069 767 2097 19.

301 2160 358 2195 (l0)
371 2159 488 2194 Ὠραῖον
496 2158 553 2195 μὲν
564 2158 625 2195 τὴν
634 2160 838 2193 κατασκευήν.
847 2160 1056 2188 Exstabatforte

264 2194 411 2231 vestigium
420 2194 531 2231 aliquod
549 2194 593 2231 sic
603 2194 737 2231 elegantis
758 2196 881 2224 sediculaa
897 2203 930 2223 ac
951 2196 1056 2227 sacelli,

266 2231 309 2266 vel
327 2229 349 2257 a‘
359 2230 510 2266 majoribus
525 2229 656 2256 traditum
684 2229 794 2259 Nicetas
808 2236 963 2266 acceperat,
993 2238 1059 2258 cum

267 2265 326 2301 ipsa
339 2264 429 2301 moles
442 2264 549 2301 exigua
567 2269 651 2301 esset,
666 2272 706 2301 Aac
728 2274 779 2301 pro
801 2264 897 2293 eorum
920 2266 1057 2301 paucitate

267 2300 314 2335 qui
329 2299 459 2336 Byzantii
490 2307 590 2336 nomen
608 2299 719 2336 Christo
729 2299 882 2334 'dcderant,
907 2299 956 2336 per
973 2302 1058 2328 breve

268 2334 347 2372 illud»
361 2334 482 2370 tempus,
496 2343 552 2372 quo
574 2335 699 2372 Andreas
709 2336 761 2370 ,ille
780 2334 949 2372 praedicavit.
965 2337 1058 2371 [psunt

267 2370 397 2405 oppidum
424 2378 456 2397 ac
483 2370 591 2400 urbem,
609 2371 745 2405 πολίχνιον
771 2370 862 2399 adhuc
889 2376 953 2399 tunc
978 2370 1059 2399 vocat

294 2405 387 2440 etaplt.
404 2405 461 2432 sive
481 2405 606 2440 quisquis
629 2411 727 2433 auctor
754 2411 796 2434 est
816 2407 1013 2434 Commentarii
1031 2406 1059 2434 in

266 2441 405 2468 Andream
420 2440 586 2475 apostolum,
602 2448 618 2468 a
638 2448 682 2468 me
698 2442 885 2476 repraasentati
912 2441 1009 2469 Latine
1024 2449 1058 2469 ex

267 2476 330 2503 cod.
345 2476 420 2503 card.
434 2476 533 2502 Mazar.
552 2480 580 2502 et
597 2476 671 2510 quod
688 2476 846 2505 Graecorum
863 2477 965 2504 Menam
988 2478 1060 2505 inte-

267 2519 346 2551 grum
368 2511 395 2538 in
409 2510 532 2551 ejusdie
545 2511 615 2551 festo
629 2512 842 2551 liabcnt._Quod
855 2520 920 2551 vero
936 2512 1060 2540 Andreas

268 2545 327 2583 ipse
339 2554 399 2573 eam
412 2545 536 2583 [undavit
552 2546 715 2583 Ecclesium,
730 2547 811 2582 eique
827 2547 947 2583 Stachin
973 2556 1060 2575 unum

266 2589 282 2609 e
295 2581 485 2616 Septuaginta,
503 2585 533 2608 ut
546 2581 705 2609 Griecorum
720 2581 831 2610 traditio
859 2581 1059 2617 estfprrefeeit,

266 2617 336 2644 nihil
362 2617 540 2652 apostolicam
556 2617 706 2644 Ecclesiam
735 2617 810 2651 facit,
833 2622 881 2645 aut
912 2618 1060 2645 admodum

267 2652 417 2688 celebrem,
435 2657 499 2679 ante
516 2653 676 2680 translatam
690 2660 726 2680 eo
753 2653 862 2688 imperii
882 2653 987 2685 sedem,
1006 2661 1061 2688 qua

267 2687 401 2723 Byzantio
423 2695 508 2724 nova:
537 2688 632 2714 Roma:
647 2688 733 2724 illata
760 2687 902 2724 dignitas,
936 2687 1062 2716 saeculari

268 2723 390 2758 primum
419 2723 503 2754 fastu,
528 2722 760 2758 postmodumque
778 2722 862 2751 etiam
886 2724 1060 2757 sacerdotio;

267 2766 424 2793 (ptanquam
439 2758 486 2784 diu
499 2757 659 2785 obluctante
669 2757 791 2785 Romana
809 2759 892 2792 sede;
914 2759 959 2786 cui
975 2760 1060 2787 mole-

268 2798 343 2820 stum
362 2794 505 2821 videretur
521 2793 645 2819 saeculari
661 2801 695 2820 eo
708 2793 814 2820 ambitu
835 2795 952 2822 convelli
968 2795 1062 2822 Eccle-

268 2829 373 2856 siarum
399 2828 563 2889 priviletgia.
593 2828 721 2862 viamque
745 2830 889 2856 scliismati
917 2831 1061 2865 praestrui,

268 2867 294 2889 et
314 2868 346 2889 ut
360 2872 375 2889 a
391 2869 480 2889 matre
514 2862 659 2889 iscederct.
678 2872 740 2889 una;
756 2864 816 2889 iure
832 2865 875 2889 vel
891 2865 990 2889 iniuria
1019 2874 1061 2889 re.

265 2867 294 2900 et
314 2868 346 2900 u_t
360 2872 375 2890 a
391 2862 480 2890 matre
494 2862 659 2900 discederet,
678 2872 740 2899 qua:
753 2864 816 2898 jure
832 2865 875 2891 vel
891 2862 991 2900 injuria
1019 2862 1065 2893 rel-

264 2898 350 2934 liquis
360 2903 459 2935 praeter
473 2905 546 2934 eam,
558 2899 640 2934 eique
656 2900 776 2928 secunda
789 2899 846 2936 jam
861 2898 926 2928 turn
936 2909 993 2936 prae
1001 2908 1064 2930 esse

1103 1658 1142 1693 τῷ
1159 1657 1318 1693 Εὺαγγελίῳ
1341 1657 1515 1693 περιλαϐών·
1542 1656 1684 1692 πανταχοῦ
1699 1664 1729 1682 τε
1747 1655 1900 1688 Ουσιαστή-

1106 1713 1162 1741 ρια,
1178 1705 1262 1740 ἱερεῖς
1283 1712 1314 1730 τε
1333 1705 1381 1730 καὶ
1404 1704 1536 1739 ίεράρχας
1559 1705 1616 1735 τοῖς
1641 1702 1802 1730 πιστεύουσι
1827 1701 1897 1728 καθ-

1108 1750 1191 1777 ιστῶν
1205 1749 1356 1785 πανταχοῦ,
1371 1749 1458 1785 τούτῳ
1473 1749 1506 1784 δὴ
1519 1749 1560 1784 τῷ
1575 1748 1743 1784 περιωνὺμῳ
1760 1747 1902 1782 Βυζαντίῳ

1108 1794 1325 1830 προσεπέλασεν.
1335 1793 1467 1821 Ἐνταῦθα
1491 1793 1562 1820 κατὰ
1575 1794 1692 1829 πάροδον
1712 1793 1727 1819 ὸ
1751 1793 1903 1826 θαυμάσιος

1109 1839 1240 1874 γεγονὼς,
1254 1840 1303 1867 καὶ
1316 1839 1380 1866 ναὸν
1395 1839 1471 1874 παρὰ
1487 1840 1521 1874 τῇ
1536 1839 1684 1874 ἀκροπόλει
1695 1839 1730 1874 τῇ
1746 1837 1902 1873 Θεομήτορι

1108 1885 1284 1921 δειμάμενος,
1299 1886 1363 1912 ναὸν
1378 1885 1477 1919 ὡραῖον
1500 1885 1550 1920 μὲν
1569 1885 1620 1920 τὴν
1634 1882 1809 1918 κατασκευήν
1822 1883 1878 1920 (i0)
1891 1891 1900 1899 ⁸

1108 1931 1293 1966 ἀναλογοῦντα
1307 1931 1336 1958 δὲ
1350 1931 1380 1957 τὸ
1397 1930 1513 1966 μέγεθος
1531 1931 1566 1966 τῇ
1581 1930 1638 1957 τῶν
1649 1931 1678 1957 ὲν
1693 1931 1764 1966 ἀρχῇ
1779 1930 1840 1957 τότε
1853 1938 1902 1956 πε-

1107 1979 1295 2005 πιστευκότων
1320 1977 1472 2013 ὀλιγότητι·
1493 1977 1541 2004 καὶ
1566 1976 1686 2013 ποιμένα
1708 1976 1737 2003 δὲ
1759 1976 1834 2010 ἄξιον
1852 1977 1901 2012 τῆς

1110 2161 1195 2189 vellet
1215 2161 1273 2188 :‘ac
1299 2167 1361 2196 qua:
1388 2157 1564 2195 postmodum
1580 2165 1703 2186 errorem
1731 2158 1844 2196 amnxit,
1872 2165 1903 2188 ut

1111 2198 1170 2231 ejus
1187 2196 1274 2231 ipsius
1304 2195 1401 2230 jugum
1413 2199 1571 2231 excuteret;
1597 2202 1706 2231 unaque
1718 2195 1827 2223 audiret
1852 2195 1904 2223 Ec-

1111 2229 1362 2270 el‘esia‘Catltolica,
1376 2229 1499 2270 omnium
1519 2229 1730 2270 ἱρ-ειιπροεᾷρίᾳ,
1746 2231 1820 2257 nulla
1843 2231 1901 2266 jam

1112 2267 1151 2294 illi
1164 2267 1267 2294 veteris
1294 2267 1387 2293 Romae
1401 2265 1450 2301 τῆς
1467 2263 1617 2301 προεδρίας
1639 2263 1772 2299 dignitate
1795 2273 1827 2292 ac
1844 2263 1903 2301 'po-

1111 2302 1208 2329 tentia.
1222 2302 1287 2334 Quae
1302 2301 1390 2335 prima
1403 2299 1494 2327 Photii
1512 2304 1615 2331 strues,
1630 2303 1746 2334 tttmque
1765 2299 1903 2328 cterularii

1109 2337 1145 2364 ab
1159 2345 1248 2371 eoque
1262 2337 1431 2370 reliquorum
1458 2342 1519 2362 eatn
1539 2335 1633 2362 sedem
1657 2342 1712 2362 non
1733 2337 1902 2371 ornantium,

1109 2372 1157 2400 sed
1175 2370 1248 2399 [uide
1263 2370 1449 2406 stuprantium
1462 2379 1469 2403 ;
1487 2377 1559 2398 caeca
1569 2377 1635 2397 sane
1646 2370 1812 2406 temeritate,
1823 2371 1904 2406 quasi

1111 2415 1165 2435 non
1179 2407 1283 2434 Christi
1295 2405 1354 2434 haec
1368 2406 1394 2433 in
1407 2405 1488 2432 Petro
1499 2406 1648 2437 institutio,
1672 2405 1720 2433 sed
1739 2405 1839 2440 regum
1855 2415 1906 2433 au—

1111 2443 1223 2469 ctoritas
1237 2447 1319 2476 atque
1334 2442 1379 2477 jus
1392 2442 1419 2468 in
1432 2441 1551 2477 palpone
1563 2441 1735 2477 incubatore,
1757 2441 1799 2477 vel
1819 2441 1904 2468 etiam

1112 2478 1139 2505 in
1161 2475 1287 2513 tyranno,
1312 2475 1433 2513 ἀντάρτῃ
1451 2481 1523 2513 itum
1547 2476 1653 2513 imperii
1674 2481 1731 2503 tum
1757 2475 1904 2513 Ecclesiae;

1112 2511 1295 2548 quo'utroque
1306 2511 1406 2539 rubrds
1419 2511 1527 2548 calceos
1539 2511 1692 2548 ambiissct.
1703 2518 1736 2538 ac
1747 2519 1865 2548 quorum
1875 2512 1905 2548 in

1113 2547 1172 2583 ipsa
1186 2548 1309 2575 Ecclesia
1328 2548 1448 2582 repulsa,
1463 2547 1509 2582 qui
1523 2547 1636 2583 aequalis
1646 2547 1771 2583 Romano
1788 2547 1906 2574 antistiti

1111 2581 1173 2611 esse
1183 2581 1509 2618 nequiverat,’diabolica
1522 2581 1662 2618 superbia,
1681 2581 1719 2608 illi
1735 2589 1765 2618 se
1779 2583 1907 2618 superio—

1113 2627 1170 2646 rem
1187 2616 1381 2646 ac‘summum
1399 2617 1529 2644 Ecclesia:
1547 2617 1679 2652 πρόεδρον
1697 2616 1829 2651 praefecit.
1847 2617 1906 2650 Qua

1113 2654 1147 2682 de
1162 2662 1190 2682 re
1207 2655 1234 2681 in
1250 2653 1370 2681 llistoria
1383 2653 1496 2688 Byzant.
1513 2660 1547 2679 ex
1565 2652 1752 2688 monumentis
1761 2660 1822 2687 quae
1834 2653 1908 2687 apud

1113 2698 1157 2717 me
1172 2693 1291 2720 exstant,
1307 2688 1382 2715 olnni
1402 2689 1505 2723 majora
1521 2687 1695 2722 exceptione,
1710 2687 1744 2714 ad
1760 2688 1908 2722 utriusque

1115 2725 1223 2760 tyranni
1239 2732 1271 2751 ac
1285 2723 1443 2760 schismatis
1467 2723 1620 2760 iuceptoris
1635 2727 1775 2760 tempora;
1795 2723 1908 2760 jamque

1113 2757 1192 2795 prelo
1205 2765 1298 2794 parata
1315 2763 1390 2795 sunt,
1409 2758 1439 2795 qsi
1454 2759 1565 2795 quando
1589 2759 1680 2795 regia»
1697 2757 1818 2795 Lupara,
1845 2757 1909 2795 aliis

1114 2792 1194 2830 plene
1205 2792 1354 2829 super-ﬂuis
1368 2793 1491 2828 fatigata,
1514 2793 1548 2820 ad
1571 2792 1908 2830 ejus'llistoriwiabsolu-

1115 2828 1217 2857 tionem
1237 2828 1421 2860 convalescat,
1450 2836 1537 2863 eaque
1562 2828 1625 2859 sibi,
1644 2828 1757 2863 regique
1773 2829 1909 2855 Christia-

1116 2865 1230 2892 nissimo
1240 2872 1348 2899 semper
1356 2865 1481 2900 Augusto
1489 2869 1573 2899 atque
1584 2864 1694 2897 victori,
1708 2863 1801 2900 gloriae
1811 2871 1909 2892 cumu-

1115 2901 1172 2929 lum
1185 2904 1299 2936 quierat.
