2072 3160
205 202 369 238 Ἐκκλησίας
383 202 429 229 τὸν
448 202 535 237 μέγαν
550 203 654 238 Στάχυν
673 203 907 245 ξγκεκληρωκὼς,
928 205 996 231 ἔδει·
1012 210 1031 236 Λ

199 249 245 281 ξεν
256 249 306 283 τὴν
321 249 361 279 si;
377 249 491 283 ὕστερον
506 250 535 275 ὲν
549 250 581 284 τῇ
599 249 676 276 πόλει
698 249 786 286 ταύτῃ
802 251 996 286 φανησομένην

197 294 298 330 δαψιλῆ
319 295 366 322 τοῦ
384 295 544 330 Πνεύματος
567 297 760 332 καρπογονίαν.
776 294 828 323 υἷα
847 297 902 332 γὰρ
921 299 996 329 σῖτος

199 341 301 368 κόκκου
316 341 330 368 ὁ
351 341 423 375 ἱερὸς
447 341 550 372 ἐκεῖνος
566 341 671 377 Στάχυς
687 341 779 368 πεσὼν
801 342 830 369 ὲν
852 342 932 378 αὐτῇ,
949 343 997 369 καὶ

198 388 259 419 ταῖς
275 387 416 422 οὐρανίαις
430 386 554 422 ἀρδείαις
571 387 768 423 δροσούμενος·
784 388 831 415 καὶ
848 390 882 424 τῇ
898 390 994 424 ἐπιτη-

195 434 315 469 δειότητι
331 434 384 460 τῶν
402 433 593 469 ὑποκειμένων
605 434 681 469 αὐτῷ
693 434 789 470 ψυχῶν
807 435 854 462 καὶ
868 435 994 462 διανοιῶν

662 145 804 176 ORATIO
823 146 871 176 IV.
888 160 923 165 —
939 147 982 178 ῐΝ
1001 148 1158 180 Ι.ΛΠΙ)ΕΜ
1176 150 1207 180 S.
1227 151 1403 185 ANDREE.

1805 160 1844 194 70

1050 205 1158 234 futuros
1171 207 1291 242 Spiritus
1306 210 1413 239 fructus
1425 213 1546 241 ostendit
1559 214 1593 244 ὀ.
1612 215 1694 245 Velut
1706 217 1781 246 enim
1792 220 1843 248 tri-

1048 253 1095 280 tici
1120 262 1237 289 granum
1254 263 1332 283 sacer
1359 258 1404 285 ille
1426 258 1547 296 Stachys
1567 262 1594 288 in
1613 266 1714 291 terram
1726 265 1841 298 cadens.

1047 300 1210 335 cmlestique
1231 309 1293 330 rore
1308 303 1439 339 irriguus,
1455 313 1488 333 ac
1503 307 1688 342 subjectarum
1714 309 1770 337 illis
1781 312 1843 338 ani-

1051 353 1157 373 marum
1175 348 1368 384 mentiumque
1385 351 1539 385 aptitudine
1550 354 1682 383 dilatatus
1694 356 1841 386 adauctus-

1045 398 1110 425 que,
1122 393 1280 428 centuplum
1290 395 1441 424 etiamnum
1451 403 1552 427 sancta:
1563 399 1626 428 ﬁdei
1639 401 1759 430 fructum
1770 403 1843 431 inte-

1045 445 1093 472 gra
1110 443 1203 474 segete
1219 440 1289 468 edit.

195 479 437 514 ὲμπλατυνόμενος
457 481 504 506 καὶ
527 480 711 517 αὐξανόμενος
721 502 729 516 ,
755 482 998 510 ὲκατονταπλασὶω
1016 483 1062 510 τὸν
1077 484 1128 522 τῆς
1143 485 1225 521 ἁγίας
1240 487 1401 525 τελεσφορεῖ
1416 489 1535 523 πίστεως
1563 492 1628 529 ἄχρι
1658 494 1706 522 καὶ
1720 496 1843 532 τήμερον

194 525 316 552 καρπόν.

229 534 343 598 ξὲοζοῦ
358 571 506 604 Βυζαντίου
529 573 558 606 δὲ
586 574 698 610 θρᾴκην
723 575 737 601 ὁ
761 574 900 607 θειότατος
924 575 994 610 ἀνὴρ

193 617 292 650 ἐπιὼν,
306 617 350 644 ἴνα
365 618 399 645 τὰ
416 618 519 653 μεταξὺ
538 620 679 654 συντέμω,
696 619 741 646 διὰ
761 620 932 652 Μακεδονίας
947 621 993 647 καὶ

193 664 400 700 Θεσσαλονίκης
429 667 487 697 τοῖς
512 665 751 701 Πελοποννησίοις,
769 667 817 694 καὶ
838 667 992 694 τελευταῖον

192 711 254 742 ταῖς
267 710 390 745 Πάτραις
407 711 455 746 τῆς
467 711 581 747 ’Δχατας
597 714 771 748 προσχωρεϊ·
789 713 856 740 ὅπου
870 712 902 748 δὴ
915 713 992 748 γενό-

193 765 288 791 μενος,
304 757 350 783 καὶ
366 758 448 792 ἱερῶς
461 759 526 790 τοὺς
540 757 701 792 ὲγγίζοντέας
716 759 730 785 ὁ
747 759 876 794 θεόσοφος
890 759 991 794 ἐκκλη-

193 802 358 838 σιαζόμενος
368 812 375 819 ·
395 804 502 838 Ἄρατε
517 804 588 838 τοὺς
600 804 776 840 ὀφθαλμοὺς
791 805 884 839 ὑμῶν,
900 802 924 832 ὧ
939 805 990 832 ἇν-

191 849 262 884 δρες
273 849 398 884 Ἀχαιοὶ,
417 850 582 886 παρεκάλει,
594 851 671 885 πρὸς
686 852 833 885 οὐρανόν·
851 851 941 885 ἥλιόν
953 860 985 879 τε

191 896 242 923 καὶ
254 897 395 931 σελήνην
411 897 460 924 καὶ
474 898 623 932 ἀστέρας,
637 898 687 925 καὶ
701 898 807 927 πᾶσαν
825 897 885 925 τῶν
900 907 989 926 νόου⁴
1007 909 1027 938 Β

190 943 290 978 μένων
304 944 406 970 κτίσιν
419 943 636 972 διδασκαλεῖον
648 942 748 972 οὖσαν
761 944 815 972 τοῦ
824 945 991 978 Κτίσαντος

190 989 421 1024 ἑπίγνωτεπος.
434 989 480 1017 del
495 990 540 1017 ῶν
551 991 659 1025 ὁμοίως
671 991 803 1026 ἄναρχος
814 991 863 1017 καί
880 990 992 1018 ἀθάνα-

190 1043 256 1068 τος,
275 1035 397 1069 ἄπειρος
413 1036 460 1062 καὶ
475 1035 644 1071 ἀσώματος,
663 1037 799 1071 ἄληπτος
810 1036 859 1064 καὶ
876 1036 991 1071 ἀπρόσ-

194 1090 269 1114 ιτος,
293 1081 413 1115 πρῶτον
431 1081 492 1116 μὲν
505 1083 614 1116 νοερὸν
628 1083 745 1117 κόσμον
758 1083 807 1109 καὶ
823 1082 930 1115 ἇῢλον,
941 1082 990 1109 καὶ

189 1126 304 1153 οἰκεῖον
323 1126 420 1159 ἐαυτῷ
435 1128 481 1160 εὶς
500 1127 598 1160 δόξαν
618 1127 815 1161 ὑπεστήσατο
826 1135 832 1142 ·
850 1128 992 1162 δεύτερον

188 1174 225 1200 δὲ
242 1173 296 1200 τὸν
315 1174 465 1208 αἰσθητὸν
481 1174 590 1202 τοῦτον
603 1174 654 1201 καὶ
668 1175 802 1209 φθαρτὸν
817 1175 867 1201 καὶ
889 1181 990 1209 σωμα-

188 1220 286 1252 τικὸν,
302 1219 356 1246 τὸν
376 1220 412 1252 ἐξ
433 1220 566 1254 οὐρανοῦ
590 1220 640 1248 καὶ.
662 1220 721 1255 τῆς
736 1221 924 1255 συνεστῶτα,
940 1222 990 1249 καὶ

189 1266 314 1292 πάντων
339 1266 401 1293 τῶν
422 1266 458 1293 ἐν
479 1267 601 1300 αὐτοῖς,
621 1268 991 1302 κατεσκευάσατο.’16ίαις

189 1313 224 1340 δὲ
249 1313 304 1340 τὸν
330 1313 490 1348 ἄνθρωπον
513 1315 611 1349 μόνον
637 1314 697 1341 τῶν
720 1314 798 1345 ζώων
818 1315 991 1349 διαπλάσας

189 1360 278 1394 χερσὶ
288 1380 297 1392 ,
315 1359 367 1387 καὶ
381 1361 462 1395 λόγῳ
477 1359 586 1388 τοῦτον
596 1388 599 1392 ,
609 1361 788 1396 τετιμηκὼς,
804 1361 853 1388 καὶ
869 1362 925 1390 νοῦ
940 1362 990 1389 καὶ

189 1407 304 1440 σοφίας
318 1406 453 1440 ἠξιωκὼς
462 1427 472 1441 ,
484 1405 540 1441 τῆς
553 1407 668 1440 οἰκείας
681 1408 785 1435 εἰκόνα
796 1407 991 1443 μεγαλειότη-

189 1460 244 1485 τος
262 1451 438 1487 εἰργάσατο.

227 1540 342 1567 Τοῦτον
354 1540 389 1567 ὲν
403 1541 575 1576 παραδείσῳ
592 1542 716 1578 θέμενος
729 1543 795 1570 κατ’
809 1543 915 1578 ἀρχὰς,
929 1544 989 1571 τῶν

187 1585 241 1612 ἐπὶ
254 1586 310 1620 τῆς
323 1586 380 1621 τῆς
397 1587 546 1620 ἐπέταξεν
562 1587 684 1615 πάντων
703 1589 872 1624 ήτεμονεῖν.
886 1591 988 1623 Φθόνῳ

187 1632 224 1659 δὲ
238 1632 292 1660 τοῦ
304 1632 447 1660 διαϐόλου
460 1634 509 1661 καὶ
525 1635 694 1669 ἀπροσεξίᾳ
707 1636 767 1669 ἰδίᾳ
786 1636 845 1670 τὴν
858 1637 989 1671 ἐντολὴν

187 1678 245 1706 τοῦ
262 1679 337 1706 Θεοῦ
352 1680 499 1714 παραϐὰς,
509 1680 559 1707 καὶ
569 1681 619 1708 διὰ
633 1681 721 1708 τοῦτο
734 1682 788 1709 τοῦ
801 1683 988 1717 παραδείσου

187 1723 305 1757 πεσὼν,
315 1725 364 1752 καὶ
380 1724 447 1759 τοῖς
461 1726 588 1757 κτήνεσι
604 1727 665 1760 τοῖς
678 1727 818 1761 ἀνοήτοις
832 1736 989 1764 παρασυμ-

187 1771 311 1804 ϐληθείς
322 1772 371 1798 καὶ
385 1773 547 1806 όμοιωθεὶς,
562 1774 657 1801 αὑτοῦ
670 1774 729 1809 μὲν
745 1772 820 1810 ἧκεν
832 1776 876 1809 είς
888 1777 988 1811 λήθην

186 1817 319 1851 ὁλοτελῆ
330 1826 337 1832 ⁸
355 1818 392 1853 τῇ
403 1819 500 1846 κτίσει
515 1819 549 1845 δὲ
563 1821 674 1847 λοιπὸν
686 1821 736 1848 καὶ
748 1821 812 1855 τοῖς
826 1823 986 1857 ὁρωμένοις

185 1864 389 1898 ἐναπερείδων
414 1865 468 1892 τὸν
492 1865 587 1898 νοῦν,
610 1866 662 1894 καί
686 1875 720 1902 γε
745 1868 780 1894 τὸ
804 1869 902 1896 καλὸν
924 1869 986 1903 τοῖς

185 1911 354 1946 ὀφθαλμοῖς
373 1914 519 1946 νομισθὲν
542 1914 636 1947 ἀθέως
649 1913 805 1947 θεοποιῶν,
825 1915 879 1942 τοῦ
892 1916 986 1951 ὄντως

184 1955 277 1988 ὄντος
293 1956 503 1984 ἀπολισθαίνει
517 1957 607 1985 Θεοῦ·
628 1958 677 1984 καί
699 1958 795 1992 οὕτως
817 1959 985 1994 ἀνθρώποις

183 2001 290 2034 αὐτοῖς
306 2003 323 2029 ό
342 2001 425 2035 νοῦς,
440 2002 495 2030 τοῦ
511 2003 581 2036 ἐνὸς
593 2004 644 2030 καὶ
659 2004 792 2038 ἀληθοῦς
806 2004 862 2038 τῆς
880 2008 985 2041 φιλίας

183 2046 375 2081 ἀπορῤαγείς,
387 2047 508 2081 μυρίαις
534 2047 620 2081 ὅσαις
636 2048 768 2075 alcidale
791 2048 842 2076 καὶ
863 2050 983 2085 πλάνης

183 2092 368 2126 περιηνέχθη
384 2093 564 2127 συμφοραῖς.

220 2138 278 2165 Διὰ
293 2139 383 2166 τοῦτο
398 2139 471 2172 Θεὸς
486 2139 644 2173 ἅνθρωπος
661 2140 774 2175 γίνεται
785 2149 792 2156 ·
817 2141 889 2176 Θεὸς
914 2142 983 2170 ald)-

182 2194 262 2218 νιος,
282 2186 302 2219 ἢ
327 2185 526 2220 ὐπεραιὼνιος
537 2194 543 2201 ·
568 2186 640 2219 Θεὸς
654 2187 839 2222 ἀπροσδεὴς,
856 2189 980 2223 τέλειος,

181 2233 280 2269 μόνος
291 2232 349 2266 τὴν
364 2233 460 2267 φύσιν
474 2232 584 2267 ἀγαθὸς
598 2232 647 2260 καί
660 2234 849 2269 ὐπεράγαθος
859 2243 866 2251 ·
887 2236 983 2270 μόνος

182 2279 317 2312 δυνατὸς
347 2279 406 2313 τὴν
436 2279 528 2314 ἰσχὺν
557 2280 608 2307 καὶ
638 2281 857 2316 ὑπερδύναμος.
889 2280 984 2316 Οὗτος

182 2325 277 2357 οἴκτῳ
293 2323 496 2358 χρησάμενος,
511 2324 566 2351 τὸν
575 2324 739 2360 μονογενῆ,
757 2326 813 2353 τὸν
837 2327 982 2362 ίσοσθενῆ

182 2371 235 2399 καί
251 2371 450 2406 συνάναρχον
463 2371 558 2400 αὑτοῦ
574 2371 683 2405 Λόγον,
703 2371 853 2406 εὐδόκησα
876 2372 983 2401 δοῦναι

183 2417 250 2449 τοῖς
259 2417 470 2451 ἡμαρτηκόσιν
483 2415 672 2450 ίλαστήριον,
683 2415 716 2449 ὃς
729 2416 884 2449 Παρθένον
894 2417 983 2452 ἁγίαν

183 2463 390 2498 ἁπειρόγαμον
414 2460 549 2494 ὑποδὺς,
576 2461 626 2488 καὶ
651 2461 724 2493 Θεὸς
751 2460 801 2488 καὶ
827 2461 983 2496 ἅνθρωπος

183 2509 378 2543 ὑπερουσίως
393 2509 410 2535 ό
426 2507 518 2541 αὐτὸς
531 2506 604 2541 ἡμῖν
614 2507 783 2542 γεννηθείς·
797 2506 899 2534 ἔπειτα
907 2509 982 2542 μετὰ

183 2554 329 2590 λαμπρᾶς
341 2554 392 2582 καὶ
408 2553 592 2589 θεοπρεποῦς
601 2554 657 2587 τῆς
669 2553 704 2580 ἐκ
712 2554 812 2588 λόγων
824 2553 873 2581 καὶ
889 2555 984 2589 ἔργων

183 2601 352 2636 μαρτυρίας
372 2600 577 2634 ἀναδειχθείςο
599 2600 704 2627 ἔπειτα
723 2599 786 2632 τοῖς
803 2599 880 2634 ὑπὲρ
898 2600 985 2635 ἡμῶν

184 2648 348 2682 σωτηρίοις
361 2647 529 2682 παθήμασι,
543 2647 593 2673 καὶ
608 2645 649 2678 τῷ
667 2646 735 2678 θείῳ
755 2646 876 2680 σταυρῷ
889 2653 985 2682 προσ-

186 2693 356 2729 ωμιληκὼς,
366 2693 414 2721 καὶ
424 2694 458 2720 ἐκ
469 2693 529 2720 τῶν
540 2693 657 2727 νεκρῶν
668 2692 824 2727 τριήμερος
837 2693 982 2728 ἀναστὰς,

186 2741 238 2768 καὶ
250 2740 423 2775 ἔμπροσθεν
432 2739 518 2775 ἡμῶν
525 2739 710 2774 ἀναληφθεὶς
722 2740 766 2772 εἰς
775 2739 831 2767 τὸν
840 2740 981 2775 οὐρανὸν,

1001 1579 1023 1609 C

223 2810 248 2826 “
262 2810 342 2838 toan.
358 2810 445 2838 χιιι.
481 2810 504 2826 ’³
516 2809 588 2838 Psal.
601 2817 696 2842 xum,
710 2809 756 2836 13.

1081 575 1212 611 Byzantio
1232 583 1325 607 autem
1347 581 1390 608 vir
1412 581 1601 612 divinissimus
1626 585 1772 615 Thraciam
1797 587 1841 615 in-

1046 623 1175 657 grediens
1189 624 1230 660 (ut
1240 633 1301 660 qua
1318 628 1408 655 media
1421 634 1486 656 sunt
1501 631 1695 667 perstringam)
1715 641 1765 668 per
1783 633 1840 662 Ma-

1045 667 1190 696 cedoniam
1203 675 1230 698 et
1251 671 1488 706 Thessalonicam,
1505 667 1724 711 Peloponnesios
1743 686 1840 714 aggre-

1045 713 1141 747 ditur;
1157 723 1189 743 ac
1217 716 1252 744 ad
1267 722 1421 746 extremum
1449 721 1544 749 Patras
1565 722 1675 751 Achaia
1688 713 1774 752 venit.
1782 713 1839 754 Ubi

1044 760 1212 789 constitutus
1231 767 1381 799 sancteque
1403 773 1453 793 eos
1475 767 1524 802 qui
1548 769 1714 797 accederent
1728 770 1840 800 divinus

1044 806 1173 841 magister
1187 815 1237 843 pro
1258 810 1394 838 concione
1408 819 1509 846 cogens
1524 822 1531 840 :
1547 813 1652 846 Tollite.
1667 823 1769 850 quaeso,
1783 817 1840 845 aie-

1041 849 1098 884 bat,
1111 852 1161 879 viri
1176 853 1276 888 Achaei,
1290 855 1318 881 in
1328 855 1422 883 cwlum
1433 856 1549 891 Iuntina;
1560 859 1694 895 solemque
1708 865 1732 887 et
1747 861 1840 890 lunam

1042 902 1066 923 et
1080 897 1182 930 stellas.
1200 907 1356 937 omnemque
1368 909 1461 930 earum
1474 911 1574 937 rerum,
1589 913 1648 940 quce
1660 913 1746 934 mente
1761 909 1840 936 intel-

1045 941 1175 977 liguntur,
1194 950 1358 980 creaturam,
1376 948 1433 983 ejus
1449 950 1493 984 qui
1506 952 1604 978 creavit
1617 960 1649 979 ac
1659 953 1774 981 condidit
1788 955 1840 982 ad-

1043 989 1160 1016 discendi
1185 990 1278 1018 ludum
1292 997 1414 1028 apertum
1427 996 1569 1029 agnoscite.
1589 997 1627 1029 Is,
1657 1006 1715 1025 cum
1734 1007 1840 1035 semper

1044 1032 1111 1059 nihil
1123 1033 1269 1068 dissimilis,
1296 1040 1412 1065 alemus
1430 1042 1454 1065 et
1475 1040 1645 1074 immortalis,
1665 1042 1838 1079 inﬁnitasque

1044 1082 1069 1104 et
1097 1079 1279 1115 ineat-parens,
1297 1083 1580 1121 incomprehensusque
1590 1088 1625 1114 sit
1639 1093 1664 1115 et
1679 1089 1838 1123 inaccessus,

1043 1125 1159 1160 primum
1178 1127 1284 1162 quidem
1294 1130 1446 1157 animorum
1461 1132 1589 1160 mundum
1602 1138 1683 1169 atque
1696 1137 1837 1170 mentium,

1044 1177 1092 1196 nec
1107 1172 1275 1200 exsistentem
1289 1175 1316 1201 in
1332 1177 1457 1209 materia,
1469 1177 1590 1214 vetatque
1601 1180 1650 1206 sibi
1663 1180 1837 1215 familiarem,

1043 1216 1071 1243 in
1080 1216 1166 1252 gloria
1174 1219 1290 1246 condidit
1301 1219 1356 1255 (l6)
1366 1229 1376 1254 ;
1384 1226 1491 1258 tumque
1498 1223 1624 1257 alterum,
1633 1226 1702 1253 hunc
1710 1227 1838 1255 nimirum

1042 1263 1159 1290 sensibus
1174 1264 1304 1299 objectum
1330 1276 1361 1294 ac
1387 1269 1551 1304 corruptioni
1579 1271 1723 1300 obnoxium
1745 1282 1838 1309 corpo-

1042 1315 1176 1343 reamque,
1193 1317 1225 1336 ex
1237 1310 1301 1337 caelo
1307 1315 1332 1337 ct
1344 1316 1416 1339 terra
1428 1318 1601 1349 constantem,
1617 1318 1768 1353 cunctisque
1777 1327 1838 1354 quae

1041 1353 1069 1379 in
1079 1354 1117 1380 eis
1133 1359 1205 1388 sunt,
1221 1357 1367 1391 fabricatus
1382 1363 1440 1386 est:
1456 1361 1541 1387 solum
1561 1365 1651 1389 autem
1663 1371 1695 1389 ea:
1710 1365 1837 1393 animan-

1042 1399 1109 1426 tibus
1119 1401 1251 1428 hominem
1264 1404 1378 1438 propriis
1391 1404 1535 1439 formatum
1545 1407 1677 1441 manibus,
1689 1413 1714 1436 et
1731 1411 1837 1438 ratione

1039 1450 1120 1480 atque
1130 1455 1251 1475 sermone
1262 1454 1387 1476 ornatum
1403 1456 1537 1487 menteque
1550 1461 1582 1480 ac
1589 1454 1722 1489 sapientia
1732 1456 1837 1484 instru-

1040 1497 1122 1524 ctum,
1133 1501 1189 1521 sua:
1198 1495 1374 1523 simulacrum
1385 1498 1533 1532 majestatis
1543 1500 1614 1535 fecit.

1076 1538 1152 1566 Ηιιηε
1165 1540 1193 1567 in
1208 1542 1334 1576 paradiso
1342 1539 1379 1570 ab
1401 1544 1478 1571 initio
1492 1547 1617 1580 positum,
1637 1550 1766 1578 universis
1777 1558 1837 1586 quia

1038 1583 1067 1610 in
1081 1588 1154 1611 terra
1168 1591 1263 1619 essent,
1276 1595 1389 1622 praeesse
1405 1591 1551 1620 constituit.
1571 1593 1675 1622 Diaboli
1688 1601 1778 1622 aulem
1793 1597 1837 1623 in-

1038 1629 1110 1656 vidia
1124 1639 1224 1666 suaque
1232 1632 1314 1666 ipsius
1326 1635 1448 1662 socordia
1459 1636 1510 1664 Dei
1519 1639 1675 1668 mandatum
1683 1646 1835 1677 transgres-

1037 1683 1082 1702 sus
1091 1683 1200 1711 eamque
1216 1678 1247 1705 ob
1258 1687 1314 1706 rem
1326 1687 1340 1706 c
1357 1681 1483 1715 paradiso
1493 1683 1647 1719 prolapsus,
1663 1695 1695 1714 ac
1704 1687 1835 1722 jumenlis

1037 1721 1220 1756 insipientibus
1236 1730 1407 1759 comparatus
1424 1727 1530 1764 illisque
1550 1731 1646 1758 similis
1664 1733 1778 1768 effectus,
1805 1735 1834 1761 in

1037 1767 1094 1802 ejus
1105 1767 1213 1803 plenam
1223 1769 1380 1799 obliuionem
1392 1775 1463 1800 venit
1477 1775 1498 1790 “
1515 1783 1522 1802 :
1535 1775 1649 1812 jamque
1663 1767 1792 1807 creaturae
1803 1789 1836 1808 ac

1037 1814 1113 1841 rebus
1128 1814 1156 1841 in
1178 1821 1315 1851 aspectum
1330 1820 1487 1848 cadentibus
1499 1823 1624 1852 adhibens
1636 1826 1766 1860 animum,
1781 1828 1834 1855 im-

1036 1861 1130 1896 pieque
1154 1862 1224 1897 quod
1245 1863 1386 1898 pulchrum
1415 1867 1497 1894 oculis
1514 1869 1599 1912 pisum
1615 1875 1680 1898 esset
1698 1873 1728 1900 in
1747 1873 1834 1902 Deum

1035 1913 1201 1940 cansecrans,
1217 1917 1234 1935 a
1243 1916 1304 1936 vero
1314 1910 1412 1938 excidit
1425 1911 1478 1939 Deo
1492 1910 1602 1950 :sicque
1611 1924 1684 1944 mens
1700 1919 1832 1952 humana,

1035 1952 1068 1978 ab
1081 1953 1159 1979 unius
1177 1954 1283 1989 verique
1298 1964 1390 1983 amore
1403 1957 1529 1993 abscissa,
1545 1961 1782 1992 innumerabilibus
1805 1973 1834 1993 se

1033 1998 1238 2027 simulacrorum
1249 2001 1400 2037 errorisque
1412 2005 1539 2032 (erumnis
1553 2014 1585 2033 ac
1602 2007 1680 2035 malis
1692 2009 1814 2038 inseruit.

1071 2146 1141 2175 Eam
1153 2148 1184 2176 ob
1199 2157 1255 2176 rem
1276 2149 1347 2177 Deus
1370 2151 1448 2179 homo
1472 2152 1514 2187 ﬁt.
1528 2152 1598 2181 Deus
1618 2158 1745 2188 wternus,
1774 2157 1828 2183 sive

1035 2197 1137 2221 aeterno
1162 2195 1262 2229 maior.
1285 2195 1356 2224 Deus
1372 2198 1473 2225 nullius
1495 2207 1582 2234 egens,
1604 2201 1745 2236 perfectus,
1761 2202 1834 2230 solus

1000 2261 1022 2289 ὓ
1038 2243 1140 2266 natura
1155 2240 1238 2269 bonus
1253 2250 1286 2269 ac
1309 2251 1392 2278 supra
1404 2252 1486 2279 quam
1500 2245 1582 2273 bonus
1593 2255 1603 2274 :
1614 2246 1686 2274 solus
1710 2248 1786 2283 fortis
1802 2257 1835 2276 ac

1037 2290 1128 2320 potens
1149 2295 1306 2324 omnemque
1327 2292 1474 2325 potentiam
1496 2293 1632 2320 excedens.
1645 2293 1754 2322 Placuit
1774 2296 1835 2322 huic

1037 2331 1208 2360 miseratione
1230 2341 1289 2367 uso,
1316 2339 1346 2362 ut
1376 2337 1554 2371 unigenitum.
1584 2340 1705 2374 ejusdem
1744 2349 1834 2368 secum

1035 2381 1141 2405 nature
1181 2379 1299 2414 ejusdem
1319 2383 1443 2416 potentia:
1476 2391 1508 2409 ac
1534 2389 1694 2412 coleternum
1723 2385 1836 2413 Verbum

1036 2430 1116 2449 suum
1143 2426 1325 2459 peccatoribus
1356 2428 1571 2462 propitiationem
1586 2429 1672 2457 daret.
1685 2430 1764 2466 Isque
1776 2431 1836 2466 (Dei

1034 2467 1135 2496 scilicet
1161 2471 1270 2506 sermo)
1311 2478 1433 2500 sanctam
1466 2474 1600 2510 Virginem
1628 2477 1668 2504 rei
1699 2477 1834 2505 maritalis

1035 2519 1168 2550 expertem
1182 2517 1297 2550 subiens,
1308 2518 1430 2555 Deusque
1440 2529 1471 2547 ac
1480 2522 1557 2549 homo
1569 2522 1639 2549 idem
1651 2523 1723 2550 nobis
1741 2532 1835 2559 super~

1031 2561 1245 2589 substantialiter
1274 2569 1365 2598 natus,
1382 2570 1490 2602 tumque
1522 2568 1664 2604 magni/ica
1696 2570 1836 2604 divinaque

1031 2607 1116 2635 verbis
1139 2610 1311 2645 operibusque
1336 2613 1487 2641 testimonio
1508 2614 1661 2643 declaratus
1674 2620 1754 2650 atque
1770 2624 1833 2650 pro-

1033 2653 1122 2687 ditus;
1154 2663 1186 2682 ac
1204 2656 1298 2684 deinde
1322 2658 1485 2687 salutaribus
1519 2662 1603 2688 nostri
1625 2669 1705 2688 causa
1734 2661 1836 2695 passio-

1033 2701 1110 2728 nibus
1120 2701 1262 2737 divinaque
1285 2712 1363 2732 cruce
1379 2707 1543 2741 perfunctus,
1570 2712 1650 2743 atque
1669 2715 1701 2733 ea:
1723 2708 1835 2735 mortuis

1035 2745 1179 2774 triduanus
1193 2748 1347 2783 suscitatus,
1374 2750 1499 2787 nobisque
1513 2759 1604 2779 coram
1618 2752 1646 2779 in
1666 2750 1762 2779 uelum
1786 2759 1832 2779 re-

229 2880 343 2917 (11)(Ζῆ
370 2881 450 2917 Greg.
485 2882 583 2910 Theo].
603 2886 676 2910 orat.
711 2881 740 2909 in
769 2881 871 2910 Christi
902 2883 1032 2912 natalem.
