2072 3160
237 179 269 212 τι
850 172 996 202 NICET/E
1016 171 1279 202 PAPIILAGUNIS
1837 173 1874 204 72

240 237 340 269 ceptus,
359 232 387 259 in
410 231 459 258 Dei
492 230 600 256 dextera
621 229 746 256 consedit.
774 228 826 260 Qui
855 231 878 253 et
909 231 1029 253 sanctum

1089 227 1116 253 ἓν
1135 226 1220 261 δεξιᾷ
1241 227 1379 254 νεκάθικε
1398 227 1451 254 τοῦ
1468 228 1557 255 Θεοῦ·
1570 228 1604 262 ὃς
1629 228 1678 256 καὶ
1698 229 1731 256 τὸ
1754 230 1874 266 Πνεῦμα

240 281 370 316 Spiritum
387 286 466 305 suum
483 277 512 304 in
535 286 580 304 nos
591 281 680 312 postea
712 275 815 302 abunde
830 274 932 309 effudit,
953 274 1029 308 cujus

240 329 336 355 virtute
347 334 378 352 ac
391 324 566 354 invocatione,
583 323 621 349 uti
631 322 733 352 uidetis,
744 321 874 348 (immanes
892 320 924 347 ab
944 320 1030 346 obses-

241 374 276 400 sis
293 372 430 408 pelluntur
454 369 616 405 corporibus,
632 368 715 394 morbi
733 367 848 402 fugiunt,
867 367 928 394 crevi
947 366 1031 392 uisum

242 418 381 452 recipiunt,
408 417 483 443 surdi
497 415 627 445 auditum,
648 413 806 441 claudorum
830 413 904 439 bases
920 411 1032 438 consoli-

243 467 352 496 dantur,
369 467 508 498 resurgunt
523 461 632 492 mortui,
646 461 761 495 mgrique
777 467 867 486 omnes
881 459 1031 485 animorum

243 517 435 544 corporumque
446 509 553 547 alfeetus
565 506 737 538 insanabiles,
749 507 804 532 sola
818 505 914 532 Christi
927 504 1032 531 nomine

245 555 439 582 conuellantur.

279 651 364 686 Igitur
377 650 564 677 denuntiamus
577 649 657 681 vobis,
670 649 720 675 viri
731 647 929 685 sapientissimi,
941 654 972 673 ac
985 646 1038 672 ιιιί-Δ

243 699 395 728 hortamur,
414 705 447 723 ne
463 697 569 723 uerbum
585 695 680 722 salutis
695 695 783 729 hujus,
801 693 871 729 quod
879 701 925 729 per
935 701 980 719 nos
991 700 1034 719 vo-

243 744 280 770 bis
309 743 499 774 amtnntiatnr,
523 741 665 777 repudiatis
688 750 695 767 :
722 740 768 767 sed
782 740 863 767 variis
882 740 938 766 istis
950 739 1035 765 virtu—

243 789 311 816 tibus
328 788 488 822 conﬁrmati,
498 787 595 814 credite
607 787 655 814 uni
671 786 726 814 Deo
746 786 803 813 vivo
816 787 924 821 ejusque
944 785 1035 820 Unige-

244 835 309 866 aito,
331 835 377 869 qui
397 842 444 869 pro
464 834 536 860 nobis
559 834 635 861 homo
651 833 736 868 fartus
749 837 787 860 est
811 837 835 859 et
850 831 990 866 cruci/imus
1009 836 1034 857 et

244 880 398 910 assurrexit,
417 879 584 914 ascenditque
594 880 621 906 in
634 879 722 911 τιειοδ,
746 887 777 905 ac
794 886 886 904 rursus
902 886 961 904 eum
978 877 1036 912 glo-

245 926 284 952 ria
301 934 314 952 e
337 926 408 952 etelis
421 929 546 953 uenturus
573 930 621 958 est,
637 930 666 952 ut
687 925 805 952 vivorum
821 932 852 951 ac
868 928 1034 950 mortuorum

243 970 329 998 ludes:
340 972 438 1003 sedeat,
453 971 613 1006 singulisque
625 978 671 1005 pro
688 978 717 997 eo
733 978 764 996 ac
779 974 914 1005 gesserunt
929 968 1034 995 reddat.

244 1015 312 1042 Huic
324 1016 467 1049 credentes,
480 1016 655 1050 baptizamirti
680 1016 708 1042 in
722 1016 779 1050 ejus
789 1015 894 1041 nomine
905 1022 914 1045 ;
932 1014 1033 1040 sancti-

243 1070 293 1096 que
312 1061 426 1096 Spiritus
445 1065 564 1096 suscepto
583 1061 661 1092 dono,
673 1061 864 1088 illumillumini
885 1060 984 1092 animo,
998 1059 1033 1086 il-

244 1105 414 1132 luminamini
435 1111 531 1142 mente,
557 1107 637 1141 inque
657 1115 717 1133 eum
738 1106 844 1133 modttm
867 1105 899 1132 ab
929 1106 1035 1139 impura

243 1153 540 1180 emimdatidtumonum
557 1153 684 1188 religione
704 1161 735 1180 ac
754 1152 838 1184 cultu,
854 1152 969 1179 hiet-edes
981 1150 1038 1186 efﬁ—

243 1199 352 1226 ciamiui
363 1200 422 1226 vita:
435 1203 541 1227 averna:
558 1201 585 1227 in
597 1199 700 1228 Christo
714 1199 789 1227 Iesu.

1081 273 1175 299 αὑτοῦ
1201 273 1234 299 τὸ
1252 273 1348 307 ἅγιον.
1363 274 1439 306 μετὰ
1461 274 1554 301 ταῦτα
1575 276 1732 308 πλουσίως
1752 276 1875 312 ἐξέχεεν

1081 319 1129 354 ἐφ’
1144 319 1233 353 ἡμᾶς.
1250 317 1286 347 οὗ
1303 319 1341 353 τῇ
1355 320 1481 354 δυνάμει
1494 321 1543 347 καὶ
1557 321 1595 355 τῇ
1613 321 1788 355 ἐπικλήσει,
1805 325 1875 350 καθ-

1082 366 1122 397 ὼς
1144 363 1231 400 ὁρᾶτε
1244 387 1251 397 ,
1272 366 1411 401 δαίμονες
1431 366 1490 393 τῶν
1513 367 1707 401 ἀνθρωπίνων
1730 367 1876 403 σωμάτων

1082 413 1296 444 ἐξελαύνονται
1306 433 1312 444 ,
1327 413 1415 440 νόσοι
1434 414 1664 447 δραπετεύουσι,
1677 415 1786 448 τυφλοὶ
1801 415 1875 442 ἀνα-

1083 459 1248 490 σλέπουσι,
1265 458 1357 493 κωφοὶ
1372 459 1537 486 ἀκούουσι·
1561 459 1611 486 καὶ
1633 459 1875 494 ἁναῤῥώννυνται

1084 504 1141 537 μὲν
1155 505 1256 540 χωλοὶ,
1269 505 1448 533 ἀνίστανται
1458 505 1493 532 δὲ
1504 506 1615 539 νεκροὶ,
1628 506 1677 534 καὶ
1688 507 1767 540 πάθη
1778 506 1877 534 πάντα

1083 551 1192 586 ψυχῶν
1216 552 1264 578 καὶ
1287 551 1433 586 σωμάτων
1453 553 1577 585 ἀνίατα,
1592 553 1675 588 μόνῳ
1688 552 1875 587 καταργεῖται

1084 597 1125 630 τῷ
1144 599 1267 631 ὀνόματι
1284 598 1337 625 τοῦ
1358 599 1498 632 Χριστοῦ.

1123 642 1230 668 Τοίνυν
1246 643 1494 677 παραγγέλλομεν
1508 643 1589 677 ὑμῖν,
1610 642 1632 669 ὦ
1647 643 1756 676 ἄνδρες
1779 642 1878 677 σοφώ-

1085 695 1178 718 τατοι,
1195 688 1243 714 καὶ
1269 688 1484 721 παραινοῦμεν,
1497 688 1539 722 μὴ
1567 687 1797 722 ἀποστραφῆναι
1825 689 1879 714 τίν

1085 734 1178 768 λόγον
1199 734 1253 767 τῆς
1276 734 1350 767 ζωῆς
1370 735 1498 767 ταύτης,
1522 735 1575 761 τὸν
1598 735 1635 761 δι’
1648 735 1732 770 ἡμῶν
1751 735 1786 762 ἐν
1807 733 1879 769 ὑμῖν

1086 780 1383 814 καταγγελλόμενον·
1397 779 1479 806 ἀλλὰ
1493 780 1556 812 ταῖς
1582 781 1735 813 ποικίλαις
1757 782 1878 816 ταύταις

1083 825 1290 858 ,βεϐαιούμενοι
1303 825 1461 859 δυνάμεσι,
1469 827 1653 854 πιστεύσατε
1660 827 1704 853 ἐνὶ
1713 827 1773 859 Θεῷ
1784 827 1878 861 ζῶντι,

1087 871 1134 897 καὶ
1150 871 1189 902 τῷ
1197 871 1303 897 τούτου
1316 871 1482 905 Μονογενεῖ
1492 872 1531 904 τῷ
1545 873 1620 905 ὑπὲρ
1634 872 1719 907 ἡμῶν
1732 874 1877 907 ἀνθρωπι-

1094 916 1198 943 σθέντι
1221 916 1269 943 καὶ
1289 918 1491 950 σταυρωθέντι
1511 919 1559 945 καὶ
1579 919 1754 952 ἀναστάντι,
1771 919 1820 946 καὶ
1835 921 1878 954 εις

1089 963 1236 996 οὐρανοὺς
1252 964 1425 997 ἀνελθόντι,
1442 965 1489 992 καὶ
1514 965 1664 1000 ἐρχομένῳ
1690 966 1782 993 πάλιν
1803 967 1879 1001 μετὰ

1086 1009 1178 1043 δόξης
1194 1009 1228 1036 ἐκ
1242 1009 1302 1036 τῶν
1321 1010 1468 1043 οὐρανῶν,
1486 1011 1587 1045 κρίσιν
1609 1011 1796 1044 ποιήσασθαι
1810 1011 1879 1042 ζών-

1087 1064 1146 1083 των
1158 1057 1207 1082 καὶ
1221 1055 1281 1082 τῶν
1294 1056 1421 1089 νεκρῶν,
1430 1057 1479 1084 καὶ
1495 1055 1662 1085 ἀποδοῦναι
1676 1057 1794 1090 ἑκάστῳ
1805 1059 1880 1085 κατὰ

1087 1103 1146 1136 τὴν
1169 1101 1280 1136 πρᾶξιν
1304 1103 1408 1130 αὐτοῦ.
1421 1104 1517 1136 Τούτῳ
1539 1105 1744 1137 πιστεύοντες,
1768 1105 1879 1137 βαπτί-

1089 1152 1182 1183 σθητε
1195 1149 1231 1175 ἐν
1243 1148 1283 1181 τῷ
1296 1150 1419 1184 ὀνόματι
1441 1150 1549 1177 αὐτοῦ·
1566 1150 1615 1177 καὶ
1631 1150 1689 1184 τὴν
1700 1149 1814 1184 δωρεὰν
1825 1149 1880 1177 τοῦ

1091 1196 1176 1229 ἁγίου
1184 1195 1355 1229 Πνεύματος
1366 1195 1579 1230 λαμϐάνοντες,
1587 1197 1755 1230 φωτίσθητε
1762 1198 1806 1230 ψυ
1808 1196 1878 1230 χὴν,

243 1248 412 1281 φωτίσθητε
437 1248 524 1281 νοῦν,
550 1248 599 1275 καὶ
624 1248 718 1280 οὕτως
743 1246 798 1282 τῆς
822 1246 951 1281 ἐναγοῦς
981 1244 1040 1271 τῶν
1066 1243 1215 1276 δαιμόνων
1238 1242 1506 1277 ἀποκαθαιρόμενοι
1534 1242 1669 1277 τελετῆς,
1701 1243 1880 1278 κληρονόμοι

244 1293 413 1328 γενήσεσθε
428 1290 509 1328 ἴωῆς
527 1295 650 1321 αἰωνίου
669 1294 704 1321 ἐν
722 1293 839 1328 Χριστῷ
854 1291 964 1326 Ἰησοῦ.

280 1339 424 1375 Ejusmodi
449 1348 558 1376 semper
582 1340 717 1368 doctrinis
744 1344 876 1374 tantaque
901 1336 1041 1373 prodigio-

245 1394 306 1413 rum
314 1386 353 1418 vi,
371 1390 456 1413 totam
468 1386 510 1412 vir
519 1393 626 1413 summe
639 1385 817 1412 admirandus
827 1384 942 1411 nimium
952 1390 1040 1417 quan-

245 1437 304 1458 tum
319 1431 428 1458 Achaia:
440 1431 612 1466 provinciam
625 1430 651 1458 in
664 1435 804 1466 stuporem
821 1437 914 1465 agens,
930 1429 965 1456 ab
982 1427 1040 1455 idoc

247 1479 336 1504 lorum
350 1477 482 1512 paulatim
497 1485 590 1504 errore
606 1476 789 1508 subducebat,
810 1476 940 1510 virosque
956 1474 1039 1501 simul

247 1531 279 1550 ac
299 1523 440 1553 mulieres,
458 1530 549 1554 senes,
579 1530 689 1557 pueros,
709 1521 823 1553 nobiles,
842 1521 975 1556 privatos,
994 1527 1039 1547 sa-

247 1567 356 1602 pientes
367 1573 395 1595 et
413 1567 507 1600 rudes,
521 1568 620 1595 divites
634 1576 665 1595 ac
675 1575 811 1603 pauperes
825 1566 935 1594 veritati
943 1565 1040 1594 admo-

245 1614 338 1642 vellat.
361 1615 493 1649 Adeoque
525 1615 653 1649 provexit
677 1614 837 1650 praedicatio
861 1618 889 1641 et
909 1613 1034 1645 invaluit,

246 1668 277 1688 ut
290 1665 318 1688 ct
336 1660 484 1688 liaximilia
499 1662 672 1695 proconsulis
682 1669 751 1688 uxor
762 1665 791 1688 et
803 1660 953 1688 Stratocles
964 1660 1037 1687 illius

246 1707 340 1739 frater,
365 1707 421 1734 Deo
444 1715 510 1734 vero
531 1707 715 1740 crediderint;
735 1711 919 1741 susceptoque
943 1706 1037 1742 bapti-

246 1758 328 1785 mute,
343 1753 370 1780 in
386 1753 511 1781 doctrina
524 1753 649 1788 Apostoli
664 1757 883 1788 perseverarent.
899 1752 945 1780 Sic
963 1752 1039 1780 Gne-

246 1807 341 1827 corum
357 1807 389 1826 ac
398 1799 580 1826 Barbarorum
599 1799 717 1826 detritus
727 1798 817 1826 omnis
828 1798 1037 1825 simulacrorum

247 1845 358 1877 cultus;
374 1845 469 1879 sicque
489 1843 646 1871 daemonum
670 1850 752 1870 omne
767 1842 956 1878 supercilium,
971 1843 1038 1870 Jesu

247 1890 274 1917 in
290 1890 399 1917 Andrea
413 1891 516 1918 virtute
527 1890 682 1917 detractum
699 1894 782 1924 atque
796 1889 958 1916 convulsum
974 1897 981 1915 :
999 1888 1039 1915 sic

246 1935 366 1970 denique
379 1935 490 1963 Domini
504 1935 634 1963 Ecclesia;
657 1934 781 1970 quotidie
794 1934 920 1963 exaltatze
937 1941 969 1962 ac
984 1934 1038 1962 ﬁde

247 1980 394 2007 roboratm.

283 2069 353 2101 Quia
369 2068 452 2104 igitur
485 2077 548 2096 eum
565 2069 592 2096 in
608 2068 721 2096 modum
745 2069 787 2095 vir
805 2068 981 2096 beatissimus
1009 2069 1038 2096 in

284 2157 351 2191 (Μ’)
380 2156 572 2190 Μαξίμιλλαν
597 2156 772 2184 ἀνθυπάτου
805 2156 863 2188 τὴν
891 2157 1035 2191 γαμετήν.

249 2192 337 2220 Etiam
355 2191 439 2219 (ἰηιιοί
459 2193 486 2218 in
503 2191 664 2226 Synaxario.
680 2191 822 2226 fusiusque
832 2192 886 2219 illis
904 2192 1036 2227 Metaphr.

1129 1334 1274 1365 Τοιαύταις
1298 1334 1341 1360 ἀεὶ
1366 1334 1488 1369 διδαχαῖς
1501 1353 1510 1366 ,
1527 1334 1698 1370 τηλικούτοις
1720 1335 1748 1363 ει
1768 1336 1881 1372 τέρασιν

1091 1381 1183 1407 πᾶσαν
1203 1380 1249 1406 ἐπὶ
1271 1379 1339 1406 πολὺ
1361 1380 1410 1415 τὴν
1421 1380 1532 1415 Ἀχαΐδα
1547 1381 1609 1415 γῆν,
1625 1383 1639 1408 ὁ
1653 1381 1880 1416 θαυμασιώτατος

1091 1424 1205 1458 ὲξιστῶν
1215 1445 1222 1457 ,
1239 1424 1360 1459 ὑπεξῆγε
1374 1424 1423 1459 μὲν
1434 1426 1484 1460 τῆς
1497 1425 1552 1452 τῶν
1564 1426 1681 1453 εἰδώλων
1692 1427 1796 1461 πλάνης
1809 1428 1880 1454 κατὰ

1089 1471 1186 1505 μικρόν
1196 1479 1203 1486 ·
1227 1471 1382 1506 προσήγετο
1400 1471 1430 1498 δὲ
1444 1473 1476 1507 τῇ
1491 1471 1615 1507 ἀληθείᾳ,
1632 1472 1732 1508 ἄνδρας
1746 1472 1815 1507 ὁμοῦ
1831 1474 1879 1499 καὶ

1087 1518 1230 1551 γυναῖκας,
1244 1517 1387 1551 γέροντας,
1408 1516 1502 1552 νήπια,
1528 1517 1671 1552 ἄρχοντας,
1700 1517 1817 1551 ἰδιώτας,
1833 1528 1878 1545 σο-

1087 1561 1155 1596 φούς
1179 1569 1209 1588 τε
1231 1562 1277 1588 καὶ
1298 1562 1414 1597 ἀμαθεῖς
1425 1581 1433 1594 ,
1450 1561 1595 1593 πλουσίους
1613 1563 1660 1589 καὶ
1677 1563 1880 1599 πένητας.Ἐπὶ

1086 1608 1212 1635 τοσοῦτον
1223 1608 1252 1634 δὲ
1262 1608 1306 1634 τὸν
1320 1608 1397 1640 λόγον
1413 1608 1575 1640 αὐξάνεσθαι
1606 1609 1654 1635 καὶ
1668 1609 1878 1644 χραταιοῦσθαι,

1090 1653 1160 1679 ὥστε
1172 1653 1218 1680 καὶ
1232 1652 1407 1688 Μαξίμιλλοιν
1419 1653 1574 1680 ἀνθυπάτου
1587 1655 1637 1689 τὴν
1663 1655 1786 1690 γαμετὴν
1798 1655 1820 1690 (Ι
1829 1655 1877 1687 i'),

1091 1699 1139 1726 καὶ
1155 1699 1326 1735 Στρατοκλέα
1339 1699 1368 1726 δὲ
1383 1699 1427 1726 τὸν
1441 1699 1523 1725 αὑτοῦ
1541 1700 1684 1734 σύγγονον,
1696 1700 1735 1735 τῷ
1749 1701 1798 1736 τῆς
1810 1701 1879 1735 ἀλη-

1090 1745 1166 1777 Θείας
1191 1745 1359 1772 καταθέσθαι
1382 1745 1459 1780 Θεῷυ
1477 1747 1525 1772 καὶ
1547 1746 1757 1780 βαπτισθέντας,
1773 1748 1806 1782 τῇ
1830 1747 1878 1774 τοῦ

1097 1790 1259 1817 Ἀποστόλου
1276 1791 1491 1826 προσκαρτερεῖν
1506 1791 1612 1826 διδαχῇ.
1629 1791 1722 1823 οὕτως
1737 1792 1879 1818 εἰδωλολα-

1090 1837 1168 1871 τρεία
1191 1837 1267 1864 πᾶσα
1290 1837 1346 1863 τῶν
1359 1837 1494 1872 Ἑλλήνων
1514 1838 1562 1864 καὶ
1579 1837 1724 1872 βαρϐάρων
1736 1846 1743 1853 ι
1759 1838 1805 1864 καὶ
1822 1838 1880 1864 διι-

1091 1883 1180 1918 μόνων
1191 1883 1278 1918 ὀφρῦς
1297 1882 1370 1910 οὕτω
1386 1883 1470 1915 πᾶσα,
1486 1883 1530 1909 διὰ
1543 1883 1593 1918 τῆς
1607 1884 1637 1909 ἑν
1652 1882 1690 1917 τῷ
1700 1883 1812 1918 Ἀνδρέᾳ
1831 1884 1879 1910 τοῦ

1095 1929 1181 1965 Ἰησοῦ
1193 1929 1333 1964 δυνάμεως
1348 1930 1473 1964 ἐμειοῦτο
1489 1919 1718 1964 κάταργούμενα·
1735 1930 1781 1956 καὶ
1793 1929 1879 1962 οὕτως

1088 1977 1116 2002 αἱ
1126 1975 1287 2011 Ἐκκλησίαι
1300 1976 1347 2002 τοῦ
1360 1976 1463 2011 Κυρίου
1474 1976 1581 2012 ἡμέραν
1595 1976 1625 2010 ἐξ
1635 1976 1743 2012 ἡμέρας
1752 1976 1878 2011 ὑψοῢντο,

1087 2024 1120 2057 τῇ
1142 2023 1234 2049 πίστει
1254 2024 1464 2058 στερεούμεναι.

1128 2069 1205 2095 Ἐπεὶ
1214 2070 1242 2096 δὲ
1256 2069 1350 2096 τοῦτον
1363 2070 1409 2096 ἐπὶ
1428 2069 1496 2096 πολὺ
1511 2068 1557 2096 τὸν
1579 2069 1680 2105 τρόπον
1694 2070 1708 2096 ὸ
1737 2068 1880 2105 μακαριώ-

1092 2158 1219 2189 reddere,
1229 2158 1394 2192 supposuerit
1410 2158 1506 2184 marito
1522 2157 1649 2184 ancillam
1662 2165 1739 2184 suam
1757 2158 1879 2185 Eucliam

1093 2194 1208 2224 nomine,
1222 2201 1354 2219 exornans
1373 2201 1442 2224 eam,
1468 2197 1534 2222 εις..
1552 2193 1660 2227 aliaque
1674 2193 1753 2227 plane
1772 2194 1877 2228 putida,

249 2228 315 2266 sive
325 2227 515 2266 cujuscunque
531 2227 602 2266 alius
616 2227 836 2266 antiquisLActis,
852 2227 880 2254 in
895 2227 997 2266 quibus
1011 2233 1039 2255 et
1054 2238 1076 2266 ι)
1092 2228 1193 2266 quibus
1203 2228 1272 2266 nihil
1287 2235 1432 2266 commune
1443 2234 1505 2253 cum
1518 2227 1562 2266 his
1573 2235 1634 2262 qua:
1648 2227 1798 2266 versamus,
1812 2237 1882 2263 pne-

249 2261 316 2288 illud
329 2262 363 2288 de
374 2269 406 2287 ea
424 2262 551 2293 habetur,
580 2262 700 2288 [loverso
727 2263 813 2289 Roma
824 2263 990 2297 proconsule
1005 2270 1036 2290 ac

249 2296 451 2327 viro,noluissc
469 2297 586 2323 maritali
610 2297 706 2331 copula
732 2297 771 2324 illi
790 2296 974 2329 commisceri,
1003 2306 1036 2325 eo

249 2332 322 2366 quod
339 2331 494 2358 Christiana
507 2332 563 2366 jam
583 2332 636 2359 title
660 2332 764 2359 imbuta
786 2333 871 2359 nollet
892 2340 955 2359 cum
986 2332 1037 2359 ho—

251 2367 324 2393 mine
340 2367 480 2393 nesciente
505 2367 644 2394 Christum
667 2375 870 2400 consuescere;
895 2367 943 2394 sed
974 2375 1037 2394 cum

251 2401 363 2430 "avide.
392 2402 438 2436 qui
455 2402 540 2428 Deum
555 2403 689 2435 odissent,
710 2402 815 2430 odisset
837 2411 844 2429 :
865 2402 938 2437 quod
967 2402 1038 2430 forte

251 2437 404 2470 disciplina:
430 2437 592 2464 Christianae
620 2446 673 2465 non
691 2438 758 2465 satis
779 2438 944 2465 consentiat.
965 2438 1039 2464 nulla

253 2472 298 2498 tali
315 2472 388 2499 lidcli
417 2472 526 2507 conjugi
555 2473 677 2505 licentia,
702 2473 754 2500 nisi
775 2473 822 2499 ubi
847 2472 966 2499 infidelis
1000 2473 1038 2499 illi

252 2515 425 2534 commancrc
442 2516 495 2533 non
510 2508 628 2534 sustinet
639 2509 742 2542 absque
754 2506 903 2534 Salvatoris
918 2507 1037 2542 injuria:

251 2546 361 2568 exstant
378 2547 468 2569 tamen
481 2542 507 2568 in
521 2543 596 2569 Actis
606 2542 755 2570 Clementis
773 2543 888 2569 Romani
900 2542 933 2569 dc
948 2543 1039 2569 ’l‘heo-

251 2577 318 2604 (lora
333 2577 426 2604 Sisinii
439 2585 523 2604 uxore
539 2585 607 2612 pcuo
621 2578 730 2607 similia.
758 2577 873 2612 aliisque
890 2585 944 2604 non
972 2585 1041 2611 pau-

252 2612 302 2643 cis,
317 2620 378 2646 quae
387 2613 480 2639 omnia
493 2613 593 2639 durqu
605 2613 696 2640 dicere
706 2613 917 2639 Maniclueorum
926 2612 1040 2646 fuligine

251 2655 372 2681 aspersa.
401 2647 481 2674 Forte
496 2655 556 2674 eam
580 2649 665 2682 ipsam
684 2647 821 2674 ducebant
840 2648 892 2682 pia:
911 2647 1041 2674 mulieres

253 2682 553 2717 Salvatorisiujuriam,
566 2683 639 2717 quod
656 2682 747 2710 mariti
763 2682 928 2709 obstinatius
941 2682 1040 2709 inlide-

252 2717 292 2744 les
314 2718 474 2749 manebant,
500 2722 528 2744 et
558 2723 588 2744 ut
607 2718 726 2752 proclive
737 2722 790 2749 est,
803 2717 855 2744 sibi
870 2724 981 2752 suaeque
996 2725 1042 2743 su-

254 2753 409 2786 perstitioni
429 2760 528 2780 uxores
541 2753 671 2780 addicere
684 2752 832 2780 studebant
845 2761 852 2778 :
868 2757 916 2779 aut
930 2752 1041 2780 studere

254 2787 341 2814 videri
354 2791 490 2821 poterant.
508 2788 573 2820 Qua:
588 2789 702 2821 August.
719 2787 801 2814 refert
816 2795 847 2814 ac
863 2787 991 2822 suggillat
1009 2795 1043 2813 ex

253 2822 330 2849 Actis
345 2823 472 2855 Androm,
500 2823 519 2849 l.
550 2822 586 2848 De
613 2823 664 2855 [ide
692 2826 784 2848 contra
807 2822 934 2853 Mante/1.,
955 2830 979 2849 c.
997 2822 1041 2851 58,

254 2858 336 2893 plane
350 2857 518 2884 Manichaica
535 2862 610 2887 sunt.
631 2865 748 2892 vereque
764 2857 979 2893 rdigIIaVLeucio
990 2857 1044 2883 Ma-

257 2891 366 2920 nichaeo
390 2897 522 2925 auctore;
549 2893 622 2928 quod
645 2891 709 2927 ipsa
726 2892 823 2920 nolens
844 2892 904 2919 viro
919 2892 1042 2920 debitum

1094 2267 1137 2290 ter
1164 2263 1275 2289 nimiam
1297 2263 1367 2289 forte
1386 2262 1459 2288 illam
1486 2263 1646 2297 religionem
1665 2263 1799 2290 castitatis
1823 2271 1882 2290 ser-

1091 2298 1198 2330 vandxe,
1209 2303 1256 2324 aut
1270 2298 1353 2324 etiam
1366 2297 1415 2323 viri
1440 2297 1557 2324 infidelis
1565 2297 1773 2325 consuetudinis
1790 2298 1881 2330 vitan-

1091 2333 1143 2360 dae.
1156 2333 1221 2365 Qua:
1234 2337 1323 2359 exstat
1341 2332 1376 2359 de
1390 2332 1505 2368 Audrea:
1528 2333 1663 2368 rPassione
1690 2333 1800 2360 Achaize
1818 2341 1883 2368 pre—

1091 2368 1265 2403 sbyterorum
1276 2367 1407 2402 Epistula.
1416 2367 1590 2395 Maximinum
1602 2367 1881 2403 Egetisuxorem’non

1093 2404 1186 2433 habet,
1210 2403 1256 2429 sed
1282 2403 1446 2430 senatoriam
1469 2403 1612 2430 mulierem
1641 2411 1672 2430 ac
1693 2403 1880 2437 pramobilem.

1093 2446 1154 2472 qua:
1165 2437 1293 2472 martyris
1304 2445 1404 2473 Corpus
1416 2441 1443 2464 et
1458 2438 1575 2471 apostoli
1589 2438 1716 2473 religiose
1729 2439 1880 2473 sepelierit,

1093 2473 1172 2507 cujus
1199 2473 1244 2500 ille
1269 2473 1307 2499 rei
1333 2472 1443 2499 nomine
1462 2473 1497 2499 ad
1523 2472 1716 2507 imperaturem
1741 2472 1883 2501 delaturus

1093 2512 1177 2538 esset.
1193 2515 1247 2534 non
1262 2516 1357 2539 ausus,
1369 2516 1422 2542 qua
1438 2508 1558 2542 fulgebat
1569 2508 1723 2541 nobilitate,
1740 2508 1880 2535 ordinaria

1094 2543 1170 2577 quasi
1189 2547 1324 2576 potestate
1340 2543 1366 2569 in
1381 2550 1441 2578 cant
1461 2551 1558 2569 manus
1588 2542 1711 2578 injicere,
1728 2550 1776 2570 seu
1796 2544 1880 2570 etiam

1094 2578 1206 2608 civium,
1224 2577 1270 2612 qui
1283 2578 1375 2612 plures
1387 2577 1535 2605 Christiani
1546 2577 1639 2605 essent
1651 2578 1801 2605 ahAndrea
1814 2586 1880 2604 cou—

1093 2612 1176 2645 vcrsi,
1190 2613 1321 2647 majorem
1337 2617 1455 2648 stragem
1471 2613 1553 2639 edere
1570 2621 1577 2639 :
1594 2613 1652 2640 sive
1660 2613 1727 2640 alias
1735 2613 1880 2640 Maximilla

1095 2648 1240 2683 cjusruxor
1256 2652 1325 2678 erat,
1339 2648 1396 2675 sive
1408 2655 1473 2675 non.
1489 2648 1549 2674 Non
1572 2648 1646 2675 enim
1664 2648 1722 2675 haec
1738 2653 1860 2683 pugnant
1874 2658 1880 2675 :

1095 2682 1167 2717 quod
1181 2682 1240 2717 ejus
1255 2687 1328 2710 tanta
1340 2683 1480 2713 nobilitas,
1490 2687 1518 2710 et
1530 2683 1604 2717 quod
1620 2690 1688 2709 uxor
1705 2682 1879 2717 proconsulis

1095 2721 1176 2744 esset.
1188 2718 1297 2745 Nicctas
1310 2718 1411 2752 ubique
1428 2717 1544 2747 cautior.
1570 2718 1741 2752 oratorisque
1758 2718 1881 2747 licentia.

1097 2760 1210 2779 uxorem
1223 2753 1315 2787 Egetis
1334 2753 1412 2783 dixit,
1435 2752 1539 2787 reliqua
1553 2753 1648 2784 tacuit,
1662 2758 1709 2779 aut
1727 2758 1802 2780 certe
1818 2753 1884 2780 sub.»

1096 2788 1240 2814 obscurius
1256 2788 1342 2819 dixit;
1361 2795 1422 2815 cum
1453 2791 1481 2814 et
1496 2788 1554 2821 ipse
1570 2789 1660 2815 crucis
1680 2788 1796 2815 Androm
1814 2795 1882 2815 cau-

1097 2831 1154 2849 sam
1182 2823 1274 2853 tradit,
1291 2823 1365 2856 quod
1397 2822 1506 2857 Egeatis
1533 2824 1662 2855 γυναικὸς
1692 2824 1802 2858 ἠστόχει
1834 2825 1882 2849 καὶ

1097 2858 1226 2891 ἀδελφοῦ,
1243 2866 1352 2884 umorem
1372 2857 1533 2892 fratremque
1554 2859 1630 2892 quasi
1651 2858 1807 2891 amittebat,
1833 2865 1883 2885 au-

1098 2893 1248 2921 scultantes
1261 2892 1323 2920 ﬁdei
1336 2901 1420 2927 quam
1435 2892 1559 2921 Andreas
1570 2893 1747 2927 praedicabat.
