2072 3160
166 164 200 193 73
613 137 752 191 ORATIO
771 161 819 190 IV.
840 174 870 179 —
887 160 926 190 ΙΝ
948 160 1103 191 LAUDEM
1124 162 1154 190 S.
1175 160 1350 190 ANDREzE.

1760 160 1796 191 74

165 227 247 250 τατος
262 217 415 253 βεϐιωκὼς,
429 218 459 243 τὺ
469 216 549 251 ἔργον
566 217 725 244 τετελείωκε
751 215 800 242 τοῦ
820 215 938 251 Χριστοῦ
951 223 956 229 ·

1022 222 1106 249 ongos
1117 222 1203 242 annos
1220 219 1360 249 protracta
1376 215 1444 247 vita,
1471 214 1574 242 Christi
1595 222 1665 250 opus
1681 222 1795 250 perege-

164 265 211 292 καὶ
226 264 307 295 αὐτὸς
334 263 383 298 μὲν
411 262 518 298 ἐσχάτῳ
540 263 620 298 γήρει
645 263 676 289 τὸ
692 263 771 297 σῶμα
793 261 956 295 πεπονηκὼς

164 310 259 338 ἐπόθει
271 310 320 345 τὴν
330 309 471 341 ἀνάλυσιν,
483 309 576 335 ἐκάλει
590 309 618 335 δὲ
627 309 722 339 τοῦτον
733 308 836 335 ἄνωθεν
847 309 861 335 ὁ
875 308 957 342 ὑπερ-

148 355 290 391 ὶουριὶνιος
319 354 448 389 Νυμφίας
474 355 542 389 πρὸς
567 355 663 381 ἑαυτόν
676 362 682 368 ·
707 354 753 381 καὶ
767 354 781 380 ὁ
794 353 887 389 Πατὴρ
901 353 928 380 δὲ
943 355 957 380 ὁ

165 401 299 436 ὑπέρθεος
320 401 390 436 (l2),
420 401 469 432 τὰς
482 400 605 435 ἀγκάλας
626 400 808 435 ὑφηττλωκὼς,
839 400 880 432 εἰς
894 401 957 431 τοὺς

164 448 273 482 γάμους
293 447 472 482 προσεδέχετο
483 446 529 473 τοῦ
541 447 722 481 Μονογενοῦς,
737 447 783 474 καὶ
793 446 833 474 οτὺ
845 446 958 481 Πνεῦμα

164 493 195 519 δὲ
210 494 240 520 τὺ
256 493 336 527 ἅγιον
347 493 472 520 ὡδοποίει
486 493 576 529 τούτῳ
589 494 638 529 τὴν
650 494 742 520 ἄνοδον
754 494 801 521 καὶ
818 494 956 521 κατίθυνε’

164 539 179 566 ὅ
194 548 225 565 τε
237 539 353 574 νυμφὼν
365 540 439 574 αὐτῷ
449 539 487 571 ὡς
499 541 631 575 πανάγνῳ
639 540 787 574 παγκάλως
798 540 958 574 διηνέῳκτο,

164 586 215 612 καὶ
224 585 249 611 οἱ
262 584 405 619 Σεραφεὶμ
415 585 464 619 μὲν
475 584 614 611 κύκλωθεν
628 585 744 617 ἑστῶτες
756 584 805 620 τὴν
819 584 959 620 τρισάγιον

164 632 272 657 αῐνεσιν
304 630 474 666 ήρμόζοντο·
506 631 531 656 οἱ
563 630 720 665 Χερουϐεὶμ
735 631 774 662 δὲ,
794 630 833 665 τῷ
853 631 899 656 ἐπὶ
913 630 959 656 τοῦ

165 675 264 710 θρόνου
283 677 333 710 τὴν
347 675 425 708 δόξαν
448 674 637 710 εὐλογημένην
661 675 848 707 ἀνεϐάλλοντο,
873 675 919 702 καὶ
935 676 959 701 οἱ

165 721 266 756 θρόνοι
280 721 348 757 πρὸς
362 721 508 757 ὑποδοχὴν,
525 721 571 748 καὶ
585 723 670 748 πᾶσαι
683 722 711 748 δὲ
725 722 777 748 τῶν
790 721 922 756 οὐρανίων
933 721 960 748 αί

168 767 303 802 Δυνάμεις
316 767 356 803 τῷ
369 769 529 802 τιμιωτάτῳ
544 766 591 793 τοῦ
612 767 680 794 Θεοῦ
695 767 772 794 παιδὶ
790 767 858 802 πρὸς
868 767 960 800 δεξίω-

168 821 211 838 σιν
227 811 484 846 παρεσκευάζοντο·
510 812 558 839 καὶ
572 813 597 838 οἱ
614 813 662 847 μὲν
676 812 730 838 τῶν
745 813 823 848 ἱερῶν
837 813 905 838 νόων
917 812 960 838 ἐπ’

166 858 249 885 αὐτὸν
260 857 405 893 οὐρανόθεν
417 858 475 884 ἐκεῖ
491 858 712 891 καταϐαίνοντες,
723 859 748 884 οἱ
765 858 792 884 δὲ
803 858 962 885 ἀναϐαίνον-

1010 261 1099 293 rat“;
1123 269 1154 288 ac
1174 261 1283 296 quidem
1310 262 1369 296 ipse
1385 266 1506 288 extrema
1521 266 1662 288 senectute
1691 261 1799 289 defesso

1010 307 1183 342 corpusculo,
1191 307 1297 335 solvere
1311 307 1439 342 cupiebat
1453 307 1504 339 "ﬁ
1519 307 1724 342 supercmlestis
1734 315 1800 335 vero
1820 325 1835 339 ,ι

1011 353 1134 388 Sponsus
1159 361 1174 380 e
1200 353 1278 381 ccelis
1300 353 1334 380 ad
1361 361 1392 380 se
1408 344 1523 381 vocabat
1539 362 1547 385 ;
1561 352 1691 387 omnique
1713 353 1800 387 maj'or
1820 348 1822 352 ’

1012 400 1114 427 deitate
1137 400 1237 432 Pater,
1258 400 1346 435 passis
1364 400 1437 427 ulnis
1462 400 1496 427 ad
1524 399 1663 435 Unigeniti
1690 400 1801 434 nuptias

1011 446 1204 481 exspectabat;
1222 446 1307 474 sedet
1318 446 1440 481 Spiritus
1454 450 1565 473 sanctus
1584 453 1727 473 ascensum
1739 453 1802 480 pro-

1012 501 1092 527 spere
1114 492 1257 520 muniebat
1275 492 1384 527 iterque
1408 492 1544 527 dirigebat
1571 500 1579 524 ;
1598 492 1802 527 thalamusque,

1012 539 1090 567 velut
1107 539 1181 567 omni
1199 539 1326 567 castitate
1346 543 1453 570 ornato,
1469 539 1567 566 decore
1582 539 1657 565 omni
1668 539 1801 573 patebat;

1012 594 1044 614 ac
1057 586 1200 620 Seraphim
1215 586 1327 621 quidem
1347 586 1374 612 in
1392 585 1508 612 circuitu
1526 589 1631 612 stantes
1645 585 1723 612 trinae
1739 585 1802 612 lau-

1013 631 1131 659 dationis
1137 631 1272 659 canticum
1279 631 1408 666 aptabant
1417 631 1449 662 ‘3,
1464 630 1614 658 Cherubin)
1623 637 1689 657 vero
1697 629 1804 657 sedenti

1015 685 1099 712 super
1114 678 1244 705 thronum
1265 677 1436 704 benedictum
1454 677 1569 711 gloriam
1592 677 1719 711 repetitis
1728 676 1803 704 voci-

1015 723 1066 750 bus
1080 723 1265 757 personabant
1281 723 1332 755 ³³⁴;
1350 722 1509 756 'l‘hronique
1531 722 1714 757 susceptionis
1725 729 1802 757 ergo,

1015 776 1048 796 ac
1062 769 1190 796 cmlestes
1214 776 1310 796 omnes
1335 769 1506 800 Potestates,
1535 769 1569 795 ad
1600 769 1805 796 nobilissimum

1016 814 1065 842 Dei
1081 814 1213 841 famulum
1228 814 1367 849 triumpho
1378 814 1569 849 accipiendum
1583 819 1685 849 paratae
1702 819 1782 842 erant
1795 823 1802 847 ς

1016 863 1097 893 atque
1137 859 1196 887 aliae
1221 859 1332 894 quidem
1357 867 1497 887 sacrarum
1523 861 1658 887 mentium
1687 860 1720 888 ad
1739 868 1803 889 eum

167 914 227 936 τες,
252 905 329 931 λείαν
357 904 431 939 αὐτῷ
454 905 502 931 καὶ
520 904 590 939 ἄγαν
616 905 733 941 εὖπορον
759 906 810 941 τὴν
829 906 961 933 ἀνάϐασιν

1018 906 1080 933 illuc
1093 914 1108 932 e
1121 905 1199 933 coalis
1213 905 1424 937 descendentes,
1438 905 1499 933 aliae
1520 913 1586 933 vero
1610 906 1803 939 ascendentes.

167 951 361 986 ἡτοιμάζοντο,
380 950 433 977 ἔδει
445 951 538 977 λοιπὸν
548 951 628 977 αὑτὸν
640 952 716 978 κάτω
729 952 760 978 τὺ
775 952 821 978 τοῦ
837 953 962 987 σώματος

167 998 283 1032 ῑλυτρον
305 998 419 1032 ἀφέντα,
454 998 521 1033 πρὸς
539 1000 586 1024 τὸν
618 999 780 1033 ὑπεροὺσιον
809 999 962 1034 ἀσωμάτως

167 1045 346 1078 ἀναπτῆναι·
363 1043 410 1070 καὶ
435 1043 482 1070 τοῦ
506 1044 557 1078 τῆς
581 1045 682 1079 σαρκὸς
703 1045 806 1080 ’πάχους
835 1045 963 1081 ῥαγέντα,

168 1091 269 1125 γυμνῷ
284 1090 322 1126 τῷ
339 1090 478 1125 Πνεύματι
494 1091 562 1125 πρὸς
573 1091 603 1117 τὺ
619 1092 731 1127 Πνεῦμα
742 1091 870 1127 καθαρῶς
887 1093 965 1127 ὲνδη-

170 1137 244 1170 μεῖν.
262 1137 335 1163 Ἐδει
364 1137 454 1171 μεῖναι
478 1137 528 1171 τὴν
541 1137 593 1171 γῆν
610 1139 655 1163 ἐπὶ
677 1138 739 1172 γῆς,
767 1138 806 1169 είς
828 1138 965 1172 ἀγιασμὺν

168 1183 306 1217 ἐσομένην
332 1183 365 1217 τῇ
393 1183 439 1217 γῇ,
456 1182 503 1208 καὶ
517 1184 564 1217 τῆς
581 1183 663 1209 αὐτοῦ
693 1183 810 1214 πίστεως
825 1183 965 1218 ἐνέχυρον,

167 1227 200 1253 τὸ
217 1227 293 1262 ἱερὸν
311 1228 408 1261 σκῆνος
427 1227 587 1254 καταλιπεῖν
612 1230 668 1259 τοῖς
698 1230 814 1261 πιστοῖς,
840 1229 921 1255 αὑτὸν
938 1229 965 1255 δὲ

169 1272 277 1306 κοῦφον
290 1273 408 1308 ἀρθῆναι
420 1274 487 1309 πρὸς
502 1274 625 1308 οὐρανὸν,
638 1273 676 1308 τῷ
695 1275 884 1310 ὑπερουρανίῳ
904 1283 966 1301 συν-

170 1319 314 1353 εσὸμενον.

214 1407 300 1433 Ἀλλά
316 1406 344 1433 τί
358 1407 389 1434 τὸ
404 1407 453 1442 τῆς
468 1407 624 1439 ἀναλύσεως
639 1407 776 1443 ὅργανον;
790 1408 920 1443 Σταυρὸς,
939 1408 969 1434 τὸ

175 1454 290 1488 σημεῖον
303 1452 352 1480 τοῦ
370 1454 590 1488 ἐσταυρωμένον,
609 1454 639 1480 τὸ
662 1454 801 1488 σκῆπτρον
826 1452 874 1479 τοῦ
889 1454 969 1488 Παμ-

174 1499 321 1531 εασιλέως,
338 1500 354 1530 ἡ
367 1499 429 1531 δόξει
441 1499 488 1526 τοῦ
499 1499 632 1534 Χριστοῦ,
650 1500 680 1526 τὸ
695 1499 849 1535 ἄθραυστον
859 1500 969 1526 πάντων

173 1546 229 1573 τῶν
241 1545 330 1580 ἁγίων
346 1546 437 1572 ὅπλον.
455 1546 585 1581 Σταυρὸς,
599 1545 694 1581 ὥσπερ
707 1546 821 1581 ὄργανον
836 1546 884 1581 μὲν
901 1546 969 1582 πρό·
981 1566 1004 1597 C

171 1602 256 1628 τερον
267 1594 414 1621 θανατικὸν
424 1594 463 1629 τῷ
478 1593 564 1630 Ἰησοῦ
578 1594 646 1629 πρὸς
657 1593 711 1620 τῶν
737 1593 870 1620 Ἰουδαίων
882 1602 964 1620 κατα-

173 1638 350 1671 σκευασθεὶς,
365 1638 500 1673 σύμῦολον
514 1639 543 1665 δὲ
561 1639 635 1673 ζωῆς
649 1639 713 1674 παρ’
723 1638 869 1670 αὐτοῦτοῖς
881 1639 968 1673 ἁγίοις

173 1687 246 1712 πᾶσι
261 1685 350 1718 δοθείς
360 1694 367 1701 ·
389 1686 461 1713 οὓτω
479 1687 526 1712 καὶ
539 1685 578 1721 τῷ
595 1685 812 1721 πιστοτάτῳιτοῦ
827 1687 968 1721 ἐσταυρω-

175 1732 261 1766 μένον
290 1731 411 1768 Χριστοῦ
438 1732 557 1768 μαθητῇ,
572 1732 619 1759 τοῦ
648 1732 763 1759 θανάτου
781 1732 831 1767 μὲν
853 1732 968 1767 ὄργανον

174 1779 248 1814 πρὸς
264 1779 312 1805 τοῦ
333 1779 466 1813 Δίγεάτου
487 1779 682 1814 καταπηχθεὶς,
711 1779 801 1805 καὶτὸ
813 1779 909 1811 αῐτιον,
928 1780 969 1806 ὅτι

175 1826 210 1860 ἰὴ
224 1826 354 1860 γυναικὸς
369 1826 478 1860 ἠστόχει
495 1825 543 1852 καὶ¹
555 1825 681 1860 ἀδελφοῦ,
704 1826 754 1860 τῆς
786 1825 910 1860 Ἀνδρέου
924 1824 969 1850 πί·

176 1880 267 1903 στεως
279 1873 326 1898 καὶ
336 1872 482 1907 θεηγορίας
493 1871 672 1907 ἠρτημένων·
687 1871 758 1906 ζωῆς
779 1871 808 1898 δὲ
834 1871 922 1903 ξύλον,
937 1871 967 1896 οὐ

175 1917 350 1953 Μαξιμίλλῃ,
364 1919 411 1944 καὶ
426 1918 465 1953 τῷ
477 1918 642 1953 Στρατοκλεί
660 1918 740 1952 μόνον
750 1937 758 1949 ,
776 1918 844 1944 ἀλλὰ.
856 1918 902 1944 καὶ
916 1917 968 1944 πά-

176 1971 240 1994 σαις
269 1963 337 1998 ὁμοῦ
361 1965 419 1995 ταῖς
438 1963 570 2000 Πάτραις,
593 1965 639 1991 καὶ
656 1965 689 1999 τῇ
709 1963 804 1999 Ἀχαΐᾳ
831 1963 970 1999 σωτηρίας

176 2008 310 2040 ὑπόθεσις
321 2009 450 2042 γεγονώς.

214 2050 273 2076 Καὶ
293 2050 347 2085 γὰρ
364 2051 482 2085 ὑψωθεὶς
509 2051 523 2077 ὁ
539 2051 725 2086 πρεσϐύτατος
740 2051 787 2077 ἐπὶ
811 2051 858 2078 τοῦ
873 2051 950 2084 ξύλου
960 2060 966 2066 ·

178 2095 228 2120 καὶ
240 2094 271 2120 οὐ
285 2095 507 2130 προσηλωμένος,
519 2096 575 2123 ἀλλ’
595 2097 637 2131 ἐφ’
657 2096 776 2131 ἡμέραις
795 2096 869 2131 αὑτῷ
885 2105 968 2131 προσν

175 2139 321 2174 δεδεμένος
330 2142 430 2176 τρισὶν,
444 2140 538 2176 ὥσπερ
552 2141 605 2167 ἀπὸ
620 2142 736 2172 σκοπιᾶς
754 2149 826 2172 τινος
844 2140 861 2176 ἦ
877 2141 969 2176 ἀκρω-

179 2187 259 2221 pain;
273 2188 336 2217 τοὺς
348 2187 527 2221 παρεστῶτας
547 2187 620 2222 αὺτῷ
636 2188 718 2219 λαοὺς
732 2187 849 2223 ἐφορῶν,
867 2187 914 2214 καὶ
935 2188 970 2214 τὰ

1013 949 1125 986 planum
1143 951 1275 985 valdeque
1288 950 1446 985 expeditum
1461 959 1605 978 ascensum
1616 951 1778 980 muniebant
1794 961 1804 986 ;

1012 998 1068 1033 jam
1086 1005 1206 1025 necesse
1224 1001 1284 1024 erat
1298 1001 1328 1024 ut
1345 997 1442 1024 relicto
1460 998 1487 1024 in
1506 1002 1579 1025 terra
1595 998 1806 1033 corporisinvo-

1014 1044 1103 1074 lucro.
1118 1043 1152 1072 ad
1175 1044 1329 1071 substantia
1357 1044 1430 1071 omni
1458 1044 1589 1079 majorem
1611 1044 1737 1079 corporis
1758 1052 1807 1072 ex-

1015 1098 1079 1124 pers
1095 1089 1217 1117 evolaret
1227 1098 1234 1121 ;
1244 1090 1418 1125 abruptaque
1434 1090 1524 1117 carnis
1539 1090 1611 1117 mole
1622 1097 1654 1117 ac
1668 1089 1805 1120 crassitie.

1016 1135 1091 1163 nudo
1108 1136 1206 1170 spiritu
1220 1135 1252 1162 ad
1272 1135 1403 1170 Spiritum
1423 1143 1492 1170 pure
1511 1135 1670 1170 emigraret.
1688 1135 1807 1163 Necesse

1017 1185 1074 1209 eral
1086 1185 1117 1208 ut
1130 1185 1203 1209 terra
1219 1181 1247 1208 in
1264 1186 1338 1208 terra
1354 1185 1494 1212 manente,
1508 1180 1656 1215 futuraque
1666 1180 1712 1208 illa
1728 1185 1807 1208 terra:

1019 1228 1045 1254 in
1059 1227 1314 1258 sanctiﬁcationem,
1338 1227 1465 1261 illiusque
1492 1227 1592 1262 pignus
1619 1226 1694 1259 ﬁdei,
1724 1234 1809 1254 sacne

1019 1273 1141 1300 exsuviat
1155 1273 1283 1300 ﬁdelibus
1297 1272 1439 1304 cederent,
1452 1273 1566 1307 ipseque
1577 1272 1645 1300 levis
1662 1273 1691 1300 in
1707 1273 1808 1301 malum

1022 1319 1174 1351 tolleretur,
1188 1327 1251 1346 cum
1266 1326 1301 1346 eo
1317 1323 1488 1351 versaturus,
1509 1318 1556 1354 qui
1573 1319 1708 1346 excelsior
1736 1319 1808 1347 caelo

1019 1369 1071 1391 ρει.

1055 1410 1201 1444 Quodnam
1236 1418 1302 1437 vero
1326 1411 1367 1438 sic
1391 1411 1546 1446 emigrandi
1564 1415 1647 1446 atque
1683 1411 1808 1438 solvendi

1021 1464 1153 1492 organum
1174 1455 1247 1482 fuit?
1263 1456 1399 1483 Nimirum
1424 1464 1502 1488 crux,
1538 1457 1646 1492 signum
1673 1456 1808 1490 cruciﬁxi,

1020 1507 1161 1537 sceptrum
1180 1502 1371 1529 universorum
1392 1502 1484 1537 Regis,
1504 1502 1607 1530 Christi
1633 1502 1729 1537 gloria,
1745 1510 1810 1529 san-

1022 1551 1129 1575 ctorum
1140 1546 1263 1574 omnium
1279 1546 1446 1574 inviolabilis
1458 1552 1608 1574 armatura.
1629 1547 1713 1579 Crux,
1738 1547 1812 1575 sicut

1020 1593 1097 1628 prius
1111 1601 1127 1620 a
1145 1592 1247 1621 Judmis
1257 1593 1322 1620 Jesu
1334 1597 1438 1620 structa
1452 1593 1529 1620 velut
1546 1593 1642 1621 mortis
1665 1601 1810 1631 organum,

1020 1639 1182 1674 cunctisque
1194 1640 1229 1666 ab
1240 1647 1274 1666 eo
1281 1639 1385 1666 sanctis
1396 1639 1459 1666 data
1471 1643 1600 1674 tanquam
1612 1640 1675 1667 vitae
1682 1640 1790 1675 signum
1801 1648 1809 1673 ;

1020 1685 1060 1712 sic
1076 1690 1104 1712 et
1115 1685 1275 1713 ﬁdelissimo
1289 1684 1393 1712 Christi
1403 1685 1480 1712 cruci
1488 1684 1560 1712 aﬁlxi
1573 1685 1720 1720 discipulo,
1732 1694 1809 1713 mor-

1020 1729 1055 1757 tis
1076 1737 1209 1764 organum
1236 1729 1270 1756 ab
1283 1728 1396 1764 Egeatc
1422 1729 1474 1756 ﬁxa
1490 1729 1546 1764 (ea
1572 1729 1677 1758 scilicet
1703 1730 1812 1758 ratione

1019 1776 1093 1811 quod
1106 1784 1191 1803 uxore
1203 1776 1342 1810 fratreque
1354 1775 1546 1809 frustraretur,
1559 1775 1594 1803 ab
1610 1775 1726 1807 Andreae
1742 1783 1811 1811 pen—

1019 1822 1150 1849 dentibus
1184 1821 1238 1849 ﬁde
1270 1822 1385 1857 ejusque
1411 1821 1512 1849 divinis
1544 1821 1730 1856 sermonibus)
1750 1829 1812 1856 quae

1020 1873 1111 1896 tamen
1126 1868 1229 1896 nedum
1243 1867 1398 1896 Maximillae
1420 1871 1448 1894 ct
1467 1866 1605 1899 Stratocli,
1625 1866 1674 1894 sed
1688 1871 1717 1894 et
1741 1874 1812 1894 cun-

1020 1914 1072 1942 ctis
1086 1914 1355 1946 Patrarum'civibus,
1361 1912 1491 1948 omnique
1499 1912 1715 1941 Achaiam-alatis
1729 1920 1812 1941 causa

1020 1960 1168 1988 exstiterit.

1055 2051 1186 2079 Sublatus
1201 2051 1274 2078 enim
1299 2050 1327 2077 in
1342 2057 1452 2078 crucem
1466 2053 1602 2084 provccue
1618 2049 1706 2076 aetatis
1714 2056 1810 2081 senex,

1021 2105 1073 2125 nec
1091 2097 1130 2124 illi
1148 2097 1284 2129 conﬁxus,
1302 2096 1350 2124 sed
1375 2095 1459 2123 tridui
1477 2095 1566 2130 spatio
1579 2095 1717 2130 alligatus,
1734 2094 1812 2121 velut

1008 2151 1037 2171 ’e
1053 2143 1164 2178 specula
1186 2143 1343 2176 montisque
1366 2141 1468 2168 vertice
1488 2145 1608 2168 astantes
1636 2140 1752 2175 populos
1768 2140 1812 2166 in-

1024 2193 1115 2220 tuens,
1141 2187 1354 2222 sacratiorisque
1377 2186 1512 2213 doctrina:
1534 2185 1616 2213 verba
1640 2192 1809 2220 proponens,

177 2233 230 2266 τῆς
248 2233 442 2267 μυσταγωγίας
459 2234 570 2268 ῥήματα
591 2233 763 2268 παρατιθεὶς,
792 2233 892 2267 σαρκὸς
924 2234 966 2268 μὲι

1026 2233 1188 2261 hortabatur
1198 2241 1309 2260 carnem
1323 2232 1476 2266 despicere,
1494 2231 1562 2259 nulli
1577 2233 1703 2266 corporis
1733 2231 1812 2258 volu-

178 2277 298 2312 παρῄνει
322 2277 506 2312 παραμελεῖν·
535 2277 631 2313 ἡδονῆς
644 2286 674 2303 τε
696 2277 822 2312 σώματος
839 2277 971 2313 ἡττᾶσθαι

179 2322 330 2357 μηδεμιᾶς,
348 2322 416 2357 μηδέ
435 2331 461 2348 τι
478 2322 531 2348 τῶν
547 2322 693 2357 ὁρωμένων
709 2322 877 2358 ἢλυομὲνων
897 2322 972 2355 ἄξιον

176 2368 309 2403 ἡγεῖσθαι
324 2367 442 2403 σπουδῆς
457 2375 463 2381 ·
481 2368 566 2403 μόνης
580 2368 608 2394 δὲ
620 2368 709 2403 ψυχῆς
722 2369 769 2394 καὶ
783 2369 832 2403 τῆς
848 2369 908 2395 κατ’
924 2370 973 2396 αὺ-

177 2413 229 2449 τὴν
242 2413 461 2448 ὲνεργείας,-τῆς
475 2414 546 2440 κατὰ
572 2413 663 2440 πίστιν
679 2413 808 2448 ἀληθείας
824 2414 908 2449 φημὶ,
922 2414 972 2449 τῆς

179 2458 250 2492 πρὸς
277 2458 309 2484 τὸ
323 2458 377 2485 τῶν
394 2458 498 2492 ἐφετῶν
519 2459 669 2492 ἀκρότατον
687 2459 851 2493 ὲκστατικῆς
865 2459 972 2492 ἀναγω-

179 2505 244 2539 γῆς.
262 2505 310 2530 καὶ
327 2505 486 2539 κοινωνικῆς
503 2504 661 2540 ὁμοιότητος
677 2505 726 2531 καὶ
754 2506 902 2539 συναφείας
915 2506 973 2531 θεο-

178 2549 306 2583 λογικῇ,
323 2549 398 2585 πάσῃ
411 2550 524 2585 σπουδῇ,
540 2550 616 2586 πάσῃ
629 2551 737 2585 μηχανῇ
751 2551 798 2576 καὶ
813 2551 894 2577 παντὶ
911 2551 971 2577 σθέ-

180 2604 222 2622 νει
237 2594 327 2630 χρεὼν
343 2594 435 2629 ἔλεγεν
445 2596 459 2621 ὁ
475 2594 619 2630 θεόληπτος
632 2595 829 2630 ἐπιμελεῖσθαι.

1024 2279 1092 2314 ptati
1107 2287 1139 2306 ac
1153 2278 1262 2306 libidini
1278 2278 1388 2310 cedere,
1408 2278 1532 2312 nihilque
1551 2285 1648 2304 eorum
1663 2285 1723 2312 qua:
1734 2275 1811 2304 cerni

1025 2324 1112 2352 oculis
1122 2328 1238 2359 possunt
1247 2328 1295 2350 aut
1312 2322 1672 2357 inlereunt,studiidignum
1688 2322 1790 2349 ducere
1803 2330 1810 2354 ;

1025 2371 1124 2399 animae
1141 2371 1274 2398 duntaxat
1281 2370 1395 2405 ejusque
1409 2369 1576 2404 operationis
1591 2367 1724 2403 (veritatis
1738 2367 1814 2395 scili-

1025 2421 1070 2445 cet
1083 2416 1158 2451 ﬁdei)
1173 2416 1297 2444 exstatici
1322 2415 1357 2442 ad
1379 2423 1538 2449 supremum
1557 2421 1664 2447 eorum,
1685 2422 1747 2448 qua:
1762 2413 1812 2441 de-

1027 2462 1143 2490 siderari
1158 2466 1283 2497 possunt,
1303 2461 1388 2488 animi
1398 2468 1540 2494 ascensus,
1555 2461 1694 2495 sociaeque
1713 2460 1814 2487 simili-

1029 2507 1133 2535 tudinis
1164 2515 1195 2534 ac
1222 2507 1428 2542 conjunctionis
1456 2507 1630 2541 theologicae,
1649 2507 1723 2533 omni
1749 2506 1816 2533 dili-

1026 2553 1127 2587 gentia,
1143 2557 1256 2586 arthue
1267 2560 1299 2579 ac
1312 2551 1422 2584 robore,
1432 2551 1535 2579 virDeo
1548 2551 1646 2585 plenus
1657 2550 1749 2578 aiebat
1764 2558 1814 2577 cu-

1024 2606 1083 2624 ram
1102 2597 1254 2625 habendam
1266 2605 1337 2626 csse.

217 2688 242 2704 "
256 2687 336 2714 Joau.
357 2695 424 2719 xvu,
438 2688 465 2715 4.
501 2686 542 2703 ⁹²⁸
555 2686 625 2714 Phil.
640 2694 658 2718 ι,
670 2687 715 2714 25.
752 2687 775 2703 ’³
789 2687 839 2714 lsa.
860 2696 897 2720 vi,
915 2688 941 2715 '5.

1025 2689 1125 2717 Ezech.
1140 2697 1178 2721 ιιι,
1195 2690 1238 2716 ιε’..

219 2769 278 2802 (12)
291 2767 322 2794 ’0
336 2768 491 2803 ιῖιεϊεῖρθεοςἶ
506 2766 589 2799 Quasi
605 2776 686 2803 supra
700 2776 780 2802 quam
797 2767 865 2794 Dens
876 2777 884 2800 ;
896 2768 976 2803 longe

181 2803 322 2830 excedens
332 2803 467 2836 quidquid
476 2802 587 2829 demum
597 2802 630 2829 de
642 2803 696 2829 Deo
706 2803 906 2836 concipiamus;
917 2802 974 2830 sive

184 2839 274 2866 deitas
295 2837 474 2873 intelligatur,
492 2842 523 2863 ut
543 2838 570 2873 in
593 2838 693 2873 creatis
714 2838 827 2869 dicitur,
841 2844 866 2865 el
887 2839 973 2873 parti-

183 2874 335 2908 cipatione,
347 2874 405 2899 sive
417 2872 499 2900 etiam
513 2876 543 2898 ut
554 2872 581 2898 iu
594 2872 659 2902 Deo,
672 2873 710 2900 sic
722 2882 736 2900 ιι
749 2873 828 2900 nobis
841 2872 973 2901 allirinatc

352 2919 489 2950 Pnaot.
513 2920 572 2951 Ga.
592 2920 653 2950 CV.

1026 2776 1059 2795 ex
1077 2769 1187 2799 creatis,
1203 2773 1231 2795 et
1249 2774 1280 2796 ut
1292 2769 1401 2796 illorum
1417 2774 1514 2796 auctor
1526 2774 1578 2800 est,
1594 2769 1749 2796 intellecto:
1763 2777 1813 2797 cu-

1023 2804 1144 2840 iusmodi
1157 2804 1234 2840 plura
1245 2805 1278 2840 Vin
1289 2805 1308 2831 l.
1323 2804 1359 2831 De
1375 2803 1482 2840 Myslica
1494 2805 1630 2840 Theologia
1641 2811 1650 2830 :
1663 2804 1814 2840 nouo-rra'p-

1025 2839 1094 2870 θεος,
1114 2839 1192 2873 quasi
1205 2839 1268 2866 aliis
1282 2840 1408 2874 personis
1423 2840 1509 2874 magis
1527 2839 1608 2869 Deus,
1629 2843 1678 2874 aut
1692 2839 1746 2868 illis
1761 2839 1810 2870 stt-

1024 2874 1116 2908 perior
1129 2875 1259 2908 exsistat;
1275 2873 1348 2909 quod
1362 2879 1435 2903 esset
1450 2873 1569 2902 A’rianici
1581 2873 1705 2902 fin-iuris.

1597 2921 1614 2951 3
