2072 3160
257 163 293 196 75

858 165 1006 195 NICETJE
1024 163 1289 195 PAPHLAGONIS

1866 164 1902 195 '76

294 219 381 256 Hujus
396 220 478 247 unius
489 228 569 255 quam
579 221 697 249 maxime
710 221 904 249 assumendam
918 221 1055 249 sollicitu-

1144 221 1247 248 Τούτου
1267 221 1348 257 μόνου
1377 220 1532 256 φροντίζειν
1556 219 1598 248 ὅτι
1626 219 1745 255 μάλιστα
1763 220 1840 253 δεῖν,
1863 221 1903 252 ὡς

257 265 362 299 dinem,
376 266 477 302 quippe
489 274 552 295 cum
560 267 610 294 Dei
618 274 688 302 opus
696 267 780 301 sit";
794 267 877 302 inque
885 275 918 294 eo
929 266 1055 302 primitus

257 313 437 340 laborandum
447 322 454 346 ;
465 320 561 341 omnes
568 321 602 341 au
606 318 660 341 tem
668 317 791 342 terrenas
798 313 994 349 possessiones,
1004 321 1054 340 ceu

259 358 359 391 ﬂuxas,
378 359 548 394 spernendae
575 368 636 388 esse
653 369 660 388 :
676 361 776 388 bonam
799 359 924 395 corporis
943 360 1054 387 habitu-

257 405 362 438 dinem,
395 409 425 432 ut
449 413 511 441 quae
540 406 599 441 ipsa
622 406 726 442 fragilis
739 405 785 439 sit,
797 406 1053 439 contemnendam;

258 451 407 487 animoque
431 452 543 480 virtutis
573 460 656 480 causa
683 452 829 481 laborante
853 453 1053 481 connitendum

260 498 373 526 fortiter
403 498 586 532 admonebat,
609 507 661 527 nec
688 499 834 527 laboribus
860 499 1053 527 fatiscendum.

257 544 344 573 Unam
360 545 431 573 scire
443 549 559 572 mortem
570 545 618 581 qui
641 546 678 573 sit
691 546 873 581 philosophus
883 565 890 579 ,
913 550 1054 581 peccatum

257 590 363 618 scilicet
377 597 409 617 ac
425 590 605 625 impietatem.
627 591 728 618 Veram
747 591 819 618 hanc
850 595 966 618 mortem
995 598 1056 618 esse

254 644 349 663 veram
365 636 496 663 nimirum
512 637 595 664 vitam
631 637 769 673 ignorare,
795 637 937 672 animique
960 637 1056 665 oculos

255 682 396 715 claudere,
419 691 455 710 ne
471 682 572 711 Christi
587 683 650 711 ﬁdei
665 683 750 711 radiis
760 683 966 711 collustrentur.
980 683 1056 710 Hanc

258 728 432 756 tremendam
450 729 633 765 acerbamque
644 729 735 757 aiebat
749 734 866 757 mortem
883 737 890 762 ;
907 737 988 764 quam
1005 737 1054 756 au-

256 779 311 802 tem
334 774 459 803 infideles
477 775 606 808 inferant,
628 776 736 803 cunctis
754 776 909 803 suaviorem
937 775 1054 806 deliciis.

255 821 376 856 vitaeque
400 829 512 850 causam
542 822 752 850 existimandum
770 829 847 854 esse,
869 825 900 849 ut
920 830 982 857 quae
999 822 1051 857 ipsi

255 867 336 901 Viue,
351 867 403 903 ipsi
420 868 487 896 Luci
499 872 581 903 atque
599 868 735 896 luminum
747 867 821 895 Patri
837 868 938 903 (omnis
953 868 1057 905 scilicet

1110 268 1190 303 ἔργου
1201 267 1372 300 καθεστῶτος
1388 266 1467 300 Θεοῦ,
1484 267 1531 294 καὶ
1548 267 1614 303 περὶ
1632 267 1712 294 τοῦτο
1725 266 1904 302 προηγουμέ-

1109 322 1163 345 νως
1176 314 1285 340 πονεῖν·
1302 314 1426 349 κτήσεως
1440 314 1469 340 δὲ
1486 313 1585 348 γηϊνης
1604 312 1707 347 πάσης,
1721 311 1759 344 ὡς
1775 312 1902 348 ῥεούσης,

1109 361 1266 396 ὑπερορᾷν·
1296 360 1446 392 εὐπαθείας
1476 359 1611 395 σώματος,
1639 359 1678 392 ὼς
1700 360 1730 385 οὐ
1756 358 1902 395 μενούσης,

1110 407 1292 443 ὑπερφρονεῖν
1302 415 1308 422 ·
1332 407 1380 434 καὶ¹
1393 406 1483 442 ψυχῆς
1494 406 1524 433 δὲ
1537 406 1608 441 ὑπὲρ
1625 405 1729 440 ἀρετῆς
1756 405 1902 440 πονούσης,

1108 453 1283 490 ἀνδρίζεσθαι
1307 452 1491 489 παρήγγελλε,
1503 452 1551 479 καὶ
1574 452 1611 488 μὴ
1627 453 1771 479 ὲκκακεϊν·
1790 451 1905 479 θάνατον

1108 500 1137 527 δὲ
1153 500 1234 535 μόνον
1254 500 1353 527 ειδέναι
1379 499 1537 534 φιλόσοφον,
1562 498 1613 534 τὴν
1628 498 1766 534 ἁμαρτίαν
1777 498 1824 524 καὶ
1837 497 1904 524 ἀσέ-

1110 547 1197 574 ϐειαν.
1226 547 1348 574 Θάνατον
1371 546 1466 573 τοῦτον
1493 545 1604 581 ἀληθῆ,
1632 545 1682 581 τὴν
1714 544 1803 579 ἁληθῆ
1831 543 1904 579 ζωὴν

1109 594 1227 628 ἀγνοεῖν,
1237 593 1285 620 καὶ
1301 592 1461 629 μυωπάξειν
1470 592 1535 624 τοὺς
1548 592 1597 627 τῆς
1608 591 1723 627 καρδίας
1735 590 1902 626 ὀφθαλμοὺς,

1109 641 1148 672 ὼς
1162 640 1199 676 μὴ
1216 641 1277 672 ταῖς
1289 640 1381 667 ἀκτῖσι
1394 639 1444 674 τῆς
1458 638 1578 670 πίστεως
1598 637 1822 672 καταυγασῡῆναι
1833 636 1903 671 Χρι-

1111 686 1185 714 στοῦ.
1201 685 1288 713 Τοῦτο
1306 685 1422 713 θάνατον
1437 684 1557 719 ἔφασκεν
1571 681 1641 711 εἶναι
1655 683 1770 719 φρικτὸν
1792 682 1841 709 καὶ
1858 691 1904 708 m-

1110 733 1176 769 κρόν
1186 741 1193 748 ·
1212 732 1258 759 τὸν
1271 731 1347 767 παρὰ
1360 731 1416 758 τῶν
1435 731 1559 758 ἀπίστων
1575 730 1604 757 δὲ
1619 729 1799 765 ὲπαγόμενον.
1813 728 1904 762 πάσης

1110 779 1177 815 ἡδίω
1204 777 1313 814 τρυφῆς
1331 776 1380 804 καὶ
1403 777 1476 812 ζωῆς
1502 776 1590 804 αῐτιον
1613 775 1751 811 ἡγεῖσθαι,
1781 774 1819 806 ὡς
1833 774 1902 808 αὐτῇ

1111 824 1286 860 προσάγοντα
1293 824 1327 859 τῇ
1341 821 1477 858 αὐτοζωῇ.
1489 821 1529 858 τῷ
1536 821 1686 856 αὐτοφωτὶ,
1697 820 1746 848 καὶ
1753 819 1791 855 τῷ
1806 819 1904 855 φώτων

1111 871 1214 906 Πατρι·
1232 870 1273 906 τῷ
1304 869 1395 904 πάσης
1422 867 1576 904 καλλοποιῷ
1600 866 1745 902 καλλονῆς,
1759 865 1799 902 τῷ
1813 865 1904 900 πάσης

255 913 474 949 pulchritudinis
498 914 604 942 auctori
630 914 775 949 omnisque
794 913 926 942 bonitatis
938 913 1056 949 parenti)

1109 915 1276 951 ἀγαθότητος
1291 913 1462 949 ἁγαθοποιῷ.

255 960 411 992 admoveat,

292 1005 332 1032 Ne
348 1006 439 1041 igitur,
452 1006 512 1040 filii,
529 1014 621 1033 eorum
634 1014 715 1033 causa
724 1006 899 1042 indignemini
912 1007 957 1041 qui
970 1006 1055 1033 inter-

258 1051 356 1078 imunt.
371 1051 443 1078 Nam
472 1056 496 1078 et
514 1052 592 1078 inviti
606 1051 862 1084 vitamconciliant;
884 1055 909 1078 et
931 1059 990 1079 cum
1006 1051 1054 1079 lte-

256 1096 318 1123 dere
346 1096 512 1123 arbitrentur
526 1117 534 1129 ,
560 1096 714 1131 beneﬁcium
751 1101 880 1132 prtestant
896 1105 906 1125 .'
929 1101 1052 1132 putantes

256 1141 351 1168 honori
363 1141 512 1172 detrahere,
536 1140 662 1167 honorem
689 1140 861 1168 accumulant
879 1142 1055 1168 :ezistiman-

257 1193 294 1215 tes
309 1188 422 1223 affligere
451 1191 528 1222 atque
551 1195 678 1215 terumna:
693 1191 814 1214 auctores
826 1195 881 1215 esse
892 1207 899 1219 ,
922 1187 956 1214 ad
967 1195 1056 1215 verum

257 1242 289 1262 ac
300 1242 436 1269 nunquam
463 1233 583 1269 diffluens
608 1233 736 1269 gaudium
778 1234 973 1261 transmittunt.
997 1233 1057 1261 Non

265 1281 347 1315 igitur
358 1280 422 1306 mihi
437 1279 556 1306 mwroris
585 1287 670 1306 causa
684 1283 708 1305 et
723 1279 841 1306 tristitia:
866 1279 999 1314 animique
1010 1279 1057 1305 do-

265 1325 340 1357 loris,
356 1325 457 1360 injusta
469 1326 524 1352 Itwc
552 1325 706 1352 existimata
721 1326 864 1353 sententia.
881 1324 958 1352 Esset
994 1325 1058 1352 mihi

259 1373 340 1409 plane
364 1372 441 1400 valde
459 1372 570 1400 molesta
588 1381 620 1399 ac
632 1373 725 1404 tristis,
741 1381 772 1400 ac
788 1380 849 1400 vere
860 1373 952 1399 mortis
964 1380 1056 1404 causa,

261 1420 393 1454 siquidem
401 1419 477 1454 justa
485 1422 565 1446 esset.
581 1417 611 1445 Si
620 1418 776 1454 deprehensi
799 1426 915 1445 essemus
932 1418 1058 1453 facinoris

259 1465 298 1492 rei
309 1472 319 1496 ;
331 1464 354 1491 si
373 1472 420 1491 nos
432 1463 538 1499 Egeati
550 1467 634 1490 morte
653 1463 744 1499 dignos
757 1463 973 1491 exhibuissemus.
984 1462 1060 1490 Nunc

259 1515 347 1538 autem
357 1518 447 1537 ueram
457 1510 549 1542 vitam,
558 1510 641 1537 vitam
666 1509 797 1542 stabilem,
807 1508 976 1544 ineffabilem,
992 1508 1061 1535 inte-

260 1560 406 1588 meratum,
430 1564 512 1591 quam
526 1555 608 1582 oculis
621 1555 746 1587 vidimus,
756 1555 878 1582 manibus
888 1554 1061 1581 contrectaui-

260 1603 354 1634 mus“;
365 1602 440 1637 cujus
449 1604 505 1637 ipso
516 1601 554 1629 rei
560 1600 804 1636 periculopirtutem
815 1600 993 1635 cognovimus,
1001 1607 1061 1626 cum

259 1648 461 1680 annuntiemus,
483 1650 641 1682 cunctosque
664 1646 744 1682 (quod
767 1650 921 1673 nostrarum
942 1646 1061 1681 partium

260 1694 309 1729 est)
321 1694 381 1721 boni
390 1693 473 1720 socios
485 1700 619 1720 assumere
630 1692 906 1726 studeumus,eiusque
921 1692 960 1718 rei
971 1692 1062 1727 gratia

261 1740 292 1767 in
304 1739 371 1767 talia
385 1738 547 1772 incidamus,
560 1737 709 1766 nondelicti
721 1746 813 1774 panos
826 1737 934 1770 luimus,
947 1737 994 1764 sed
1004 1737 1062 1764 cla-

263 1786 390 1813 reseimus
406 1793 417 1818 ,'
434 1793 487 1812 non
502 1785 640 1821 punimur,
652 1784 699 1811 sed
709 1791 849 1812 servantur
864 1791 874 1816 ;
888 1791 936 1810 nec
949 1784 989 1817 (ut
1003 1784 1060 1819 quis

261 1831 407 1867 putauerit)
420 1834 505 1858 morte
525 1830 664 1865 efficimur,
680 1829 726 1857 sed
735 1830 791 1857 vita
804 1828 937 1856 donamur
944 1829 980 1856 ’⁸.
990 1828 1060 1862 Quid

266 1877 345 1904 enim
365 1877 408 1903 vir
436 1876 604 1910 fortissimus
626 1875 739 1903 virtutis
762 1881 845 1902 causa
876 1874 976 1910 injuria
990 1873 1061 1902 allici

261 1929 295 1949 ac
306 1921 445 1955 cruciari,
470 1920 630 1957 philosophi
659 1928 742 1949 sensu
765 1921 948 1953 existimaret,
977 1927 1060 1956 quam

261 1968 411 2005 justiﬁcari
428 1976 462 1996 ac
485 1968 638 1996 coronari?
652 1967 724 2001 Quid
752 1975 819 1996 vero
835 1968 900 1996 Jesu
929 1974 1014 1995 causa
1032 1967 1060 1994 in

261 2023 374 2043 crucem
384 2014 427 2050 agi
449 2022 482 2042 ac
494 2014 628 2048 interimi,
655 2021 739 2049 quam
754 2014 810 2041 vita
834 2021 867 2041 ac
882 2013 986 2041 deitate
1008 2021 1059 2041 au-

261 2061 319 2098 geri
329 2069 337 2091 ι
347 2069 380 2089 ac
390 2061 462 2089 sicut
480 2060 609 2096 supplicii
625 2060 778 2095 mortisque
793 2059 988 2092 similitudine,
1019 2059 1060 2087 sic

261 2107 395 2135 claritatis
418 2107 549 2134 societate
559 2106 586 2133 ei
601 2106 735 2141 copulari,
754 2114 785 2133 ac
801 2114 863 2134 cum
881 2114 914 2134 eo
936 2106 963 2133 in
977 2110 1059 2147 aiter:

261 2161 329 2181 num
345 2161 426 2188 regna
431 2161 470 2181 re.

300 2198 389 2232 Atque
415 2197 475 2225 haec
500 2196 613 2232 quidem
642 2196 677 2224 ad
705 2196 815 2231 plebem
834 2205 840 2224 :
860 2197 914 2225 sibi
932 2205 998 2225 vero
1017 2198 1060 2225 vir

261 2244 354 2279 rcipsa
369 2243 590 2278 sapientissimus
619 2242 803 2277 incumbens,
819 2247 902 2278 atque
921 2243 955 2270 ad
980 2251 1055 2276 eum,
1073 2263 1094 2290 Β

262 2297 344 2324 quem
360 2289 388 2316 in
400 2297 430 2316 se
445 2292 602 2316 manentem
620 2288 749 2321 habebat,
762 2295 919 2316 sermonem
939 2295 1055 2316 conver—

263 2340 336 2367 tens,
352 2335 472 2367 Gratias,
482 2334 583 2369 inquit,
607 2343 656 2369 ago
674 2335 730 2366 tibi,
743 2342 801 2361 mea
815 2333 938 2369 voluptas
951 2343 982 2361 ae
1001 2334 1059 2370 glo-

262 2382 358 2414 riatio,
375 2388 434 2408 mea
450 2380 592 2407 exsultatio
619 2388 650 2407 ac
665 2380 804 2412 exultatio,
831 2389 890 2407 mea
915 2380 960 2407 tua:
974 2399 982 2412 ,
1000 2389 1059 2408 mea

263 2430 388 2461 potestas,
411 2434 469 2453 mea
479 2434 588 2458 corona,
614 2433 674 2452 mea
685 2426 835 2453 substantia
845 2445 852 2455 .
869 2434 928 2452 mea
937 2425 1058 2458 claritas,

263 2481 322 2500 mea
344 2472 452 2508 gratia,
480 2479 576 2499 nomen
595 2470 788 2505 desiderabile,
815 2471 986 2506 divinumque
1010 2480 1056 2498 no-

261 2526 333 2545 mea.

299 2564 407 2592 Gratias
428 2563 486 2596 tibi,
502 2563 575 2596 Iesu,
608 2563 668 2591 vita
687 2571 761 2596 mece,
781 2571 846 2591 mea:
872 2563 1054 2598 respirationi,

263 2611 318 2637 alto
352 2609 439 2637 cordis
472 2609 524 2636 mei
554 2610 660 2642 sensui,
681 2609 775 2637 utentis
807 2617 872 2636 mete
886 2609 1054 2644 gloriationi,

265 2663 340 2692 quem
352 2655 400 2682 Dei
415 2663 506 2682 amore
521 2664 582 2683 amo
598 2664 648 2691 quo
664 2656 718 2690 frui
730 2655 806 2683 liceat
820 2661 923 2683 «eterna
935 2655 1057 2691 volupta-

265 2708 290 2730 te
302 2712 311 2736 ;
329 2710 408 2738 quem
423 2702 516 2735 habeo,
533 2710 611 2738 quem
620 2703 690 2736 sitio,
701 2702 744 2729 cui
758 2702 825 2736 vivo,
842 2710 873 2730 ac
888 2703 931 2730 cui
944 2710 1004 2729 sum
1014 2701 1057 2729 al-

265 2749 372 2784 ligatus,
393 2752 418 2776 et
431 2748 467 2776 ad
483 2756 562 2784 quem
571 2756 667 2783 urgeor
682 2748 871 2784 provehorque,
885 2756 916 2776 ac
938 2752 1058 2775 contente

267 2794 400 2822 contendo.

300 2889 321 2903 "
339 2887 417 2914 Juan.
431 2896 467 2920 νι,
481 2888 525 2914 ‘29.
564 2888 587 2904 "
603 2888 611 2914 Ι
626 2887 705 2914 Joan.
722 2895 740 2920 ι,
751 2886 778 2912 2.

1139 1007 1188 1040 Μὴ
1208 1004 1266 1034 οὖν
1280 1005 1330 1033 ἐπί
1347 1004 1410 1039 τοῖς
1426 1004 1615 1039 ἀναιροῦσιν,
1632 1000 1656 1030 ὦ
1672 1002 1774 1034 τέκνα,
1789 1000 1902 1034 δυσχε-

1101 1053 1228 1087 ραίνειν.
1243 1053 1382 1084 Ἀκοντες
1396 1050 1452 1086 γὰρ
1461 1048 1652 1080 ζωοποιοῦσι·
1666 1047 1715 1074 καὶ
1728 1046 1844 1074 κακοῦν
1852 1054 1904 1072 νο-

1102 1098 1247 1134 μίζοντες,
1275 1097 1464 1131 εὐεργετοῦσι
1474 1104 1481 1111 ⁸
1509 1096 1558 1123 καί
1573 1093 1699 1129 ἀτιμοῦν
1711 1094 1849 1127 οιόμενοι.
1863 1100 1904 1118 τι-

1102 1145 1181 1180 μῶσι
1193 1155 1200 1161 ·
1213 1143 1263 1172 καὶ
1279 1144 1392 1171 θλίϐειν
1406 1143 1578 1178 ἡγούμενοι,
1594 1142 1669 1176 ἠρὸς
1680 1140 1738 1174 τὴν
1754 1138 1905 1172 ἀληθινὴν

1106 1191 1157 1219 καὶ
1167 1191 1336 1226 ἆρρευστον
1347 1187 1579 1223 παραπέμπουσι
1595 1186 1827 1222 χαράν-,Οὔκουν
1839 1183 1905 1218 ἐμοὶ

1106 1238 1286 1272 δυσθυμίας.
1296 1237 1352 1264 οὐκ
1362 1236 1459 1268 ἀνίας,
1471 1234 1543 1262 οὺδέ
1556 1234 1658 1267 λύπης
1670 1232 1760 1263 αἰτία,
1771 1231 1791 1265 ὴ
1799 1230 1904 1263 ἄδικος

1107 1285 1183 1319 αὕτη
1197 1283 1373 1319 νομιζομένη
1389 1279 1563 1317 κρίσις.Ἦν
1580 1280 1619 1307 ἆν
1632 1288 1695 1316 μοι,
1711 1277 1905 1314 gnate-myd-

1107 1331 1164 1364 δρα
1177 1329 1310 1364 λυπηρὰ,
1328 1328 1377 1356 καί
1394 1328 1486 1360 ὅντως
1498 1326 1628 1355 θανάτου
1643 1325 1801 1360 πρόξενος,
1816 1323 1905 1358 ,ειπερ

1107 1376 1228 1409 ἔνδικος
1244 1373 1283 1410 ἦν
1293 1383 1299 1389 ·
1311 1375 1338 1401 εί
1353 1372 1591 1408 κακουργοῦντες
1599 1372 1733 1406 ἑάλωμεν
1742 1379 1749 1386 ·
1765 1371 1789 1397 εί
1799 1369 1906 1401 ἀξίους

1108 1420 1235 1454 ἑαυτοὺς
1253 1420 1381 1448 θανάτου
1395 1418 1435 1452 τῷ
1443 1418 1568 1452 Αίτεάτῃ
1585 1416 1818 1452 παρεστήσαμεν
1827 1423 1834 1429 ·
1846 1414 1906 1441 νῦν·

1109 1467 1144 1493 δὲ
1161 1466 1238 1500 ζωὴν
1251 1465 1362 1500 ἀληθῆ,
1374 1465 1450 1499 ζωὴν
1459 1464 1617 1500 μένουσαν
1631 1463 1772 1498 ᾶρῤητον,
1790 1460 1829 1494 ἦν
1842 1459 1906 1492 τοῖς

1110 1511 1275 1547 ὀφθαλμοῖς
1289 1510 1469 1545 ἑωράκαμεν,
1490 1509 1554 1542 ταῖς
1578 1508 1684 1543 χερσίν
1701 1504 1904 1541 ἑψηλαρήσα-

1110 1565 1166 1592 μεν
1175 1565 1182 1573 ·
1199 1554 1238 1591 ἧς
1246 1556 1296 1583 διὰ
1310 1556 1415 1589 πείρας
1428 1554 1600 1590 ἐγνώκαμεν
1611 1552 1669 1586 τὴν
1678 1551 1817 1586 δύναμιν,
1834 1549 1906 1576 ταύ-

1111 1611 1168 1637 την
1178 1601 1443 1638 εὐαγγελιζόμενοι,
1453 1600 1501 1627 καί
1511 1599 1694 1633 ,βουλόμενοι
1701 1596 1817 1629 πάντας
1830 1595 1905 1622 ὅσον

1111 1649 1157 1683 ἐφ’
1173 1647 1256 1683 ἡμῖν,
1274 1647 1327 1674 τοῦ
1340 1646 1453 1682 ἀγαθοῦ
1467 1645 1572 1673 λαϐεῖν
1588 1643 1762 1676 κοινωνοὺς,
1780 1641 1830 1669 καί
1844 1649 1902 1667 τοι·

1111 1695 1212 1727 οὐτοις
1226 1694 1456 1729 περιπίπτοντες
1466 1692 1504 1719 δι’
1516 1691 1624 1725 αὐτὴν,
1641 1691 1678 1717 οὐ
1691 1688 1903 1724 τιμωρούμεθα,

1111 1740 1293 1775 δοξαζόμεθα
1321 1739 1372 1766 δέ·
1398 1740 1435 1766 οὺ
1459 1737 1650 1773 κολαζόμεθα,
1677 1734 1829 1769 σωζόμθα
1859 1732 1904 1759 δέ·

1111 1786 1176 1814 οὐδ’
1188 1786 1228 1819 ὡς
1244 1786 1283 1813 ἅν
1294 1794 1341 1819 τις
1356 1784 1512 1816 ὑπολάϐοι,
1523 1782 1737 1817 θανατούμεθα,
1757 1780 1905 1815 ζωούμεοα

1111 1832 1156 1860 δέ.
1170 1832 1203 1860 Τί
1219 1832 1274 1868 γὰρ
1288 1832 1319 1858 τὸ
1334 1831 1404 1866 ὑπὲρ
1420 1830 1521 1866 ἀρετῆς
1538 1829 1690 1857 ἀδικεῖσθαι
1707 1828 1755 1853 καὶ
1775 1825 1906 1861 τιμωρεί-

1113 1879 1176 1906 σθαι
1197 1880 1211 1906 ὁ
1229 1878 1418 1914 ἀνδρειότατος
1433 1875 1600 1911 ἐφιλοσόφει,
1623 1873 1681 1901 ἀλλ’
1697 1873 1714 1908 ἢ
1734 1871 1904 1899 δικαιοῦσθαι

1111 1926 1159 1953 καὶ
1174 1923 1374 1960 στεφανοῦσθαι
1387 1931 1394 1957 ;
1424 1923 1458 1950 Τί
1471 1922 1499 1949 δὲ
1515 1921 1546 1948 τὺ
1561 1921 1631 1956 ὑπὲρ
1645 1921 1695 1956 τῆς
1712 1918 1800 1953 Ἰησοῦ
1826 1917 1906 1952 δόξης

1112 1969 1296 2006 σταυροῦσθαι
1320 1970 1370 1997 καὶ
1383 1967 1557 2004 νεκροῦσθαι,
1586 1965 1642 1993 ἀλλ’
1669 1965 1686 2001 ἢ
1714 1962 1905 1997 ζωοποιεῖσθαι

1111 2017 1159 2044 καὶ
1180 2015 1309 2043 θεοῦσθαι
1319 2024 1326 2032 ·
1345 2015 1393 2042 καὶ
1408 2014 1504 2050 ὥσπερ
1526 2015 1560 2050 τῇ
1576 2012 1717 2048 ὁμοιότητι
1730 2010 1778 2038 τοῦ
1789 2009 1903 2039 πάθους,

1109 2062 1181 2089 οὕτω
1193 2063 1241 2090 καὶ
1250 2063 1283 2098 τῇ
1296 2062 1425 2098 κοινωνίᾳ
1434 2061 1483 2097 τῆς
1493 2060 1573 2096 δόξης
1582 2057 1765 2094 συμφύεσθαι.
1777 2057 1824 2083 καὶ
1835 2064 1905 2091 συμ-

1111 2108 1265 2135 ϐασιλεύειν
1276 2107 1351 2143 αὐτῷ
1364 2109 1404 2139 είς
1415 2107 1478 2139 τοὺς
1491 2107 1610 2138 αίῶναςς

1145 2196 1200 2222 Καὶ
1214 2195 1303 2222 ταῦτα
1317 2195 1366 2230 μὲν
1381 2194 1450 2230 πρὸς
1465 2194 1496 2220 τὸ
1518 2192 1622 2228 πλῆθος
1635 2201 1643 2209 ·
1660 2192 1759 2219 ἑαυτοῦ
1777 2191 1805 2218 δὲ
1822 2191 1904 2219 πάλιν

1109 2242 1122 2268 ὀ
1136 2241 1174 2276 τῷ
1190 2241 1247 2268 δντι
1262 2240 1483 2276 φιλοσοφώτατος
1505 2240 1659 2274 γινόμενος,
1675 2239 1724 2266 καί⁸
1737 2239 1805 2274 πρὶς
1816 2238 1861 2264 τὸν
1875 2238 1904 2264 ἑν

1108 2287 1183 2323 αὐτῷ
1213 2287 1327 2322 μένοντα
1351 2287 1397 2313 τὸν
1425 2286 1505 2320 λόγον
1534 2286 1708 2321 ποιούμενος,
1728 2283 1905 2319 Εὑχαριστῶ

1108 2340 1169 2364 σοι,
1185 2332 1263 2367 φησὶ,
1280 2331 1312 2358 τὸ
1341 2331 1414 2366 ἐμὸν
1428 2331 1603 2366 ὲντρύφημα
1619 2331 1670 2358 καί
1691 2330 1902 2364 καλλώπισμα,

1107 2378 1141 2405 τὸ
1160 2379 1234 2412 ἐμὸν
1247 2378 1420 2412 ἀγαλλίαμα
1433 2377 1482 2404 καί
1500 2377 1619 2412 ὕψωμα,
1641 2377 1675 2404 τὸ
1693 2376 1767 2411 ἐμὸν
1779 2375 1852 2410 φῶς,
1871 2374 1904 2401 τὸ

1107 2424 1181 2459 ἐμὸν
1192 2423 1311 2457 κράτος,
1327 2423 1359 2450 τὸ
1372 2423 1555 2458 στεφάνωμα
1565 2423 1598 2450 τὸ
1611 2422 1696 2458 ἐμὸν,
1707 2422 1726 2456 ἠ
1740 2421 1814 2457 ἐμοῦ
1824 2429 1905 2456 περι-

1109 2471 1210 2503 ουσία,
1226 2471 1244 2504 ὴ
1256 2469 1312 2505 ἐμὴ
1328 2469 1414 2502 δόξα,
1427 2470 1446 2503 ἡ
1461 2469 1546 2504 χάρις
1560 2467 1579 2503 ἡ
1591 2469 1659 2504 ἐμὴ,
1679 2468 1713 2495 τὸ
1722 2468 1906 2501 ἐπιπόθητον

1110 2517 1215 2551 ὄνομα,
1235 2516 1269 2542 τὸ
1287 2515 1426 2549 θεὰρχιον
1439 2515 1543 2549 ὄνομα.

1144 2559 1320 2596 Εὑχαριστῶ
1346 2568 1406 2592 σοι,
1435 2559 1549 2594 Ἰησοῦ,
1572 2558 1609 2593 τῇ
1622 2557 1680 2593 ζωῇ
1691 2567 1761 2593 μου,
1780 2557 1818 2591 τῇ
1833 2558 1906 2585 ἀνα-

1109 2607 1188 2642 πνοῇ
1201 2617 1271 2642 μου,
1297 2606 1337 2639 τῷ
1352 2606 1528 2641 γαυριάματι
1554 2605 1610 2640 τῆς
1630 2605 1753 2639 καρδίας
1776 2613 1847 2639 μου,
1865 2604 1906 2636 τῷ

1110 2654 1280 2688 κιιυχήματι
1293 2652 1349 2687 τῆς
1361 2652 1496 2685 διανοίας
1503 2661 1574 2687 μου,
1598 2649 1634 2680 οὗ
1646 2650 1703 2685 ἐρῶ
1719 2650 1792 2677 Θεοῦ
1808 2650 1904 2685 ἔρωτι.

1112 2698 1147 2728 οὗ
1164 2699 1294 2733 ὀναίμην
1321 2699 1429 2730 αὶωνίῳ
1456 2697 1567 2732 τρυφῇ,
1590 2698 1626 2724 ὃν
1640 2697 1708 2732 ἔχω,
1724 2696 1760 2723 ὃν
1770 2697 1859 2732 διψῶ,
1880 2694 1906 2729 ᾧ

1113 2745 1159 2777 ζῶ,
1185 2745 1234 2771 καί
1248 2742 1273 2778 ᾧ
1300 2744 1430 2779 δέδεμαι,
1449 2744 1499 2770 καὶ
1518 2745 1592 2778 πρὸς
1620 2743 1656 2771 ὃν
1682 2743 1835 2779 ἐπείγομαι
1854 2743 1905 2770 καὶ

1113 2790 1270 2826 ᾱνιίγιομαι,
1288 2791 1337 2818 καί
1354 2791 1581 2824 συντεταμένως
1595 2791 1798 2826 ἀνατείνομαι.
