2072 3160
212 185 259 216 77⁷
669 184 810 214 ORATlO
831 184 878 214 IV.
893 184 976 213 -ῐΝ

1040 184 1152 215 L'DEM
1173 185 1203 214 S.
1224 185 1398 215 ΛΝΒΒΕίΕ.
1806 185 1838 218 7S

242 239 421 275 Εὐχαριστῶ
432 247 491 271 σοι,
510 240 627 275 Χρισιὲ,
643 240 682 273 τῷ
696 241 793 274 Κυρίῳ
805 249 864 275 μου
879 239 929 267 καί
946 241 990 266 Θει

1040 262 1044 270 ,
1093 241 1199 268 Gratias
1223 241 1280 272 tibi,
1303 241 1415 273 Christe,
1431 240 1542 268 Domino
1571 249 1628 269 mea
1653 247 1676 268 et
1703 241 1756 268 Deo
1784 251 1838 270 meo

203 295 264 320 μου
275 286 325 312 καὶ
339 285 467 312 Βασιλεῖ
481 295 550 320 μου,
578 286 623 313 ὅτι
645 294 685 321 με
698 286 773 320 πρὸς
798 285 862 318 τοῖς
880 285 996 318 ἄλλοις,

182 359 186 363 _
207 333 256 359 καὶ
272 331 307 366 τῇ
321 332 461 366 κοινωνίᾳ
478 332 638 367 τετίμηκας
652 332 705 359 τοῦ
718 331 776 359 σοῦ
793 331 908 365 πάθους
920 339 928 346 ·
952 332 998 358 ὃτι

181 367 190 398 At
203 386 242 412 με
254 377 306 404 τὸν
315 377 427 412 δρόμον
439 377 560 404 τελέσαι
571 376 682 409 καλῶς,
695 377 749 404 τὸν
758 377 859 412 ἀγῶνα
867 377 998 411 νομίμως

204 423 420 457 ἀγωνίσασθαι,
436 423 486 450 καὶ
500 422 558 457 τὴν
571 424 676 450 πίστιν
691 423 860 457 ἐνίσχυσας
870 423 998 455 βεϐαίαν

200 468 345 503 τηρῆσαι.
359 469 414 496 Καὶ
428 469 488 497 νῦν
496 469 546 496 διὰ
559 469 612 496 τοῦ
625 469 758 504 σταυροῦ
775 469 884 496 τούτου
899 470 995 503 ὑψού-

1049 295 1080 313 ac
1092 286 1155 322 Regi
1168 295 1236 318 meo.
1252 287 1320 322 quod
1341 291 1438 321 praeter
1462 286 1518 315 alia
1531 308 1539 318 ,
1561 288 1642 315 etiam
1663 293 1715 316 tua:
1727 297 1769 315 me
1795 297 1839 316 so-

1048 338 1116 364 cium
1129 333 1258 368 passionis
1272 330 1439 361 honoraveris
1450 334 1473 350 "
1485 342 1494 361 :
1505 334 1574 370 quod
1589 339 1618 362 ut
1639 343 1748 362 cursum
1762 335 1841 370 probs

1047 384 1267 408 consummarem,
1277 379 1408 404 certamen
1421 374 1534 412 legitime
1547 383 1676 405 certarem
1694 378 1744 411 η’,
1755 387 1786 406 ac
1793 378 1843 413 fir-

1048 431 1119 450 mam
1128 431 1259 450 servarem
1270 420 1433 457 ﬁdem,|vires
1444 424 1573 460 roburque
1580 423 1720 460 prazbueris
1726 423 1759 451 9".
1766 424 1842 452 Nunc

1049 469 1140 504 itaque
1153 477 1199 505 per
1225 469 1293 496 Itane
1303 467 1433 497 eleuatum
1445 478 1559 501 crucem,
1578 471 1612 497 ad
1628 475 1651 498 te
1670 471 1766 505 gaudia
1781 480 1841 498 sus-

199 523 306 550 μενον,
322 515 397 549 πρὸς
408 515 446 542 σὲ
458 516 656 551 χαρμοσύνως
677 516 821 549 ὑπόλαϐε,
848 515 990 550 φιλοφρόε

1042 517 1108 552 cipe,
1126 521 1247 544 amanter
1257 516 1415 552 benigneque
1428 516 1514 552 accipe
1523 536 1531 548 ,
1542 521 1650 552 paterno
1662 514 1818 550 amplectere
1831 526 1840 549 ;

200 570 260 594 νως
269 561 421 594 δεξίωσαι,
432 562 580 597 πατρικῶς
590 559 797 597 ἑναγκάλισαι·
810 563 861 589 καί
870 571 904 597 γε
913 561 990 596 παρὰ

1042 571 1073 590 ac
1088 570 1147 589 uero
1159 562 1230 597 apud
1238 567 1262 589 te
1275 570 1391 591 manere.
1401 562 1429 588 in
1442 566 1467 588 te
1479 557 1609 591 uivere.in
1626 566 1755 589 wternum
1774 563 1801 589 in
1813 567 1839 589 te

200 607 253 635 σοὶ
266 608 382 643 μένειν,
397 609 432 636 ἐν
448 608 500 636 σοι
523 608 586 643 ζῆν,
603 609 805 644 ἀγαλλιᾶσθαι
820 608 858 636 δι’
883 609 990 641 αἰῶνος

1044 608 1178 636 exsultare
1185 629 1193 641 ,
1203 609 1230 635 in
1243 613 1266 635 te
1275 605 1400 635 delectari
1411 608 1537 642 concede;
1546 613 1640 646 tuoque
1657 608 1748 635 decore
1756 618 1787 636 ac
1797 617 1840 635 re-

199 652 237 680 ἐν
258 653 319 683 σοὶ.
338 654 574 688 κατατέρπεσθαι
604 654 794 687 καταξίωσον
811 655 845 681 ἐν
859 654 921 686 σοι,
941 654 990 681 καὶ

1040 662 1090 689 gno
1102 653 1239 688 potiri.cui
1250 653 1315 680 nihil
1323 658 1485 680 terrenarum
1497 661 1608 687 usquam
1631 654 1708 680 uelim
1725 654 1836 681 anteire.

199 700 258 736 τῆς
269 701 330 736 σῆς
348 702 538 736 ὡραιότητος,
563 702 620 737 τῆς
641 703 703 738 σῆς
735 703 898 736 βασιλείας
922 701 1125 737 κατατρυφᾷν,
1148 698 1184 736 ἧς
1216 700 1307 728 οὐδέν
1333 710 1384 736 μοι
1413 700 1473 728 τῶν
1489 701 1539 728 ἐπὶ
1558 701 1614 735 γῆς
1634 701 1698 728 κατ’
1726 698 1837 729 οὐδένα

201 749 438 784 προτετιμῆσθαι
450 751 566 785 καιρόν.

241 796 334 823 Ἀλλὰ
349 798 399 824 καὶ
423 797 478 831 τὰς
498 797 559 825 τῶν
572 798 744 833 ἐκκλησιῶν
761 798 913 832 ἀπαρχὰς,
936 798 989 829 τὰς

198 843 380 879 συνατωτὰς
395 844 454 871 τῶν
467 844 594 877 πιστῶν,
608 844 644 871 τὰ
658 843 719 871 τῶν
733 843 813 878 ἐμῶν
826 843 990 877 ἁκροθήνια

1040 851 1100 869 rum
1109 842 1230 870 laborum
1243 842 1391 873 manubias,
1405 841 1517 868 cultura:
1531 841 1760 877 metemanipulos,
1773 849 1838 876 quos

197 890 312 922 πόνων,
324 890 360 917 τὰ
371 889 524 925 δράγματα
535 889 591 925 τῆς
602 890 742 925 γεωργίας
758 889 813 923 τῆς
824 888 909 924 ἐμῆς,
923 889 942 916 ιῖ
951 887 990 920 τῷ

1043 893 1087 915 tuo
1106 888 1233 924 acquisiui
1252 886 1365 923 Spiritu,
1376 888 1451 920 mihi,
1461 886 1574 920 Christe,
1584 888 1838 924 custodi,servaque.

195 935 244 969 σῷ
259 937 491 971 περιπεποίημαι
506 937 666 970 Πνεύμιιτι,
683 935 826 970 φύλασσέ
844 943 905 969 μοι,
925 935 990 969 Χρι-

1043 943 1074 962 ac
1087 944 1103 962 a
1115 930 1268 970 nequissimi
1277 932 1375 961 invidia
1390 938 1504 970 protege.
1514 934 1622 969 Adauge
1636 942 1738 970 gregem
1752 938 1837 966 tuum,

195 982 266 1013 στὲ.
278 982 328 1009 καὶ
341 982 434 1017 τήρει,
449 982 498 1009 καὶ
510 981 606 1009 σκέπε
618 982 673 1016 τῆς
681 982 855 1015 βασκανίας
868 982 920 1010 τοῦ
934 990 989 1008 πο-

1040 982 1085 1017 qui
1103 981 1185 1008 bonus
1211 989 1256 1014 es;
1281 979 1409 1015 conﬁrma
1421 989 1453 1008 ac
1482 981 1578 1007 robora
1593 1000 1600 1012 ,
1618 980 1662 1015 qui
1689 980 1764 1015 fortis
1786 988 1837 1022 es;

196 1027 306 1061 νηροῦ.
321 1028 503 1062 Marti/turdu-
515 1035 573 1055 σου
585 1028 618 1055 τὸ
631 1028 782 1063 ποίμνιον,
794 1027 897 1063 ἀγαθὲ,
917 1037 986 1062 κραι

1040 1028 1179 1063 conforta,
1209 1027 1367 1062 multiplica,
1400 1035 1451 1062 quo
1480 1028 1564 1053 omnis
1593 1027 1705 1054 hominis
1730 1023 1834 1058 anima,

196 1075 341 1106 ταίωσον,
358 1073 481 1108 ίσχυρέ·
511 1074 679 1107 σθένωσον,
701 1073 989 1105 πολλαπλασίασον,

1040 1074 1138 1101 inimici
1166 1081 1255 1100 errore
1283 1073 1393 1100 liberata
1409 1094 1417 1104 ,
1446 1077 1503 1100 tuto
1526 1080 1554 1100 se
1577 1077 1655 1108 portu
1683 1073 1717 1100 ad
1740 1072 1834 1099 Evan-

196 1119 277 1148 ὥστε
295 1120 401 1149 πᾶσαν
414 1120 522 1155 ψυχὴν
533 1120 693 1156 ἀνθρώπου
709 1120 765 1155 τῆς
778 1118 895 1153 ἀπάτης
911 1119 990 1146 ἐλευ-

1040 1119 1102 1155 gelii
1117 1121 1254 1147 ueritatem
1267 1120 1398 1155 recipiat;
1419 1123 1448 1146 ut
1474 1128 1556 1155 quam
1571 1120 1622 1146 cito
1638 1119 1676 1146 tui
1699 1119 1835 1154 agnitione

196 1167 382 1202 θερουμένην
401 1167 456 1195 τοῦ
483 1167 666 1203 δυσμενοῦς,
684 1167 760 1202 πρὸς
772 1165 829 1200 τὴν
848 1166 990 1200 ἀλήθειαν

1044 1170 1070 1193 et
1081 1165 1168 1202 gloria
1181 1166 1317 1202 repleatur
1336 1166 1457 1193 uniuersa
1470 1170 1553 1192 terra.

195 1213 252 1241 τοῦ
277 1215 464 1249 Ebur-relict:
491 1213 744 1250 mdopato'ﬂﬁrat'
765 1213 844 1240 ὥστε
875 1213 929 1247 τῆς
944 1212 1005 1247 σῆς
1022 1212 1210 1248 ἐπιγνώσεως
1232 1213 1281 1240 καὶ
1305 1213 1398 1247 δόξης
1426 1213 1602 1248 σύμπασαν,
1624 1213 1664 1246 ὡς
1696 1213 1833 1249 τάχιστα.

194 1261 375 1298 πλησθῆναι
385 1263 444 1297 τὴν
458 1262 528 1298 γῆν.

233 1309 376 1342 Τοιούτοις
395 1311 509 1345 ῥήμασι,
523 1309 570 1337 καὶ
581 1308 622 1336 ἔτι
634 1308 724 1344 πολλῷ
737 1308 840 1335 πλείοσι
847 1308 894 1335 καὶ
904 1307 990 1343 κρείτ·

1086 1307 1243 1336 Istiusmodi
1255 1308 1358 1341 verbis,
1371 1309 1506 1344 longeque
1520 1308 1554 1336 iis
1568 1308 1694 1344 pluribus
1702 1316 1734 1336 ac
1746 1309 1835 1344 potio-

195 1364 284 1388 τοσιν,
306 1352 329 1382 ὧ
342 1354 599 1391 τρισμακαριώτατε
620 1355 739 1391 μαθητὰ,
766 1354 806 1390 τῷ
830 1353 983 1388 διδασκάλῳ

1048 1352 1138 1385 ribus,
1155 1358 1198 1381 ter
1212 1353 1371 1381 beatissime
1394 1354 1539 1389 discipule.
1558 1354 1688 1389 magistro
1711 1355 1835 1382 collocu-

196 1402 369 1438 καθομιλῶν,
391 1401 440 1428 καὶ
454 1401 515 1433 ὅλος
541 1401 570 1428 ὲν
577 1400 618 1436 τῷ
640 1400 700 1436 Θεῷ
715 1401 843 1435 ὲξεστὼς,
858 1397 928 1430 εἶδες
943 1399 990 1435 μὲν

1046 1403 1102 1432 tus,
1127 1402 1256 1434 totusque
1280 1399 1337 1426 Deo
1349 1399 1496 1431 excedens,
1514 1399 1609 1427 vidisti
1626 1399 1710 1428 coelos
1726 1400 1776 1428 tibi
1786 1407 1835 1428 oe—

196 1447 352 1482 ἁνεῳγότας
369 1455 412 1474 σοι
423 1447 547 1483 κρυφίως
560 1446 625 1478 τοὺς
640 1445 773 1482 οὐρανούς
784 1454 791 1460 ·
809 1443 879 1477 εῖδες
897 1444 926 1471 δὲ
943 1444 990 1471 καὶ

1044 1443 1118 1472 culte
1134 1447 1258 1478 apertos,
1277 1443 1370 1471 vidisti
1386 1447 1414 1471 et
1432 1444 1563 1472 caelorum
1581 1444 1681 1480 Regem
1694 1466 1702 1477 ,
1732 1449 1762 1472 ut
1775 1451 1836 1473 erat

195 1494 243 1521 ὢν
270 1493 389 1524 Βασιλέα
410 1493 466 1520 τῶν
479 1492 615 1528 οὐρανῶν,
632 1492 670 1524 ὡς
687 1492 832 1527 ὑπέσχετο,
852 1491 990 1527 μυστικῶς

1042 1488 1190 1524 pollicitus,
1204 1488 1318 1525 mystice
1334 1495 1522 1525 apparentem,
1535 1490 1834 1527 perspicacissimisque

194 1540 403 1576 ἑμφανισθέντα
418 1548 470 1570 σοι.
488 1540 536 1566 καὶ
545 1539 725 1575 νοερωτάτοις
739 1538 855 1574 καρδίας
870 1537 990 1572 ὄμμασιν

1043 1535 1128 1562 animi
1140 1535 1229 1563 oculis
1253 1535 1411 1564 sublimiter
1428 1544 1460 1564 ac
1475 1536 1567 1565 divine
1592 1537 1633 1565 illi
1658 1538 1832 1569 incumbens.

194 1585 309 1621 ὑψηλῶς
319 1585 366 1612 καὶ
374 1585 536 1621 θεοπρεπῶς
545 1584 620 1619 αὐτῷ
629 1582 802 1620 προσδαλὼν,
816 1582 864 1609 καὶ
879 1582 990 1617 ἀρῤήτῳ

1045 1587 1199 1615 arcanaque
1227 1581 1347 1616 quadam
1370 1588 1403 1608 ac
1428 1581 1543 1617 mystica
1560 1582 1645 1610 animi
1661 1583 1833 1618 iucunditate

193 1632 253 1660 τινὶ
265 1631 314 1659 καὶ
330 1633 448 1668 μυστικῇ
462 1631 582 1668 θυμηδίᾳ
599 1631 647 1659 καὶ
660 1630 826 1667 τερπνότητι
843 1628 989 1664 συνδεόμε-

1040 1630 1069 1653 et
1081 1626 1263 1654 oblectatione
1279 1627 1330 1662 ipsi
1341 1626 1487 1655 devinctus
1502 1635 1534 1655 ac
1549 1636 1651 1660 comes,
1661 1636 1724 1656 cum
1737 1628 1834 1656 favore

1073 796 1125 824 Sed
1136 801 1159 823 et
1173 795 1352 823 Ecclesiarum
1361 795 1491 831 primitias
1503 816 1510 829 ,
1531 790 1648 830 fidelium
1666 799 1745 822 coetus
1767 803 1839 822 meo—

193 1686 242 1710 νος
257 1678 306 1706 καὶ
317 1679 498 1714 ἐφεπόμενος,
519 1677 726 1714 συνανελήφοης
742 1676 813 1712 μετὰ
834 1675 992 1711 παρρησίας

193 1725 247 1752 καὶ
260 1724 449 1759 ἀγαλλιάσεως
467 1726 508 1757 εἰς
522 1725 586 1757 τοὺς
602 1725 752 1759 οὖρανοὺςο
775 1722 823 1749 καὶ
833 1719 877 1749 οἶα
890 1721 992 1757 χιτῶνα

193 1770 228 1797 τὸ
243 1770 391 1806 ἱερώτατον
404 1771 503 1806 σκῆνος
520 1770 560 1805 τῷ
579 1769 651 1805 ξύλῳ
666 1767 878 1802 καταδεδεμένον
899 1767 990 1802 ἀφεὶς,

194 1815 280 1847 αὐτὸς
292 1815 417 1850 ιπήρθης
430 1815 470 1850 τῷ
487 1813 636 1849 πνεύματι.
659 1813 707 1840 καὶ
733 1811 895 1847 σύμμορφος
907 1810 990 1842 ὅντως

193 1861 292 1896 ὤφθης
305 1862 334 1887 ἐν
351 1861 485 1896 ὑψίστοις,
508 1860 549 1895 τῷ
566 1859 673 1895 σώματι
694 1858 744 1894 τῆς
768 1856 846 1892 δόξης
859 1855 990 1892 Χριστοῦ.

231 1907 319 1943 Χαίρέ
335 1916 383 1942 μοι
403 1906 565 1943 τοιγαροῦν,
583 1903 606 1933 ὣ
629 1904 806 1941 πρωτόκλητε
820 1903 867 1930 καὶ
887 1902 991 1938 προσά-

195 1953 262 1989 θμιε
286 1953 343 1989 (15)
367 1952 422 1980 τῶν
440 1952 598 1980 ἀποστόλων
611 1953 659 1979 καὶ
671 1950 792 1986 ἁρχηγὲ·
819 1950 834 1977 ὁ
857 1948 928 1985 μετὰ
944 1948 991 1975 τὺν

197 2001 331 2035 σύγγονον
352 2000 403 2036 μὲν
426 2000 476 2036 τὴν
497 2000 575 2033 τάξιν
589 1999 680 2031 εὐθὺς,
697 1998 745 2034 τὴν
761 1997 858 2033 κλῆσιν
883 1997 912 2024 δὲ
936 1997 991 2032 πρὸ

195 2047 281 2075 αὐτοῦ
289 2056 297 2062 ·
309 2047 359 2083 τῆς
373 2048 413 2086 εἰς
420 2047 466 2074 τὸν
477 2047 590 2082 Σωτῆρα
600 2046 628 2073 δὲ
639 2046 756 2076 πίστεως
766 2044 814 2071 καὶ
829 2043 988 2079 μαθητεῖας,

194 2093 227 2120 οὐ
240 2092 280 2128 τῷ
295 2093 391 2128 Πέτρῳ
416 2092 509 2128 μόνον.
533 2092 602 2119 ἀλλὰ
617 2092 665 2119 καὶ
682 2091 738 2124 τοῖς
748 2090 820 2122 ὅλοις
845 2090 990 2125 γενόμενος

193 2139 308 2175 ἀπαρχὴ
322 2139 466 2175 μαθηταῖς.

231 2185 330 2221 Χαῖρε,
343 2186 384 2212 ὅτι
400 2185 440 2221 τῷ
450 2183 598 2221 προδρόμῳ
613 2183 703 2220 λύχνῳ
719 2184 987 2220 προκαταυγασθεὶς,

192 2231 229 2258 δι’
243 2231 328 2258 αὑτοῦ
345 2231 414 2267 πρὸς
424 2231 469 2258 τὸν
481 2231 576 2258 Ἥλιον
592 2231 642 2266 τῆς
656 2231 828 2267 δικαιοσύνης
839 2232 988 2267 ὲχειραγω-

1042 1676 1072 1700 et
1088 1673 1273 1702 exsultatione
1284 1674 1344 1709 pari
1359 1674 1500 1709 triumpho
1514 1674 1541 1701 in
1549 1675 1634 1703 eteius
1643 1680 1772 1711 receptus
1786 1683 1831 1703 es:

1042 1717 1314 1753 sacratissimumque
1344 1718 1555 1746 tabernaculum
1583 1720 1683 1748 tunica
1709 1721 1797 1748 instar
1815 1729 1831 1749 e

1039 1762 1116 1798 ligno
1132 1762 1256 1791 vinctum
1277 1763 1447 1799 relinquens,
1462 1763 1521 1799 ipse
1546 1765 1646 1800 spiritu
1664 1765 1764 1796 elatus.
1779 1773 1830 1793 ve-

1040 1815 1125 1843 reque
1139 1808 1167 1836 in
1180 1809 1296 1837 excelsis
1310 1809 1462 1837 conformis
1473 1809 1563 1838 factus
1592 1811 1702 1846 corpori
1719 1811 1815 1839 clarita
1828 1825 1833 1834 ι

1040 1854 1076 1882 tis
1086 1854 1189 1882 Christi
1199 1863 1229 1883 es
1238 1855 1288 1883 ’7‘.

1075 1908 1156 1936 Salve
1185 1909 1270 1944 igitur
1296 1910 1363 1937 mihi
1383 1910 1431 1942 sis,
1444 1910 1536 1945 primo
1547 1910 1575 1938 in
1596 1911 1830 1947 apostolisvocate

1040 1954 1182 1989 graduque
1210 1963 1308 1983 eorum
1334 1957 1422 1991 prime
1447 1961 1476 1984 et
1501 1957 1678 1991 antesignane
1701 1965 1708 1984 :
1733 1957 1831 1985 ordine

1040 2000 1152 2035 quidem
1167 2000 1309 2036 dignitatis
1325 2002 1446 2029 secunde
1459 2003 1551 2030 statim
1564 2010 1579 2029 a
1590 2003 1673 2030 fratre
1685 2023 1692 2035 ,
1708 2007 1735 2030 at
1753 2004 1830 2038 prior

1040 2045 1089 2072 illo
1105 2046 1250 2074 vocatione
1270 2055 1277 2073 :
1302 2046 1355 2074 ﬁde
1369 2051 1462 2074 autem
1479 2047 1507 2074 in
1527 2047 1694 2075 Salvatorem
1709 2048 1828 2083 discipu-

1039 2093 1185 2128 lorumque
1201 2093 1354 2126 matricula,
1370 2093 1472 2122 nedum
1484 2091 1631 2126 Petro,sed
1647 2099 1675 2121 et
1685 2093 1830 2130 discipulis

1039 2139 1169 2166 omnibus
1181 2138 1252 2167 facte
1262 2139 1400 2174 primitiae.

1075 2190 1174 2223 Salve,
1201 2191 1275 2226 quod
1296 2195 1483 2226 praecurrente
1506 2191 1618 2219 lucerna
1633 2192 1827 2227 primumillu-

1040 2240 1155 2268 stratus,
1173 2244 1222 2271 per
1239 2234 1312 2264 illam
1330 2237 1364 2264 ad
1382 2237 1473 2265 Solem
1488 2237 1602 2272 iustitiae
1618 2238 1754 2266 adductus
1768 2246 1799 2266 es
1817 2248 1825 2266 :

193 2277 301 2312 τήθης·
317 2277 359 2304 ὅτι
375 2276 485 2312 πρῶτος
501 2276 547 2303 τὸν
572 2276 672 2312 ’Δμνδν
684 2277 730 2303 τοῦ
746 2276 814 2304 Θεοῦ
834 2277 882 2304 καὶ
904 2276 985 2304 καλὸν

1040 2282 1112 2317 quod
1140 2289 1202 2309 cum
1223 2283 1328 2318 Agnum
1357 2283 1404 2310 Dci
1434 2283 1592 2319 bonumque
1620 2284 1698 2312 illum
1733 2285 1827 2313 ovium

195 2323 318 2359 Ποιμὲνα
333 2323 389 2350 τῶν
404 2323 550 2359 πφὸἀτων
561 2323 736 2357 ἐπεγνωκὼς,
755 2324 793 2355 ὡς
807 2323 899 2359 ἀρνίον
916 2323 986 2350 ἄκα-

191 2379 254 2403 κον,
270 2370 337 2405 ἄχρι
348 2369 476 2400 Θανάτου,
491 2368 608 2396 θανάτου
616 2368 645 2395 δὲ
655 2368 782 2405 σταυροῦ,
795 2369 882 2404 τούτῳ
894 2368 987 2404 σαφῶς

191 2414 420 2450 ὲπηκολούθησας
431 2423 438 2430 ·
451 2414 492 2441 διὸ
502 2414 551 2441 καὶ
560 2414 629 2449 πρὸς
643 2415 689 2441 τὸν
701 2414 825 2450 οὐράνιον
839 2415 988 2449 γεννήτορα

192 2461 410 2496 συνυψοὺμενος,
434 2462 482 2487 καὶ
508 2461 549 2492 εἰς
561 2461 592 2488 τὺ
606 2460 740 2496 ἐσώτερον
761 2460 808 2487 τοῦ
830 2461 987 2488 καταιιτιετά·⁸

192 2516 301 2542 σματος
313 2506 469 2540 συνειπὼν,
482 2507 530 2534 τοῦ
547 2507 699 2543 ὑπερτάτου
724 2506 833 2534 πάντων
854 2506 986 2542 ὀνόματος

191 2553 378 2589 κατηξιώθης.

230 2599 327 2634 Χαῖρε,
343 2599 384 2626 ὅτι
397 2599 443 2626 τὸν
459 2598 547 2634 ἀληθῆ
566 2598 621 2625 τῶν
645 2597 739 2634 ψυχῶν
755 2597 891 2634 Νυμφιον,
907 2599 982 2634 πρῶ-

228 2681 254 2697 ⁹⁶
264 2680 342 2708 Joan.
358 2689 404 2713 xx,
421 2681 467 2709 28.
502 2681 542 2698 ’“‘
553 2681 576 2709 ll
590 2681 661 2709 Tim.
682 2689 718 2714 ιν,
732 2682 758 2708 7.
791 2681 814 2698 ’⁷
830 2680 850 2707 ll
863 2681 935 2709 Tim.
947 2690 978 2714 ιι,
994 2683 1021 2710 4.

229 2762 287 2797 (13)
303 2762 369 2799 Καὶν
382 2763 555 2799 προσάθμιε.
573 2763 643 2792 Novi
665 2764 717 2792 hoc
733 2764 806 2792 tituli
829 2765 886 2792 sola
901 2773 984 2793 voca-

192 2798 283 2835 tione,
308 2797 428 2835 ﬁdeique
453 2797 650 2827 in'Christum
673 2800 816 2835 explicatas
841 2801 981 2835 primitiis,

193 2833 404 2871 intelligendum
421 2838 480 2867 est;
494 2841 558 2862 cum
569 2834 671 2869 alioqui
682 2833 791 2871 Petrus,
806 2833 864 2870 ipse
877 2836 981 2871 iunior.

192 2867 326 2906 omnibus
343 2869 459 2906 Andreae
474 2873 586 2904 praecat,
600 2867 671 2897 unus
694 2869 752 2904 ipse
774 2867 935 2906 cor'yphieus
949 2879 982 2899 ac

193 2903 287 2938 gregis
310 2904 380 2936 dux,
405 2903 589 2940 princepsque
612 2903 799 2939 apostolorum
822 2903 854 2933 ac
877 2905 980 2934 Christi

1037 2328 1178 2356 Pastorem
1196 2329 1305 2357 cunctis
1321 2329 1398 2364 prior
1411 2330 1470 2364 ipse
1484 2330 1652 2365 agnovisses,
1668 2331 1744 2359 velut
1765 2333 1825 2359 ovis

1037 2374 1180 2407 innocens,
1197 2373 1232 2401 ad
1248 2378 1365 2402 mortem
1379 2382 1476 2410 usque,
1492 2375 1575 2410 idque
1589 2381 1705 2404 mortem
1721 2377 1824 2411 crucis,

1036 2427 1099 2446 eum
1113 2419 1202 2454 palam
1216 2423 1328 2447 secutus
1345 2428 1375 2447 es
1393 2428 1399 2446 :
1416 2421 1594 2455 quamobrem
1611 2421 1693 2449 etiam
1712 2422 1745 2450 ad
1768 2431 1824 2450 co:-

1036 2464 1132 2491 lestem
1163 2465 1273 2492 Patrem
1299 2473 1354 2492 una
1378 2465 1559 2500 sublimatus,
1584 2467 1668 2502 inque
1691 2468 1824 2495 interiora

1037 2509 1181 2537 velaminis
1205 2510 1311 2544 pariter
1324 2510 1481 2546 ingressus,
1511 2519 1671 2547 supremum
1699 2515 1823 2541 omnium

1037 2562 1138 2582 nomen
1155 2559 1321 2583 consecutus
1330 2563 1361 2583 es
1372 2555 1406 2583 ’⁸.

1072 2599 1163 2633 Salve,
1187 2600 1260 2635 quod
1284 2608 1381 2628 verum
1407 2601 1561 2630 animorum
1590 2601 1739 2638 Sponsum,
1759 2611 1821 2630 eum

1058 2683 1099 2700 ’⁷⁸
1119 2683 1237 2719 Philipp.
1254 2692 1295 2716 ιιι,
1314 2685 1358 2713 10.
1395 2686 1418 2702 ’⁸
1430 2686 1514 2715 Hebr.
1522 2696 1559 2721 vr,
1575 2688 1618 2716 19.

1036 2767 1324 2808 singularisvicarius,
1340 2769 1369 2808 in
1382 2777 1437 2806 quo
1449 2771 1562 2808 fundata
1578 2771 1707 2808 Ecclesiae
1718 2774 1820 2803 unitas.

1036 2810 1094 2843 non
1118 2803 1148 2843 i_n
1176 2803 1301 2843 andrea,
1328 2803 1419 2843 ullave
1447 2806 1501 2834 alio
1528 2806 1752 2843 discipulorum:
1773 2808 1819 2843 qui

1034 2838 1151 2879 proinde
1162 2839 1287 2879 absolute
1300 2840 1479 2879 πριῇάθμιος,
1491 2838 1677 2876 apostolorum
1690 2838 1821 2878 primitias

1033 2880 1066 2900 ac
1083 2874 1185 2908 primas
1197 2874 1301 2903 electus
1314 2874 1329 2903 ιι
1345 2874 1461 2904 Domino
1472 2874 1523 2903 est.
