2072 3160
244 195 278 226 79

811 187 815 194 ‘
840 195 985 225 Nicen:
1003 196 1267 228 I’APHLAGONIS

1835 199 1872 230 80

244 250 348 286 primus
378 251 497 285 pronuni
528 250 685 278 testimonio
714 250 871 282 didicisses,
900 255 1027 286 totusque

1079 260 1124 283 τος
1137 251 1183 278 τοῦ
1208 250 1395 286 νυμφαγωγοῦ
1425 252 1485 282 ταῖς
1514 251 1678 286 μαρτυρίαις
1695 252 1871 286 ἐπεγνωκὼς,

243 296 334 323 statim
350 296 492 323 eharitatis
517 296 606 323 modis
630 297 789 324 uulneratus
810 305 895 327 esses,
915 306 945 324 ac
969 299 1029 332 ejus

242 353 356 380 prorsus
375 350 471 380 captus
485 345 639 376 dulcedine,
656 344 785 379 cervique
799 344 826 370 in
850 344 961 371 modum
983 344 1027 371 siti

243 389 360 416 maxima
379 394 405 417 te
419 389 457 417 illi
483 389 663 424 adjunxisscs,
677 397 710 416 ac
732 388 809 416 vitali
821 389 901 416 latice
924 389 1028 416 aﬂatim

243 440 353 471 potatus
367 441 448 472 atque
470 436 623 463 inebriatus
649 443 734 468 esses,
748 443 780 463 ex
791 436 850 470 ejus
863 435 891 462 in
922 440 948 463 te
967 436 1028 470 pin-

243 481 371 517 guedinis
384 482 553 510 abundantia
570 482 664 516 plures
681 481 835 514 inebriasti,
865 487 1028 517 torrensque

242 528 392 563 voluptatis
409 529 537 563 gentibus
551 528 645 555 multis
656 527 785 555 exstitisti
795 529 828 560 π,
839 527 939 562 quibus
953 528 1030 556 velut

243 582 341 609 aquam
354 575 467 601 multam
477 574 647 609 operientem
672 574 758 601 maria
777 573 879 602 Christi
902 574 1028 602 notitiam

243 621 362 648 ubertim
380 622 510 649 eructasti
519 621 570 648 ’9‘.

277 667 368 700 Salve,
383 667 458 702 quod
471 667 558 702 ipsam
575 667 638 695 Jesu
657 668 754 694 faciem
781 667 876 695 videre
891 667 1027 699 meruisti,

242 714 357 749 ipsoque
366 714 549 750 gubernatore
562 719 619 741 tum
635 714 763 749 spiritali,
781 719 837 742 tum
855 714 929 750 quod
942 722 1024 741 sensu

241 760 404 796 percipitur,
432 760 578 795 enavigato
607 761 687 792 mari,
712 765 794 795 atque
814 761 848 787 ad
866 760 1028 787 crudivoras

241 810 336 842 gentes
348 806 498 842 proiectus,
517 814 572 834 non
584 806 618 833 ab
632 807 673 834 eis
689 806 837 834 devoratus
860 814 900 839 es,
913 806 961 834 sed
981 813 1028 833 eos

240 852 352 880 Christo
365 858 467 880 venatu
482 853 578 888 cepisti
596 862 603 885 ;
620 861 670 880 nec
682 853 715 880 ab
731 853 771 880 eis
787 856 968 887 consumptus
986 859 1026 884 es,

241 899 289 926 sed
307 903 334 926 et
360 898 512 926 latitantem
528 898 555 925 in
572 898 612 925 eis
638 898 784 925 draconem
799 897 939 933 peremisti
953 905 959 924 :
975 897 1027 924 mi-

243 941 391 977 randisque
404 942 534 977 operibus
556 942 584 968 in
601 946 742 976 stuporem
754 949 858 977 -agens,
872 948 1027 976 cogensque

241 987 275 1015 ad
290 987 398 1015 Domini
417 987 508 1020 ﬁdem,
523 987 659 1014 Ecelesias
673 986 784 1015 Christo
797 987 919 1015 erexisti.

277 1075 356 1102 Salve
367 1075 414 1106 sis.
440 1074 563 1102 cruciﬁxi
580 1062 733 1107 'cruciﬁxe,
746 1075 885 1103 benedicti
912 1076 1027 1104 benedi-

241 1127 295 1155 cte,
305 1122 475 1150 dilectissimi
485 1121 674 1154 dilectissime,
688 1122 824 1157 discipule
842 1128 871 1150 et
887 1130 986 1158 praaco,
999 1128 1026 1151 et

242 1169 364 1204 apostole
380 1169 559 1203 ministerquc
585 1168 776 1201 divinissime;
799 1169 958 1204 angelorum
979 1170 1027 1197 de-

241 1222 302 1246 cus,
318 1214 505 1249 apostolorum
517 1214 594 1240 lirma
610 1213 693 1246 basis,
705 1218 864 1241 sanctorum
883 1213 1027 1242 fulcimen-

242 1265 312 1293 tum,
327 1260 456 1288 Ecclesia:
482 1260 688 1287 fundamentum
701 1265 729 1287 et
742 1260 838 1295 gloria.

277 1306 367 1336 Salve,
383 1310 411 1333 et
426 1306 531 1332 exsulta
542 1305 621 1332 valde
635 1305 662 1332 in
674 1305 787 1332 Christo
797 1306 872 1337 Jesu,
887 1306 934 1341 qui
951 1305 1027 1333 velut

241 1352 269 1379 in
296 1359 379 1380 curru
393 1351 549 1378 Cherubico
565 1351 592 1378 in
605 1357 632 1378 te
656 1351 822 1386 requiescit;
837 1359 869 1378 ac
897 1356 1026 1387 tanquam

240 1404 341 1426 nostra:
372 1398 461 1433 gentis
491 1398 631 1432 apostolus
648 1418 655 1429 ,
686 1398 836 1433 patriaeque
854 1398 980 1426 tutelaris
995 1407 1027 1426 ac

240 1449 352 1472 curator
369 1465 376 1477 ,
397 1444 547 1471 clementer
581 1451 647 1479 rogo
677 1449 704 1471 et
736 1443 901 1471 miseranter
927 1448 1027 1472 nostrae

239 1498 350 1527 quoque
375 1489 540 1517 humilitatis
565 1489 721 1522 miserere;
744 1489 1026 1525 benignissimumque

240 1535 349 1562 Patrem
384 1539 463 1562 tuum
502 1542 533 1562 ac
568 1535 655 1562 Deum
691 1542 810 1562 exorans
832 1555 839 1567 ,
868 1535 903 1562 ad
936 1535 1026 1569 ipsum

239 1581 320 1608 nobis
346 1582 419 1608 viam
453 1580 553 1616 dirige,
583 1586 614 1608 ut
656 1589 690 1607 ex
718 1581 782 1615 ejus
822 1581 950 1608 doctrina
977 1590 1026 1609 ex-

240 1633 294 1661 que
305 1626 474 1662 judiciorum
489 1626 601 1662 iustitiae
615 1626 769 1654 rationibus
785 1627 923 1662 inculpate
945 1635 1029 1662 super

241 1677 343 1700 terram
369 1673 535 1704 conversati,
548 1673 670 1700 omnium
688 1673 754 1709 Regi
769 1673 889 1707 Christo,
902 1679 928 1702 te
943 1675 1031 1703 inter-

241 1726 363 1753 cessore,
379 1728 443 1747 cum
463 1720 549 1755 gloria
571 1721 730 1755 praesentari
753 1728 929 1754 mereamur;
948 1729 1029 1756 quem

239 1765 319 1793 decet
330 1766 420 1793 omnis
430 1766 526 1802 gloria,
539 1767 638 1798 honor,
648 1767 782 1800 adoratio,
800 1775 853 1795 una
876 1776 938 1795 cum
950 1769 1030 1796 Patre

238 1816 268 1839 et
292 1811 396 1847 Spiritu
413 1817 518 1846 sancto,
543 1821 617 1840 nunc
639 1818 667 1841 et
689 1821 813 1849 semper,
828 1815 898 1842 etin
932 1815 1030 1842 saecula

238 1858 402 1886 uinculorum
421 1859 517 1886 Amen.

544 2001 674 2030 ORATIO
694 2002 726 2029 V.

273 2054 404 2085 Laudatio
417 2059 503 2086 sancti
522 2063 547 2085 et
561 2059 759 2121 οὲίῖῡιᾶαιίεκὶνηὶ
775 2062 887 2096 apostoli
900 2061 991 2089 Jacobi

591 2103 604 2121 ε
621 2103 635 2121 e
654 2103 696 2121 an.

591 2103 685 2123 eaeam
690 2117 696 2122 .

278 2150 356 2178 Haud
371 2151 408 2179 ita
424 2152 530 2187 pridem
548 2154 627 2181 vivus
640 2162 691 2182 nos
705 2162 776 2183 verae
787 2156 942 2192 Theotogia:
955 2157 1027 2188 fons.

240 2198 387 2232 mysticum
405 2199 537 2227 Paracleti
555 2200 719 2233 tonitruum.
735 2202 869 2229 concinna
892 2211 924 2230 ac
944 2211 1027 2231 suave

272 2279 294 2295 ’³
312 2279 381 2307 Psal.
396 2279 501 2313 xxxv,9
524 2279 563 2297 θ’*
579 2279 678 2309 lsa.x1.
691 2279 716 2307 9.

1040 1602 1062 1633 C

1081 297 1194 327 καὶτοῖς
1206 297 1254 331 τῆς
1264 296 1376 331 ἀγάπης
1387 296 1497 332 μέτροις
1510 296 1590 328 εὐθὺς
1600 297 1660 328 ὃ).ος
1672 297 1870 332 κατατρωθεὶς,

1080 345 1127 369 καὶ
1141 343 1311 378 κατακράτος
1324 342 1374 377 τῆς
1386 341 1469 368 αὐτοῦ
1482 341 1651 378 γλυκύτητος
1667 342 1806 377 ἡττηθεὶς,
1824 344 1872 371 καὶ

1079 388 1154 422 αὑτῷ
1167 388 1267 424 τρόπον
1280 388 1380 422 ἐλάφου
1394 387 1599 423 διψητικώτατα
1619 388 1812 423 προσδραμὼν,
1824 390 1872 415 καὶ

1079 435 1133 462 τῶν
1149 434 1264 470 ζωηρῶν
1274 435 1403 469 ναμάτων
1413 434 1597 470 ἀναπλησθείς
1610 443 1640 460 τε
1655 435 1702 461 καὶ
1715 435 1870 469 μεθυσθεὶς.

1079 481 1112 506 ὲκ
1126 479 1172 506 τοῦ
1188 480 1407 516 περισσεύματος
1421 481 1470 515 τῆς
1487 481 1515 506 ὲν
1537 479 1578 506 σοὶ
1594 480 1722 515 πιότητος
1737 480 1872 513 ὲμὲθυσας

1080 527 1215 559 πολλούς’
1243 527 1290 554 καὶ
1317 527 1486 562 χειμάρρους
1504 527 1612 562 τρυφῆς
1640 526 1729 553 ἔθνεσι
1757 526 1872 560 γέγονας

1080 574 1187 605 πολλοῖς
1197 594 1205 606 ,
1219 571 1260 605 οἷς
1275 573 1368 609 ὥσπερ
1381 572 1453 608 ὕδωρ
1468 572 1535 599 πολὺ
1547 572 1756 599 κατακαλύπτον
1772 572 1872 599 (laid:-

1081 627 1140 651 σας,
1152 619 1201 655 τὴν
1217 619 1317 654 γνῶσιν
1330 619 1490 653 κατακόρως
1503 617 1683 654 ἑναπηρεύξω
1702 616 1832 652 Χριστοῦ.

1114 667 1219 701 Χαῖρε,
1247 666 1288 693 ὄτι
1314 666 1363 701 τῆς
1389 664 1605 700 αὺτοπροσώπου
1627 665 1692 696 θέας
1706 664 1753 691 το)
1783 664 1871 699 Ἰησοῦ

1080 712 1260 745 καταξιωθεὶς
1271 733 1278 744 ,
1297 711 1348 747 τήν
1366 720 1397 737 τε.
1413 711 1513 746 νοητὴν
1530 711 1678 743 Θάλασσαν,
1701 710 1749 736 καὶ
1765 709 1815 745 τὴν
1830 711 1872 736 αἰ-

1081 757 1181 794 σθητὴν
1198 758 1243 784 ὑπ’
1259 757 1333 792 αὐτῷ
1346 757 1501 792 κυϐερνήτῃ
1514 756 1646 788 διαπλεῖς,
1665 756 1712 783 καὶ
1726 757 1781 787 τοῖς
1799 756 1872 790 ὠμο-

1080 805 1177 839 φάγοις
1191 804 1247 830 τῶν
1256 803 1408 839 ἀνθρώπων
1423 803 1577 838 ἐπιδημῶν,
1588 804 1619 830 οὺ
1633 802 1812 838 κατεϐρώθης
1825 802 1871 828 ὑπ’

1080 849 1181 882 αὐτῶν,
1198 849 1254 875 ἀλλ’
1273 848 1433 884 ἑζώγρησας
1456 849 1494 883 τῷ
1521 847 1646 883 Χριστῷ·
1661 847 1692 874 οὐ
1711 847 1872 882 κατηναλὼ-

1080 898 1139 931 οης,
1156 897 1202 924 τὸν
1217 895 1412 931 ὲμφωλεύοντα
1434 895 1463 922 δὲ
1487 894 1593 925 τούτοις
1605 894 1740 929 δράκοντα
1757 893 1870 924 ἀνεῖλες

1080 944 1179 975 αὐτοὺς
1196 943 1235 974 δὲ,
1255 942 1417 978 Θαυμασίοις
1431 941 1522 976 ἔργοις
1536 941 1683 976 ὲκστήσας,
1700 940 1747 967 καὶ
1760 940 1799 975 τῷ
1814 941 1871 966 Κυ-

1080 990 1131 1026 ρίῳ
1149 989 1288 1016 πιστεύειν
1302 989 1471 1023 ἀναγκάσας,
1485 987 1633 1023 ἐκκλησίας
1647 987 1790 1023 ἀνεστήσω
1801 987 1870 1022 Χρι-

1081 1035 1145 1071 στῷ.

1115 1082 1200 1117 Χαῖρέ
1217 1090 1273 1117 μοι,
1291 1080 1482 1116 ὲσταυρωμένε
1495 1079 1542 1106 τοῦ
1554 1080 1780 1115 ἐσταυρωμένου·
1796 1079 1872 1106 εὐλο-

1079 1127 1182 1162 γημένε
1195 1126 1240 1153 τοῦ
1255 1126 1438 1162 εὐλογημένου
1450 1134 1457 1141 ·
1476 1126 1640 1161 ἡγαπημένε
1664 1125 1711 1152 τοῦ
1724 1125 1871 1160 ἠγαπημέ-

1079 1182 1135 1204 νου,
1153 1173 1261 1208 μαθητὰ
1279 1172 1325 1199 καὶ
1340 1172 1428 1207 κήρυξ
1452 1171 1499 1198 καὶ
1518 1171 1670 1204 ἁπόστολε,
1687 1171 1734 1197 καὶ
1749 1170 1870 1197 θειότατε

1079 1219 1236 1255 λειτουργέ’
1257 1219 1287 1245 τὺ
1303 1218 1357 1245 τῶν
1381 1218 1506 1252 ἀγγέλων
1530 1218 1670 1253 ὠράῖσμα,
1693 1217 1723 1243 τὸ
1734 1216 1787 1242 τῶν
1801 1218 1871 1243 ἀπο-ι

1079 1264 1179 1291 στόλων
1197 1264 1298 1299 ἵδρυμα
1308 1284 1314 1295 ,
1331 1262 1384 1290 τῶν
1398 1262 1483 1296 ἁγίων
1509 1262 1661 1297 στήριγμα,
1675 1261 1722 1287 καὶ
1737 1260 1788 1295 τῆς
1807 1259 1870 1286 Ἑκ-

1079 1311 1193 1345 κλησίας
1209 1310 1348 1345 ἑδραίωμα
1365 1309 1412 1335 καὶ
1430 1306 1624 1343 καλλώπισμα.

1114 1357 1200 1391 Χαῖρε
1219 1356 1267 1382 καὶ
1286 1355 1402 1389 ἀγαλλία
1421 1354 1523 1390 σφόδρα
1542 1355 1572 1380 ὲν
1586 1354 1695 1389 Χριστῷ
1719 1353 1817 1390 Ἰησοῦ,
1831 1352 1872 1388 τῷ

1079 1401 1173 1436 ὥσπερ
1189 1402 1218 1427 ἐν
1233 1401 1337 1435 ἅρματι
1354 1399 1510 1435 Χερουὸεὶμ
1524 1399 1760 1433 ὲπαναπαυομένῳ
1774 1399 1803 1424 ὲν
1818 1398 1871 1424 σοί·

1078 1449 1125 1475 καὶ
1142 1448 1179 1479 ὼς
1192 1447 1238 1473 τοῦ
1253 1447 1313 1474 καθ’
1327 1447 1400 1481 ἡμᾶς
1412 1446 1505 1477 ἔθνους
1520 1445 1679 1477 ἀπόστολος,
1695 1445 1743 1470 καὶ
1770 1452 1871 1478 προγο-

1079 1493 1153 1525 νικος
1165 1491 1383 1528 ὑπερασπιστὴς,
1404 1491 1451 1518 καὶ
1467 1490 1506 1521 ὡς
1532 1489 1667 1525 πατρικὸς
1694 1488 1871 1523 ἀντιλήπτωρ

1078 1539 1125 1566 καὶ
1132 1538 1463 1574 κηδεμὼν,εῢσπλάγχνως
1474 1536 1569 1572 δέομαί
1579 1544 1624 1562 σου
1635 1536 1681 1562 καὶ
1691 1534 1872 1570 οίκτιρμόνως

1079 1586 1126 1611 καὶ
1153 1585 1202 1620 ’τῆς
1225 1584 1362 1619 ἡμετέρας
1390 1582 1585 1616 ταπεινότητος
1607 1581 1742 1617 μέμνησο.
1763 1581 1812 1607 καὶ
1826 1579 1872 1607 τδν

1081 1631 1182 1665 ἀγαθόν
1197 1639 1243 1657 σου
1259 1629 1371 1664 Πατέρα
1385 1630 1432 1656 καὶ
1448 1628 1523 1655 ,Θεὸν
1548 1627 1692 1660 δυσωπῶν,
1707 1625 1873 1654 κατεύθυνον

1082 1678 1148 1712 ἡμῖν
1161 1676 1210 1711 τὴν
1223 1675 1282 1702 ὁδὸν
1295 1676 1362 1711 πρὸς
1372 1675 1463 1706 αὑτὸν,
1476 1674 1519 1701 ἵνα
1535 1674 1607 1701 κατὰ
1620 1674 1666 1700 τὸν
1679 1673 1758 1708 λόγον
1776 1671 1871 1705 αὐτοῦ,

1082 1722 1175 1749 καὶτὰ
1197 1722 1320 1757 κρίματα
1347 1722 1397 1757 τῆς
1418 1721 1592 1755 δικαιοσύνης
1618 1719 1742 1755 ἀμώμως
1756 1719 1803 1745 ἐπὶ
1822 1718 1873 1753 τῆς

1082 1767 1133 1803 γῆς
1147 1767 1383 1802 πολιτευσάμενοι,
1409 1765 1625 1801 καταξιωθῶμεν
1638 1764 1677 1799 τῷ
1705 1762 1873 1798 παμϐασιλεῖ

1081 1813 1124 1840 διὰ
1137 1812 1185 1839 σοῦ
1199 1812 1414 1847 προσενεχθῆναι
1429 1811 1498 1846 μετὰ
1512 1810 1602 1845 δόξης,
1615 1808 1726 1845 Χριστῷ
1736 1817 1743 1824 ·
1765 1804 1788 1842 ᾧ
1803 1808 1871 1843 πρέ-

1081 1867 1127 1885 πει
1140 1859 1214 1885 πᾶσα
1229 1857 1304 1891 δόξα,
1317 1857 1383 1894 τιμὴ
1397 1858 1445 1884 καὶ
1456 1856 1652 1893 προσκύνησις,
1666 1855 1724 1890 ἅμα
1732 1854 1771 1890 τῷ
1782 1853 1873 1888 Harp}.

1079 1906 1127 1932 καὶ
1141 1905 1180 1940 τῷ
1193 1905 1264 1941 ἁγίῳ
1274 1904 1425 1940 Πνεὺματι,
1433 1904 1480 1931 νῦν
1495 1903 1542 1930 καὶ
1554 1903 1609 1936 ἀεὶ,
1621 1902 1668 1929 καὶ
1678 1902 1718 1934 είς
1731 1902 1795 1933 τοὺς
1805 1900 1872 1928 α,ῑῶ-

1078 1959 1126 1982 νας
1140 1950 1194 1977 τῶν
1211 1949 1328 1977 αἰώνων.
1349 1949 1446 1985 Ἀμήν.

1379 2005 1490 2032 ΛΟΓΟΣ
1509 2005 1548 2031 Ε’.

1078 2066 1129 2097 Εις
1143 2065 1196 2091 τὸν
1213 2064 1300 2099 ἅγιον
1314 2063 1363 2091 καὶ
1378 2059 1758 2099 πακεήξρημρνμάπᾴᾳῖολον
1773 2057 1871 2085 Ἰάκω-

1253 2101 1307 2126 ϐον
1321 2100 1374 2126 τὸν
1388 2097 1441 2124 τοῦ
1456 2096 1617 2123 Ζεϐεδαίου
1633 2095 1702 2129 (14).

1112 2158 1212 2194 Πρώην
1229 2157 1279 2193 μὲν
1291 2157 1364 2192 ἡμᾶς
1378 2158 1394 2192 ἡ
1421 2156 1497 2188 ζῶσα
1522 2154 1571 2189 τῆς
1584 2152 1715 2188 ἀληθινῆς
1731 2151 1870 2185 θεολογίας

1078 2203 1165 2239 πηγὴ,
1180 2205 1196 2238 ἡ
1215 2202 1334 2238 μυστικὴ
1359 2201 1407 2228 τοῦ
1424 2200 1607 2236 Παρακλήτου
1624 2198 1735 2234 βροντὴ,
1752 2199 1769 2233 ἡ
1789 2198 1870 2233 ἐναρ-

273 2359 329 2392 (M)
352 2359 422 2386 Sunt
446 2359 570 2394 quaadam
596 2367 629 2387 ex
655 2361 815 2395 Evangelia,
841 2368 930 2395 exque
955 2361 1026 2388 libro
1042 2363 1064 2390 ι)
1078 2366 1180 2391 essent,
1207 2368 1239 2387 ac
1262 2367 1312 2394 per
1334 2367 1394 2387 eam
1413 2359 1495 2386 etiam
1518 2359 1693 2395 occasionem
1717 2357 1778 2395 aliis
1801 2356 1871 2395 locis

237 2394 354 2430 Actuum
370 2394 582 2430 aprnstolicorum
606 2396 639 2422 tle
658 2394 760 2423 Jacobo
775 2394 914 2430 explorata
928 2417 935 2428 ,
952 2404 1026 2430 quae-

237 2429 300 2466 dam
314 2437 380 2456 vero
394 2429 427 2456 de
437 2430 515 2466 illius
533 2431 613 2458 rebus
625 2431 709 2465 gestis
723 2435 786 2458 ante
801 2429 1027 2466 passionem’am-

236 2464 337 2501 lngua:
356 2465 388 2492 de
413 2465 531 2492 adventu
556 2464 661 2493 scilicet
685 2466 714 2493 in
736 2464 915 2500 Hispaniam,
937 2467 1026 2501 deque

236 2500 442 2536 prtedicatione,
466 2509 530 2527 num
555 2501 621 2528 solis
643 2501 746 2529 Judazis
768 2500 1026 2536 praedicaverit,'an

236 2535 320 2572 etiam
340 2535 477 2572 gentibus.
495 2537 536 2563 lll.
555 2537 646 2563 annal.
663 2542 741 2572 pater
758 2535 786 2563 in
807 2537 891 2569 notis,
905 2536 951 2563 vix
961 2541 1025 2572 tan-

235 2571 298 2597 dem
312 2571 490 2605 acquiescens
504 2571 786 2599 dicentibus’vcnisse
807 2572 834 2598 in
855 2571 1024 2606 Hispaniam,

235 2612 287 2632 nec
303 2614 360 2633 rem
376 2606 444 2634 adeo
455 2608 601 2634 absurdam
615 2607 714 2638 videri.
726 2611 757 2634 ut
768 2614 823 2634 non
833 2607 949 2641 decoqui
965 2615 1028 2641 pos—

235 2641 281 2673 sit,
300 2641 383 2668 modo
399 2649 434 2669 ne
451 2643 534 2670 etiam
549 2643 677 2677 gentibus
689 2642 830 2670 Christum
848 2642 1026 2669 annuntiasse

234 2676 420 2709 existimetur,
442 2678 489 2705 sed
518 2678 690 2705 solummodo
716 2678 838 2710 ludatis;
861 2682 939 2712 putat
961 2682 1026 2704 tunc

255 2713 358 2739 otnisse
375 2713 481 2744 venire,
496 2721 557 2740 cum
575 2713 645 2740 facta
660 2717 703 2740 est
722 2721 818 2747 magna
837 2713 882 2740 illa
897 2713 1026 2740 Hieroso-

246 2747 315 2781 _vmis
332 2749 487 2782 persecutio
503 2748 633 2783 Stephani
648 2748 732 2780 caule,
743 2749 853 2782 quando
868 2753 896 2775 et
907 2748 1025 2782 dispersi

235 2790 332 2810 omnes
347 2783 475 2818 discipuli
499 2792 548 2818 per
564 2783 715 2810 Samariam
736 2788 763 2809 et
780 2783 930 2815 Galilaeam,
949 2791 1028 2810 exce-

236 2817 290 2852 ptis
301 2817 444 2854 apostolis,
453 2817 543 2854 quiut
552 2818 641 2853 gregis
652 2819 752 2854 arietes
762 2825 794 2844 ac
806 2819 919 2854 reliquis
934 2819 1029 2845 fortio-

237 2859 282 2879 res
300 2853 356 2880 illic
379 2853 578 2884 remanserant.
601 2858 632 2880 ut
649 2854 688 2881 sic
708 2853 859 2887 dispersam
878 2853 1027 2881 Ecclesium

237 2887 330 2914 denuo
338 2894 548 2925 Vcongregarent.
562 2889 634 2916 Nihil
646 2889 719 2916 enim
734 2892 809 2925 vetat
822 2888 904 2925 etiam
922 2889 1028 2925 aliquos

239 2924 378 2954 apostolos
394 2923 564 2958 discessisse,
579 2926 626 2960 qui
647 2925 698 2959 ipsi
719 2923 757 2951 sic
776 2923 910 2958 dispersis
930 2924 1028 2952 solatio

1078 2396 1217 2423 Christum
1233 2392 1473 2430 evangelizarent;
1489 2396 1566 2422 velut
1580 2394 1662 2430 etiam
1679 2392 1801 2420 Ananias
1816 2392 1871 2418 Da-

1079 2431 1175 2462 masci,
1191 2430 1293 2467 aliique
1307 2429 1376 2457 "aliis
1398 2430 1477 2457 locis.
1493 2430 1595 2467 Verum
1619 2429 1676 2455 sive
1696 2433 1761 2467 tunc
1784 2433 1871 2467 eaque

1078 2466 1234 2496 occasione.
1249 2463 1312 2493 'sive
1333 2469 1427 2500 postea
1446 2469 1532 2502 atque
1551 2465 1602 2491 alia
1619 2471 1673 2490 non
1691 2463 1768 2502 satis
1791 2463 1872 2502 nobis

1079 2506 1154 2533 nota,
1180 2501 1249 2528 nihil
1270 2497 1345 2528 vetat
1364 2497 1569 2527 sanctissimum
1593 2499 1746 2534 apostolum
1771 2497 1872 2524 adiisse

1080 2536 1251 2571 Hispaniam,
1269 2542 1299 2564 ut
1311 2538 1370 2569 ejus
1388 2535 1518 2562 Ecclesia:
1534 2534 1651 2562 suadent
1671 2537 1848 2560 monumenta
1863 2540 1871 2563 ;

1078 2572 1175 2598 eodem
1190 2572 1247 2599 fere
1264 2571 1396 2598 instinctu
1409 2578 1465 2605 quo
1478 2571 1579 2598 Paulus
1597 2574 1692 2605 postea
1703 2572 1761 2605 iiut
1774 2574 1872 2605 nempe

1079 2607 1189 2643 Judteis.
1207 2615 1324 2643 quorum
1336 2603 1436 2643 ingens
1452 2606 1532 2633 turba
1549 2614 1582 2632 ex
1598 2603 1681 2643 μιξοτί
1699 2603 1872 2643 dispersione

1081 2650 1130 2675 per
1156 2638 1301 2676 Hispanias
1326 2638 1505 2668 disseminata
1529 2638 1604 2673 erat,
1618 2638 1759 2676 Evangelii
1782 2638 1871 2664 lucent

1081 2673 1249 2704 infcrretfld
1266 2682 1342 2704 certe
1358 2676 1447 2711 primo
1469 2677 1629 2711 satagebant
1643 2673 1771 2711 apostoli.
1793 2677 1873 2711 ante~

1082 2687 1206 2704 llllcl‘l‘el.
1221 2687 1249 2704 lu
1266 2687 1342 2704 certe
1367 2687 1447 2703 )l'IlIIU
1469 2687 1629 2711 satagebant
1643 2687 1771 2708 upualull.
1793 2687 1873 2711 islltc~

1079 2720 1161 2747 quam
1187 2713 1213 2739 in
1239 2717 1334 2747 gentes
1350 2687 1550 2747 dividerentur,
1567 2712 1664 2745 eisque
1687 2717 1719 2736 ex
1744 2709 1873 2747 instituto

1082 2743 1197 2784 (:relictis
1223 2743 1324 2775 ludatis
1346 2746 1603 2784 _ut_pervicacibns
1620 2743 1714 2779 'atque
1750 2743 1873 2784 ind-ignis

1081 2782 1183 2810 Christi
1202 2783 1327 2811 munere)
1340 2779 1480 2809 Christum
1497 2781 1698 2816 prmdicarent;
1715 2783 1746 2806 ut
1766 2779 1873 2806 scilicet

1082 2823 1161 2845 antea
1178 2818 1205 2845 in
1224 2818 1290 2848 illis.
1303 2818 1380 2853 quasi
1395 2816 1498 2853 Christi
1522 2817 1661 2846 mandato,
1677 2822 1787 2853 operam
1801 2821 1872 2853 _pro_-

1082 2853 1180 2880 harent
1192 2862 1199 2885 ;
1214 2861 1303 2888 neque
1313 2849 1345 2880 'id
1358 2853 1446 2880 solum
1458 2852 1534 2888 intra
1543 2856 1673 2888 angustos
1689 2850 1789 2878 Judrea:
1801 2849 1874 2875 limi—-

1083 2893 1134 2919 tes,
1150 2889 1196 2916 sed
1210 2893 1238 2916 et
1250 2886 1352 2922 tibique
1361 2887 1495 2923 gentium,
1512 2887 1557 2915 ubi
1568 2886 1738 2924 celebriores
1752 2889 1829 2924 erant
1840 2890 1873 2924 ac

1082 2924 1287 2952 numerosiores
1298 2919 1457 2952 ludicrum
1473 2927 1572 2955 castus,
1586 2922 1644 2950 sive
1656 2921 1723 2949 alias
1731 2920 1799 2955 legis
1812 2919 1872 2946 cul-
