2072 3160
187 185 225 219 85
578 184 719 215 ORATIO
737 185 769 215 V.
781 198 814 203 -
826 184 867 214 IN
888 184 1043 214 LAUDEM
1061 185 1090 214 S.
1104 184 1229 214 JACOBI
1251 185 1431 215 ΖΕΒΕΟἙῙ.
1782 186 1816 217 35

187 241 253 275 τελῆ
269 239 321 275 μὲν
336 239 405 274 ἡμῖν
418 238 559 274 τράπεζαν
576 240 684 266 σεπτῶν
701 240 812 266 ἐννοιῶν
825 246 832 254 ·
847 239 939 274 ἡδεῖαν
950 238 978 264 δὲ
993 263 995 266 .

1043 239 1109 267 nobis
1138 240 1338 267 venerabilium
1374 241 1572 268 sententiarum
1616 246 1816 276 sensorumque

187 287 231 314 δτι
261 286 379 321 μάλιστα
405 285 633 322 παρεσκευάσατο
661 285 842 320 φιλοτησίαν·
868 282 899 312 οὗ
929 285 978 319 τῆς

189 333 306 367 ἀφθόνου
319 332 368 359 καὶ
376 332 484 368 ζωηρᾶς
495 332 724 367 κατατρυφῶντες
736 332 917 367 ὲστιατορίας,
932 332 980 359 καὶ

189 381 226 415 τῇ
242 378 366 414 δαψιλείᾳ
378 378 428 413 τῆς
447 377 558 413 χάριτος
574 378 760 413 πληρούμενοι
775 378 823 405 καὶ
838 378 980 413 θερμαινό-

192 434 279 460 μενοι,
294 422 340 452 οἷά
350 433 411 451 τινα
438 424 539 460 μικρὰν
553 424 586 450 ἐκ
601 423 714 458 καρδίας
726 423 781 450 τῶν
794 423 881 458 λόγων
907 423 981 459 αὐτῷ

189 471 450 506 πῳσενηνέγκαμεν
465 469 566 506 ὲρυγήν
578 477 585 485 ·
599 470 649 504 τῆς
668 468 717 503 μὲν
732 468 892 503 εὐεργεσίας
906 469 981 501 ἄξιον

190 519 387 553 προσενεγκεῖν
404 517 511 552 ἔχοντες
523 515 614 543 οὐδέν·
631 515 669 546 ὡς
681 515 714 542 ἂν
727 515 756 541 δὲ
771 515 808 550 μὴ
820 515 981 550 ἀχαριστίας

189 563 282 598 δεινὴν
296 561 475 597 ἁποισώμεθα
487 561 608 597 γραφὴν,
626 560 699 588 κατὰ
717 560 831 595 δύναμιν
844 561 890 587 τὸν
906 561 981 587 ἔπαι-

190 617 239 636 νον
255 608 465 642 εἰσενεγκόντες.

230 695 300 722 Νυνὶ
323 694 352 721 δὲ
380 694 439 730 μετ’
465 693 558 727 αὐτὸν,
584 694 652 729 ἄλλη
670 694 788 730 μυστικὴ
813 694 983 721 διαδέδεκται

193 739 335 776 πράπεζα,
361 740 410 766 καὶ
435 739 515 771 ἄλλος
532 740 598 775 ἡμῖν
626 738 769 775 ζωηρύτου
785 739 907 774 πόματος
936 747 984 774 με-

195 785 372 821 μεστωμένος
396 785 535 820 προεὸἡθη
549 785 657 821 κρατήρ
669 793 676 801 ο
695 785 743 812 καὶ
759 785 773 811 ὁ
794 784 927 820 ἑστιάτωρ
946 784 984 816 ὡς

196 830 340 866 φιλότιμός
353 838 383 856 τε
399 829 446 856 καὶ
468 829 594 864 δαψιλὴς,
610 828 687 856 οὐδὲν
702 827 806 855 ἐκείνου
821 827 873 863 τῆς
899 835 985 863 μεγα-

195 876 366 912 λοπρεπείας
378 875 539 910 λειπόμενος
548 883 556 889 ·
580 875 670 902 πάντα
681 874 711 901 δὲ
724 874 825 910 τρόπον
840 872 984 907 ἐξισούμε-

194 931 255 954 νος,
267 921 381 955 ἁδελφὸς
405 920 454 956 τὴν
468 920 561 955 φύσιν,
588 919 702 955 ἀδελφὸς
721 919 771 955 τὴν
786 919 888 946 πίστιν.
911 917 986 950 Ἑνδς
1000 917 1024 946 Β

195 968 254 1004 γὰρ
276 967 402 1003 ἑκάτεροι
418 966 531 1001 πατρὸς,
551 965 648 1002 ὥσπερ
671 965 718 992 τοῦ
740 965 884 993 Ζεϐεδαίου
899 964 985 997 κάτω,

195 1013 285 1044 οὕτως
308 1012 364 1039 ἄνω
377 1011 424 1039 τοῦ
441 1012 524 1039 Θεοῦ·
540 1011 655 1047 ὀνόμασι
681 1011 773 1047 μόνοις
797 1011 924 1046 Ἰωάννης
940 1010 988 1037 καὶ

203 1059 335 1091 Ἰάκωϐος
348 1058 530 1094 διενηνόχασι,
555 1057 655 1094 μικροῦ
670 1059 727 1090 τοῖς
749 1058 894 1092 πράγμασι
924 1065 989 1084 συν-

196 1103 367 1139 ατπόμενοι·
389 1102 442 1130 ἴσοι
457 1103 506 1138 τὴν
523 1103 648 1138 γνώμην,
676 1104 730 1130 ἴσοι
750 1102 800 1138 τὴν
815 1102 907 1138 χάριν,
937 1101 989 1128 ῑσοι

195 1150 250 1184 τὴν
261 1148 360 1184 ἀρετὴν
376 1149 424 1175 καὶ
436 1148 485 1184 τὴν
498 1149 566 1184 πρὸς
575 1149 642 1175 Θεὸν
655 1148 805 1175 οίκείωσιν.
817 1145 867 1175 Ὧν
881 1148 990 1183 άληθῶς

197 1196 306 1231 Κύριος
320 1193 373 1227 εἷς.
389 1195 490 1230 ὁμοίως
505 1195 645 1231 ὸρώμενός
666 1203 696 1222 τε
722 1194 770 1221 καὶ
784 1194 990 1230 πιστευόμενος,

196 1241 302 1276 ὁμοίως
320 1240 558 1277 προσκυνούμενός
573 1249 602 1268 τε
620 1241 667 1268 καὶ
693 1240 892 1276 λατρευόμενος
903 1249 910 1256 ·
941 1241 991 1276 μία

198 1287 308 1323 κλῆσις,
338 1287 389 1321 μία
411 1286 551 1322 πρόθεσις,
578 1286 657 1318 ἐλπὶς
675 1286 736 1322 μία,
756 1285 852 1322 ὥσπερ
880 1286 927 1313 καὶ
942 1286 991 1322 βά-

199 1341 310 1367 πτισμα
322 1332 362 1359 ἓν.

243 1378 387 1414 Ὀμότιμοι
414 1377 463 1414 τὴν
485 1378 515 1406 ιν
536 1377 683 1414 γράμματι
699 1378 838 1415 λατρείαν,
866 1377 993 1413 ὁμότιμοι

199 1425 253 1461 τὴν
274 1425 344 1461 πρὸς
370 1425 402 1452 τὸ
425 1424 534 1460 πνεῦμα
562 1425 718 1461 μετάθεσιν.
751 1424 918 1461 Ὀμόφρονες
944 1424 994 1461 τὴν

202 1470 352 1505 ἐπίγνωσιν
364 1470 412 1496 τοῦ
426 1470 541 1505 Πατρὸς,
564 1470 716 1506 ὁμόφρονες
730 1469 780 1506 τὴν
795 1470 835 1501 είς
849 1469 895 1496 τὸν
909 1470 995 1496 Μονο-

200 1516 271 1551 γενῆ
285 1517 332 1542 καί
346 1515 486 1551 ἀγάπησιν
498 1523 505 1530 ·
519 1516 550 1542 οὐ
568 1516 649 1551 μόνον
663 1515 702 1548 δὲ,
721 1515 789 1542 ἀλλὰ
803 1516 850 1542 καὶ
863 1515 931 1550 πρὸς
944 1515 995 1550 τὴν

200 1561 253 1588 τοῦ
279 1561 438 1596 Πνεύμστος
456 1561 654 1596 συγκατάθεσιν
671 1561 719 1588 καὶ
737 1561 876 1596 ὑποταγὴν
901 1561 927 1586 oi
946 1561 996 1587 αὺ-

200 1607 259 1635 τοί.
274 1608 321 1634 Διὸ
335 1610 382 1634 καὶ
396 1607 559 1643 Βοανεργὲς,
577 1607 592 1634 ὃ
613 1607 687 1634 ἐστιν
704 1607 758 1633 υίοὶ
772 1606 897 1642 βροντῆς,
912 1605 996 1641 ἄμφω

202 1654 278 1689 πρὸς
290 1653 378 1688 αὐτῆς
393 1653 542 1688 κέκληνται
563 1654 614 1688 τῆς
627 1653 767 1688 ἀληθείας,
792 1652 830 1684 ὥς
844 1652 884 1678 ἑνὶ
897 1651 945 1679 καὶ
959 1651 998 1686 τῷ

205 1698 283 1733 αὐτῷ
299 1697 440 1733 Πνεύματι
466 1698 534 1732 πρὸς
548 1698 597 1732 τὴν
613 1697 660 1724 τοῦ
686 1696 853 1731 Εὐαγγελίου
878 1696 997 1732 μεγαλο-

204 1745 315 1779 φωνίαν
328 1743 552 1778 χαταρτιξόμενοι
579 1743 626 1770 καὶ
648 1743 844 1778 κροτούμενοι·
863 1742 999 1778 ὀφθαλμοὶ

203 1790 256 1817 δύο
282 1790 332 1825 τῆς
359 1790 557 1825 ἁγιοπρεπείας
591 1789 690 1825 Ὶησοῦ,
718 1789 768 1825 τὴν
797 1789 927 1816 ἀνωτάτω
949 1787 998 1815 τοῦ

204 1836 376 1864 Δεσποτικοῦ
391 1837 517 1871 σώματος
531 1835 693 1872 κατέχοντες
708 1836 824 1863 σκοπιάν
836 1843 843 1850 '
861 1836 909 1862 καὶ
924 1835 1000 1871 πρῶ-

204 1893 250 1910 τοι
267 1883 322 1910 τῶν
340 1881 493 1919 Θεαρχικῶν
514 1882 632 1910 ἀκτίνων
654 1881 766 1916 ὁμοίως,
791 1881 829 1913 ὡς
844 1881 925 1908 ἁπλοῖ
951 1881 1000 1908 καὶ

204 1929 317 1960 διειδεῖς
331 1927 381 1955 καὶ
395 1928 564 1962 φωτοφανεῖς
583 1927 827 1962 ἀποπληροὺμενοι
838 1934 845 1941 ·
860 1926 908 1953 καὶ
930 1926 1000 1960 ἀγα-

207 1974 357 2010 οοπρεπῶς
371 1974 433 2001 ὅλον
452 1974 486 2000 δι’
501 1973 607 2001 ἑαυτῶν
621 1973 848 2008 καταλάμποντες
861 1972 892 1999 τὸ
906 1972 998 2007 σῶμα.

206 2022 364 2057 Κορυφαῖοι
376 2019 425 2055 τὴν
438 2020 515 2052 τάξιν
528 2019 669 2052 ὡσαύτως,
696 2018 734 2050 ὡς
744 2020 778 2054 τῇ
794 2018 932 2054 κορυφαίᾳ
945 2017 1000 2045 τῶν

206 2066 317 2102 ἀρετῶν
345 2066 440 2101 ἀγάπῃ
463 2065 572 2092 πάντων
588 2064 687 2100 μᾶλλον
703 2064 743 2100 τῷ
757 2064 804 2091 τοῦ
820 2063 887 2090 Θεοῦ
911 2072 998 2099 προσ-

206 2113 383 2148 ῳκειωμένοι
397 2111 543 2147 ἀγαπητῷ.
557 2111 603 2137 Διὸ
613 2111 660 2137 καὶ
675 2110 870 2146 πρωτόθρονοι,
882 2110 929 2137 καὶ
946 2110 1001 2137 £56-

205 2167 287 2193 τιμοι
309 2158 357 2184 καὶ
372 2158 481 2184 πάντων
506 2156 607 2191 μικροῦ
622 2155 707 2190 φάναι
729 2155 883 2191 πρόκριτοι,
898 2155 936 2186 ὡς
950 2154 1000 2189 τῆς

207 2206 275 2240 ἴσης
295 2206 343 2231 καὶ
364 2203 484 2240 πρώτης⁸
507 2202 582 2237 παρὰ
599 2202 637 2238 τῷ
666 2201 838 2238 Παμσασιλεῖ
863 2201 1001 2237 κατηξιω-

209 2253 291 2289 μένοι
303 2252 399 2288 τιμῆς.

245 2341 351 2368 Τοῦτον
364 2341 389 2368 oi
405 2340 455 2374 τῆς
470 2340 585 2376 βροντῆς
599 2339 652 2367 υἱοὶ
674 2338 720 2366 τὸν
733 2339 836 2375 τρόπον
863 2338 1003 2374 ἐνούμενοι

209 2389 262 2417 καὶ
275 2388 475 2424 ταυτιζόμενοι,
497 2387 556 2419 πῶς
571 2387 601 2413 οὗ
627 2386 673 2413 τὸν
687 2386 769 2414 αὑτὸν
789 2386 837 2421 τῆς
866 2384 1004 2420 εὐφημίας

209 2435 405 2471 προσοίσονται
416 2434 512 2469 λόγον;
525 2430 577 2460 Ὧν
592 2433 646 2468 γὰρ
658 2433 682 2459 οι
708 2431 814 2467 ἀγῶνες
831 2431 894 2464 ῐσοι,
911 2432 959 2459 καὶ
974 2431 1004 2458 αἱ

209 2480 383 2516 ἀναρρήσεις
390 2480 418 2506 αἱ
434 2478 531 2506 αὐταί·
549 2475 587 2505 ὧν
602 2477 630 2504 δὲ
645 2476 723 2513 κοινὴ
738 2478 788 2512 τῆς
797 2477 897 2512 ἀρετῆς
911 2477 929 2511 ἡ
943 2476 1004 2511 κτῆ-

212 2535 269 2559 σις.
293 2526 378 2553 κοινοὶ
389 2525 469 2561 δῆλον
490 2525 531 2552 ὅτι
543 2525 568 2551 el
583 2524 721 2559 στέφανοι.
739 2523 787 2555 Τίς
802 2520 849 2550 οὖν
866 2523 902 2550 τὰ
913 2523 1003 2550 ἀδιαί-

214 2580 284 2609 ρετα
303 2572 413 2604 διελετν,
437 2571 486 2598 καὶ
499 2571 535 2598 τὰ.
549 2569 621 2597 κατὰ
635 2569 718 2605 φύσιν
740 2569 788 2596 καὶ
808 2569 922 2605 γνώμην
935 2569 1006 2604 ἡνω-

250 2652 259 2667 ¹
280 2650 381 2685 Ephes.
397 2658 434 2683 Iv,
447 2650 474 2678 5.
511 2650 522 2665 ¹
541 2649 639 2676 Matth.
659 2657 700 2681 ιιι,
718 2647 761 2675 l7.

213 2728 312 2757 Jacobi
326 2729 353 2756 in
368 2727 527 2763 Hispaniam
542 2725 634 2764 fidem.
652 2724 933 2764 Porrojnterpoiator
947 2724 1006 2758 ipse

215 2765 351 2795 insulsus,
364 2759 525 2798 qui'praeter
546 2762 716 2798 Stephanum
731 2760 827 2798 Jacobi
840 2759 1008 2798 _Hierosoty_'-

215 2807 328 2826 morum
345 2794 478 2826 antistitis
493 2805 559 2825 vere
575 2794 723 2825 diaconum
735 2816 743 2828 .
759 2799 787 2823 et
801 2795 828 2822 in
840 2795 894 2822 hoc
909 2794 1006 2829 praeci-

216 2842 272 2869 pue
289 2834 324 2861 ab
339 2833 472 2868 apostolis
489 2837 623 2869 creatum,
640 2832 712 2859 inter
720 2831 853 2869 diaconos
867 2833 1005 2869 numeret,

217 2865 264 2904 qui
278 2865 376 2896 omnes
390 2868 513 2905 episcopi
525 2869 647 2899 fuerunt,
659 2871 686 2893 et
698 2866 810 2900 quidem
819 2865 1005 2905 apostolorum

217 2900 295 2939 quasi
323 2900 499 2939 suﬂ'raganci,
515 2911 585 2938 quos
600 2906 716 2934 vocant;
746 2906 836 2936 partes
853 2900 957 2928 scilicet
981 2906 1008 2927 ct

1031 293 1166 317 mensam,
1183 293 1214 313 ac
1226 294 1306 320 quam
1326 286 1444 313 maxime
1460 294 1545 314 suave
1559 286 1716 314 convivium
1738 294 1818 322 para-

1030 331 1071 359 vit
1090 339 1098 358 :
1115 331 1193 366 cujus
1213 332 1333 366 copiosis
1357 332 1542 368 vitalibusque
1567 333 1696 360 delectati
1717 332 1817 367 epulis.

1030 385 1082 405 nec
1110 385 1164 404 non
1197 377 1365 405 abundantia
1392 378 1487 413 gratiae
1516 379 1615 413 repleti
1643 378 1818 413 accensique,

1032 423 1110 459 quasi
1128 423 1254 459 exiguam
1272 424 1418 458 quamdam
1434 432 1468 452 ex
1484 424 1568 452 corde
1582 432 1741 452 sermonum
1755 432 1820 451 eru-

1033 469 1182 497 ctationem
1199 470 1224 497 ei
1240 470 1442 505 dependimus:
1462 470 1564 505 quibus
1587 474 1747 506 suppeteret
1759 469 1822 505 qui-

1033 516 1096 544 dem
1120 516 1200 549 nihil,
1218 516 1291 551 quod
1313 524 1363 551 pro
1385 524 1498 544 munere
1514 517 1626 552 dignum
1653 516 1820 550 offerretur;

1033 563 1081 591 sed
1094 563 1141 598 qui
1159 568 1261 595 tamen,
1277 568 1379 598 quanta
1400 563 1518 591 facultas
1535 567 1605 595 erat,
1623 563 1657 590 ad
1680 562 1823 598 depellen-

1034 610 1096 637 dam
1111 609 1210 645 ingrati
1226 609 1309 637 animi
1323 613 1419 637 tetram
1440 609 1531 637 labem
1551 617 1583 637 ac
1598 609 1714 641 crimen,
1727 608 1823 636 lauda-

1035 656 1110 683 tione
1125 655 1152 682 in
1166 663 1230 683 eum
1245 655 1366 683 defuncti
1384 655 1480 682 simus.

1070 701 1150 730 Nunc
1163 709 1230 729 vero
1244 706 1307 736 post
1321 701 1397 728 illum
1418 701 1471 728 alia
1491 700 1572 729 nobis
1585 701 1699 737 mystica
1714 708 1824 729 succes-

1036 749 1072 776 sit
1085 756 1178 776 mensa
1189 757 1196 775 :
1207 749 1277 776 alius
1292 748 1372 776 nobis
1381 749 1484 776 mellito
1494 749 1592 784 plenus
1606 754 1717 777 nectare
1731 753 1822 777 crater

1036 794 1194 829 propositus
1209 799 1266 828 est;
1290 802 1445 829 mensaeque
1461 799 1583 822 structor
1596 802 1628 822 ac
1649 794 1822 826 convivator.

1037 840 1114 875 quasi
1137 840 1296 875 splendidus
1321 840 1470 876 largusque
1489 848 1573 876 opum
1595 849 1627 869 ac
1653 831 1824 876 magnificus.

1039 888 1107 915 nihil
1125 888 1165 916 illi
1189 889 1278 924 impar
1296 888 1442 916 ambitioso
1463 889 1538 916 cultu
1560 893 1588 916 et
1610 887 1825 924 magniﬁcentia,

1038 936 1086 962 sed
1100 935 1258 963 omnimode
1268 935 1382 970 aequalis
1399 944 1406 962 :
1425 939 1523 963 natura
1540 942 1697 970 germanus,
1719 942 1751 962 ac
1773 934 1827 962 fide

1037 987 1185 1015 germanus
1204 989 1210 1007 :
1227 988 1283 1008 uno
1304 980 1378 1008 enim
1401 980 1500 1016 prolati
1522 985 1613 1016 patre,
1635 979 1675 1007 uti
1697 979 1725 1007 in
1744 979 1827 1008 terris

1037 1024 1180 1058 Zebedaeo,
1199 1025 1237 1053 ita
1258 1025 1287 1053 in
1302 1026 1381 1054 caelis
1399 1026 1467 1053 Deo.
1485 1026 1558 1054 Solis
1573 1025 1685 1053 discreti
1704 1025 1827 1053 nomini-

1038 1071 1092 1099 bus
1116 1071 1236 1099 Joannes
1261 1076 1343 1107 atque
1370 1072 1500 1106 Iacobus,
1517 1072 1716 1108 propemodum
1744 1071 1830 1099 rebus

1039 1118 1163 1146 concreti
1183 1125 1215 1145 ac
1235 1118 1376 1154 copulati:
1396 1126 1477 1153 pares
1499 1119 1600 1151 animo,
1629 1125 1709 1154 pares
1732 1118 1828 1154 gratia,

1039 1172 1121 1201 pares
1135 1165 1238 1192 virtute
1253 1173 1285 1193 ac
1307 1173 1370 1193 cum
1389 1165 1446 1193 Deo
1463 1165 1668 1193 necessitudine
1685 1174 1691 1192 :
1711 1171 1830 1200 quorum

1039 1218 1136 1238 revera
1151 1218 1224 1238 unus
1237 1210 1381 1244 Dominus,
1392 1218 1474 1246 quem
1498 1210 1628 1238 similiter
1649 1210 1785 1243 viderent,
1802 1213 1832 1237 et

1040 1264 1095 1284 una
1109 1257 1230 1289 vacatio,
1247 1264 1332 1284 unum
1349 1256 1450 1285 mentis
1464 1256 1635 1292 propositum
1647 1278 1654 1290 ,
1671 1265 1725 1285 una
1741 1264 1806 1292 spes
1821 1276 1830 1289 ,

1042 1303 1082 1330 uti
1100 1307 1129 1331 et
1139 1302 1275 1338 baptisma
1287 1310 1374 1331 unum
1388 1303 1408 1330 ¹.

1078 1387 1140 1417 Pari
1159 1389 1275 1421 honore,
1299 1389 1374 1425 quod
1395 1390 1494 1417 attinet
1513 1390 1547 1418 ad
1567 1390 1672 1418 cultum
1696 1390 1832 1426 legalem;

1043 1434 1115 1470 pari.
1142 1433 1215 1468 quod
1242 1433 1276 1461 ad
1306 1433 1513 1461 translationem
1542 1434 1576 1462 ad
1603 1433 1741 1470 spiritum.
1771 1430 1832 1462 Pari

1044 1479 1130 1508 animi
1145 1487 1227 1507 sensu
1246 1487 1278 1507 ac
1293 1479 1441 1508 concordia
1461 1480 1489 1507 in
1504 1480 1594 1508 Patris
1610 1480 1759 1515 agnitione,
1775 1480 1833 1515 pari

1045 1532 1180 1560 propensa
1205 1524 1232 1552 in
1250 1523 1432 1560 .Unigenitutn
1459 1525 1601 1552 voluntate
1626 1530 1653 1552 et
1676 1525 1833 1553 dilectione.

1009 1586 1031 1616 ο
1046 1572 1140 1606 Neque
1156 1571 1183 1598 id
1199 1570 1292 1604 modo,
1308 1570 1357 1598 sed
1372 1574 1401 1598 et
1414 1578 1550 1598 consensu
1570 1571 1597 1598 in
1611 1570 1746 1606 Spiritum
1759 1570 1834 1606 ejus-

1048 1624 1102 1652 que
1118 1615 1300 1651 subjectione,
1313 1615 1408 1643 iidem.
1424 1615 1607 1648 Quamobrem
1616 1615 1698 1643 etiam
1714 1615 1835 1643 Boaner-

1049 1669 1096 1697 ges
1114 1661 1199 1697 (quod
1213 1666 1266 1694 est,
1282 1660 1344 1689 Filii
1362 1660 1489 1695 tonitrui)
1506 1660 1541 1687 ab
1557 1661 1616 1695 ipsa
1630 1660 1711 1688 ambo
1726 1668 1836 1688 nuncu-

1049 1707 1105 1742 pati
1118 1711 1183 1734 sunt
1193 1707 1320 1739 veritate.
1332 1706 1409 1734 velut
1423 1713 1492 1742 quos
1510 1714 1583 1734 unus
1599 1706 1728 1741 idemque
1747 1705 1837 1741 Spiri-

1050 1757 1094 1780 tus
1107 1752 1142 1780 ad
1157 1752 1330 1787 magnificam
1355 1751 1498 1787 Evangelii
1524 1752 1747 1787 praedicationem
1770 1759 1838 1778 eon-

1049 1798 1188 1825 cinnasset
1199 1801 1281 1833 atque
1295 1797 1443 1825 conﬂasset
1453 1798 1473 1824 ³.
1496 1796 1602 1824 Gemini
1625 1796 1697 1824 oculi
1722 1796 1838 1824 sanctis-
1857 1804 1862 1809 ·

1049 1843 1112 1871 simi
1135 1843 1247 1871 decoris
1266 1842 1342 1875 Jesu,
1366 1841 1504 1870 Dominici
1528 1842 1654 1877 corporis
1680 1849 1836 1877 supremam

1050 1893 1177 1917 tenentes
1189 1890 1347 1924 speculam;
1361 1889 1444 1924 primi
1466 1888 1571 1916 scilicet
1589 1888 1688 1916 divina.
1706 1887 1777 1915 lucis
1791 1895 1837 1914 ra-

1049 1934 1113 1966 diis.
1131 1942 1180 1962 ceu
1199 1934 1339 1969 simplices
1353 1939 1435 1969 atque
1452 1934 1559 1969 limpidi
1579 1933 1719 1968 lucidique
1736 1933 1839 1968 pariter

1050 1979 1159 2014 repleti,
1181 1978 1434 2014 benignissimeque
1451 1982 1539 2005 totum
1561 1985 1661 2012 corpus
1686 1977 1838 2013 fulgoribus

1050 2025 1107 2052 suis
1121 2025 1329 2053 collustrautes.
1347 2023 1465 2052 Perinde
1490 2023 1588 2050 ordine
1609 2023 1760 2057 principes,
1778 2026 1838 2049 tan-

1050 2079 1132 2106 quam
1148 2071 1283 2098 charitate
1295 2077 1357 2105 quae
1369 2069 1499 2104 princeps
1510 2068 1647 2096 virtutum
1660 2073 1703 2095 est
1713 2068 1837 2095 onmium

1051 2115 1168 2143 maxime
1188 2115 1236 2142 Dei
1250 2115 1352 2142 dilecto
1366 2114 1488 2142 devincti
1505 2121 1537 2142 ac
1551 2113 1713 2141 familiares.
1735 2112 1838 2146 Quam-

1051 2161 1146 2188 obrem
1158 2161 1241 2188 etiam
1257 2160 1354 2195 primis
1376 2160 1510 2187 sublimes
1524 2159 1648 2192 sedibus,
1661 2159 1777 2195 parique
1790 2159 1841 2187 ho-

1052 2213 1118 2234 nore
1140 2213 1172 2233 ac
1187 2205 1295 2233 cunctis
1307 2204 1507 2240 propemodum
1523 2204 1639 2239 praelati,
1655 2209 1786 2239 tanquam
1800 2203 1842 2232 vi-

1017 2261 1039 2288 ι)
1053 2251 1154 2279 delicet
1165 2259 1260 2286 parem
1274 2251 1451 2286 primumque
1465 2249 1537 2285 apud
1549 2257 1687 2278 summurn
1698 2250 1840 2278 universo-

1052 2305 1113 2325 rum
1126 2297 1228 2332 Regem
1241 2296 1383 2324 consecuti
1395 2296 1541 2323 honorem.

1088 2343 1118 2370 ln
1129 2343 1204 2370 hunc
1219 2341 1331 2369 modum
1351 2339 1491 2376 conjuncti
1511 2339 1626 2367 tonitrui
1646 2338 1709 2368 Filii
1731 2347 1841 2375 unaque

1052 2389 1128 2416 velut
1138 2388 1245 2415 ratione
1258 2387 1363 2419 coaliti,
1378 2385 1517 2422 quomodo
1533 2393 1588 2413 non
1604 2385 1734 2413 eumdem
1749 2385 1844 2413 lauda-

1053 2432 1136 2460 tionis
1149 2439 1182 2459 ac
1200 2431 1331 2467 praeconii
1348 2438 1505 2459 sermonem
1517 2430 1679 2458 admiserint
1688 2430 1703 2457 ?
1720 2430 1844 2464 Quorum

1057 2478 1131 2506 enim
1148 2477 1299 2506 certamina
1312 2477 1400 2512 paria,
1412 2477 1509 2504 eadem
1529 2477 1613 2504 etiam
1628 2475 1761 2504 exsistant
1772 2484 1846 2511 prm-

1057 2524 1149 2552 eonia.
1158 2523 1281 2556 Quorum
1296 2530 1441 2550 commune
1452 2522 1565 2550 virtutis
1577 2521 1674 2553 decus,
1685 2527 1847 2549 communes

1059 2569 1192 2597 nimirum
1207 2569 1292 2597 etiam
1305 2575 1424 2597 coronat.
1438 2567 1504 2601 Quis
1523 2567 1605 2603 igitur
1615 2574 1677 2602 quae
1691 2571 1756 2594 sunt
1772 2566 1844 2593 indi-

1059 2723 1151 2750 rnunia
1168 2727 1198 2758 et
1211 2722 1375 2757 episcopalia
1395 2726 1566 2757 praestantes,
1581 2722 1645 2748 dum
1658 2718 1775 2758 apostoli
1792 2725 1848 2758 ma:

1057 2759 1118 2793 jora
1129 2754 1270 2792 magisque
1284 2754 1440 2793 propria‘ex
1455 2758 1544 2785 oilieio
1559 2759 1712 2793 tentarent;
1726 2754 1777 2788 ipsi
1787 2754 1847 2793 κριτ*

1059 2788 1155 2829 ἐξοχὴν
1174 2788 1312 2829 corvpbazi
1327 2788 1357 2820 ἐι
1371 2792 1521 2829 principes,
1533 2788 1852 2829 eminentiusquequid-

1060 2823 1332 2863 qui'd'episco'porum
1343 2823 1397 2863 est,
1419 2823 1542 2863 acvelut
1562 2825 1648 2860 prima
1669 2823 1719 2852 sub
1733 2823 1850 2853 Christo

1061 2861 1242 2892 fundamenta
1252 2867 1334 2898 atque
1346 2862 1416 2891 ostia
1435 2861 1579 2889 habentes.
