2072 3160
246 170 282 201 δ’]
850 172 998 203 ΝΙΟΕΤῘΕ
1018 174 1279 206 PAPHLAGONIS
1833 182 1869 213 88

245 227 304 254 visa
325 231 412 255 tentet
427 227 568 262 dividere;
592 237 623 257 ac
645 237 706 265 qua:
726 234 823 258 natura
837 239 870 258 ac
894 232 1027 259 voluntate

1086 233 1154 268 μένα
1167 234 1328 270 πειράσαιτο
1345 234 1465 271 διιστᾷν;
1481 236 1542 274 Πῶς
1565 237 1594 264 δὲ
1607 237 1662 264 τῶν
1678 239 1866 274 προκειμένων

245 273 383 308 copulata,
401 274 578 309 dispescere?
593 275 716 309 Quonam
730 284 795 304 vero
820 277 902 305 modo
917 285 951 305 ex
966 286 1029 313 pro-

245 319 341 353 positis
356 320 434 347 alteri
452 321 565 348 seorsim
583 322 693 348 contexi
711 321 832 349 laudatio
855 323 1031 358 queat‘lqute

243 366 317 393 enim
332 367 396 401 quis
412 367 445 394 de
458 367 546 394 altero
557 367 657 395 dixerit
672 368 728 395 haec
746 368 837 395 forsan
852 369 934 396 etiam
951 369 1031 396 alteri

244 413 420 440 conveniant.
443 413 513 440 Num
531 422 608 446 vero,
627 421 689 440 cum
709 414 771 441 aliis
787 414 911 449 quidem,
933 415 973 442 uti
990 415 1031 442 di-

243 463 318 486 ctum
344 463 396 491 est,
419 465 534 491 coeant;
553 460 633 487 modo
651 465 740 488 tamen
763 468 819 496 quo
841 461 875 488 ad
890 461 1030 488 Christum

243 506 425 541 emigrarunt.
439 506 548 533 abunde
561 506 783 542 distinguantur;
798 507 910 535 illorum
919 508 1031 542 quidem

244 551 523 583 ratione,communis
539 552 683 579 amborum
696 553 819 580 laudatio
831 562 838 586 ;
852 554 951 581 horum
965 562 1030 582 vero

242 598 451 632 meritorcuique
469 598 578 633 propria
591 606 622 625 ac
638 599 766 626 distincta
782 600 837 627 sit?

278 644 386 670 Etenim
404 652 466 671 eum
484 644 604 678 primum
618 645 742 672 eamdem
754 645 876 673 humano
889 652 949 674 satu
959 647 1031 674 natio

241 690 353 717 vitalem
378 698 410 717 ac
430 690 624 718 educationem
643 691 715 718 nacti
742 696 852 724 essent;
878 693 1030 727 iisdemque

241 735 364 762 moribus
379 739 407 762 et
422 735 575 770 disciplinis
591 736 709 763 instituti
725 736 852 768 fuissent,
868 744 900 763 ac
910 741 1031 772 paternae

239 782 395 817 piscatoria:
416 782 468 809 arti
494 789 604 818 operam
626 783 800 817 posuissent;
822 791 946 818 magnam
969 783 1031 811 vita:

240 832 346 863 partem
366 828 393 855 iu
405 828 474 855 mari
488 828 600 859 versati,
623 828 671 863 qui
684 829 796 855 hamum
816 828 969 860 mitterent,
986 836 1030 856 sa—

240 881 338 908 genam
350 874 484 906 laxarent,
501 881 533 900 ac
546 882 642 901 rursus
657 874 726 901 retia
740 874 934 907 emundarent,
950 881 1026 901 eam-

1081 280 1146 314 ἡμῖν
1158 280 1280 315 ἑκατέρῳ
1293 281 1338 307 τὸν
1353 279 1426 308 αἶνον
1442 282 1494 318 ίδίᾳ
1510 282 1702 319 διαπλέκοιμεν
1713 292 1721 317 ;
1733 283 1752 311 ἃ
1767 285 1822 320 γὰρ
1835 285 1867 312 ἄν

1081 333 1122 355 τις
1134 325 1205 352 εἴποι
1220 326 1340 360 περὶτοῦ
1351 327 1421 358 ἑνὸς,
1433 328 1520 355 ταῦτα
1531 336 1563 362 γε
1572 329 1653 364 τυχὸν
1669 330 1718 356 καὶ
1726 329 1766 366 τῷ
1781 331 1868 365 ἑτέρῳ

1081 369 1271 404 ἐφαρμόσειεν.
1298 370 1346 402 Ἢ,
1369 371 1404 398 τὰ
1429 372 1479 407 μὲν
1503 373 1582 406 ἄλλα,
1602 374 1728 410 καθάπερ
1751 376 1869 411 εἴρηται,

1081 415 1304 451 ταυτιζομένους,
1324 417 1362 453 τῷ
1387 419 1479 454 τρόπῳ
1502 419 1532 446 δὲ
1545 421 1596 455 τῆς
1609 420 1677 455 πρὸς
1690 421 1737 448 τὸν
1753 422 1870 457 Χριστὸν

1080 461 1309 497 διαφορουμένους
1335 463 1507 497 ἀναλύσεως⁸
1523 468 1724 502 κοινοποιητέον
1741 467 1791 502 μὲν
1808 469 1870 495 κατ’

1080 508 1173 535 ἐκεῖνα
1183 516 1189 522 ·
1209 509 1359 546 διαιρετέον
1372 510 1402 538 δὲ
1414 511 1460 538 τὸν
1473 511 1551 546 λόγον
1565 513 1636 540 κατὰ
1650 514 1748 541 ταῦτα.

1117 641 1173 669 Καὶ
1191 643 1244 678 γὰρ
1266 643 1316 678 τὴν
1340 644 1369 676 ἐξ
1385 644 1534 680 ἀνθρώπων
1549 645 1675 680 γέννησιν
1691 646 1799 681 πρῶτον
1823 648 1871 674 καὶ

1081 689 1235 722 ἀνατροφὴν
1248 688 1374 723 λαχόντες
1388 690 1437 724 τὴν
1450 690 1545 725 αὐτὴν,
1565 691 1613 717 καὶ¹
1626 691 1679 718 ὑπὸ
1695 693 1752 724 τοῖς
1775 692 1869 724 αὐτοῖς

1081 734 1158 770 ἧθεσι
1186 735 1233 760 καὶ
1251 735 1394 770 μαθήμασι
1413 736 1677 772 παιδοτριὸοὑμενοι,
1697 738 1745 764 καὶ
1762 739 1795 773 τῇ
1814 747 1868 764 πα-

1080 781 1162 814 τρικῇ
1177 779 1258 815 τέχνῃ
1279 781 1328 814 τῆς
1353 780 1446 812 ἁλείας
1469 782 1746 817 προσασχολούμενοι,
1772 784 1819 810 καὶ
1835 785 1869 810 τὰ

1082 826 1167 852 πολλὰ
1198 827 1230 862 τῇ
1261 826 1382 862 θαλάσσῃ
1413 827 1610 862 προσέχοντες,
1645 829 1692 856 καὶ
1720 829 1869 865 ἄγκιστρον

1082 872 1233 904 καθιέντες,
1251 873 1298 899 καὶ
1313 873 1419 899 δίκτυον
1434 873 1580 908 χαλῶντες,
1595 874 1643 901 καὶ
1665 873 1742 906 αὖθις
1765 875 1870 902 ἀνακαο

240 919 303 947 dem
321 924 415 954 postea
427 918 590 946 divinissimi
608 918 672 946 Jesu
684 919 855 946 vocationem
874 918 1026 951 consecuti;

1080 917 1237 952 θαίροντες·
1256 918 1324 952 μετὰ
1348 917 1435 944 ταῦτα
1449 918 1478 944 δὲ
1499 918 1552 953 τῆς
1570 919 1656 954 αὐτῆς
1673 920 1775 954 ὁμοίως
1801 921 1867 956 πρὸς

239 973 272 993 ac
286 969 415 1000 tanquam
429 965 525 992 eodem
548 965 639 991 animo
654 965 814 999 duplicique
833 972 949 999 corpore
966 969 1027 992 ute-

240 1015 348 1044 rentur,
364 1011 462 1039 eodetu
477 1011 558 1038 ambo
579 1011 681 1038 divinae
695 1011 819 1038 scientiae
830 1018 845 1037 e
859 1010 929 1038 coelo
944 1018 1027 1037 coru-

239 1062 346 1090 scante,
366 1057 458 1085 cuncti
474 1057 521 1092 qui
544 1057 658 1084 attentis
682 1056 781 1083 animis
802 1056 868 1088 sint,
893 1064 949 1083 uno
968 1056 1029 1091 ejus

239 1103 345 1139 fulgore
371 1107 454 1138 atque
479 1103 581 1130 micatu
602 1103 706 1138 pariter
724 1103 915 1129 irradiantur:
938 1101 978 1129 sic
1002 1106 1029 1129 et

240 1151 278 1178 illi
294 1151 436 1178 Dominica
449 1150 593 1178 vocatione
603 1150 708 1183 donati,
719 1158 779 1185 quae
790 1149 869 1184 sequi
884 1149 945 1176 illos
958 1157 1027 1183 prse-
1039 1167 1043 1170 ι

239 1196 445 1231 ciperet,atque
456 1196 599 1224 hominum
609 1196 760 1230 piscatores
770 1195 905 1222 facturum
914 1194 1027 1229 pollice-

239 1246 327 1275 retur,
350 1242 417 1269 nihil
438 1242 516 1270 verbi
543 1242 665 1269 novitate
691 1240 841 1269 dillidentia
865 1240 919 1269 acti
940 1245 1006 1268 sunt
1020 1249 1037 1273 ε,

239 1287 315 1315 nulla
337 1287 510 1315 vocationem
525 1287 666 1314 dubietate
687 1287 868 1321 repulerunt;
885 1293 935 1312 nec
957 1285 1028 1312 sicut

240 1333 356 1362 Paulum
381 1334 564 1362 Athenienses
587 1333 615 1360 in
639 1333 790 1360 crastinum
811 1331 981 1359 distulerunt
997 1332 1025 1357 ³ε

241 1379 290 1407 sed
299 1379 381 1407 simul
397 1384 479 1414 atque
489 1386 616 1407 sermone
628 1378 757 1406 illabente
772 1377 924 1406 collustrati
934 1377 1028 1404 animo

240 1430 316 1457 sunt,
335 1433 368 1453 ac
387 1426 465 1453 velut
489 1425 618 1453 incendio
633 1425 772 1460 paratiore
787 1424 912 1457 materia,
926 1423 1028 1451 mentis

240 1472 407 1499 rectitudine
422 1472 562 1499 caelestem
577 1472 668 1506 ignem
688 1475 880 1506 susceperunt,
895 1471 938 1498 sui
955 1470 1028 1504 ipso-

240 1525 302 1544 rum
318 1516 463 1544 confestim
478 1517 558 1544 obliti
569 1521 644 1549 sunt,
659 1524 691 1544 ac
710 1521 788 1552 patre
809 1524 871 1543 cum
895 1515 957 1542 navi
979 1523 1024 1543 re—

239 1563 323 1595 licto,
351 1566 496 1598 spretaque
520 1563 738 1597 propinquorum
764 1561 968 1589 necessitudine
994 1568 1026 1588 ac

240 1613 371 1636 consueta
392 1609 565 1636 institutione
583 1609 752 1643 posthabita,
775 1608 937 1642 cunctisque
957 1607 1027 1634 deli-

241 1655 293 1682 ciis
304 1663 336 1682 ac
353 1656 444 1682 carnis
459 1655 649 1690 voluptatibus
664 1655 839 1690 contemptis,
852 1654 899 1682 uni
917 1662 946 1682 se
963 1654 1028 1682 Jesu

240 1700 328 1728 amori
342 1700 517 1727 addixerunt.

1079 963 1126 989 τοῦ
1143 963 1363 998 θεαρχικωτάτου
1379 964 1500 998 κλήσεως
1515 965 1688 997 ἀξιωθέντες·
1701 964 1796 1000 ὥσπερ
1815 967 1866 1001 μιᾷ

1081 1008 1132 1042 μὲν
1141 1008 1226 1043 ψυχῇ,
1236 1008 1298 1034 δυσὶ
1311 1008 1340 1035 δὲ
1353 1008 1461 1044 σώμασι
1475 1009 1622 1045 χρώμενοι,
1638 1010 1702 1045 μίαν
1717 1011 1869 1047 ἀμφότεροι

1078 1054 1129 1088 τὴν
1142 1055 1192 1088 τῆς
1217 1054 1382 1088 θεογνωσίας
1409 1055 1652 1090 περιελάμφθησαν
1676 1057 1783 1084 ἀκτῖνα.
1811 1057 1868 1084 Καὶ

1079 1099 1204 1136 καθάπερ
1222 1099 1364 1134 ἀστραπῆς
1385 1099 1493 1126 ἄνωθεν
1508 1100 1708 1137 διαλαμψάσης,
1734 1103 1800 1137 μίαν
1817 1103 1868 1138 τὴν

1078 1146 1125 1172 ἀπ’
1142 1145 1228 1180 αὐτῆς
1242 1145 1330 1181 αὐγὴν
1344 1146 1445 1177 πάντες
1461 1147 1561 1181 ὁμοίως
1580 1147 1605 1174 οἱ
1624 1149 1802 1183 προσέχοντες
1825 1150 1869 1176 ἐν.

1078 1190 1412 1226 απαστρόιπτονται,οὖτω
1430 1191 1462 1226 δὴ
1478 1191 1526 1218 καὶ
1543 1188 1615 1218 οὗτοι
1634 1193 1683 1227 τῆς
1700 1194 1869 1228 Δεσποτικῆς

1078 1237 1199 1272 κλήσεως
1211 1236 1366 1271 ἠξιωμένοι,
1383 1237 1498 1264 ἔπεσθαι
1510 1237 1559 1272 μὲν
1572 1237 1647 1272 αὒτῷ
1656 1239 1868 1275 παρεγγυῶσηςθ

1078 1283 1230 1318 ἀνθρώπων
1245 1283 1273 1309 δὲ
1290 1283 1376 1314 ἁλιεῖς
1407 1284 1493 1310 ποιεῖν
1509 1283 1739 1320 ὑπισχνουμένης,
1756 1286 1808 1313 οὐκ
1823 1287 1867 1313 ὲν-

1083 1329 1208 1355 εδοίασαν
1221 1329 1260 1364 τῷ
1280 1327 1409 1361 ξενίζοντι
1429 1329 1476 1355 τοῦ
1492 1330 1624 1365 ῥήματος,
1640 1331 1690 1358 οὐκ
1702 1332 1807 1368 ἀπορίᾳ
1818 1332 1868 1367 τὴν

1078 1375 1171 1410 κλῆσιν
1188 1375 1392 1410 διεκρούσαντο,
1403 1375 1458 1402 οὐδ’
1473 1375 1569 1411 ὥσπερ
1588 1376 1723 1412 Ἀθηναῖοι
1738 1378 1783 1403 τὸν
1794 1377 1867 1404 Παῦ-

1077 1421 1122 1448 λον
1137 1423 1178 1453 εἰς
1201 1423 1251 1456 τὴν
1274 1421 1337 1457 ἑξῆς
1362 1421 1572 1457 ὐπερετίθεντο’
1589 1423 1657 1457 ὁμοῦ
1683 1423 1712 1449 δὲ
1731 1423 1771 1459 τῷ
1796 1423 1868 1459 λόγῳ

1078 1467 1347 1502 περιαστραφθέντες
1364 1467 1409 1494 τὺν
1424 1467 1496 1499 νοῦν,
1512 1468 1557 1494 καὶ
1573 1467 1668 1503 ὥσπερ
1685 1469 1748 1504 ὕλης
1765 1470 1865 1504 ἐπιτη-

1077 1513 1206 1547 δειότητι,
1221 1514 1253 1548 τῇ
1267 1513 1315 1548 τῆς
1327 1513 1445 1544 διανοίας
1461 1513 1588 1548 εὑθύτητι
1605 1513 1635 1539 τὸ
1662 1513 1788 1549 οὐράνιον
1815 1522 1866 1540 κα-

1041 1579 1062 1608 c
1079 1559 1253 1593 ταδεξάμενοι
1280 1560 1351 1594 πῦρ,
1383 1559 1544 1586 ἐπελάθοντο
1561 1560 1609 1594 μὲν
1634 1559 1716 1592 εὐθὺς
1742 1561 1866 1587 ὲαυτων·

1080 1605 1242 1632 ἐπελάθοντο
1256 1604 1285 1631 δὲ
1300 1606 1466 1640 οἰκειότητος
1481 1606 1614 1639 φυσικῆς·
1631 1607 1678 1632 καὶ
1693 1605 1739 1632 τὸν
1759 1606 1867 1641 πατέρα

1084 1651 1154 1685 μετὰ
1167 1649 1214 1676 τοῦ
1228 1650 1321 1676 πλοίου
1337 1650 1542 1683 καταλιπόντες,
1553 1652 1600 1677 καὶ
1614 1652 1773 1686 συγγενείας
1783 1652 1868 1687 ὑπερ-

1083 1697 1202 1728 ιδόντες,
1228 1695 1343 1732 καὶτῆς
1379 1697 1508 1732 συνήθους
1537 1698 1676 1732 διαγωγῆς
1709 1698 1865 1730 ἐκστάντες,

239 1747 288 1773 καὶ
315 1747 405 1782 πάσης
426 1747 549 1782 τέρψεως
578 1748 624 1773 καὶ
660 1747 748 1782 πάσης
779 1747 910 1782 σαρκίνης
937 1744 1180 1780 παραμελήσαντες
1204 1743 1318 1779 ἡδονῆς,
1342 1743 1422 1779 μόνου
1452 1743 1599 1779 γεγένηντο
1627 1744 1674 1771 τοῦ
1692 1744 1792 1779 ἔρωτος
1818 1743 1866 1770 τοῦ

230 1813 234 1818 .
247 1793 343 1828 Ἰησοῦ.

275 1838 462 1866 Terrenorum
487 1846 598 1866 omnem
617 1838 830 1874 iucunditatem,
849 1847 902 1866 una
915 1839 967 1866 hac
981 1846 1033 1866 su-.

239 1883 318 1912 blimi
350 1885 500 1919 cupiditate
526 1889 732 1913 commutarunt
755 1893 868 1920 :neque
894 1885 1028 1912 duntaxat

239 1930 394 1958 naturalem
416 1931 541 1965 corporis
566 1930 711 1959 libidinem
735 1931 819 1958 animi
838 1931 1027 1966 magnitudine

240 1976 421 2011 supergressi,
437 1975 518 2011 Legis
534 1980 624 2003 tamen
639 1976 736 2004 litteras
755 1984 787 2004 ac
800 1976 925 2004 Mosaicis
939 1976 1026 2003 tradi-

240 2021 364 2048 tionibus
373 2021 448 2056 justo
462 2021 579 2056 amplius
593 2021 708 2054 addicti,
732 2022 874 2056 segniores
888 2021 922 2049 ad
938 2021 1026 2056 Spiri-

240 2071 299 2095 tum
309 2068 495 2102 accedebant;
514 2076 602 2102 neque
616 2067 724 2095 [erv0re
738 2068 850 2102 quidem
863 2075 895 2095 ac
913 2067 966 2094 [ide
980 2075 1027 2094 ac‘

240 2113 381 2146 cedentes,
404 2121 506 2141 novum
529 2118 622 2141 tamen
637 2113 822 2148 legislatorem
840 2113 1023 2148 spernebant;

240 2166 289 2189 aut
303 2161 329 2189 ei
343 2161 455 2196 quidem
467 2161 601 2188 honorem
619 2160 768 2192 habebant,
781 2164 809 2187 at
823 2160 931 2195 qualem
945 2160 1023 2192 Mosi,

240 2214 290 2234 seu
322 2207 430 2235 cuidam
449 2206 495 2234 alii
512 2206 728 2241 prophetarum:
747 2206 871 2241 quinimo
900 2206 1023 2233 omnium

1116 1840 1189 1870 Μιᾶς
1207 1838 1309 1874 ταύτης
1321 1839 1401 1872 ἁγίας
1415 1839 1461 1864 καὶ
1474 1838 1581 1873 ὑψηλῆς
1600 1838 1758 1872 ἐπιθυμίας,
1777 1838 1867 1864 πᾶσαν

1078 1884 1227 1920 ἠλλάξαντο
1239 1885 1289 1919 τὴν
1304 1885 1453 1911 ἀπόλαυσιν
1473 1884 1527 1910 τῶν
1546 1884 1655 1919 γεηρῶν
1668 1891 1676 1898 ·
1705 1884 1752 1910 καὶ
1766 1884 1797 1910 οὺ
1816 1883 1868 1918 τῆς

1077 1931 1148 1958 κατὰ
1164 1931 1194 1958 τὸ
1213 1931 1292 1966 σῶμα
1317 1931 1435 1965 φυσικῆς
1451 1931 1570 1966 σχέσεως
1596 1930 1676 1965 μόνον
1696 1930 1868 1965 μεγαλοφυῒᾳ

1078 1976 1252 2012 φρονήματος
1279 1976 1487 2012 ὑπερανέὸησαν
1501 1996 1508 2007 ,
1541 1975 1580 2010 τῷ
1598 1976 1743 2011 γράμματι
1762 1975 1791 2002 δὲ
1818 1975 1866 2002 τοῦ

1079 2023 1162 2056 νόμου
1176 2022 1222 2048 καὶ
1236 2023 1296 2054 ταῖς
1314 2023 1475 2054 Μωσαῑκαῖς
1495 2022 1661 2057 παραδόσεσι
1677 2021 1757 2047 πλέον
1776 2021 1792 2056 ἢ
1813 2020 1867 2047 ἔδει

1080 2068 1270 2104 κρατούμενοι,
1292 2069 1360 2103 προς
1376 2068 1406 2094 τδ
1421 2068 1530 2103 πνεῦμα
1546 2067 1711 2102 νωθέστερον
1725 2067 1845 2102 ἐχώρουν
1858 2075 1865 2082 ·

1078 2115 1140 2141 οὐδὲ
1160 2115 1292 2145 συντόνως
1309 2114 1359 2149 μὲν
1378 2115 1424 2140 καὶ
1444 2113 1546 2144 πιστῶς
1561 2113 1708 2147 προσίεσαν
1723 2112 1762 2148 τῷ
1783 2111 1868 2138 πνεύ-

1080 2169 1155 2194 ματι,
1182 2160 1229 2186 τοῦ
1256 2159 1351 2186 καινοῦ
1373 2159 1402 2185 δὲ
1429 2159 1633 2194 ὑπερεφρόνουν
1659 2158 1804 2193 νομοθέτου
1819 2166 1826 2174 ·
1847 2157 1865 2193 ἢ

1078 2206 1179 2240 ἐτίμων
1189 2206 1248 2241 μὲν,
1268 2205 1313 2232 ῐσα
1332 2205 1360 2231 δὲ
1375 2205 1509 2235 Μωσέως,
1525 2204 1542 2239 ἢ
1557 2212 1629 2235 τινος
1642 2204 1722 2231 ἄλλου
1737 2204 1791 2231 τῶν
1804 2213 1868 2240 προ⁴

240 2253 371 2280 assmulo
390 2257 546 2280 sanctorum
574 2252 660 2279 Deum
685 2259 717 2279 ac
744 2252 899 2284 Dominum,
923 2252 1024 2286 Deique

1078 2251 1187 2286 φητῶν·
1207 2251 1315 2278 πάντων
1330 2251 1357 2276 δὲ
1373 2250 1426 2276 τῶν
1445 2250 1474 2282 ἐξ
1497 2250 1595 2281 αἰῶνος
1622 2250 1708 2284 ἁγίων
1725 2250 1791 2276 Θεὸν
1819 2250 1867 2276 καὶ

241 2297 360 2324 viventis
366 2297 464 2324 Filium
474 2297 495 2329 ⁸,
505 2304 536 2324 ac
549 2297 711 2332 prophetam
722 2297 787 2324 olim
796 2297 946 2337 Seripturis
958 2305 1028 2331 prae-

241 2342 398 2370 nuntiatum
414 2342 610 2377 Christumque
623 2347 770 2370 venturum
790 2343 884 2370 Jesum
908 2343 1024 2370 creden-

241 2392 293 2420 tes,
304 2388 344 2416 sic
357 2387 456 2415 ardore
471 2387 533 2415 fidei
544 2388 632 2422 ipsum
642 2389 831 2423 sequebantur
840 2389 878 2419 “:
888 2396 944 2416 non
958 2389 1025 2416 sub-

239 2435 310 2470 jecta
319 2435 407 2462 oculis
421 2435 513 2470 specie
528 2434 710 2466 oﬂ'endentes,
734 2435 783 2462 sed
798 2435 845 2470 qui
861 2434 895 2462 ad
919 2443 950 2462 ea
964 2443 1025 2470 quae

211 2488 219 2499 '
241 2485 334 2508 mente
361 2481 585 2516 intelligebantur
605 2481 720 2516 spiritus
742 2481 849 2508 ratione
871 2481 1025 2516 dirigeren-

243 2531 298 2555 tur.
312 2527 373 2554 Non
400 2527 474 2555 enim
500 2527 570 2562 lapis
581 2527 621 2554 eis
639 2527 812 2559 offensionis,
828 2528 906 2555 velut
920 2528 967 2554 his
978 2528 1026 2562 qui

241 2577 334 2600 essent
343 2581 425 2608 prava
435 2580 535 2603 mente.
545 2581 596 2601 nec
604 2577 680 2608 petra
692 2573 813 2600 scandali
824 2573 930 2608 positus
936 2578 995 2601 erat
1005 2574 1026 2603 '.

242 2618 290 2646 sed
305 2619 375 2654 lapis
387 2619 500 2652 electus,
513 2619 663 2654 angularis,
673 2619 809 2654 pretiosus
820 2618 847 2646 in
865 2619 1027 2646 fundamen-

243 2665 278 2692 tis
292 2665 384 2693 Sionis
400 2666 548 2693 collocatus
561 2665 598 2692 ’⁸.

277 2753 357 2782 llunc
381 2754 501 2783 Jacobus
515 2759 598 2790 atque
616 2756 736 2783 Joannes
760 2756 878 2790 lapidem
905 2763 982 2783 suam
999 2756 1026 2783 in

241 2801 339 2836 spiritu
356 2801 520 2829 etl‘odieutes
541 2805 660 2829 mentem
677 2809 708 2829 ac
727 2809 776 2829 cor
793 2801 847 2829 alte
871 2802 1027 2829 scindentes

1080 2298 1182 2334 Κύριον
1208 2299 1255 2324 καὶ
1274 2298 1338 2324 Υὶὸν
1358 2297 1425 2325 Θεοῦ
1440 2298 1550 2330 ζῶντος,
1571 2299 1617 2324 καὶ
1635 2298 1682 2324 τὸν
1709 2307 1868 2334 προκατηγ-

1079 2345 1210 2380 γελμένον
1230 2345 1374 2380 προφήτην
1393 2345 1452 2376 ταῖς
1470 2345 1488 2370 Γ
1491 2346 1602 2379 ραφαῐς,
1623 2345 1670 2371 καὶ
1689 2345 1806 2380 Χριστὸν
1826 2342 1866 2370 εἶ-

1079 2398 1122 2416 ναι
1136 2390 1181 2416 τὸν
1196 2390 1342 2425 ἐρχόμενον
1362 2390 1574 2421 πεπιστευκότες
1591 2390 1636 2416 τὸν
1654 2389 1768 2425 Ἰησοῦν,
1780 2389 1868 2421 οὕτως

1077 2435 1151 2471 αὑτῷ
1166 2436 1312 2471 θερμότητι
1333 2437 1451 2468 πίστεως
1466 2437 1682 2474 ἐπηκολούθουν,
1701 2437 1731 2462 οὺ
1748 2436 1786 2472 τῷ
1801 2436 1867 2471 ὁρω·

1076 2482 1148 2517 μένῳ
1164 2482 1391 2516 προσκόπτοντες.
1410 2483 1477 2510 ἀλλὰ
1494 2483 1532 2518 τῷ
1549 2482 1688 2517 νοουμένῳ
1705 2481 1867 2508 κατευθυνό-

1076 2536 1150 2564 μενοι
1168 2528 1215 2555 τοῦ
1232 2529 1397 2563 Πνεύματος.
1413 2529 1450 2556 Οὐ
1465 2529 1520 2565 γὰρ
1534 2529 1607 2560 λίθος
1619 2529 1711 2559 αὐτοῖς
1725 2527 1867 2563 προσκόμ-

1076 2583 1171 2609 ματος,
1189 2575 1283 2610 ὦσπερ
1297 2576 1352 2608 τοῖς
1367 2576 1413 2602 τον
1426 2576 1489 2602 νοῦν
1505 2576 1630 2606 σκολιοῖς,
1638 2574 1698 2601 οὐδὲ
1721 2574 1808 2608 πέτρα
1823 2573 1867 2599 τέ-

1077 2620 1163 2648 θειται
1195 2621 1356 2654 σκανδάλου,
1377 2621 1446 2648 ἀλλὰ
1472 2621 1546 2653 λίθος
1571 2620 1709 2651 ἐκλεκτὸς,
1744 2620 1868 2654 ἀκρογω-

1080 2668 1186 2699 νιαῖος,
1220 2667 1345 2702 ἔντιμος,
1382 2668 1439 2699 τοῖς
1473 2666 1607 2702 θεμελίοις
1641 2663 1864 2699 ὑποῦεϐλημένος

1080 2712 1159 2739 Σιών.

1115 2756 1215 2783 Τοῦτον
1233 2757 1278 2783 τὸν
1293 2757 1365 2784 λίθον
1387 2756 1514 2787 Ἰάκωϐος
1529 2756 1575 2782 καὶ
1598 2756 1734 2791 Ἰωάννης,
1749 2755 1799 2791 τὴν
1811 2755 1864 2781 τῶν

1080 2803 1109 2829 ὲν
1123 2803 1160 2839 τῷ
1175 2804 1310 2838 πνεύματι
1328 2803 1480 2838 σκάψαντες
1494 2803 1614 2829 διάνοιαν
1624 2803 1671 2828 καὶ
1683 2801 1731 2838 τὴν
1751 2801 1864 2837 καρδίαν

279 2892 288 2907 ⁸
306 2892 365 2919 Act.
389 2900 452 2925 xvn,
466 2893 510 2921 ‘22.
548 2892 558 2908 ⁸
577 2892 674 2920 Matth.
686 2900 740 2922 xvi.
758 2892 800 2919 l6.
837 2892 863 2909 ⁸*
881 2893 960 2921 Deut.
975 2894 1100 2927 xvm,t5.
1140 2894 1148 2910 ⁵
1168 2893 1174 2919 1
1197 2893 1267 2921 Pctr.
1282 2901 1311 2926 Il,
1323 2893 1348 2920 8.
1389 2894 1415 2910 ⁸*
1430 2894 1480 2922 lsa.
1496 2902 1590 2926 xxvul,
1608 2894 1651 2921 i6.
