2072 3160
175 181 211 212 89
564 181 705 213 ORATIO
722 184 756 215 V.
772 195 807 203 -
822 184 864 215 ΙΝ
883 185 1040 218 LAUDEM
1059 188 1089 219 S.
1105 188 1236 220 JACOBI
1254 192 1434 225 ZEBEDIEL
1774 198 1809 229 90

175 236 354 271 βαθύναντες,
371 236 477 264 καὶτὸν
492 235 556 264 νοῦν
571 238 804 273 μεταλλεύσαντες
818 241 865 268 καὶ
882 242 959 277 εὑρη-

1017 244 1204 282 animumque,
1218 249 1358 278 curiosius
1375 251 1580 287 investigantes.
1597 260 1660 280 cum
1677 252 1808 283 edendis-

173 283 262 314 κότες,
279 283 325 308 καὶ
341 282 371 309 ὲν
384 281 458 316 αὑτῴ
470 281 521 317 τῆς
540 282 630 309 αὐτῶν
658 283 777 316 πίστεως
797 286 830 311 τὰ
850 285 965 320 θεμέλια

172 328 410 363 καταπηξάμενοι,
435 328 562 363 κραταιοι
589 337 661 361 τινες
679 331 727 357 καὶ
748 331 883 358 ἀνένδοτοι
897 333 965 367 πρός

170 383 205 400 τε
232 375 294 406 τοὺς
310 375 474 410 νοουμένους
492 374 593 409 ὁμοίως
608 376 656 402 καὶ
674 376 736 407 τοὺς
746 377 901 412 ὁρωμένους
916 387 965 412 γε-

169 421 287 455 γένηντο
314 421 498 456 πειρασμοικο
518 421 579 448 ὅθεν
603 421 654 456 τῆς
676 423 830 457 κορυφαίας
847 424 907 458 ἅμα
925 424 964 460 τῷ

171 467 283 503 μεγάλῳ
294 467 389 502 Πέτρῳ
403 467 449 493 καὶ
469 467 625 502 ἀκροτάτης
639 468 704 504 παρ’
716 469 790 503 αὐτῷ
805 469 966 501 καταξιοῦνε

168 523 215 540 ται
228 514 324 548 τιμῆς,
340 513 389 540 καὶ
402 513 452 548 τὴν
471 513 525 540 ἀπὸ
547 514 594 540 τοῦ
613 514 759 549 θεαρχικοῦ
775 515 901 550 σώματος
917 517 964 543 ἐπὶ

167 560 217 586 τοῦ
237 559 317 595 ὅρους
331 559 520 594 ἀστράψασαν,
537 559 575 591 ὡς
584 560 756 592 πιστοτάτοις
769 561 964 596 παραδεικνύει

169 605 293 640 μορφήν.
313 604 425 636 Τούτοις
441 605 487 631 καὶ
502 605 551 640 τὴν
563 606 635 632 κατὰ
652 606 682 632 τὺ
698 606 783 637 πάθος
795 608 843 641 τῆς
859 607 966 642 ἀνθρω-

167 649 253 683 πίνης
277 650 306 676 ἐν
325 648 401 684 αὐτῴ
420 649 660 684 φύσεωςνὰγωνίαν
680 651 726 677 καὶ
745 651 906 686 ἀδημονίαν,
926 652 964 683 ὡς

164 695 348 726 οἰκειοτάτοις
368 695 546 730 ἀνατίθησιν·
571 697 617 722 καὶ
636 697 705 731 μετά
732 697 762 722 τὸ
794 697 902 723 δεῖπνον
921 698 965 723 εὺ-

164 741 229 773 οὓς,
250 741 438 776 συλλήπτορας
456 743 556 774 αὐτοὺς
583 743 748 777 παρειλήφει
773 743 823 778 τῆς
844 752 963 778 προσευ-

163 788 219 822 χῆς
232 795 239 802 ·
260 788 284 813 εί
299 787 347 813 καὶ
363 788 394 814 τὸ
410 788 476 814 πολὺ
492 788 542 822 τῆς
557 788 646 823 λύπης
655 789 799 820 ἀπέκναιε,
820 789 868 816 καὶ
885 789 962 824 ὕπνῳ

163 834 277 866 τούτοις
289 835 447 869 κατενάρκα
462 835 507 861 τὸν
522 835 663 870 λογισμόν.

202 880 261 907 Καὶ
270 880 341 907 κατά
360 882 452 908 πᾶσαν
467 881 496 907 δὲ
514 881 568 907 τῶν
578 880 625 907 δύο
638 880 741 924 τούτων
752 880 798 908 τοῦ
818 881 885 908 Θεοῦ
901 881 963 908 παί-

1015 296 1087 324 sent,
1102 297 1185 328 atque
1200 294 1229 322 in
1243 303 1277 323 eo
1296 304 1352 324 suae
1377 297 1441 325 ﬁdei
1463 298 1640 327 fundamenta
1664 299 1805 335 ﬁxissent,

1016 337 1086 365 ﬁrmi
1101 347 1133 366 ac
1147 345 1306 370 constantes
1334 343 1466 371 adversus
1489 345 1630 378 spiritales
1655 346 1758 380 pariter
1777 351 1807 374 et

1014 392 1076 418 qute
1107 386 1195 413 oculis
1221 387 1403 422 subjiciantur
1420 410 1427 421 ,
1459 391 1626 418 tentationcs
1655 392 1805 428 exstitere;

1014 431 1089 458 unde
1105 432 1194 466 primo
1205 437 1287 467 atque
1313 434 1437 469 principe
1460 444 1644 471 supremoque
1668 446 1722 465 una
1743 446 1806 466 cum

1014 483 1114 510 magno
1135 477 1216 504 Petro
1228 478 1300 512 apud
1321 486 1384 506 eum
1410 479 1514 506 honore
1536 480 1693 513 donantur;
1717 483 1808 517 iisque

1014 528 1062 547 seu
1080 520 1247 549 ﬁdelissimis
1257 522 1433 558 eﬁ‘ulgentem
1450 525 1536 552 divini
1548 527 1674 559 corporis
1689 527 1806 555 formam

1015 565 1042 592 in
1060 572 1151 594 monte
1166 567 1296 595 ostendit.
1311 568 1352 595 Ad
1366 576 1415 595 eos
1430 576 1541 604 quoque
1554 574 1682 604 tanquam
1699 579 1806 599 summe

1015 613 1196 645 necessarios.
1212 614 1339 642 humanze
1353 615 1380 642 in
1398 615 1458 650 ipso
1479 621 1583 643 naturm
1600 618 1711 644 anxium
1734 627 1807 646 mor-

1015 658 1050 684 tis
1065 659 1191 686 timorem
1211 667 1243 687 ac
1260 661 1429 692 maestitiam,
1442 662 1493 688 sub
1516 662 1606 697 ipsum
1625 667 1734 698 tempus
1746 672 1806 698 pas-

1014 703 1100 731 sionis
1128 704 1228 736 refert;
1258 713 1374 740 moxque
1401 714 1415 733 a
1445 715 1534 738 caena,
1561 708 1696 735 orationis
1715 710 1805 737 socios

1015 748 1141 775 adhibuit
1162 758 1169 782 ;
1190 757 1348 785 quanquam
1372 751 1456 779 nimia
1482 752 1599 780 tristitia:
1629 754 1671 782 vis
1693 754 1804 784 exulce-

1015 794 1102 825 rabat.
1121 802 1154 822 ac
1168 799 1321 830 torpentem
1339 804 1435 825 eorum
1458 800 1580 826 animum
1594 808 1691 827 somno
1704 801 1804 836 degra-

1014 838 1105 865 vabat.

1048 884 1185 918 Quantum
1203 886 1323 921 denique
1345 888 1379 926 ad
1401 896 1512 916 omnem
1533 890 1678 917 amborum
1704 890 1804 918 borum

162 927 222 954 δων
239 926 288 962 τὴν
309 927 380 962 μετὰ
396 927 444 954 τοῦ
469 927 571 963 Κυρίου
588 927 638 962 τήν
656 928 893 964 συναναστροφὴν,
915 928 959 954 καὶ

1016 930 1062 957 Dei
1075 939 1223 965 puerorum
1236 940 1299 960 cum
1319 933 1437 963 Domino
1451 935 1702 966 conversationem,
1720 941 1804 971 atque

163 972 216 1000 τοῦ
238 972 320 1008 ζήλου
333 973 383 1008 τὴν
398 973 563 1008 θερμότητα,
580 973 691 1008 καὶτῆς
708 973 827 1005 πίστεως
849 975 899 1009 τὴν
918 974 962 1000 δο-

166 1019 320 1054 κιμότητα,
335 1019 382 1045 καὶ
408 1019 458 1053 τῆς
473 1019 585 1054 ἀγάπης
606 1018 655 1054 τὴν
674 1019 834 1053 τελειότητα
845 1027 852 1034 ⁸
868 1021 913 1046 ναὶ
929 1019 961 1055 δὴ

163 1064 216 1091 καὶ
236 1063 308 1090 κατά
325 1064 374 1099 τὴν
391 1064 438 1090 τοῦ
458 1064 617 1099 Πνεύματος
633 1064 736 1091 ἀνωθεν
755 1065 900 1092 ὶπέλευσιν
913 1065 962 1092 καὶ

162 1110 212 1136 τὸν
233 1110 290 1136 τῶν
307 1109 439 1144 γλωσσῶν
454 1110 589 1145 μερισμὸν
613 1110 661 1140 καὶ
682 1111 732 1146 τὴν
751 1110 882 1147 διανομὴν
906 1111 962 1137 τῶν

161 1156 292 1192 δωρεῶν,
309 1156 385 1183 οὐδὲν
399 1156 492 1192 ἕτερον
507 1156 630 1192 ἠγοῦμαι
640 1156 688 1184 τοῦ
698 1157 792 1193 ἑτέρου
802 1157 960 1191 διενεγκεῖν.

162 1202 251 1230 Ὅθεν
272 1200 314 1234 εἷς
328 1202 493 1238 ἀμφοτέρων
517 1203 565 1229 καὶ
576 1203 666 1235 κοινὸς
692 1203 756 1238 ἄχρι
777 1202 881 1230 τούτων
909 1203 959 1230 αὒ-

161 1249 222 1280 τοῑς
241 1249 256 1275 ό
279 1245 365 1280 αἶνος.
385 1249 435 1284 μιᾷ
461 1249 581 1284 Χριστοῦ
607 1249 836 1284 μεμορφωμένοις
858 1251 960 1285 μορφῇ,

163 1295 213 1320 καὶ
230 1294 272 1320 ἑνὶ
283 1294 323 1329 τῷ
340 1294 415 1329 αὐτῷ
429 1294 583 1330 Πνεύματι,
601 1295 646 1321 τὸν
669 1295 726 1322 ἴσον
745 1296 845 1330 τρόπον
859 1304 961 1331 κατηρ-

162 1341 305 1374 τισμένοις
333 1341 382 1368 καὶ
411 1342 702 1377 χαρακτηριζομὲνοις.
739 1342 817 1368 Ἐπεὶ
843 1342 871 1368 δὲ
896 1342 962 1373 ἴδιος

163 1387 289 1422 ἑκατέρῳ
303 1387 353 1422 τῆς
369 1387 560 1422 μεταστάσεως
585 1388 600 1414 ὃ
622 1396 651 1414 τε
667 1387 763 1423 χρόνος
779 1388 897 1424 ὑπάρχει
913 1388 962 1414 καὶ

163 1434 304 1468 ὁτρόπος,
323 1433 377 1469 ἰδίᾳ
398 1433 492 1460 λοιπον
507 1434 555 1460 καὶ
577 1433 624 1460 τὸν
647 1433 726 1468 λόγον
745 1433 800 1460 τῶν
815 1434 961 1469 ἐγκωμίων

165 1479 325 1513 ἀποδῶμεν.

198 1524 246 1558 Τῷ
256 1511 306 1558 μὲν
315 1521 361 1550 οὖν
370 1523 558 1558 Εὐαγγελιστῇ
571 1524 704 1559 πρότερον
718 1524 877 1557 ἀφωσίωται
891 1511 971 1550 κατὰ⁴

160 1570 282 1604 δύναμιν
300 1570 316 1606 ἡ
332 1570 435 1601 αἰνεσις
446 1578 453 1585 ·
473 1570 519 1596 καὶ
534 1570 730 1604 πνευματικῶς
746 1569 830 1597 αὐτοῦ
849 1570 898 1604 τῆς
912 1578 960 1604 με-

158 1615 253 1650 γάλης
272 1615 500 1650 κατατρυφῶντες
516 1615 627 1650 ἀρετῆς,
653 1614 744 1646 καθὼς
762 1612 813 1640 οἶοί
828 1623 856 1640 τε
876 1612 957 1650 ἦμεν,

157 1660 337 1694 ἀπετίσαμεν
359 1661 476 1695 μετρίως
507 1660 555 1696 τὴν
581 1660 705 1695 ὀφειλὴν.
735 1659 792 1686 Νῦν
808 1660 836 1686 δέ
857 1669 913 1695 μοι,
935 1657 958 1686 ὦ

156 1709 260 1741 ἄριστε
275 1707 323 1734 καὶ
339 1706 509 1741 δοκιμώτατε
535 1705 654 1742 Χριστοῦ
677 1706 798 1741 μαθητὰ,
814 1706 893 1740 δεῦρο
910 1706 958 1732 καὶ

157 1755 194 1781 σὺ
210 1754 346 1789 σήμερον,
362 1752 486 1783 Ἰάκωϐε,
504 1754 518 1778 ό
532 1753 586 1778 τῶν
600 1751 710 1786 ὑψηλῶν
723 1751 769 1778 τοῦ
786 1751 854 1778 Θεοῦ
870 1752 957 1786 Λόγου

155 1799 264 1834 θεατὴς
277 1799 325 1825 καὶ
340 1798 458 1833 ποιητὴς
474 1798 562 1832 ἔργων
574 1805 582 1813 ·
598 1799 647 1824 καὶ
657 1798 711 1824 τῶν
728 1798 891 1833 ἀπορρήτων
905 1796 957 1831 μύ-

157 1854 231 1880 στης
248 1846 296 1871 καὶ
324 1845 507 1879 μυσταγωγὸς
521 1844 618 1878 λόγων.
645 1843 679 1870 Ἦ
693 1843 793 1878 κινύρα
808 1844 855 1869 τοῦ
874 1842 957 1869 Πνεύ-

157 1898 260 1925 ματος,
275 1890 292 1924 ἡ
313 1889 455 1925 ἠόὐφωνος
473 1889 521 1915 καὶ
548 1889 732 1923 καλλίφωνοςσ
755 1889 771 1923 ὴ
792 1888 895 1923 εὐμελῆ
909 1889 957 1915 καὶ

156 1936 335 1970 εὖάρμοστον
360 1936 417 1966 τοῖς
431 1927 522 1961 εὑθέσι
540 1935 586 1961 τὸν
597 1935 669 1966 νοῦν,
686 1934 735 1970 τὴν
752 1936 801 1970 τῆς
819 1935 957 1969 θεολογίας

157 1981 378 2017 ἀνακρουομένη
402 1982 511 2016 φωνήν·
537 1982 553 2016 ἡ
592 1981 699 2016 μεγάλη
716 1981 763 2007 τοῦ
786 1981 853 2007 Θεοῦ
869 1982 956 2015 Λόγου

157 2027 306 2064 βροντὴ,,ἠ
320 2027 475 2062 ὐψηγόρως,
491 2027 508 2062 ή
531 2026 729 2062 μεγαληγόρως
745 2026 795 2062 τὴν
810 2027 957 2054 ἀνάστασιν

155 2074 207 2101 τοῦ
230 2073 331 2108 Ἰησοῦ,
356 2075 417 2104 ταῖς
449 2074 611 2105 Ἰουδαῖκαῖς
637 2073 768 2104 διανοίαις
783 2074 956 2107 ἐνηχήσασα.

156 2118 206 2145 καὶ
224 2117 275 2152 τὴν
289 2117 461 2152 σκληρότητα
474 2118 524 2152 τῆς
549 2117 640 2143 αὐτῶν
668 2117 781 2152 καρδίας
796 2117 957 2152 καταθραύ-

157 2170 233 2189 σατα
247 2169 256 2176 ⁸
274 2161 324 2196 τὴν
349 2161 452 2196 ἔρημον
473 2161 501 2187 δὲ
526 2161 594 2192 τέως
615 2160 766 2196 ἐκκλησίαν
791 2161 958 2186 συσσείσασα

155 2207 212 2234 τῶν
228 2206 325 2237 ἐθνῶν,
344 2207 391 2232 καὶ
408 2205 498 2240 ἡρέμα
513 2206 581 2240 πρὸς
604 2206 731 2241 αἴσθησιν
755 2205 801 2232 τοῦ
823 2214 957 2241 κηρυττο-

1013 976 1196 1004 aemulationis
1213 977 1359 1011 fervorem,
1373 979 1572 1015 probatamque
1586 980 1668 1008 ﬁdem
1685 989 1717 1009 ac
1732 981 1803 1008 dile—

1013 1022 1113 1049 ctionis
1133 1023 1353 1058 perfectionem;
1377 1024 1425 1052 sed
1440 1029 1468 1052 et
1484 1030 1618 1060 quantum
1633 1026 1667 1053 ad
1685 1026 1805 1061 Spiritus

1012 1077 1028 1096 e
1043 1068 1114 1096 ctelo
1137 1069 1274 1104 illapsum,
1297 1070 1508 1105 linguarumque
1530 1071 1750 1106 dispertitionem
1772 1079 1804 1099 ac

1013 1116 1149 1143 donorum
1167 1116 1342 1148 divisionem,
1360 1116 1430 1144 nihil
1454 1117 1604 1152 quidquam
1624 1118 1742 1145 alterum
1769 1118 1804 1146 ab

1012 1163 1099 1189 altero
1113 1162 1241 1189 existimo
1264 1162 1388 1190 differre.
1404 1162 1590 1195 Quamobrem
1603 1170 1657 1190 una
1670 1163 1804 1190 hactenus

1012 1216 1045 1235 ac
1059 1208 1215 1236 communis
1230 1209 1283 1235 erit
1298 1215 1394 1236 eorum
1412 1208 1545 1240 laudatio,
1565 1208 1613 1244 qui
1628 1216 1681 1236 una
1699 1209 1804 1236 Christi

1012 1255 1098 1282 forma
1124 1255 1234 1287 imbuti,
1260 1262 1371 1289 unoque
1395 1262 1428 1282 ac
1451 1254 1548 1282 eodem
1573 1255 1676 1290 pariter
1697 1254 1803 1290 Spiritu

1012 1299 1125 1335 perfecti
1142 1299 1246 1326 fuerint
1261 1307 1294 1326 ac
1306 1298 1482 1334 conﬁgurati.
1501 1299 1580 1332 Quod
1600 1307 1668 1326 vero
1691 1300 1802 1334 propria

1012 1346 1112 1380 cuique
1130 1345 1301 1381 migrationis
1315 1349 1373 1372 tum
1390 1349 1509 1379 tempus.
1524 1349 1582 1372 tum
1604 1345 1704 1373 modus
1719 1345 1804 1373 exsti-

1013 1391 1106 1424 terint,
1123 1391 1240 1418 seorsim
1255 1391 1350 1424 etiam,
1365 1399 1421 1426 qua
1444 1391 1485 1419 eis
1502 1391 1689 1427 defungimur,
1704 1391 1802 1419 lauda-

1013 1439 1116 1464 tionem
1130 1437 1289 1464 reddemus.

1046 1524 1126 1552 Prius
1153 1523 1245 1558 itaque
1268 1530 1319 1558 pro
1350 1522 1424 1549 virili
1453 1526 1548 1550 nostra
1581 1521 1747 1550 laudationis
1775 1522 1803 1550 in

1011 1569 1206 1605 evangelistam
1216 1569 1340 1603 partibus
1350 1567 1436 1595 functi
1452 1575 1557 1600 sumus,
1570 1568 1685 1603 ejusque
1695 1575 1802 1595 summa

1010 1617 1112 1643 virtute
1138 1615 1300 1650 spiritaliter
1320 1615 1459 1645 delectati,
1479 1614 1552 1649 quod
1571 1622 1620 1649 per
1646 1614 1802 1642 facultatem

1009 1662 1097 1694 licuit,
1123 1662 1163 1688 vel
1179 1661 1286 1688 modice
1301 1661 1425 1688 debitum
1442 1661 1624 1696 dependimus
1653 1661 1733 1688 Nunc
1755 1669 1804 1687 au-

1010 1713 1075 1739 tem.
1096 1707 1198 1742 optime
1213 1707 1372 1742 Christique
1386 1707 1588 1742 discipulorum
1610 1707 1804 1742 probatissimo

1007 1755 1120 1784 Jacobc,
1142 1757 1171 1781 tu
1190 1761 1300 1788 quoque
1325 1753 1392 1779 mihi
1406 1753 1500 1780 adesto
1515 1753 1617 1785 hodie;
1634 1760 1736 1787 nempe
1754 1760 1804 1780 su-

1008 1801 1135 1829 blimium
1158 1799 1207 1827 Dei
1236 1799 1319 1827 Verbi
1345 1803 1485 1833 spectator
1507 1799 1648 1833 factorque
1673 1806 1800 1833 operum.

1007 1853 1227 1880 arcanorumquc
1250 1845 1386 1880 discipule
1411 1852 1444 1872 ac
1466 1845 1598 1880 magister
1620 1852 1800 1872 sermonum:

1008 1892 1151 1920 duicisona
1169 1899 1200 1918 ac
1215 1890 1391 1925 pulchrisona
1408 1890 1527 1925 Spiritus
1549 1891 1654 1926 Cinyra,
1676 1889 1802 1917 modula-

1009 1944 1064 1966 tam
1082 1938 1302 1971 concinnamque
1319 1937 1363 1963 his
1384 1937 1432 1971 qui
1454 1940 1531 1963 recto
1555 1936 1649 1963 animo
1671 1936 1727 1964 sint
1741 1936 1802 1970 pul-

1008 1992 1072 2012 sans
1096 1983 1240 2018 theologia:
1264 1989 1359 2010 vocem
1376 1991 1383 2008 :
1399 1989 1528 2016 magnum
1552 1981 1598 2009 Dei
1620 1981 1706 2008 Verbi
1727 1979 1801 2008 toni-

1008 2035 1112 2060 truum.
1129 2028 1240 2055 sublimi
1255 2035 1409 2062 magnoque
1418 2027 1525 2062 fragore
1540 2026 1606 2054 Jesu
1621 2026 1800 2054 resurrectio-

1008 2082 1071 2102 nem
1088 2074 1246 2101 Judaaorum
1268 2072 1409 2100 mentibus
1429 2072 1570 2105 insonans,
1598 2076 1681 2106 atque
1703 2079 1799 2099 eorum

1008 2120 1100 2148 cordis
1122 2119 1251 2154 frangens
1273 2118 1427 2145 duritiam:
1453 2118 1640 2153 haetenusque
1661 2117 1799 2145 desertam

1009 2165 1170 2193 concutiens
1184 2164 1307 2200 gentium
1322 2163 1488 2196 Ecclesiam,
1499 2163 1580 2198 eique
1597 2163 1699 2191 sensim
1715 2162 1799 2190 Verbi

1008 2210 1159 2246 evangelici
1175 2217 1286 2237 sensum
1308 2210 1446 2244 ingerens,
1463 2213 1545 2244 atque
1562 2209 1693 2244 improbae
1711 2209 1798 2244 Syna-

157 2253 242 2288 μένου
259 2252 348 2286 Λόγου
359 2252 534 2287 προσάγουσα
544 2272 551 2283 ,
565 2252 612 2278 καὶ
625 2253 656 2287 τῇ
672 2252 790 2287 ἁποὸολῇ
802 2253 853 2286 τῆς
868 2251 956 2285 ἀγνώ-

1010 2267 1082 2294 gogre
1099 2258 1214 2293 repudio
1230 2257 1346 2293 probam
1362 2262 1524 2293 gratamque
1546 2265 1674 2293 sponsam
1688 2257 1799 2286 Christo

157 2306 243 2333 μονος
271 2298 439 2332 Συναγωγῆς
473 2297 522 2332 τὴν
560 2297 719 2333 εὐγνώμονα
749 2297 954 2333 μνηστευομένη

155 2344 286 2380 Χριστῷ.

194 2389 284 2424 Δεῦρό
303 2397 360 2424 μοι,
375 2387 570 2422 μακαριώτατε
592 2387 714 2420 Ἰάκωϐε,
732 2389 746 2414 ό
768 2388 806 2423 τῷ
824 2387 956 2422 ἀπλάστῳ

156 2435 205 2462 τοῦ
219 2436 304 2471 ἤθους
321 2434 368 2461 καὶ
382 2433 537 2468 ἁγαθοειδεῖ
551 2434 597 2460 καὶ
614 2435 783 2469 μονοτρόπῳ,
798 2434 836 2469 τῷ
854 2435 894 2460 ἐνὶ
909 2434 955 2460 καὶ

156 2481 257 2516 ἀγαθῷ
282 2481 359 2516 μόνῳ
384 2480 435 2515 τὴν
450 2480 531 2514 φύσιν
547 2480 710 2515 ἀγαπηθεὶς,
726 2480 841 2507 καὶτῶν
856 2488 955 2515 πατρι-

155 2527 214 2553 κῶν
230 2527 364 2561 εὐλογιῶν
385 2526 556 2561 κληρονόμος
584 2526 767 2561 ἀποδειχθεὶς,
793 2526 841 2552 καὶ
869 2525 956 2562 ταύτῃ

155 2574 204 2600 τὸν
215 2573 271 2608 πρὸ
290 2574 445 2609 γεννήσεως
466 2572 651 2607 μεμισημένον
687 2572 770 2599 Ἠσαῦ
788 2571 956 2607 ἔτιτερνικὼς

155 2620 206 2646 καὶ
222 2618 482 2654 παρευδοκιμηκιὶις,
500 2618 539 2650 ὡς
550 2618 605 2645 τῶν
618 2619 811 2653 πρωτοτοκίων
822 2619 872 2653 τῆς
884 2618 956 2646 κατά

155 2663 270 2698 πνεῦμα
283 2664 439 2699 γεννήσεως
450 2663 611 2698 ἠξιωμένος.
625 2662 654 2689 '0
661 2663 699 2698 τῷ
710 2662 828 2698 ἀληθινῷ
849 2663 953 2696 Ἰσαὰκ,

155 2711 209 2745 τὴν
225 2710 335 2745 ἀληθῶς
349 2710 431 2745 φίλην
452 2709 527 2745 αὺτῷ
544 2710 594 2745 τῆς
607 2709 727 2740 πίστεως
742 2709 954 2745 προεισενεγκά‹

157 2765 244 2791 μενος
262 2757 378 2791 τροφὴν,
397 2755 445 2782 καὶ
460 2756 505 2782 διὰ
527 2755 608 2782 τοῦτο
625 2756 769 2782 κατέναντι
784 2754 832 2782 τοῦ
847 2755 953 2790 πατρὸς

157 2802 366 2837 εὺηρεστηκὼς,
380 2801 428 2828 καὶ
441 2801 485 2828 διὰ
507 2800 587 2827 τοῦτο
601 2800 703 2832 τελέως
717 2799 890 2835 εὐλογηθείςο
907 2800 954 2826 καὶ

198 2893 208 2907 '
229 2892 300 2921 Psa..
316 2899 408 2923 xxvut,
425 2891 451 2925 ὅ,
465 2892 492 2919 8.
530 2891 540 2908 ⁷
558 2891 628 2919 Gen.
643 2899 704 2925 xxv,
721 2891 765 2923 25,
781 2890 824 2924 27}

1005 2303 1143 2330 adhibens
1161 2303 1181 2330 ⁸.

1044 2388 1117 2416 Ades
1132 2387 1209 2420 dum,
1226 2387 1386 2415 beatissime
1405 2387 1518 2420 Jacobe,
1534 2396 1642 2415 morum
1667 2387 1800 2423 simplici-

1006 2439 1062 2462 tate
1076 2439 1104 2462 et
1120 2434 1243 2462 bonitate
1258 2438 1286 2461 et
1303 2433 1501 2465 uniformitate,
1514 2433 1540 2460 ei
1553 2433 1601 2468 qui
1619 2441 1690 2460 unus
1710 2433 1800 2460 solus-

1010 2487 1065 2515 que
1092 2483 1191 2507 natura
1215 2479 1306 2506 bonus
1330 2483 1383 2511 est,
1412 2478 1541 2511 dilectus,
1564 2481 1800 2513 paternarumque

1010 2524 1236 2553 benedictionum
1264 2524 1352 2552 haeres
1374 2524 1543 2556 eﬁ'ecte’,ac
1572 2524 1618 2559 qui
1642 2531 1675 2552 ea
1694 2525 1800 2552 ratione

1009 2571 1081 2598 Esau
1097 2575 1161 2597 ante
1177 2574 1268 2597 ortum
1281 2570 1434 2597 nativitatis
1450 2570 1513 2597 odio
1529 2570 1653 2598 habitum
1668 2570 1799 2605 supplan-

1011 2614 1124 2645 taveris,
1142 2622 1175 2641 ac
1191 2613 1279 2649 gloria
1299 2614 1486 2648 superaveris,
1509 2614 1584 2641 velut
1600 2614 1730 2641 nimirum
1751 2613 1797 2647 qui

1008 2661 1142 2696 spiritalis
1156 2660 1307 2688 nativitatis
1318 2660 1458 2695 primitiva
1469 2666 1565 2688 nactus
1580 2661 1618 2688 sis
1626 2660 1722 2693 η.ρυί
1733 2667 1801 2686 vero

1008 2706 1096 2739 Isaac,
1113 2713 1178 2734 vere
1192 2705 1231 2732 illi
1247 2710 1374 2740 acceptos
1391 2705 1454 2733 ﬁdei
1476 2706 1553 2733 cibos
1570 2705 1706 2735 intuleris,
1723 2711 1797 2730 eam-

1008 2759 1063 2787 que
1079 2751 1115 2779 ob
1139 2759 1196 2778 rem
1213 2759 1304 2779 coram
1320 2752 1401 2779 Patre
1422 2752 1570 2787 placueris,
1593 2758 1626 2778 ac
1652 2755 1797 2784 propterea
1817 2754 1821 2773 ι

1007 2797 1157 2834 perfectam
1173 2797 1395 2826 benedictionem
1406 2802 1572 2826 consecutus
1583 2797 1637 2830 sis;
1652 2796 1799 2824 frumenti-

862 2891 888 2907 ""
901 2891 980 2918 Ιὶυιιι.
998 2899 1033 2922 Ix,
1054 2889 1101 2923 ll;
1125 2889 1239 2918 llalaclt.
1254 2897 1272 2922 ι,
1290 2889 1316 2915 2.
