2072 3160
280 177 313 210 9i
885 183 1034 213 NICET/E
1052 183 1317 214 PAPHLAGONIS
1880 183 1917 214 95‘:

277 246 333 274 que
347 246 380 267 ac
399 239 456 266 vini
479 239 560 272 loco.
585 239 726 276 Unigeniti
747 247 865 276 corpore
886 246 915 269 et
938 241 1071 277 sanguine

1128 242 1194 269 ἀντὶ·
1215 242 1289 268 σίτου
1318 241 1366 268 καὶ
1390 241 1474 273 οῐνου,
1496 240 1537 274 τῷ
1554 240 1660 276 σώματι
1688 240 1736 267 καὶ
1759 241 1857 276 αῖματι
1870 249 1916 267 τοδε

277 284 481 317 constabilitus,
506 285 696 321 Dominusque
716 290 745 314 et
762 286 846 321 iudex
869 287 1069 315 contribulium

276 331 312 358 ab
324 338 358 358 eo
373 331 540 359 constitutus
554 332 575 359 ⁸.

308 376 467 410 Adesdum;
482 385 513 405 os
528 377 699 413 deiloquium
715 378 843 412 admove,
863 380 1000 408 excelsam
1019 387 1070 408 vo-

277 431 338 450 cem
355 431 388 451 ac
400 424 545 451 deisonum
563 423 715 452 immittens
735 425 888 460 eloquium,
902 426 993 460 aspira
1007 433 1070 454 ver-

278 470 345 498 bum
363 470 444 498 fidele
457 478 490 500 ac
504 478 620 503 verum;
640 479 739 506 nempe
757 471 874 499 verbum
893 477 986 500 vestra
1005 480 1073 508 apo—

279 517 370 544 stolici
384 517 508 544 muneris
522 517 676 550 functione,
692 518 749 545 sive
765 519 918 546 certamine
946 519 1070 554 dignum.

281 563 363 590 Nefas
376 563 450 590 enim
465 571 496 590 ea
512 564 634 599 aggredi,
646 572 708 599 quae
722 565 824 600 majora
835 573 917 600 quam
931 573 981 601 pro
996 565 1073 593 tenui

279 617 340 637 mea
354 609 484 637 facultate
495 614 570 637 sunt.
584 610 707 638 Mortalis
720 611 794 638 enim
811 616 908 638 temere
926 616 1003 639 natat
1015 620 1074 639 rer-

279 655 419 687 mam'bas,
447 659 478 682 ut
503 655 596 683 divina
629 655 772 692 Scriptura
799 657 923 692 loquitur
949 666 957 684 :
988 662 1074 686 status

280 706 369 728 autem
376 703 493 729 omnium
506 703 706 736 conservatoris,
714 703 814 738 inquit.
824 705 879 738 ipse
888 704 962 731 docet
973 713 1020 732 nos
1035 705 1074 733 '*.

278 748 339 775 Jam
354 748 429 775 enim
452 748 626 776 divinissimo
648 749 751 780 Verbo,
774 749 813 777 uti
829 758 941 786 semper
958 751 1074 785 deitate,

279 795 328 822 sed
343 799 372 822 et
387 795 479 822 anima
503 803 552 823 sua
574 795 745 831 intelligente
763 802 792 824 et
814 805 876 832 quae
900 798 982 825 simul
1001 798 1076 826 Deus

279 840 406 873 exsistat,
419 841 511 868 omnia
529 842 643 877 implere
657 847 798 878 satagente
813 852 820 870 :
837 851 870 870 ac
890 852 952 871 cum
967 844 1076 873 inferna

285 885 411 920 quidem,
425 894 475 913 suo
491 885 556 914 illuc
571 894 619 921 per
629 894 738 915 crucem
752 887 887 916 descensu
902 889 1027 924 impleret
1040 890 1075 918 ad

281 937 366 965 seque
397 938 503 958 summa
544 931 706 966 colligeret;
736 940 769 960 ac
796 940 893 960 rursus
928 934 1067 967 caelestia,

280 984 330 1004 sua
359 977 386 1004 in
419 978 504 1005 caelos
539 978 728 1011 exaltatione,
763 979 905 1015 majestate
937 988 986 1008 sua
1025 981 1077 1008 im-

280 1024 371 1059 pleret
393 1033 401 1051 :
430 1032 549 1060 cumque
575 1026 644 1054 adeo
669 1034 810 1062 congeneo
843 1027 966 1062 Spiritu,
993 1028 1078 1055 vehe-

279 1070 381 1097 mentis
413 1069 494 1098 llatus
525 1070 612 1099 instar
637 1079 653 1099 e
682 1072 752 1100 cmlo
785 1073 812 1100 in
839 1073 990 1108 discipulos
1027 1082 1077 1102 ve-

279 1116 382 1150 niente,
389 1124 554 1152 omnemque
564 1118 605 1146 eis
616 1126 728 1146 sensum
738 1127 770 1147 ac
777 1120 901 1155 corporis
910 1121 1076 1155 membrum,

279 1169 446 1198 omnemque
477 1167 582 1190 motum
605 1171 639 1192 ac
667 1165 857 1200 operationem
884 1166 918 1193 ad
945 1167 1076 1202 pietatem

279 1208 462 1242 complente:
487 1209 599 1244 quando
620 1210 698 1238 visus
722 1211 833 1246 quidem
860 1212 961 1248 linguis
987 1212 1076 1248 igneis

281 1253 425 1281 collucens
447 1254 734 1291 circumfulgebatur;
759 1256 871 1284 auditus
891 1265 968 1290 vero,
987 1258 1075 1286 divini

280 1299 389 1327 sonitus
403 1300 513 1335 fragore
525 1301 751 1329 sanctificabatur
763 1311 770 1329 :
785 1307 868 1338 atque
882 1303 1000 1331 olfaclus
1013 1305 1077 1340 qui-

280 1345 343 1373 dem
359 1346 482 1382 mysticis
496 1347 590 1382 gratiae
605 1347 701 1381 radiis,
714 1352 844 1383 tanquam
860 1354 999 1385 unguenta
1013 1358 1076 1385 per-

280 1391 453 1426 spirantibus
483 1392 712 1429 suavissimeque
741 1393 900 1429 fragrantia:
925 1395 1074 1429 odoribus,

280 1437 443 1472 eiliorebat;
462 1438 562 1474 linguae
574 1446 640 1466 vero
656 1439 700 1467 bis
714 1439 815 1468 eximie
837 1441 942 1473 amatae,
959 1442 1076 1476 potiori-

281 1489 336 1517 que
349 1482 487 1519 theologia
503 1484 612 1514 exeitze.
626 1484 668 1512 sic
682 1484 803 1520 Spiritus
814 1485 840 1512 vi
859 1485 894 1513 ad
905 1494 1014 1514 omnem
1028 1495 1077 1514 na-

280 1528 388 1556 tionum
404 1530 541 1558 sermonis
552 1530 608 1557 vim
621 1538 654 1558 ac
664 1531 861 1566 proprietatem
872 1533 1076 1568 componeban-

282 1579 339 1608 tur,
355 1579 387 1603 ut
402 1580 429 1604 et
444 1577 614 1605 temulentis:
625 1577 733 1612 profani
750 1586 808 1606 rem
821 1579 992 1606 ascriberent
1005 1588 1012 1606 :
1026 1587 1076 1614 per
1090 1595 1112 1624 ο

282 1629 394 1649 omnem
418 1626 512 1650 autem
532 1626 648 1656 tactum,
666 1631 832 1659 omnemque
848 1625 963 1652 rationis
984 1633 1017 1653 ac
1032 1625 1077 1652 in-

283 1667 444 1703 telligentia
454 1668 522 1702 vim,
538 1668 633 1696 divina
652 1669 807 1704 pervadens
824 1670 910 1705 gratia
923 1691 930 1704 ,
950 1674 1078 1706 totosque

284 1712 348 1740 illos
359 1721 425 1741 vere
441 1713 627 1750 undequaque
635 1715 808 1750 adimplens;
822 1721 955 1752 extraque
972 1717 1078 1752 seipsos

284 1765 316 1786 ac
349 1759 483 1787 mundum
510 1768 621 1788 omnem
651 1762 823 1789 constituens
847 1763 874 1799 (ο
901 1763 1012 1790 beatum
1050 1768 1079 1791 et

284 1805 470 1839 exoptandum
487 1814 630 1841 excessum
644 1807 650 1834 l
667 1815 683 1835 ο
699 1807 864 1835 laudabilem
883 1809 956 1836 illam
979 1809 1079 1836 immu-

285 1851 416 1878 tationem
430 1851 462 1887 l),
479 1852 551 1879 intra
567 1853 652 1880 Deum
663 1861 724 1881 esse
738 1853 857 1882 fecerat:
870 1854 980 1890 quando
994 1855 1079 1882 nimi-

286 1903 358 1926 rum,
376 1903 485 1928 eorum,
503 1905 564 1932 quae
580 1897 613 1925 ad
632 1905 681 1926 eos
695 1899 815 1933 primum
834 1898 904 1926 dicta
926 1907 941 1927 a
957 1899 1077 1934 Christo,

285 1941 403 1969 obscure
416 1947 589 1978 acceperant,
607 1951 669 1979 quae
691 1949 757 1973 tunc
774 1946 941 1981 gerebantur
954 1954 987 1973 ac
1006 1954 1079 1981 prm-

287 1988 388 2020 sentia.
411 1989 486 2016 clara
510 1989 613 2018 evictio
635 1996 736 2019 erant:
760 1999 793 2020 ac
817 2000 936 2027 quorum
952 1992 1080 2021 obscuris

286 2035 411 2070 vestigiis
427 2035 490 2064 fidei
504 2038 617 2066 umbras
630 2038 723 2065 animo
736 2037 914 2074 eﬂingebant,
929 2046 1026 2067 eorum
1040 2039 1079 2067 ibi

287 2085 354 2108 tunc
368 2081 489 2110 dilucida
503 2091 534 2110 ac
548 2084 693 2119 perspicua
712 2084 910 2119 adimpletione
929 2085 1018 2113 oculis
1028 2085 1080 2113 ob-

286 2131 426 2159 versante,
445 2129 639 2164 rationumque
655 2138 688 2157 ac
702 2130 900 2166 cogitationum
920 2131 1002 2159 missa
1027 2132 1081 2160 du-

285 2172 388 2201 bietate
416 2178 546 2210 metuque
558 2175 684 2210 deposito
702 2185 710 2204 :
735 2176 810 2204 omni
823 2176 943 2212 denique
961 2177 1080 2213 ignavia,

285 2217 416 2252 omnique
430 2218 513 2246 animi
537 2219 598 2246 labe
614 2219 733 2253 detersa,
752 2219 872 2248 caelestis
886 2220 942 2256 jam
957 2220 1078 2256 vitaegu-

285 2267 358 2290 stum
386 2263 663 2300 faciebant:quando
686 2265 766 2300 plane
783 2265 1014 2302 praemagnifienm
1042 2274 1082 2294 re-

285 2316 350 2336 vera
360 2310 483 2338 maximae
497 2311 674 2346 perfectionis
687 2312 870 2340 arrhabonem
881 2311 965 2345 nacti,
979 2312 1076 2340 certis-

289 2356 387 2385 simam
410 2358 474 2386 inde
492 2367 568 2394 spem
591 2359 846 2396 divinissimamque
858 2360 1044 2396 arripuerant.

320 2462 398 2490 Tunc
411 2471 488 2497 sane,
503 2468 570 2492 tunc
582 2472 679 2493 rursus
691 2465 832 2494 aemulatio
842 2465 913 2493 nihil
924 2465 1018 2501 priore
1028 2465 1080 2492 mi-

287 2516 351 2540 nor,
372 2509 536 2537 insolentem
552 2511 686 2546 populum
710 2511 827 2545 invasit;
844 2511 970 2547 ignisque
983 2511 1081 2538 adver-

287 2554 377 2582 sarios
386 2563 497 2588 vorans,
512 2556 700 2584 adversariam
715 2557 821 2592 Deique
834 2557 974 2585 inimicam
983 2557 1081 2585 factio-

287 2608 362 2634 nem,
375 2601 508 2630 adversus
521 2603 702 2637 apostolicam
717 2603 851 2639 (divinam
861 2603 980 2638 scilicet)
996 2603 1078 2631 ﬁdem

286 2654 320 2674 ac
339 2647 486 2675 consilium
504 2649 675 2676 accendebat
686 2648 707 2676 '.
727 2648 966 2682 Quemadmodum
985 2654 1078 2676 autem

288 2692 370 2720 initio
394 2693 607 2722 scelestissimus
631 2694 688 2728 ille,
713 2702 792 2722 suam
814 2695 879 2722 Jesu
905 2694 1078 2730 apparitione

288 2738 496 2766 convellendam
515 2740 688 2774 tyrannidem
702 2740 837 2773 sentiens,
852 2739 949 2768 ludam
964 2740 1077 2776 quidem

289 2789 321 2812 ut
334 2784 460 2820 proditor
474 2790 560 2818 esset,
576 2786 775 2819 suscitaverat;
791 2794 958 2822 onmemque
972 2787 1078 2815 incom-

290 2831 406 2866 positam
420 2832 527 2866 plebcm
542 2840 653 2867 cogens,
678 2832 712 2859 ad
737 2832 907 2860 deditionem
930 2833 1080 2869 turbasque

326 2910 412 2938 “Gen.
431 2914 570 2948 uvn,‘27.
607 2914 634 2930 "
653 2913 705 2942 Job
719 2922 801 2947 nan,
819 2914 844 2941 8.

883 2915 893 2929 ³
913 2914 964 2942 lsa.
980 2922 1050 2947 xm,
1067 2914 1108 2942 ll.

1120 287 1291 321 Μονογενοῦς
1315 286 1488 322 στηριχθείς·
1502 286 1553 313 ’καὶ
1572 285 1668 322 κύριος
1683 286 1732 312 καὶ
1751 286 1850 322 κριτὴς
1864 285 1919 312 τῶν

1121 333 1259 368 ὁμογενῶν
1274 332 1320 359 ὑπ’
1337 332 1419 359 αὐτοῦ
1431 333 1579 364 καταστάς.

1158 379 1242 414 Δεῦρό
1258 387 1315 414 μοι,
1331 379 1453 414 πρόσαγε
1468 378 1499 405 τὸ
1512 378 1644 414 θεηγόρον
1657 378 1756 413 στόμα,
1776 378 1915 413 ὑψηγόρον

1123 426 1246 461 φθέγμα,
1273 426 1321 452 καὶ
1347 425 1514 460 θεόφθογγον
1537 425 1620 456 ἐνιεὶς
1634 424 1741 457 λαλιὰν,
1759 424 1915 460 εμπνευσον

1124 473 1201 510 ῥῆμα
1216 473 1311 500 πιστὸν
1325 473 1373 500 καὶ
1387 472 1525 508 ἀληθινὸν,
1542 472 1617 508 ῥῆμα
1632 471 1683 505 τῆς
1696 471 1834 507 ὑμετέρας
1848 472 1918 498 ἀπο-

1126 520 1234 555 στολῆς,
1253 519 1302 547 εῖτ*
1324 518 1371 546 οὖν
1388 519 1529 554 ἀθλήσεως
1551 518 1642 550 ἀξιον·
1657 519 1688 544 οὐ
1708 518 1763 554 γάρ
1781 526 1826 552 μοι
1840 517 1920 552 θέμις

1124 566 1259 602 ἐγχειρεῖν
1269 568 1323 598 τοῖς
1340 567 1411 602 ὑπὲρ
1428 567 1494 601 ἐμέ·
1513 565 1623 600 Βροτὸς
1639 565 1724 601 [εἰπε.
1745 565 1919 600 Ἀνθρωπος]

1125 612 1179 647 γὰρ
1205 611 1309 646 ἄλλως
1333 612 1459 647 νήχεται
1484 612 1604 646 λόγοις,
1629 610 1701 638 κατὰ
1716 610 1766 645 τὴν
1789 610 1918 645 Γραφήψ

1125 656 1206 692 πνοὴ
1219 656 1263 689 δέ,
1273 657 1367 693 φησὶν,
1379 656 1620 691 παντοκράτορος
1630 657 1650 691 ἡ
1669 655 1860 683 διδάσκουσά
1868 664 1916 689 με.

1128 705 1208 739 Ἀρτι
1235 703 1291 740 γὰρ
1303 703 1351 731 τοῦ
1367 704 1587 740 θεαρχικωτάτου
1602 703 1703 737 Λόγου,
1719 703 1815 738 ὥσπερ
1828 702 1871 730 ἀεὶ
1883 704 1918 738 τῇ

1127 751 1246 787 θεότητι,
1260 751 1332 778 οὓτω
1348 751 1395 778 καὶ
1409 750 1481 778 κατὰ
1494 751 1544 786 τὴν
1559 749 1656 785 νοερὰν
1669 749 1753 777 αὑτοῦ
1767 748 1857 784 ψυχὴν
1872 748 1922 775 καὶ

1127 798 1252 832 ὸμόθεον,
1281 797 1312 824 τδ
1342 797 1432 824 πάντα
1449 796 1571 832 πληροῦν
1599 795 1795 831 ἐπειγομένου·
1820 794 1868 822 καὶ
1886 794 1922 821 τά

1128 844 1278 879 ὑποχθόνια
1302 843 1353 879 μὶν
1376 843 1448 871 κατά
1463 843 1512 878 τὴν
1537 844 1627 870 ἐκεῖσε
1653 842 1698 870 διὰ
1725 841 1773 869 τοῦ
1804 841 1920 877 σταυροῦ

1129 889 1242 917 κάθοδον
1257 889 1338 917 αὑτοῦ
1353 898 1383 917 τε
1400 889 1578 924 πληροῦντας.
1596 888 1643 916 καὶ
1658 888 1727 924 πρὸς
1743 888 1838 915 ἑαυτὸν
1851 889 1918 915 ἀνα-

1130 935 1358 970 κεφαλαιοῦντος·
1372 935 1406 962 τά
1428 935 1578 970 ἐπουράνια
1595 935 1625 962 δὲ
1639 934 1728 966 αὖθις,
1744 933 1789 960 διὰ
1806 933 1855 968 τῆς
1873 933 1919 960 ἐπὶ

1129 983 1194 1014 τοὺς
1219 982 1350 1018 οὐρανοὺς
1365 981 1506 1016 ὑψώσεως,
1527 983 1574 1017 τῆς
1598 981 1701 1012 οίκείας
1729 980 1919 1016 έμπιπλῶντος

1129 1027 1219 1062 δόξης,
1247 1027 1293 1054 τοῦ
1310 1026 1451 1062 συμφυοῦς
1470 1026 1501 1053 δὲ
1516 1026 1675 1061 [Ῑνεύματος
1691 1026 1805 1057 ἀνωθεν,
1825 1025 1918 1060 ὥσπερ

1131 1073 1221 1108 βιαίας
1245 1072 1330 1108 πνοῆς
1345 1073 1391 1100 ἐπὶ
1412 1073 1475 1104 τοὺς
1494 1072 1618 1108 μαθητὰς
1635 1072 1737 1104 ἐόντος,
1765 1071 1812 1098 καὶ
1829 1071 1921 1098 πᾶσαν

1129 1120 1222 1151 αὐτοῖς
1240 1119 1379 1155 αἴσθησιν,
1394 1119 1448 1146 πᾶν
1461 1127 1492 1145 τε
1508 1118 1588 1154 μέλος
1603 1117 1650 1145 τοῦ
1667 1118 1792 1153 σώματος
1808 1117 1854 1144 καὶ
1867 1117 1920 1143 πᾶ-

1130 1174 1180 1193 σαν
1210 1165 1328 1201 κίνησιν.
1357 1165 1406 1192 καὶ
1434 1165 1524 1192 πᾶσαν
1552 1163 1695 1200 ἐνέργειαν
1722 1161 1919 1197 κατορθοῦντος

1130 1210 1199 1246 πρὸς
1215 1210 1356 1238 εὐσέϐειαν
1368 1218 1375 1225 ·
1400 1209 1483 1245 ἡνίκα
1497 1208 1604 1239 τούτοις
1620 1209 1715 1245 ὅρασις
1731 1207 1781 1244 μὲν
1798 1208 1858 1239 ταῖς
1870 1216 1914 1234 πυ-

1132 1257 1220 1292 ρίναις
1257 1254 1395 1290 γλώσσαις
1426 1254 1642 1290 λαμπρυνομένη
1674 1253 1917 1289 κατηστράπτετο·

1129 1301 1198 1337 ἀκοὴ
1212 1301 1240 1328 δὲ
1256 1301 1294 1337 τῷ
1307 1301 1452 1336 ῥοιζήματι
1473 1301 1523 1335 τῆς
1537 1299 1612 1332 θείας
1625 1299 1696 1335 ἠχῆς
1716 1297 1900 1334 καθηγιάζετο
1910 1306 1917 1312 ·

1129 1349 1177 1376 καὶ
1196 1349 1330 1384 όσφρησις
1348 1347 1408 1383 μὲν,
1431 1347 1492 1378 ταῖς
1510 1347 1655 1381 μυστικαῖς
1674 1346 1764 1372 ἀκτῖσι
1776 1345 1826 1380 τῆς
1842 1345 1916 1380 χάρι-

1128 1403 1185 1425 τος.
1201 1391 1244 1421 οἵα
1265 1394 1423 1429 μυριπνόοις
1442 1392 1571 1419 ἀνέθαλλε
1588 1391 1782 1423 εὐωδεστάτοις
1803 1391 1917 1427 όσμςῖς¹

1129 1441 1250 1475 γλῶσσαι
1274 1440 1302 1466 δὲ
1326 1440 1432 1471 τούτοις
1458 1438 1606 1475 ὑπερφυῶς
1635 1437 1848 1473 θεοφορούμεναι
1873 1436 1919 1463 καὶ

1129 1487 1283 1521 κρείττονος
1295 1484 1500 1520 ὲμφορούμεναι
1516 1483 1673 1517 θεολογίας,
1694 1482 1766 1509 οὓτω
1782 1482 1852 1517 πρὸς
1865 1482 1918 1509 πᾶ-

1130 1540 1180 1558 σαν
1194 1531 1279 1558 ἐθνῶν
1303 1531 1443 1557 διάλεκτον
1474 1529 1677 1565 μεθηρμόξοντο
1705 1527 1745 1563 τῷ
1772 1527 1922 1562 πνεύματι,

1129 1575 1200 1602 ὥστε
1218 1575 1264 1603 καὶ
1279 1575 1364 1611 μέθην
1378 1576 1436 1607 τοῖς
1452 1573 1586 1611 ἀμύστοις
1601 1573 1692 1601 αὐτῶν
1713 1573 1903 1608 καταγινώσκε

1130 1621 1212 1649 σθαιο
1227 1622 1260 1648 δι’
1276 1622 1348 1657 ἁφῆς
1372 1622 1401 1649 δὲ
1427 1621 1529 1657 πάσης,
1557 1620 1605 1648 καὶ
1622 1620 1714 1656 πάσης
1728 1620 1841 1655 λογικῆς
1871 1619 1914 1647 δυ-

1136 1667 1246 1704 νάμεως
1261 1667 1309 1695 καὶ
1324 1669 1422 1704 νοερᾶς
1434 1669 1451 1703 ὴ
1466 1667 1527 1694 θεία
1541 1667 1748 1694 καταδεδωκυῖα
1770 1666 1860 1702 χάρις,
1875 1666 1928 1693 καὶ.

1130 1715 1208 1746 ὅλους
1234 1714 1268 1742 δι’
1296 1715 1358 1742 ὅλου
1386 1714 1498 1746 τούτους
1513 1713 1674 1750 ἀκραιφνῶς
1698 1713 1841 1749 πληροῦσα
1855 1722 1861 1729 ·
1876 1713 1920 1739 καΧ

1130 1761 1182 1794 ἔξω
1196 1761 1245 1796 μὲν
1261 1760 1375 1790 ἑαυτῶν.
1390 1759 1443 1794 ἔξω
1459 1760 1488 1787 δὲ
1501 1759 1548 1787 τοῦ
1563 1760 1669 1794 κόσμου
1684 1759 1843 1786 καθιστῶσα
1855 1766 1916 1784 παν-

1129 1808 1193 1840 τός·
1213 1807 1257 1843 (Ὢ
1275 1807 1415 1843 μακαρίας
1425 1807 1580 1838 ἐκστάσεως
1596 1806 1644 1832 καὶ
1665 1805 1808 1841 ζηλωτῆςι
1829 1804 1852 1831 ὣ
1875 1805 1916 1838 τῆς

1130 1854 1274 1889 ὲπαινετῆς
1288 1853 1395 1888 ἐκείνης
1413 1852 1592 1884 ἀλλοιώσεως,
1604 1851 1680 1883 ὲντδς
1695 1850 1811 1886 καθίστη
1824 1850 1892 1877 Θεοῦ
1902 1851 1908 1877 !
1914 1856 1922 1884 )

1130 1900 1212 1935 ἡνίκα
1233 1899 1286 1926 τῶν
1308 1899 1362 1926 ὑπὸ
1379 1898 1499 1934 Χριστοῦ
1515 1897 1624 1934 πρῶτον
1647 1897 1716 1933 πρὸς
1732 1897 1833 1929 αὐτοὺς
1845 1898 1920 1933 εἰρηο

1132 1946 1220 1982 μένων
1232 1946 1279 1973 καὶ
1289 1944 1418 1981 ἀμυδρῶς
1431 1944 1614 1980 ἀκουομένων,
1628 1943 1739 1978 ἐλεγχος
1752 1940 1787 1979 ἦν
1799 1942 1834 1969 τὰ
1849 1950 1921 1978 παρ-

1131 1991 1196 2018 όντα
1229 1991 1341 2026 σαφής·
1358 1989 1406 2017 καὶ
1433 1987 1471 2017 ὧν
1494 1990 1630 2026 ἀμαυροῖς
1650 1988 1736 2024 ἴχνεσι
1760 1988 1878 2018 πίστεως
1893 1987 1922 2013 ιν

1131 2037 1273 2072 λογισμοῖς
1286 2035 1434 2063 ὲνετύπουν
1461 2035 1511 2072 τὴν
1527 2034 1727 2071 σκιαγραφίαν,
1744 2033 1848 2060 τούτων
1864 2033 1923 2060 tu!

1131 2084 1192 2110 τότε
1208 2083 1295 2119 φανήν
1311 2091 1341 2109 τε
1354 2083 1403 2110 καὶ
1416 2081 1526 2117 εὔδηλον
1541 2080 1778 2115 καταθεασάμενοι
1791 2079 1841 2114 τὴν
1855 2078 1924 2113 πλή-

1134 2138 1228 2165 ρωσιν,
1241 2128 1289 2155 καὶ
1304 2128 1358 2154 τῶν
1373 2126 1511 2162 λογισμῶν
1527 2126 1577 2161 τὴν
1589 2125 1728 2161 διάκρισιν
1742 2123 1926 2154 ἀποϐαλόντες

1134 2175 1182 2203 καὶ
1197 2175 1247 2211 τὴν
1263 2173 1389 2209 διψυχίαν
1403 2173 1518 2207 ἀφέντες
1527 2192 1534 2204 ,
1553 2172 1600 2198 καὶ
1615 2171 1662 2198 τὸν
1674 2170 1757 2206 φόϐον
1769 2170 1925 2196 ἀποσκευα-

1134 2221 1257 2256 σάμενοι,
1275 2221 1322 2247 καὶ
1337 2220 1427 2246 πᾶσαν
1441 2218 1542 2245 δειλίαν
1555 2217 1602 2245 καὶ
1617 2218 1672 2245 πᾶν
1686 2217 1772 2248 πάθος
1785 2215 1925 2250 ἁποκαθη-

1101 2273 1124 2302 ο
1138 2267 1249 2303 ράμενοι
1273 2267 1324 2300 τῆς
1342 2264 1442 2300 ψυχῆς,
1470 2263 1520 2298 τῆς
1535 2263 1663 2299 οὐρανίας
1685 2261 1778 2289 λοιπὸν
1800 2259 1871 2297 ἦσαν
1896 2261 1925 2287 έν

1130 2310 1305 2346 συναισθήσει
1334 2310 1407 2344 ζωῆς
1422 2316 1429 2324 ·
1455 2310 1499 2336 ὅτε
1527 2309 1559 2345 δὴ
1577 2308 1703 2344 λαμπρὸν
1727 2307 1784 2334 όντι
1807 2306 1923 2341 μάλιστα

1125 2359 1172 2385 τὸν
1185 2357 1333 2394 ἀρραϐῶνα
1346 2357 1488 2392 δεξάμενοι
1501 2356 1551 2391 τῆς
1561 2354 1924 2390 τελειότητος,άξιολογωτά·

1128 2413 1178 2440 της
1187 2403 1312 2431 ἐντεῦθεν
1326 2402 1431 2434 ἑλπίδος
1441 2402 1488 2429 καὶ
1497 2401 1706 2436 θεοτελεστάτης
1714 2399 1921 2436 κατεδράξαντο.

1167 2464 1236 2491 Τότε
1250 2464 1294 2500 δὴ,
1309 2463 1369 2491 τότε
1382 2462 1462 2499 ζῆλος
1476 2462 1527 2498 μὲν
1537 2462 1619 2489 πάλιν
1633 2461 1682 2497 οὐχ
1694 2458 1776 2498 ἦττον
1789 2460 1836 2487 τοῦ
1849 2459 1924 2496 πρώ-

1129 2519 1187 2543 του,
1205 2511 1251 2537 τὸν
1266 2510 1428 2537 ἀπαίδευτον
1443 2508 1549 2544 εἰλήφει
1562 2508 1627 2535 λαόν
1637 2515 1644 2523 '
1661 2507 1717 2543 πῦρ
1743 2506 1773 2533 δὲ
1789 2506 1854 2538 τοὺς
1869 2506 1922 2532 ὺπ-

1129 2556 1268 2588 εναντίους
1292 2555 1504 2588 κατεσθίον,είς
1531 2553 1679 2581 ἀντίπαλον
1707 2552 1756 2580 καὶ
1788 2551 1924 2587 θεομάχον

1131 2603 1239 2638 μοῖραν,
1253 2602 1324 2629 κατὰ
1336 2601 1385 2637 τῆς
1397 2600 1577 2636 ἀποπολικῆς
1591 2600 1651 2636 ἢτοι
1664 2599 1811 2634 θεαρχικῆς
1820 2598 1923 2632 ἐξῆπτε

1129 2649 1246 2680 πίστεως
1263 2648 1311 2675 καὶ
1325 2647 1432 2684 βουλῆς.
1453 2647 1559 2682 Ὠσπερ
1573 2646 1602 2672 δὲ
1615 2645 1665 2681 τὴν
1676 2644 1764 2680 ἀρχὴν
1784 2645 1799 2671 ὸ
1820 2644 1922 2679 δυσμε-

1132 2695 1180 2731 νὴς
1195 2693 1416 2729 καθαιρουμένην
1423 2691 1506 2720 αὑτοῦ
1519 2691 1570 2727 τὴν
1584 2690 1730 2726 τυραννίδα
1746 2690 1790 2717 διὰ
1799 2690 1849 2726 τῆς
1863 2691 1923 2716 ἐπι-

1132 2741 1244 2775 φανείας
1267 2740 1428 2774 αἰσθόμενος
1438 2737 1487 2765 τοῦ
1507 2737 1608 2773 Ἰησοῦ,
1631 2737 1731 2764 Ἰούδαν
1747 2737 1796 2771 μὲν
1811 2736 1922 2772 ἤγειρεν

1132 2788 1172 2819 εἰς
1186 2787 1330 2822 προδοσίαν
1342 2794 1348 2801 ·
1366 2785 1454 2812 πάντα
1477 2783 1507 2811 δὲ
1530 2783 1576 2810 τὸν
1595 2782 1745 2810 ἀσύνθετον
1759 2781 1921 2817 ὀχλαγωγῆ-

1135 2841 1182 2865 σσς
1201 2833 1298 2868 δῆμον,
1314 2832 1353 2864 εἰς
1371 2831 1548 2858 ἐπισύστασιν
1564 2828 1697 2865 ὲξέμηνεν
1707 2835 1716 2844 ·
1740 2828 1878 2864 ἀρχιερεῖς
1891 2835 1922 2854 τε
