2072 3160
126 186 162 216 93
518 185 660 221 ORATIO
678 187 711 218 V.
725 199 760 205 —
774 187 814 218 IN
837 188 992 218 LAUDEM
1012 188 1043 218 S.
1063 187 1192 218 JACOBI
1209 187 1389 219 ZEBED/EI.
1717 185 1754 218 94

125 242 175 270 καὶ
189 240 365 276 γραμματεῖς
390 241 494 273 πάντας
520 240 623 276 ἐξῆπτε.
649 241 718 278 πρὸς
743 241 910 269 θεοκτονίαν·

966 243 1158 275 consciverat;
1170 242 1369 277 pontiﬁcesque
1380 249 1414 269 ac
1426 241 1531 269 scribas
1547 248 1644 269 omnes
1656 249 1688 269 ac
1696 241 1756 270 dei-

123 289 174 316 καὶ
187 288 202 314 ὁ
214 287 329 318 Πιλᾶτος
341 286 389 314 τὸν
404 286 493 314 ἀθῶον
506 286 633 320 ἐξεδίδου,
648 288 696 314 καὶ
708 287 733 314 οἱ
750 288 916 324 στρατιῶται

122 332 293 365 κατέπαιζον
302 340 309 348 ·
326 333 376 360 καὶ
388 333 402 360 ὁ
412 333 527 368 σταυρὸς
540 333 640 369 ὖψωτο,
654 334 702 361 καὶ
716 335 730 361 ό
745 334 848 366 δίκαιος
858 336 916 367 τοῖς

121 381 240 415 ἀνόμοις
265 380 489 416 συνεσταύριιπο·
522 381 669 408 κάντεῦθεν
690 381 777 408 ἐδόκει
808 381 858 416 μὲν
883 381 915 408 τὸ

121 427 221 462 χρῆμα
233 425 303 452 κατὰ
316 426 379 453 νοῦν
393 427 449 458 τοῖς
460 426 572 453 ἀσεϐέσι
588 428 687 462 χωρεῖν
698 448 705 460 ,
724 428 771 454 καὶ
786 427 913 454 τεθνάναι

74 503 88 510 ἢ
121 473 169 498 τδν
191 473 308 508 Ἰησοῦν,
329 473 377 500 καὶ
391 472 440 507 τὴν
450 473 533 500 αὑτοῦ
548 473 775 500 καταπαύσασθαι
791 473 913 508 διδαχὴν,

121 519 171 545 καὶ
183 518 390 553 διεσκορπίσθαι
404 519 467 550 τοὺς
496 517 620 554 μαθητάς
630 527 637 534 ·
656 519 802 546 ἐλάνθανον
817 519 846 546 δὲ
867 519 912 547 διὰ

122 564 172 599 τῆς
189 564 281 591 αὐτῶν
294 564 471 600 κακουργίας,
486 563 565 596 δόξαν
580 564 630 599 μὲν
644 564 833 597 ὁδοποιοῦντες
843 565 912 600 Χρι-

125 611 194 645 στῷ·
217 611 350 646 αἰσχύνην
362 610 392 637 δὲ
410 611 458 638 καὶ
469 610 580 647 ὀλεθρον
593 610 702 638 αἰώνιον
713 611 820 644 ἑαυτοῖς
831 620 912 647 περι-

122 656 292 691 ποιούμενοι.

159 703 269 737 Ὠσπερ
281 700 328 729 οὗν
344 702 399 738 πρὸ
411 701 459 729 τοῦ
483 701 642 737 Πνεύματος
662 702 760 731 ταῦτα.
777 702 849 729 οὕτω
863 703 912 729 καὶ

122 749 196 784 μετὰ
221 748 253 775 τὸ
275 747 399 784 Πνεῦμα,
414 749 511 784 ὶπειδὴ
525 749 557 775 τὺ
576 748 657 784 ἔργον
676 748 765 784 Ἰησοῦ
784 749 866 776 πάλιν
880 749 910 776 ὲν

118 795 179 826 τοῖς
192 793 355 826 ἀποστόλοις
378 794 423 821 διὰ
440 794 489 821 τοῦ
511 794 672 830 Πνεύματος
690 795 844 828 ἁνενεοῦτο,
863 795 911 822 καὶ

118 841 136 867 ὸ
161 842 212 876 τῆς
228 840 341 876 χάριτος
371 840 450 874 λόγος
470 840 702 877 ἐπαρρησιάζετο,
717 840 765 868 καὶ
783 840 815 867 τὸ
839 841 911 876 μέγα

119 886 217 922 θαῦμα
227 887 276 921 τῆς
282 886 456 918 ἀναστάσεως
474 886 691 921 μεγαλοπρεπῶς
698 887 781 921 ἁνεκη
786 886 908 922 ρύττετο.

119 931 153 959 οι
170 932 227 967 πρὸ
242 931 343 967 μικροῦ
353 932 382 959 δὲ
395 931 515 966 φυγάδες
529 931 578 958 καὶ
597 931 714 963 δεδιότες
733 931 782 958 καὶ
795 931 911 966 τρέμον-

118 985 178 1008 τες,
192 977 242 1004 σὺν
258 977 366 1013 μεγάλῃ
390 977 643 1013 παρρησιαζόμενοι
660 976 775 1011 δυνάμει
787 976 817 1003 τδ
836 984 909 1012 μαρ-

118 1023 216 1058 τύριον
229 1023 374 1050 ἀπεδίδουν
391 1021 431 1058 τῷ
451 1022 526 1058 Θεῷ·
538 1022 586 1049 καὶ
600 1023 614 1049 ὀ
631 1023 677 1049 ἐπὶ
691 1023 725 1058 τῇ
746 1021 843 1057 Ὡραίᾳ
862 1021 910 1048 τοῦ

119 1069 196 1103 ἱεροῦ
208 1068 283 1104 πύλῃ
299 1068 457 1104 καθήμενος
474 1068 619 1104 ἁνώρθωτο
632 1068 730 1104 χωλὸς,
750 1068 799 1095 καὶ
819 1068 851 1094 ὲκ
869 1076 911 1094 νε-

118 1115 196 1152 κρῶν
206 1115 337 1142 ἀνίστατο
361 1115 491 1148 Τασυθὰ,
508 1115 557 1142 καὶ
578 1116 654 1142 πᾶσα
673 1115 750 1148 νόσος
772 1116 820 1143 καὶ
834 1116 911 1142 πᾶσα

118 1160 245 1195 μαλακία
268 1160 298 1187 οὐ
317 1161 454 1196 προσευχῇ
481 1161 571 1196 μόνον,
587 1161 634 1188 καὶ
645 1161 737 1197 χειρὸς
751 1161 829 1193 όσίας
843 1162 911 1196 ἁφῇ,

117 1205 187 1232 ἀλλὰ
202 1205 251 1232 καὶ
273 1206 309 1240 τῇ
324 1205 389 1241 σκιᾷ
406 1205 473 1241 μόνῃ
484 1205 539 1232 τῶν
557 1205 687 1242 μαθητῶν
708 1206 890 1242 ἐθεραπεύετο
902 1215 910 1222 ·

119 1252 166 1278 καὶ
177 1252 270 1279 πάντα
283 1252 402 1284 συνόλως
419 1252 504 1286 φάναι
520 1252 555 1279 τὰ
574 1252 644 1289 ἔργα
655 1252 701 1280 τοῦ
715 1252 847 1288 Χριστοῦ.
864 1254 910 1280 καὶ

121 1297 235 1332 μείζονα
252 1293 291 1324 ὧν
307 1298 412 1329 ἐκεῖνος
429 1298 591 1334 πεποίηκεν,
606 1298 645 1330 ὡς
660 1299 677 1334 ἡ
691 1298 855 1333 ἐπαγγελία,
869 1298 909 1334 τῷ

118 1344 235 1378 ὀνόματι
245 1344 295 1371 τοῦ
309 1344 473 1372 διδασκάλου
491 1345 714 1381 κατειργάζοντο.
738 1345 849 1381 Ἐπειδὴ
864 1344 912 1373 οὖν

118 1390 206 1422 ταῦτα
223 1390 320 1417 τοῦτον
332 1390 424 1426 ὡρᾶτο
443 1391 574 1426 γινόμενα
591 1391 637 1418 τὸν
653 1391 765 1425 τρόπον,
781 1392 911 1427 ἐκμαίνε-

119 1444 168 1462 ται
187 1436 236 1471 μὲν
258 1434 338 1469 αὖθις
366 1437 380 1463 ό
398 1437 452 1463 τῶν
474 1437 563 1472 φόνων
573 1437 667 1473 πατήρ
680 1445 687 1452 ·
707 1437 870 1472 ὲκμαίνεται
882 1437 911 1464 δὲ

120 1482 170 1508 καὶ
181 1483 255 1509 πᾶσα
273 1483 290 1517 ἡ
306 1482 354 1509 ὑπ’
376 1482 475 1518 ἐκείνῳ
494 1483 722 1518 στρατηγουμινη
738 1483 908 1519 Συναγωγή·

967 289 1032 316 cidii
1050 289 1140 316 scelus
1155 289 1326 327 animaverat
1340 297 1347 315 :
1365 287 1546 322 tradebatque
1560 287 1666 315 Pilatus
1679 287 1756 316 inno-

965 335 1051 368 xium,
1064 342 1097 362 ac
1108 335 1210 362 milites
1220 334 1376 362 illndcbant
1390 342 1397 359 :
1409 334 1525 361 exaltata
1534 333 1653 368 denique
1659 341 1755 367 cruce.

963 381 1054 416 justus
1066 388 1129 408 cum
1151 380 1292 408 sceleratis
1308 380 1348 407 illi
1363 380 1489 407 conﬁxus
1505 379 1597 407 fuerat
1611 388 1618 407 :
1635 379 1756 414 hincque

965 425 1034 452 adeo
1050 433 1095 452 res
1119 433 1153 452 ex
1169 425 1262 452 animo
1286 424 1378 459 impiis
1402 423 1502 451 cedere
1525 424 1681 456 videbatur,
1709 432 1757 451 ex-

965 470 1066 498 stincto
1075 470 1151 501 Jesu,
1169 470 1230 505 ejus
1246 469 1378 504 abrogata
1395 469 1530 501 doctrina.
1555 469 1688 504 dispersis
1710 469 1755 497 di-

964 516 1088 552 scipulis.
1117 517 1151 543 At
1175 516 1366 552 imprudentes
1386 515 1509 550 nequitia
1534 523 1583 543 sua
1607 516 1756 551 pravisque

963 562 1087 589 consiliis
1112 562 1214 590 Christi
1237 562 1331 598 gloria:
1356 561 1427 588 viam
1450 562 1663 596 perstruebanl,
1691 561 1758 589 sibi-

963 615 1016 643 que
1041 608 1109 643 ipsis
1135 609 1267 643 probrum
1300 616 1333 636 ac
1357 609 1473 636 exitium
1502 612 1636 636 aeternum
1665 615 1759 636 arcesp

961 654 1071 682 sebant.

997 699 1233 733 Quemadmodum
1252 700 1336 736 igitur
1350 700 1408 728 haec
1429 705 1493 728 ante
1507 700 1655 735 Spiritum,
1675 700 1716 728 sic
1729 704 1759 729 et

961 749 1023 781 post
1045 744 1188 779 Spiritum.
1210 745 1288 778 Quod
1312 753 1432 780 namque
1455 745 1520 773 Iesu
1546 753 1616 780 opus
1638 745 1759 780 Spiritus

961 799 1077 819 munere
1099 792 1127 819 in
1151 792 1282 826 apostolis
1307 799 1416 820 rursum
1442 791 1666 824 instaurabatur,
1693 800 1754 819 ma-

960 845 1098 873 gnumque
1146 838 1356 866 resurrectionis
1396 839 1562 866 miraculum
1610 838 1755 874 magniﬁce

961 883 1170 918 praedicabatur.
1177 884 1229 918 Qui
1238 884 1319 919 paulo
1327 889 1390 912 ante
1396 884 1512 919 profugi,
1521 884 1623 920 pavidi,
1631 888 1739 912 tremen
1746 898 1755 905 ο

962 934 1003 958 tes
1012 935 1102 963 erant,
1114 938 1175 958 cum
1187 938 1283 966 magna
1294 930 1395 957 virtute
1409 930 1497 964 palam
1513 931 1659 965 loquentes
1681 929 1759 957 testi-

959 977 1082 1004 monium
1101 977 1158 1004 Deo
1174 976 1327 1004 reddebant
1338 977 1369 1004 ¹⁰.
1381 976 1432 1010 Qui
1444 976 1478 1003 ad
1487 980 1593 1012 portam
1601 975 1759 1011 Speciosam

959 1023 1051 1057 templi
1069 1022 1183 1050 claudus
1197 1022 1321 1055 sedebat,
1336 1027 1460 1055 erectus;
1471 1022 1588 1049 Tabitba
1603 1030 1619 1049 a
1641 1022 1759 1051 mortuis

957 1068 1088 1096 suscitata
1101 1068 1151 1095 "*2
1168 1068 1282 1097 morbus
1297 1069 1387 1096 omnis
1399 1063 1429 1097 et
1445 1068 1684 1103 languor,lnedum
1694 1075 1761 1103 pre-

957 1115 1037 1143 cibus
1050 1123 1082 1143 ac
1098 1120 1201 1143 sancta:
1216 1123 1313 1143 manus
1329 1119 1469 1148 contactu,
1487 1115 1536 1142 sed
1549 1119 1578 1142 et
1595 1115 1653 1142 sola
1667 1114 1752 1143 disci-

961 1162 1090 1198 pulorum
1101 1162 1200 1190 umbra
1214 1162 1375 1190 curabatur.
1386 1162 1476 1197 Atque
1488 1165 1519 1189 ut
1533 1169 1641 1189 summa
1652 1161 1753 1194 dicam,

962 1212 1062 1236 cuncta
1073 1207 1177 1236 Christi
1187 1215 1283 1243 opera.
1299 1207 1368 1242 quin
1382 1211 1411 1235 et
1427 1208 1530 1242 majora
1541 1215 1623 1242 quam
1636 1206 1681 1234 ille
1692 1214 1759 1242 ope-

961 1257 1037 1282 ratus
1045 1258 1106 1281 erat
1122 1255 1184 1289 (pro
1196 1261 1230 1281 eo
1237 1261 1270 1281 ac
1281 1253 1371 1281 fuerat
1379 1252 1529 1288 pollicitus)
1539 1252 1568 1280 in
1581 1252 1703 1287 magistri
1714 1259 1762 1280 no-

960 1300 1034 1328 mine
1047 1300 1149 1328 liebant
1159 1299 1225 1327 ‘°’"‘.
1244 1299 1322 1333 Quod
1343 1299 1438 1334 itaque
1450 1299 1509 1326 haec
1523 1306 1587 1326 eum
1605 1299 1633 1326 in
1646 1298 1761 1326 modum

962 1346 1023 1374 ﬁeri
1035 1346 1231 1378 cernebantur,
1248 1346 1342 1373 furore
1358 1353 1454 1373 rursus
1468 1344 1626 1373 incenditur
1639 1344 1758 1372 cadium

959 1397 1075 1425 auctor;
1097 1391 1259 1420 accenditur
1273 1395 1302 1418 et
1315 1391 1354 1418 illi
1375 1390 1580 1419 succenturiata
1596 1390 1687 1418 omnis
1706 1390 1758 1425 Sy-

960 1446 1075 1474 nagoga.
1086 1438 1217 1466 Vibratur
1227 1438 1345 1473 gladius,
1359 1445 1440 1465 arcus
1452 1436 1594 1470 tenditur;
1615 1437 1755 1472 rumphea

960 1484 1110 1512 suscitatur
1119 1492 1153 1512 ac
1169 1484 1271 1511 bellum
1288 1483 1421 1511 adversus
1434 1483 1586 1510 Ecclesiam
1607 1482 1754 1511 conﬂatur.

121 1531 168 1556 ut
180 1530 197 1563 ή
213 1531 339 1565 μάχαιρα
360 1529 526 1564 πιλδοῦται,
546 1531 595 1558 καὶ
618 1530 736 1558 τείνεται
755 1531 786 1557 τὸ
813 1530 902 1565 τόξον,
921 1532 968 1559 καὶ
981 1532 1105 1568 ῥομφαία
1118 1533 1165 1559 καὶ
1183 1532 1302 1567 πόλεμος
1331 1531 1489 1567 ἃρῤιπίζετο
1522 1530 1596 1558 κατὰ
1627 1530 1678 1566 τῆς
1696 1530 1761 1558 Ἐκ-

121 1576 247 1611 πλησίας.

152 1622 271 1658 Πρῶτον
295 1621 344 1656 μὲν
357 1619 413 1653 οὖν,
437 1622 648 1657 παραγγελίαις,
664 1623 802 1656 ἀπειλαῖς,
818 1623 905 1658 φυλα-

993 1623 1117 1651 Primum
1131 1624 1226 1659 igitur,
1238 1623 1392 1659 praeceptis,
1406 1622 1501 1661 minis,
1513 1622 1685 1656 carceribus,
1699 1623 1760 1658 pla-

115 1669 192 1699 καῖς,
227 1668 348 1702 πληγαῖς
361 1687 369 1700 ,
393 1667 456 1699 τοὺς
475 1668 564 1703 ίεροὺς
586 1667 633 1695 τοῦ
655 1669 742 1703 Λόγου
769 1669 911 1703 θεολόγους

114 1713 233 1748 οίομένη
245 1714 351 1747 φοϐεῖν,
361 1713 535 1741 ἀναστέλλειν
550 1714 642 1741 αὐτῶν
651 1714 684 1750 (ὣ
698 1715 748 1750 τῆς
764 1715 908 1747 ὰσεὸείαςί

115 1760 139 1787 ὦ
154 1760 207 1793 τῆς
225 1760 389 1795 σκαιότητος
401 1761 422 1793 l)
436 1761 567 1795 ἐπειρᾶτο
587 1760 636 1796 τὴν
655 1760 804 1795 θεολογίαν.
831 1761 911 1787 Ἐπεὶ

115 1806 145 1833 δὲ
169 1805 280 1837 τούτοις
303 1806 344 1837 είς
367 1805 457 1841 μάτην
479 1806 612 1841 ᾐσθάνετο
638 1807 758 1834 πονοῦσα
772 1815 779 1822 ·
800 1807 831 1834 οὐ
855 1808 910 1843 γὰρ

116 1853 236 1888 μανίαις
258 1853 384 1888 ἀφρόνων
403 1852 435 1879 τὺ
452 1853 531 1879 Θεῖον
555 1853 755 1889 περιτρέπεται
767 1861 775 1868 ⁸
804 1854 866 1880 οὐδὲ
884 1854 910 1880 0i.

116 1898 232 1932 ἀληθεῖς
247 1898 343 1925 τούτου
367 1899 434 1934 ῥᾷον
459 1898 603 1925 ὑπείκουσι
632 1900 777 1935 συνήγοροι
791 1907 799 1915 ο
822 1897 867 1926 οἷα
880 1899 909 1926 δὲ

114 1944 243 1979 ἄργυρος
273 1945 307 1980 τῇ
337 1944 460 1980 πυρὼσιι
485 1945 692 1981 καθαιρόμενοι,
718 1945 909 1980 εὐφωνοτέραν

115 1990 167 2024 τῆς
188 1990 311 2022 πίστεως
332 1991 435 2017 οῐδασιν
458 1991 612 2025 ἀποδιδόναι
634 1991 683 2027 τὴν
702 1991 844 2026 φθογγήν
866 1990 911 2018 διὰ

114 2035 201 2062 τοῦτο
217 2035 268 2071 τὴν
281 2036 382 2071 συνήθη
394 2036 486 2063 λοιπὸν
499 2038 540 2068 είς
553 2036 708 2072 ὑπόμνησιν
723 2036 819 2072 εἴληφε
834 2045 910 2072 μιαι-

115 2082 217 2118 φνλνίαν
232 2090 240 2097 ·
255 2082 305 2109 καὶ
315 2082 347 2118 δὴ
359 2082 434 2118 ζήλῳ
444 2082 657 2118 προφητοκτόνῳ
668 2081 909 2118 διαθερμανθεῖσα,

114 2129 231 2163 πρῶτον
246 2127 297 2162 μιν
320 2128 405 2160 λίθοις
418 2128 566 2156 κατόλιυσε
584 2128 630 2155 τὸν
648 2128 796 2163 Στέφανον,
809 2126 853 2155 οἷα
865 2128 910 2155 δε-

119 2175 189 2201 21M
218 2174 395 2210 καλλιιρημα
419 2174 513 2201 τοῦτον
540 2175 693 2211 μιαιφόνοις
729 2174 910 2212 ίερουργοῦσα

113 2222 225 2257 χερσὶν,
240 2221 291 2257 τὴν
305 2222 376 2258 ὑπὲρ
389 2222 444 2249 τῶν
464 2222 604 2258 θυομένων
618 2223 830 2259 χριστοπρεπῶς
842 2224 910 2252 ἀναο

113 2269 239 2302 φέροντα
250 2268 417 2304 προσευχήν.

961 1669 1013 1705 gis,
1031 1677 1125 1697 sacros
1140 1669 1222 1698 Verbi
1238 1670 1380 1705 theologos
1394 1676 1424 1697 se
1438 1669 1483 1696 illa
1507 1668 1667 1696 territuram
1701 1669 1761 1697 exi-

963 1716 1100 1749 stimans;
1113 1715 1234 1751 ipsorum
1249 1721 1277 1750 (ο
1291 1715 1458 1750 impietatem
1471 1715 1478 1742 l
1494 1714 1627 1742 oconsilii
1637 1714 1764 1749 maligni-

962 1766 1047 1790 tatem
1065 1762 1072 1789 !
1087 1764 1094 1796 )
1107 1761 1229 1790 divinam
1241 1761 1367 1789 inhibere
1377 1761 1532 1789 doctrinam
1544 1761 1696 1788 nitebatur.
1710 1760 1762 1789 Ubi

961 1812 1053 1835 autem
1067 1807 1169 1835 frustra
1179 1815 1208 1836 se
1219 1808 1312 1835 conari
1324 1808 1457 1835 sensisset
1468 1808 1534 1842 (non
1543 1807 1617 1834 enim
1629 1806 1677 1834 Dei
1691 1813 1760 1834 con-

962 1854 1055 1882 silium
1071 1854 1262 1889 insipientium
1279 1854 1372 1882 furore
1388 1854 1536 1885 evertitur,
1550 1861 1603 1881 nec
1618 1852 1699 1880 facile
1716 1861 1763 1880 ce-

962 1899 1040 1931 dant,
1049 1900 1097 1935 qui
1112 1899 1185 1927 illius
1197 1900 1254 1927 veri
1269 1900 1378 1935 patroni
1391 1907 1422 1927 ac
1432 1899 1592 1928 defensores
1606 1901 1760 1928 exsistunt:

961 1945 1010 1973 sed
1021 1946 1093 1973 sicut
1105 1950 1249 1981 argentum
1259 1946 1320 1981 igne
1329 1946 1523 1981 depurgatum,
1533 1954 1661 1974 sonoram
1673 1946 1762 1981 magis

962 1991 1026 2019 ﬁdei
1036 1999 1132 2019 vocem
1145 1992 1260 2020 reddere
1271 1997 1421 2020 sueverunt
1432 1992 1452 2027 ).
1482 1992 1588 2020 Idcirco
1600 1997 1761 2020 consuetam

962 2039 1055 2066 animo
1071 2039 1173 2074 repetit
1183 2038 1299 2066 caedium
1311 2039 1366 2066 vim
1385 2047 1418 2066 ac
1429 2039 1561 2067 saevitiam
1575 2048 1582 2066 :
1598 2044 1681 2075 atque
1692 2041 1761 2068 adeo

961 2084 1155 2118 mmulatione,
1187 2092 1240 2120 qua
1261 2085 1415 2120 prophetas
1442 2085 1587 2113 occiderat
1616 2093 1760 2120 succensa,

961 2131 1083 2166 primum
1100 2130 1212 2166 quidem
1228 2131 1367 2166 lapidibus
1381 2131 1477 2159 obruit
1499 2131 1682 2167 Stephanum,
1695 2137 1759 2160 tan-

962 2185 1046 2213 quam
1060 2177 1168 2205 scilicet
1182 2177 1345 2213 placabilem
1358 2177 1477 2205 hostiam
1489 2177 1614 2206 cruentis
1630 2178 1761 2205 manibus

962 2223 1041 2251 illum
1056 2223 1211 2254 immolatis.
1225 2223 1272 2258 qui
1286 2222 1389 2251 Christi
1404 2223 1531 2258 exemplo
1548 2230 1600 2258 pro
1611 2223 1759 2251 immolan-

962 2269 1039 2297 tibus
1052 2276 1151 2304 preces
1159 2268 1294 2296 ollerebat
1303 2269 1335 2296 “.

150 2315 320 2349 Γευσαμένη
333 2314 362 2341 δὲ
379 2314 428 2342 τοῦ
441 2315 620 2343 ἀποστολικοῦ
635 2316 751 2351 αἵματος
764 2316 780 2352 ὴ
795 2316 906 2351 ἐναγὴς,

993 2314 1082 2342 Gustu
1107 2317 1237 2350 percepto
1262 2314 1407 2350 apostolici
1432 2314 1595 2350 sanguinis,
1619 2314 1759 2343 scelestis-

115 2361 163 2388 καὶ
181 2360 302 2395 ἡσθεῖσα
329 2361 440 2396 κομιδῇ,
455 2358 498 2389 οἷα
522 2362 614 2396 ἐκείνη
636 2362 681 2389 ἀεὶ
703 2364 760 2395 τοῖς
774 2363 907 2395 τοιούτοις

115 2405 336 2441 ἔπιτερπομένη,
355 2406 470 2441 ἐμελέτα
483 2407 532 2442 μὲν
553 2407 669 2439 πάντας,
689 2408 716 2434 εἰ
729 2416 760 2443 γε
782 2408 907 2442 δυνατὸν,

117 2451 165 2478 ιπὶ
189 2451 232 2478 τῶ
263 2449 419 2486 ὁμοιώματι
438 2451 655 2488 διαχειρίσασθαι
680 2453 830 2487 Στεφάνου,
859 2454 910 2480 οὐκ

115 2494 192 2531 εἶχεν
206 2497 237 2523 δὲ
251 2500 327 2529 ὅπως
338 2498 388 2532 τὴν
399 2497 484 2533 αὐτῆς
496 2498 615 2534 μελέτην
634 2499 804 2530 συντελέσαι,
816 2498 908 2534 ὁρῶσα

115 2542 156 2578 μὴ
174 2542 299 2570 καθ’ἒνα
324 2543 365 2578 τῷ
387 2543 458 2579 λόγῳ
477 2544 541 2575 τοὺς
563 2544 742 2576 πιστεύοντας
764 2544 911 2580 προστιθε-

115 2589 230 2623 μένους,
243 2589 312 2618 ἀλλὰ
323 2590 396 2616 κατὰ
410 2590 513 2625 χιλίους
525 2599 556 2617 τε
570 2591 620 2618 καὶ
643 2591 758 2626 μυρίους
777 2591 827 2626 τὴν
846 2591 910 2618 Ἐχ-

112 2634 237 2670 χλησίαν
254 2635 298 2662 διὰ
313 2636 368 2662 τῶν
389 2637 551 2671 προστατῶν
575 2636 623 2664 τοῦ
644 2637 726 2670 λόγου
740 2645 909 2674 συγκροτου-

113 2680 205 2716 μένην
220 2682 268 2708 καὶ
282 2682 502 2718 πληθυνθμένην.

149 2726 187 2754 Τί
198 2725 246 2753 οὖν
263 2729 356 2761 ποιεῖς
370 2726 426 2764 ἄρα
442 2729 496 2765 γὰρ
511 2729 616 2766 ἡττήθη
643 2731 694 2766 τῆς
712 2729 768 2758 τῶν
785 2730 907 2766 σημείων

109 2773 356 2810 θεοπρετυότητοςς
387 2773 432 2811 ἆρ’
449 2775 536 2803 ἔδεισε
551 2777 600 2803 τὸν
626 2777 815 2813 ὑπερηφάνοις
828 2778 904 2804 ἀντι-

110 2820 299 2856 τασσόμενον,
313 2823 456 2854 ταπεινοῖς
472 2822 501 2850 δὲ
513 2823 593 2859 χάριν
618 2823 821 2859 ιπιμετροῦντα
835 2832 844 2858 ;
860 2824 906 2851 τὸν

961 2360 1041 2392 sima,
1061 2367 1150 2395 eoque
1170 2359 1321 2395 plurimum
1340 2360 1475 2388 delectata
1487 2381 1495 2393 ,
1513 2365 1543 2388 ut
1560 2368 1622 2396 qua!
1636 2360 1759 2388 caedibus

963 2413 1072 2441 semper
1085 2405 1177 2441 gavisa
1186 2405 1309 2438 esset,.id
1322 2406 1395 2433 serio
1409 2406 1558 2441 cogitabat,
1571 2407 1634 2434 utsi
1649 2407 1756 2440 liceret,

958 2451 1017 2487 pari
1030 2449 1249 2486 cum'Stephano
1264 2459 1331 2479 nece
1343 2457 1459 2479 cunctos
1472 2452 1591 2480 tolleret.
1603 2452 1673 2480 Cum
1686 2461 1754 2481 vero

959 2497 1106 2525 consilium
1123 2498 1236 2533 implere
1251 2506 1306 2526 non
1320 2503 1432 2533 posset:
1448 2499 1550 2534 quippe
1565 2507 1621 2526 non
1634 2499 1758 2535 singulos

959 2544 994 2571 ad
1017 2543 1098 2571 fidem
1129 2551 1162 2571 ac
1188 2544 1342 2571 doctrinam
1363 2544 1585 2579 amplectendum
1605 2545 1755 2578 accedere;

958 2590 1007 2617 sed
1027 2590 1146 2617 millenis
1164 2590 1297 2625 denisque
1320 2590 1442 2618 millibus
1459 2598 1509 2625 per
1521 2590 1600 2618 verbi
1620 2591 1754 2626 praesules

959 2636 1064 2671 pariter
1071 2636 1219 2672 adjunctis,
1230 2636 1381 2665 Ecclesiam
1398 2636 1511 2665 conflari
1530 2644 1563 2665 ac
1577 2636 1753 2672 multiplicari

961 2682 1085 2711 videbat.

992 2729 1064 2763 Quid
1081 2737 1148 2765 ergo
1166 2730 1231 2757 facit
1242 2730 1255 2757 τ
1273 2729 1344 2758 Num
1363 2730 1465 2759 divinis
1477 2731 1565 2767 signis
1586 2729 1658 2758 victa
1683 2735 1751 2756 con-

957 2777 1057 2804 cessit?
1065 2784 1180 2812 operum
1189 2776 1310 2804 novitate
1318 2777 1330 2797 ν
1341 2777 1488 2813 splendore
1494 2782 1652 2805 sermonum
1660 2774 1672 2801 ?
1679 2773 1750 2802 Num

956 2831 1018 2851 cum
1035 2823 1137 2857 timuit,
1151 2823 1199 2858 qui
1213 2824 1341 2860 superbis
1355 2823 1460 2852 resistit
1473 2827 1501 2851 et
1516 2819 1669 2851 humilibus
1685 2827 1749 2858 gra-

151 2911 175 2926 "
186 2910 247 2941 Act.
262 2921 299 2948 tv,
315 2912 360 2947 33;
375 2920 413 2947 Ix,
425 2912 468 2940 56.
515 2914 555 2930 ¹⁰⁴¹
569 2915 629 2943 Act.
646 2923 684 2948 ιιι,
701 2915 727 2948 7;
741 2924 766 2948 ι’,
789 2915 828 2942 l5.
878 2914 910 2930 '"

961 2923 1022 2943 nan.
1035 2923 1089 2946 xw.
1113 2915 1155 2942 10.
1197 2916 1216 2932 ¹¹
1231 2915 1290 2944 Act.
1307 2923 1342 2948 τι,
1354 2915 1379 2942 7.
