2072 3160
308 162 344 194 95

914 159 1061 190 NICETIE
1078 159 1343 190 PAPHLAGONIS

1901 155 1936 185 96

307 219 374 247 tiam
386 217 504 245 tribuit?
519 217 629 245 Fortem
644 217 720 245 illum
735 217 762 245 in
774 217 863 249 bellis,
876 216 1055 244 clariﬁcatum
1068 216 1096 243 in

1158 215 1277 251 ιραταιὺν
1290 216 1319 242 ὲν
1335 213 1478 249 πολέμοις
1506 214 1552 241 τὸν
1562 213 1766 252 ’δεδοξασμένον
1789 214 1819 240 ἐν
1836 213 1936 248 ἁγίοις,

306 264 428 297 sanctis,
453 263 610 291 mirabilem
632 263 660 290 in
683 264 840 298 majestate;
867 263 946 298 cujus
970 262 1100 297 potentiae

306 311 473 338 documenta
499 310 585 337 multa
604 313 764 344 acceperat;
786 313 870 344 atque
888 316 904 336 a
929 317 1018 344 pugna
1035 316 1097 336 cum

305 356 362 384 Deo
379 355 505 384 destitit?
523 355 634 383 Minime
657 355 800 390 gentium:
826 354 874 382 sed
898 355 970 383 sicut
991 355 1098 390 pridem

306 402 424 429 Pilatum
447 401 553 433 adiens,
578 408 688 428 crucem
709 408 741 428 ac
762 403 895 431 mortem,
914 399 1098 427 Sodomorum

307 448 521 482 Goniorrbaeque
534 446 702 473 clamoribus
716 446 848 473 adversus
860 446 907 473 Dei
919 446 1039 473 Verbum
1050 453 1099 480 po-

308 496 447 527 poscerat,
471 492 511 518 sic
533 496 626 526 postea
648 491 682 518 ab
702 491 810 519 Herode
831 492 891 527 ejus
911 491 1099 526 apostolorum

308 546 414 568 lienem.
425 538 539 572 supplex
556 538 694 573 ﬂagitabat
707 538 738 564 ".

343 584 436 611 Nulla.
454 584 555 615 aiebat.
575 583 661 615 nulla,
677 592 723 610 rei:
735 584 843 618 optime,
856 584 928 618 genti
941 587 993 610 tua:
1004 582 1099 610 salutis

304 636 373 663 spes.
397 628 588 661 Concidimus;
610 629 758 663 periimus:
785 628 900 663 periculo
927 629 1037 656 uertitur
1067 636 1100 655 ne

306 681 414 708 prorsus
432 682 447 699 a
462 673 530 708 facie
550 673 742 708 discipulorum
761 673 824 700 Iesu
843 673 995 707 deﬁciamus
1012 681 1044 700 ac
1059 673 1100 700 in-

307 723 448 746 tereumus.
465 719 524 746 Non
539 720 605 746 satis
619 721 680 754 fuit,
694 719 763 755 quod
782 719 828 746 ille
842 721 927 746 adhuc
941 720 1028 747 uiuens
1043 724 1102 755 post

306 774 334 791 se
346 765 453 800 plebem
468 766 591 792 seduxit:
607 767 652 792 sed
666 767 710 801 qui
729 774 758 792 eo
774 766 933 801 familiarius
954 767 1006 798 usi,
1025 766 1100 793 illius

307 811 433 838 doctrina
447 816 638 844 successerunt,
654 816 774 838 nostram
783 812 967 839 dementarunt
979 817 1081 847 gentem
1091 821 1101 840 :

307 855 443 883 duodecim
467 857 549 884 tribus
578 862 681 884 nostras
704 858 874 892 perdiderunt
892 866 900 884 :
920 866 1015 892 parum
1030 858 1101 885 abest

1150 262 1195 288 τὸν
1209 261 1366 296 Θαυμαστὸν
1389 261 1418 286 ἐν
1444 260 1544 293 δόξαις,
1560 258 1590 287 οὗ
1611 260 1695 286 πολλα
1719 260 1769 294 τῆς
1794 259 1938 294 δυνάμεως

1150 307 1262 343 εἴληφεν
1275 306 1474 342 ὑποδείγματα,
1493 307 1542 333 καὶ
1560 307 1608 333 τοῦ
1634 307 1778 341 θεομαχεῖν
1793 306 1936 341 ὑπανεχώ-

1150 362 1234 389 ρησεν
1245 361 1253 385 ;
1266 352 1398 388 Οὐδαμῶς
1410 361 1417 367 ·
1434 352 1529 388 ὥσπερ
1547 353 1576 380 δὲ
1601 353 1640 389 τῷ
1665 353 1773 388 Πιλάτῳ
1786 353 1938 388 προσιοῦσα

1150 398 1257 435 πρώην,
1277 399 1393 434 σταυρόν
1404 408 1433 425 τε
1449 399 1496 425 καὶ
1517 399 1632 425 Θάνατον
1646 400 1674 424 ὲν
1696 399 1833 433 κραυγαῖς
1853 399 1935 425 Σοδό-

1152 454 1210 481 μων
1225 446 1273 473 καὶ
1288 445 1430 481 Γομόῤῥας
1444 445 1516 472 κατὰ
1527 445 1574 471 τοῦ
1587 445 1657 471 Θεοῦ
1670 445 1757 479 Λόγου
1776 447 1936 481 παρῃτεῖτο,

1149 491 1222 519 οὕτω
1242 491 1312 527 μετὰ
1332 491 1420 518 ταῦτα
1435 499 1473 526 τῳ
1505 491 1612 527 Ἡρώδῃ
1637 491 1858 527 προσπίπτουσα,
1886 492 1936 526 τὴν

1150 538 1222 565 κατὰ
1239 537 1293 564 τῶν
1313 537 1469 565 ἀποστόλων
1482 536 1566 564 αὑτοῦ
1586 538 1766 572 κατελιπάρει
1775 538 1895 571 σφαγήν.

1189 583 1330 617 Οὐδεμία,
1346 582 1472 616 λέγουσα,
1487 581 1526 615 τῷ
1548 582 1627 610 ἔθνει
1646 589 1716 614 σου,
1731 582 1870 616 κράτιστε
1882 582 1938 614 βα-

1151 628 1249 660 σιλεῦ,
1263 629 1386 663 οὐδεμία
1397 629 1546 662 σωτηρίας
1559 628 1656 660 ἐλπίς.
1677 627 1935 661 Διαπεπτώκιιμεν.

1150 673 1361 709 ἀπολώλαμεν.
1379 674 1600 708 Κινδυνεύομεν
1624 672 1803 707 οἰχήσεσθαι
1832 674 1939 700 τέλεον

1151 721 1200 747 καὶ
1221 720 1491 755 διαφθαρήσεσθαι,
1512 720 1572 746 ἀπὸ
1587 719 1749 754 προσώπου
1767 719 1827 745 τῶν
1843 721 1941 753 μαθη-

1150 766 1209 794 τῶν
1223 767 1276 794 τοῦ
1299 767 1412 800 Ἰησοῦ.
1426 767 1487 793 Οὐκ
1499 765 1676 800 ἀπέχρησεν
1690 764 1806 797 ἐκεῖνος
1826 765 1869 791 ἔτι
1884 764 1942 794 ζῶν

1152 813 1248 840 ὀπίσω
1262 813 1355 840 αὐτοῦ
1372 813 1424 839 τὸν
1439 811 1518 839 λαὸν
1541 810 1727 845 ὺποπλανᾷν
1742 819 1748 826 ·
1764 811 1823 837 νῦν
1834 810 1868 837 δὲ
1882 810 1942 843 τὴν

1147 859 1268 886 ἐκείνου
1279 858 1409 892 διδαχὴν
1418 859 1445 885 οὶ
1456 858 1642 893 ὡμιληκότες
1664 856 1744 890 αὐτῷ
1765 857 1941 892 διαδεξάμε-

308 900 372 935 quin
388 901 515 936 populum
529 910 633 928 onmem
649 901 799 928 allexerint.
817 902 993 936 Defectionem
1012 912 1028 930 a
1041 903 1100 930 Ca:-

1158 914 1208 935 rat,
1229 904 1402 938 ἐξέστησαν
1419 905 1452 930 τὸ
1477 904 1565 937 ἔθνος
1595 903 1698 938 ἡμῶν·
1727 903 1892 930 ἀπώλεσαν
1909 902 1942 930 τὸ

306 957 368 976 δον-ε
380 949 471 974 docent
483 957 491 980 ;
507 949 535 974 in
551 949 718 982 majestate":
738 951 812 975 tuam
826 949 1009 975 contumeliosi
1021 953 1100 981 sunt;

307 995 425 1030 patriam
439 993 521 1028 legem
536 999 664 1021 evertunt.
678 993 765 1029 Neque
778 994 806 1020 id
820 994 909 1025 modo,
921 1002 1011 1021 verum
1021 995 1101 1021 etiam

1154 951 1369 985 δωδεκάφυλον
1398 949 1492 984 ἡμῶν.
1514 949 1631 983 Ὀλίτου
1649 949 1715 975 δεῖν
1739 948 1855 981 πάντας
1872 948 1942 975 ἐπε-

1154 997 1312 1023 σπάσαντο
1327 995 1398 1029 τοὺς
1412 996 1518 1028 λαούς.
1542 995 1750 1022 Ἀποστιισίαν
1757 995 1816 1022 ἀπὸ
1829 995 1942 1021 Καισα-

307 1041 336 1068 in
354 1041 441 1076 ipsum
460 1040 544 1067 Deum
561 1040 673 1068 Patruini
692 1041 767 1076 impii
787 1040 930 1072 exsistunt,
950 1041 994 1075 qui
1010 1040 1101 1068 Iesum

1158 1051 1205 1074 οος
1234 1042 1479 1069 ἐκδιδάσκουσιν.
1506 1041 1584 1076 Πρὸς
1607 1040 1665 1074 τὴν
1694 1040 1757 1074 σὴν
1778 1039 1945 1072 ,βασιλείαν

307 1086 394 1119 illum,
417 1087 462 1122 qui
476 1086 617 1121 cruciﬁxus
637 1091 686 1119 est,
709 1086 809 1121 faciant
831 1086 925 1114 Deum.
941 1086 999 1114 Nisi
1016 1088 1099 1121 igitur

308 1134 390 1165 ocius,
405 1142 495 1169 regum
509 1134 634 1165 ntaxime,
648 1133 752 1168 justam
767 1133 820 1160 illis
833 1142 938 1169 plenam
951 1134 1092 1169 inflixeris,

308 1179 446 1214 conspicua
459 1180 498 1206 rei
516 1179 602 1206 malus
619 1180 703 1206 exitus
717 1179 776 1206 erit.

1153 1087 1370 1121 ἐξυϐρίζουσιν,
1402 1086 1457 1114 τὸν
1484 1087 1624 1122 πατρῷον
1657 1086 1800 1113 ἀθετοῦσι
1834 1085 1942 1119 νόμον.

1151 1134 1205 1161 Καὶ
1214 1135 1250 1161 οὺ
1252 1135 1358 1168 μόνον,
1370 1133 1452 1161 ἀλλὰ
1463 1133 1511 1160 καὶ
1517 1135 1562 1166 εὶς
1573 1132 1668 1160 αὐτὸν
1676 1132 1729 1159 τὸν
1737 1131 1798 1158 τῶν
1806 1131 1942 1165 πατέρων

1152 1181 1297 1208 ἀσεϐοῦσι
1314 1181 1399 1213 Θεὸν,
1420 1181 1475 1207 τὸν
1495 1178 1724 1214 ἐσταυρωμένον
1737 1178 1856 1205 ἐκεῖνον
1873 1179 1943 1204 θεο-

308 1223 466 1256 ποιοῦντες
487 1223 620 1258 Ἰησοῦν.
633 1224 724 1258 Εἴπερ
735 1222 792 1251 οὖν
805 1223 848 1259 μὴ
866 1223 974 1252 θᾶττον
987 1224 1089 1258 αὐτοῖς
1109 1225 1166 1259 τὴν
1183 1226 1273 1258 ἀξίαν
1292 1226 1391 1260 δίκην,
1422 1224 1445 1253 ὦ
1473 1225 1596 1260 μέγιστε
1608 1223 1754 1256 βασιλεῦ,
1777 1222 1942 1256 ἐπιϐαλεῖς,

308 1272 354 1303 εἰς
369 1271 535 1304 περίοπτον
548 1270 581 1297 τὸ
596 1270 695 1305 χρῆμα
712 1271 798 1298 τοῦτο
812 1271 976 1304 καταλήξει
986 1272 1091 1300 κακόν.

345 1315 416 1349 Quid
426 1317 509 1351 igitur
516 1324 582 1343 vero
595 1317 678 1344 simili
687 1318 846 1352 conjectura
857 1317 958 1344 dixisse
968 1317 1103 1345 Herodem

312 1362 487 1399 putabimus?
503 1362 572 1395 Quid
588 1371 649 1389 vero
659 1371 745 1398 opera:
759 1364 873 1398 pretium
888 1363 1038 1398 faciamus?
1053 1363 1103 1396 Qui

311 1413 400 1436 autem
409 1408 533 1435 adversus
542 1413 646 1435 tantam
660 1409 795 1435 hominum
803 1409 909 1435 turbam
919 1410 977 1435 neci
986 1409 1103 1436 dandam

311 1453 486 1489 procedentes,
501 1461 553 1480 non
566 1454 696 1489 majorem
708 1462 805 1481 noxam
814 1454 966 1489 malumque
974 1454 1104 1489 difficilius

312 1499 522 1527 reddiderimas?
534 1500 566 1526 At
584 1508 636 1526 non
652 1501 775 1527 adversus
786 1508 874 1527 omnes
887 1500 1000 1535 penitus,
1013 1500 1102 1532 aiunt,

313 1546 459 1581 potentiam
467 1550 582 1572 vestram
591 1546 747 1572 exsuscitari
756 1546 904 1573 hortamur.
914 1545 987 1572 Nam
996 1550 1106 1580 praeter-

312 1600 393 1626 quam
406 1592 476 1626 quod
492 1599 533 1618 res
548 1591 712 1626 difﬁcillima,
732 1599 817 1626 neque
833 1592 899 1626 forte
914 1591 1013 1619 Caesari
1029 1596 1107 1626 grata

1192 1320 1225 1346 Ti
1240 1317 1286 1347 οὖν
1310 1318 1496 1354 διανοηθῶμεν
1520 1319 1656 1355 Ἡρώδην,
1682 1318 1721 1351 ὡς
1741 1318 1827 1352 εἰκὸς,
1843 1318 1941 1353 φάναι;

1160 1366 1189 1393 Τί
1204 1365 1237 1392 δὲ
1243 1365 1386 1399 ποιητέον
1399 1365 1472 1400 ἡμῖν
1482 1373 1491 1396 ;
1503 1365 1566 1398 πῶς
1577 1365 1612 1392 δὲ
1620 1365 1696 1392 κατὰ
1708 1365 1855 1391 τοσούτου
1868 1364 1945 1399 πρὸς

1157 1412 1277 1446 σφαγὰς
1294 1411 1389 1445 ὄχλου
1400 1411 1579 1446 χωροῦντες,
1604 1412 1640 1438 οὐ
1651 1410 1738 1446 μείζω
1748 1411 1806 1445 τὴν
1819 1410 1945 1444 ,βλάϐην

1158 1458 1207 1484 καὶ
1243 1457 1466 1491 ἀργαλεώτερον
1493 1457 1737 1491 ἀπεργασαίμεθα
1762 1456 1794 1484 τὸ
1828 1457 1944 1490 κακόν,

1165 1503 1247 1531 Ἀλλ’
1263 1505 1298 1530 οὐ
1314 1503 1391 1530 κατὰ
1409 1503 1531 1530 πάντων
1541 1502 1648 1537 ἄρδην,
1663 1502 1741 1536 φασὶ,
1754 1502 1787 1529 τὸ
1800 1502 1948 1537 ὑμέτερον

1160 1549 1268 1583 κράτος
1282 1548 1483 1582 διαναστῆναι
1496 1547 1702 1582 παραινοῦμεν
1717 1555 1723 1562 ·
1739 1546 1790 1573 καὶ
1807 1547 1860 1581 γὰρ
1871 1547 1948 1581 πρὸς

1160 1595 1200 1628 τῷ
1214 1596 1358 1630 δυσχερεί
1371 1594 1425 1621 τοῦ
1441 1594 1625 1629 πράγματος,
1648 1593 1712 1621 οὐδ’
1727 1593 1808 1626 αὐτῷ
1825 1593 1863 1620 ἂν
1878 1592 1947 1626 ἀρέ-

314 1637 369 1672 fore
385 1637 522 1668 uideatur;
544 1637 623 1663 tantis
637 1637 734 1664 scilicet
747 1638 860 1664 ciuilibus
874 1638 1007 1664 civitatem
1025 1638 1106 1673 pollui

1160 1649 1211 1668 σιιι
1249 1641 1288 1673 τῷ
1322 1643 1448 1674 Καίσαρι
1465 1640 1622 1672 τοσούτοις
1644 1640 1750 1672 αἵμασι
1773 1638 1830 1672 τὴν
1855 1638 1948 1664 πόλιν

315 1692 347 1710 ac
357 1683 519 1717 deformari:
534 1683 580 1710 sed
591 1683 705 1718 insignes
716 1684 773 1718 ejus
786 1683 926 1719 discipulos
938 1683 1009 1719 (sunt
1020 1689 1110 1712 autem

314 1729 356 1756 illi
369 1729 504 1756 duodecim
516 1737 635 1762 numero,
645 1738 710 1765 quos
724 1734 747 1756 et
759 1729 830 1764 plebs
841 1731 925 1757 omnis
940 1731 1037 1758 erroris
1050 1740 1109 1758 ma-

315 1775 410 1810 gistros
431 1775 517 1810 habet)
540 1776 601 1807 hos,
625 1776 649 1801 si
668 1776 727 1802 duci
744 1776 868 1809 iusseris,
890 1785 935 1803 rea:
952 1776 1108 1810 clarissime,

317 1825 372 1848 tum
385 1821 467 1848 Deum
478 1822 620 1855 propitiant
631 1822 746 1853 habebis,
757 1827 811 1848 tum
823 1823 894 1850 omni
905 1824 976 1857 genti
986 1828 1110 1858 pacatam

316 1868 398 1894 vitam
415 1866 538 1902 largieris
548 1875 557 1900 ;
570 1868 679 1903 ejusque
691 1876 737 1894 nos
754 1868 870 1902 beneficii
889 1877 1026 1902 memores,
1043 1878 1109 1904 gra—

317 1913 370 1940 tias
395 1921 477 1948 quam
504 1914 635 1940 "mximas
658 1914 798 1946 habentes,
823 1915 938 1941 debitam
962 1915 1044 1942 uicem
1067 1923 1110 1942 re-

316 1959 470 1995 pendemus.

352 2055 414 2083 Mox
425 2055 508 2090 igitur
518 2054 641 2083 Herodes
657 2054 778 2090 pessimo
791 2055 837 2082 illo
858 2054 1005 2083 instinctus
1019 2055 1112 2084 consi~

318 2101 367 2134 lio,
382 2101 545 2137 injustitiam
559 2101 741 2136 parturiebat.
757 2102 844 2128 Porro
857 2101 967 2137 concipit
979 2101 1110 2135 dolorem,

319 2152 345 2174 et
363 2148 433 2183 parit
450 2148 618 2182 iniquitatem
629 2147 661 2173 ".
679 2147 836 2174 Mandatum
850 2147 989 2182 accipiunt
999 2148 1111 2180 milites,

320 2193 472 2228 positisque
485 2192 622 2220 cuniculis
631 2192 738 2220 insidiae
750 2198 905 2220 struuntur.
915 2193 1030 2228 Jamque
1043 2193 1113 2221 adeo

321 2239 522 2274 discipulorum
540 2238 631 2271 turba,
649 2239 708 2274 ejus
723 2239 875 2266 vexationis
890 2247 971 2267 causa
985 2247 1046 2274 quae
1060 2239 1112 2266 sub

323 2284 463 2320 Stephano
481 2284 552 2312 facta
567 2289 637 2317 erat,
653 2284 849 2320 Hierosolymis
868 2285 985 2317 relictis,
1008 2292 1112 2319 perque

322 2331 390 2358 alias
409 2335 487 2358 extra
509 2330 593 2358 urbes
612 2335 695 2365 atque
719 2331 820 2365 oppida
841 2331 888 2358 alii
907 2331 961 2358 alio
982 2331 1112 2366 dispersi,

321 2377 447 2404 veritatis
459 2377 612 2404 doctrinam
631 2377 752 2405 secundo
765 2383 865 2405 conatu
883 2377 1068 2413 praedicabant
1081 2376 1112 2403 ν’.

322 2423 436 2458 Magnus
446 2428 540 2450 autem
550 2423 680 2457 Iacobus,
692 2431 755 2451 cum
767 2432 817 2459 per
829 2424 983 2451 universam
993 2423 1115 2451 Judzeam

323 2473 352 2497 et
368 2469 516 2501 Galilaeam,
540 2470 581 2497 uti
593 2478 658 2497 vere
680 2470 794 2498 tonitrui
811 2469 899 2503 ﬁlius},
920 2469 968 2497 Dei
991 2469 1115 2503 Evange-

324 2514 392 2542 lium
413 2515 514 2542 clarius
532 2515 712 2548 intonuisset,
731 2515 1007 2551 Hierosolymitanam
1020 2515 1116 2542 Eccle-

325 2561 395 2588 siam
409 2561 550 2589 invisurus
572 2562 672 2589 iterum
692 2570 818 2590 reversus
836 2567 886 2590 est.
912 2561 1034 2596 Repente
1048 2568 1114 2596 ergo

325 2606 439 2634 militari
459 2614 542 2634 manu
559 2607 727 2643 corripitur,
748 2612 829 2642 atque
846 2607 963 2635 Herodis
982 2607 1113 2634 tribunali

326 2654 444 2681 sistitur.
469 2653 593 2689 Cumque
610 2655 732 2682 atrocius
748 2654 858 2690 injuriis
873 2654 988 2689 petitus,
1003 2654 1116 2689 probris

326 2701 493 2736 complutus,
520 2701 683 2729 verberibus
709 2701 899 2733 exanimatus,
926 2700 1011 2728 etiam
1031 2705 1114 2736 atque

325 2747 410 2775 etiam
422 2747 568 2782 juberetur
584 2748 697 2775 omnino
718 2756 817 2782 negare
837 2747 993 2779 Christum;
1014 2747 1056 2774 sin
1075 2746 1115 2773 illi

326 2801 388 2822 esse
407 2798 494 2822 morte
509 2793 639 2822 luendum
657 2802 663 2819 :
683 2793 860 2828 Impossibile,
880 2793 1055 2825 exclamavit,
1076 2793 1116 2819 υἱι

366 2882 386 2897 ¹¹
400 2882 469 2910 Gen.
481 2890 556 2916 xvm,
569 2883 614 2910 ‘20.
652 2883 673 2899 "
689 2881 759 2910 Psal.
780 2890 829 2915 vn,
847 2881 888 2910 15.
931 2881 1021 2910 ιδΛοι.
1033 2889 1091 2914 \‘lll,
1106 2881 1131 2908 l.

1159 1688 1289 1723 μιαίνειν
1304 1688 1352 1714 καὶ
1368 1687 1511 1721 ἁχρειοῦν
1525 1695 1531 1701 ·
1549 1686 1621 1719 τοὺς·
1648 1685 1818 1719 ἐπισήμους
1833 1684 1867 1710 δὲ
1883 1683 1945 1710 τῶν

1160 1734 1254 1760 αὐτοῦ
1270 1733 1422 1767 μαθητῶν.
1442 1732 1559 1759 Δώδεκα
1584 1731 1619 1758 δὲ
1637 1732 1690 1758 τὸν
1709 1731 1834 1765 ἀριθμὸν
1853 1728 1947 1762 οὗτοι,

1162 1778 1207 1812 οἷς
1235 1780 1308 1806 καὶὸ
1327 1779 1386 1812 πᾶς
1414 1779 1506 1813 ὄχλος
1531 1779 1680 1812 ἑπόμενος
1711 1776 1948 1805 ἀποπλανᾶται·

1162 1827 1299 1858 τούτους.
1318 1823 1356 1867 ὦ⁵⁸
1364 1825 1554 1860 λαμπρότατε
1566 1823 1711 1856 βασιλεῦ,
1732 1824 1759 1850 εὶ
1773 1822 1948 1857 ἀπαγάγοις,

1162 1872 1240 1905 ἕξεις
1250 1872 1308 1906 μὲν
1323 1872 1377 1898 τὸν
1404 1871 1479 1898 Θεὸν
1496 1870 1628 1904 εὐμενῆ·
1651 1870 1712 1902 ὅλῳ
1741 1868 1776 1895 δὲ
1801 1869 1842 1901 τῷ
1867 1868 1950 1895 ἔθνει

1162 1917 1316 1951 ειρηναίαν
1340 1917 1416 1951 ζωὴν
1429 1915 1529 1951 χαριῇ·
1553 1915 1603 1942 και
1628 1923 1678 1942 σοι
1702 1914 1758 1948 τῆς
1774 1914 1951 1948 εὐεργεσίας

1162 1964 1271 1996 ταύτης
1284 1964 1431 1998 μεγίστην
1447 1963 1558 1996 ειδότες
1575 1961 1679 1997 χάριν,
1704 1961 1870 1995 ἀξιόχρεων
1888 1960 1950 1986 εισ-

1161 2009 1286 2043 οισομθν
1303 2009 1440 2044 ἀμοιϐήν.

1199 2055 1276 2091 ’Ἅμα
1300 2055 1388 2082 τοίνυν
1419 2056 1452 2090 τῇ
1475 2054 1584 2089 πονηρᾷ
1612 2053 1706 2088 βουλῇ,
1743 2052 1792 2078 καὶ
1826 2050 1951 2086 Ἡρώδης

1163 2102 1240 2129 ὢδινε
1264 2102 1313 2137 τὴν
1329 2101 1445 2128 ἀδικίαν.
1475 2099 1685 2134 Συλλαμόἀνει
1705 2098 1739 2125 δὲ
1758 2099 1864 2128 πόνον,
1880 2097 1952 2124 ἀνυ-

1161 2149 1234 2182 μΙαν
1250 2148 1284 2174 δὲ
1299 2148 1392 2174 τίκτει
1406 2155 1412 2162 ·
1429 2148 1476 2173 καὶ
1489 2147 1514 2172 οἱ
1533 2145 1699 2181 στρατιῶται
1716 2143 1950 2180 παρηγγέλλοντο,

1164 2195 1212 2222 καὶ
1225 2196 1240 2221 ὁ
1251 2194 1328 2229 λόχος
1344 2193 1518 2229 ἡτοιμάζετο,
1532 2192 1580 2218 καὶ
1604 2191 1636 2218 τὸ
1652 2191 1759 2226 ἔνεδρον
1778 2189 1950 2217 κατεσκευά-

1164 2241 1235 2273 ζετο.
1255 2240 1291 2267 To
1301 2240 1403 2274 πλῆθος
1416 2240 1465 2273 μὲν
1485 2236 1532 2266 οὖν
1552 2238 1608 2265 τῶν
1625 2237 1765 2273 μαθητῶν,
1780 2236 1825 2263 διὰ
1837 2236 1886 2271 τὴν
1901 2236 1952 2262 ἐπὶ

1164 2287 1203 2322 τῷ
1217 2286 1344 2322 Στεφάνῳ
1359 2285 1458 2320 Θλίψιν,
1480 2285 1530 2320 τὴν
1546 2284 1726 2320 Ἰερουσαλὴμ
1740 2282 1951 2313 καταλιπόντες,

1166 2333 1213 2359 καὶ
1227 2332 1295 2367 πρὸς
1310 2332 1360 2364 τὰς
1384 2331 1437 2364 ἔξω
1453 2331 1545 2362 πόλεις
1557 2331 1605 2357 καὶ
1623 2329 1720 2365 κώμας
1735 2329 1811 2356 ἄλλοι
1832 2329 1952 2355 διασπα-

1165 2379 1259 2414 ρέντες
1271 2377 1399 2413 ἀλλαχοῦ,
1414 2377 1460 2404 τδν
1485 2377 1565 2411 λόγον
1582 2377 1635 2412 τῆς
1654 2375 1783 2411 ἀληθείας
1810 2375 1952 2409 ἐπεκηρυ-

1165 2425 1278 2452 κεύοντο
1293 2432 1301 2440 ⁸
1320 2423 1446 2454 Ἰάκωϐος
1460 2423 1487 2449 δὲ
1498 2423 1512 2450 ό
1526 2422 1624 2457 μέγας,
1643 2422 1737 2456 ἐπειδὴ
1754 2421 1815 2448 καθ’
1825 2420 1889 2454 ὃλην
1901 2419 1954 2454 τὴν

1171 2470 1303 2497 Ἰουδαίαν
1315 2478 1346 2496 τε
1362 2475 1409 2496 και
1425 2468 1581 2501 Γαλιλαίαν,
1597 2467 1634 2499 ὡς
1646 2467 1761 2503 βροντῆς
1776 2466 1833 2497 υἱὸς
1844 2464 1955 2499 ἀληθῶς

1165 2516 1216 2548 ὣν,
1232 2515 1316 2542 τὺτοῦ
1330 2515 1398 2542 Θεοῦ
1410 2515 1576 2548 Εὑαγγέλιον
1590 2512 1780 2549 ὲμὸροντήσας
1796 2510 1950 2545 γεγωνότε-

1166 2571 1222 2596 ρον,
1256 2562 1306 2596 τὴν
1336 2562 1364 2588 ὲν
1396 2560 1598 2596 Ἱεροσολύμοις
1626 2559 1705 2590 αὖθις
1732 2556 1952 2591 ἐπισκεψόμενος

1166 2608 1315 2642 ἐκκλησίαν
1335 2607 1471 2641 ἐπανῆγεν
1490 2615 1496 2621 ·
1519 2605 1724 2640 συναρπάζεται
1753 2603 1803 2638 μὲν
1819 2601 1954 2637 ἐξαπίνης

1164 2653 1236 2691 χειρὶ
1243 2651 1475 2688 στρατιωτικῇ,τῷ
1488 2651 1609 2686 Ἡρώδου
1619 2651 1647 2676 δὲ
1657 2650 1761 2685 βήματι
1772 2649 1952 2685 προσάγεται·

1163 2701 1192 2732 ὃς
1201 2701 1248 2727 καὶ
1256 2699 1352 2736 ὕϐρεσι
1362 2698 1534 2735 βαλλόμενος,
1543 2697 1590 2724 καὶ
1596 2696 1709 2723 ὀνείδεσι
1719 2695 1894 2730 πλυνόμενος,
1904 2693 1954 2720 καὶ

1167 2746 1294 2782 μάστιξιν
1307 2744 1479 2779 ὲταζόμενος,
1500 2744 1549 2770 καὶ
1563 2740 1821 2778 παραγγελλόμενος
1840 2749 1953 2775 παραγ-

1167 2792 1245 2828 γελία
1259 2792 1432 2820 παντάπασιν
1453 2789 1615 2825 ἐξόμνυσθαι
1632 2788 1677 2815 τὸν
1691 2786 1822 2823 Χριστὸν,
1842 2785 1859 2820 ἢ
1871 2785 1957 2812 (tina-
