2072 3160
136 194 171 225 5"!
527 195 668 224 ORATIO
685 195 718 224 V.
734 207 769 212 —
785 194 824 223 ΙΝ
846 194 889 223 LA
897 193 1001 223 UDEM
1023 194 1050 223 S.
1070 193 1198 224 JACOBI
1218 194 1399 225 ZEBEDIEI.
1737 195 1772 226 98

135 259 184 277 τον
209 249 382 284 ἐπηρτῆσθαι
414 251 464 284 τὴν
486 250 599 284 ζημίαν,
620 249 801 284 Ἀμήχανον,
817 249 917 283 E35661}-

980 257 1039 275 rum
1053 249 1098 284 qui
1113 248 1202 276 sobria
1218 249 1375 284 impurtitus
1388 253 1493 277 ratione
1505 250 1549 279 sit.
1565 250 1669 286 optione
1688 250 1770 285 facta,

134 304 193 328 σεν,
211 295 306 329 ἄνδρα
318 297 476 329 σώφρονος
496 296 662 330 μετέχοντα
675 295 836 329 λογισμοῦ,
859 294 917 320 eis

977 297 1096 323 tenebras
1112 296 1165 323 luci
1178 297 1327 331 anteferre;
1343 302 1504 332 mortemque
1517 297 1571 324 vita
1584 298 1712 332 potiorem
1722 297 1772 323 du-

133 343 208 368 σθαι
219 341 277 376 μὲν
290 342 325 367 ἐν
339 341 500 375 συγκρίσει
514 342 570 368 τὸν
584 340 698 367 σκότον
714 340 790 374 ὑπὲρ
806 340 838 367 τὸ
853 340 915 374 φὼς

977 349 1057 368 cere:
1074 341 1150 376 longe
1171 350 1232 368 vero
1254 341 1368 377 amplius
1390 342 1511 368 abhorret
1531 347 1560 368 ut
1583 342 1616 368 sit
1639 341 1769 377 possibile,

133 387 268 414 θάνατον
280 387 314 413 δὲ
326 387 429 414 θέσθαι
447 387 660 421 προτιμότερον
674 386 728 420 τῆς
739 386 823 420 ζωῆς.
845 386 914 412 Ἀδυ

977 394 1046 415 eum,
1062 387 1106 421 qui
1122 386 1185 413 Jesu
1198 386 1295 413 Christi
1310 386 1422 413 Deitatis
1434 395 1465 413 ac
1480 386 1649 413 beatitudinis
1664 394 1770 413 sensum

131 433 303 466 νατώτερον
330 433 364 459 δέ
391 432 507 465 πολλῷ,
534 433 588 459 τὸν
602 433 636 459 ὲν
654 432 858 464 συναισθήσει
874 431 917 465 τῆι

978 433 1077 466 luerit,
1090 433 1273 459 universorum
1287 432 1360 459 aliud
1370 433 1507 468 quidpiam
1519 432 1565 459 illo
1579 433 1707 465 sanctius,
1724 440 1770 459 seu

138 479 244 512 Ἰησοῦ
260 480 314 506 τοῦ
330 479 459 512 Χριστοῦ
476 480 629 512 θειότητος
648 478 697 505 καὶ
710 478 917 513 μακαριότητος

979 478 1117 505 dilectione
1129 478 1233 513 ﬁdeque
1245 479 1273 505 in
1287 479 1384 513 ipsum,
1403 479 1508 514 dignius
1525 479 1662 505 arbitrari.

129 528 309 562 γενόμενον,
331 527 409 553 ἄλλο
434 535 462 553 τι
478 526 539 553 τῶν
563 527 685 553 πάντων
700 526 819 553 ἐκείνου
836 525 1087 560 σεϐασμιώτρρον,
1104 526 1122 560 ἡ
1138 526 1193 560 τῆς
1219 527 1263 560 είς
1292 526 1382 553 αὑτὸν
1418 526 1538 561 ἀγάπης
1571 526 1620 552 καὶ
1639 526 1768 559 πίστεως

129 575 350 608 ἀξιοθεώτερον
363 576 547 609 ἡγήσασθαι.

166 624 288 650 οὔκουν
299 623 333 656 ὃς
342 632 375 658 τε
383 624 590 650 πεπίστευκεν
603 623 637 649 ἐκ
652 622 727 650 Θεοῦ
739 631 771 649 τε
785 621 917 657 γενέσθαη

1011 622 1082 648 Absit
1112 622 1207 656 igitur,
1224 626 1252 648 ut
1274 623 1317 657 qui
1339 630 1429 649 rerum
1448 623 1516 648 hanc
1537 622 1735 648 universitatem
1752 631 1768 649 α

128 671 201 697 τοδε
213 671 246 696 τό
258 670 331 701 πᾶν,
346 670 395 696 καὶ
410 670 478 704 παρ’
493 670 588 696 αὐτοῦ
603 669 745 696 δεδόσθαι
766 668 917 703 προφήτας

975 668 1029 694 Deo
1049 668 1182 694 conditam
1197 668 1289 699 credit,
1307 672 1385 702 atque
1400 669 1432 694 ab
1444 675 1472 694 eo
1490 668 1564 694 datos
1581 668 1720 702 prophetas
1736 677 1768 694 ac

129 717 180 743 καὶ
209 717 304 750 νόμον
324 716 359 742 ἐν
382 715 516 750 Ἰσραὴλ,
544 716 599 742 τὸν
628 716 783 750 ἀγαπητὸν
810 715 914 741 δύναιτ

976 713 1058 747 legem
1079 714 1106 739 in
1129 712 1238 744 lsraele,
1256 712 1398 744 dilectum,
1418 712 1534 747 ejusdem
1552 721 1583 739 ac
1600 712 1646 739 ille
1663 717 1766 739 natum

133 763 175 790 ἂν
187 761 345 796 ἀρνεῖσθαι
362 761 411 788 καί
428 761 555 796 συμφυῆ
573 762 624 788 καὶ
643 761 807 796 μονογενῆ,
828 760 866 787 δι’
884 759 917 788 οὗ

974 761 999 784 et
1016 757 1193 792 Unigenitum,
1212 766 1259 793 per
1271 766 1348 793 quem
1364 759 1468 784 condita
1488 759 1591 790 omnia,
1610 766 1668 793 qua
1686 759 1766 786 Pater

133 809 236 835 πάντα
254 808 390 843 γέγονεν,
400 808 418 835 ἅ
427 807 481 841 τῆς
489 807 582 841 δόξης
590 809 735 842 πεποίηκε
746 808 856 842 Πατὴρ,
874 807 917 834 καὶ

974 802 1066 837 gloriae
1085 803 1216 835 condidit,
1235 807 1259 829 et
1273 803 1300 829 in
1320 811 1370 838 quo
1387 807 1508 829 constant
1529 804 1629 835 omnia,
1645 811 1764 838 unquam

126 853 164 879 ἐν
174 849 200 886 ᾧ
212 853 386 887 συνέστηκε
399 853 434 880 τὰ
442 853 550 880 πάντα.
564 853 655 880 Τοῦτο
668 854 764 887 μόνον
771 853 917 886 λυπηρὸν,

974 855 1071 882 negare
1085 848 1174 882 possit.
1190 847 1276 875 Unum
1289 847 1372 880 nobis,
1385 856 1441 880 rex,
1459 848 1506 874 hoc
1519 847 1671 881 molestum;
1682 857 1765 876 unum

131 896 157 926 ὦ
167 898 313 930 βασιλεῦ,
329 898 416 925 τοῦτο
439 899 568 932 θλίψεως
582 898 769 933 ὴμῖναῖτιον,
784 899 828 925 ὅτι
843 898 925 930 ἅπαξ

124 944 236 978 μόνον,
249 944 320 971 ἀλλ’
333 944 370 970 οὐ
391 944 533 978 μυριάκις
559 944 637 978 ὑπὲρ
655 943 710 976 τῆς
729 943 833 986 ’λησοῦ
856 945 923 971 θεό-

76 1012 81 1015 .
125 998 220 1023 τητος
239 990 288 1016 καὶ
300 989 395 1023 δόξης
408 989 574 1017 ἀποθανεῖν
587 990 731 1018 δυνατόν.

164 1036 280 1068 τούτοις
301 1036 348 1062 τὸν
375 1035 548 1072 μιαρώτατον
567 1036 789 1072 ἐμΰροντηθέντα
808 1037 855 1064 καὶ
871 1046 922 1072 μα-

126 1082 222 1111 νέντα,
237 1081 363 1117 παρευθὺ
377 1081 504 1108 κελεῦσαι
519 1081 613 1107 τοῦτον
633 1082 797 1116 ἀπαγαγεῖν,
814 1082 860 1108 καὶ
872 1083 921 1117 τὴν

127 1128 282 1155 πανολᾶαν
313 1129 404 1162 χάραν
429 1128 554 1163 μαχαίρᾳ
572 1129 677 1162 τεμεῖν.
702 1128 738 1154 Οὺ
765 1128 921 1163 θαυμαστὸν

123 1175 153 1201 δὲ
168 1175 192 1200 εἰ
204 1175 220 1200 ὁ
239 1174 291 1208 τῆς
315 1174 424 1206 ἀδικίας
445 1174 566 1209 πυθμὴν,
592 1175 605 1200 ό
623 1174 745 1206 ὁδοποιδς
763 1174 810 1201 τοῦ
834 1176 921 1202 Ἀντι-

125 1221 255 1255 χρίστου,
275 1221 289 1246 ὁ
309 1220 361 1255 τῆς
379 1220 506 1251 ἀσεϐείας
526 1220 684 1256 πληρωτὴς,
712 1221 741 1247 οὺ
763 1222 919 1257 θαυμαστὸν

128 1266 154 1291 εἰ
166 1266 215 1297 τὰς
238 1267 335 1300 χεῖρας
362 1265 410 1291 ἐπὶ
434 1266 498 1296 τοὺς
520 1266 687 1298 ἀποστόλους
705 1266 854 1299 ὲπιὸαλὼν,
873 1267 919 1293 τὸν

127 1311 215 1343 δεξιὸν
231 1311 321 1337 ἀνεῖλε
334 1312 385 1346 τῆς
406 1311 571 1346 Ἐκκλησίας
587 1312 725 1347 ὀφθαλμόν
737 1321 743 1327 ·
759 1313 816 1339 ἀλλ’
831 1313 919 1339 ὲκεῖνο

128 1357 369 1393 θαυμασιώτερον,
396 1357 472 1393 εἰμὴ
492 1358 532 1389 είς
558 1358 701 1392 οἰκοδομὴν
728 1358 806 1384 τοῦτο
822 1358 917 1393 μείζω,

125 1404 177 1431 καὶ
191 1404 274 1439 νίκην
290 1403 375 1438 αὐτῆς
400 1403 637 1437 περιφανεστέραν
656 1403 832 1438 ᾠκονόμητο·
867 1403 915 1429 καὶ

127 1449 191 1477 οὐδὲ
219 1449 301 1476 τοῦτο
327 1449 447 1483 τοσούτῳ
473 1447 642 1483 θαυμαστὸν,
677 1450 740 1475 ὅσον
760 1450 784 1475 εί
809 1448 846 1483 μὴ
862 1449 919 1479 τοῖς

129 1495 249 1531 Χριστοῦ
269 1495 401 1527 διώκταις
417 1494 543 1521 ἐντεῦθεν
558 1495 576 1530 ἡ
596 1494 771 1531 πανωλεθρία
783 1495 919 1521 tutatast-

131 1549 200 1568 σται.

168 1586 299 1617 Ἰάκωϐος
330 1587 379 1622 μὲν
402 1583 449 1613 οὗν
465 1587 719 1622 ὁμακαριώτατος,
752 1586 789 1617 ὡς
822 1586 917 1621 ἀρνίον

123 1633 241 1664 ἄκακον,
255 1633 294 1664 ὡς
309 1632 447 1668 πρόϐατον
462 1633 588 1668 ἄμωμον,
600 1633 688 1659 ὀπίσω
702 1632 749 1659 τοῦ
767 1633 854 1668 ἀμνοῦ
869 1631 917 1659 τοῦ
930 1622 954 1654 c

122 1679 194 1706 Θεοῦ
210 1679 401 1713 σφαγιασθεὶς,
424 1681 470 1706 καὶ
484 1680 527 1706 διὰ
540 1679 587 1706 τοῦ
605 1679 754 1716 αρχιερὲως
766 1679 813 1705 τοῦ
830 1679 917 1714 μεγά-

122 1725 173 1752 λου
193 1726 278 1752 θυσία
305 1726 393 1758 ζῶσα,
418 1725 516 1761 λογικὴ
538 1734 569 1753 τε
587 1726 635 1752 χαὶ
658 1725 759 1760 Θελητὴ
783 1725 822 1760 τῷ
835 1725 917 1757 ζῶντι

121 1771 186 1808 Θεῷ
211 1772 445 1807 προσενεχθεῖσα,
477 1772 645 1808 ἑπρὲσσευσε
672 1772 722 1807 μὲν
752 1771 820 1806 ὑπὲρ
862 1771 917 1799 τῶν

122 1818 299 1851 ἀποστόλων,
322 1818 490 1854 ὲπρέσᾶευσε
510 1818 539 1845 δὲ
569 1819 640 1854 ὑπὲρ
659 1818 708 1853 τῆς
740 1817 914 1853 Ἐκκλησίας·

122 1866 183 1896 τοῖς
204 1864 268 1899 μὲν,
292 1864 322 1890 τὸ
336 1864 418 1900 ἔργον
445 1864 601 1891 εὐοδοῦσθαι
611 1865 661 1899 τῆς
675 1864 846 1898 ἀποστολῆς·
865 1864 916 1900 τὴν

121 1911 162 1943 δὲ,
184 1911 238 1945 τῆς
263 1909 412 1945 Ἰουδαϊκῆς
433 1910 653 1937 ἀπαλλάττεσθαι
674 1910 850 1945 μιαιφονίας·
868 1909 915 1936 καὶ

123 1956 280 1991 ῥήγνυσθαι
302 1956 353 1991 μὲν
380 1956 444 1987 τοὺς
469 1955 510 1991 τῷ
534 1955 696 1990 Εὑαγγελίῳ
722 1955 912 1991 μαχομένους·

121 2001 291 2037 λυτροῦσθαι
304 2002 332 2028 δὲ
351 2003 415 2033 τοὺς
435 2001 612 2032 εὐδοκοῦντας
625 2001 709 2037 αὐτῷ.

158 2048 273 2083 Ταύτης
297 2048 473 2083 ἀποτέλεσμα
499 2048 548 2082 τῆς
568 2048 683 2080 ἱκεσίας,
707 2048 724 2083 ή
739 2047 800 2082 παρ’
818 2047 914 2074 ἐλπίδα

118 2094 171 2122 τοῦ
187 2095 293 2129 Πέτρου
308 2094 430 2129 σωτηρία
440 2103 447 2109 ·
459 2094 513 2120 τῶν
523 2102 553 2120 τε
565 2094 672 2129 δεσμῶν
683 2095 730 2121 καὶ
744 2094 794 2128 τῆς
803 2094 914 2129 εἱρκτῆς

120 2139 170 2166 καὶ
187 2139 239 2172 τῆς
249 2140 413 2174 ἀπαγωγῆς,
435 2139 468 2175 ἢν
483 2139 565 2166 αὐτὸν
583 2138 695 2174 ἔμελλεν
714 2138 847 2174 Ἡρώδης·
859 2140 911 2164 ἁπ-

119 2185 242 2218 αγαγεῖν
268 2184 351 2215 εὐθὺς
370 2185 439 2219 μετὰ
452 2185 482 2211 τὸ
509 2185 616 2219 Πάσχα,
637 2184 670 2210 δι’
691 2184 808 2218 ἀγγέλου
822 2183 913 2218 χειρὸς

119 2230 284 2266 ἀπαλλαγή.
303 2231 342 2258 Οὐ
360 2231 440 2266 μόνον
457 2232 495 2264 δὲ,
512 2232 581 2258 ἀλλὰ
597 2233 644 2258 καὶ
660 2233 677 2267 ἡ
691 2231 774 2258 αὑτοῦ
792 2231 912 2266 Ἡρώδου

120 2277 256 2311 θεήλατος
270 2277 373 2312 πληγὴ,
386 2278 419 2304 δι’
440 2278 471 2312 ἣν
485 2278 585 2304 αὐτίκα
600 2278 646 2304 τοῦ
666 2278 766 2313 μιαροῦ
785 2277 910 2312 σώματος
928 2296 948 2323 D

121 2323 275 2356 σκώληκας
288 2323 464 2358 ἐξέρψαντος,
477 2324 571 2358 βιαίως
596 2324 736 2360 ἀπέρρηξε
748 2324 797 2360 τὴν
810 2324 909 2360 ψυχήν.

126 2368 272 2395 Ἐντεῦθεν
292 2369 320 2395 δὲ
339 2369 388 2396 καὶ
412 2369 429 2404 ἠ
447 2369 526 2405 χάρις
543 2371 577 2396 τὰ
608 2370 671 2404 ἔθνη
700 2371 840 2405 μετιοῦσα,
856 2373 911 2402 τοῖς

128 2415 270 2446 Ἰουδαίοις
292 2415 338 2442 τὸν
353 2413 426 2442 οἶκον
444 2417 482 2446 εἰς
493 2417 633 2451 ἐρήμωσιν
647 2417 733 2450 ἠφίει.

160 2460 246 2491 Ἀλλ’,
263 2457 286 2486 ὦ
314 2461 402 2496 κήρυξ
430 2460 582 2496 ϐερμότατε
624 2461 675 2494 τῆς
701 2461 831 2496 ἀληθείας
863 2461 910 2487 τοῦ

120 2507 306 2540 Εὖαγγελίουί
324 2507 338 2532 ὁ
363 2507 432 2541 μετὰ
452 2507 556 2542 Πέτρου
570 2507 618 2533 καὶ
637 2507 758 2533 Ἰωάννου
779 2507 828 2541 τὴν
839 2507 911 2533 ἀνω-

121 2554 196 2580 εάτω
216 2553 295 2585 τάξιν
309 2554 357 2579 καὶ
380 2554 430 2586 τὴν
455 2552 577 2587 κορυφὴν
593 2552 644 2588 τῆς
661 2552 842 2587 ἀποστολικῆς
858 2561 909 2578 κα-

117 2600 222 2635 θέδρας
238 2600 401 2634 διειληχώς·
420 2601 509 2634 χαῖρε,
534 2599 571 2630 ὡς
597 2600 628 2625 τὸ
647 2600 776 2634 ποτήριον
792 2597 910 2632 Χριστοῦ

116 2649 176 2678 τοίς
202 2646 396 2681 συμμαθηταῖς
420 2645 554 2680 προπιὼν,
583 2645 675 2672 καὶτὸ
697 2645 830 2680 σωτήριον
860 2644 909 2679 βά-

118 2699 243 2725 πτςσμα,
255 2692 326 2718 κατὰ
340 2691 391 2727 τὴν
402 2691 549 2726 ὖπόσχεσιν
577 2690 748 2726 βαπτισθείς·
767 2690 815 2717 καὶ
825 2689 910 2726 διπλῷ

117 2737 261 2770 στεφάνῳ,
277 2736 328 2771 τῆς
351 2737 505 2772 ἀποστολῆς
519 2736 628 2771 καὶτῆς
643 2736 806 2772 μαρτυρίας,
823 2744 910 2763 κατα-

116 2782 284 2816 κοσμηθεὶς.

154 2829 255 2863 Χαῖρε,
275 2829 317 2855 ὃτι
340 2829 439 2864 νήπιος
452 2827 491 2856 ὢν
508 2827 549 2856 [rt
573 2828 624 2864 τὴν
639 2826 827 2864 πνευματικὴν
846 2827 908 2864 ἡλι-

154 2918 178 2934 ¹⁸
189 2917 275 2946 Marc.
289 2926 315 2951 x,
326 2918 372 2946 59.

977 894 1051 929 angit
1068 898 1091 920 et
1107 894 1249 926 excruciat,
1268 895 1336 929 quod
1350 893 1431 921 semel
1447 895 1588 926 duntaxat,
1604 902 1656 921 non
1669 894 1764 922 millies

976 948 1024 976 pro
1035 939 1099 967 Iesu
1114 939 1217 967 Deitate
1229 944 1308 975 atque
1324 939 1408 975 gloria
1428 941 1494 966 mori
1505 948 1653 966 concessum
1667 941 1710 967 sit.

1007 1029 1089 1058 Hisce
1104 1030 1315 1058 scelestissimus
1326 1030 1370 1057 ille
1386 1030 1520 1058 attonitus
1535 1038 1567 1058 ac
1579 1030 1683 1064 furens,
1698 1039 1764 1058 con-

971 1074 1063 1102 festim
1075 1075 1138 1102 duci
1157 1075 1287 1102 Jacobum
1306 1076 1402 1110 jussit,
1422 1083 1453 1102 ac
1467 1075 1657 1103 beatissimum
1689 1076 1763 1103 illius

971 1125 1054 1156 caput
1068 1121 1159 1157 gladio
1177 1121 1313 1148 abscindi.
1329 1121 1422 1155 Neque
1441 1121 1467 1148 id
1484 1121 1599 1153 mirum,
1621 1121 1694 1156 quod
1708 1121 1763 1149 ini-

971 1167 1086 1201 quitatis
1105 1167 1212 1194 sentina
1235 1167 1360 1201 imusque
1380 1174 1493 1202 gurges,
1515 1166 1674 1194 Antichristi
1691 1174 1762 1201 prae-

971 1215 1078 1246 eursor,
1100 1213 1250 1248 impietatis
1267 1212 1382 1245 artifex;
1399 1220 1461 1239 cum
1477 1212 1503 1239 in
1516 1213 1656 1247 apostolos
1670 1213 1762 1240 misis-

971 1264 1013 1286 set
1031 1267 1143 1290 manus,
1166 1259 1292 1286 dextrum
1315 1258 1445 1286 Ecclesiae
1466 1259 1609 1285 sustulerit
1631 1258 1759 1285 oculum:

970 1304 1017 1331 sed
1037 1305 1104 1331 illud
1124 1305 1237 1339 dignum
1253 1304 1450 1338 admiratione,
1472 1304 1524 1331 nisi
1540 1304 1567 1331 in
1586 1305 1716 1340 majorem
1733 1305 1760 1332 id

969 1350 1179 1378 mdiﬁcationem
1191 1351 1306 1386 ejusque
1317 1350 1403 1384 ipsius
1415 1349 1592 1377 illustriorem
1604 1349 1759 1381 victoriam,

970 1397 1157 1432 dispensatum
1169 1401 1251 1424 esset.
1267 1396 1338 1429 Quin
1353 1404 1388 1423 ne
1405 1396 1457 1423 hoc
1471 1396 1582 1431 quidem
1599 1396 1638 1424 sic
1648 1397 1760 1424 mirum.

969 1450 1052 1477 quam
1070 1442 1093 1469 si
1104 1442 1169 1468 hinc
1183 1449 1293 1476 quoque
1303 1440 1405 1468 Christi
1417 1441 1644 1476 persecutoribus
1657 1440 1759 1468 conﬂa-

970 1491 1028 1514 tum
1039 1495 1095 1514 non
1106 1491 1180 1514 esset
1193 1486 1318 1514 exitium.

1009 1584 1188 1612 Beatissimus
1199 1585 1290 1620 itaque
1304 1584 1424 1612 Iacobus
1435 1588 1565 1620 tanquam
1582 1591 1670 1620 agnus
1680 1584 1759 1612 inno-

969 1638 1034 1658 cens
1044 1651 1051 1663 ,
1069 1635 1198 1666 tanquam
1212 1631 1272 1658 ovis
1291 1631 1493 1664 immaculatus,
1508 1635 1571 1667 post
1589 1631 1694 1666 Agnum
1708 1632 1758 1659 Dei

969 1676 1138 1708 immolatus,
1147 1680 1175 1703 et
1185 1684 1235 1712 per
1244 1676 1401 1712 pontiﬁcem
1414 1684 1540 1712 magnum
1552 1676 1642 1704 hostia
1650 1676 1756 1710 vivens,

968 1722 1165 1757 rationalisque
1180 1727 1209 1750 et
1233 1722 1405 1754 voluntaria,
1423 1722 1478 1749 Deo
1505 1721 1608 1749 viventi
1634 1723 1755 1756 oblatus,

967 1769 1098 1804 precibus
1113 1768 1147 1796 ad
1160 1768 1245 1796 Deum
1264 1775 1313 1803 pro
1332 1767 1462 1803 apostolis
1478 1767 1651 1801 intercessit;
1668 1768 1757 1795 inter-

967 1815 1050 1843 cessit
1060 1819 1088 1842 et
1102 1823 1153 1850 pro
1166 1815 1299 1842 Ecclesia.
1314 1814 1367 1842 Pro
1380 1814 1433 1841 illis
1448 1815 1571 1849 quidem,
1587 1819 1618 1842 ut
1642 1813 1683 1842 eis
1694 1822 1758 1849 pro-

967 1869 1049 1896 spere
1061 1861 1172 1889 cederet
1184 1861 1332 1896 apostolica
1348 1861 1468 1894 functio;
1478 1868 1528 1896 pro
1542 1861 1593 1888 hac
1604 1868 1683 1894 vero,
1694 1865 1725 1887 ut
1740 1869 1756 1888 a

965 1907 1080 1935 Iudaica
1100 1907 1266 1934 liberaretur
1284 1907 1387 1934 sevitia
1405 1915 1410 1932 :
1430 1914 1462 1934 ac
1481 1911 1674 1942 rumperentur
1695 1907 1756 1941 qui-

966 1953 1028 1981 dem
1050 1952 1191 1988 Evangelii
1220 1953 1329 1986 hostes;
1353 1952 1432 1979 malis
1455 1957 1547 1979 autem
1570 1953 1754 1986 solverentur,

967 1999 1014 2033 qui
1029 1998 1156 2025 lubentes
1167 1997 1233 2024 illud
1247 1997 1392 2025 haberent.

999 2044 1085 2079 Hujus
1101 2044 1216 2071 etlectus
1230 2043 1451 2078 supplicationis,
1466 2042 1540 2071 Petri
1564 2043 1611 2071 illa
1625 2044 1754 2079 inexspe-

964 2096 1036 2119 ctata
1056 2092 1154 2126 salus;
1165 2092 1280 2126 ejusque
1301 2099 1317 2118 a
1334 2091 1452 2118 vinculis
1467 2096 1496 2118 et
1522 2098 1633 2118 carcere
1650 2096 1679 2119 et
1703 2092 1755 2119 du-

964 2138 1054 2164 ctione
1066 2144 1115 2171 per
1129 2136 1255 2170 angelum
1269 2136 1404 2168 liberatio,
1413 2143 1467 2171 qua
1481 2136 1572 2163 statim
1584 2136 1753 2171 postPascha

963 2191 1026 2211 eum
1040 2182 1161 2210 Herodes
1173 2187 1233 2210 erat
1245 2183 1389 2210 ducturus.
1405 2182 1499 2217 Neque
1515 2181 1542 2209 id
1557 2182 1648 2214 modo,
1666 2181 1713 2209 sed
1725 2186 1754 2209 ct

964 2228 1080 2256 Herodis
1094 2228 1182 2262 ipsius
1199 2227 1292 2255 divino
1311 2228 1425 2255 numine
1442 2228 1531 2263 plaga,
1550 2235 1602 2263 qua
1622 2235 1684 2254 mox
1700 2227 1753 2254 im-

963 2282 1034 2309 puro
1060 2281 1175 2308 corpore
1203 2273 1400 2301 ebullientibus
1429 2273 1586 2305 vermibus.
1617 2273 1753 2300 violenter

962 2320 1080 2346 animam
1095 2319 1215 2354 abrupit.
1236 2319 1306 2352 Quin
1321 2323 1349 2345 et
1364 2318 1426 2345 inde
1443 2318 1530 2353 gratia
1544 2323 1640 2353 gentes
1655 2325 1752 2353 prose-

960 2372 1034 2398 cuta,
1049 2366 1150 2393 Judteis
1164 2366 1276 2392 domum
1292 2366 1320 2392 in
1334 2365 1532 2392 desolationem
1550 2364 1672 2399 reliquit.

997 2456 1066 2488 Sed.
1085 2463 1103 2483 ο
1122 2456 1247 2483 veritatis
1264 2455 1406 2491 Evangelii
1429 2454 1592 2490 prmdicator
1609 2453 1752 2482 ferventis-

960 2502 1045 2530 sime!
1063 2502 1110 2537 qui
1125 2510 1186 2529 cum
1201 2502 1284 2529 Petro
1298 2505 1325 2529 et
1336 2501 1442 2528 Joanne
1459 2507 1615 2535 supremam
1633 2500 1750 2527 classem

960 2553 1043 2584 atque
1064 2549 1194 2576 verticem
1216 2547 1374 2582 apostolica:
1391 2547 1534 2582 dignitatis
1557 2551 1653 2573 tenes:
1671 2545 1750 2573 Salve

963 2595 1011 2626 sis,
1027 2599 1058 2621 ut
1071 2594 1118 2629 qui
1131 2594 1234 2622 Christi
1250 2594 1362 2621 calicem
1376 2599 1440 2620 ante
1457 2593 1659 2627 condiscipulos
1673 2591 1749 2618 bibe-

963 2643 1003 2670 ris
1027 2651 1059 2670 ac
1085 2643 1162 2678 juxta
1190 2640 1264 2675 quod
1290 2639 1328 2667 illi
1359 2639 1498 2674 pollicitus
1525 2646 1606 2670 eras,
1634 2636 1749 2665 salutari

964 2689 1102 2725 baptismo
1124 2687 1278 2723 baptizatus
1300 2685 1352 2718 sis,
1373 2683 1530 2719 duplicique
1550 2683 1679 2718 praeclare
1699 2687 1749 2708 co-

962 2743 1030 2762 rona
1046 2734 1260 2766 condecoratus,
1275 2730 1419 2767 apostolici
1438 2729 1562 2757 muneris
1577 2735 1610 2756 ac
1626 2725 1747 2760 suscepti

962 2779 1084 2815 martyrii
1092 2779 1094 2782 ’
1103 2780 1134 2806 ’⁸.

995 2826 1090 2860 Salve,
1106 2825 1179 2861 quod
1194 2833 1256 2853 cum
1278 2824 1409 2860 parvulus
1427 2821 1518 2849 adhuc
1535 2826 1610 2847 esses
1630 2816 1746 2851 spiritali
