2072 3160
308 188 344 221 99
912 182 1060 213 NICETIE
1078 182 1341 213 PAPHLAGONIS

1883 184 1934 218 100

307 249 414 273 statura
431 247 460 271 ct
479 247 571 276 aetate,
594 241 698 270 terreni
721 240 798 276 regni
817 239 965 276 primatum
989 238 1102 275 petieris

1154 240 1226 273 κίαν,
1265 240 1403 275 βασιλείας
1441 241 1564 276 ἐπιγείου
1599 241 1766 278 προτίμησιν
1805 240 1931 278 ᾗτησαςδ

307 293 370 328 (nec
383 289 458 317 enim
475 289 524 316 fiat
543 295 666 323 unquam
687 291 716 314 ut
737 286 898 321 magnificus
916 285 1039 317 animus,
1060 285 1100 312 rei

309 337 428 372 alicujus
452 335 544 363 tenuis
569 342 602 362 ac
621 333 727 361 vilioris
747 332 885 360 desiderio
904 330 1048 365 afficiatur)
1072 330 1101 358 in

307 384 397 411 virum
416 387 508 409 autem
532 380 653 411 adultus,
677 377 744 414 Regi
760 377 854 413 gloria:
871 377 1026 412 proximam
1043 375 1102 412 pri-

307 436 435 463 mamque
449 427 544 455 sedem
559 425 677 459 adeptus
692 424 740 451 sis.

343 474 439 504 Salve.
459 473 539 499 beate
554 470 636 498 Verbi
656 470 759 504 Deique
780 468 838 504 ipse
850 468 937 496 oculis
950 468 1100 503 inspector,

307 520 380 556 quod
394 517 580 554 piscationem
594 515 755 551 piscatione,
767 513 937 541 desiderium
951 512 1100 546 desiderio,

308 565 498 594 hzercditatem
511 562 671 590 hiereditate
683 565 865 592 commutans,
884 558 929 590 iis,
941 566 1002 592 qua:
1015 558 1102 585 insta-

310 613 377 641 bilia
399 615 475 642 sunt,
497 617 529 637 ea
544 617 606 644 quae
620 611 746 639 manent;
772 606 816 638 iis,
839 613 899 641 quae
921 605 949 632 in
972 604 1054 632 terris
1073 608 1102 631 et

308 659 381 686 ﬂuxa
397 661 474 688 sunt,
493 655 617 684 cmlestia
632 662 684 682 nec
697 661 817 689 unquam
830 652 952 688 peritura
969 659 1102 679 consecu-

308 709 355 732 tus
370 704 419 732 sis.

343 751 451 783 Gaude,
469 749 542 785 quod
560 748 632 775 sicut
649 747 725 774 nullo
742 745 844 778 medio,
860 753 923 773 cum
940 745 967 772 in
985 750 1101 778 corpore

306 798 469 830 versareris,
485 797 533 824 Dei
551 795 672 823 hominis
684 793 887 822 consuetudine
898 793 925 820 in
941 797 1012 820 terra
1023 791 1102 827 prius

309 845 443 876 utebaris,
472 844 512 871 sic
537 851 610 870 nunc
636 841 726 869 eidem
750 840 909 868 immediate
932 839 1030 875 spiritu
1051 839 1102 866 de»

307 890 495 919 vinctissimus
512 888 582 916 facie
598 888 631 915 ad
647 887 745 915 faciem
761 887 789 914 in
806 886 884 914 cmlis
901 885 1047 913 insuescis.

345 979 440 1008 Gaude
454 983 483 1006 et
500 979 593 1006 laetare
611 977 637 1004 in
651 977 768 1004 Domino
779 976 835 1003 Deo
849 979 895 1002 tuo
908 982 941 1002 ac
956 974 1029 1009 Rege
1041 978 1098 1005 tuo,

309 1033 415 1060 nosque
429 1024 567 1060 propitius
580 1023 614 1050 de
627 1023 698 1050 cmlo
712 1022 821 1049 intuere
833 1029 840 1047 :
860 1027 892 1047 ac
908 1027 975 1046 vero
1000 1026 1100 1054 purum

308 1071 389 1099 nobis
400 1078 432 1098 ac
444 1069 663 1100 immaculatum,
679 1067 865 1102 apostolorum
879 1072 920 1093 ter
932 1065 1099 1097 beatissime,

308 1123 337 1145 et
345 1126 360 1144 a
369 1116 461 1144 sa:culi
477 1114 587 1142 malitiae
599 1113 707 1141 insidiis
715 1113 833 1140 liberum
845 1119 956 1139 servans
967 1111 1100 1142 animum,

313 1161 430 1190 Domino
441 1159 553 1188 Christo
568 1158 814 1186 incontaminatum
830 1157 934 1183 utinam
951 1163 1101 1191 repraesen‘

311 1213 364 1241 tes,
380 1208 408 1235 in
422 1206 538 1242 gloriam
552 1204 641 1233 Patris
657 1208 686 1231 et
700 1203 761 1231 Filii
774 1207 803 1231 et
819 1202 939 1238 Spiritus
955 1202 1056 1235 sancti,
1073 1201 1101 1228 in

310 1254 409 1282 saecula
424 1252 599 1280 saeculorum.
617 1250 714 1278 Amen.

622 1350 752 1378 ORATIO
768 1350 813 1377 Vl.

309 1401 443 1430 Laudatio
457 1399 543 1426 sancti
561 1407 592 1425 ac
605 1397 802 1424 celebratissimi
815 1395 929 1431 apostoli
941 1400 966 1422 et
982 1395 1104 1430 Evange-

540 1433 609 1460 lism
619 1432 731 1459 Joannis
743 1431 873 1467 Theologi.

343 1492 396 1526 Qui
426 1498 555 1526 magnum
588 1488 702 1516 tonitrui
741 1488 840 1515 Filium
871 1486 984 1514 laudare
1007 1486 1102 1522 jubet,

315 1537 405 1572 ipsum
426 1536 494 1563 mihi
512 1542 640 1570 magnum
659 1534 707 1562 Dei
727 1533 859 1568 Spiritum
877 1532 1006 1560 laudibus
1026 1539 1105 1559 coro-

1151 286 1211 313 οὐδὲ
1237 287 1291 322 γὰρ
1311 286 1437 322 ἀνέχεται
1452 296 1517 313 ποτε
1530 287 1603 323 ψυχὴ
1627 287 1809 324 μεγαλοφυής,
1837 297 1933 324 μικρο-

1151 332 1257 367 πρεπής
1281 341 1307 359 τι
1323 332 1415 359 ποθεῖν
1427 340 1434 347 ·
1455 333 1496 364 είς
1509 332 1594 368 ἄνδρα
1609 333 1638 360 δὲ
1662 333 1860 368 τελειούμενος,
1883 335 1933 369 τῆς

1151 378 1265 412 ἔγγιστα
1290 378 1366 412 παρὰ
1384 377 1424 414 τῷ
1447 378 1558 405 Βασιλεῖ
1575 378 1626 414 τῆς
1652 379 1730 414 δόξης
1757 379 1933 414 πρωτοκαθε-

1151 424 1230 460 δρίας
1244 423 1374 459 ὴξιώθης.

1186 471 1283 506 Χαῖρε,
1312 471 1405 507 μάκαρ
1425 471 1548 499 αὖτόπτα
1569 470 1616 499 τοῦ
1641 471 1727 506 Λόγου
1739 471 1787 498 καὶ
1818 471 1930 505 θεόπτα,

1150 516 1192 543 ὃτι
1210 517 1259 552 τῆς
1283 516 1376 549 ἁλείας
1401 516 1504 551 ἁλείαν,
1523 517 1574 552 τῆς
1595 517 1744 552 ἐπιθυμίας
1771 518 1930 553 ἐπιθυμίαν,

1151 561 1200 588 καὶ
1229 561 1280 597 τῆς
1307 562 1490 598 κληρονομίας
1518 562 1700 598 κληρονομίαν
1734 563 1934 598 ἀμειψάμενος.

1150 608 1207 639 τοῖς
1218 607 1356 640 ἀϐεϐαίοις
1369 608 1404 635 τὰ
1419 609 1546 644 μένοντα,
1559 610 1606 636 καὶ
1619 610 1675 642 τοῖς
1687 609 1762 636 κάτω
1777 611 1824 636 καὶ
1839 611 1930 645 ῥέουσι

1150 653 1185 680 τὰ
1198 654 1312 690 οὐράνια
1326 656 1495 690 κατεκτήσω,
1506 655 1599 691 καὶμὴ
1619 655 1836 690 μεταπίπτοντα.

1186 745 1283 780 Χαῖρε,
1304 744 1397 781 ὥσπερ
1426 745 1497 780 μετὰ
1512 745 1638 781 σώματος
1667 746 1776 781 ἀμέσως
1789 746 1828 782 τῷ
1848 747 1933 774 Θεαν-

1152 790 1254 826 ορώπῳ
1274 790 1457 826 προσωμίλεις
1485 792 1550 826 πρὶν
1575 790 1622 818 ἐπὶ
1638 790 1701 826 γῆς,
1725 790 1797 818 οὕτω
1829 791 1876 818 νῦν
1893 791 1932 827 τῷ

1152 836 1226 871 αὒτῷ
1255 835 1398 872 προσεχῶς
1430 836 1460 862 tv
1496 836 1535 871 τῷ
1566 836 1704 872 πνεύματι
1727 837 1932 872 συμφυόμενος.

1152 884 1300 918 πρόσωπον
1316 883 1384 918 πρὸς
1400 883 1546 919 πρόσωπον
1557 884 1732 919 ἐντυγχάνιις
1747 884 1775 910 ὲν
1784 885 1840 916 τοῖς
1851 884 1933 919 οὐρα-

1115 919 1137 947 Β
1151 930 1216 961 νοῖς.

1187 975 1272 1010 Χαῖρε
1296 974 1344 1002 καὶ
1369 974 1567 1010 κατευφραίνου
1585 975 1615 1001 ιν
1640 975 1736 1011 Κυρίῳ
1755 975 1793 1010 τῷ
1809 975 1868 1011 Θεῷ
1885 984 1932 1003 σου

1150 1022 1198 1048 καὶ
1210 1021 1315 1056 βασιλεῖ
1327 1029 1373 1048 σου
1384 1029 1391 1037 ’
1404 1016 1451 1048 καὶ
1465 1022 1539 1057 ἡμᾶς
1548 1022 1710 1054 ὲποπτςύοις
1721 1021 1823 1049 ἄνωθεν
1839 1022 1932 1054 ῖλεωςο

1150 1067 1265 1095 ἄσπιλον
1283 1068 1311 1094 δὲ
1328 1068 1375 1093 καὶ
1404 1068 1518 1103 ἄμωμον
1546 1069 1621 1104 ἡμῖν,
1635 1063 1657 1094 ὦ
1679 1067 1933 1104 τρισμακαριώτατε

1150 1113 1205 1140 τῶν
1236 1114 1407 1147 ἀποστόλων,
1434 1114 1480 1141 καὶ
1502 1114 1550 1149 τῆς
1572 1113 1620 1140 τοῦ
1643 1114 1690 1140 νῦν
1714 1114 1810 1145 αίῶνος
1835 1115 1935 1146 κακίας

1151 1159 1328 1186 ἀνεπίϐουλον
1371 1159 1621 1196 [ἀνεπιϐούλευτον]
1650 1159 1856 1196 διατετηρηκὼς
1882 1161 1931 1195 τὴν

1150 1205 1250 1242 ψυχὴν.
1272 1205 1405 1241 ἀμίαντον
1418 1207 1609 1241 παραστήσαις
1627 1205 1665 1241 τῷ
1677 1206 1795 1241 δεσπότῃ
1811 1206 1932 1241 Χριστῷ,

1151 1252 1191 1284 εἰς
1205 1252 1284 1284 δόξαν
1298 1252 1405 1287 Πατρός
1417 1253 1464 1279 καὶ
1474 1252 1539 1278 Υίοῦ
1551 1253 1598 1279 καὶ
1617 1252 1693 1286 ἁγίου
1712 1252 1882 1288 Πνεύματος,
1895 1253 1934 1284 είς

1151 1298 1215 1330 τοὺς
1230 1298 1331 1328 αίῶνας
1344 1297 1398 1325 τῶν
1408 1297 1524 1325 αίώνων.
1542 1299 1640 1334 Ἀμήν.

1449 1356 1561 1383 ΛΟΓΟΣ
1581 1357 1627 1389 εςι.

1150 1402 1203 1436 Et;
1216 1402 1265 1430 τὸν
1295 1402 1380 1436 ἄτιον
1409 1401 1457 1428 καί
1481 1403 1678 1437 πανεύφημον
1699 1402 1874 1430 ἀπόστολον
1886 1403 1936 1430 καὶ

1223 1438 1445 1472 εὐαγγελιστὴν
1476 1437 1621 1471 Ἰωάννην
1640 1438 1688 1464 τὸν
1705 1439 1863 1472 Θεολότον.

1194 1494 1225 1522 '0
1237 1494 1283 1521 τὸν
1305 1494 1392 1529 μέγαν
1404 1493 1454 1529 τῆς
1472 1494 1586 1530 βροντῆς
1609 1494 1688 1528 γόνον
1716 1494 1938 1530 προτρεπόμενος

1154 1540 1287 1573 ἔπαινεῖν,
1302 1540 1368 1567 αὑτό
1382 1548 1428 1575 μοι
1445 1540 1519 1567 δοκεῖ
1537 1539 1569 1566 τὺ
1581 1539 1656 1575 μέγα
1668 1539 1716 1567 τοῦ
1740 1539 1808 1567 Θεοῦ
1823 1541 1937 1576 Πνεῦμα

315 1591 382 1610 nare
399 1582 497 1618 jubere
510 1581 636 1613 videtur;
655 1587 711 1615 quo
731 1580 776 1607 ille
797 1579 967 1614 compositus
985 1587 1017 1607 ac
1037 1587 1104 1606 con-

1155 1587 1299 1622 παραινεῖν
1321 1586 1444 1613 ἐπαινεῖν
1458 1594 1466 1601 ·
1481 1583 1504 1620 ᾧ
1530 1585 1729 1622 ρυθμιζόμενος
1756 1586 1861 1618 ικεῖνος
1888 1588 1937 1614 καὶ

315 1630 397 1657 cinne
412 1629 539 1661 collisus,
556 1627 652 1655 orbem
666 1631 804 1654 terrarum
827 1625 861 1653 ad
874 1633 953 1653 suum
971 1625 1108 1653 convertit

315 1681 413 1702 sonum
426 1675 458 1701 ".
466 1673 495 1700 ιιι
503 1681 567 1700 vero
578 1677 684 1700 tantum
696 1672 830 1700 sermonis
847 1671 934 1699 nostri
950 1671 1107 1699 facultatem

315 1724 446 1756 superat.
465 1724 597 1755 quantum
606 1725 636 1747 et
644 1719 769 1746 humana:
781 1718 836 1745 vim
853 1716 1108 1753 comprehensionis

311 1767 430 1794 excedit.
447 1765 516 1793 Cum
532 1766 606 1792 enim
619 1765 740 1792 sonitum
757 1764 840 1796 hunc,
849 1763 897 1798 qui
914 1770 994 1790 sensu
1003 1761 1107 1797 percipi

312 1817 370 1846 tur,
381 1813 452 1840 haud
465 1812 545 1839 facile
555 1812 647 1839 animo
655 1812 851 1846 intelligamus;
863 1816 980 1844 quanam
993 1809 1056 1843 quis
1064 1815 1108 1835 ra-

288 1880 289 1883 η
313 1860 388 1887 tione
401 1858 550 1894 spiritalem
559 1862 731 1892 assequatur.
739 1864 770 1884 ac
783 1855 911 1891 quiomni
920 1856 1109 1890 corporissen-

312 1905 356 1932 sui
377 1903 527 1940 praecellit?
537 1903 661 1938 Cumque
674 1903 700 1929 id
710 1902 871 1934 tonitruum,
882 1900 954 1935 quod
967 1908 1015 1935 per
1025 1904 1108 1927 natu-

319 1959 377 1978 ram
392 1951 419 1977 in
436 1950 556 1978 nubibus
568 1949 643 1977 venti
660 1949 808 1984 agitatione
822 1947 970 1979 conﬂatur.
980 1950 1107 1974 accurate

319 1997 414 2024 verbis
438 1996 584 2031 explanare
618 2002 674 2022 non
703 1994 862 2030 possimus:
884 2000 1003 2028 quonam
1025 1992 1107 2020 modo

318 2041 411 2070 eximii
431 2041 515 2074 illius,
537 2042 616 2077 cujus
632 2041 708 2069 solus
726 2041 785 2075 ipse
806 2039 937 2067 Dominus
961 2038 1106 2071 caullator,

314 2095 348 2116 ac
363 2095 476 2123 parens,
489 2087 586 2115 laudes
597 2087 816 2123 praesumamus?
829 2086 895 2119 Quis
909 2086 947 2114 ita
963 2086 990 2113 in
1005 2085 1107 2113 divinis

315 2135 452 2167 eruditus,
470 2134 567 2169 sicque
583 2134 638 2161 alto
655 2134 747 2161 animo
757 2133 904 2168 praeditus?
918 2133 985 2166 Quis
999 2133 1036 2160 ita
1050 2137 1106 2160 ter-

317 2181 393 2209 renis
406 2180 534 2215 superior
548 2187 608 2207 sese
621 2179 729 2212 extulit,
745 2179 857 2214 parique
874 2179 1032 2207 omlestibus
1048 2179 1105 2206 cel-

315 2226 438 2254 situdine
458 2226 561 2254 evasit?
580 2225 648 2258 Quis
669 2225 738 2252 adeo
758 2225 849 2260 seipso
867 2225 1013 2257 excedens,
1033 2225 1105 2251 intra

1158 1632 1327 1668 ἑναρμονίως
1342 1631 1535 1667 κρατούμενος,
1564 1632 1639 1681 πρὸς⁸
1655 1633 1703 1659 τὸν
1719 1633 1820 1660 οἰκεῖον
1833 1633 1881 1668 τὴν
1897 1634 1937 1659 ol-

1157 1679 1293 1714 κουμὲνην
1319 1678 1471 1714 ἐπέστρεψε
1499 1678 1639 1714 φθόγγον.“
1652 1678 1689 1706 Τὸ
1705 1679 1734 1706 δὲ
1755 1679 1875 1715 τοσούτῳ
1890 1679 1937 1706 τοῦ

1156 1724 1294 1759 ἡμετέρου
1312 1723 1392 1757 λόγου
1407 1724 1456 1759 τὴν
1485 1724 1600 1759 δύναμιν
1621 1724 1798 1760 ὑπερϐάλλει,
1821 1726 1875 1760 ὅσῳ
1891 1725 1939 1752 καὶ

1156 1769 1207 1804 τὴν
1223 1769 1397 1805 ἀνθρωπίνην
1419 1769 1564 1805 ὑπεραίρει
1586 1770 1748 1806 κατάληψιν.
1770 1771 1803 1798 Εἰ
1822 1772 1876 1806 γὰρ
1891 1770 1939 1797 τὸν

1157 1816 1283 1851 αίσθήσει
1304 1816 1407 1850 ληπτὸν
1427 1816 1520 1842 τοῦτον
1539 1813 1616 1852 ἦχον,
1637 1817 1667 1843 οὑ
1686 1817 1832 1852 πρόχειρον
1855 1825 1939 1843 κατα-

1157 1863 1237 1893 νοεῖν,
1257 1861 1316 1894 τιῶς
1325 1862 1358 1889 ἄν
1370 1870 1411 1894 τις
1421 1862 1541 1896 ιφικοιτο
1559 1862 1605 1888 τοῦ
1624 1863 1770 1897 νοουμένου
1786 1863 1834 1889 καὶ
1847 1864 1939 1890 πᾶσαν

1159 1905 1284 1941 σώματος
1301 1906 1429 1941 αἰσθησιν
1447 1906 1656 1941 ὑπερϐαίνοντος
1669 1915 1676 1940 ;
1693 1907 1747 1933 Καὶ
1760 1908 1784 1934 εί
1798 1907 1847 1943 τὴν
1861 1908 1939 1941 ἐγγι-

1157 1951 1276 1986 νομένην
1301 1953 1357 1983 τοῖς
1379 1951 1485 1986 νέφεσι,
1502 1953 1534 1987 τῇ
1557 1951 1629 1979 κατὰ
1655 1952 1736 1987 φύσιν
1766 1953 1871 1988 κινήσει
1890 1953 1938 1979 τοῦ

1157 1998 1310 2032 πνεύματος
1327 1997 1450 2033 βροντὴν,
1469 1998 1517 2032 οὐχ
1539 1995 1590 2025 οἶοί
1609 1997 1640 2024 τέ
1659 1999 1742 2034 ἐσμεν
1761 1999 1869 2035 ἀκρισεί
1879 1999 1939 2026 δια-

1157 2044 1278 2079 σαφῆσαι
1298 2044 1380 2079 λόγῳ,
1406 2044 1464 2076 πῶς
1488 2044 1522 2071 ἂν
1541 2044 1592 2080 τῆς
1615 2044 1783 2080 ὑπερφυοῦς,
1801 2046 1847 2072 καὶ
1864 2045 1938 2080 μόνῳ

1155 2090 1194 2126 τῷ
1217 2091 1310 2126 Κυρίῳ
1333 2090 1586 2127 προσκροτηθείσης
1612 2091 1628 2126 ἢ
1655 2090 1844 2126 γεννηθείσης,
1878 2090 1933 2117 τῶν

1156 2135 1301 2171 ὑμνήσεων
1320 2136 1600 2170 κατατολμήσαιμεν;
1615 2136 1662 2167 Τίς
1682 2135 1753 2162 οὕτω
1766 2136 1799 2163 τὰ
1814 2134 1875 2162 θεῖα
1889 2144 1940 2162 πο-

1155 2181 1214 2213 λὺς,
1230 2180 1301 2208 οὕτω
1310 2182 1360 2216 τὴν
1375 2181 1489 2216 καρδίαν
1504 2180 1604 2215 βαθύςς
1618 2181 1667 2212 Τίς
1683 2181 1755 2208 οὕτω
1766 2181 1820 2207 τῶν
1838 2180 1940 2215 γηΐνων

1156 2225 1388 2261 ὑπερανῲκισται,
1400 2225 1472 2252 οὕτω
1482 2226 1536 2256 τοῖς
1550 2225 1686 2260 οὐρανίοις
1706 2224 1859 2259 συνύψωται
1870 2232 1879 2257 ;
1891 2223 1939 2256 Τίς

316 2272 401 2299 Deum
417 2272 635 2307 comprehensus
655 2275 783 2306 totusque
801 2276 929 2305 receptus
945 2275 997 2301 est.
1014 2275 1045 2297 ut
1063 2271 1104 2298 vel

1159 2271 1206 2298 ἐπὶ
1218 2272 1346 2298 τοσοῦτον
1358 2271 1455 2298 ἑαυτοῦ
1467 2270 1519 2303 ἔξω
1531 2271 1686 2306 γενόμενος,
1699 2270 1772 2297 ἔνδον
1786 2269 1854 2296 Θεοῦ
1870 2278 1940 2297 κατ-

314 2325 345 2345 os
357 2318 476 2352 aperire,
488 2325 521 2344 ac
534 2317 654 2352 linguam
667 2324 778 2344 movere
800 2317 828 2344 in
844 2316 892 2344 Dei
907 2316 1107 2351 discipulorum

321 2363 430 2391 laudem
442 2363 560 2390 audeat?
573 2362 641 2396 Quis
655 2362 802 2395 sufficiens,
819 2367 850 2390 ut
865 2363 966 2391 nedum
983 2363 1106 2390 omnium

318 2403 469 2445 sigillatim.
488 2408 536 2436 sed
555 2409 597 2436 vel
617 2409 699 2436 unius
722 2409 830 2436 illorum
848 2409 960 2436 virtutis
980 2408 1106 2444 magnifi-

314 2455 433 2483 centiam
447 2463 497 2490 pro
512 2454 552 2482 rei
565 2455 675 2487 merito,
689 2455 781 2482 animo
794 2455 956 2488 informare,
971 2460 1001 2482 ut
1014 2455 1105 2482 verbis

314 2501 406 2535 eloqui
422 2500 508 2535 possit
521 2500 532 2527 ?

349 2547 477 2579 Quasnam
494 2555 571 2574 mens
584 2548 626 2581 (ut
638 2555 744 2575 summa
753 2547 862 2581 dicam),
877 2555 971 2583 quaeve
989 2547 1060 2574 ratio
1073 2554 1105 2574 ac

315 2592 415 2621 oratio.
438 2592 588 2628 magnificae
608 2593 722 2620 Joannis
742 2593 844 2620 indolis
861 2593 1001 2627 (quinimo
1019 2593 1104 2620 animi

316 2637 373 2665 Deo
395 2638 527 2665 simillimi
544 2638 699 2673 mentisque
717 2638 910 2672 divinissimae)
927 2637 1023 2665 laudes
1038 2638 1104 2665 atti-

315 2683 395 2718 gerit,
408 2683 460 2710 nisi
476 2684 499 2710 is
511 2683 568 2718 ipse
581 2691 596 2710 e
614 2684 774 2711 cmlestibus
787 2683 922 2718 tantisper
950 2683 1039 2719 adytis
1054 2683 1104 2711 de-

315 2728 615 2764 scendens,divinaeque
626 2730 723 2757 aemula
733 2729 855 2757 bonitate
867 2729 1018 2757 humilibus
1027 2737 1106 2758 acce-

317 2775 404 2808 dens.
430 2780 518 2810 osque
544 2783 595 2810 pro
617 2775 736 2811 theologi
762 2783 875 2803 munere
903 2775 1104 2804 divinissimum

314 2821 430 2848 auribus
443 2821 547 2848 nostris
565 2821 785 2855 accommodans,
803 2829 881 2849 suam
899 2821 993 2856 nobis,
1013 2821 1103 2857 quoad

351 2899 464 2927 "Marc.
478 2908 518 2932 ιη,
530 2899 574 2926 Π.

1156 2318 1294 2353 είληπται,
1313 2317 1385 2344 ὥστε
1401 2318 1488 2353 στόμα
1507 2318 1598 2352 διᾶραι
1613 2317 1725 2353 τολμᾷν,
1751 2318 1798 2343 καὶ
1813 2316 1942 2351 γλῶσσαν

1157 2364 1197 2394 εἰς
1213 2363 1323 2390 ἔπαινον
1337 2364 1423 2390 κινεῖν
1434 2363 1488 2389 τῶν
1504 2363 1550 2390 τοῦ
1561 2362 1628 2389 Θεοῦ
1645 2362 1774 2397 μαθητῶν
1787 2371 1795 2396 ;
1815 2363 1863 2394 Τίς
1879 2364 1940 2388 ἱκα-

1157 2409 1212 2442 νὸς,
1235 2409 1272 2444 μὴ
1292 2409 1334 2436 ὅτι
1350 2417 1382 2443 γε
1412 2409 1524 2435 πάντων
1535 2409 1579 2444 ὑφ’
1605 2408 1645 2441 ἓν,
1671 2408 1730 2439 ἑνὸς
1743 2408 1809 2442 γοῦν
1838 2408 1939 2439 αὐτῶν,

1159 2455 1208 2490 τὴν
1218 2455 1269 2490 τῆς
1283 2455 1384 2490 ἀρετῆς
1396 2454 1644 2490 μεγαλοπρέπειαν.
1659 2453 1817 2488 τυπωθῆναί
1831 2461 1860 2479 τε
1879 2453 1941 2479 κατ’

1157 2501 1237 2533 ἀξίαν
1250 2500 1289 2536 τῷ
1305 2500 1354 2535 νῷ,
1369 2501 1417 2527 καὶ
1431 2500 1598 2536 ἑρμηνεῦσαι
1615 2499 1653 2535 τῷ
1667 2499 1739 2534 λόγῳ
1756 2499 1926 2533 δυνηθῆναις

1194 2547 1283 2578 Ποῐος,
1297 2546 1339 2572 ἵνα
1351 2545 1469 2573 συνελὼν
1482 2546 1562 2578 εἴπω,
1580 2545 1651 2578 νοῦς,
1670 2546 1745 2576 ποῖος
1756 2545 1786 2571 δὲ
1800 2544 1878 2577 λόγος
1890 2543 1943 2578 τῆς

1163 2592 1287 2619 Ἰωάννου
1319 2593 1523 2628 μεγαλοφυὴς,
1552 2592 1651 2626 μᾶλλον
1678 2591 1707 2618 δὲ
1735 2590 1942 2625 θεοειδεστατης

1155 2638 1245 2674 ψυχῆς
1257 2638 1306 2665 καὶ
1334 2638 1454 2669 διανοίας
1468 2639 1524 2670 τοῖς
1537 2638 1687 2672 ἐγκωμίοις
1704 2636 1894 2672 προσεγγίσαι,
1915 2635 1942 2662 εί

1157 2685 1196 2721 μὴ
1221 2685 1303 2717 αὐτὸς
1317 2685 1423 2716 ἐκεῖνος
1437 2683 1492 2710 τῶν
1510 2683 1644 2719 οὐρανίων
1669 2684 1773 2710 ἀδύτων
1798 2683 1942 2709 ὑποκατα-

1156 2730 1218 2763 ϐὰς,
1249 2731 1297 2758 καὶ
1326 2729 1488 2766 θεομιμήτῳ
1520 2729 1685 2765 χρηστότητι
1714 2730 1772 2760 τοῖς
1800 2729 1942 2760 ταπεινοῖς

1155 2776 1291 2812 ὴγγικὼς,
1312 2776 1361 2805 καὶ
1377 2776 1407 2804 τὸ
1419 2775 1648 2811 θεολογικώτατον
1666 2775 1754 2811 στόμα
1768 2775 1824 2807 τοῖς
1837 2774 1940 2810 ἡμετέ-

1157 2829 1215 2858 ροις
1229 2821 1280 2849 ὠσὶ
1291 2821 1515 2858 παρασκευάσας,
1525 2820 1571 2850 τὸν
1580 2821 1679 2849 οἰκεῖον
1696 2820 1818 2854 ἔπαινον,
1835 2820 1875 2852 είς
1889 2819 1940 2854 τὴν
