2072 3160
169 161 217 194 101

555 164 695 196 ORATIO
714 166 764 198 VI.
780 180 815 185 -
828 168 870 199 ΙΝ
893 169 1050 202 LAUDEM
1068 172 1100 202 S-
1119 173 1279 206 JOANNIS
1297 176 1432 209 EVANG.

1750 182 1800 214 102

165 218 214 245 τοῦ
231 217 339 254 Πατρὸς
353 219 444 253 δόξαν,
458 219 496 252 ὡς
512 221 623 255 ἐφικτὸν
642 224 720 259 ἡμῖν,
743 225 946 262 ἐμϐροντήσειεν

1007 230 1115 265 assequi
1131 231 1206 265 licet,
1223 233 1250 260 in
1264 234 1353 262 Patris
1365 235 1491 270 gloriam,
1506 236 1617 265 laudem
1629 238 1800 268 intonuerit?

169 265 259 299 ήμῖνς
280 264 357 291 Ἐλθὲ
380 266 536 301 τοιγαροῦν,
561 265 584 294 ὦ
610 269 738 297 θεσπέσιε
775 272 884 307 θεολόγε
908 275 956 301 καὶ

166 310 358 344 εὐαγγελιστὰ,
375 312 392 346 ή
409 312 524 346 οὐρανία
540 313 587 340 τοῦ
613 315 701 349 Λόγου
718 317 875 353 σάλπιγξ,ἡ
892 319 957 355 εὔη-

167 365 228 391 χος.
245 357 261 386 ἡ
277 357 448 392 ἐναρμόνιος,
468 358 485 393 ὴ
510 360 566 391 τοῖς
583 360 732 395 μελιειδέσι
760 363 809 399 τῆς
822 364 956 400 ’ἀληθείας

167 402 310 437 φθόγγοις,
343 404 434 430 πᾶσαν
456 405 651 440 είκαιομυθίαν
673 407 818 443 ἐλληνικὴν
843 418 956 437 κατασι-

165 448 293 482 γάσασα·
311 448 401 476 πάντα
426 449 455 476 δὲ
471 450 596 486 ρητόρων
607 453 654 478 καὶ
669 452 823 487 φιλοσόφων
851 455 955 490 ὕργανα

165 493 357 529 πολυαρμόνια
382 494 422 530 τῷ
441 494 621 532 βροντοφὼνῳ
658 498 708 533 τῆς
736 499 877 534 θεολογίας
907 510 954 528 σου

163 539 391 574 κατακοιμίσασα
401 547 409 556 ⁸
434 541 524 567 πᾶσαν
539 540 568 567 δὲ
583 541 673 578 ψυχὴν
693 543 771 576 ἀξίαν
786 545 833 572 τοῦ
865 546 954 581 Λόγου

162 585 233 619 πρὸς
250 586 352 621 ἑαυτὴν
363 586 534 622 ἐφελκομένη
546 595 554 602 '
565 588 613 614 καὶ
625 589 676 616 οὐκ
688 590 842 626 ἀνθρώπων
854 592 953 627 μόνων,

164 630 235 657 ἀλλὰ
251 632 298 657 καὶ
308 632 410 666 αὐτῶν,
431 632 524 667 τολμῶ
540 633 635 667 φάναι,
653 635 708 662 τῶν
718 636 852 672 οὐρανίων
868 639 955 666 Δυνά-

167 684 256 710 μεων,
268 677 319 711 τὴν
346 677 574 713 ὑπερφυεστάτην
591 679 772 718 ἐπισπωμένη
796 683 866 719 πρὸς
884 685 955 710 ἑαυ-

159 721 214 756 τὴν
238 722 336 757 ἀκοήν.

203 766 235 793 '0
250 767 297 793 τοῦ
313 768 421 803 Πατρδς
436 770 492 797 τῶν
521 770 618 806 φώτων
641 771 790 805 ἀξιώτατος
811 774 954 810 ὑποφήτης

159 810 210 836 καὶ
224 812 406 846 γραμματεύς
417 821 425 829 ·
440 814 470 841 τὸ
486 816 573 850 στόμα
586 815 633 843 τοῦ
662 817 794 852 Χριστοῦ,
807 818 824 854 ἡ
842 818 954 852 γλῶσσα

1006 275 1075 303 Veni
1089 276 1184 312 igitur,
1194 277 1287 306 divine
1299 279 1436 316 Theologe
1447 286 1475 309 et
1482 282 1664 319 Evangelista,
1678 287 1799 316 caelestis

1006 323 1088 352 Verbi
1100 324 1176 357 tuba,
1186 333 1296 359 sonora,
1309 327 1443 355 concinna
1457 329 1568 356 mellitis
1578 330 1701 358 veritatis
1710 333 1797 363 sonis,

1005 376 1116 397 omnem
1135 370 1443 401 Graecorum'sermonis
1460 375 1608 403 vanitatem
1628 377 1738 405 silentio
1750 378 1799 405 da-

1005 422 1117 443 mnans:
1130 416 1275 451 omniaque
1287 422 1426 446 oratorum
1443 427 1475 447 ac
1489 420 1714 457 philosophorum
1726 425 1798 452 mul-

1006 460 1093 495 tiplici
1118 463 1299 491 consonantia
1314 465 1453 492 modulata
1465 473 1566 501 organa
1582 468 1725 504 theologia:
1744 474 1798 498 tuae

1005 506 1061 533 alto
1079 507 1202 534 tonitruo
1215 508 1342 543 sapiens,
1361 514 1443 544 atque
1455 518 1563 538 omnem
1579 512 1669 540 Verbo
1683 514 1796 549 dignum

1005 552 1128 580 animum
1143 554 1178 581 ad
1192 563 1221 582 se
1236 555 1364 589 trahens;
1379 565 1431 584 nec
1446 558 1589 585 hominum
1601 559 1694 593 modo,
1707 561 1754 588 sed
1767 565 1797 588 et

1005 598 1126 633 ipsarum
1143 600 1241 634 (ausim
1257 601 1362 634 dicere)
1375 603 1529 631 caelestium
1547 605 1716 634 Potestatum
1729 614 1794 642 per-

1004 645 1136 674 eximium
1147 647 1272 675 auditum
1288 649 1331 676 sui
1344 649 1482 677 desiderio
1497 651 1626 679 illiciens.

1039 777 1129 805 Patris
1150 778 1286 806 luminum
1299 779 1459 815 dignissime
1472 781 1609 816 interpres
1632 790 1664 810 ac
1692 784 1792 818 scriba,

1003 821 1105 850 Christi
1120 831 1161 855 os,
1177 824 1269 860 lingua
1289 825 1419 860 Spiritus,
1437 827 1498 854 veni
1513 827 1547 854 ad
1563 835 1606 854 me
1622 829 1733 863 spiritu,
1744 831 1793 865 qui

156 856 210 883 τοῦ
223 857 392 891 Πνεύματος,
406 859 466 887 ἐλθέ
490 869 536 895 μοι
551 861 590 897 τῷ
606 862 753 898 πνεύματι,
780 863 894 899 Πνεῦμα
906 865 946 891 κατ

1004 873 1032 896 et
1051 869 1109 903 ipse
1121 856 1231 898 divinus
1245 856 1364 906 Spiritus
1387 856 1435 904 sis,
1460 877 1588 907 tanquam
1604 856 1644 901 ex.
1655 875 1710 903 Deo

157 901 243 933 αὐτὸς
260 901 331 929 θεῖον
343 902 392 936 ὥν,
407 904 444 936 ὡς
458 905 491 932 ὲκ
507 906 575 933 Θεοῦ
600 907 758 943 Πνεύματος
786 911 946 945 γεγεννημέ-

1006 915 1059 942 ritu
1073 920 1154 943 natus
1165 917 1197 943 ¹⁷.
1209 917 1279 944 Ecce
1299 925 1347 945 eor
1362 918 1411 945 tibi
1428 919 1488 945 lene
1499 924 1527 947 et
1539 921 1715 955 tranquillum
1733 930 1793 949 mu-

158 956 218 979 νος.
239 947 305 974 Ἰδοὺ
321 949 437 985 κίχρημι
448 959 490 977 σοι
514 952 629 987 καρδίαν
646 955 762 988 πραεῖαν
773 956 821 981 καὶ
832 955 953 991 ἡσύχιον,

157 994 209 1020 καὶ
223 992 267 1022 οἷα
274 994 306 1030 δὴ
316 996 410 1031 νοερὸν
425 996 512 1031 κῆπον
525 997 572 1024 καὶ
586 999 727 1033 μυστικὸν,
736 1000 854 1027 διάνοιαν
862 1001 954 1037 ὑπέχω

156 1042 292 1075 ταπεινήν
307 1049 337 1067 τε
351 1042 399 1067 καὶ
414 1041 513 1077 ὁμαλῆ.
530 1043 710 1078 Ἐξεγείρου,
720 1045 828 1080 βορῤᾶ,
840 1046 890 1074 καὶ
903 1047 953 1081 ἔρ-

157 1093 229 1118 χου,
240 1085 312 1112 ro’te
325 1092 332 1100 ⁸
361 1085 548 1114 διάπνευσον
565 1088 666 1123 κῆπόν⁵
678 1099 748 1124 μου,
768 1091 817 1118 καὶ
838 1092 952 1125 ῥευσά-

156 1138 263 1157 τωσαν
287 1131 428 1166 ἀρώματά
449 1141 520 1167 μου.
553 1134 742 1168 Προσλαλείτω
768 1136 821 1172 γάρ
844 1145 886 1164 σοι
903 1138 952 1164 καὶ

154 1176 286 1212 Σολομὼν
295 1178 351 1204 ἰσὺ
368 1178 423 1213 γὰρ
434 1179 536 1214 βορρᾶς
556 1181 615 1215 μὲν,
625 1181 663 1212 ὼς
675 1183 731 1214 τοῖς
747 1182 951 1218 καθαρωτάτοις

154 1221 208 1256 τῆς
229 1221 368 1256 θεολογίας
383 1223 549 1258 φθέγμασιν,
565 1221 609 1251 οἷα
624 1225 767 1260 λαμπραῖς
783 1227 829 1253 καὶ
847 1227 949 1261 ζωογό-

157 1277 214 1300 νοις
225 1268 374 1304 ἀναψύχων
389 1271 483 1301 πνοαῖς
499 1277 507 1284 ·
524 1270 570 1297 καὶ
593 1271 624 1298 τὸ
645 1271 695 1307 τῆς
726 1273 872 1304 πολυθεΐας
890 1275 950 1300 πνῖ-

155 1323 215 1349 γος,
235 1315 285 1341 καὶ
308 1315 355 1341 τὸν
372 1315 428 1342 τῶν
456 1317 589 1352 αἱρέσεων
611 1317 727 1352 διαχέων
753 1319 888 1354 φλογμόν·
902 1319 949 1346 καὶ

154 1358 204 1390 τὰς
217 1357 384 1394 πιεζομένας
396 1359 426 1386 ὲν
440 1359 546 1392 τούτοις
575 1361 689 1396 καρδίας
706 1361 880 1397 ψυχαγωγῶν
901 1365 949 1391 καὶ

153 1404 361 1440 ἀνακτώμενος.
378 1405 465 1438 Νότος
477 1406 516 1439 δὲ,
533 1406 572 1438 ὡς
598 1409 654 1440 τοῖς
672 1409 723 1444 τῆς
753 1410 864 1445 ἀγάπης
889 1410 948 1438 δια-

155 1449 312 1485 θερμαίνων
341 1450 440 1485 λόγοις,
471 1452 518 1479 καὶ
543 1453 607 1484 τοῦς
632 1453 796 1490 ἀναισθησίᾳ
823 1457 870 1482 νοῦ
901 1457 947 1483 καὶ

1006 963 1063 993 tuo,
1077 961 1207 996 velutque
1235 961 1430 998 intelligentem
1446 964 1556 991 hortum
1575 972 1607 992 ac
1635 967 1791 1001 mysticum,

1004 1006 1136 1035 humilem
1167 1008 1386 1044 aquabilemque
1413 1010 1535 1038 animum
1554 1011 1672 1046 praebeo.
1689 1012 1788 1048 Surge,

1003 1053 1104 1088 aquilo,
1116 1057 1140 1080 et
1152 1055 1221 1087 veni,
1235 1058 1325 1081 auster
1337 1063 1347 1088 ;
1358 1057 1441 1091 perfla
1452 1056 1556 1083 hortum
1568 1065 1666 1088 meum.
1677 1062 1700 1084 et
1708 1060 1791 1093 ﬂuent

1003 1102 1127 1126 aromata
1155 1107 1213 1126 mea
1227 1100 1259 1127 ι’.
1276 1099 1313 1127 Te
1325 1101 1398 1127 enim
1413 1101 1496 1128 etiam
1525 1101 1654 1130 Salomon
1671 1104 1792 1138 alloqua—

1002 1146 1058 1169 tur.
1075 1142 1115 1170 Tu
1128 1151 1247 1178 namque
1275 1145 1380 1179 aquilo,
1409 1149 1440 1172 ut
1463 1145 1664 1180 limpidissimis
1687 1148 1791 1176 scilicet

1001 1187 1144 1223 theologia:
1160 1189 1285 1222 vocibus,
1300 1194 1429 1224 tanquam
1443 1191 1520 1225 puris
1527 1199 1559 1219 ac
1573 1192 1702 1220 vitalibus
1716 1194 1790 1221 ﬂati-

1000 1232 1052 1260 bus
1070 1234 1246 1269 refrigerans.
1265 1236 1504 1271 superstitiosique
1532 1238 1677 1266 numinum
1700 1240 1790 1268 cultus

999 1278 1119 1313 algorem
1136 1284 1218 1314 atque
1234 1279 1374 1307 baareseon
1386 1280 1523 1314 incendia,
1544 1282 1696 1318 dissipans;
1732 1285 1789 1312 his-

999 1330 1053 1357 que
1069 1330 1200 1358 oppressa
1227 1329 1338 1359 pectora
1356 1333 1485 1354 recreans
1504 1334 1536 1354 ac
1555 1327 1660 1356 levans.
1689 1329 1790 1357 Auster

997 1375 1074 1401 vero,
1084 1369 1310 1397 velutcharitatis
1333 1371 1508 1399 sermonibus
1519 1372 1692 1406 calefaciens,
1708 1381 1789 1402 men-

1001 1413 1106 1448 stisque
1121 1415 1256 1442 exstincto
1270 1423 1351 1443 sensu
1364 1424 1395 1444 ac
1409 1416 1521 1449 duritie,
1539 1417 1633 1446 divino
1650 1419 1724 1447 omni
1737 1419 1788 1448 de-

998 1458 1093 1487 titutos
1106 1460 1221 1492 inﬂuxu,
1234 1469 1322 1496 eaque
1338 1462 1443 1490 ratione
1460 1463 1623 1492 infecundos
1648 1469 1730 1500 atque
1753 1466 1789 1492 ri-

156 1496 323 1531 σκληρότητι
336 1496 412 1528 θείας
433 1497 635 1534 ἐστερημένους
657 1499 800 1536 ἐπιρροῆς,
830 1502 945 1536 ἀγόνους

997 1508 1092 1539 gentes
1111 1504 1238 1533 refovens
1256 1513 1288 1533 ac
1303 1507 1486 1540 exsuscitans,
1511 1508 1643 1544 vitalique
1668 1496 1785 1538 humore

156 1551 185 1569 τε
201 1543 249 1569 διὰ
262 1542 352 1570 ταῦτα
368 1543 416 1570 καὶ
437 1544 660 1580 κατεψυγμένους
671 1545 853 1579 καθεστῶτας,
881 1549 946 1575 ἀνα-

151 1588 267 1615 θάλπων
294 1589 343 1616 καὶ
374 1588 574 1626 ἀναζωπυρῶν,
611 1592 658 1618 καὶ
684 1591 802 1628 ζωτικῆς
833 1593 946 1628 ίκμάδος

147 1634 264 1670 πληρῶν
275 1634 324 1660 καὶ
340 1635 533 1671 καρποφόρους
548 1637 701 1664 ἀποτελῶν.

188 1679 338 1712 τοιαύταις
367 1682 480 1714 πνοαῖς,
497 1681 630 1714 τοιούτοις
647 1683 811 1719 ῥοιζήμασιν
827 1683 870 1711 ἀεὶ
886 1684 945 1711 δια-

145 1726 242 1752 πνέων
255 1726 341 1761 ἡμᾶς,
358 1722 381 1752 ὦ
398 1726 529 1763 μακάριε,
557 1727 652 1763 ὥσπερ
678 1729 737 1755 τινὰ
767 1728 893 1765 ποικίλην
911 1730 945 1757 ὲκ

145 1772 284 1799 ποικίλων
293 1772 450 1808 ἀρωμάτων
464 1773 579 1806 εὐωδίας
592 1774 691 1810 ὀσμὴν,
705 1774 754 1810 τὴν
778 1776 810 1802 ὲκ
833 1775 887 1803 τῶν
901 1775 944 1802 λό-

143 1827 207 1853 γων
216 1826 259 1845 σοι
277 1820 380 1845 αἰνεσιν
397 1819 608 1854 παρασκεύασον
622 1821 755 1855 ἐνεγκεῖν.
773 1822 888 1854 Πάντως
902 1822 941 1854 δὲ,

143 1865 280 1899 οὐδεμιᾶς
295 1865 361 1900 ἡμῖν
378 1865 568 1901 μακρηγορίας
590 1866 690 1902 χρεὼν,
707 1867 755 1894 τὸν
777 1868 885 1903 πρῶτον
914 1869 942 1895 ὲν

144 1911 288 1944 θεολόγοις
304 1910 486 1947 προθεμένοις
502 1911 608 1947 ὑμνεῖν.
627 1912 671 1943 '0;
685 1913 740 1948 γὰρ
753 1913 797 1940 ἀεὶ
822 1914 852 1941 τὸ
865 1913 942 1941 Θεῖον

142 1959 176 1985 ἐν
186 1967 217 1985 τε
232 1960 289 1990 τοῖς
303 1959 394 1991 ἄλλοις
410 1960 489 1990 πᾶσι.
498 1961 544 1987 καὶ
554 1960 622 1987 πολῦ
635 1960 714 1988 πλέον
728 1962 784 1994 τοῖς
799 1961 900 1996 λόγοις,
910 1962 942 1989 τὸ

141 2005 250 2040 γοργὸν
262 2006 312 2031 καὶ
338 2006 569 2041 συντετριμμένον
591 2005 832 2043 [συντετμημένον]
848 2007 940 2041 φιλεῖ’

142 2050 227 2085 φίλον
243 2050 272 2077 δὲ
289 2051 378 2083 τοῦτο.
390 2052 438 2079 καὶ
453 2053 509 2083 τοῖς
528 2052 556 2078 ὲν
576 2052 651 2088 αὐτῷ
667 2052 803 2086 θεολογεῖν
831 2052 939 2085 είδόσιν,

142 2096 220 2122 οὕτω
233 2096 385 2131 προσήκειν
398 2096 518 2132 ἠγοῦμαι
543 2096 591 2123 καὶ
614 2096 653 2132 τῷ
678 2096 726 2124 νῦν
739 2097 939 2133 ἐπαινουμένῳ,

142 2141 294 2176 ἀπέριττον
304 2150 334 2167 τε
348 2142 395 2168 καὶ
407 2141 574 2177 σύμμετρον,
588 2142 626 2174 ὡς
644 2141 699 2169 οἷόν
724 2151 765 2176 τε,
790 2143 836 2170 τὸν
860 2143 940 2178 λόγον

143 2189 345 2222 καρποφορεῖν.
361 2188 444 2215 Ὅθεν
465 2189 516 2216 οὐκ
533 2189 588 2216 ἀπὸ
601 2189 655 2217 τῶν
670 2189 722 2222 ἔξω
734 2191 781 2216 καὶ
791 2191 874 2226 γῆθεν
892 2192 939 2218 αὺα
953 2183 976 2212 θ

142 2233 183 2268 τῷ
191 2233 403 2267 παρεπομένων.
412 2235 517 2268 γένους,
526 2236 608 2270 φημὶ,
625 2235 671 2262 καὶ
688 2236 852 2272 πατρίδος,ή
868 2245 939 2269 τινος

154 2279 306 2314 εὐκληρίας
313 2279 430 2314 βίου,τδν
438 2281 561 2316 οὐράνιον
570 2281 652 2317 ἄνδρα
661 2282 841 2317 γνωριοῦμεν·
850 2291 941 2319 περιτ-
959 2289 970 2296 ν’

141 2325 177 2360 τὴ
187 2325 311 2358 γὰρ,καὶ
321 2325 371 2360 οὐχ
380 2325 456 2357 ὅπως
469 2326 508 2360 τῷ
526 2326 685 2362 ὑψηλοτάτῳ
695 2328 744 2362 τῆς
752 2327 881 2362 ἀληθείας
894 2328 940 2355 εὐ-

143 2371 296 2406 αγγελιστῇ
306 2370 375 2397 ’ἀλλ’
383 2370 443 2397 οὐδὲ
462 2372 518 2403 τοῖς
527 2371 617 2406 πολλῷ
629 2372 800 2408 λειπομένοις
809 2374 859 2410 τῆς
872 2375 939 2409 ἀρε-

143 2416 191 2451 τῆς
208 2416 309 2449 ἁγίοις,
320 2416 429 2451 οἰκείαῆ
441 2415 548 2452 θελητὴ,
560 2417 577 2452 ἡ
589 2418 642 2444 ἀπὸ
652 2418 707 2444 τῶν
717 2418 844 2445 τοιούτων
855 2419 938 2454 εὐφη-

146 2461 205 2496 μία.
227 2461 309 2487 Ἀλλά
318 2462 353 2488 τά
363 2462 417 2488 ἀπὺ
427 2462 478 2497 γῆς
490 2462 624 2498 μὲντίμια
631 2465 687 2495 τοῖς
697 2463 751 2490 ἀπὸ
758 2464 809 2499 γῆς
821 2465 937 2500 ἐναϐρύ-

143 2507 240 2533 νεσΘαι
251 2507 388 2543 παρῶμεν
401 2516 408 2524 ι
421 2506 463 2540 οἷς
473 2509 501 2535 δὲ
516 2510 533 2544 ἠ
549 2510 677 2546 γέννησις
693 2510 744 2537 οὐκ
755 2511 784 2543 ἐξ
797 2511 934 2546 αἱμάτων,

142 2553 204 2580 οὑδὲ
230 2554 264 2580 ὲκ
295 2553 450 2589 θελήματος
469 2555 582 2590 γέγονεν
602 2556 698 2592 ἀνδρός
712 2565 720 2572 ·
741 2556 805 2583 ἀλλ’
818 2557 936 2593 ὸΠατὴρ

142 2599 194 2634 μὲν
206 2600 333 2634 οὐράνιος
346 2600 450 2627 ἄνωθεν
462 2601 654 2636 προεγνωκὼς,
671 2603 852 2638 συμμόρφους
866 2603 936 2630 κατὰ.

140 2645 240 2679 καιρὸν
253 2645 392 2679 ἐξελέξατο
419 2647 458 2681 τῷ
482 2648 645 2682 Μονογενεῖ⁶
669 2649 700 2675 τὺ
725 2648 836 2684 Πνεῦμα
859 2649 889 2676 δὲ
905 2649 937 2676 τὸ

141 2690 221 2724 am
238 2690 277 2722 ὡς
301 2692 390 2725 ἁγίοις
414 2692 688 2728 ἑπαναπαυσάμενον,
715 2693 763 2721 καὶ
787 2694 880 2721 καινὺν
907 2695 936 2720 ὲν

139 2736 236 2768 αὐτοῖς
248 2737 392 2772 ἄνθρωπον
407 2737 455 2765 καὶ
469 2738 571 2774 θεοειδῆ
583 2738 623 2774 τῷ
640 2739 691 2774 τῆς
705 2738 833 2774 ἀληθείας
858 2739 931 2775 λόγῳ

139 2783 328 2818 τεγεννηκὼς,
345 2784 522 2820 υίοθετήσατο
534 2785 573 2820 τῷ
587 2785 647 2820 Θεῷ
658 2806 667 2819 ,
681 2783 792 2817 τούτους
807 2785 931 2812 ἐντεῦθεν

178 2873 233 2901 "ll
247 2873 312 2901 Cor.
331 2882 371 2907 Ill,
386 2874 428 2901 i7.
467 2874 488 2891 "
499 2874 578 2902 Cant.
594 2883 632 2907 ιν,
657 2875 700 2901 i6.
741 2874 761 2891 "
776 2874 853 2902 Joan.
875 2883 894 2908 ι,
912 2875 953 2903 15.

996 1551 1106 1585 replens
1120 1558 1153 1578 ac
1168 1551 1327 1580 fructiferas
1346 1557 1491 1588 praestans.

1030 1691 1205 1727 Ejuscemodi
1223 1691 1346 1724 ﬂatibus,
1372 1693 1527 1721 istiusmodi
1552 1694 1719 1723 stridoribus
1733 1703 1784 1724 nos

994 1743 1103 1772 semper
1115 1737 1243 1772 perﬂans,
1258 1738 1300 1765 vir
1315 1738 1405 1772 beate,
1422 1744 1530 1774 praesta,
1547 1744 1577 1767 ut
1597 1741 1673 1768 velut
1685 1749 1784 1776 quam-

993 1782 1056 1810 dam
1066 1790 1100 1810 ex
1109 1783 1194 1811 variis
1209 1784 1377 1812 aromatibus
1388 1785 1480 1813 odoris
1494 1786 1647 1814 suavissimi
1661 1787 1784 1822 tragran-

993 1829 1069 1863 tiam,
1083 1839 1145 1865 quae
1155 1831 1330 1859 sermonibus
1343 1832 1454 1866 texitur,
1468 1833 1576 1861 laudem
1604 1834 1653 1861 tibi
1680 1834 1781 1874 otl'era-

992 1883 1063 1903 mus.
1073 1875 1190 1904 Omnino
1201 1877 1272 1904 enim
1283 1877 1351 1905 nihil
1361 1878 1440 1905 nobis
1451 1879 1556 1913 prolixa
1565 1874 1634 1914 opus
1647 1880 1780 1914 oratione,

992 1921 1093 1956 quibus
1117 1921 1258 1948 incumbat
1271 1926 1301 1949 ut
1311 1922 1429 1957 primum
1446 1923 1518 1951 inter
1534 1923 1675 1959 theologos
1687 1925 1782 1953 laude—

991 1974 1063 1994 mus.
1082 1966 1317 2000 Quemadmodum
1337 1968 1411 1995 enim
1426 1969 1509 2002 Deus,
1525 1977 1588 1997 cum
1612 1970 1639 1997 in
1668 1971 1782 2005 reliquis

991 2012 1130 2045 omnibus,
1145 2016 1203 2039 tum
1217 2012 1317 2047 potiori
1331 2013 1411 2048 longe
1431 2013 1535 2041 ratione
1550 2013 1578 2041 in
1595 2015 1779 2048 sermonibus,

992 2057 1020 2085 id
1045 2061 1119 2084 amat
1134 2056 1207 2092 quod
1226 2064 1288 2083 acre
1304 2064 1336 2083 ac
1352 2056 1434 2084 breve
1459 2062 1501 2085 est
1516 2066 1523 2090 ;
1554 2063 1646 2085 amant
1672 2067 1738 2087 vero
1751 2065 1781 2088 ot

992 2102 1039 2138 qui
1055 2101 1148 2129 divina
1165 2104 1284 2128 tractare
1305 2105 1409 2128 norunt
1424 2109 1433 2128 :
1447 2102 1487 2129 sic
1498 2106 1526 2129 et
1536 2102 1574 2129 illi
1592 2111 1673 2138 quem
1687 2104 1781 2132 lauda-

992 2155 1053 2175 mus
1068 2147 1216 2175 convenire
1233 2146 1371 2179 existimo,
1389 2150 1420 2174 ut
1432 2147 1584 2175 orationem
1597 2148 1710 2175 minime
1734 2156 1781 2176 su-

992 2192 1137 2229 perﬂuam,
1162 2199 1194 2220 ac
1219 2193 1308 2220 modis
1323 2192 1382 2220 suis
1396 2192 1555 2225 coercitam,
1579 2193 1668 2228 quoad
1693 2193 1778 2227 licet,

992 2239 1151 2267 offeramus.
1163 2238 1346 2272 Quamobrem
1360 2246 1375 2265 a
1391 2238 1466 2265 nullo
1474 2246 1570 2266 eorum
1594 2247 1654 2274 quae
1675 2241 1780 2267 extrin-

991 2292 1071 2312 secus
1085 2287 1160 2316 sunt,
1176 2288 1204 2311 et
1219 2287 1327 2310 terrena
1346 2283 1424 2318 quasi
1449 2283 1602 2317 appendice
1627 2288 1780 2318 sequuntur

991 2329 1129 2364 (prosapia
1135 2328 1240 2356 scilicet
1247 2332 1329 2363 atque
1336 2328 1424 2363 patri‘a
1440 2328 1529 2355 ullave
1538 2328 1630 2355 saeculi
1642 2328 1778 2365 claritate)

988 2374 1079 2402 virum
1092 2375 1230 2402 caelestem
1255 2373 1456 2402 celebrabimus
1484 2373 1631 2409 (superﬂua
1645 2375 1732 2408 enim,
1747 2383 1780 2404 ac

988 2420 1091 2448 nedum
1108 2420 1262 2447 celsissimo
1272 2419 1396 2447 veritatis
1406 2419 1590 2454 evangelista,
1620 2420 1667 2448 sed
1687 2428 1779 2456 neque

988 2466 1091 2493 sanctis
1113 2465 1148 2493 ab
1171 2466 1231 2501 ejus
1244 2466 1322 2500 longe
1339 2465 1442 2492 virtute
1470 2465 1583 2493 remotis
1609 2466 1778 2494 conveniens

988 2516 1036 2539 aut
1052 2511 1162 2547 placita,
1178 2519 1239 2547 quas
1255 2519 1290 2538 ex
1306 2511 1407 2539 talibus
1434 2511 1556 2540 laudatio
1582 2515 1647 2547 est).
1676 2513 1778 2541 Verum

988 2558 1105 2586 terrenis
1121 2558 1290 2585 ornamentis
1304 2557 1449 2592 superbire
1462 2566 1510 2585 eos
1526 2558 1651 2587 sinamus
1677 2564 1705 2587 et
1720 2561 1779 2595 glo-

987 2605 1064 2636 riari,
1080 2604 1128 2639 qui
1142 2610 1207 2631 sunt
1221 2611 1237 2631 e
1259 2608 1330 2631 terra
1346 2612 1354 2631 :
1370 2604 1471 2639 quibus
1485 2609 1577 2632 autem
1590 2606 1719 2633 nativitas
1737 2611 1777 2633 at-

987 2658 1041 2685 que
1057 2650 1133 2685 origo
1153 2657 1208 2677 non
1219 2657 1253 2676 ex
1265 2649 1456 2684 sanguiuibus,
1469 2658 1520 2678 nec
1530 2658 1564 2678 ex
1574 2652 1714 2678 voluntate
1726 2650 1776 2677 viri

987 2696 1086 2731 obtigit
1100 2696 1122 2712 ‘9
1138 2704 1146 2727 ς
1159 2695 1208 2724 sed
1225 2695 1306 2723 Pater
1317 2696 1429 2730 quidem
1443 2696 1565 2724 caelestis
1578 2697 1644 2724 olim
1671 2703 1775 2731 praeco-

985 2741 1087 2777 gnitos,
1103 2748 1154 2777 pro
1175 2745 1298 2776 tempore
1318 2741 1474 2770 conformes
1494 2743 1578 2778 elegit
1606 2741 1774 2776 Unigenito;

986 2786 1106 2822 Spiritus
1120 2790 1232 2814 sanctus
1246 2791 1349 2820 autem,
1368 2791 1398 2815 ut
1410 2788 1456 2824 qui
1474 2788 1501 2815 in
1517 2787 1619 2815 sanctis
1640 2786 1773 2820 conquie-
