2072 3160
275 181 327 217 103

888 180 1035 211 NICETJ‘}
1056 177 1322 209 PAPIILAGONIS

1870 171 1922 203 104

274 246 319 270 cat
330 241 354 258 ὀ
366 261 373 274 ,
391 240 514 276 atquein
525 239 567 267 eis
577 247 680 267 novum
711 239 849 266 hominem
871 244 903 264 ac
915 237 1075 263 Deilormcm

1133 234 1278 268 ὑμνεῖσθαι
1293 233 1341 260 καὶ
1357 231 1558 268 θαυμάζεσθαι,
1573 233 1602 258 ὲν
1615 231 1653 267 τῷ
1670 230 1777 266 Κυρίῳ,
1793 229 1865 257 κατά
1878 230 1923 256 λό-

274 294 403 316 sermone
416 286 544 314 veritatis
560 286 662 321 gignat.
674 286 700 312 in
714 284 784 311 lilios
799 284 855 311 Deo
868 282 1009 317 adoptavit
1022 281 1072 314 m;

274 334 292 360 ii
310 333 374 360 inde
389 331 537 360 laudentur
552 339 584 359 ne
612 330 788 358 admirationi
816 328 981 359 habeantur,
1001 334 1074 362 quo-

1128 288 1187 314 για,
1203 279 1291 314 ψυχὴν
1317 279 1541 314 ἐπαινουμένους,
1559 278 1607 306 καὶ
1619 278 1657 310 ὡς
1675 278 1772 313 ἥδιστα
1786 277 1825 312 τῷ
1839 277 1924 313 οὐρα-

1129 326 1178 361 νίῳ
1192 325 1438 360 συνδοξαζομένους
1452 324 1550 358 Πατρί.

274 386 346 409 rum.
365 379 442 414 juxta
457 386 533 405 sacra
547 377 667 412 eloquia,
683 376 710 403 in
734 376 850 403 Domino
867 373 996 401 laudetur
1009 372 1143 405 animus;
1169 371 1273 406 quique
1297 370 1366 398 adeo
1394 377 1457 397 cum
1487 369 1590 397 cmlesti
1618 370 1698 397 Patre
1723 368 1921 405 jucundissime

274 424 450 453 celebrentur
461 425 496 451 “.

311 469 377 497 inde
402 469 510 497 cunctis
523 469 634 504 quidem
647 468 750 496 sanctis
765 473 827 503 apta
839 467 973 496 laudatio.
997 467 1076 494 velut

275 522 309 542 ex
327 523 382 541 uno
396 514 476 541 Patre
497 514 633 541 luminum
646 513 880 548 prognatis;cum
899 512 996 548 primis
1007 519 1074 539 vero

280 559 440 594 coryphmis
471 558 728 593 antiquissimisque
754 557 837 586 Verbi
867 557 1001 592 theologis
1017 566 1025 589 ;
1041 565 1076 584 ex

275 606 376 640 quibus
399 605 497 632 Petrus
517 605 629 639 quidem
648 608 777 639 tanquam
801 604 863 631 ﬁdei
883 608 960 639 petra
974 604 1074 630 ﬁrmis-

275 653 430 685 simumque
459 650 669 677 fundamentum
698 650 803 677 honore
840 650 968 684 praelatus
997 654 1039 676 est
1065 658 1073 676 :

222 720 225 722 .
274 697 393 724 Iacobus
412 705 488 729 vero,
506 696 593 731 utqui
628 697 734 731 primus
759 697 958 731 apostolorum,
981 695 1076 723 ealicis

275 751 307 770 ac
323 743 495 778 baptismatis
507 742 646 777 passionis
664 742 774 769 Christo
797 741 899 773 socius,
915 747 1073 776 sancteque

275 787 338 814 ﬁdei
360 788 433 814 basis
450 786 554 814 sanctis
579 791 653 814 esset
671 786 794 814 futurus.
815 786 856 813 Tu
870 793 947 819 vero,
977 794 993 813 ο
1007 786 1074 813 bea-

276 834 326 861 te!
347 841 454 860 summa
488 832 645 867 apostolica:
669 834 821 868 majestatis
853 840 918 860 arce
942 836 1052 866 arrepta
1068 852 1076 864 ,

1172 462 1314 490 Ἐντεῦθεν
1325 463 1393 489 πᾶσι
1419 462 1469 498 μὲν
1486 463 1574 497 ἁγίοις
1596 461 1743 498 προσήκων
1764 462 1779 488 ὸ
1803 461 1922 492 ἔπαινος,

1129 509 1168 542 ὠς
1182 509 1213 542 ἐξ
1224 509 1284 541 ἑνὸς
1295 508 1343 536 τοῦ
1353 509 1409 535 τῶν
1425 509 1523 543 φώτων
1535 508 1718 543 γεννωμένοις
1743 507 1848 543 Πατρός
1857 515 1864 523 ο
1874 507 1923 542 οὐχ

1128 556 1230 590 ἥκιστα
1252 555 1281 582 δὲ
1309 556 1368 587 τοῖς
1395 555 1556 590 κορυφαίοις
1579 554 1626 581 καὶ
1649 553 1846 590 πρεσϐυτάτοις
1876 553 1922 580 τοῦ

1127 602 1215 636 Λόγου
1225 601 1376 636 οεολόγοις·
1393 599 1431 628 ὧν
1448 602 1551 636 Πέτρος
1577 601 1636 636 μὲν,
1650 600 1688 632 ὡς
1710 601 1761 635 τῆς
1785 601 1860 635 ἱερᾶς
1876 600 1922 626 πί-

1129 657 1214 679 στεως
1243 649 1329 683 πέτρα
1361 649 1408 675 καὶ
1440 647 1566 683 ἀρραγὴς
1594 647 1766 682 προετιμήθη
1803 645 1921 682 κρηπίς·

1133 694 1262 726 Ὶάκωσος
1279 694 1318 726 δὲ,
1337 694 1375 726 ὡς
1402 694 1509 729 πρῶτος
1523 694 1576 721 τῶν
1593 693 1749 720 ἀποστόλων
1777 693 1816 727 τῷ
1841 701 1925 727 ποτη-

1129 740 1179 776 ρίῳ
1195 741 1242 767 καὶ
1257 740 1296 775 τῷ
1308 739 1354 766 τοῦ
1367 740 1470 771 πάθους
1480 739 1648 774 βαπτίσματι
1662 739 1802 765 κοινωνεῖν
1818 738 1924 772 μέλλων

1128 785 1253 821 Χριστῷ,
1270 785 1318 812 καὶ
1331 785 1410 820 βάσις
1422 785 1503 818 ἀγίας
1527 784 1634 816 ἐλπίδος
1650 785 1706 812 τοῖς
1723 783 1812 818 ἁγίοις
1827 784 1924 818 ἐσόμε-

1129 841 1184 864 νος.
1201 831 1236 858 Σὺ
1247 831 1286 863 δὲ,
1303 829 1325 859 ὦ
1354 832 1457 867 μάκαρ,
1483 831 1532 866 τὴν
1556 832 1643 866 ἄκραν
1672 831 1723 865 τῆς
1742 830 1924 864 ἀποστολικῆς

276 883 307 906 ut
336 879 381 914 qui
394 886 551 913 supremam
580 878 714 905 virtutum
731 878 904 914 (cliaritatem
919 877 994 912 dico)
1022 885 1075 913 prae

1132 878 1372 914 μεγαλοπρεπείας
1388 878 1537 910 κατέλαϐες
1557 879 1690 913 κορυφὴν,
1705 878 1741 909 ὡς
1770 877 1821 914 τὴν
1838 878 1923 912 ἀκρο-

280 926 389 952 cunctis
405 925 479 952 illius
492 924 668 952 consortibus
685 924 825 956 dilexeris.
850 924 1006 959 eximieque
1023 924 1074 951 tibi

280 971 326 998 illa
341 971 488 1006 placueris,
507 978 539 998 ac
555 978 662 998 summe
673 978 733 998 eam
751 970 891 1003 colueris;
908 970 992 1005 inque
1020 977 1053 997 ea
1066 990 1074 1002 ,

278 1025 345 1045 vere
362 1018 464 1044 dilecto
479 1025 511 1044 ae
523 1017 687 1044 charissimo
701 1017 757 1045 Deo
775 1018 864 1045 Verbo
893 1017 997 1053 Deique
1006 1017 1074 1046 Uni-

278 1063 381 1098 gcnito.
400 1063 607 1090 necessitudine
618 1063 763 1091 devinctus
776 1064 824 1090 sis.
839 1064 942 1099 Nempe
955 1064 1009 1092 hoc
1024 1063 1075 1091 tibi

277 1110 362 1137 animi
380 1110 552 1137 incitationis
564 1111 722 1146 summique
737 1111 763 1138 in
780 1111 864 1138 Deum
880 1120 1011 1140 ascensus
1023 1112 1076 1139 ini-

278 1155 358 1182 tium.
368 1155 426 1183 Hoc
442 1163 470 1183 et
480 1160 578 1183 vestrae
591 1161 654 1183 nota
664 1157 775 1191 propria
789 1161 871 1191 atque
888 1158 994 1193 insigne
1008 1158 1076 1185 bea-

278 1201 365 1228 titatis
376 1221 383 1232 ,
394 1201 611 1235 pulcherrimum
622 1202 936 1238 peculiarissimumque,
950 1211 982 1231 ac
992 1211 1075 1238 quam

279 1247 397 1274 maxime
413 1247 560 1282 singularis
573 1247 710 1282 gloriatio,
724 1248 798 1274 velut
815 1255 870 1282 pra:
898 1249 1000 1276 sanctis
1010 1249 1075 1276 reli—

286 1292 343 1327 quis
354 1293 440 1327 magis
455 1293 576 1328 propria,
585 1293 650 1320 Jesu
662 1302 760 1329 nempe
769 1295 880 1322 dilectio
894 1304 900 1327 ;
915 1303 968 1330 qua
980 1296 1075 1330 utique

285 1339 433 1366 suavissimi
449 1340 547 1365 mentis
563 1344 661 1366 vestra:
677 1339 801 1372 decoris,
814 1339 970 1375 divimeque
981 1340 1076 1367 formae

277 1383 434 1419 praestantia
447 1383 588 1411 elucescit.
603 1383 839 1416 Quemadmodum
854 1385 927 1412 cnim
948 1385 1017 1413 nihil
1040 1385 1073 1412 ad

278 1430 398 1464 speciem
409 1430 508 1465 majus,
524 1438 559 1457 ne
581 1430 676 1457 subtili
691 1431 803 1465 quidem
833 1431 952 1467 cogitatu
972 1432 1076 1459 assumi

277 1479 370 1510 queat,
379 1475 504 1510 specioso
516 1476 602 1503 forma
610 1484 665 1511 pra:
674 1476 736 1503 ﬁliis
743 1477 936 1504 hominum'”:
946 1477 986 1505 sic
995 1485 1076 1513 quem

278 1520 324 1548 ille
348 1521 523 1556 singulariter
537 1523 649 1555 amavit,
670 1523 773 1557 primas
786 1523 880 1558 utique
912 1523 997 1550 animi
1014 1524 1077 1558 pul-

1129 925 1215 959 τάτην
1230 924 1284 951 τῶν
1296 924 1413 959 ἀρετῶν,
1428 925 1478 959 τὴν
1491 924 1603 958 ἀγάπην
1621 923 1654 959 δὴ
1673 923 1756 956 λέγω,
1773 923 1848 959 παρά
1861 923 1925 956 τοὺς

1131 970 1263 1006 μετόχους
1277 969 1361 1005 αὐτῆς
1374 971 1477 1001 πάντας
1494 969 1657 1005 ἠγαπηκὼς,
1675 970 1723 996 καὶ
1740 968 1926 1004 ὑπερὸαλλόν-

1129 1026 1183 1048 τως
1198 1015 1344 1052 ᾑρετικὼς,
1359 1016 1406 1043 καὶ
1420 1017 1514 1051 ἄκρως
1529 1015 1730 1051 κατωρθωκὼς,
1748 1016 1796 1042 καὶ
1812 1016 1840 1042 έν
1854 1016 1923 1052 αὐτῇ

1129 1062 1167 1098 τῷ
1179 1062 1265 1094 ὅντως
1284 1062 1420 1098 ἀγαπητῷ
1437 1062 1497 1097 Θεῷ
1515 1062 1593 1096 Λόγῳ
1609 1061 1656 1089 καὶ
1682 1061 1729 1088 τοῦ
1745 1060 1813 1088 Θεοῦ
1839 1070 1925 1097 προσ-

1130 1109 1308 1144 ῳκειωμένος
1321 1109 1481 1143 Μονογενεῖ.
1493 1108 1578 1135 Τοῦτό
1590 1117 1631 1135 σοι
1647 1108 1693 1135 καὶ
1705 1108 1776 1143 ἀρχὴ
1791 1108 1840 1142 τῆς
1856 1108 1924 1143 πρὸς

1130 1155 1176 1181 τὸν
1201 1155 1267 1182 Θεὸν
1280 1155 1385 1191 ὑπῆρξε
1406 1155 1539 1190 κινήσεως
1551 1154 1599 1181 καὶ
1614 1154 1770 1189 ἀναγωγῆς.
1782 1154 1866 1180 Τοῦτο
1877 1154 1924 1180 καὶ

1130 1201 1276 1236 γνώρισμα
1293 1200 1343 1236 τῆς
1359 1201 1560 1236 μακαριότητος
1577 1201 1653 1236 ὑμῶν
1668 1193 1813 1227 κάλλιστόν
1828 1209 1858 1226 τε
1875 1201 1922 1227 καὶ

1133 1248 1290 1280 ίδιαίτατον,
1302 1247 1349 1274 καὶ
1366 1247 1498 1282 καύχημα
1509 1247 1656 1281 ἐξαίρετον,
1674 1244 1730 1272 οἷον
1744 1246 1798 1272 τῶν
1815 1247 1924 1273 πάντων

1132 1293 1233 1328 μᾶλλον
1248 1293 1333 1327 ἁγίων
1346 1293 1599 1327 ἀποκληρούμενον,
1617 1293 1633 1326 ἡ
1643 1292 1737 1327 ἀγάπη
1755 1291 1801 1318 τοῦ
1816 1291 1922 1326 Ἰησοῦ,

1131 1338 1168 1365 δι’
1181 1336 1215 1374 ἧς
1228 1339 1245 1374 ὴ
1262 1338 1399 1374 ὑπερϐολὴ
1413 1339 1462 1374 τῆς
1485 1339 1583 1374 νοερᾶς
1612 1338 1689 1372 ὑμῶν
1719 1337 1885 1372 εὐπρεπείας
1904 1337 1921 1373 ἢ

1131 1385 1280 1417 Θεοειδείας
1295 1385 1524 1420 παραδεῐκνυται.
1541 1385 1649 1420 Ὥσπερ
1661 1384 1715 1419 γὰρ
1726 1383 1808 1410 οὐδὲν
1822 1383 1924 1417 ὡραιό-

1130 1439 1210 1466 τερον
1223 1431 1270 1457 τοῦ
1286 1430 1390 1466 ὡραίου
1407 1430 1500 1457 κάλλει
1514 1429 1590 1465 παρὰ
1608 1430 1671 1461 τοὺς
1691 1429 1768 1461 υἱοὺς
1794 1429 1848 1455 τῶν
1875 1430 1924 1456 ἀν-

1131 1476 1259 1512 θρώπων,
1274 1477 1335 1504 οὐδὲ
1348 1478 1381 1512 τῇ
1398 1477 1507 1512 ἐπινοίᾳ
1525 1476 1636 1503 δυνατὸν
1647 1476 1738 1502 λαὸεῖν
1748 1484 1756 1491 ·
1783 1474 1854 1502 οὕτω
1875 1474 1924 1502 καὶ

1130 1524 1160 1550 ὃν
1176 1523 1323 1559 ἐξαιρέτως
1334 1523 1462 1559 ἐφίλησεν
1488 1524 1602 1555 ἐκεῖνος,
1618 1523 1651 1549 τὰ
1672 1521 1804 1558 πρεσὸεῖα
1822 1521 1924 1556 δηλαδὴ

279 1567 445 1594 chritudinis
469 1567 550 1595 laude
577 1576 632 1603 prae
644 1568 758 1603 reliquis
778 1569 910 1596 retulerit.
929 1569 986 1597 Nec
1003 1569 1075 1596 enim

1133 1570 1202 1606 πρὸς
1220 1570 1284 1602 τοὺς
1294 1569 1393 1602 ἄλλους
1407 1570 1456 1605 τῆς
1481 1570 1578 1605 νοερᾶς
1604 1569 1747 1596 ἀποίσεται
1779 1568 1922 1603 καλλονῆς.

280 1612 350 1639 adeo
365 1611 484 1639 dilectus
501 1618 585 1646 esset,
607 1618 637 1640 ut
648 1618 675 1641 et
692 1622 747 1641 una
762 1614 819 1642 fere
838 1615 911 1642 illius
926 1620 990 1642 nota
1009 1623 1076 1650 pro-

279 1657 396 1693 priaque
421 1657 564 1685 distinctio
582 1659 702 1686 Charitas
726 1659 798 1686 foret
827 1668 860 1686 ac
878 1660 999 1691 dilectio,
1024 1660 1078 1688 nisi

279 1702 426 1736 probitatis
436 1710 599 1738 morumque
616 1705 748 1737 lenitatis,
763 1710 844 1740 atque
862 1705 909 1732 Dei
925 1706 1074 1733 simulacro

280 1747 414 1774 bonitatis
425 1748 605 1781 abundantia.
616 1751 734 1779 maxima
750 1759 812 1779 cum
827 1752 959 1787 diligente
975 1761 1074 1780 neces-

281 1793 414 1826 situdine,
430 1801 446 1821 a
462 1801 491 1822 se
507 1803 617 1830 quoque
632 1803 706 1824 certa
720 1798 837 1832 quadam
855 1799 962 1826 ratione
978 1807 1010 1826 ac
1027 1807 1078 1834 pro

281 1839 405 1871 modulo,
419 1840 596 1868 dilectionem
612 1843 669 1877 ipse
684 1844 857 1871 contulisset.
872 1844 989 1879 Diligere
1001 1845 1076 1872 enim

282 1892 330 1912 eos
360 1886 407 1920 qui
423 1886 513 1921 ipsum
539 1893 641 1921 ament,
661 1888 762 1916 diserte
775 1889 938 1925 pronuntiat
965 1890 1013 1918 Dei
1031 1898 1077 1918 sa-

281 1931 386 1966 pientia
402 1933 436 1959 ¹¹.

316 1987 431 2014 Omnem
452 1988 537 2024 igitur
560 1988 680 2017 divinam
696 1990 833 2018 actionem
848 1999 1011 2026 omnemque
1020 1991 1078 2019 exi-

281 2033 364 2060 miam
379 2034 654 2069 contemplationem,
665 2036 739 2063 velut
753 2044 786 2063 ex
819 2037 937 2071 quadam
967 2037 1074 2070 radice,

281 2087 315 2106 ex
334 2079 437 2107 Christi
463 2080 491 2107 in
521 2088 554 2108 eo
570 2080 720 2108 dilectione
744 2090 876 2117 surgere:
897 2091 930 2109 ac
941 2083 1076 2118 quidquid

282 2127 377 2158 ageret
393 2128 441 2151 aut
453 2125 624 2159 loqueretur,
635 2126 791 2154 dilectionis
805 2127 925 2155 fructum
934 2136 1009 2161 esse;
1021 2137 1076 2163 qua

284 2169 329 2197 ille
343 2175 417 2197 totus
429 2171 566 2198 excedens
580 2173 747 2200 accontinne
756 2174 834 2208 quasi
847 2175 993 2209 emigrans,
1003 2183 1076 2202 sem-

281 2222 332 2249 per
343 2215 453 2249 quidem
471 2215 497 2242 in
514 2224 547 2243 ea
567 2216 652 2244 Deum
678 2218 861 2246 contuebatur
874 2220 916 2249 ης

1131 1616 1200 1643 Οὐδὲ
1215 1616 1269 1652 γὰρ
1286 1616 1319 1643 ἂν
1329 1616 1376 1642 ἐπὶ
1389 1616 1518 1643 τοσοῦτον
1529 1615 1668 1651 ἡγὰπητο,
1694 1615 1731 1646 ὡς
1754 1614 1803 1642 καὶ
1819 1614 1924 1642 ἀπἀὐ-

1129 1663 1181 1698 τῆς
1193 1663 1278 1699 μόνης
1291 1663 1385 1698 σχεδὸν
1405 1664 1453 1698 τῆς
1476 1663 1588 1698 ἀγάπης
1618 1661 1880 1698 χαρακτηρίζεσθαι,
1898 1661 1922 1687 εἰ

1131 1709 1171 1745 μὴ
1186 1709 1332 1745 περιουσίᾳ
1346 1709 1588 1744 χρηστότητοςκαὶ
1599 1708 1796 1744 θεομιμησίας,
1811 1707 1923 1739 οἰκείως

1129 1752 1188 1791 εἶχε
1203 1756 1272 1791 πρὸς
1283 1755 1330 1782 τὸν
1356 1755 1517 1790 ἀγαπῶντα,
1543 1756 1589 1782 καὶ
1611 1755 1660 1790 τὴν
1686 1753 1859 1791 παρ’ἐαυτοῦ
1876 1762 1923 1788 φι-

1128 1801 1189 1828 λίαν
1217 1801 1356 1835 ἀναλόγως
1386 1800 1576 1836 εἱσηνέγκατο.
1605 1801 1676 1832 Τοὺς
1702 1800 1756 1835 γὰρ
1778 1798 1923 1834 φιλοῦντας

1128 1847 1213 1882 αὐτὴν
1232 1847 1354 1883 ἀγαπᾷν,
1380 1848 1397 1882 ή
1410 1847 1458 1874 τοῦ
1489 1846 1558 1873 Θεοῦ
1574 1846 1725 1882 διαρρήδην
1737 1845 1921 1880 ἀποφαίνεται.

1129 1893 1222 1928 σοφία.

1163 1989 1258 2017 Πᾶσαν
1274 1990 1365 2017 τοίνυν
1374 1990 1476 2026 πρᾶξιν
1489 1989 1598 2025 οεοτελῆ
1621 1990 1669 2016 καὶ
1697 1989 1814 2025 θεωρίαν
1836 1989 1923 2024 ὑπερ‹

1127 2037 1183 2070 φυᾶ
1196 2037 1297 2068 πᾶσαν,
1314 2037 1441 2071 καθάπερ
1459 2036 1493 2062 ἑκ
1512 2045 1584 2067 τινος
1605 2036 1693 2071 ῥίζης,
1718 2036 1768 2070 τῆς
1795 2036 1824 2062 ὲν
1847 2035 1922 2070 αὐτῷ

1128 2082 1288 2117 βλαστάιῆιν
1302 2082 1413 2117 ἀγάπης
1436 2082 1557 2117 Χριστοῦ
1571 2089 1578 2096 '
1597 2082 1646 2108 καὶ
1667 2082 1720 2108 πᾶν
1734 2081 1764 2107 τὸ
1791 2081 1823 2107 δι’
1837 2081 1920 2107 αὑτοῦ

1126 2129 1267 2164 γινόμενον
1281 2129 1297 2164 ἢ
1309 2128 1467 2163 λεγόμενον,
1484 2129 1595 2163 ἀγάπης
1611 2126 1684 2154 εἶναι
1714 2127 1830 2162 καρπον,
1857 2128 1921 2154 καθ’

1126 2175 1160 2210 ὴν
1173 2176 1277 2206 ἐκεῖνος
1292 2174 1409 2207 ὲξεστὼς
1424 2175 1486 2206 ὅλος
1501 2176 1548 2201 καὶ
1563 2174 1708 2205 διαπαντὸς
1726 2174 1865 2209 ἐκδημῶν,
1877 2175 1921 2201 ἀεὶ

909 2228 917 2253 ;
948 2220 1073 2255 hancque
1092 2233 1114 2261 Β
1130 2221 1178 2255 μὲν
1196 2220 1271 2255 ἑώρα
1279 2220 1325 2246 τὸν
1337 2220 1402 2246 Θεὸν
1413 2221 1442 2245 ὲν
1451 2220 1519 2254 αὐτῇ
1530 2227 1537 2233 ·
1553 2219 1656 2254 ταύτην
1669 2219 1698 2245 δὲ
1711 2219 1767 2254 ᾔδει
1783 2219 1921 2254 πλήρωμα

283 2261 352 2287 adeo
373 2260 472 2288 divinze
483 2261 552 2296 legis
566 2262 778 2296 plenitudinem,
799 2264 940 2299 Deumque
965 2273 1026 2292 esse
1045 2274 1075 2293 ac

1129 2265 1212 2299 νόμου
1231 2265 1311 2296 Θεοῦ,
1327 2265 1375 2290 καὶ
1391 2265 1458 2291 Θεὸν
1484 2262 1567 2291 οὖσαν
1600 2265 1647 2291 καὶ
1675 2264 1862 2295 θεοποιοῦσαν,
1889 2264 1922 2290 τὰ.

284 2306 409 2333 dcilicam
427 2312 539 2334 noverat
553 2316 560 2339 ;
575 2308 655 2343 cujus
669 2309 774 2336 scilicet
787 2315 920 2343 extrema,
934 2311 1072 2345 perfectis-

283 2352 352 2379 sima
368 2353 613 2387 imperturbatione
626 2362 658 2382 ac
677 2360 769 2382 mente
797 2356 955 2391 purissima,
979 2362 1077 2384 nactus

283 2404 357 2426 esset
368 2399 417 2427 ""2

320 2454 458 2482 Caeterum
475 2456 627 2487 videamus.
653 2456 726 2484 unde
743 2465 758 2484 a
776 2457 912 2492 principio
931 2462 1032 2490 motus.
1049 2463 1077 2486 et

284 2509 337 2535 qua
353 2506 500 2535 provectus
516 2510 548 2529 ac
564 2502 712 2537 proﬁciens
741 2503 795 2533 via.
831 2504 865 2530 ad
896 2504 1075 2538 perfectionis

285 2545 356 2573 hanc
372 2547 511 2581 speculata
533 2548 682 2576 subvectus
696 2548 742 2575 sit.
755 2549 814 2576 Jam
832 2549 905 2576 enim
921 2558 1017 2584 magna
1028 2558 1076 2578 ve-

286 2599 369 2625 raque
384 2591 444 2618 luce
457 2592 492 2619 iis
508 2598 615 2624 exorta,
629 2593 676 2628 qui
690 2594 824 2621 sedebant
841 2595 868 2621 in
888 2595 1026 2628 tenebris;
1044 2603 1076 2622 ac

284 2635 395 2670 quidem
405 2637 604 2673 Patrergloriaa,
614 2638 780 2666 Filiumesse
796 2639 999 2671 charissimum,
1013 2648 1076 2667 eum

284 2681 331 2716 qui
347 2672 567 2717 intingebaiur,e
580 2684 658 2711 cmlis
669 2684 810 2712 intonante
819 2685 842 2700 “
860 2694 867 2718 ;
880 2693 896 2712 e
911 2689 983 2712 terra
998 2694 1075 2718 vero,

284 2727 344 2761 ipso
369 2729 414 2762 qui
432 2729 711 2764 intingebat,Agnum
735 2730 782 2758 Dei
799 2739 859 2758 esse
890 2736 1008 2758 testante
1024 2731 1074 2765 ἐι,

284 2773 350 2808 quin
367 2779 396 2801 et
413 2775 515 2809 Spiritu
546 2775 575 2802 in
601 2776 735 2804 columba:
760 2777 853 2811 specie
864 2777 1050 2805 descendente
1065 2796 1073 2810 ,

327 2865 350 2881 ’θ
363 2866 511 2895 Rom.vm.
523 2866 567 2894 ‘29.
601 2867 640 2883 ’θ’
651 2867 708 2896 Jac.
725 2876 743 2899 ι,
757 2868 798 2895 IS.
828 2870 848 2884 "
865 2869 934 2897 l‘sal.
952 2878 1043 2899 Χχχιιι,
1054 2871 1080 2897 5.

1128 2311 1231 2346 ἔσχατα
1241 2311 1344 2345 ταύτης
1361 2310 1481 2346 ἀπαθείᾳ
1503 2310 1658 2346 τελειοτάτη
1678 2310 1725 2337 καὶ
1741 2309 1779 2345 νῷ
1793 2310 1921 2344 καῦαρω-

1100 2391 1102 2395 ν
1126 2357 1200 2392 τάτῳ
1211 2355 1393 2392 κατειληφώς.

1169 2457 1240 2484 Ἀλλ’
1251 2457 1363 2491 ἴδωμεν,
1379 2456 1441 2483 ὅθεν
1457 2456 1506 2491 τὴν
1519 2455 1608 2491 ἀρχὴν
1629 2455 1761 2490 κινηθεὶς,
1774 2455 1821 2482 καὶ
1840 2453 1918 2490 δι’ἦς

1124 2503 1293 2538 ἀναγόμενος
1321 2503 1369 2529 καὶ
1391 2502 1555 2537 προκόπτων
1582 2501 1654 2534 ὁδοῦ,
1679 2500 1781 2536 ταύτην
1809 2501 1917 2536 ἐπήρθη

1124 2550 1175 2584 τῆς
1191 2549 1361 2584 τελειότητος
1377 2549 1428 2583 τὴν
1443 2549 1599 2583 περιωπήν.
1616 2548 1696 2582 Ἀρτι
1721 2548 1775 2582 γὰρ
1800 2546 1848 2574 τοῦ
1871 2555 1918 2581 με-

1125 2595 1208 2630 γάλου
1225 2595 1273 2621 καὶ
1287 2593 1415 2629 ἀληθινοῦ
1434 2593 1534 2627 φωτὸς,
1555 2594 1610 2623 τοῖς
1625 2593 1654 2619 ὲν
1678 2592 1768 2618 σκότει
1793 2591 1918 2626 καθημέ-

1125 2649 1180 2672 νοις
1197 2641 1371 2675 ἀνίσχοντος·
1395 2639 1443 2666 καὶ
1463 2638 1566 2665 ἄνωθεν
1595 2637 1645 2672 μὲν
1671 2637 1702 2669 ἐξ
1724 2637 1846 2671 οὐρανῶν
1870 2636 1918 2663 τοῦ

1129 2686 1237 2722 ιιατρδς
1250 2686 1300 2721 τῆς
1316 2685 1396 2720 δόξης
1412 2684 1554 2719 ἀγαπητὸν
1576 2683 1640 2710 Υίὺν
1656 2681 1726 2710 εἶναι
1750 2683 1796 2709 τὸν
1822 2682 1919 2717 βαπτι-

1129 2731 1244 2766 ζόμενον
1260 2730 1496 2765 ὲμὸροντήσαντος
1507 2736 1514 2744 ·
1531 2728 1653 2756 κάτωθεν
1666 2728 1694 2755 δὲ
1703 2728 1750 2755 τοῦ
1771 2728 1918 2763 βαπτίζον-

1129 2786 1186 2811 τος,
1206 2778 1304 2813 ’Δμνὸν
1315 2774 1387 2804 εἶναι
1400 2775 1449 2803 τοῦ
1464 2775 1532 2803 Θεοῦ
1555 2775 1652 2804 τοῦτον
1669 2776 1898 2812 μαρτυρήσαντος
1909 2782 1917 2789 ·

1123 2870 1162 2886 ιι*
1172 2870 1242 2897 Psal.
1261 2870 1368 2901 x'mv,3.
1393 2870 1415 2884 "
1436 2869 1514 2897 Prov.
1527 2877 1586 2901 vm,
1607 2869 1647 2896 l7.
1687 2869 1709 2885 “
1720 2868 1742 2896 ll
1753 2867 1817 2896 Cor.
1831 2875 1859 2902 ν,
1874 2866 1919 2896 14.

286 2901 325 2917 ’³⁸⁸
340 2901 480 2935 Romam,
497 2903 546 2935 lt);
564 2903 572 2931 Ι
587 2903 665 2931 Joan.
678 2912 714 2937 iv,
732 2905 758 2932 8.
798 2904 819 2919 “
833 2905 882 2932 lsa.
901 2913 937 2938 ix,
954 2906 1003 2938 iii;
1020 2906 1070 2933 Mat

1128 2913 1167 2938 in,
1182 2906 1211 2932 l7
1230 2914 1236 2938 ;
1253 2905 1320 2932 Luc.
1335 2913 1374 2937 Ill,
1386 2905 1421 2932 9.2
1463 2904 1502 2920 ’3'
1514 2904 1591 2932 Joan.
1605 2913 1623 2937 ι,
1644 2904 1689 2931 29.
