2072 3160
213 164 264 196 105

599 162 738 193 ORATIO
758 162 805 193 VI.
820 171 854 180 “-
870 161 909 191 1N
924 159 1078 193 LAUDEM
1098 163 1128 192 S.
1148 161 1307 194 JOANNIS
1325 160 1461 194 EVANG.

1779 163 1830 198 106

213 218 327 248 καὶτοῦ
346 219 504 255 Πνεύματος
529 219 558 247 δὲ
577 219 742 255 περιστερᾶς
768 219 833 247 είδει
848 220 995 253 κατιόντος,

1050 226 1131 256 atque
1145 222 1288 249 amborum
1315 223 1502 250 testimonium
1531 222 1700 260 obsignante,
1732 231 1832 260 praeter

213 266 262 293 καὶ
277 265 328 301 τὴν
344 265 500 300 μαρτυρίαν
515 265 617 299 ἀμφοῖν
631 264 891 300 ὲπισφραγίξοντος,
903 262 948 292 οἷά
955 274 997 297 τις

213 311 310 346 ἡλιακὴ
326 311 394 345 πρὸς
406 311 463 342 τοῖς
487 310 577 342 ἄλλοις
605 310 652 337 τοῦ
683 311 770 345 Λόγου
796 311 923 346 μύσταις,
951 311 997 338 καὶ

212 359 268 388 τοῖς
295 358 363 388 υἱοῖς
394 356 536 383 Ζεϐεδαίου
562 356 715 392 προσέπεσε
749 357 935 392 μαρμαρυγή·
950 358 1017 384 καὶ·

213 404 336 438 καθάπερ
351 403 414 430 τινὰ
434 402 571 438 σπινθῆρα
583 402 712 437 γνώσεως
737 403 937 438 ὲλλαμφθέντες
948 403 996 430 τοῦ

213 449 447 483 μαρτυρουμένου,
459 447 553 482 ἐπειδὴ
571 448 630 483 μετ’
640 447 731 483 ὀλίγον
742 448 840 480 αὐτοὺς
858 449 872 476 δ
890 448 997 484 θεαρχι-

210 493 332 526 κὼτατος
353 494 466 521 ἐκάλεσε
485 494 637 530 παραστὰς,
649 494 708 521 οὐδὲ
726 494 812 530 βραχὺ
835 494 899 528 γοῦν
928 494 998 531 πρὸς

208 543 259 577 τὴν
268 541 366 575 κλῆσιν
375 541 538 569 ἀνεϐάλοντο
546 549 553 556 ·
575 541 607 568 οὗ
619 541 764 577 συνηθείας
772 541 892 574 οἰκείων,
908 541 939 569 οὺ
953 541 997 576 φί-

218 585 284 618 λων,
297 586 347 621 οὺχ
367 586 519 621 ὁμηλίκων,
537 585 594 612 οὗθ’
616 585 684 618 ὅλως
707 587 871 621 συγγενικῆς
893 586 995 622 φιλίας,

210 633 260 658 καὶ
273 631 397 667 ἑταιρίας
408 631 598 667 ἐπεσχέθησαν
609 633 665 664 τοῖς
678 632 788 667 δεσμοῖς
797 639 805 647 '
819 633 887 660 ἀλλά
902 633 949 660 καὶ
962 633 997 660 τὰ

209 678 349 714 προσόντα
360 679 460 712 πάντα,
472 679 520 706 καὶ
535 679 586 714 τὴν
596 678 688 705 ἑστίαν
704 678 755 714 τὴν
778 680 916 715 πατρικήν
927 686 934 695 ·
953 681 996 707 ναὶ

207 724 241 760 δὴ
255 725 303 751 καὶ
315 724 397 751 αὑτὸν
410 724 458 751 τὸν
482 724 589 760 πατέρα
605 725 675 760 μετά
700 725 748 752 τοῦ
765 725 857 752 πλοίου
876 726 924 753 καὶ
947 726 996 760 τῆς

206 769 367 805 ἁλιευτικῆς
385 770 501 805 ἀφέντες
520 769 553 805 (ὢ
577 771 626 805 τῆς
650 770 800 803 πίστεωςῐ)
819 770 996 798 ἀκολουθοῦσι

206 815 249 852 τῷ
267 815 356 851 Ἰησοῦ
373 823 380 831 ·
402 817 432 842 ὲν
445 815 559 852 ἀληθινῇ
574 817 622 843 καὶ
637 816 736 852 γνησίᾳ
745 817 860 853 καρδίας
874 817 996 852 συμφυο-

209 871 292 897 μενοι
309 863 423 898 στοργῇ.

1047 268 1423 304 reliquosVerbidiscipulos,
1442 272 1471 298 in
1485 270 1610 298 Zebedmi
1623 278 1732 306 quoque
1747 272 1829 305 ﬁlios.

1046 315 1121 341 velut
1131 315 1197 343 solis
1213 315 1324 349 quidam
1341 316 1457 344 micatus
1469 321 1498 344 et
1518 317 1648 352 splendor
1659 318 1778 352 cecidit;
1798 326 1831 347 ac

1046 361 1123 396 quasi
1136 360 1254 389 scintilla
1265 362 1391 396 quadam,
1403 363 1472 398 ejus,
1492 363 1537 391 cui
1550 363 1738 391 testimonium
1769 372 1831 400 pera

1046 405 1202 439 bibebatur,
1221 407 1274 435 illis
1287 412 1460 441 coruscante,
1478 416 1542 435 cum
1573 409 1650 437 brevi
1670 414 1732 444 post
1756 410 1830 438 divi—

1046 452 1177 480 nisslmus
1186 452 1231 481 ille
1256 452 1372 488 l‘onsque
1381 453 1494 482 deitatis
1508 453 1569 482 illos
1584 459 1684 490 praesto
1693 461 1830 489 Vocasset.

1045 506 1081 528 ne
1092 505 1230 528 momento
1243 500 1352 536 quidem
1365 501 1478 537 obsequi
1491 501 1667 530 distulerunt.
1680 503 1740 531 Non
1764 512 1832 532 con-

1045 545 1199 574 suetudinis
1213 551 1335 580 soorum,
1349 554 1404 575 non
1417 547 1579 581 amicorum,
1596 554 1651 576 non
1674 549 1830 584 aequalium,

1046 598 1135 627 neque
1149 599 1261 627 prorsus
1275 597 1452 628 cognatorum
1471 594 1661 629 sodaliumque
1679 596 1831 623 necessitu-

1046 639 1120 667 dinis
1135 639 1252 667 vinculis
1267 639 1377 667 inhibiti
1398 644 1463 668 sunt
1478 649 1486 673 ;
1503 640 1550 668 sed
1563 645 1592 668 et
1604 640 1679 668 omni
1704 641 1831 670 substan-

1047 685 1264 721 tia‘paternaque
1277 685 1370 718 domo,
1387 686 1454 721 quin
1477 690 1505 713 et
1519 686 1579 722 ipso
1593 690 1671 722 patre
1698 694 1751 714 una
1767 694 1830 715 cum

1045 739 1114 759 nave
1129 739 1161 759 ac
1185 731 1351 759 navicularia
1362 735 1420 760 arte
1435 728 1540 760 relictis
1569 733 1596 768 (ο
1611 732 1691 759 ﬁdem
1704 732 1724 767 ι)
1737 732 1830 760 Jesum

1045 781 1210 812 sequuntur,
1224 777 1325 806 nedum
1340 785 1466 813 corpore,
1476 777 1524 806 sed
1535 778 1620 813 magis
1629 777 1729 813 spiritu
1741 783 1749 812 ς
1763 784 1830 806 vero

1046 822 1086 851 illi
1102 824 1264 859 sinceroque
1275 823 1365 851 cordis
1378 830 1471 851 amore
1481 824 1612 852 devincti.

242 909 298 936 Καὶ
315 910 375 940 ταῖς
396 908 445 944 μὲν
459 908 552 936 ἀκτῖσι
578 907 633 935 τῶν
647 908 733 943 λόγων
751 909 801 944 τῆς
815 909 926 945 χάριτος
939 910 994 938 τῶν

1080 913 1119 941 Ac
1128 911 1239 948 quidem
1251 921 1409 941 sermonum
1426 914 1529 950 gratim,
1553 914 1647 942 divino
1677 921 1711 942 ex
1723 920 1772 942 ore
1784 921 1831 942 sa.

204 956 240 982 ἐκ
249 955 297 981 τοῦ
308 954 454 990 θεαρχικοῦ
483 955 617 990 στόματος
641 955 836 991 ἐξαλλομένων,
858 956 995 992 περιλαμ-

205 1001 321 1036 πόμενοί
332 1009 362 1028 τε
376 1001 422 1028 τὸν
437 1001 511 1033 νοῦν,
528 1001 576 1028 καὶ
589 1002 631 1033 είς
658 1001 751 1028 καινὸν
779 1003 921 1038 ἄνθρωπον
947 1003 995 1030 καὶ

205 1047 312 1082 θεοειδῆ
341 1047 599 1083 μεταμορφούμενοι
609 1055 616 1063 ·
631 1049 689 1080 τοῖς
704 1048 759 1075 τῶν
780 1048 868 1084 ἔργων
889 1048 917 1075 δὲ
928 1048 994 1076 θαυ-

207 1093 319 1128 μασίοις
333 1095 384 1129 τὴν
415 1094 508 1120 πίστιν
538 1094 758 1130 κραταιούμενοι,
780 1095 827 1122 καὶ
842 1095 948 1131 ἡμέραν
965 1095 995 1128 ἐξ

204 1140 314 1175 ἡμέρας
328 1140 375 1167 τὸν
387 1140 437 1174 τῆς
461 1139 574 1176 ἀγάπης
603 1140 847 1176 ἀναζωπυροῦντες
872 1141 993 1176 πυρσόν”

203 1188 255 1214 καὶ
266 1187 393 1222 καθάπερ
404 1187 438 1214 τὰ
450 1186 505 1213 τῶν
522 1186 615 1221 φυτῶν
637 1187 818 1223 εὐγενέστερα
844 1187 861 1224 ἢ
885 1188 996 1215 εὐθαλέ-

203 1241 301 1268 στερα,
313 1233 364 1268 γῆς
387 1241 417 1259 τε
434 1232 527 1264 πίονος
546 1233 594 1259 καὶ
609 1232 697 1268 καλῆς
719 1232 835 1269 λαχόντα
859 1234 908 1270 τῆς
930 1235 996 1261 ὐπο-

203 1279 336 1314 κειμένης
350 1287 358 1294 ·
377 1278 478 1310 ἱκανῶς
495 1278 523 1304 δὲ
537 1278 585 1305 καὶ
603 1279 652 1314 τῆς
666 1279 743 1314 παρά
756 1279 810 1306 τῶν
834 1280 995 1315 φυτοκόμων

202 1324 354 1359 ἀξιούμενα
366 1324 483 1359 κομιδῆς
492 1332 499 1339 ·
510 1324 608 1351 θᾶττόν
616 1333 646 1351 τε
663 1325 730 1360 πρὸς
745 1324 813 1360 ὕψος
829 1325 994 1360 ἀναδίδοται,

203 1371 252 1397 καὶ
266 1369 514 1406 βαθείαςκαθιέντα
532 1370 621 1406 ῥίζας.
634 1370 779 1406 ἁδρύνεταί
805 1379 835 1397 τε
859 1371 931 1398 κατὰ
947 1371 992 1398 τά·

203 1425 262 1452 χος,
277 1417 326 1443 καὶ
339 1416 435 1449 πολὺν,
452 1416 490 1448 ὼς
522 1416 606 1449 είκὸς,
634 1416 780 1444 ἀποδίδωσι
803 1416 851 1443 τὸν
871 1416 993 1452 καρπόν·

202 1463 291 1494 οὕτως
312 1463 336 1488 οἱ
364 1461 412 1488 τοῦ
439 1462 529 1496 Λόγου
551 1461 731 1498 δοκιμώτατοι
750 1461 880 1497 μαθηταὶ,
910 1462 995 1497 καλῆς

202 1508 247 1536 ὅτι
263 1508 383 1543 μάλιστα
398 1508 445 1534 καὶ
457 1508 565 1543 ἀγαθῆς
580 1507 657 1539 ὅντες
675 1507 804 1540 διανοίας,
817 1505 858 1540 οἷς
878 1508 928 1543 μὲν
941 1508 996 1534 τῶν

203 1554 290 1590 ἱερῶν
299 1554 351 1589 τῆς
364 1553 462 1605 σοφίας
478 1553 579 1589 ὀργίων
600 1553 780 1590 κατηξίωντο,
798 1554 849 1589 τὴν
874 1553 990 1588 καρδίαν
1002 1573 1025 1605 C

202 1599 385 1635 βαθυνόμενοι
396 1608 404 1615 ·
418 1596 460 1630 οἷς
474 1598 502 1625 δὲ
515 1598 568 1625 τῶν
579 1599 669 1635 ἔργων
690 1598 810 1633 Χριστοῦ
835 1598 886 1634 τὴν
907 1607 991 1634 μεγα-

201 1645 374 1679 λοπρέπειαν
387 1643 570 1676 κατεθεῶντο,
583 1643 651 1679 πρὸς
659 1643 785 1679 οὐράνιον
798 1643 865 1678 ὕψος
877 1643 996 1675 πίστεως

203 1691 252 1716 τὸν
265 1689 329 1716 νοῦν
345 1689 559 1724 ἀνατεινόμενοι,
573 1689 672 1724 εὐγενῆ
687 1689 736 1716 καὶ
758 1688 863 1725 ὦριμον
885 1689 932 1716 τὸν
945 1691 995 1725 τῆς

202 1736 317 1771 ἀγάπης
329 1735 472 1763 ἀπεδίδουν
491 1735 608 1771 καρπόν.

241 1781 324 1808 Ὅθεν
341 1781 433 1812 αὐτοῖς
452 1781 516 1816 περὶ
530 1780 564 1808 τὰ
590 1780 664 1816 ἥττω
679 1780 787 1814 φανεῖσι
803 1781 920 1813 πιστοῖς,
947 1781 996 1807 καὶ

201 1828 271 1862 περὶ
284 1827 319 1853 τὰ
334 1827 420 1862 μείζω
434 1826 591 1861 λογισθῆναι
615 1829 722 1859 πιστοῖς
742 1835 749 1842 ·
767 1827 814 1854 καὶ
835 1827 889 1854 τῶν
903 1827 993 1863 ἔργων

208 1872 301 1907 Ἰησοῦ
326 1872 377 1908 τὴν
404 1872 585 1908 λαμπρότητα
596 1875 713 1905 πίστεως
724 1873 887 1909 ὑποσχόντες
895 1873 996 1899 τελειό-

202 1919 336 1953 τητι,καὶ
354 1918 405 1953 τῆς
419 1919 583 1954 ὑπερουσίου
597 1919 734 1954 θεότητος,
755 1919 793 1952 ὡς
819 1919 929 1954 ἐφικτὸν
948 1919 996 1946 ἀν-

202 1964 330 2000 θρωπίνῃ
356 1964 534 1999 κατηξιοῦντο
561 1964 652 2000 φύσει.
668 1966 724 1992 Καὶ
745 1965 799 2000 γὰρ
814 1965 845 1992 οὐ
859 1966 916 1997 τοῖς
928 1964 994 1991 πολ-

201 2010 263 2041 λοῖς
283 2009 380 2036 ἑαυτὸν
404 2010 602 2036 ἐνεπίστευενδ
616 2010 790 2046 ὑπερούσιος,
813 2010 906 2045 σαφῶς
930 2010 996 2037 ἑκά-

204 2065 271 2083 στου
284 2055 320 2082 τὰ
334 2053 501 2091 κρύφιαίτῆς
529 2055 644 2091 καρδίας
656 2056 838 2092 καταθεωρῶν
848 2064 855 2071 '
868 2056 928 2083 οὐδὲ
942 2056 995 2082 πᾶ-

203 2110 248 2128 σιν
260 2101 392 2136 ἐξαπίνης
415 2102 472 2132 τοῖς
503 2101 656 2136 μαθηταῖς·
680 2100 738 2128 ἀλλ’
766 2101 813 2132 οὒς
832 2100 996 2135 ἀξιωτέρους

201 2143 275 2182 ᾔδει,
291 2145 452 2181 καὶμᾶλλον
482 2146 537 2174 τῶν
566 2146 654 2174 ἀλλων
670 2147 845 2181 πιστοτέρους
874 2146 997 2182 παραλα-

201 2192 278 2219 ϐὠν’
291 2193 337 2219 καὶ
369 2192 409 2228 τῷ
429 2191 564 2228 Θαϐωρίῳ
589 2192 820 2228 προσαναγαγὼν,
838 2192 888 2228 τὴν
911 2192 996 2219 αὐτοῦ

200 2239 284 2272 δόξαν
293 2238 385 2275 ἡρέμα
396 2238 655 2275 μεταμορφούμενος
667 2239 818 2272 ὑπέδειξεν.

237 2328 327 2355 Τοῦτο
343 2329 394 2364 μὲν
416 2326 474 2362 οὖν,
492 2329 524 2356 οὗ
534 2328 582 2356 τοῦ
600 2328 726 2357 Ἰωάννου
754 2328 845 2364 μόνον,
861 2329 929 2357 ἀλλά
945 2329 995 2357 καὶ

208 2374 341 2402 Ἰακώϐου
355 2375 404 2401 καὶ
425 2375 530 2410 Πέτρου
554 2374 606 2411 τῆς
627 2374 746 2406 πίστεως
761 2375 897 2409 ἀπόδειξις
912 2377 994 2411 ἐναρ-

202 2422 259 2456 γής
271 2428 278 2436 ·
294 2421 446 2457 τεκμήριον
460 2421 489 2447 δὲ
506 2421 557 2456 τῆς
579 2421 650 2448 κατὰ
671 2420 721 2456 τὴν
733 2421 843 2456 ἀγάπην
855 2422 994 2459 τελειότη-

202 2475 264 2498 τος,
280 2467 297 2501 ἡ
313 2466 384 2493 κατά
399 2466 430 2493 τὸ
442 2467 574 2502 μυστικὸν
583 2466 691 2494 δεῖπνον
705 2467 753 2493 ἐπὶ
774 2467 805 2494 τὸ
831 2467 991 2504 ζωαρχικώ-

203 2519 288 2539 τατον
304 2512 403 2547 στῆθος
419 2512 560 2544 ἀνάκλισις
569 2511 617 2538 τοῦ
629 2512 770 2547 Θεολόγου.
787 2513 862 2540 Ἐπεὶ
877 2514 930 2549 γὰρ
944 2513 992 2541 ἕνα

204 2557 262 2584 τῶν
271 2558 496 2593 συνεστιωμένων
523 2557 697 2593 παραδώσειν
724 2559 806 2585 αὑτὸν
829 2559 993 2594 προειρηκέ-

206 2611 265 2636 ναι,
282 2603 399 2639 θορύϐου
417 2604 478 2639 μὲν,
496 2604 534 2636 ὡς
550 2604 635 2638 είκὸς,
655 2604 703 2635 τὰς
712 2603 828 2639 καρδίας
836 2604 890 2630 τῶν
905 2605 990 2640 μαθη-

205 2648 263 2674 τῶν
276 2649 324 2677 aut
335 2647 424 2683 λύπης
445 2648 607 2683 ἀγωνιώσας
638 2648 877 2683 ὑποπίμπλασθαι“
898 2649 992 2675 οὐδένα

205 2695 235 2722 δὲ
257 2695 399 2731 παρρησίᾳ
422 2695 525 2730 τολμᾷν
538 2695 654 2730 ἐρωτᾷν,
669 2695 694 2721 εί
721 2693 759 2729 μὴ
784 2694 829 2720 τὸν
852 2695 924 2721 κατά
945 2697 995 2731 τὴν

207 2742 285 2777 ἱερὰν
296 2742 406 2777 ἀγάπην
417 2741 641 2777 ὑπερϐαλλόντως
659 2741 880 2775 τετελειωμένον,
893 2742 922 2774 ὃς
935 2742 994 2776 ἐχό-

207 2795 278 2822 μενα
290 2787 488 2822 κατακείμενος
509 2787 549 2823 τῷ
575 2787 729 2823 διδασκάλῳ
741 2796 748 2804 ·
767 2788 943 2823 προσαναϐἀς
952 2789 991 2822 δὲ,

241 2887 264 2902 ’⁵
280 2887 348 2914 Luc.
380 2895 435 2921 va,
457 2887 498 2914 10.
546 2887 578 2905 ²⁵“
593 2888 710 2921 Joan.n,
725 2888 769 2916 9.4.

364 2934 499 2964 PATROL.
521 2934 567 2964 Gn
603 2934 665 2966 CV.

1045 958 1181 992 lientium,
1200 958 1286 987 radiis
1308 959 1401 987 animo
1428 960 1592 993 collustrati,
1611 961 1695 995 inque
1728 966 1829 988 novum

1045 1004 1185 1031 hominem
1206 1011 1239 1032 ac
1249 1004 1410 1032 deiformem
1427 1005 1614 1033 transformati
1627 1013 1634 1038 ;
1648 1005 1831 1033 admirandis.

1045 1057 1098 1084 que
1111 1049 1243 1084 operibus
1257 1049 1286 1076 in
1305 1048 1358 1077 ﬁde
1374 1049 1507 1081 roborati,
1524 1056 1556 1076 ac
1573 1047 1728 1076 dilectionis
1755 1048 1833 1076 ﬂam-

1044 1102 1116 1122 mam
1131 1095 1165 1122 de
1188 1094 1233 1122 die
1248 1094 1276 1122 in
1288 1094 1363 1122 diem
1390 1095 1566 1127 suscitantes,
1591 1095 1722 1130 velutque
1752 1094 1832 1122 nobis

1045 1140 1114 1168 liora
1131 1141 1327 1177 vegetioraque
1342 1149 1375 1169 ac
1386 1141 1472 1177 magis
1483 1141 1599 1169 virentia
1621 1141 1754 1177 germina,
1767 1140 1831 1176 pin-

1044 1187 1146 1223 guique
1162 1195 1193 1214 ac
1205 1187 1296 1222 opima
1324 1187 1447 1223 subjecta
1477 1187 1562 1215 humo
1590 1187 1707 1220 censita,
1723 1193 1832 1215 necnon

1045 1233 1139 1261 sedula
1153 1234 1305 1269 plantantis
1321 1233 1463 1270 diligentia
1476 1234 1594 1266 exculta,
1619 1233 1701 1262 citius
1709 1233 1834 1269 proceri-

1045 1284 1101 1306 tate
1126 1284 1289 1315 augescunt,
1315 1280 1432 1315 altisque
1458 1279 1565 1308 ﬁrmata
1591 1280 1740 1313 radicibus,
1773 1284 1832 1308 tum

1044 1325 1101 1352 cito
1116 1330 1299 1357 crassescunt,
1321 1329 1380 1353 tum
1395 1325 1526 1357 fructum,
1555 1329 1585 1353 ut
1599 1331 1649 1361 par
1678 1330 1731 1357 est,
1749 1325 1831 1361 longe

1045 1370 1159 1398 uberem
1170 1371 1314 1406 proferunt
1327 1379 1334 1405 ;
1348 1371 1388 1400 sic
1393 1371 1582 1407 probatissimi
1592 1371 1674 1399 Verbi
1690 1371 1831 1407 discipuli,

1045 1423 1109 1444 cum
1139 1416 1258 1444 honesta
1284 1417 1402 1444 maxime
1434 1421 1516 1452 atque
1543 1416 1647 1452 optima
1672 1422 1833 1452 praestarent

1045 1463 1146 1490 mentis
1159 1463 1262 1496 indole,
1290 1470 1344 1498 qua
1356 1463 1442 1491 sacris
1467 1463 1608 1498 sapientiae
1633 1463 1719 1499 orgiis
1739 1463 1832 1492 initia-

1045 1508 1155 1541 bantur,
1164 1509 1217 1536 alte
1226 1509 1318 1536 animo
1335 1508 1418 1536 deﬁxi
1434 1517 1442 1542 ;
1455 1517 1509 1544 qua
1525 1517 1591 1537 vero
1599 1517 1713 1545 operum
1728 1508 1832 1538 Christi

1046 1555 1273 1590 magniﬁcentiam
1287 1555 1499 1588 contuebantur,
1516 1554 1544 1582 in
1557 1555 1695 1583 caelestem
1708 1553 1771 1582 ﬁdei
1783 1563 1832 1583 su-

1045 1600 1208 1628 blimitatem
1234 1603 1325 1627 mente
1342 1600 1470 1633 surrecti,
1493 1599 1614 1628 nobilem
1645 1607 1678 1628 ac
1695 1605 1831 1628 maturum

1046 1646 1203 1675 dilectionis
1214 1646 1334 1674 fructum
1348 1646 1510 1674 reddebant.

1081 1783 1151 1811 Hinc
1160 1791 1258 1819 nempe
1277 1783 1378 1819 adepti,
1399 1788 1430 1811 ut
1446 1790 1509 1812 cum
1525 1786 1553 1811 in
1568 1782 1722 1812 minoribus
1738 1783 1832 1812 ﬁdeles

1046 1831 1219 1858 exstitissent
1232 1851 1239 1863 ,
1254 1831 1337 1858 etiam
1353 1830 1381 1858 in
1396 1830 1547 1865 majoribus
1572 1829 1667 1858 ﬁdeles
1694 1830 1831 1858 haberen-

1047 1877 1120 1904 tur“
1132 1885 1140 1904 :
1150 1883 1320 1912 operumque
1332 1876 1396 1904 Iesu
1408 1877 1582 1912 splendorem
1595 1876 1757 1912 perfectioni
1767 1876 1829 1904 ﬁdei

1047 1923 1250 1959 permittentes,
1279 1924 1554 1958 supersubstantialis
1581 1930 1690 1959 quoque
1707 1924 1829 1956 deitatis,

1046 1969 1136 2004 quoad
1159 1968 1287 1996 humana:
1303 1973 1407 1996 natura:
1437 1975 1597 1996 concessum
1612 1972 1665 2002 est,
1691 1975 1830 2005 compotes

1046 2014 1230 2042 etiicerentur.
1245 2014 1305 2041 Non
1319 2013 1393 2041 enim
1403 2013 1486 2048 vulgo
1501 2014 1621 2048 seipsum
1631 2014 1770 2047 credebat,
1782 2015 1830 2050 qui

1046 2057 1227 2085 substantiam
1252 2064 1362 2084 omnem
1390 2057 1508 2088 excedit.
1526 2057 1600 2093 quod
1630 2059 1762 2094 cujusque
1785 2068 1818 2087 oc

1046 2103 1119 2130 culta
1126 2103 1310 2138 cordispalam
1322 2103 1476 2130 intueretur
1483 2103 1517 2119 "'
1528 2115 1535 2130 :
1546 2111 1597 2131 nec
1605 2104 1711 2131 cunctis
1718 2109 1832 2139 repente

1046 2147 1207 2182 discipulis;
1232 2148 1281 2176 sed
1293 2148 1346 2176 illis
1356 2148 1504 2183 assumptis
1533 2156 1603 2184 quos
1625 2149 1764 2185 digniores
1781 2158 1832 2177 no-

1046 2198 1132 2225 verat,
1143 2200 1175 2219 ac
1190 2193 1286 2228 majori
1295 2194 1402 2221 ceteris
1417 2193 1471 2221 ﬁde
1482 2197 1659 2229 praestantes;
1675 2194 1832 2222 subductis-

1011 2242 1033 2270 ι)
1047 2245 1101 2273 quc
1131 2237 1185 2265 illis
1196 2238 1229 2265 ad
1247 2237 1376 2266 Thaborii
1387 2239 1505 2270 excelsa,
1519 2245 1597 2266 suam
1610 2239 1651 2266 eis
1677 2239 1831 2267 claritatem

1045 2282 1144 2310 leniter
1164 2282 1372 2311 transformatus
1383 2283 1502 2311 ostendit
1514 2284 1548 2311 ".

1079 2329 1108 2357 ld
1123 2329 1246 2364 quidem,
1261 2337 1317 2357 non
1329 2328 1442 2357 Joannis
1453 2330 1597 2362 duntaxat,
1625 2330 1674 2357 sed
1692 2334 1720 2358 et
1734 2330 1830 2358 Jacobi

1044 2379 1072 2403 et
1088 2375 1161 2402 Petri
1187 2375 1252 2402 ﬁdei
1267 2379 1361 2410 aperta
1387 2374 1515 2410 probatio
1535 2379 1579 2402 est
1598 2375 1747 2410 :perfectae
1766 2384 1831 2404 vero

1038 2415 1200 2450 dilectionis
1213 2425 1319 2449 certum
1348 2420 1490 2454 indicium,
1514 2420 1633 2457 theologi
1658 2421 1687 2449 in
1716 2422 1830 2458 mystica

1044 2475 1121 2495 coena
1136 2474 1214 2502 super
1234 2466 1427 2495 vitalis-simum
1439 2470 1535 2502 pectus
1551 2467 1693 2496 recubitus
1706 2468 1739 2495 ".
1751 2468 1830 2501 Quod

1044 2513 1118 2542 enim
1127 2511 1325 2548 discipulorum
1340 2512 1432 2545 corda,
1445 2511 1548 2540 idcirco
1573 2513 1646 2548 quod
1667 2514 1828 2549 praedictum

1044 2562 1126 2590 erat,
1144 2557 1202 2585 fore
1229 2562 1260 2585 ut
1286 2558 1424 2585 communi
1445 2566 1539 2586 mensa
1566 2561 1734 2588 ccenantium
1758 2569 1830 2588 unus

1045 2604 1204 2639 Magistrum
1231 2604 1362 2638 traderet,
1377 2605 1543 2633 turbationis
1555 2611 1636 2642 atque
1648 2608 1784 2639 mirareris,
1800 2612 1829 2634 ut

1045 2658 1094 2684 par
1109 2655 1161 2683 est,
1182 2650 1310 2685 anxiique
1327 2651 1435 2679 timoris
1443 2652 1523 2686 plena
1534 2652 1656 2680 erant”
1673 2658 1744 2680 :nec
1758 2654 1829 2680 ullus

1044 2697 1133 2732 palam
1148 2697 1317 2732 interrogare
1331 2698 1460 2731 audebat.
1485 2704 1600 2735 excepto
1619 2700 1752 2727 duntaxat
1780 2699 1827 2733 qui

1042 2750 1126 2770 sacra:
1143 2742 1298 2770 dilectionis
1310 2743 1476 2778 perfectione
1488 2746 1653 2773 excellenter
1670 2744 1825 2778 praestabat.

1040 2795 1103 2815 cum
1118 2787 1247 2822 Magistro
1269 2788 1412 2823 proximus
1423 2789 1619 2821 discumberet,
1641 2787 1774 2822 tantisper
1791 2789 1826 2816 ad

811 2890 833 2905 "
847 2889 941 2917 Matth,
957 2897 995 2917 xvi

1044 2889 1051 2915 ι
1067 2897 1074 2921 ;
1093 2886 1175 2916 Marc.
1196 2897 1233 2922 lx,
1250 2889 1261 2916 l
1281 2898 1288 2923 ;
1311 2889 1377 2917 Luc.
1394 2897 1428 2922 Ix,
1455 2887 1498 2916 17.
1536 2890 1567 2905 ’⁸⁸
1587 2890 1664 2916 .loan.
1683 2897 1741 2924 XIII,
1757 2890 1801 2918 25.

1601 2936 1619 2966 4
