2072 3160
253 143 303 176 107

845 140 993 170 NlCET/E
1012 139 1274 170 PAl’ilLAGONlS

1817 142 1867 173 108

247 211 312 233 eum
339 195 499 234 ascendens,
515 199 644 235 omnique
655 199 810 226 reverentia
830 204 925 234 pectus
954 206 1033 225 suum

1085 206 1132 224 και
1145 198 1176 225 τὸ
1200 199 1303 226 οίκεῖον
1332 198 1430 235 στῆθος
1453 199 1632 232 πανευλαὸὥς
1660 199 1806 237 ὶπερείσας
1830 200 1869 235 τῷ

248 249 392 279 Dominico
407 246 570 279 admonens,
582 252 668 280 osque
676 245 751 272 illius
772 243 885 271 auribus
898 243 1033 270 adhibens

249 297 277 333 (ο
292 296 398 323 beatam
424 292 712 330 religiosissimamque
742 290 912 324 audaciam!)
927 297 960 317 ex
986 289 1034 316 illo

247 345 423 378 percontatur
453 339 634 375 proditorem,
662 344 780 371 eumque
820 336 898 371 signo
925 335 1033 365 intincti

248 389 328 424 panis
341 387 466 414 docetur.

281 434 387 462 Clarius
401 440 466 460 vero
478 430 689 466 expressiusque
700 429 729 456 in
745 427 905 460 crastinum,
929 427 1034 455 deiﬂcee

247 479 400 508 dilectionis
414 476 644 505 necessitudinem
656 483 705 503 seu
732 473 939 509 perfectionem,
958 474 1033 502 solus

249 523 440 560 mysteriorum
452 525 546 548 auctor
562 520 641 548 Jesus
655 519 683 546 in
695 526 776 546 cruce
795 518 873 553 quasi
887 518 1031 553 aenigmate

246 569 386 601 ostendit;
400 567 466 594 dum
478 566 557 595 Matri
582 565 771 601 prmdilectum
788 564 954 599 discipulum
971 568 1032 591 tan-

246 622 326 650 quam
340 612 425 640 filium
443 611 654 643 commendavit,
682 610 829 645 Matrisque
853 618 947 638 curam
969 618 1032 638 cor-

248 660 367 697 poralem
381 659 408 686 in
423 666 486 685 eum
505 657 590 685 lilium
608 656 703 684 retulit
714 665 721 689 ;
733 664 765 684 ac
778 657 853 684 velut
863 656 905 683 sui
920 664 1032 692 permu-

248 703 378 730 tationem
396 703 573 738 pretiumque
590 701 638 728 Dei
663 701 795 728 Genitrici
819 701 960 734 traditum,
982 708 1029 728 ve—

248 751 313 779 riori
329 750 413 786 gradu
429 749 541 777 fratrem
556 749 606 776 sibi
617 756 679 776 eum
693 748 819 776 adhibuit
833 749 867 775 ’⁷.

299 796 367 830 Quia
382 796 456 823 enim
474 794 572 830 reliqui
588 801 684 821 omnes
713 793 840 828 discipuli
868 792 972 828 (absit,
1002 797 1033 820 ut

248 843 321 878 quod
349 842 493 870 molestum
506 844 558 873 est,
584 844 671 867 totum
683 839 784 873 dicam)
799 839 950 866 irruentem
980 846 1031 874 po-

250 893 375 917 testatem
392 887 578 918 tenebrarum,
610 885 741 920 Juquuc
754 889 896 913 cruentam
924 892 1032 920 grassa-

250 934 362 966 tioncm,
382 939 491 959 necnon
507 930 663 959 Judazorum
693 930 797 958 rabiem
820 938 851 957 ac
876 930 1030 962 Saevitiam,
1063 933 1066 936 '

249 980 434 1014 adversusque
451 978 619 1005 Salvatorem
643 977 782 1004 vesaniam
808 985 864 1004 non
890 977 1030 1009 ferentes,

248 1026 340 1062 fugam
355 1024 529 1060 arripuerant
556 1031 563 1049 τ
580 1027 607 1050 ιιι
621 1030 687 1050 vero
706 1031 740 1049 ex
749 1023 876 1050 omnibus
903 1028 1031 1058 tanquam

249 1071 321 1098 ﬁrmi
334 1078 366 1098 ac
381 1069 584 1097 tolerantissimi
597 1068 680 1096 animi
699 1068 792 1103 utqui
816 1069 913 1104 majori
937 1068 1032 1096 fortio-

250 1119 328 1153 rique
354 1116 455 1145 amoris
469 1115 496 1142 vi
511 1115 639 1150 Magistro
663 1114 900 1147 devinctusesses,
925 1115 1032 1142 cunctis

249 1164 289 1191 illi
300 1162 466 1200 salutaribus
501 1160 698 1188 cruciamentis
713 1168 816 1193 comes,
831 1168 887 1195 pra:
910 1160 956 1188 illo
975 1161 1032 1188 fere

250 1209 338 1237 dirius
355 1208 477 1235 molestis
498 1206 682 1240 aﬂiciebaris;
704 1206 751 1242 qui
776 1214 874 1242 nempe
899 1211 1028 1242 tanquam

250 1254 413 1283 acutissimis
430 1254 527 1290 iaculis
549 1253 654 1281 viscera
671 1253 944 1285 transverberareris,
971 1254 1031 1281 val-

250 1302 339 1337 deque
352 1300 458 1328 acerbis
475 1299 548 1326 illius
565 1306 645 1326 causa
671 1298 813 1326 doloribus
835 1299 926 1326 animo
936 1307 1034 1326 exure-

251 1347 324 1375 reris
339 1355 346 1374 :
362 1346 528 1374 condolebas
559 1345 632 1380 quod
650 1345 814 1373 verberibus
836 1345 1024 1381 excipiebatur

251 1393 380 1428 varieque
395 1392 520 1427 colaphis
538 1384 719 1419 dehonestato
742 1391 917 1420 miseratione
934 1392 1034 1420 allicie-

250 1440 324 1467 baris
346 1448 352 1466 :
369 1439 417 1468 sed
433 1443 461 1467 et
475 1438 550 1466 cruci
569 1438 647 1466 afﬁxo
662 1439 735 1466 solus
752 1447 815 1467 cum
836 1439 919 1466 Maria
931 1444 1032 1472 astans,

250 1494 305 1513 una
320 1489 347 1512 et
357 1485 415 1520 ipse
435 1483 553 1520 quodam
572 1485 653 1512 modo
673 1485 749 1512 cruci
763 1485 875 1513 sufﬁxus
897 1493 969 1517 eras,
984 1484 1032 1520 qui

1085 244 1255 280 Δεσποτικῷ,
1272 245 1320 272 καὶ
1339 245 1370 271 τδ
1397 245 1486 281 στόμα
1500 246 1633 282 παραθεὶς
1653 248 1710 278 τοῖς
1728 247 1805 279 ὠσὶν,
1830 247 1870 282 (ὦ

1086 290 1225 326 μακαρίας
1236 291 1286 318 καὶ
1307 291 1518 327 θεοφιλεστάτης
1542 292 1645 328 τόλμης
1658 292 1679 327 ί)
1706 293 1870 319 πυνθάνεται

1085 337 1136 372 μὲν
1147 337 1212 373 παρ’
1227 337 1310 364 αὑτοῦ
1327 337 1374 364 τὸν
1387 337 1520 373 προδότην
1531 346 1538 353 ·
1555 339 1707 374 συνθήματι
1723 338 1752 364 δὲ
1762 339 1868 370 τοῦτον,

1083 383 1122 419 τῷ
1135 383 1208 410 κατά
1218 383 1265 411 τὸν
1277 383 1369 419 ἄρτον,
1385 383 1585 412 ἐκδιδάσκεται.

1124 429 1378 465 Ἐμφαντικώτερον
1390 429 1419 457 δὲ
1433 431 1467 465 τῇ
1479 430 1555 465 ἑξῆς,
1573 430 1623 466 τὴν
1645 430 1689 457 διὰ
1711 430 1760 465 τῆς
1773 429 1869 457 Θεωτι-

1084 475 1135 510 κῆς
1168 475 1279 510 ἀγάπης
1297 475 1463 512 οἱκείωσινῆ
1480 475 1630 508 τελείωσιν,
1647 475 1661 502 ὁ
1688 475 1769 510 μόνον
1796 476 1872 502 τελε-

1081 522 1185 557 τάρχης
1202 522 1249 549 ἐπὶ
1260 521 1306 548 τοῦ
1326 522 1445 558 σταυροῦ
1474 522 1664 558 παρενέφηνεν
1695 521 1800 557 Ἰησοῦς
1813 530 1821 536 ο
1836 521 1871 556 τῇ

1082 568 1174 603 Μητρὶ
1188 568 1236 603 μὲν
1253 569 1293 600 εἰς
1307 568 1364 595 υίὸν
1377 567 1423 595 τὸν
1436 569 1613 604 ἠγαπημένον
1640 568 1872 603 παρακατατιθεὶς

1084 613 1229 650 μαθητήν
1255 614 1294 649 τῷ
1317 614 1346 641 δὲ
1366 615 1416 649 τῆς
1431 614 1543 649 Μητρὸς
1568 614 1617 649 τὴν
1642 613 1714 641 κατά
1737 613 1768 640 τὸ
1792 613 1871 648 σῶμα

1083 660 1254 695 προμήθειαν
1270 660 1308 692 ὡς
1333 660 1385 695 υἱῷ
1402 660 1559 692 ἀνατιθείς·
1587 660 1634 687 καὶ
1655 657 1712 686 οἷον
1734 659 1870 687 ἀντάλλα-

1082 713 1140 740 γμα
1153 707 1185 741 τῇ
1201 705 1324 741 Θεοτόκῳ
1337 706 1423 737 διδοὺς
1443 706 1551 738 ἑαυτοῦ,
1566 705 1614 732 καὶ
1640 706 1681 737 εἰς
1693 705 1770 738 τάξιν
1789 705 1872 732 αὑτὸν

1082 751 1259 787 ἀδελφότητος
1272 753 1458 788 γνησιωτέρας
1472 752 1567 784 τιθείς.

1122 797 1231 833 Ἐπειδὴ
1241 798 1295 833 γὰρ
1310 799 1334 825 οί
1357 798 1406 833 μὲν
1423 798 1497 826 ἄλλοι
1513 799 1633 834 μαθηταὶ
1647 799 1748 831 πάντες
1771 807 1778 814 ·
1788 798 1872 834 ἀπείη

1090 842 1120 869 δέ
1132 851 1177 877 μοι
1197 843 1326 878 φορτικὸν
1352 843 1424 870 ἆπαν
1456 844 1553 877 είπεῖν,
1579 844 1628 880 τὴν
1656 844 1873 871 ἐπεισπεσοῦσαν

1082 890 1128 916 τοῦ
1156 891 1269 922 σκότους
1297 891 1432 923 ἐξουσίαν,
1458 892 1507 918 καὶ
1541 890 1590 927 τὴν
1613 891 1697 918 Ἰούδα
1730 891 1872 926 μιαιφόνον

1082 935 1275 970 ὲπίθεσιν,καὶ
1289 937 1345 964 τῶν
1365 937 1501 964 Ἰουδαίων
1513 938 1563 973 τὴν
1591 937 1690 965 λύτταν
1713 938 1762 964 καὶ
1782 937 1872 972 ὓϐριν,

1082 982 1129 1009 καὶ
1142 982 1192 1018 τὴν
1208 983 1279 1009 κατά
1306 983 1353 1010 τοῦ
1377 984 1506 1018 Σωτῆρος
1535 983 1665 1010 ἀπόνοιαν
1690 983 1792 1018 ἔφυγον
1821 983 1873 1009 οὐκ

1082 1028 1249 1063 ἐνεγκόντες,
1278 1030 1310 1056 σὺ
1333 1029 1363 1056 δὲ
1382 1029 1462 1065 μόνος
1486 1031 1520 1056 ὲκ
1545 1029 1666 1062 πάντων,
1681 1029 1718 1061 ὡς
1739 1029 1873 1064 παοερᾶς

1082 1074 1131 1100 καὶ
1143 1075 1386 1110 καρτερικωτάτης
1399 1075 1529 1107 διανοίας,
1543 1075 1591 1102 ᾶτε
1609 1074 1714 1110 μείζονι
1734 1074 1782 1101 καὶ
1798 1075 1874 1109 ἰσχυ-

1089 1119 1190 1155 ροτάτῃ
1205 1120 1377 1155 συνημμένος
1407 1120 1446 1156 τῷ
1472 1120 1627 1156 διδασκάλῳ
1655 1122 1767 1156 στοργῇ,
1789 1121 1873 1147 πᾶσιν

1086 1165 1160 1200 αὐτῷ
1169 1166 1225 1197 τοῖς
1239 1166 1384 1202 σωτηρίοις
1394 1166 1537 1201 παθήμασι
1552 1166 1659 1201 παρὼν,
1673 1167 1754 1193 πλέον
1769 1166 1785 1201 ἢ
1800 1167 1873 1194 ἐκεῖ.

1082 1218 1126 1241 νος
1155 1211 1278 1246 μετεῖχες
1297 1211 1352 1238 τῶν
1371 1212 1507 1246 ἀνιαρῶν⁸
1519 1209 1564 1239 οἷα
1588 1213 1637 1247 μὲν
1654 1212 1757 1248 βολίσιν
1772 1212 1872 1245 ὀξείαις

1082 1256 1116 1282 τὰ
1135 1255 1278 1292 σπλάγχνα
1291 1257 1512 1292 τιτρωσκόμενος
1526 1266 1533 1274 ·
1554 1257 1661 1289 ὀδύναις
1674 1258 1703 1284 δὲ
1718 1258 1788 1294 ἄγαν
1815 1258 1872 1293 δρι-

1084 1302 1176 1337 μείαις
1190 1301 1260 1338 ὑπὲρ
1275 1302 1380 1329 ἐκείνου
1394 1303 1627 1339 πυρπολούμενος,
1648 1303 1697 1331 καὶ
1724 1312 1873 1339 μαστιγου-

1085 1346 1158 1382 μένῳ
1175 1347 1329 1383 συνήλγεις,
1342 1349 1390 1375 καὶ
1402 1348 1573 1384 συνέπασχες
1586 1349 1765 1385 πολυτρόπως
1789 1349 1868 1376 κολα-

1083 1390 1222 1427 φιζομένῳ
1235 1392 1282 1419 καὶ
1295 1393 1490 1429 σταυρουμένῳ
1499 1393 1528 1420 δὲ
1542 1393 1622 1428 μόνος
1644 1393 1702 1429 ἅμα
1722 1394 1756 1429 τῇ
1779 1393 1872 1429 Μητρὶ

1083 1435 1238 1471 παρεστὼς,
1250 1437 1349 1473 τρόπον
1364 1438 1426 1465 τινὰ
1438 1438 1676 1474 συνεσταυρώθηςο
1702 1438 1752 1470 τάς
1761 1446 1791 1465 τε
1815 1438 1870 1464 τῶν

1083 1481 1156 1516 ἥλων
1169 1483 1291 1517 τρήσεις,
1302 1483 1350 1509 καὶ
1360 1483 1409 1519 τὴν
1420 1483 1468 1519 τῆς
1486 1483 1587 1519 λόγχης
1614 1483 1784 1518 ὲκκέντησιν,
1810 1491 1872 1508 και-

250 1532 377 1565 videlicet
391 1531 531 1558 clavorum
546 1530 648 1565 pariter
661 1531 863 1566 perforationes
877 1531 1032 1565 lanceaeque

1087 1528 1147 1563 ρίας
1158 1529 1228 1556 κατὰ
1241 1529 1292 1564 τῆς
1303 1529 1416 1565 καρδίας
1430 1529 1591 1565 δεδεγμένος
1605 1529 1697 1565 βολάς.
1714 1529 1764 1556 Διά
1778 1529 1868 1556 ταῦτα

250 1577 438 1613 punctionem,
459 1576 574 1604 lethales
603 1577 695 1604 animo
725 1577 796 1604 ictus
815 1583 973 1611 exceperas.
990 1575 1034 1603 ld-

250 1623 324 1650 circo
346 1622 430 1657 igitur
447 1629 503 1648 non
527 1621 577 1648 hos
598 1621 698 1649 frustra
722 1621 876 1649 sustinuisti
906 1621 1032 1648 laborum

250 1668 372 1700 aculeos,
387 1667 434 1695 sed
453 1675 516 1694 cum
534 1667 664 1702 operibus
683 1675 748 1694 vero
760 1667 879 1694 amicum
895 1667 1031 1702 praetulis-

251 1721 304 1746 ses,
325 1713 394 1740 alter
406 1713 453 1740 ille
466 1713 540 1740 visus
555 1720 594 1739 es.
619 1712 677 1740 Hoc
691 1720 762 1740 verte
782 1713 909 1740 amiciliae
918 1720 1029 1745 munus;

251 1759 304 1786 hoc
316 1766 458 1786 sacrorum
489 1758 615 1786 laborum
644 1759 746 1793 aequale
774 1759 940 1794 dignumque
965 1766 1033 1793 prae—

251 1805 336 1831 mium
352 1813 360 1838 ;
379 1804 427 1839 qui
441 1811 539 1838 nempe
564 1811 646 1838 supra
664 1811 746 1838 quam
774 1811 879 1831 summe
905 1804 1031 1831 eximiam

250 1850 333 1878 Verbi
348 1849 496 1877 amicitiam
514 1849 573 1885 (seu
599 1849 689 1884 potius
716 1849 808 1877 fratris
831 1849 989 1884 dignitatem
1004 1853 1033 1877 et

250 1895 481 1930 nomen)cunetis
509 1894 617 1929 dignius
642 1894 914 1930 magniﬁcentiusque
938 1903 1033 1922 consc-

250 1945 332 1968 cutus
345 1940 393 1968 sis.
405 1940 513 1968 Etenim
525 1948 581 1967 non
602 1940 725 1975 corporis
738 1940 940 1975 indulgentiore
957 1941 1032 1968 cultu

1084 1575 1184 1607 τοίνυν,
1200 1575 1232 1601 οὺ
1248 1576 1349 1610 προῖκα
1374 1576 1476 1607 ταύτας
1494 1575 1607 1611 ἀνέτλης
1630 1575 1685 1602 τῶν
1707 1575 1796 1602 πόνων
1821 1575 1871 1606 τὰς

1085 1619 1194 1651 ἀκίδας·
1210 1619 1301 1655 ἔργοις
1312 1621 1341 1648 δὲ
1359 1620 1406 1648 τδν
1425 1621 1511 1657 ἁληθῆ
1542 1621 1618 1655 φίλον
1656 1620 1870 1656 ἐπιδειξάμενος,

1085 1664 1165 1698 ἄλλος
1177 1665 1278 1697 ἐκεῖνος
1292 1665 1395 1702 ὤφθης.
1423 1667 1509 1694 Τοῦτο
1523 1668 1606 1703 γέρας
1625 1666 1715 1702 φιλίας
1728 1666 1868 1701 ἀληθινῆς,

1084 1709 1165 1736 τοῦτο
1177 1710 1230 1737 τῶν
1242 1710 1322 1744 ιερῶν
1333 1711 1423 1738 πόνων
1435 1709 1517 1738 ἆθλον
1535 1710 1660 1744 ἀντάξιον
1670 1719 1678 1727 ⁸
1709 1711 1757 1747 τὴν
1785 1711 1870 1745 ὑπερ-

1085 1756 1240 1791 φυεστάτην
1249 1756 1336 1790 Λόγου
1352 1756 1494 1792 φιλότητα,
1509 1757 1610 1792 μᾶλλον
1638 1758 1666 1785 δὲ
1690 1758 1871 1793 ἀδελφότητα,
1900 1764 1903 1766 ·

1086 1803 1198 1830 πάντων
1225 1803 1474 1840 ἀξιοπρεπέστερον
1497 1805 1728 1840 ἀπενεγκάμενος.
1746 1804 1803 1831 Καὶ
1816 1803 1871 1838 γὰρ

1085 1849 1135 1875 οὐκ
1148 1849 1281 1884 εὐπαθείᾳ
1292 1848 1416 1885 σώματος
1430 1850 1478 1877 καὶ
1490 1851 1581 1886 τρυφῇ
1596 1870 1604 1884 ,
1620 1850 1684 1886 ἀνίᾳ
1699 1849 1727 1876 δὲ
1755 1849 1803 1876 καὶ
1813 1856 1872 1875 πει-

1087 1895 1228 1931 ρασμοῖς-ἢ
1245 1894 1320 1928 φιλία
1338 1894 1552 1931 δοκιμαζομένη,
1578 1894 1702 1930 καθαρὰν
1728 1893 1778 1929 τὴν
1802 1893 1871 1929 πρὸς

1086 1939 1134 1966 τὸν
1152 1940 1230 1974 φίλον
1241 1937 1312 1967 οἶδεν
1323 1940 1507 1968 ἐπιδεικνύναι
1521 1941 1637 1976 στοργήν

249 1998 282 2017 ac
308 1989 415 2017 deliciis
447 1989 495 2016 sed
520 1989 645 2026 molestia
674 1997 707 2017 ac
729 1988 936 2022 tentationibus,
961 1988 1075 2024 probata
1101 1988 1230 2022 amicitia,
1245 1988 1347 2016 claram
1374 1996 1438 2025 erga
1455 1988 1572 2017 amicum
1601 1994 1754 2025 puramque
1771 1986 1872 2014 amoris

250 2036 305 2063 vim
318 2039 458 2063 ostentare
468 2035 555 2064 novit.

283 2080 367 2116 Igitur
385 2080 420 2108 ad
438 2081 548 2109 vitalem
561 2088 648 2116 usque
665 2080 819 2115 passionem
847 2088 879 2108 ae
908 2087 1034 2108 resurre-

250 2130 367 2154 ctionem
388 2132 492 2155 tentata
517 2127 702 2162 apostolorum
725 2126 802 2159 fides,
815 2134 846 2154 ac
856 2134 909 2161 qua
927 2126 955 2153 in
971 2133 1035 2153 eum

249 2174 418 2207 ferebantur,
434 2174 482 2208 qui
499 2178 596 2209 sponte
625 2172 711 2200 nostri
737 2180 820 2200 causa
850 2176 939 2200 morte
972 2172 1035 2199 fun-

1116 2079 1206 2115 Μέχρι
1231 2078 1280 2114 μὲν
1302 2076 1350 2107 οὖν
1377 2079 1601 2116 τοῦξζωαρχικοῦ
1627 2079 1742 2111 πάθους,
1751 2079 1799 2107 καὶ
1820 2079 1872 2114 τῆς

1082 2125 1257 2157 ἀναστάσεως
1271 2126 1327 2157 τοῖς
1349 2125 1510 2158 ἀποστόλοις
1522 2127 1539 2161 ὴ
1554 2126 1646 2157 πίστις
1677 2125 1868 2161 πειρασθετσα,

1083 2171 1132 2197 καὶ
1144 2172 1161 2205 ή
1180 2171 1248 2206 πρὸς
1261 2171 1307 2198 τὸν
1333 2171 1466 2203 ἑκουσίως
1477 2171 1549 2207 ὑπὲρ
1564 2172 1643 2207 ἡμῶν
1670 2172 1792 2198 παθόντα
1810 2172 1870 2197 διάο

249 2225 309 2246 ctus
321 2223 405 2250 esset,
422 2218 538 2253 probata
548 2217 675 2248 affectio;
688 2217 761 2253 quod
775 2217 942 2244 offendicula
958 2216 1031 2244 omni

1084 2216 1159 2248 θεσις
1177 2216 1370 2252 βασανισθείσα
1385 2225 1393 2233 ’
1403 2217 1498 2253 ἐπειδὴ
1523 2217 1624 2249 παντὸς
1635 2217 1774 2254 ὑπερτέρα
1785 2225 1871 2253 προσ-

250 2264 386 2298 superior,
398 2271 431 2290 ac
442 2263 550 2290 Domini
566 2263 762 2290 tentationibus
785 2262 949 2290 inviolabilis
973 2270 1036 2296 per-

250 2309 374 2342 stitisset,
394 2309 458 2336 inde
470 2310 524 2345 jam
540 2317 591 2336 ceu
614 2309 705 2336 divina
718 2309 854 2344 quaedam,
886 2315 959 2335 vera:
988 2308 1035 2335 illa

249 2356 377 2383 amicitiae
388 2355 506 2391 fideique
513 2355 594 2390 digna
608 2355 730 2390 praemia,
745 2354 935 2390 consequitur.
954 2354 1034 2387 Quae-

249 2408 312 2428 nam
324 2408 388 2428 vero
402 2401 447 2428 illa
458 2401 469 2428 ?
480 2400 602 2428 Primum
613 2400 724 2435 quidem
746 2399 836 2436 ipsum
849 2399 1007 2426 triduanum
1018 2406 1034 2426 a

250 2447 366 2474 mortuis
377 2447 538 2474 suscitatum
558 2446 698 2474 Christum
717 2446 820 2477 vident,
837 2445 960 2479 illatique
972 2451 1034 2471 cru-

249 2494 340 2520 ciatus
351 2492 494 2529 symbolis,
512 2491 636 2527 mysterii
652 2491 862 2519 resurrectionis
881 2490 935 2517 ﬁde
948 2490 1032 2517 robo-

250 2545 354 2566 rantur.
369 2539 409 2566 Ad
424 2539 483 2566 haec
503 2538 646 2573 Spiritum,
661 2538 761 2573 partim
789 2537 899 2572 quidem
916 2536 1035 2572 primum

250 2586 311 2620 cjus
321 2584 369 2619 qui
377 2584 525 2611 suscitatus
538 2582 741 2618 eratspiraculo
749 2583 782 2598 ’⁷⁸
793 2590 800 2615 ς
810 2581 958 2616 perfectius
970 2588 1035 2608 vero

249 2630 410 2657 illoeterra
435 2628 462 2655 in
490 2628 589 2656 coelum
615 2632 737 2661 recepto,
764 2626 792 2653 in
802 2625 1035 2653 sonovehementi

250 2675 407 2711 linguisque
419 2674 505 2709 igneis
524 2681 539 2701 e
554 2673 624 2702 caelo
635 2673 664 2700 in
680 2672 754 2707 ipsos
763 2671 920 2699 venientem
949 2671 1037 2698 susci-

249 2722 329 2756 piunt
339 2721 362 2737 ¹⁸
381 2730 388 2747 :
403 2721 483 2756 cujus
506 2725 535 2748 et
546 2711 659 2747 munere
672 2722 782 2752 accepta
800 2717 826 2744 in
837 2725 932 2744 omnes
944 2722 1038 2752 gentes

251 2771 401 2801 potestate,
416 2774 448 2793 ac
463 2765 602 2801 principes
617 2763 758 2792 constituti
770 2770 852 2797 super
863 2771 971 2790 omnem
981 2767 1036 2790 ter-

284 2857 306 2874 "
321 2856 400 2885 Joan.
414 2857 523 2891 11326.
563 2858 596 2874 ’ν
609 2856 744 2885 10am“.
769 2854 813 2881 22.
846 2854 868 2869 "
880 2854 939 2882 Act.
955 2861 983 2885 ιι,
1000 2853 1026 2881 ἓ.

1084 2261 1235 2296 κόμματος,
1251 2261 1389 2293 ἀνάλωτος
1412 2261 1441 2288 δὲ
1456 2262 1513 2294 τοῖς
1542 2261 1589 2288 τοῦ
1611 2262 1714 2297 Κυρίου
1738 2262 1871 2296 διαμεμε-

1086 2306 1165 2342 νήκει
1185 2308 1361 2343 πειρασμοῖς,
1397 2307 1522 2334 ἐντεῦθεν
1545 2307 1639 2334 λοιπὸν
1655 2305 1701 2335 οἷά
1722 2316 1782 2334 τινα
1811 2307 1871 2334 θεο-

1086 2351 1180 2386 πρεπῆ
1188 2352 1304 2386 γέρατα,
1323 2352 1374 2387 τῆς
1390 2352 1558 2388 ἀκραιφνοῦς
1584 2352 1674 2386 φιλίας
1691 2352 1737 2379 καὶ
1754 2352 1872 2383 πίστεως

1085 2396 1148 2429 ἄξια
1162 2397 1314 2433 κομίζεται.
1335 2397 1403 2425 Τίνα
1427 2398 1456 2424 δὲ
1477 2398 1579 2430 mica;
1594 2398 1706 2432 Πρῶτον
1724 2397 1773 2433 μὲν
1788 2397 1869 2424 αὐτὸν

1086 2445 1190 2471 ἐκεῖνον
1203 2445 1352 2480 τριήμερον
1366 2444 1399 2471 ὲκ
1412 2444 1467 2471 τῶν
1477 2443 1582 2479 νεκρῶν
1594 2444 1773 2479 ἀνιστάμενον
1787 2443 1871 2478 ὁρῶν-

1087 2497 1133 2521 τες
1145 2489 1283 2525 Χριστὸν,
1297 2490 1345 2516 καὶ
1368 2490 1425 2521 τοῖς
1440 2489 1585 2525 ωμὸὀλοις
1613 2487 1660 2516 τοῦ
1692 2489 1807 2521 πάθους,
1841 2488 1871 2514 τὸ

1090 2537 1238 2571 μυστήριον
1252 2535 1440 2572 βεϐαιούμενοι
1459 2537 1508 2572 τῆς
1521 2537 1697 2568 ἀναστάσεως
1709 2544 1716 2551 ·
1732 2536 1829 2563 ἔπειτα
1839 2536 1871 2562 τδ

1089 2581 1212 2618 Πνεῦμα,
1236 2583 1356 2619 μερικῶς
1377 2583 1427 2619 μὲν
1451 2583 1560 2619 πρῶτον
1574 2583 1613 2618 τῷ
1639 2583 1686 2610 τοῦ
1709 2583 1872 2615 ἀναστάντος

1089 2629 1267 2663 ὲμφυσήματι
1279 2637 1287 2644 ·
1302 2629 1465 2663 τελεώτερον
1479 2629 1507 2655 δὲ
1522 2629 1593 2664 μετὰ
1613 2629 1663 2665 τὴν
1684 2629 1738 2656 ἀπὸ
1755 2629 1805 2663 τῆς
1819 2629 1872 2663 γῆς

1091 2673 1225 2708 ἀνάληψιν
1250 2674 1280 2700 ὲν
1295 2674 1355 2710 ἧχῳ
1371 2674 1451 2709 βιαίῳ
1464 2674 1512 2701 καὶ
1538 2675 1722 2710 πυριμόρφοις
1736 2673 1873 2709 γλώσσαις

1090 2718 1238 2754 οὐρανόθεν
1268 2719 1308 2746 ίὺν
1331 2720 1374 2746 ἐπ’
1385 2720 1484 2752 αὐτοὺς
1500 2720 1712 2756 ὑποδεχόμενον
1740 2717 1763 2755 ᾧ
1776 2719 1809 2756 δὴ
1826 2719 1873 2746 καὶ

1091 2765 1139 2800 τὴν
1156 2765 1202 2792 ἐπὶ
1217 2765 1327 2793 πάντων
1340 2765 1426 2793 ὲθνῶν
1436 2765 1562 2798 ἐξουσίαν
1582 2766 1732 2802 είληχότες,
1753 2766 1801 2794 καὶ
1827 2764 1873 2792 ἐπὶ
