  <div class='ocr_page' id='page_1' title='image "/cluster/home/n/w/nwhite01/storage/ocr_20150623/105/njp.32101077772893/062.png"; bbox 0 0 2072 3160; ppageno 0'>
   <div class='ocr_carea' id='block_1_1' title="bbox 182 172 234 207">
    <p class='ocr_par' dir='ltr' id='par_1_1' title="bbox 182 172 234 207">
     <span class='ocr_line' id='line_1_1' title="bbox 182 172 234 207; baseline 0.019 -1"><span class='ocrx_word' id='word_1_1' title='bbox 182 172 234 207; x_wconf 83' lang='lat'><strong>109</strong></span> 
     </span>
    </p>
   </div>
   <div class='ocr_carea' id='block_1_2' title="bbox 574 169 1436 203">
    <p class='ocr_par' dir='ltr' id='par_1_2' title="bbox 574 169 1436 203">
     <span class='ocr_line' id='line_1_2' title="bbox 574 169 1436 203; baseline -0.005 0"><span class='ocrx_word' id='word_1_2' title='bbox 574 172 715 203; x_wconf 80' lang='lat' dir='ltr'><strong>ORATIO</strong></span> <span class='ocrx_word' id='word_1_3' title='bbox 733 172 772 202; x_wconf 81' lang='lat' dir='ltr'><strong>Vl</strong></span> <span class='ocrx_word' id='word_1_4' title='bbox 795 184 829 190; x_wconf 89' lang='lat'><strong>-</strong></span> <span class='ocrx_word' id='word_1_5' title='bbox 848 170 887 202; x_wconf 82' lang='lat' dir='ltr'><strong>IN</strong></span> <span class='ocrx_word' id='word_1_6' title='bbox 902 169 1057 201; x_wconf 86' lang='lat' dir='ltr'><strong>LAUDEM</strong></span> <span class='ocrx_word' id='word_1_7' title='bbox 1077 170 1106 201; x_wconf 86' lang='lat' dir='ltr'><strong>S.</strong></span> <span class='ocrx_word' id='word_1_8' title='bbox 1125 169 1284 201; x_wconf 78' lang='lat' dir='ltr'><strong>JOANNIS</strong></span> <span class='ocrx_word' id='word_1_9' title='bbox 1302 169 1436 201; x_wconf 82' lang='lat' dir='ltr'><strong>EVANG.</strong></span> 
     </span>
    </p>
   </div>
   <div class='ocr_carea' id='block_1_3' title="bbox 1756 166 1805 201">
    <p class='ocr_par' dir='ltr' id='par_1_3' title="bbox 1756 166 1805 201">
     <span class='ocr_line' id='line_1_3' title="bbox 1756 166 1805 201; baseline -0.041 0"><span class='ocrx_word' id='word_1_10' title='bbox 1756 166 1805 201; x_wconf 81' lang='grc'><strong>110</strong></span> 
     </span>
    </p>
   </div>
   <div class='ocr_carea' id='block_1_4' title="bbox 181 223 973 264">
    <p class='ocr_par' dir='ltr' id='par_1_4' title="bbox 181 226 969 264">
     <span class='ocr_line' id='line_1_4' title="bbox 181 226 969 264; baseline -0.005 -8"><span class='ocrx_word' id='word_1_11' title='bbox 181 231 273 257; x_wconf 79' lang='grc' dir='ltr'><strong>πᾶσαν</strong></span> <span class='ocrx_word' id='word_1_12' title='bbox 281 227 413 264; x_wconf 67' lang='grc' dir='ltr'><strong>ἄρχοντες</strong></span> <span class='ocrx_word' id='word_1_13' title='bbox 427 228 614 259; x_wconf 74' lang='grc' dir='ltr'><strong>καταστάντες</strong></span> <span class='ocrx_word' id='word_1_14' title='bbox 628 227 678 262; x_wconf 82' lang='grc' dir='ltr'><strong>τὴν</strong></span> <span class='ocrx_word' id='word_1_15' title='bbox 689 228 740 261; x_wconf 84' lang='grc' dir='ltr'><strong>γῆν</strong></span> <span class='ocrx_word' id='word_1_16' title='bbox 756 236 761 242; x_wconf 92' lang='grc'><strong>·</strong></span> <span class='ocrx_word' id='word_1_17' title='bbox 779 226 853 254; x_wconf 79' lang='grc' dir='ltr'><strong>ἄλλοι</strong></span> <span class='ocrx_word' id='word_1_18' title='bbox 867 227 915 262; x_wconf 75' lang='grc' dir='ltr'><strong>μὲν</strong></span> <span class='ocrx_word' id='word_1_19' title='bbox 926 226 969 252; x_wconf 79' lang='grc' dir='ltr'><strong>ἆλ-</strong></span> 
     </span>
    </p>
   </div>
   <div class='ocr_carea' id='block_1_5' title="bbox 1022 223 1804 264">
    <p class='ocr_par' dir='ltr' id='par_1_5' title="bbox 1022 223 1804 260">
     <span class='ocr_line' id='line_1_5' title="bbox 1022 223 1804 260; baseline -0.001 -8"><span class='ocrx_word' id='word_1_20' title='bbox 1022 233 1090 258; x_wconf 86' lang='lat' dir='ltr'><strong>ram,</strong></span> <span class='ocrx_word' id='word_1_21' title='bbox 1105 225 1175 253; x_wconf 87' lang='lat' dir='ltr'><strong>alius</strong></span> <span class='ocrx_word' id='word_1_22' title='bbox 1190 225 1271 253; x_wconf 88' lang='lat' dir='ltr'><strong>aliam</strong></span> <span class='ocrx_word' id='word_1_23' title='bbox 1285 229 1391 260; x_wconf 87' lang='lat' dir='ltr'><strong>partem</strong></span> <span class='ocrx_word' id='word_1_24' title='bbox 1411 224 1445 252; x_wconf 85' lang='lat' dir='ltr'><strong>ad</strong></span> <span class='ocrx_word' id='word_1_25' title='bbox 1459 223 1602 260; x_wconf 74' lang='lat' dir='ltr'><strong>apostolici</strong></span> <span class='ocrx_word' id='word_1_26' title='bbox 1614 223 1804 251; x_wconf 79' lang='lat' dir='ltr'><strong>munerioiun-</strong></span> 
     </span>
    </p>
   </div>
   <div class='ocr_carea' id='block_1_6' title="bbox 180 271 969 308">
    <p class='ocr_par' dir='ltr' id='par_1_6' title="bbox 180 271 969 308">
     <span class='ocr_line' id='line_1_6' title="bbox 180 271 969 308; baseline -0.005 -7"><span class='ocrx_word' id='word_1_27' title='bbox 180 275 228 301; x_wconf 85' lang='grc' dir='ltr'><strong>λου</strong></span> <span class='ocrx_word' id='word_1_28' title='bbox 241 274 293 308; x_wconf 80' lang='grc' dir='ltr'><strong>τῆς</strong></span> <span class='ocrx_word' id='word_1_29' title='bbox 319 273 483 308; x_wconf 71' lang='grc' dir='ltr'><strong>οἰκουμένης</strong></span> <span class='ocrx_word' id='word_1_30' title='bbox 513 272 615 308; x_wconf 83' lang='grc' dir='ltr'>μέρους</span> <span class='ocrx_word' id='word_1_31' title='bbox 640 272 689 307; x_wconf 85' lang='grc' dir='ltr'><strong>τὴν</strong></span> <span class='ocrx_word' id='word_1_32' title='bbox 716 271 897 306; x_wconf 72' lang='grc' dir='ltr'><strong>ἁποοτολικὴι)</strong></span> <span class='ocrx_word' id='word_1_33' title='bbox 919 271 969 306; x_wconf 87' lang='grc' dir='ltr'><strong>ἀρ-</strong></span> 
     </span>
    </p>
   </div>
   <div class='ocr_carea' id='block_1_7' title="bbox 181 314 970 354">
    <p class='ocr_par' dir='ltr' id='par_1_7' title="bbox 181 314 970 354">
     <span class='ocr_line' id='line_1_7' title="bbox 181 314 970 354; baseline -0.006 -8"><span class='ocrx_word' id='word_1_34' title='bbox 181 319 233 354; x_wconf 72' lang='grc' dir='ltr'><strong>χὴν</strong></span> <span class='ocrx_word' id='word_1_35' title='bbox 268 317 505 353; x_wconf 75' lang='grc' dir='ltr'><strong>διακληρούμενοι,</strong></span> <span class='ocrx_word' id='word_1_36' title='bbox 547 316 597 351; x_wconf 80' lang='grc' dir='ltr'><strong>τὴν</strong></span> <span class='ocrx_word' id='word_1_37' title='bbox 641 315 702 342; x_wconf 81' lang='grc' dir='ltr'><strong>κατ’</strong></span> <span class='ocrx_word' id='word_1_38' title='bbox 727 315 809 342; x_wconf 75' lang='grc' dir='ltr'><strong>αὐτὸν</strong></span> <span class='ocrx_word' id='word_1_39' title='bbox 856 314 970 346; x_wconf 68' lang='grc' dir='ltr'><strong>ἕκαστος</strong></span> 
     </span>
    </p>
   </div>
   <div class='ocr_carea' id='block_1_8' title="bbox 182 363 261 398">
    <p class='ocr_par' dir='ltr' id='par_1_8' title="bbox 182 363 261 398">
     <span class='ocr_line' id='line_1_8' title="bbox 182 363 261 398; baseline -0.013 -8"><span class='ocrx_word' id='word_1_40' title='bbox 182 363 261 398; x_wconf 85' lang='grc' dir='ltr'><strong>ὲπείη</strong></span> 
     </span>
    </p>
   </div>
   <div class='ocr_carea' id='block_1_9' title="bbox 225 405 987 444">
    <p class='ocr_par' dir='ltr' id='par_1_9' title="bbox 225 405 987 444">
     <span class='ocr_line' id='line_1_9' title="bbox 225 405 987 444; baseline -0.007 -8"><span class='ocrx_word' id='word_1_41' title='bbox 225 410 257 436; x_wconf 87' lang='grc' dir='ltr'><strong><em>Ἦ</em></strong></span> <span class='ocrx_word' id='word_1_42' title='bbox 270 408 376 444; x_wconf 79' lang='grc' dir='ltr'><strong>μεγάλη</strong></span> <span class='ocrx_word' id='word_1_43' title='bbox 386 408 414 435; x_wconf 83' lang='grc' dir='ltr'><strong>δὲ</strong></span> <span class='ocrx_word' id='word_1_44' title='bbox 421 407 469 434; x_wconf 83' lang='grc' dir='ltr'><strong>τοῦ</strong></span> <span class='ocrx_word' id='word_1_45' title='bbox 485 407 552 434; x_wconf 87' lang='grc' dir='ltr'><strong>Θεοῦ</strong></span> <span class='ocrx_word' id='word_1_46' title='bbox 564 407 652 441; x_wconf 84' lang='grc' dir='ltr'>Λόγου</span> <span class='ocrx_word' id='word_1_47' title='bbox 666 405 776 442; x_wconf 78' lang='grc' dir='ltr'><strong>βροντὴ.</strong></span> <span class='ocrx_word' id='word_1_48' title='bbox 795 405 810 432; x_wconf 82' lang='grc' dir='ltr'><strong><em>ὁ</em></strong></span> <span class='ocrx_word' id='word_1_49' title='bbox 828 412 970 440; x_wconf 81' lang='grc' dir='ltr'><strong>μεμεστω-</strong></span> <span class='ocrx_word' id='word_1_50' title='bbox 982 426 987 439; x_wconf 46' lang='grc' dir='ltr'><strong>η</strong></span> 
     </span>
    </p>
   </div>
   <div class='ocr_carea' id='block_1_10' title="bbox 184 449 971 490">
    <p class='ocr_par' dir='ltr' id='par_1_10' title="bbox 184 449 971 490">
     <span class='ocr_line' id='line_1_10' title="bbox 184 449 971 490; baseline -0.008 -8"><span class='ocrx_word' id='word_1_51' title='bbox 184 455 264 490; x_wconf 73' lang='grc' dir='ltr'><strong>μένος</strong></span> <span class='ocrx_word' id='word_1_52' title='bbox 277 455 328 489; x_wconf 77' lang='grc' dir='ltr'><strong>τῆς</strong></span> <span class='ocrx_word' id='word_1_53' title='bbox 346 453 403 481; x_wconf 75' lang='grc' dir='ltr'><strong>ἅνω</strong></span> <span class='ocrx_word' id='word_1_54' title='bbox 418 453 559 488; x_wconf 79' lang='grc' dir='ltr'><strong>θεολογίας</strong></span> <span class='ocrx_word' id='word_1_55' title='bbox 571 451 691 488; x_wconf 78' lang='grc' dir='ltr'><strong>κρατὴρ,</strong></span> <span class='ocrx_word' id='word_1_56' title='bbox 706 452 720 478; x_wconf 86' lang='grc' dir='ltr'><strong>δ</strong></span> <span class='ocrx_word' id='word_1_57' title='bbox 737 451 792 478; x_wconf 80' lang='grc' dir='ltr'><strong>τῶν</strong></span> <span class='ocrx_word' id='word_1_58' title='bbox 813 449 971 477; x_wconf 74' lang='grc' dir='ltr'><strong>ἀποστόλων</strong></span> 
     </span>
    </p>
   </div>
   <div class='ocr_carea' id='block_1_11' title="bbox 181 496 971 536">
    <p class='ocr_par' dir='ltr' id='par_1_11' title="bbox 181 496 971 536">
     <span class='ocr_line' id='line_1_11' title="bbox 181 496 971 536; baseline -0.008 -8"><span class='ocrx_word' id='word_1_59' title='bbox 181 500 332 536; x_wconf 79' lang='grc' dir='ltr'><strong>ὀφθαλμὸς,</strong></span> <span class='ocrx_word' id='word_1_60' title='bbox 365 500 493 535; x_wconf 81' lang='grc' dir='ltr'>Ἰωάννης</span> <span class='ocrx_word' id='word_1_61' title='bbox 521 501 535 526; x_wconf 80' lang='grc' dir='ltr'><strong>ὁ</strong></span> <span class='ocrx_word' id='word_1_62' title='bbox 562 499 634 526; x_wconf 82' lang='grc' dir='ltr'><strong>πάνυ</strong></span> <span class='ocrx_word' id='word_1_63' title='bbox 647 519 655 532; x_wconf 95' lang='grc'><strong>,</strong></span> <span class='ocrx_word' id='word_1_64' title='bbox 675 498 896 533; x_wconf 79' lang='grc' dir='ltr'><strong>κατακληροῦται</strong></span> <span class='ocrx_word' id='word_1_65' title='bbox 921 496 971 523; x_wconf 59' lang='grc' dir='ltr'><strong>τίεν</strong></span> 
     </span>
    </p>
   </div>
   <div class='ocr_carea' id='block_1_12' title="bbox 187 543 968 580">
    <p class='ocr_par' dir='ltr' id='par_1_12' title="bbox 187 543 968 580">
     <span class='ocr_line' id='line_1_12' title="bbox 187 543 968 580; baseline -0.006 -6"><span class='ocrx_word' id='word_1_66' title='bbox 187 547 293 580; x_wconf 79' lang='grc' dir='ltr'><strong>Ἀσίαν,</strong></span> <span class='ocrx_word' id='word_1_67' title='bbox 309 547 349 578; x_wconf 85' lang='grc' dir='ltr'><strong>ὡς</strong></span> <span class='ocrx_word' id='word_1_68' title='bbox 372 545 486 577; x_wconf 83' lang='grc' dir='ltr'><strong>δυνατὸς</strong></span> <span class='ocrx_word' id='word_1_69' title='bbox 507 546 537 572; x_wconf 76' lang='lat' dir='ltr'><strong>tv</strong></span> <span class='ocrx_word' id='word_1_70' title='bbox 556 544 657 580; x_wconf 80' lang='grc' dir='ltr'><strong>λόγοις,</strong></span> <span class='ocrx_word' id='word_1_71' title='bbox 681 544 792 574; x_wconf 81' lang='grc' dir='ltr'><strong>δυνατὸς</strong></span> <span class='ocrx_word' id='word_1_72' title='bbox 812 545 841 570; x_wconf 74' lang='grc' dir='ltr'><strong>ὲν</strong></span> <span class='ocrx_word' id='word_1_73' title='bbox 860 543 968 578; x_wconf 72' lang='grc' dir='ltr'><strong>ιργοις⁸</strong></span> 
     </span>
    </p>
   </div>
   <div class='ocr_carea' id='block_1_13' title="bbox 179 583 971 628">
    <p class='ocr_par' dir='ltr' id='par_1_13' title="bbox 179 583 971 628">
     <span class='ocr_line' id='line_1_13' title="bbox 179 583 971 628; baseline -0.006 -9"><span class='ocrx_word' id='word_1_74' title='bbox 179 593 231 628; x_wconf 81' lang='grc' dir='ltr'><strong>τὴν</strong></span> <span class='ocrx_word' id='word_1_75' title='bbox 247 592 339 619; x_wconf 83' lang='grc' dir='ltr'><strong>πόλεσι</strong></span> <span class='ocrx_word' id='word_1_76' title='bbox 362 591 411 627; x_wconf 75' lang='grc' dir='ltr'><strong>μὲν</strong></span> <span class='ocrx_word' id='word_1_77' title='bbox 426 591 497 625; x_wconf 74' lang='grc' dir='ltr'><strong>ἄγαν</strong></span> <span class='ocrx_word' id='word_1_78' title='bbox 520 591 567 618; x_wconf 73' lang='grc' dir='ltr'><strong>καὶ</strong></span> <span class='ocrx_word' id='word_1_79' title='bbox 583 591 721 623; x_wconf 56' lang='grc' dir='ltr'><strong>δυνατῶς,</strong></span> <span class='ocrx_word' id='word_1_80' title='bbox 737 590 811 621; x_wconf 82' lang='grc' dir='ltr'><strong>λαοῖς</strong></span> <span class='ocrx_word' id='word_1_81' title='bbox 828 583 859 615; x_wconf 66' lang='grc' dir='ltr'><strong>δὲ</strong></span> <span class='ocrx_word' id='word_1_82' title='bbox 870 588 971 623; x_wconf 83' lang='grc' dir='ltr'><strong>θρασυ-</strong></span> 
     </span>
    </p>
   </div>
   <div class='ocr_carea' id='block_1_14' title="bbox 179 632 970 673">
    <p class='ocr_par' dir='ltr' id='par_1_14' title="bbox 179 632 970 673">
     <span class='ocr_line' id='line_1_14' title="bbox 179 632 970 673; baseline -0.008 -8"><span class='ocrx_word' id='word_1_83' title='bbox 179 639 274 670; x_wconf 79' lang='grc' dir='ltr'><strong>τάτοις</strong></span> <span class='ocrx_word' id='word_1_84' title='bbox 283 637 412 673; x_wconf 77' lang='grc' dir='ltr'><strong>κομῶσαν</strong></span> <span class='ocrx_word' id='word_1_85' title='bbox 420 637 469 664; x_wconf 79' lang='grc' dir='ltr'><strong>καὶ</strong></span> <span class='ocrx_word' id='word_1_86' title='bbox 478 636 683 672; x_wconf 77' lang='grc' dir='ltr'><strong>πονηροτάτοις·</strong></span> <span class='ocrx_word' id='word_1_87' title='bbox 696 635 771 667; x_wconf 76' lang='grc' dir='ltr'><strong>λαοῖς</strong></span> <span class='ocrx_word' id='word_1_88' title='bbox 781 634 872 669; x_wconf 80' lang='grc' dir='ltr'><strong>πολλῷ</strong></span> <span class='ocrx_word' id='word_1_89' title='bbox 885 632 970 660; x_wconf 82' lang='grc' dir='ltr'><strong>πλού-</strong></span> 
     </span>
    </p>
   </div>
   <div class='ocr_carea' id='block_1_15' title="bbox 179 679 970 719">
    <p class='ocr_par' dir='ltr' id='par_1_15' title="bbox 179 679 970 719">
     <span class='ocr_line' id='line_1_15' title="bbox 179 679 970 719; baseline -0.008 -8"><span class='ocrx_word' id='word_1_90' title='bbox 179 692 231 719; x_wconf 81' lang='grc' dir='ltr'><strong>τῳ,</strong></span> <span class='ocrx_word' id='word_1_91' title='bbox 247 684 294 710; x_wconf 72' lang='grc' dir='ltr'><strong>καὶ</strong></span> <span class='ocrx_word' id='word_1_92' title='bbox 307 682 397 715; x_wconf 81' lang='grc' dir='ltr'><strong>δόξαις</strong></span> <span class='ocrx_word' id='word_1_93' title='bbox 416 683 615 718; x_wconf 80' lang='grc' dir='ltr'><strong>γαυρουμένοις</strong></span> <span class='ocrx_word' id='word_1_94' title='bbox 637 681 739 712; x_wconf 76' lang='grc' dir='ltr'><strong>κεναῖς·</strong></span> <span class='ocrx_word' id='word_1_95' title='bbox 754 680 802 708; x_wconf 81' lang='grc' dir='ltr'><strong>καὶ</strong></span> <span class='ocrx_word' id='word_1_96' title='bbox 824 679 904 714; x_wconf 65' lang='grc' dir='ltr'><strong>σοφίᾳ</strong></span> <span class='ocrx_word' id='word_1_97' title='bbox 921 679 970 714; x_wconf 82' lang='grc' dir='ltr'><strong>μὲν</strong></span> 
     </span>
    </p>
   </div>
   <div class='ocr_carea' id='block_1_16' title="bbox 186 724 970 765">
    <p class='ocr_par' dir='ltr' id='par_1_16' title="bbox 186 724 970 765">
     <span class='ocr_line' id='line_1_16' title="bbox 186 724 970 765; baseline -0.008 -9"><span class='ocrx_word' id='word_1_98' title='bbox 186 729 323 765; x_wconf 80' lang='grc' dir='ltr'><strong>Ἑλλήνων</strong></span> <span class='ocrx_word' id='word_1_99' title='bbox 346 728 591 764; x_wconf 58' lang='grc' dir='ltr'><strong>ὑπεραιρομὼοιςο</strong></span> <span class='ocrx_word' id='word_1_100' title='bbox 615 728 650 762; x_wconf 77' lang='grc' dir='ltr'><strong>τῇ</strong></span> <span class='ocrx_word' id='word_1_101' title='bbox 672 726 736 761; x_wconf 71' lang='grc' dir='ltr'><strong>περὶ</strong></span> <span class='ocrx_word' id='word_1_102' title='bbox 763 726 826 758; x_wconf 78' lang='grc' dir='ltr'><strong>τοὺς</strong></span> <span class='ocrx_word' id='word_1_103' title='bbox 845 725 923 756; x_wconf 72' lang='grc' dir='ltr'><strong>θεοὺς</strong></span> <span class='ocrx_word' id='word_1_104' title='bbox 941 724 970 750; x_wconf 69' lang='grc' dir='ltr'><strong>δὲ</strong></span> 
     </span>
    </p>
   </div>
   <div class='ocr_carea' id='block_1_17' title="bbox 179 772 690 811">
    <p class='ocr_par' dir='ltr' id='par_1_17' title="bbox 179 772 690 811">
     <span class='ocr_line' id='line_1_17' title="bbox 179 772 690 811; baseline -0.002 -9"><span class='ocrx_word' id='word_1_105' title='bbox 179 775 272 811; x_wconf 71' lang='grc' dir='ltr'><strong>πλάνῃ</strong></span> <span class='ocrx_word' id='word_1_106' title='bbox 289 774 468 810; x_wconf 83' lang='grc' dir='ltr'><strong>σφοδρότερον</strong></span> <span class='ocrx_word' id='word_1_107' title='bbox 490 775 583 809; x_wconf 82' lang='grc' dir='ltr'><strong>ἑνισχη</strong></span> <span class='ocrx_word' id='word_1_108' title='bbox 588 772 690 808; x_wconf 78' lang='grc' dir='ltr'><strong>μένοις.</strong></span> 
     </span>
    </p>
   </div>
   <div class='ocr_carea' id='block_1_18' title="bbox 219 861 970 899">
    <p class='ocr_par' dir='ltr' id='par_1_18' title="bbox 219 861 970 899">
     <span class='ocr_line' id='line_1_18' title="bbox 219 861 970 899; baseline -0.005 -7"><span class='ocrx_word' id='word_1_109' title='bbox 219 866 333 896; x_wconf 82' lang='grc' dir='ltr'><strong>Τούτοις</strong></span> <span class='ocrx_word' id='word_1_110' title='bbox 357 865 373 891; x_wconf 84' lang='grc' dir='ltr'><strong>δ</strong></span> <span class='ocrx_word' id='word_1_111' title='bbox 396 864 483 899; x_wconf 78' lang='grc' dir='ltr'><strong>μέγας</strong></span> <span class='ocrx_word' id='word_1_112' title='bbox 507 863 654 895; x_wconf 72' lang='grc' dir='ltr'><strong>ἀπόστολος</strong></span> <span class='ocrx_word' id='word_1_113' title='bbox 679 861 902 898; x_wconf 71' lang='grc' dir='ltr'><strong>ἐπιδεδημηκὼς,</strong></span> <span class='ocrx_word' id='word_1_114' title='bbox 922 861 970 888; x_wconf 77' lang='grc' dir='ltr'><strong>καὶ</strong></span> 
     </span>
    </p>
   </div>
   <div class='ocr_carea' id='block_1_19' title="bbox 1020 270 1806 306">
    <p class='ocr_par' dir='ltr' id='par_1_19' title="bbox 1020 270 1806 306">
     <span class='ocr_line' id='line_1_19' title="bbox 1020 270 1806 306; baseline -0.001 -8"><span class='ocrx_word' id='word_1_115' title='bbox 1020 271 1142 299; x_wconf 90' lang='lat' dir='ltr'><strong>ctionem</strong></span> <span class='ocrx_word' id='word_1_116' title='bbox 1154 271 1256 302; x_wconf 87' lang='lat' dir='ltr'><strong>sortiti,</strong></span> <span class='ocrx_word' id='word_1_117' title='bbox 1276 270 1311 298; x_wconf 89' lang='lat' dir='ltr'><strong>ad</strong></span> <span class='ocrx_word' id='word_1_118' title='bbox 1319 278 1397 299; x_wconf 89' lang='lat' dir='ltr'><strong>suam</strong></span> <span class='ocrx_word' id='word_1_119' title='bbox 1424 271 1541 306; x_wconf 88' lang='lat' dir='ltr'><strong>quisque</strong></span> <span class='ocrx_word' id='word_1_120' title='bbox 1556 270 1725 306; x_wconf 82' lang='lat' dir='ltr'><strong>provinciam</strong></span> <span class='ocrx_word' id='word_1_121' title='bbox 1742 277 1806 305; x_wconf 85' lang='lat' dir='ltr'><strong>pro-</strong></span> 
     </span>
    </p>
   </div>
   <div class='ocr_carea' id='block_1_20' title="bbox 1020 317 1271 345">
    <p class='ocr_par' dir='ltr' id='par_1_20' title="bbox 1020 317 1271 345">
     <span class='ocr_line' id='line_1_20' title="bbox 1020 317 1271 345; baseline 0 0"><span class='ocrx_word' id='word_1_122' title='bbox 1020 317 1213 345; x_wconf 83' lang='lat' dir='ltr'><strong>ﬁciscebantur</strong></span> <span class='ocrx_word' id='word_1_123' title='bbox 1227 317 1271 345; x_wconf 82' lang='grc'><strong>¹⁸’.</strong></span> 
     </span>
    </p>
   </div>
   <div class='ocr_carea' id='block_1_21' title="bbox 1056 403 1807 440">
    <p class='ocr_par' dir='ltr' id='par_1_21' title="bbox 1056 403 1807 440">
     <span class='ocr_line' id='line_1_21' title="bbox 1056 403 1807 440; baseline 0.005 -11"><span class='ocrx_word' id='word_1_124' title='bbox 1056 403 1182 438; x_wconf 74' lang='lat' dir='ltr'><strong>Magnum</strong></span> <span class='ocrx_word' id='word_1_125' title='bbox 1192 411 1259 430; x_wconf 87' lang='lat' dir='ltr'><strong>vero</strong></span> <span class='ocrx_word' id='word_1_126' title='bbox 1278 403 1326 431; x_wconf 86' lang='lat' dir='ltr'><strong>Dei</strong></span> <span class='ocrx_word' id='word_1_127' title='bbox 1352 403 1433 432; x_wconf 82' lang='lat' dir='ltr'><strong>Verbi</strong></span> <span class='ocrx_word' id='word_1_128' title='bbox 1462 404 1735 440; x_wconf 81' lang='lat' dir='ltr'><strong>tonitruum,plenus</strong></span> <span class='ocrx_word' id='word_1_129' title='bbox 1761 405 1807 433; x_wconf 83' lang='lat' dir='ltr'><strong>ille</strong></span> 
     </span>
    </p>
   </div>
   <div class='ocr_carea' id='block_1_22' title="bbox 1020 448 1808 486">
    <p class='ocr_par' dir='ltr' id='par_1_22' title="bbox 1020 448 1808 486">
     <span class='ocr_line' id='line_1_22' title="bbox 1020 448 1808 486; baseline 0.005 -12"><span class='ocrx_word' id='word_1_130' title='bbox 1020 455 1148 482; x_wconf 62' lang='lat' dir='ltr'><strong>superna;</strong></span> <span class='ocrx_word' id='word_1_131' title='bbox 1157 448 1302 484; x_wconf 70' lang='lat' dir='ltr'><strong>theologia:</strong></span> <span class='ocrx_word' id='word_1_132' title='bbox 1310 453 1410 482; x_wconf 87' lang='lat' dir='ltr'><strong>crater,</strong></span> <span class='ocrx_word' id='word_1_133' title='bbox 1423 449 1608 484; x_wconf 70' lang='lat' dir='ltr'><strong>apostolorum</strong></span> <span class='ocrx_word' id='word_1_134' title='bbox 1620 451 1728 483; x_wconf 85' lang='lat' dir='ltr'><strong>oculus.</strong></span> <span class='ocrx_word' id='word_1_135' title='bbox 1737 458 1808 486; x_wconf 67' lang='lat' dir='ltr'><strong>prae-</strong></span> 
     </span>
    </p>
   </div>
   <div class='ocr_carea' id='block_1_23' title="bbox 1021 494 1804 532">
    <p class='ocr_par' dir='ltr' id='par_1_23' title="bbox 1021 494 1804 532">
     <span class='ocr_line' id='line_1_23' title="bbox 1021 494 1804 532; baseline 0.004 -11"><span class='ocrx_word' id='word_1_136' title='bbox 1021 494 1112 522; x_wconf 86' lang='lat' dir='ltr'><strong>clarus</strong></span> <span class='ocrx_word' id='word_1_137' title='bbox 1122 495 1253 528; x_wconf 81' lang='lat' dir='ltr'><strong>Joannes,</strong></span> <span class='ocrx_word' id='word_1_138' title='bbox 1275 495 1404 523; x_wconf 80' lang='lat' dir='ltr'><strong>Asiamin</strong></span> <span class='ocrx_word' id='word_1_139' title='bbox 1416 499 1519 523; x_wconf 87' lang='lat' dir='ltr'><strong>sortem</strong></span> <span class='ocrx_word' id='word_1_140' title='bbox 1534 496 1645 530; x_wconf 84' lang='lat' dir='ltr'><strong>accipit,</strong></span> <span class='ocrx_word' id='word_1_141' title='bbox 1673 500 1804 532; x_wconf 87' lang='lat' dir='ltr'><strong>tanquam</strong></span> 
     </span>
    </p>
   </div>
   <div class='ocr_carea' id='block_1_24' title="bbox 1021 541 1806 578">
    <p class='ocr_par' dir='ltr' id='par_1_24' title="bbox 1021 541 1806 578">
     <span class='ocr_line' id='line_1_24' title="bbox 1021 541 1806 578; baseline 0.004 -10"><span class='ocrx_word' id='word_1_142' title='bbox 1021 541 1151 568; x_wconf 72' lang='lat' dir='ltr'><strong>videlicet</strong></span> <span class='ocrx_word' id='word_1_143' title='bbox 1166 541 1210 568; x_wconf 85' lang='lat' dir='ltr'><strong>vir</strong></span> <span class='ocrx_word' id='word_1_144' title='bbox 1224 548 1352 569; x_wconf 85' lang='lat' dir='ltr'><strong>sermone</strong></span> <span class='ocrx_word' id='word_1_145' title='bbox 1365 545 1464 576; x_wconf 86' lang='lat' dir='ltr'><strong>potens</strong></span> <span class='ocrx_word' id='word_1_146' title='bbox 1480 549 1512 569; x_wconf 87' lang='lat' dir='ltr'><strong>ac</strong></span> <span class='ocrx_word' id='word_1_147' title='bbox 1527 542 1678 576; x_wconf 82' lang='lat' dir='ltr'><strong>operibus:</strong></span> <span class='ocrx_word' id='word_1_148' title='bbox 1694 544 1806 578; x_wconf 85' lang='lat' dir='ltr'><strong>provin-</strong></span> 
     </span>
    </p>
   </div>
   <div class='ocr_carea' id='block_1_25' title="bbox 1020 586 1808 623">
    <p class='ocr_par' dir='ltr' id='par_1_25' title="bbox 1020 586 1808 623">
     <span class='ocr_line' id='line_1_25' title="bbox 1020 586 1808 623; baseline 0.003 -9"><span class='ocrx_word' id='word_1_149' title='bbox 1020 587 1091 614; x_wconf 85' lang='lat' dir='ltr'><strong>ciam</strong></span> <span class='ocrx_word' id='word_1_150' title='bbox 1109 586 1241 614; x_wconf 86' lang='lat' dir='ltr'><strong>nimirum</strong></span> <span class='ocrx_word' id='word_1_151' title='bbox 1269 586 1364 614; x_wconf 88' lang='lat' dir='ltr'><strong>multis</strong></span> <span class='ocrx_word' id='word_1_152' title='bbox 1389 586 1507 615; x_wconf 84' lang='lat' dir='ltr'><strong>urbibus</strong></span> <span class='ocrx_word' id='word_1_153' title='bbox 1535 587 1624 622; x_wconf 87' lang='lat' dir='ltr'><strong>iisque</strong></span> <span class='ocrx_word' id='word_1_154' title='bbox 1647 589 1808 623; x_wconf 85' lang='lat' dir='ltr'><strong>potentibus</strong></span> 
     </span>
    </p>
   </div>
   <div class='ocr_carea' id='block_1_26' title="bbox 1020 633 1808 670">
    <p class='ocr_par' dir='ltr' id='par_1_26' title="bbox 1020 633 1808 670">
     <span class='ocr_line' id='line_1_26' title="bbox 1020 633 1808 670; baseline 0.003 -9"><span class='ocrx_word' id='word_1_155' title='bbox 1020 633 1182 666; x_wconf 84' lang='lat' dir='ltr'><strong>confertam,</strong></span> <span class='ocrx_word' id='word_1_156' title='bbox 1197 633 1433 668; x_wconf 83' lang='lat' dir='ltr'><strong>ferocioribusque</strong></span> <span class='ocrx_word' id='word_1_157' title='bbox 1453 640 1485 660; x_wconf 83' lang='lat' dir='ltr'><strong>ac</strong></span> <span class='ocrx_word' id='word_1_158' title='bbox 1503 633 1679 670; x_wconf 84' lang='lat' dir='ltr'><strong>nequissimis</strong></span> <span class='ocrx_word' id='word_1_159' title='bbox 1698 635 1808 670; x_wconf 77' lang='lat' dir='ltr'><strong>populis</strong></span> 
     </span>
    </p>
   </div>
   <div class='ocr_carea' id='block_1_27' title="bbox 1020 668 1808 715">
    <p class='ocr_par' dir='ltr' id='par_1_27' title="bbox 1020 668 1808 715">
     <span class='ocr_line' id='line_1_27' title="bbox 1020 668 1808 715; baseline 0 -8"><span class='ocrx_word' id='word_1_160' title='bbox 1020 680 1101 715; x_wconf 77' lang='lat' dir='ltr'><strong>longe</strong></span> <span class='ocrx_word' id='word_1_161' title='bbox 1115 679 1223 714; x_wconf 79' lang='lat' dir='ltr'><strong>plenam</strong></span> <span class='ocrx_word' id='word_1_162' title='bbox 1237 687 1244 712; x_wconf 88' lang='lat'>;</span> <span class='ocrx_word' id='word_1_163' title='bbox 1261 678 1371 714; x_wconf 83' lang='lat' dir='ltr'><strong>populis</strong></span> <span class='ocrx_word' id='word_1_164' title='bbox 1381 678 1489 706; x_wconf 85' lang='lat' dir='ltr'><strong>scilicet</strong></span> <span class='ocrx_word' id='word_1_165' title='bbox 1501 668 1659 707; x_wconf 74' lang='lat' dir='ltr'><strong>divitiarum</strong></span> <span class='ocrx_word' id='word_1_166' title='bbox 1668 668 1808 707; x_wconf 76' lang='lat' dir='ltr'><strong>ailluenlia</strong></span> 
     </span>
    </p>
   </div>
   <div class='ocr_carea' id='block_1_28' title="bbox 1021 723 1810 759">
    <p class='ocr_par' dir='ltr' id='par_1_28' title="bbox 1021 723 1810 759">
     <span class='ocr_line' id='line_1_28' title="bbox 1021 723 1810 759; baseline 0.001 -7"><span class='ocrx_word' id='word_1_167' title='bbox 1021 725 1199 759; x_wconf 86' lang='lat' dir='ltr'><strong>inaniumque</strong></span> <span class='ocrx_word' id='word_1_168' title='bbox 1211 729 1294 751; x_wconf 90' lang='lat' dir='ltr'><strong>vento</strong></span> <span class='ocrx_word' id='word_1_169' title='bbox 1303 723 1466 758; x_wconf 86' lang='lat' dir='ltr'><strong>opinionum</strong></span> <span class='ocrx_word' id='word_1_170' title='bbox 1476 724 1701 759; x_wconf 83' lang='lat' dir='ltr'><strong>superbientibus</strong></span> <span class='ocrx_word' id='word_1_171' title='bbox 1712 733 1720 758; x_wconf 91' lang='lat'>;</span> <span class='ocrx_word' id='word_1_172' title='bbox 1733 725 1810 753; x_wconf 67' lang='lat' dir='ltr'><strong>Gran-</strong></span> 
     </span>
    </p>
   </div>
   <div class='ocr_carea' id='block_1_29' title="bbox 1021 773 1845 809">
    <p class='ocr_par' dir='ltr' id='par_1_29' title="bbox 1021 773 1845 809">
     <span class='ocr_line' id='line_1_29' title="bbox 1021 773 1845 809; baseline 0.002 -9"><span class='ocrx_word' id='word_1_173' title='bbox 1021 780 1117 801; x_wconf 91' lang='lat' dir='ltr'><strong>corum</strong></span> <span class='ocrx_word' id='word_1_174' title='bbox 1130 773 1241 808; x_wconf 85' lang='lat' dir='ltr'><strong>quidem</strong></span> <span class='ocrx_word' id='word_1_175' title='bbox 1256 773 1390 808; x_wconf 74' lang='lat' dir='ltr'><strong>sapientia</strong></span> <span class='ocrx_word' id='word_1_176' title='bbox 1407 773 1599 808; x_wconf 72' lang='lat' dir='ltr'><strong>gloriantibus,</strong></span> <span class='ocrx_word' id='word_1_177' title='bbox 1619 773 1667 800; x_wconf 87' lang='lat' dir='ltr'><strong>sed</strong></span> <span class='ocrx_word' id='word_1_178' title='bbox 1682 773 1730 809; x_wconf 88' lang='lat' dir='ltr'><strong>qui</strong></span> <span class='ocrx_word' id='word_1_179' title='bbox 1745 773 1810 802; x_wconf 86' lang='lat' dir='ltr'><strong>deo-</strong></span> <span class='ocrx_word' id='word_1_180' title='bbox 1839 789 1845 798; x_wconf 69' lang='grc' dir='ltr'><strong>ε</strong></span> 
     </span>
    </p>
   </div>
   <div class='ocr_carea' id='block_1_30' title="bbox 1020 818 1602 846">
    <p class='ocr_par' dir='ltr' id='par_1_30' title="bbox 1020 818 1602 846">
     <span class='ocr_line' id='line_1_30' title="bbox 1020 818 1602 846; baseline -0.002 0"><span class='ocrx_word' id='word_1_181' title='bbox 1020 826 1083 846; x_wconf 88' lang='lat' dir='ltr'><strong>rum</strong></span> <span class='ocrx_word' id='word_1_182' title='bbox 1095 818 1199 846; x_wconf 83' lang='lat' dir='ltr'><strong>arctius</strong></span> <span class='ocrx_word' id='word_1_183' title='bbox 1210 825 1305 845; x_wconf 87' lang='lat' dir='ltr'><strong>errore</strong></span> <span class='ocrx_word' id='word_1_184' title='bbox 1326 818 1419 845; x_wconf 82' lang='lat' dir='ltr'><strong>innexi</strong></span> <span class='ocrx_word' id='word_1_185' title='bbox 1431 822 1602 846; x_wconf 82' lang='lat' dir='ltr'><strong>tenerentur.</strong></span> 
     </span>
    </p>
   </div>
   <div class='ocr_carea' id='block_1_31' title="bbox 1055 864 1809 899">
    <p class='ocr_par' dir='ltr' id='par_1_31' title="bbox 1055 864 1809 899">
     <span class='ocr_line' id='line_1_31' title="bbox 1055 864 1809 899; baseline 0.003 -8"><span class='ocrx_word' id='word_1_186' title='bbox 1055 864 1096 892; x_wconf 79' lang='lat' dir='ltr'><strong>Ad</strong></span> <span class='ocrx_word' id='word_1_187' title='bbox 1107 865 1158 892; x_wconf 80' lang='lat' dir='ltr'><strong>hos</strong></span> <span class='ocrx_word' id='word_1_188' title='bbox 1171 871 1285 899; x_wconf 79' lang='lat' dir='ltr'><strong>magnus</strong></span> <span class='ocrx_word' id='word_1_189' title='bbox 1298 864 1437 898; x_wconf 85' lang='lat' dir='ltr'><strong>apostolus</strong></span> <span class='ocrx_word' id='word_1_190' title='bbox 1445 871 1507 891; x_wconf 91' lang='lat' dir='ltr'><strong>cum</strong></span> <span class='ocrx_word' id='word_1_191' title='bbox 1522 872 1552 892; x_wconf 86' lang='lat' dir='ltr'><strong>se</strong></span> <span class='ocrx_word' id='word_1_192' title='bbox 1560 865 1738 897; x_wconf 87' lang='lat' dir='ltr'><strong>contulisset,</strong></span> <span class='ocrx_word' id='word_1_193' title='bbox 1748 873 1809 894; x_wconf 78' lang='lat' dir='ltr'><strong>om-</strong></span> 
     </span>
    </p>
   </div>
   <div class='ocr_carea' id='block_1_32' title="bbox 181 904 973 945">
    <p class='ocr_par' dir='ltr' id='par_1_32' title="bbox 181 907 973 945">
     <span class='ocr_line' id='line_1_32' title="bbox 181 907 973 945; baseline -0.006 -7"><span class='ocrx_word' id='word_1_194' title='bbox 181 911 273 938; x_wconf 80' lang='grc' dir='ltr'><strong>πᾶσαν</strong></span> <span class='ocrx_word' id='word_1_195' title='bbox 293 910 343 945; x_wconf 60' lang='grc' dir='ltr'><strong>μὲν</strong></span> <span class='ocrx_word' id='word_1_196' title='bbox 356 909 411 936; x_wconf 79' lang='grc' dir='ltr'><strong>τῶν</strong></span> <span class='ocrx_word' id='word_1_197' title='bbox 429 909 579 945; x_wconf 75' lang='grc' dir='ltr'><strong>ἀνθρώπων</strong></span> <span class='ocrx_word' id='word_1_198' title='bbox 594 908 708 943; x_wconf 81' lang='grc' dir='ltr'><strong>καρδίαν</strong></span> <span class='ocrx_word' id='word_1_199' title='bbox 729 908 769 943; x_wconf 82' lang='grc' dir='ltr'><strong>τῷ</strong></span> <span class='ocrx_word' id='word_1_200' title='bbox 783 908 832 942; x_wconf 86' lang='grc' dir='ltr'><strong>τῆς</strong></span> <span class='ocrx_word' id='word_1_201' title='bbox 845 907 973 934; x_wconf 78' lang='grc' dir='ltr'><strong>δεισιδαι-</strong></span> 
     </span>
    </p>
   </div>
   <div class='ocr_carea' id='block_1_33' title="bbox 1022 904 1810 945">
    <p class='ocr_par' dir='ltr' id='par_1_33' title="bbox 1024 907 1810 943">
     <span class='ocr_line' id='line_1_33' title="bbox 1024 907 1810 943; baseline 0 -8"><span class='ocrx_word' id='word_1_202' title='bbox 1024 916 1129 942; x_wconf 82' lang='lat' dir='ltr'><strong>nesque</strong></span> <span class='ocrx_word' id='word_1_203' title='bbox 1143 915 1240 935; x_wconf 87' lang='lat' dir='ltr'><strong>eorum</strong></span> <span class='ocrx_word' id='word_1_204' title='bbox 1255 907 1363 934; x_wconf 89' lang='lat' dir='ltr'><strong>animos</strong></span> <span class='ocrx_word' id='word_1_205' title='bbox 1376 907 1581 942; x_wconf 84' lang='lat' dir='ltr'><strong>superstitionis</strong></span> <span class='ocrx_word' id='word_1_206' title='bbox 1595 908 1710 943; x_wconf 80' lang='lat' dir='ltr'><strong>caligine</strong></span> <span class='ocrx_word' id='word_1_207' title='bbox 1724 908 1810 935; x_wconf 85' lang='lat' dir='ltr'><strong>obru-</strong></span> 
     </span>
    </p>
   </div>
   <div class='ocr_carea' id='block_1_34' title="bbox 183 952 990 993">
    <p class='ocr_par' dir='ltr' id='par_1_34' title="bbox 183 952 990 993">
     <span class='ocr_line' id='line_1_34' title="bbox 183 952 990 993; baseline -0.007 -9"><span class='ocrx_word' id='word_1_208' title='bbox 183 958 281 993; x_wconf 77' lang='grc' dir='ltr'><strong>μονίας</strong></span> <span class='ocrx_word' id='word_1_209' title='bbox 302 957 378 992; x_wconf 78' lang='grc' dir='ltr'><strong>ζόφῳ</strong></span> <span class='ocrx_word' id='word_1_210' title='bbox 402 955 599 991; x_wconf 77' lang='grc' dir='ltr'><strong>πεπαχυμένην</strong></span> <span class='ocrx_word' id='word_1_211' title='bbox 630 954 708 982; x_wconf 78' lang='grc' dir='ltr'><strong>ἰδών⁸</strong></span> <span class='ocrx_word' id='word_1_212' title='bbox 739 954 829 981; x_wconf 74' lang='grc' dir='ltr'><strong>πᾶσαν</strong></span> <span class='ocrx_word' id='word_1_213' title='bbox 840 953 869 980; x_wconf 74' lang='grc' dir='ltr'><strong>δὲ</strong></span> <span class='ocrx_word' id='word_1_214' title='bbox 881 952 990 993; x_wconf 17' lang='grc' dir='ltr'><strong>ψυχὴν,</strong></span> 
     </span>
    </p>
   </div>
   <div class='ocr_carea' id='block_1_35' title="bbox 184 999 971 1039">
    <p class='ocr_par' dir='ltr' id='par_1_35' title="bbox 184 999 971 1039">
     <span class='ocr_line' id='line_1_35' title="bbox 184 999 971 1039; baseline -0.006 -9"><span class='ocrx_word' id='word_1_215' title='bbox 184 1003 386 1039; x_wconf 79' lang='grc' dir='ltr'><strong>ὲζωγρημένην</strong></span> <span class='ocrx_word' id='word_1_216' title='bbox 408 1002 447 1038; x_wconf 80' lang='grc' dir='ltr'><strong>τῷ</strong></span> <span class='ocrx_word' id='word_1_217' title='bbox 461 1001 589 1036; x_wconf 76' lang='grc' dir='ltr'><strong>διαϐόλῳ,</strong></span> <span class='ocrx_word' id='word_1_218' title='bbox 601 1001 648 1027; x_wconf 74' lang='grc' dir='ltr'><strong>καὶ</strong></span> <span class='ocrx_word' id='word_1_219' title='bbox 665 999 734 1035; x_wconf 80' lang='grc' dir='ltr'><strong>πρὸς</strong></span> <span class='ocrx_word' id='word_1_220' title='bbox 750 999 781 1026; x_wconf 79' lang='grc' dir='ltr'><strong>τὸ</strong></span> <span class='ocrx_word' id='word_1_221' title='bbox 795 999 879 1026; x_wconf 81' lang='grc' dir='ltr'><strong>αὑτοῦ</strong></span> <span class='ocrx_word' id='word_1_222' title='bbox 894 999 971 1033; x_wconf 77' lang='grc' dir='ltr'><strong>θέλη-</strong></span> 
     </span>
    </p>
   </div>
   <div class='ocr_carea' id='block_1_36' title="bbox 183 1043 972 1084">
    <p class='ocr_par' dir='ltr' id='par_1_36' title="bbox 183 1043 972 1084">
     <span class='ocr_line' id='line_1_36' title="bbox 183 1043 972 1084; baseline -0.008 -8"><span class='ocrx_word' id='word_1_223' title='bbox 183 1058 224 1084; x_wconf 81' lang='grc' dir='ltr'><strong>μα</strong></span> <span class='ocrx_word' id='word_1_224' title='bbox 242 1048 442 1084; x_wconf 79' lang='grc' dir='ltr'><strong>συντεταμένην</strong></span> <span class='ocrx_word' id='word_1_225' title='bbox 462 1047 502 1082; x_wconf 87' lang='grc' dir='ltr'><strong>τῷ</strong></span> <span class='ocrx_word' id='word_1_226' title='bbox 523 1046 658 1081; x_wconf 76' lang='grc' dir='ltr'><strong>πνεύματι</strong></span> <span class='ocrx_word' id='word_1_227' title='bbox 672 1043 879 1080; x_wconf 75' lang='grc' dir='ltr'><strong>κατανενοηκὼς</strong></span> <span class='ocrx_word' id='word_1_228' title='bbox 891 1064 899 1076; x_wconf 88' lang='grc'><strong>,</strong></span> <span class='ocrx_word' id='word_1_229' title='bbox 921 1044 972 1070; x_wconf 76' lang='grc' dir='ltr'><strong>οὐκ</strong></span> 
     </span>
    </p>
   </div>
   <div class='ocr_carea' id='block_1_37' title="bbox 180 1089 971 1127">
    <p class='ocr_par' dir='ltr' id='par_1_37' title="bbox 180 1089 971 1127">
     <span class='ocr_line' id='line_1_37' title="bbox 180 1089 971 1127; baseline -0.008 -7"><span class='ocrx_word' id='word_1_230' title='bbox 180 1093 329 1120; x_wconf 75' lang='grc' dir='ltr'><strong>ἀνεϐάλετο</strong></span> <span class='ocrx_word' id='word_1_231' title='bbox 353 1092 401 1119; x_wconf 83' lang='grc' dir='ltr'><strong>τοῦ</strong></span> <span class='ocrx_word' id='word_1_232' title='bbox 418 1092 577 1127; x_wconf 79' lang='grc' dir='ltr'><strong>Πνεύματος</strong></span> <span class='ocrx_word' id='word_1_233' title='bbox 595 1090 646 1125; x_wconf 78' lang='grc' dir='ltr'><strong>τὴν</strong></span> <span class='ocrx_word' id='word_1_234' title='bbox 664 1090 807 1124; x_wconf 69' lang='grc' dir='ltr'><strong>ἐπιταγήν·</strong></span> <span class='ocrx_word' id='word_1_235' title='bbox 823 1090 854 1116; x_wconf 80' lang='grc' dir='ltr'><strong>οὐ</strong></span> <span class='ocrx_word' id='word_1_236' title='bbox 868 1089 908 1124; x_wconf 71' lang='grc' dir='ltr'><strong>τῷ</strong></span> <span class='ocrx_word' id='word_1_237' title='bbox 926 1089 971 1124; x_wconf 79' lang='grc' dir='ltr'><strong>ὲρ-</strong></span> 
     </span>
    </p>
   </div>
   <div class='ocr_carea' id='block_1_38' title="bbox 180 1134 973 1173">
    <p class='ocr_par' dir='ltr' id='par_1_38' title="bbox 180 1134 973 1173">
     <span class='ocr_line' id='line_1_38' title="bbox 180 1134 973 1173; baseline -0.006 -8"><span class='ocrx_word' id='word_1_238' title='bbox 180 1138 266 1172; x_wconf 77' lang='grc' dir='ltr'><strong>γὼδει</strong></span> <span class='ocrx_word' id='word_1_239' title='bbox 289 1138 337 1165; x_wconf 85' lang='grc' dir='ltr'><strong>τοῦ</strong></span> <span class='ocrx_word' id='word_1_240' title='bbox 355 1137 553 1173; x_wconf 63' lang='grc' dir='ltr'><strong>ἐγχειρήματος</strong></span> <span class='ocrx_word' id='word_1_241' title='bbox 570 1135 741 1170; x_wconf 83' lang='grc' dir='ltr'><strong>ἁπεκναίσθη</strong></span> <span class='ocrx_word' id='word_1_242' title='bbox 760 1135 806 1162; x_wconf 85' lang='grc' dir='ltr'><strong>τὸν</strong></span> <span class='ocrx_word' id='word_1_243' title='bbox 829 1135 900 1167; x_wconf 84' lang='grc' dir='ltr'>νοῦν,</span> <span class='ocrx_word' id='word_1_244' title='bbox 916 1134 973 1161; x_wconf 75' lang='grc' dir='ltr'><strong>οὒτ’</strong></span> 
     </span>
    </p>
   </div>
   <div class='ocr_carea' id='block_1_39' title="bbox 180 1180 971 1219">
    <p class='ocr_par' dir='ltr' id='par_1_39' title="bbox 180 1180 971 1219">
     <span class='ocr_line' id='line_1_39' title="bbox 180 1180 971 1219; baseline -0.005 -8"><span class='ocrx_word' id='word_1_245' title='bbox 180 1182 230 1211; x_wconf 83' lang='grc' dir='ltr'>οὖν</span> <span class='ocrx_word' id='word_1_246' title='bbox 241 1183 368 1219; x_wconf 78' lang='grc' dir='ltr'><strong>διψυχίας</strong></span> <span class='ocrx_word' id='word_1_247' title='bbox 383 1183 578 1218; x_wconf 78' lang='grc' dir='ltr'><strong>περιπέπτωκε</strong></span> <span class='ocrx_word' id='word_1_248' title='bbox 592 1183 740 1216; x_wconf 81' lang='grc' dir='ltr'><strong>λογισμοῖς.</strong></span> <span class='ocrx_word' id='word_1_249' title='bbox 757 1181 828 1216; x_wconf 76' lang='grc' dir='ltr'><strong>Πρδς</strong></span> <span class='ocrx_word' id='word_1_250' title='bbox 840 1182 886 1207; x_wconf 72' lang='grc' dir='ltr'><strong>τὸν</strong></span> <span class='ocrx_word' id='word_1_251' title='bbox 902 1180 930 1208; x_wconf 85' lang='grc' dir='ltr'><strong>δὲ</strong></span> <span class='ocrx_word' id='word_1_252' title='bbox 943 1181 971 1207; x_wconf 76' lang='grc' dir='ltr'><strong>ὲν</strong></span> 
     </span>
    </p>
   </div>
   <div class='ocr_carea' id='block_1_40' title="bbox 180 1227 971 1265">
    <p class='ocr_par' dir='ltr' id='par_1_40' title="bbox 180 1227 971 1265">
     <span class='ocr_line' id='line_1_40' title="bbox 180 1227 971 1265; baseline -0.006 -7"><span class='ocrx_word' id='word_1_253' title='bbox 180 1230 259 1265; x_wconf 73' lang='grc' dir='ltr'><strong>αὐτῷ</strong></span> <span class='ocrx_word' id='word_1_254' title='bbox 275 1230 389 1265; x_wconf 76' lang='grc' dir='ltr'><strong>μένοντα</strong></span> <span class='ocrx_word' id='word_1_255' title='bbox 403 1229 520 1264; x_wconf 81' lang='grc' dir='ltr'><strong>Χριστὸν</strong></span> <span class='ocrx_word' id='word_1_256' title='bbox 530 1229 652 1263; x_wconf 80' lang='grc' dir='ltr'><strong>ἀφορῶν.</strong></span> <span class='ocrx_word' id='word_1_257' title='bbox 667 1229 697 1254; x_wconf 83' lang='grc' dir='ltr'><strong>οὑ</strong></span> <span class='ocrx_word' id='word_1_258' title='bbox 712 1229 784 1255; x_wconf 78' lang='grc' dir='ltr'><strong>κατὰ</strong></span> <span class='ocrx_word' id='word_1_259' title='bbox 797 1228 851 1254; x_wconf 81' lang='grc' dir='ltr'><strong>τῶν</strong></span> <span class='ocrx_word' id='word_1_260' title='bbox 863 1227 971 1262; x_wconf 81' lang='grc' dir='ltr'><strong>ἀνθρώ-</strong></span> 
     </span>
    </p>
   </div>
   <div class='ocr_carea' id='block_1_41' title="bbox 182 1272 972 1309">
    <p class='ocr_par' dir='ltr' id='par_1_41' title="bbox 182 1272 972 1309">
     <span class='ocr_line' id='line_1_41' title="bbox 182 1272 972 1309; baseline -0.006 -6"><span class='ocrx_word' id='word_1_261' title='bbox 182 1285 255 1308; x_wconf 87' lang='grc' dir='ltr'><strong>πων,</strong></span> <span class='ocrx_word' id='word_1_262' title='bbox 272 1275 339 1302; x_wconf 80' lang='grc' dir='ltr'>ἀλλὰ</span> <span class='ocrx_word' id='word_1_263' title='bbox 353 1275 425 1302; x_wconf 84' lang='grc' dir='ltr'><strong>κατὰ</strong></span> <span class='ocrx_word' id='word_1_264' title='bbox 439 1274 493 1301; x_wconf 82' lang='grc' dir='ltr'><strong>τῶν</strong></span> <span class='ocrx_word' id='word_1_265' title='bbox 510 1274 646 1309; x_wconf 78' lang='grc' dir='ltr'><strong>δαιμόνων</strong></span> <span class='ocrx_word' id='word_1_266' title='bbox 658 1281 665 1288; x_wconf 90' lang='grc'><strong>·</strong></span> <span class='ocrx_word' id='word_1_267' title='bbox 689 1273 750 1299; x_wconf 75' lang='grc' dir='ltr'><strong>οὐδὲ</strong></span> <span class='ocrx_word' id='word_1_268' title='bbox 773 1272 843 1299; x_wconf 75' lang='grc' dir='ltr'><strong>κατὰ</strong></span> <span class='ocrx_word' id='word_1_269' title='bbox 860 1272 915 1299; x_wconf 85' lang='grc' dir='ltr'><strong>τῶν</strong></span> <span class='ocrx_word' id='word_1_270' title='bbox 930 1273 972 1299; x_wconf 79' lang='lat' dir='ltr'><strong>al-</strong></span> 
     </span>
    </p>
   </div>
   <div class='ocr_carea' id='block_1_42' title="bbox 182 1317 971 1357">
    <p class='ocr_par' dir='ltr' id='par_1_42' title="bbox 182 1317 971 1357">
     <span class='ocr_line' id='line_1_42' title="bbox 182 1317 971 1357; baseline -0.006 -8"><span class='ocrx_word' id='word_1_271' title='bbox 182 1321 350 1357; x_wconf 78' lang='grc' dir='ltr'><strong>χμαλώτων,</strong></span> <span class='ocrx_word' id='word_1_272' title='bbox 370 1320 439 1348; x_wconf 80' lang='grc' dir='ltr'>ἀλλὰ</span> <span class='ocrx_word' id='word_1_273' title='bbox 453 1319 524 1347; x_wconf 78' lang='grc' dir='ltr'><strong>κατὰ</strong></span> <span class='ocrx_word' id='word_1_274' title='bbox 539 1318 586 1346; x_wconf 83' lang='grc' dir='ltr'><strong>τοῦ</strong></span> <span class='ocrx_word' id='word_1_275' title='bbox 607 1319 740 1354; x_wconf 80' lang='grc' dir='ltr'><strong>τυράννου</strong></span> <span class='ocrx_word' id='word_1_276' title='bbox 755 1318 863 1353; x_wconf 78' lang='grc' dir='ltr'><strong>πρῶτον</strong></span> <span class='ocrx_word' id='word_1_277' title='bbox 877 1317 971 1351; x_wconf 83' lang='grc' dir='ltr'><strong>αὐτοῦ,</strong></span> 
     </span>
    </p>
   </div>
   <div class='ocr_carea' id='block_1_43' title="bbox 181 1363 961 1404">
    <p class='ocr_par' dir='ltr' id='par_1_43' title="bbox 181 1363 961 1404">
     <span class='ocr_line' id='line_1_43' title="bbox 181 1363 961 1404; baseline -0.005 -10"><span class='ocrx_word' id='word_1_278' title='bbox 181 1370 216 1404; x_wconf 78' lang='grc' dir='ltr'><strong>τῇ</strong></span> <span class='ocrx_word' id='word_1_279' title='bbox 237 1368 321 1402; x_wconf 81' lang='grc' dir='ltr'><strong>νοητῇ</strong></span> <span class='ocrx_word' id='word_1_280' title='bbox 337 1365 488 1401; x_wconf 73' lang='grc' dir='ltr'><strong>παντευχίᾳ</strong></span> <span class='ocrx_word' id='word_1_281' title='bbox 512 1365 704 1400; x_wconf 78' lang='grc' dir='ltr'><strong>παρατέτακτο</strong></span> <span class='ocrx_word' id='word_1_282' title='bbox 727 1363 776 1391; x_wconf 76' lang='grc' dir='ltr'><strong>τοῦ</strong></span> <span class='ocrx_word' id='word_1_283' title='bbox 802 1363 961 1399; x_wconf 78' lang='grc' dir='ltr'><strong>Πνεὺματος</strong></span> 
     </span>
    </p>
   </div>
   <div class='ocr_carea' id='block_1_44' title="bbox 220 1410 973 1447">
    <p class='ocr_par' dir='ltr' id='par_1_44' title="bbox 220 1410 973 1447">
     <span class='ocr_line' id='line_1_44' title="bbox 220 1410 973 1447; baseline -0.004 -7"><span class='ocrx_word' id='word_1_284' title='bbox 220 1414 278 1440; x_wconf 78' lang='grc' dir='ltr'><strong>Καὶ</strong></span> <span class='ocrx_word' id='word_1_285' title='bbox 292 1412 389 1440; x_wconf 80' lang='grc' dir='ltr'><strong>τοῦτον</strong></span> <span class='ocrx_word' id='word_1_286' title='bbox 412 1413 441 1439; x_wconf 74' lang='grc' dir='ltr'><strong>ἐν</strong></span> <span class='ocrx_word' id='word_1_287' title='bbox 462 1410 616 1447; x_wconf 77' lang='grc' dir='ltr'><strong>ὁμοιώματι</strong></span> <span class='ocrx_word' id='word_1_288' title='bbox 644 1410 762 1445; x_wconf 85' lang='grc' dir='ltr'><strong>Χριστοῦ</strong></span> <span class='ocrx_word' id='word_1_289' title='bbox 786 1410 834 1437; x_wconf 77' lang='grc' dir='ltr'><strong>καὶ</strong></span> <span class='ocrx_word' id='word_1_290' title='bbox 860 1410 973 1445; x_wconf 69' lang='grc' dir='ltr'><strong>δυνάμει</strong></span> 
     </span>
    </p>
   </div>
   <div class='ocr_carea' id='block_1_45' title="bbox 182 1455 973 1495">
    <p class='ocr_par' dir='ltr' id='par_1_45' title="bbox 182 1455 973 1495">
     <span class='ocr_line' id='line_1_45' title="bbox 182 1455 973 1495; baseline -0.006 -9"><span class='ocrx_word' id='word_1_291' title='bbox 182 1459 294 1495; x_wconf 77' lang='grc' dir='ltr'><strong>πρῶτον</strong></span> <span class='ocrx_word' id='word_1_292' title='bbox 309 1458 454 1486; x_wconf 61' lang='grc' dir='ltr'><strong>διανοςῦται</strong></span> <span class='ocrx_word' id='word_1_293' title='bbox 477 1457 567 1492; x_wconf 71' lang='grc' dir='ltr'><strong>δῆσαι·</strong></span> <span class='ocrx_word' id='word_1_294' title='bbox 583 1457 631 1483; x_wconf 78' lang='grc' dir='ltr'><strong>καὶ</strong></span> <span class='ocrx_word' id='word_1_295' title='bbox 651 1456 722 1483; x_wconf 73' lang='grc' dir='ltr'><strong>οὕτω</strong></span> <span class='ocrx_word' id='word_1_296' title='bbox 742 1455 793 1495; x_wconf 74' lang='grc' dir='ltr'><strong>τὴν</strong></span> <span class='ocrx_word' id='word_1_297' title='bbox 807 1455 889 1482; x_wconf 82' lang='grc' dir='ltr'><strong>αὐτοῦ</strong></span> <span class='ocrx_word' id='word_1_298' title='bbox 905 1463 973 1482; x_wconf 63' lang='grc' dir='ltr'><strong>παν.</strong></span> 
     </span>
    </p>
   </div>
   <div class='ocr_carea' id='block_1_46' title="bbox 182 1495 973 1540">
    <p class='ocr_par' dir='ltr' id='par_1_46' title="bbox 182 1495 973 1540">
     <span class='ocr_line' id='line_1_46' title="bbox 182 1495 973 1540; baseline -0.006 -8"><span class='ocrx_word' id='word_1_299' title='bbox 182 1505 284 1532; x_wconf 73' lang='grc' dir='ltr'><strong>οπλίαν</strong></span> <span class='ocrx_word' id='word_1_300' title='bbox 305 1502 386 1540; x_wconf 82' lang='grc' dir='ltr'><strong>ἆραι·</strong></span> <span class='ocrx_word' id='word_1_301' title='bbox 404 1495 452 1531; x_wconf 63' lang='grc' dir='ltr'><strong>καὶ</strong></span> <span class='ocrx_word' id='word_1_302' title='bbox 473 1503 546 1530; x_wconf 75' lang='grc' dir='ltr'><strong>οὕτω</strong></span> <span class='ocrx_word' id='word_1_303' title='bbox 561 1503 611 1538; x_wconf 79' lang='grc' dir='ltr'><strong>τὴν</strong></span> <span class='ocrx_word' id='word_1_304' title='bbox 626 1502 817 1537; x_wconf 74' lang='grc' dir='ltr'><strong>αἰχμαλωσίαν</strong></span> <span class='ocrx_word' id='word_1_305' title='bbox 831 1501 973 1537; x_wconf 71' lang='grc' dir='ltr'><strong>αἰχμαλω-</strong></span> 
     </span>
    </p>
   </div>
   <div class='ocr_carea' id='block_1_47' title="bbox 182 1547 973 1586">
    <p class='ocr_par' dir='ltr' id='par_1_47' title="bbox 182 1547 973 1586">
     <span class='ocr_line' id='line_1_47' title="bbox 182 1547 973 1586; baseline -0.004 -10"><span class='ocrx_word' id='word_1_306' title='bbox 182 1551 268 1578; x_wconf 78' lang='grc' dir='ltr'><strong>τίσαι·</strong></span> <span class='ocrx_word' id='word_1_307' title='bbox 282 1551 329 1578; x_wconf 75' lang='grc' dir='ltr'><strong>καὶ</strong></span> <span class='ocrx_word' id='word_1_308' title='bbox 340 1552 373 1586; x_wconf 83' lang='grc' dir='ltr'><strong>τῇ</strong></span> <span class='ocrx_word' id='word_1_309' title='bbox 388 1550 536 1585; x_wconf 80' lang='grc' dir='ltr'><strong>ὼραιότητι</strong></span> <span class='ocrx_word' id='word_1_310' title='bbox 543 1549 589 1576; x_wconf 83' lang='grc' dir='ltr'><strong>τοῦ</strong></span> <span class='ocrx_word' id='word_1_311' title='bbox 602 1549 676 1576; x_wconf 82' lang='grc' dir='ltr'><strong>οῐκου</strong></span> <span class='ocrx_word' id='word_1_312' title='bbox 686 1548 799 1583; x_wconf 80' lang='grc' dir='ltr'><strong>Κυρίου,</strong></span> <span class='ocrx_word' id='word_1_313' title='bbox 808 1549 842 1583; x_wconf 84' lang='grc' dir='ltr'><strong>τῇ</strong></span> <span class='ocrx_word' id='word_1_314' title='bbox 858 1547 973 1583; x_wconf 84' lang='grc' dir='ltr'><strong>Ἐκκλη-</strong></span> 
     </span>
    </p>
   </div>
   <div class='ocr_carea' id='block_1_48' title="bbox 183 1592 972 1632">
    <p class='ocr_par' dir='ltr' id='par_1_48' title="bbox 183 1592 972 1632">
     <span class='ocr_line' id='line_1_48' title="bbox 183 1592 972 1632; baseline -0.006 -8"><span class='ocrx_word' id='word_1_315' title='bbox 183 1598 232 1632; x_wconf 57' lang='lat' dir='ltr'><strong>ei;</strong></span> <span class='ocrx_word' id='word_1_316' title='bbox 243 1597 327 1630; x_wconf 81' lang='grc' dir='ltr'><strong>λέγω,</strong></span> <span class='ocrx_word' id='word_1_317' title='bbox 341 1596 475 1623; x_wconf 79' lang='grc' dir='ltr'><strong>διελέσθαι</strong></span> <span class='ocrx_word' id='word_1_318' title='bbox 490 1595 586 1622; x_wconf 83' lang='grc' dir='ltr'><strong>σκῦλα.</strong></span> <span class='ocrx_word' id='word_1_319' title='bbox 598 1593 661 1630; x_wconf 73' lang='lat' dir='ltr'><strong>&#39;Ap‘</strong></span> <span class='ocrx_word' id='word_1_320' title='bbox 675 1592 723 1621; x_wconf 79' lang='grc' dir='ltr'><strong>οὖν</strong></span> <span class='ocrx_word' id='word_1_321' title='bbox 741 1594 910 1629; x_wconf 80' lang='grc' dir='ltr'><strong>διανενόηται</strong></span> <span class='ocrx_word' id='word_1_322' title='bbox 922 1592 972 1628; x_wconf 73' lang='grc' dir='ltr'><strong>μὲν</strong></span> 
     </span>
    </p>
   </div>
   <div class='ocr_carea' id='block_1_49' title="bbox 182 1639 972 1679">
    <p class='ocr_par' dir='ltr' id='par_1_49' title="bbox 182 1639 972 1679">
     <span class='ocr_line' id='line_1_49' title="bbox 182 1639 972 1679; baseline -0.006 -10"><span class='ocrx_word' id='word_1_323' title='bbox 182 1642 403 1679; x_wconf 77' lang='grc' dir='ltr'><strong>Χριστοπρεπῶς</strong></span> <span class='ocrx_word' id='word_1_324' title='bbox 426 1641 521 1674; x_wconf 79' lang='grc' dir='ltr'><strong>οὕτως,</strong></span> <span class='ocrx_word' id='word_1_325' title='bbox 547 1640 740 1676; x_wconf 80' lang='grc' dir='ltr'><strong>ἀγεννέστερον</strong></span> <span class='ocrx_word' id='word_1_326' title='bbox 764 1639 793 1666; x_wconf 74' lang='grc' dir='ltr'><strong>δὲ</strong></span> <span class='ocrx_word' id='word_1_327' title='bbox 815 1639 972 1674; x_wconf 77' lang='grc' dir='ltr'><strong>συνερρἀη</strong></span> 
     </span>
    </p>
   </div>
   <div class='ocr_carea' id='block_1_50' title="bbox 182 1683 971 1724">
    <p class='ocr_par' dir='ltr' id='par_1_50' title="bbox 182 1683 971 1724">
     <span class='ocr_line' id='line_1_50' title="bbox 182 1683 971 1724; baseline -0.006 -9"><span class='ocrx_word' id='word_1_328' title='bbox 182 1689 223 1724; x_wconf 75' lang='grc' dir='ltr'><strong>τῷ</strong></span> <span class='ocrx_word' id='word_1_329' title='bbox 246 1688 393 1722; x_wconf 82' lang='grc' dir='ltr'><strong>δυσμενεῖ;</strong></span> <span class='ocrx_word' id='word_1_330' title='bbox 422 1687 439 1722; x_wconf 84' lang='grc' dir='ltr'><strong>ἢ</strong></span> <span class='ocrx_word' id='word_1_331' title='bbox 460 1686 645 1722; x_wconf 79' lang='grc' dir='ltr'><strong>συμπλέκεται</strong></span> <span class='ocrx_word' id='word_1_332' title='bbox 671 1686 720 1721; x_wconf 79' lang='grc' dir='ltr'><strong>μὲν</strong></span> <span class='ocrx_word' id='word_1_333' title='bbox 749 1684 900 1717; x_wconf 80' lang='grc' dir='ltr'><strong>νεανικῶς,</strong></span> <span class='ocrx_word' id='word_1_334' title='bbox 921 1683 971 1711; x_wconf 80' lang='grc' dir='ltr'><strong>εἰτ’</strong></span> 
     </span>
    </p>
   </div>
   <div class='ocr_carea' id='block_1_51' title="bbox 182 1731 972 1769">
    <p class='ocr_par' dir='ltr' id='par_1_51' title="bbox 182 1731 972 1769">
     <span class='ocr_line' id='line_1_51' title="bbox 182 1731 972 1769; baseline -0.006 -6"><span class='ocrx_word' id='word_1_335' title='bbox 182 1734 232 1763; x_wconf 78' lang='grc' dir='ltr'><strong>οὖν</strong></span> <span class='ocrx_word' id='word_1_336' title='bbox 253 1734 453 1769; x_wconf 63' lang='grc' dir='ltr'><strong>εῡαηελικῶς,</strong></span> <span class='ocrx_word' id='word_1_337' title='bbox 466 1733 582 1769; x_wconf 68' lang='grc' dir='ltr'><strong>ἡμιτελῆ</strong></span> <span class='ocrx_word' id='word_1_338' title='bbox 595 1733 624 1761; x_wconf 76' lang='grc' dir='ltr'><strong>δὲ</strong></span> <span class='ocrx_word' id='word_1_339' title='bbox 644 1733 689 1759; x_wconf 66' lang='grc' dir='ltr'><strong>τὸν</strong></span> <span class='ocrx_word' id='word_1_340' title='bbox 706 1732 800 1767; x_wconf 83' lang='grc' dir='ltr'><strong>ἀγῶνα</strong></span> <span class='ocrx_word' id='word_1_341' title='bbox 817 1731 972 1759; x_wconf 83' lang='grc' dir='ltr'><strong>καταλέλοι-</strong></span> 
     </span>
    </p>
   </div>
   <div class='ocr_carea' id='block_1_52' title="bbox 182 1779 973 1817">
    <p class='ocr_par' dir='ltr' id='par_1_52' title="bbox 182 1779 973 1817">
     <span class='ocr_line' id='line_1_52' title="bbox 182 1779 973 1817; baseline -0.006 -8"><span class='ocrx_word' id='word_1_342' title='bbox 182 1789 252 1813; x_wconf 62' lang='lat' dir='ltr'><strong>Rev;</strong></span> <span class='ocrx_word' id='word_1_343' title='bbox 275 1782 293 1817; x_wconf 78' lang='grc' dir='ltr'><strong>ἢ</strong></span> <span class='ocrx_word' id='word_1_344' title='bbox 305 1780 410 1808; x_wconf 83' lang='grc' dir='ltr'><strong>τέλειον</strong></span> <span class='ocrx_word' id='word_1_345' title='bbox 423 1780 483 1816; x_wconf 79' lang='grc' dir='ltr'><strong>μὲν,</strong></span> <span class='ocrx_word' id='word_1_346' title='bbox 501 1780 549 1815; x_wconf 82' lang='grc' dir='ltr'><strong>οὐκ</strong></span> <span class='ocrx_word' id='word_1_347' title='bbox 564 1779 635 1806; x_wconf 77' lang='grc' dir='ltr'><strong>ὥστε</strong></span> <span class='ocrx_word' id='word_1_348' title='bbox 659 1779 688 1805; x_wconf 64' lang='grc' dir='ltr'><strong>δὲ</strong></span> <span class='ocrx_word' id='word_1_349' title='bbox 708 1779 881 1806; x_wconf 83' lang='grc' dir='ltr'><strong>παντάπασιν</strong></span> <span class='ocrx_word' id='word_1_350' title='bbox 904 1779 973 1813; x_wconf 79' lang='grc' dir='ltr'><strong>ἀφο-</strong></span> 
     </span>
    </p>
   </div>
   <div class='ocr_carea' id='block_1_53' title="bbox 183 1817 976 1862">
    <p class='ocr_par' dir='ltr' id='par_1_53' title="bbox 183 1817 976 1862">
     <span class='ocr_line' id='line_1_53' title="bbox 183 1817 976 1862; baseline -0.006 -9"><span class='ocrx_word' id='word_1_351' title='bbox 183 1825 331 1862; x_wconf 75' lang='grc' dir='ltr'><strong>μοιοῦσθαι</strong></span> <span class='ocrx_word' id='word_1_352' title='bbox 345 1825 385 1861; x_wconf 83' lang='grc' dir='ltr'><strong>τῷ</strong></span> <span class='ocrx_word' id='word_1_353' title='bbox 407 1824 495 1860; x_wconf 86' lang='grc' dir='ltr'><strong>’1ησοῦ</strong></span> <span class='ocrx_word' id='word_1_354' title='bbox 508 1833 515 1858; x_wconf 87' lang='grc'><strong>;</strong></span> <span class='ocrx_word' id='word_1_355' title='bbox 532 1824 681 1860; x_wconf 76' lang='grc' dir='ltr'><strong>Οῠμενουνο</strong></span> <span class='ocrx_word' id='word_1_356' title='bbox 696 1822 790 1858; x_wconf 86' lang='grc' dir='ltr'><strong>ὥσπερ</strong></span> <span class='ocrx_word' id='word_1_357' title='bbox 802 1823 830 1850; x_wconf 74' lang='grc' dir='ltr'><strong>δὲ</strong></span> <span class='ocrx_word' id='word_1_358' title='bbox 844 1822 889 1849; x_wconf 79' lang='grc' dir='ltr'><strong>τὸν</strong></span> <span class='ocrx_word' id='word_1_359' title='bbox 903 1817 976 1858; x_wconf 66' lang='grc' dir='ltr'><strong>Χριέ</strong></span> 
     </span>
    </p>
   </div>
   <div class='ocr_carea' id='block_1_54' title="bbox 182 1862 972 1907">
    <p class='ocr_par' dir='ltr' id='par_1_54' title="bbox 182 1862 972 1907">
     <span class='ocr_line' id='line_1_54' title="bbox 182 1862 972 1907; baseline -0.006 -7"><span class='ocrx_word' id='word_1_360' title='bbox 182 1874 249 1900; x_wconf 78' lang='grc' dir='ltr'><strong>στὸν</strong></span> <span class='ocrx_word' id='word_1_361' title='bbox 263 1872 315 1899; x_wconf 76' lang='grc' dir='ltr'><strong>οὐκ</strong></span> <span class='ocrx_word' id='word_1_362' title='bbox 333 1862 366 1899; x_wconf 73' lang='grc' dir='ltr'><strong>ὲκ</strong></span> <span class='ocrx_word' id='word_1_363' title='bbox 388 1871 500 1907; x_wconf 77' lang='grc' dir='ltr'><strong>μέρους,</strong></span> <span class='ocrx_word' id='word_1_364' title='bbox 512 1871 571 1898; x_wconf 86' lang='grc' dir='ltr'>ἀλλ’</span> <span class='ocrx_word' id='word_1_365' title='bbox 596 1870 656 1897; x_wconf 86' lang='grc' dir='ltr'>ὂλον</span> <span class='ocrx_word' id='word_1_366' title='bbox 683 1871 713 1896; x_wconf 83' lang='grc' dir='ltr'><strong>ὲν</strong></span> <span class='ocrx_word' id='word_1_367' title='bbox 736 1869 826 1904; x_wconf 79' lang='grc' dir='ltr'><strong>ἑαυτῷ</strong></span> <span class='ocrx_word' id='word_1_368' title='bbox 851 1877 972 1904; x_wconf 84' lang='grc' dir='ltr'><strong>προκατ-</strong></span> 
     </span>
    </p>
   </div>
   <div class='ocr_carea' id='block_1_55' title="bbox 181 1914 973 1954">
    <p class='ocr_par' dir='ltr' id='par_1_55' title="bbox 181 1914 973 1954">
     <span class='ocr_line' id='line_1_55' title="bbox 181 1914 973 1954; baseline -0.006 -9"><span class='ocrx_word' id='word_1_369' title='bbox 181 1919 316 1954; x_wconf 80' lang='grc' dir='ltr'><strong>ῳκῐσατο,</strong></span> <span class='ocrx_word' id='word_1_370' title='bbox 331 1918 379 1944; x_wconf 82' lang='grc' dir='ltr'><strong>καὶ</strong></span> <span class='ocrx_word' id='word_1_371' title='bbox 393 1917 438 1944; x_wconf 83' lang='grc' dir='ltr'><strong>διὰ</strong></span> <span class='ocrx_word' id='word_1_372' title='bbox 451 1917 529 1944; x_wconf 81' lang='grc' dir='ltr'><strong>τοῦτο</strong></span> <span class='ocrx_word' id='word_1_373' title='bbox 551 1916 653 1948; x_wconf 82' lang='grc' dir='ltr'><strong>πάσαις</strong></span> <span class='ocrx_word' id='word_1_374' title='bbox 674 1915 733 1951; x_wconf 73' lang='grc' dir='ltr'><strong>ἅμα</strong></span> <span class='ocrx_word' id='word_1_375' title='bbox 746 1916 807 1947; x_wconf 84' lang='grc' dir='ltr'><strong>ταῖς</strong></span> <span class='ocrx_word' id='word_1_376' title='bbox 822 1914 973 1949; x_wconf 76' lang='grc' dir='ltr'><strong>ἐνεργείαις</strong></span> 
     </span>
    </p>
   </div>
   <div class='ocr_carea' id='block_1_56' title="bbox 180 1960 971 1998">
    <p class='ocr_par' dir='ltr' id='par_1_56' title="bbox 180 1960 971 1998">
     <span class='ocr_line' id='line_1_56' title="bbox 180 1960 971 1998; baseline -0.005 -7"><span class='ocrx_word' id='word_1_377' title='bbox 180 1964 231 1992; x_wconf 78' lang='grc' dir='ltr'><strong>τοῦ</strong></span> <span class='ocrx_word' id='word_1_378' title='bbox 244 1964 318 1991; x_wconf 84' lang='grc' dir='ltr'><strong>Θείου</strong></span> <span class='ocrx_word' id='word_1_379' title='bbox 334 1963 491 1998; x_wconf 84' lang='grc' dir='ltr'><strong>Πνεύματος</strong></span> <span class='ocrx_word' id='word_1_380' title='bbox 505 1963 696 1998; x_wconf 80' lang='grc' dir='ltr'><strong>ὲδορυφορεῖτο</strong></span> <span class='ocrx_word' id='word_1_381' title='bbox 711 1960 759 1988; x_wconf 74' lang='grc' dir='ltr'><strong>καὶ</strong></span> <span class='ocrx_word' id='word_1_382' title='bbox 775 1962 971 1996; x_wconf 84' lang='grc' dir='ltr'><strong>συνεκροτεῖτο,</strong></span> 
     </span>
    </p>
   </div>
   <div class='ocr_carea' id='block_1_57' title="bbox 181 2006 972 2044">
    <p class='ocr_par' dir='ltr' id='par_1_57' title="bbox 181 2006 972 2044">
     <span class='ocr_line' id='line_1_57' title="bbox 181 2006 972 2044; baseline -0.008 -7"><span class='ocrx_word' id='word_1_383' title='bbox 181 2010 257 2037; x_wconf 76' lang='grc' dir='ltr'><strong>οὕτω</strong></span> <span class='ocrx_word' id='word_1_384' title='bbox 273 2010 366 2037; x_wconf 77' lang='grc' dir='ltr'><strong>καὶτὸ</strong></span> <span class='ocrx_word' id='word_1_385' title='bbox 389 2009 439 2044; x_wconf 83' lang='grc' dir='ltr'><strong>τῆς</strong></span> <span class='ocrx_word' id='word_1_386' title='bbox 462 2008 651 2044; x_wconf 83' lang='grc' dir='ltr'><strong>σωτηριώδους</strong></span> <span class='ocrx_word' id='word_1_387' title='bbox 676 2006 812 2038; x_wconf 81' lang='grc' dir='ltr'><strong>διακονίας</strong></span> <span class='ocrx_word' id='word_1_388' title='bbox 827 2006 918 2041; x_wconf 72' lang='grc' dir='ltr'><strong>ἔργον,</strong></span> <span class='ocrx_word' id='word_1_389' title='bbox 942 2007 972 2032; x_wconf 81' lang='grc' dir='ltr'><strong>ὲν</strong></span> 
     </span>
    </p>
   </div>
   <div class='ocr_carea' id='block_1_58' title="bbox 181 2051 973 2091">
    <p class='ocr_par' dir='ltr' id='par_1_58' title="bbox 181 2051 973 2091">
     <span class='ocr_line' id='line_1_58' title="bbox 181 2051 973 2091; baseline -0.009 -7"><span class='ocrx_word' id='word_1_390' title='bbox 181 2056 278 2091; x_wconf 71' lang='grc' dir='ltr'><strong>τελείᾳ</strong></span> <span class='ocrx_word' id='word_1_391' title='bbox 293 2056 326 2091; x_wconf 78' lang='grc' dir='ltr'><strong>τῇ</strong></span> <span class='ocrx_word' id='word_1_392' title='bbox 341 2055 413 2090; x_wconf 73' lang='grc' dir='ltr'><strong>πρὸς</strong></span> <span class='ocrx_word' id='word_1_393' title='bbox 427 2054 507 2081; x_wconf 84' lang='grc' dir='ltr'><strong>αὐτὸν</strong></span> <span class='ocrx_word' id='word_1_394' title='bbox 528 2053 679 2089; x_wconf 84' lang='grc' dir='ltr'><strong>ὁμοιότητι,</strong></span> <span class='ocrx_word' id='word_1_395' title='bbox 699 2052 802 2079; x_wconf 76' lang='grc' dir='ltr'><strong>τέλειον</strong></span> <span class='ocrx_word' id='word_1_396' title='bbox 823 2051 973 2087; x_wconf 65' lang='grc' dir='ltr'><strong>ὲπληροφὸς</strong></span> 
     </span>
    </p>
   </div>
   <div class='ocr_carea' id='block_1_59' title="bbox 184 2097 971 2138">
    <p class='ocr_par' dir='ltr' id='par_1_59' title="bbox 184 2097 971 2138">
     <span class='ocr_line' id='line_1_59' title="bbox 184 2097 971 2138; baseline -0.008 -9"><span class='ocrx_word' id='word_1_397' title='bbox 184 2111 253 2138; x_wconf 79' lang='grc' dir='ltr'><strong>ρησε</strong></span> <span class='ocrx_word' id='word_1_398' title='bbox 267 2101 307 2136; x_wconf 80' lang='grc' dir='ltr'><strong>τῷ</strong></span> <span class='ocrx_word' id='word_1_399' title='bbox 318 2101 388 2136; x_wconf 78' lang='grc' dir='ltr'><strong>θεῷ·</strong></span> <span class='ocrx_word' id='word_1_400' title='bbox 411 2101 459 2127; x_wconf 75' lang='grc' dir='ltr'><strong>καὶ</strong></span> <span class='ocrx_word' id='word_1_401' title='bbox 476 2100 602 2135; x_wconf 82' lang='grc' dir='ltr'><strong>καθάπερ</strong></span> <span class='ocrx_word' id='word_1_402' title='bbox 618 2099 700 2131; x_wconf 75' lang='grc' dir='ltr'><strong>αὐτὸς</strong></span> <span class='ocrx_word' id='word_1_403' title='bbox 716 2098 824 2134; x_wconf 83' lang='grc' dir='ltr'><strong>πρῶτος</strong></span> <span class='ocrx_word' id='word_1_404' title='bbox 835 2099 848 2124; x_wconf 82' lang='grc' dir='ltr'>ὁ</span> <span class='ocrx_word' id='word_1_405' title='bbox 857 2097 912 2124; x_wconf 87' lang='grc' dir='ltr'><strong>τῶν</strong></span> <span class='ocrx_word' id='word_1_406' title='bbox 924 2097 971 2124; x_wconf 86' lang='grc' dir='ltr'><strong>οὺ-</strong></span> 
     </span>
    </p>
   </div>
   <div class='ocr_carea' id='block_1_60' title="bbox 183 2144 972 2185">
    <p class='ocr_par' dir='ltr' id='par_1_60' title="bbox 183 2144 972 2185">
     <span class='ocr_line' id='line_1_60' title="bbox 183 2144 972 2185; baseline -0.006 -10"><span class='ocrx_word' id='word_1_407' title='bbox 183 2148 276 2185; x_wconf 84' lang='grc' dir='ltr'>ρανῶν</span> <span class='ocrx_word' id='word_1_408' title='bbox 292 2147 430 2183; x_wconf 79' lang='grc' dir='ltr'><strong>βασιλεὺς,</strong></span> <span class='ocrx_word' id='word_1_409' title='bbox 445 2146 507 2173; x_wconf 77' lang='grc' dir='ltr'><strong>οὔτε</strong></span> <span class='ocrx_word' id='word_1_410' title='bbox 528 2146 673 2182; x_wconf 74' lang='grc' dir='ltr'><strong>περιουσίᾳ</strong></span> <span class='ocrx_word' id='word_1_411' title='bbox 686 2145 827 2179; x_wconf 80' lang='grc' dir='ltr'><strong>δυνάμεως</strong></span> <span class='ocrx_word' id='word_1_412' title='bbox 845 2144 911 2180; x_wconf 82' lang='grc' dir='ltr'><strong>μόνῃ</strong></span> <span class='ocrx_word' id='word_1_413' title='bbox 926 2144 972 2171; x_wconf 84' lang='grc' dir='ltr'><strong>τὸν</strong></span> 
     </span>
    </p>
   </div>
   <div class='ocr_carea' id='block_1_61' title="bbox 182 2190 972 2230">
    <p class='ocr_par' dir='ltr' id='par_1_61' title="bbox 182 2190 972 2230">
     <span class='ocr_line' id='line_1_61' title="bbox 182 2190 972 2230; baseline -0.006 -8"><span class='ocrx_word' id='word_1_414' title='bbox 182 2194 308 2230; x_wconf 81' lang='grc' dir='ltr'><strong>ἀρχηγὸν</strong></span> <span class='ocrx_word' id='word_1_415' title='bbox 330 2194 381 2229; x_wconf 82' lang='grc' dir='ltr'><strong>τῆς</strong></span> <span class='ocrx_word' id='word_1_416' title='bbox 403 2193 501 2224; x_wconf 85' lang='grc' dir='ltr'><strong>κακίας</strong></span> <span class='ocrx_word' id='word_1_417' title='bbox 516 2191 700 2228; x_wconf 85' lang='grc' dir='ltr'><strong>χειρώσασθαι</strong></span> <span class='ocrx_word' id='word_1_418' title='bbox 715 2191 886 2227; x_wconf 79' lang='grc' dir='ltr'><strong>βεϐούληται,</strong></span> <span class='ocrx_word' id='word_1_419' title='bbox 904 2190 972 2218; x_wconf 81' lang='grc' dir='ltr'>ἀλλὰ</span> 
     </span>
    </p>
   </div>
   <div class='ocr_carea' id='block_1_62' title="bbox 182 2237 972 2275">
    <p class='ocr_par' dir='ltr' id='par_1_62' title="bbox 182 2237 972 2275">
     <span class='ocr_line' id='line_1_62' title="bbox 182 2237 972 2275; baseline -0.006 -7"><span class='ocrx_word' id='word_1_420' title='bbox 182 2243 233 2268; x_wconf 73' lang='grc' dir='ltr'><strong>καὶ</strong></span> <span class='ocrx_word' id='word_1_421' title='bbox 248 2241 277 2266; x_wconf 78' lang='grc' dir='ltr'><strong>ὲν</strong></span> <span class='ocrx_word' id='word_1_422' title='bbox 293 2241 385 2275; x_wconf 82' lang='grc' dir='ltr'><strong>σοφίᾳ,</strong></span> <span class='ocrx_word' id='word_1_423' title='bbox 407 2239 474 2266; x_wconf 77' lang='grc' dir='ltr'>ἀλλὰ</span> <span class='ocrx_word' id='word_1_424' title='bbox 501 2239 550 2265; x_wconf 77' lang='grc' dir='ltr'><strong>καὶ</strong></span> <span class='ocrx_word' id='word_1_425' title='bbox 573 2239 603 2265; x_wconf 83' lang='grc' dir='ltr'><strong>ὲν</strong></span> <span class='ocrx_word' id='word_1_426' title='bbox 619 2237 788 2274; x_wconf 84' lang='grc' dir='ltr'><strong>δικαιοσύνῃ,</strong></span> <span class='ocrx_word' id='word_1_427' title='bbox 806 2237 844 2269; x_wconf 86' lang='grc' dir='ltr'><strong>ὡς</strong></span> <span class='ocrx_word' id='word_1_428' title='bbox 857 2237 916 2272; x_wconf 71' lang='grc' dir='ltr'><strong>ἅμα</strong></span> <span class='ocrx_word' id='word_1_429' title='bbox 937 2237 972 2263; x_wconf 86' lang='grc' dir='ltr'><strong>τὰ</strong></span> 
     </span>
    </p>
   </div>
   <div class='ocr_carea' id='block_1_63' title="bbox 184 2283 972 2318">
    <p class='ocr_par' dir='ltr' id='par_1_63' title="bbox 184 2283 972 2318">
     <span class='ocr_line' id='line_1_63' title="bbox 184 2283 972 2318; baseline -0.006 -4"><span class='ocrx_word' id='word_1_430' title='bbox 184 2288 287 2318; x_wconf 81' lang='grc' dir='ltr'><strong>πάντα.</strong></span> <span class='ocrx_word' id='word_1_431' title='bbox 304 2287 351 2313; x_wconf 82' lang='grc' dir='ltr'><strong>καὶ</strong></span> <span class='ocrx_word' id='word_1_432' title='bbox 366 2285 542 2317; x_wconf 52' lang='lat' dir='ltr'><strong>ﬂow-rogitat</strong></span> <span class='ocrx_word' id='word_1_433' title='bbox 557 2284 670 2316; x_wconf 85' lang='grc' dir='ltr'><strong>δίκαιος,</strong></span> <span class='ocrx_word' id='word_1_434' title='bbox 685 2284 732 2310; x_wconf 80' lang='grc' dir='ltr'><strong>καὶ</strong></span> <span class='ocrx_word' id='word_1_435' title='bbox 758 2283 854 2318; x_wconf 71' lang='grc' dir='ltr'><strong>σοφός·</strong></span> <span class='ocrx_word' id='word_1_436' title='bbox 874 2283 972 2318; x_wconf 84' lang='grc' dir='ltr'><strong>μᾶλλον</strong></span> 
     </span>
    </p>
   </div>
   <div class='ocr_carea' id='block_1_64' title="bbox 182 2328 977 2365">
    <p class='ocr_par' dir='ltr' id='par_1_64' title="bbox 182 2328 977 2365">
     <span class='ocr_line' id='line_1_64' title="bbox 182 2328 977 2365; baseline -0.005 -6"><span class='ocrx_word' id='word_1_437' title='bbox 182 2333 215 2359; x_wconf 83' lang='grc' dir='ltr'><strong>δὲ</strong></span> <span class='ocrx_word' id='word_1_438' title='bbox 232 2331 384 2365; x_wconf 78' lang='grc' dir='ltr'><strong>αὐτοσοφία</strong></span> <span class='ocrx_word' id='word_1_439' title='bbox 410 2331 458 2358; x_wconf 74' lang='grc' dir='ltr'><strong>καὶ</strong></span> <span class='ocrx_word' id='word_1_440' title='bbox 471 2330 629 2365; x_wconf 71' lang='grc' dir='ltr'><strong>δικαιοσύνη</strong></span> <span class='ocrx_word' id='word_1_441' title='bbox 654 2329 703 2356; x_wconf 77' lang='grc' dir='ltr'><strong>καὶ</strong></span> <span class='ocrx_word' id='word_1_442' title='bbox 720 2328 834 2364; x_wconf 84' lang='grc' dir='ltr'><strong>δύναμις</strong></span> <span class='ocrx_word' id='word_1_443' title='bbox 857 2328 895 2355; x_wconf 78' lang='grc' dir='ltr'>ὢν</span> <span class='ocrx_word' id='word_1_444' title='bbox 906 2336 913 2343; x_wconf 79' lang='grc'><strong><em>⁸</em></strong></span> <span class='ocrx_word' id='word_1_445' title='bbox 929 2329 977 2355; x_wconf 82' lang='grc' dir='ltr'><strong>καὶ</strong></span> 
     </span>
    </p>
   </div>
   <div class='ocr_carea' id='block_1_65' title="bbox 184 2373 978 2412">
    <p class='ocr_par' dir='ltr' id='par_1_65' title="bbox 184 2373 978 2412">
     <span class='ocr_line' id='line_1_65' title="bbox 184 2373 978 2412; baseline -0.006 -8"><span class='ocrx_word' id='word_1_446' title='bbox 184 2378 231 2404; x_wconf 74' lang='grc' dir='ltr'><strong>ἵνα</strong></span> <span class='ocrx_word' id='word_1_447' title='bbox 248 2377 390 2412; x_wconf 77' lang='grc' dir='ltr'><strong>περιφανῆ</strong></span> <span class='ocrx_word' id='word_1_448' title='bbox 409 2375 461 2410; x_wconf 80' lang='grc' dir='ltr'><strong>μὲν</strong></span> <span class='ocrx_word' id='word_1_449' title='bbox 469 2375 559 2410; x_wconf 79' lang='grc' dir='ltr'><strong>ἐαυτῷ</strong></span> <span class='ocrx_word' id='word_1_450' title='bbox 571 2375 620 2409; x_wconf 86' lang='grc' dir='ltr'><strong>τὴν</strong></span> <span class='ocrx_word' id='word_1_451' title='bbox 629 2374 716 2409; x_wconf 84' lang='grc' dir='ltr'><strong>νίκην·</strong></span> <span class='ocrx_word' id='word_1_452' title='bbox 737 2374 873 2409; x_wconf 82' lang='grc' dir='ltr'><strong>περιφανῆ</strong></span> <span class='ocrx_word' id='word_1_453' title='bbox 887 2373 916 2400; x_wconf 85' lang='grc' dir='ltr'><strong>δὲ</strong></span> <span class='ocrx_word' id='word_1_454' title='bbox 931 2375 978 2400; x_wconf 78' lang='grc' dir='ltr'><strong>καὶ</strong></span> 
     </span>
    </p>
   </div>
   <div class='ocr_carea' id='block_1_66' title="bbox 185 2419 979 2458">
    <p class='ocr_par' dir='ltr' id='par_1_66' title="bbox 185 2419 979 2458">
     <span class='ocr_line' id='line_1_66' title="bbox 185 2419 979 2458; baseline -0.005 -9"><span class='ocrx_word' id='word_1_455' title='bbox 185 2422 366 2458; x_wconf 77' lang='grc' dir='ltr'><strong>βεϐαιοτέραν</strong></span> <span class='ocrx_word' id='word_1_456' title='bbox 383 2420 434 2456; x_wconf 83' lang='grc' dir='ltr'><strong>τὴν</strong></span> <span class='ocrx_word' id='word_1_457' title='bbox 458 2421 561 2447; x_wconf 83' lang='grc' dir='ltr'><strong>πτῶσιν</strong></span> <span class='ocrx_word' id='word_1_458' title='bbox 581 2419 620 2455; x_wconf 80' lang='grc' dir='ltr'><strong>τῷ</strong></span> <span class='ocrx_word' id='word_1_459' title='bbox 647 2419 787 2454; x_wconf 85' lang='grc' dir='ltr'><strong>ἀντιπάλῳ</strong></span> <span class='ocrx_word' id='word_1_460' title='bbox 807 2419 979 2454; x_wconf 80' lang='grc' dir='ltr'><strong>κατεργάση-</strong></span> 
     </span>
    </p>
   </div>
   <div class='ocr_carea' id='block_1_67' title="bbox 184 2464 978 2503">
    <p class='ocr_par' dir='ltr' id='par_1_67' title="bbox 184 2464 978 2503">
     <span class='ocr_line' id='line_1_67' title="bbox 184 2464 978 2503; baseline -0.006 -7"><span class='ocrx_word' id='word_1_461' title='bbox 184 2478 245 2501; x_wconf 79' lang='grc' dir='ltr'><strong>ται,</strong></span> <span class='ocrx_word' id='word_1_462' title='bbox 258 2468 309 2503; x_wconf 83' lang='grc' dir='ltr'><strong>τὴν</strong></span> <span class='ocrx_word' id='word_1_463' title='bbox 318 2467 404 2502; x_wconf 82' lang='grc' dir='ltr'><strong>αὐτὴν</strong></span> <span class='ocrx_word' id='word_1_464' title='bbox 415 2467 472 2499; x_wconf 79' lang='grc' dir='ltr'><strong>τοῖς</strong></span> <span class='ocrx_word' id='word_1_465' title='bbox 484 2466 660 2501; x_wconf 74' lang='grc' dir='ltr'><strong>ἠδικημένοις</strong></span> <span class='ocrx_word' id='word_1_466' title='bbox 672 2464 777 2501; x_wconf 78' lang='grc' dir='ltr'><strong>μορφὴν</strong></span> <span class='ocrx_word' id='word_1_467' title='bbox 787 2465 915 2500; x_wconf 79' lang='grc' dir='ltr'><strong>εἰληφὼς,</strong></span> <span class='ocrx_word' id='word_1_468' title='bbox 931 2465 978 2492; x_wconf 76' lang='grc' dir='ltr'><strong>καὶ</strong></span> 
     </span>
    </p>
   </div>
   <div class='ocr_carea' id='block_1_68' title="bbox 185 2511 977 2548">
    <p class='ocr_par' dir='ltr' id='par_1_68' title="bbox 185 2511 977 2548">
     <span class='ocr_line' id='line_1_68' title="bbox 185 2511 977 2548; baseline -0.006 -7"><span class='ocrx_word' id='word_1_469' title='bbox 185 2515 217 2541; x_wconf 75' lang='grc' dir='ltr'><strong>ὲν</strong></span> <span class='ocrx_word' id='word_1_470' title='bbox 233 2514 317 2548; x_wconf 67' lang='grc' dir='ltr'><strong>σοφίᾳ</strong></span> <span class='ocrx_word' id='word_1_471' title='bbox 335 2513 393 2544; x_wconf 78' lang='grc' dir='ltr'><strong>τοῖς</strong></span> <span class='ocrx_word' id='word_1_472' title='bbox 406 2511 561 2548; x_wconf 77' lang='grc' dir='ltr'><strong>ἀνθρώποις</strong></span> <span class='ocrx_word' id='word_1_473' title='bbox 577 2513 624 2539; x_wconf 83' lang='grc' dir='ltr'><strong>καὶ</strong></span> <span class='ocrx_word' id='word_1_474' title='bbox 638 2512 667 2538; x_wconf 72' lang='grc' dir='ltr'><strong>ὲν</strong></span> <span class='ocrx_word' id='word_1_475' title='bbox 684 2511 842 2547; x_wconf 78' lang='grc' dir='ltr'><strong>δικαιοσύνῃ</strong></span> <span class='ocrx_word' id='word_1_476' title='bbox 860 2519 977 2537; x_wconf 86' lang='grc' dir='ltr'><strong>συνανα-</strong></span> 
     </span>
    </p>
   </div>
   <div class='ocr_carea' id='block_1_69' title="bbox 188 2556 976 2595">
    <p class='ocr_par' dir='ltr' id='par_1_69' title="bbox 188 2556 976 2595">
     <span class='ocr_line' id='line_1_69' title="bbox 188 2556 976 2595; baseline -0.004 -9"><span class='ocrx_word' id='word_1_477' title='bbox 188 2558 388 2595; x_wconf 71' lang='grc' dir='ltr'><strong>στραφεὶς,ὑπὺ</strong></span> <span class='ocrx_word' id='word_1_478' title='bbox 394 2558 444 2593; x_wconf 85' lang='grc' dir='ltr'><strong>τῆς</strong></span> <span class='ocrx_word' id='word_1_479' title='bbox 450 2558 497 2584; x_wconf 79' lang='grc' dir='ltr'><strong>τοῦ</strong></span> <span class='ocrx_word' id='word_1_480' title='bbox 507 2557 627 2593; x_wconf 81' lang='grc' dir='ltr'><strong>πονηροῦ</strong></span> <span class='ocrx_word' id='word_1_481' title='bbox 638 2558 737 2589; x_wconf 79' lang='grc' dir='ltr'><strong>κακίας</strong></span> <span class='ocrx_word' id='word_1_482' title='bbox 745 2557 833 2592; x_wconf 78' lang='grc' dir='ltr'><strong>μάτην</strong></span> <span class='ocrx_word' id='word_1_483' title='bbox 839 2556 976 2591; x_wconf 87' lang='grc' dir='ltr'><strong>διώκεται,</strong></span> 
     </span>
    </p>
   </div>
   <div class='ocr_carea' id='block_1_70' title="bbox 187 2600 978 2636">
    <p class='ocr_par' dir='ltr' id='par_1_70' title="bbox 187 2600 978 2636">
     <span class='ocr_line' id='line_1_70' title="bbox 187 2600 978 2636; baseline -0.003 -5"><span class='ocrx_word' id='word_1_484' title='bbox 187 2607 237 2632; x_wconf 73' lang='grc' dir='ltr'><strong>καὶ</strong></span> <span class='ocrx_word' id='word_1_485' title='bbox 264 2601 304 2636; x_wconf 81' lang='grc' dir='ltr'><strong>ἐὶς</strong></span> <span class='ocrx_word' id='word_1_486' title='bbox 326 2604 443 2630; x_wconf 83' lang='grc' dir='ltr'><strong>θάνατον</strong></span> <span class='ocrx_word' id='word_1_487' title='bbox 461 2603 678 2630; x_wconf 64' lang='grc' dir='ltr'><strong>ἐπιϐουλεύεται.</strong></span> <span class='ocrx_word' id='word_1_488' title='bbox 699 2603 745 2629; x_wconf 86' lang='grc' dir='ltr'><strong>Διὸ</strong></span> <span class='ocrx_word' id='word_1_489' title='bbox 761 2603 809 2630; x_wconf 72' lang='grc' dir='ltr'><strong>καὶ</strong></span> <span class='ocrx_word' id='word_1_490' title='bbox 825 2600 865 2634; x_wconf 82' lang='grc' dir='ltr'><strong>οἷς</strong></span> <span class='ocrx_word' id='word_1_491' title='bbox 877 2602 978 2634; x_wconf 81' lang='grc' dir='ltr'><strong>ἀδίκως</strong></span> 
     </span>
    </p>
   </div>
   <div class='ocr_carea' id='block_1_71' title="bbox 187 2647 979 2683">
    <p class='ocr_par' dir='ltr' id='par_1_71' title="bbox 187 2647 979 2683">
     <span class='ocr_line' id='line_1_71' title="bbox 187 2647 979 2683; baseline -0.004 -7"><span class='ocrx_word' id='word_1_492' title='bbox 187 2651 295 2680; x_wconf 71' lang='grc' dir='ltr'><strong>ἐκεῖνος</strong></span> <span class='ocrx_word' id='word_1_493' title='bbox 323 2649 453 2680; x_wconf 77' lang='grc' dir='ltr'><strong>ἐπέθετο,</strong></span> <span class='ocrx_word' id='word_1_494' title='bbox 480 2648 591 2679; x_wconf 78' lang='grc' dir='ltr'><strong>δικαίως</strong></span> <span class='ocrx_word' id='word_1_495' title='bbox 622 2647 799 2683; x_wconf 75' lang='grc' dir='ltr'><strong>περιπαρεὶς,</strong></span> <span class='ocrx_word' id='word_1_496' title='bbox 812 2647 860 2673; x_wconf 76' lang='grc' dir='ltr'><strong>καὶ</strong></span> <span class='ocrx_word' id='word_1_497' title='bbox 872 2647 901 2674; x_wconf 71' lang='grc' dir='ltr'><strong>ἐν</strong></span> <span class='ocrx_word' id='word_1_498' title='bbox 923 2648 979 2679; x_wconf 76' lang='grc' dir='ltr'><strong>τοῖς</strong></span> 
     </span>
    </p>
   </div>
   <div class='ocr_carea' id='block_1_72' title="bbox 187 2693 981 2731">
    <p class='ocr_par' dir='ltr' id='par_1_72' title="bbox 187 2693 981 2731">
     <span class='ocr_line' id='line_1_72' title="bbox 187 2693 981 2731; baseline -0.004 -9"><span class='ocrx_word' id='word_1_499' title='bbox 187 2696 283 2731; x_wconf 79' lang='grc' dir='ltr'><strong>ἔργοις</strong></span> <span class='ocrx_word' id='word_1_500' title='bbox 303 2694 358 2721; x_wconf 81' lang='grc' dir='ltr'><strong>τῶν</strong></span> <span class='ocrx_word' id='word_1_501' title='bbox 376 2694 460 2720; x_wconf 79' lang='grc' dir='ltr'><strong>αὐτοῦ</strong></span> <span class='ocrx_word' id='word_1_502' title='bbox 475 2694 574 2729; x_wconf 81' lang='grc' dir='ltr'><strong>χειρῶν</strong></span> <span class='ocrx_word' id='word_1_503' title='bbox 590 2693 753 2728; x_wconf 76' lang='grc' dir='ltr'><strong>συλληφθεὶς</strong></span> <span class='ocrx_word' id='word_1_504' title='bbox 763 2693 850 2722; x_wconf 76' lang='grc' dir='ltr'><strong>ἑάλω·</strong></span> <span class='ocrx_word' id='word_1_505' title='bbox 866 2694 913 2719; x_wconf 80' lang='grc' dir='ltr'><strong>καὶ</strong></span> <span class='ocrx_word' id='word_1_506' title='bbox 932 2702 981 2719; x_wconf 83' lang='grc' dir='ltr'><strong>κα-</strong></span> 
     </span>
    </p>
   </div>
   <div class='ocr_carea' id='block_1_73' title="bbox 188 2738 981 2775">
    <p class='ocr_par' dir='ltr' id='par_1_73' title="bbox 188 2738 981 2775">
     <span class='ocr_line' id='line_1_73' title="bbox 188 2738 981 2775; baseline -0.003 -9"><span class='ocrx_word' id='word_1_507' title='bbox 188 2740 349 2775; x_wconf 78' lang='grc' dir='ltr'><strong>τακριθεὶς,</strong></span> <span class='ocrx_word' id='word_1_508' title='bbox 373 2738 460 2771; x_wconf 78' lang='grc' dir='ltr'><strong>οὕτως</strong></span> <span class='ocrx_word' id='word_1_509' title='bbox 487 2740 516 2766; x_wconf 79' lang='grc' dir='ltr'><strong>ὲν</strong></span> <span class='ocrx_word' id='word_1_510' title='bbox 537 2739 609 2774; x_wconf 81' lang='grc' dir='ltr'><strong>χειρὶ</strong></span> <span class='ocrx_word' id='word_1_511' title='bbox 632 2738 700 2765; x_wconf 83' lang='grc' dir='ltr'><strong>Θεοῦ</strong></span> <span class='ocrx_word' id='word_1_512' title='bbox 729 2739 778 2773; x_wconf 82' lang='grc' dir='ltr'><strong>τῆς</strong></span> <span class='ocrx_word' id='word_1_513' title='bbox 792 2738 981 2774; x_wconf 86' lang='grc' dir='ltr'><strong>τυραννώδους</strong></span> 
     </span>
    </p>
   </div>
   <div class='ocr_carea' id='block_1_74' title="bbox 188 2785 982 2822">
    <p class='ocr_par' dir='ltr' id='par_1_74' title="bbox 188 2785 982 2822">
     <span class='ocr_line' id='line_1_74' title="bbox 188 2785 982 2822; baseline -0.003 -9"><span class='ocrx_word' id='word_1_514' title='bbox 188 2786 463 2822; x_wconf 68' lang='grc' dir='ltr'><strong>ικαόληταιὰρχῆς.</strong></span> <span class='ocrx_word' id='word_1_515' title='bbox 480 2785 574 2816; x_wconf 73' lang='grc' dir='ltr'><strong>οὕτως</strong></span> <span class='ocrx_word' id='word_1_516' title='bbox 589 2785 635 2812; x_wconf 81' lang='grc' dir='ltr'><strong>καὶ</strong></span> <span class='ocrx_word' id='word_1_517' title='bbox 647 2785 661 2811; x_wconf 82' lang='grc' dir='ltr'><strong>ὀ</strong></span> <span class='ocrx_word' id='word_1_518' title='bbox 677 2785 819 2820; x_wconf 79' lang='grc' dir='ltr'><strong>ἀγαπητὸς</strong></span> <span class='ocrx_word' id='word_1_519' title='bbox 830 2785 878 2811; x_wconf 73' lang='grc' dir='ltr'><strong>τοῦ</strong></span> <span class='ocrx_word' id='word_1_520' title='bbox 894 2785 982 2819; x_wconf 86' lang='grc' dir='ltr'><strong>Λόγου</strong></span> 
     </span>
    </p>
   </div>
   <div class='ocr_carea' id='block_1_75' title="bbox 238 2886 505 2919">
    <p class='ocr_par' dir='ltr' id='par_1_75' title="bbox 238 2886 505 2919">
     <span class='ocr_line' id='line_1_75' title="bbox 238 2886 505 2919; baseline -0.004 -5"><span class='ocrx_word' id='word_1_521' title='bbox 238 2886 273 2903; x_wconf 82' lang='grc'><strong>¹⁸¹</strong></span> <span class='ocrx_word' id='word_1_522' title='bbox 285 2887 356 2915; x_wconf 84' lang='lat' dir='ltr'><strong>Psal.</strong></span> <span class='ocrx_word' id='word_1_523' title='bbox 373 2895 444 2919; x_wconf 76' lang='lat' dir='ltr'><strong>xmv,</strong></span> <span class='ocrx_word' id='word_1_524' title='bbox 463 2887 505 2914; x_wconf 80' lang='grc' dir='ltr'><strong>Π.</strong></span> 
     </span>
    </p>
   </div>
   <div class='ocr_carea' id='block_1_76' title="bbox 544 2884 1010 2919">
    <p class='ocr_par' dir='ltr' id='par_1_76' title="bbox 544 2884 1010 2919">
     <span class='ocr_line' id='line_1_76' title="bbox 544 2884 1010 2919; baseline -0.004 -6"><span class='ocrx_word' id='word_1_525' title='bbox 544 2887 565 2903; x_wconf 76' lang='grc'><strong>’⁸</strong></span> <span class='ocrx_word' id='word_1_526' title='bbox 579 2886 673 2914; x_wconf 80' lang='lat' dir='ltr'><strong>Matth.</strong></span> <span class='ocrx_word' id='word_1_527' title='bbox 692 2894 740 2918; x_wconf 74' lang='lat' dir='ltr'><strong>xu,</strong></span> <span class='ocrx_word' id='word_1_528' title='bbox 754 2886 802 2919; x_wconf 66' lang='lat'><strong>99&#39;,</strong></span> <span class='ocrx_word' id='word_1_529' title='bbox 816 2886 898 2914; x_wconf 80' lang='lat' dir='ltr'><strong>Marc.</strong></span> <span class='ocrx_word' id='word_1_530' title='bbox 913 2893 951 2917; x_wconf 86' lang='lat' dir='ltr'><strong>Ill,</strong></span> <span class='ocrx_word' id='word_1_531' title='bbox 962 2884 1010 2919; x_wconf 77' lang='lat'><strong>‘27;</strong></span> 
     </span>
    </p>
   </div>
   <div class='ocr_carea' id='block_1_77' title="bbox 1022 953 1810 989">
    <p class='ocr_par' dir='ltr' id='par_1_77' title="bbox 1022 953 1810 989">
     <span class='ocr_line' id='line_1_77' title="bbox 1022 953 1810 989; baseline 0 -7"><span class='ocrx_word' id='word_1_532' title='bbox 1022 959 1064 982; x_wconf 84' lang='lat' dir='ltr'><strong>tos</strong></span> <span class='ocrx_word' id='word_1_533' title='bbox 1077 956 1220 986; x_wconf 83' lang='lat' dir='ltr'><strong>cerneret;</strong></span> <span class='ocrx_word' id='word_1_534' title='bbox 1236 956 1386 988; x_wconf 84' lang='lat' dir='ltr'><strong>captosque</strong></span> <span class='ocrx_word' id='word_1_535' title='bbox 1403 960 1498 980; x_wconf 89' lang='lat' dir='ltr'><strong>omnes</strong></span> <span class='ocrx_word' id='word_1_536' title='bbox 1511 961 1526 981; x_wconf 88' lang='lat' dir='ltr'><strong>a</strong></span> <span class='ocrx_word' id='word_1_537' title='bbox 1539 953 1651 981; x_wconf 79' lang='lat' dir='ltr'><strong>diabolo</strong></span> <span class='ocrx_word' id='word_1_538' title='bbox 1662 975 1669 985; x_wconf 79' lang='grc'><strong>,</strong></span> <span class='ocrx_word' id='word_1_539' title='bbox 1684 959 1766 989; x_wconf 80' lang='lat' dir='ltr'><strong>atque</strong></span> <span class='ocrx_word' id='word_1_540' title='bbox 1782 955 1810 982; x_wconf 89' lang='lat' dir='ltr'><strong>in</strong></span> 
     </span>
    </p>
   </div>
   <div class='ocr_carea' id='block_1_78' title="bbox 1020 999 1808 1036">
    <p class='ocr_par' dir='ltr' id='par_1_78' title="bbox 1020 999 1808 1036">
     <span class='ocr_line' id='line_1_78' title="bbox 1020 999 1808 1036; baseline 0.004 -10"><span class='ocrx_word' id='word_1_541' title='bbox 1020 1000 1080 1036; x_wconf 82' lang='lat' dir='ltr'><strong>ejus</strong></span> <span class='ocrx_word' id='word_1_542' title='bbox 1103 999 1224 1027; x_wconf 86' lang='lat' dir='ltr'><strong>intentos</strong></span> <span class='ocrx_word' id='word_1_543' title='bbox 1249 999 1419 1027; x_wconf 83' lang='lat' dir='ltr'><strong>voluntatem</strong></span> <span class='ocrx_word' id='word_1_544' title='bbox 1438 1000 1538 1035; x_wconf 85' lang='lat' dir='ltr'><strong>spiritu</strong></span> <span class='ocrx_word' id='word_1_545' title='bbox 1558 1001 1808 1032; x_wconf 78' lang='lat' dir='ltr'><strong>animadvertisset.</strong></span> 
     </span>
    </p>
   </div>
   <div class='ocr_carea' id='block_1_79' title="bbox 1021 1045 1809 1082">
    <p class='ocr_par' dir='ltr' id='par_1_79' title="bbox 1021 1045 1809 1082">
     <span class='ocr_line' id='line_1_79' title="bbox 1021 1045 1809 1082; baseline 0.003 -9"><span class='ocrx_word' id='word_1_546' title='bbox 1021 1046 1090 1073; x_wconf 88' lang='lat' dir='ltr'><strong>nihil</strong></span> <span class='ocrx_word' id='word_1_547' title='bbox 1116 1046 1276 1073; x_wconf 75' lang='lat' dir='ltr'><strong>morandum</strong></span> <span class='ocrx_word' id='word_1_548' title='bbox 1305 1045 1426 1081; x_wconf 89' lang='lat' dir='ltr'><strong>Spiritus</strong></span> <span class='ocrx_word' id='word_1_549' title='bbox 1442 1046 1595 1082; x_wconf 86' lang='lat' dir='ltr'><strong>jussionem</strong></span> <span class='ocrx_word' id='word_1_550' title='bbox 1616 1048 1734 1082; x_wconf 82' lang='lat' dir='ltr'><strong>putavit.</strong></span> <span class='ocrx_word' id='word_1_551' title='bbox 1748 1047 1809 1075; x_wconf 88' lang='lat' dir='ltr'><strong>Non</strong></span> 
     </span>
    </p>
   </div>
   <div class='ocr_carea' id='block_1_80' title="bbox 1020 1090 1810 1127">
    <p class='ocr_par' dir='ltr' id='par_1_80' title="bbox 1020 1090 1810 1127">
     <span class='ocr_line' id='line_1_80' title="bbox 1020 1090 1810 1127; baseline 0.003 -9"><span class='ocrx_word' id='word_1_552' title='bbox 1020 1090 1204 1125; x_wconf 79' lang='lat' dir='ltr'><strong>aggressionis</strong></span> <span class='ocrx_word' id='word_1_553' title='bbox 1220 1090 1308 1118; x_wconf 86' lang='lat' dir='ltr'><strong>arduo</strong></span> <span class='ocrx_word' id='word_1_554' title='bbox 1321 1091 1445 1118; x_wconf 85' lang='lat' dir='ltr'><strong>oii&#39;cnsus</strong></span> <span class='ocrx_word' id='word_1_555' title='bbox 1457 1091 1550 1119; x_wconf 86' lang='lat' dir='ltr'><strong>animo</strong></span> <span class='ocrx_word' id='word_1_556' title='bbox 1562 1095 1614 1124; x_wconf 88' lang='lat' dir='ltr'><strong>est,</strong></span> <span class='ocrx_word' id='word_1_557' title='bbox 1633 1099 1723 1127; x_wconf 89' lang='lat' dir='ltr'><strong>neque</strong></span> <span class='ocrx_word' id='word_1_558' title='bbox 1743 1100 1810 1120; x_wconf 88' lang='lat' dir='ltr'><strong>vero</strong></span> 
     </span>
    </p>
   </div>
   <div class='ocr_carea' id='block_1_81' title="bbox 1022 1135 1810 1165">
    <p class='ocr_par' dir='ltr' id='par_1_81' title="bbox 1022 1135 1810 1165">
     <span class='ocr_line' id='line_1_81' title="bbox 1022 1135 1810 1165; baseline 0.003 -3"><span class='ocrx_word' id='word_1_559' title='bbox 1022 1135 1049 1162; x_wconf 93' lang='lat' dir='ltr'><strong>in</strong></span> <span class='ocrx_word' id='word_1_560' title='bbox 1064 1135 1216 1163; x_wconf 81' lang='lat' dir='ltr'><strong>dubietatis</strong></span> <span class='ocrx_word' id='word_1_561' title='bbox 1230 1142 1263 1162; x_wconf 89' lang='lat' dir='ltr'><strong>ac</strong></span> <span class='ocrx_word' id='word_1_562' title='bbox 1276 1135 1434 1163; x_wconf 71' lang='lat' dir='ltr'><strong>difﬁdentiae</strong></span> <span class='ocrx_word' id='word_1_563' title='bbox 1442 1135 1540 1163; x_wconf 86' lang='lat' dir='ltr'><strong>incidit</strong></span> <span class='ocrx_word' id='word_1_564' title='bbox 1552 1136 1673 1163; x_wconf 77' lang='lat' dir='ltr'><strong>rationes</strong></span> <span class='ocrx_word' id='word_1_565' title='bbox 1693 1146 1699 1164; x_wconf 93' lang='lat'><strong>:</strong></span> <span class='ocrx_word' id='word_1_566' title='bbox 1716 1137 1764 1165; x_wconf 87' lang='lat' dir='ltr'><strong>scd</strong></span> <span class='ocrx_word' id='word_1_567' title='bbox 1782 1136 1810 1164; x_wconf 87' lang='lat' dir='ltr'><strong>in</strong></span> 
     </span>
    </p>
   </div>
   <div class='ocr_carea' id='block_1_82' title="bbox 1020 1181 1808 1216">
    <p class='ocr_par' dir='ltr' id='par_1_82' title="bbox 1020 1181 1808 1216">
     <span class='ocr_line' id='line_1_82' title="bbox 1020 1181 1808 1216; baseline 0.001 -7"><span class='ocrx_word' id='word_1_568' title='bbox 1020 1182 1160 1209; x_wconf 87' lang='lat' dir='ltr'><strong>Christum</strong></span> <span class='ocrx_word' id='word_1_569' title='bbox 1182 1181 1210 1208; x_wconf 91' lang='lat' dir='ltr'><strong>in</strong></span> <span class='ocrx_word' id='word_1_570' title='bbox 1232 1182 1292 1216; x_wconf 78' lang='lat' dir='ltr'><strong>ipso</strong></span> <span class='ocrx_word' id='word_1_571' title='bbox 1313 1185 1486 1214; x_wconf 84' lang='lat' dir='ltr'><strong>manentem,</strong></span> <span class='ocrx_word' id='word_1_572' title='bbox 1514 1182 1603 1209; x_wconf 82' lang='lat' dir='ltr'><strong>versis</strong></span> <span class='ocrx_word' id='word_1_573' title='bbox 1628 1182 1732 1215; x_wconf 89' lang='lat' dir='ltr'><strong>oculis,</strong></span> <span class='ocrx_word' id='word_1_574' title='bbox 1754 1190 1808 1210; x_wconf 89' lang='lat' dir='ltr'><strong>non</strong></span> 
     </span>
    </p>
   </div>
   <div class='ocr_carea' id='block_1_83' title="bbox 1021 1227 1808 1260">
    <p class='ocr_par' dir='ltr' id='par_1_83' title="bbox 1021 1227 1808 1260">
     <span class='ocr_line' id='line_1_83' title="bbox 1021 1227 1808 1260; baseline 0 -5"><span class='ocrx_word' id='word_1_575' title='bbox 1021 1228 1153 1256; x_wconf 86' lang='lat' dir='ltr'><strong>adversus</strong></span> <span class='ocrx_word' id='word_1_576' title='bbox 1180 1228 1316 1260; x_wconf 86' lang='lat' dir='ltr'><strong>homines,</strong></span> <span class='ocrx_word' id='word_1_577' title='bbox 1344 1227 1393 1255; x_wconf 85' lang='lat' dir='ltr'><strong>sed</strong></span> <span class='ocrx_word' id='word_1_578' title='bbox 1417 1227 1572 1260; x_wconf 72' lang='lat' dir='ltr'><strong>daemones;</strong></span> <span class='ocrx_word' id='word_1_579' title='bbox 1599 1235 1651 1256; x_wconf 87' lang='lat' dir='ltr'><strong>nec</strong></span> <span class='ocrx_word' id='word_1_580' title='bbox 1675 1228 1808 1256; x_wconf 77' lang='lat' dir='ltr'><strong>adversus</strong></span> 
     </span>
    </p>
   </div>
   <div class='ocr_carea' id='block_1_84' title="bbox 1021 1273 1810 1309">
    <p class='ocr_par' dir='ltr' id='par_1_84' title="bbox 1021 1273 1810 1309">
     <span class='ocr_line' id='line_1_84' title="bbox 1021 1273 1810 1309; baseline 0.001 -8"><span class='ocrx_word' id='word_1_581' title='bbox 1021 1274 1154 1308; x_wconf 87' lang='lat' dir='ltr'><strong>captivos,</strong></span> <span class='ocrx_word' id='word_1_582' title='bbox 1178 1273 1226 1301; x_wconf 83' lang='lat' dir='ltr'><strong>sed</strong></span> <span class='ocrx_word' id='word_1_583' title='bbox 1248 1273 1276 1300; x_wconf 92' lang='lat' dir='ltr'><strong>in</strong></span> <span class='ocrx_word' id='word_1_584' title='bbox 1300 1273 1390 1308; x_wconf 89' lang='lat' dir='ltr'><strong>ipsum</strong></span> <span class='ocrx_word' id='word_1_585' title='bbox 1411 1273 1501 1308; x_wconf 89' lang='lat' dir='ltr'><strong>primo</strong></span> <span class='ocrx_word' id='word_1_586' title='bbox 1522 1277 1680 1309; x_wconf 88' lang='lat' dir='ltr'><strong>tyrannum,</strong></span> <span class='ocrx_word' id='word_1_587' title='bbox 1702 1282 1735 1301; x_wconf 86' lang='lat' dir='ltr'><strong>ca</strong></span> <span class='ocrx_word' id='word_1_588' title='bbox 1749 1282 1810 1309; x_wconf 55' lang='lat' dir='ltr'><strong>qua)</strong></span> 
     </span>
    </p>
   </div>
   <div class='ocr_carea' id='block_1_85' title="bbox 1022 1320 1780 1356">
    <p class='ocr_par' dir='ltr' id='par_1_85' title="bbox 1022 1320 1780 1356">
     <span class='ocr_line' id='line_1_85' title="bbox 1022 1320 1780 1356; baseline 0.001 -8"><span class='ocrx_word' id='word_1_589' title='bbox 1022 1325 1115 1348; x_wconf 84' lang='lat' dir='ltr'><strong>mente</strong></span> <span class='ocrx_word' id='word_1_590' title='bbox 1123 1320 1285 1356; x_wconf 74' lang='lat' dir='ltr'><strong>intelligitur</strong></span> <span class='ocrx_word' id='word_1_591' title='bbox 1291 1324 1429 1348; x_wconf 86' lang='lat' dir='ltr'><strong>armatura</strong></span> <span class='ocrx_word' id='word_1_592' title='bbox 1437 1320 1556 1356; x_wconf 86' lang='lat' dir='ltr'><strong>Spiritus</strong></span> <span class='ocrx_word' id='word_1_593' title='bbox 1565 1323 1716 1349; x_wconf 84' lang='lat' dir='ltr'><strong>lnstructus</strong></span> <span class='ocrx_word' id='word_1_594' title='bbox 1726 1326 1780 1350; x_wconf 85' lang='lat' dir='ltr'><strong>est.</strong></span> 
     </span>
    </p>
   </div>
   <div class='ocr_carea' id='block_1_86' title="bbox 1056 1415 1810 1452">
    <p class='ocr_par' dir='ltr' id='par_1_86' title="bbox 1056 1415 1810 1452">
     <span class='ocr_line' id='line_1_86' title="bbox 1056 1415 1810 1452; baseline 0 -8"><span class='ocrx_word' id='word_1_595' title='bbox 1056 1417 1146 1452; x_wconf 83' lang='lat' dir='ltr'><strong>Atque</strong></span> <span class='ocrx_word' id='word_1_596' title='bbox 1160 1416 1234 1444; x_wconf 87' lang='lat' dir='ltr'><strong>hunc</strong></span> <span class='ocrx_word' id='word_1_597' title='bbox 1251 1415 1383 1451; x_wconf 86' lang='lat' dir='ltr'><strong>primum,</strong></span> <span class='ocrx_word' id='word_1_598' title='bbox 1397 1415 1501 1443; x_wconf 81' lang='lat' dir='ltr'><strong>Christi</strong></span> <span class='ocrx_word' id='word_1_599' title='bbox 1514 1420 1572 1443; x_wconf 89' lang='lat' dir='ltr'><strong>tum</strong></span> <span class='ocrx_word' id='word_1_600' title='bbox 1587 1416 1712 1452; x_wconf 59' lang='lat' dir='ltr'><strong>exemplo</strong></span> <span class='ocrx_word' id='word_1_601' title='bbox 1725 1437 1732 1447; x_wconf 89' lang='lat'><strong>.</strong></span> <span class='ocrx_word' id='word_1_602' title='bbox 1752 1421 1810 1444; x_wconf 91' lang='lat' dir='ltr'><strong>tum</strong></span> 
     </span>
    </p>
   </div>
   <div class='ocr_carea' id='block_1_87' title="bbox 1022 1460 1809 1498">
    <p class='ocr_par' dir='ltr' id='par_1_87' title="bbox 1022 1460 1809 1498">
     <span class='ocr_line' id='line_1_87' title="bbox 1022 1460 1809 1498; baseline -0.001 -8"><span class='ocrx_word' id='word_1_603' title='bbox 1022 1462 1155 1497; x_wconf 82' lang='lat' dir='ltr'><strong>potentia,</strong></span> <span class='ocrx_word' id='word_1_604' title='bbox 1172 1461 1282 1496; x_wconf 81' lang='lat' dir='ltr'><strong>alligare</strong></span> <span class='ocrx_word' id='word_1_605' title='bbox 1296 1460 1406 1493; x_wconf 78' lang='lat' dir='ltr'><strong>statuit;</strong></span> <span class='ocrx_word' id='word_1_606' title='bbox 1422 1460 1517 1498; x_wconf 80' lang='lat' dir='ltr'><strong>sicque</strong></span> <span class='ocrx_word' id='word_1_607' title='bbox 1529 1461 1589 1496; x_wconf 84' lang='lat' dir='ltr'><strong>ejus</strong></span> <span class='ocrx_word' id='word_1_608' title='bbox 1601 1468 1677 1488; x_wconf 86' lang='lat' dir='ltr'><strong>arma</strong></span> <span class='ocrx_word' id='word_1_609' title='bbox 1691 1461 1809 1494; x_wconf 81' lang='lat' dir='ltr'><strong>auferre.</strong></span> 
     </span>
    </p>
   </div>
   <div class='ocr_carea' id='block_1_88' title="bbox 1022 1505 1810 1542">
    <p class='ocr_par' dir='ltr' id='par_1_88' title="bbox 1022 1505 1810 1542">
     <span class='ocr_line' id='line_1_88' title="bbox 1022 1505 1810 1542; baseline 0.001 -8"><span class='ocrx_word' id='word_1_610' title='bbox 1022 1511 1105 1542; x_wconf 85' lang='lat' dir='ltr'><strong>atque</strong></span> <span class='ocrx_word' id='word_1_611' title='bbox 1145 1514 1177 1535; x_wconf 91' lang='lat' dir='ltr'><strong>ea</strong></span> <span class='ocrx_word' id='word_1_612' title='bbox 1204 1505 1330 1534; x_wconf 81' lang='lat' dir='ltr'><strong>rationne</strong></span> <span class='ocrx_word' id='word_1_613' title='bbox 1355 1505 1478 1541; x_wconf 87' lang='lat' dir='ltr'><strong>captivos</strong></span> <span class='ocrx_word' id='word_1_614' title='bbox 1503 1506 1673 1541; x_wconf 88' lang='lat' dir='ltr'><strong>recipere&quot;;</strong></span> <span class='ocrx_word' id='word_1_615' title='bbox 1703 1515 1810 1535; x_wconf 90' lang='lat' dir='ltr'><strong>necnon</strong></span> 
     </span>
    </p>
   </div>
   <div class='ocr_carea' id='block_1_89' title="bbox 1023 1551 1811 1588">
    <p class='ocr_par' dir='ltr' id='par_1_89' title="bbox 1023 1551 1811 1588">
     <span class='ocr_line' id='line_1_89' title="bbox 1023 1551 1811 1588; baseline 0 -7"><span class='ocrx_word' id='word_1_616' title='bbox 1023 1553 1117 1581; x_wconf 80' lang='lat' dir='ltr'><strong>decori</strong></span> <span class='ocrx_word' id='word_1_617' title='bbox 1139 1553 1238 1580; x_wconf 89' lang='lat' dir='ltr'><strong>domus</strong></span> <span class='ocrx_word' id='word_1_618' title='bbox 1257 1552 1305 1579; x_wconf 90' lang='lat' dir='ltr'><strong>Dei</strong></span> <span class='ocrx_word' id='word_1_619' title='bbox 1322 1551 1332 1588; x_wconf 95' lang='lat'>(</span> <span class='ocrx_word' id='word_1_620' title='bbox 1350 1552 1480 1580; x_wconf 75' lang='lat' dir='ltr'><strong>Ecclesiae</strong></span> <span class='ocrx_word' id='word_1_621' title='bbox 1493 1552 1599 1580; x_wconf 87' lang='lat' dir='ltr'><strong>scilicet</strong></span> <span class='ocrx_word' id='word_1_622' title='bbox 1614 1553 1624 1588; x_wconf 96' lang='lat'><strong>)</strong></span> <span class='ocrx_word' id='word_1_623' title='bbox 1640 1553 1727 1588; x_wconf 78' lang='lat' dir='ltr'><strong>spolia</strong></span> <span class='ocrx_word' id='word_1_624' title='bbox 1738 1554 1811 1581; x_wconf 73' lang='lat' dir='ltr'><strong>ditii-</strong></span> 
     </span>
    </p>
   </div>
   <div class='ocr_carea' id='block_1_90' title="bbox 1023 1596 1812 1634">
    <p class='ocr_par' dir='ltr' id='par_1_90' title="bbox 1023 1596 1812 1634">
     <span class='ocr_line' id='line_1_90' title="bbox 1023 1596 1812 1634; baseline 0.001 -9"><span class='ocrx_word' id='word_1_625' title='bbox 1023 1599 1088 1626; x_wconf 88' lang='lat' dir='ltr'><strong>dere</strong></span> <span class='ocrx_word' id='word_1_626' title='bbox 1097 1598 1143 1624; x_wconf 64' lang='lat'><strong>‘9&#39;.</strong></span> <span class='ocrx_word' id='word_1_627' title='bbox 1159 1597 1229 1624; x_wconf 85' lang='lat' dir='ltr'><strong>Num</strong></span> <span class='ocrx_word' id='word_1_628' title='bbox 1238 1605 1304 1625; x_wconf 87' lang='lat' dir='ltr'><strong>vero</strong></span> <span class='ocrx_word' id='word_1_629' title='bbox 1320 1597 1360 1624; x_wconf 87' lang='lat' dir='ltr'><strong>sic</strong></span> <span class='ocrx_word' id='word_1_630' title='bbox 1367 1596 1479 1631; x_wconf 91' lang='lat' dir='ltr'><strong>quidem</strong></span> <span class='ocrx_word' id='word_1_631' title='bbox 1488 1597 1590 1624; x_wconf 82' lang='lat' dir='ltr'><strong>Christi</strong></span> <span class='ocrx_word' id='word_1_632' title='bbox 1605 1598 1729 1633; x_wconf 86' lang='lat' dir='ltr'><strong>exemplo</strong></span> <span class='ocrx_word' id='word_1_633' title='bbox 1737 1599 1796 1634; x_wconf 79' lang='lat' dir='ltr'><strong>cogi</strong></span> <span class='ocrx_word' id='word_1_634' title='bbox 1805 1614 1812 1620; x_wconf 64' lang='grc' dir='ltr'>η</span> 
     </span>
    </p>
   </div>
   <div class='ocr_carea' id='block_1_91' title="bbox 1023 1642 1812 1677">
    <p class='ocr_par' dir='ltr' id='par_1_91' title="bbox 1023 1642 1812 1677">
     <span class='ocr_line' id='line_1_91' title="bbox 1023 1642 1812 1677; baseline 0 -7"><span class='ocrx_word' id='word_1_635' title='bbox 1023 1643 1090 1671; x_wconf 86' lang='lat' dir='ltr'><strong>tavit</strong></span> <span class='ocrx_word' id='word_1_636' title='bbox 1100 1650 1133 1670; x_wconf 82' lang='lat' dir='ltr'><strong>ac</strong></span> <span class='ocrx_word' id='word_1_637' title='bbox 1153 1642 1268 1676; x_wconf 88' lang='lat' dir='ltr'><strong>statuit,</strong></span> <span class='ocrx_word' id='word_1_638' title='bbox 1285 1642 1395 1677; x_wconf 81' lang='lat' dir='ltr'><strong>segnius</strong></span> <span class='ocrx_word' id='word_1_639' title='bbox 1415 1649 1482 1669; x_wconf 86' lang='lat' dir='ltr'><strong>vero</strong></span> <span class='ocrx_word' id='word_1_640' title='bbox 1497 1650 1560 1669; x_wconf 90' lang='lat' dir='ltr'><strong>cum</strong></span> <span class='ocrx_word' id='word_1_641' title='bbox 1575 1642 1653 1670; x_wconf 89' lang='lat' dir='ltr'><strong>hoste</strong></span> <span class='ocrx_word' id='word_1_642' title='bbox 1669 1643 1812 1671; x_wconf 76' lang='lat' dir='ltr'><strong>conﬂixit?</strong></span> 
     </span>
    </p>
   </div>
   <div class='ocr_carea' id='block_1_92' title="bbox 1021 1688 1809 1724">
    <p class='ocr_par' dir='ltr' id='par_1_92' title="bbox 1021 1688 1809 1724">
     <span class='ocr_line' id='line_1_92' title="bbox 1021 1688 1809 1724; baseline 0.003 -9"><span class='ocrx_word' id='word_1_643' title='bbox 1021 1693 1069 1724; x_wconf 74' lang='lat' dir='ltr'><strong>aut</strong></span> <span class='ocrx_word' id='word_1_644' title='bbox 1092 1695 1256 1724; x_wconf 74' lang='lat' dir='ltr'><strong>congressus</strong></span> <span class='ocrx_word' id='word_1_645' title='bbox 1277 1688 1391 1723; x_wconf 89' lang='lat' dir='ltr'><strong>quidem</strong></span> <span class='ocrx_word' id='word_1_646' title='bbox 1414 1692 1528 1716; x_wconf 86' lang='lat' dir='ltr'><strong>strenue</strong></span> <span class='ocrx_word' id='word_1_647' title='bbox 1551 1693 1594 1716; x_wconf 83' lang='lat' dir='ltr'><strong>est</strong></span> <span class='ocrx_word' id='word_1_648' title='bbox 1621 1689 1668 1723; x_wconf 90' lang='lat' dir='ltr'><strong>(id</strong></span> <span class='ocrx_word' id='word_1_649' title='bbox 1693 1694 1751 1723; x_wconf 83' lang='lat' dir='ltr'><strong>est,</strong></span> <span class='ocrx_word' id='word_1_650' title='bbox 1777 1698 1809 1717; x_wconf 80' lang='lat' dir='ltr'><strong>ea</strong></span> 
     </span>
    </p>
   </div>
   <div class='ocr_carea' id='block_1_93' title="bbox 1022 1734 1811 1769">
    <p class='ocr_par' dir='ltr' id='par_1_93' title="bbox 1022 1734 1811 1769">
     <span class='ocr_line' id='line_1_93' title="bbox 1022 1734 1811 1769; baseline 0.004 -7"><span class='ocrx_word' id='word_1_651' title='bbox 1022 1734 1162 1769; x_wconf 72' lang='lat' dir='ltr'><strong>Evangelii</strong></span> <span class='ocrx_word' id='word_1_652' title='bbox 1181 1734 1299 1769; x_wconf 90' lang='lat' dir='ltr'><strong>norma)</strong></span> <span class='ocrx_word' id='word_1_653' title='bbox 1324 1738 1463 1762; x_wconf 87' lang='lat' dir='ltr'><strong>certamen</strong></span> <span class='ocrx_word' id='word_1_654' title='bbox 1482 1739 1574 1762; x_wconf 85' lang='lat' dir='ltr'><strong>tamen</strong></span> <span class='ocrx_word' id='word_1_655' title='bbox 1596 1735 1755 1764; x_wconf 86' lang='lat' dir='ltr'><strong>inchoatum</strong></span> <span class='ocrx_word' id='word_1_656' title='bbox 1778 1746 1811 1766; x_wconf 81' lang='lat' dir='ltr'><strong>ac</strong></span> 
     </span>
    </p>
   </div>
   <div class='ocr_carea' id='block_1_94' title="bbox 1023 1779 1813 1818">
    <p class='ocr_par' dir='ltr' id='par_1_94' title="bbox 1023 1779 1813 1818">
     <span class='ocr_line' id='line_1_94' title="bbox 1023 1779 1813 1818; baseline 0.005 -11"><span class='ocrx_word' id='word_1_657' title='bbox 1023 1779 1214 1815; x_wconf 84' lang='lat' dir='ltr'><strong>imperfectum</strong></span> <span class='ocrx_word' id='word_1_658' title='bbox 1237 1779 1369 1815; x_wconf 83' lang='lat' dir='ltr'><strong>reliquit?</strong></span> <span class='ocrx_word' id='word_1_659' title='bbox 1382 1784 1430 1808; x_wconf 86' lang='lat' dir='ltr'><strong>aut</strong></span> <span class='ocrx_word' id='word_1_660' title='bbox 1447 1781 1573 1808; x_wconf 86' lang='lat' dir='ltr'><strong>exhibuit</strong></span> <span class='ocrx_word' id='word_1_661' title='bbox 1587 1782 1698 1817; x_wconf 90' lang='lat' dir='ltr'><strong>quidem</strong></span> <span class='ocrx_word' id='word_1_662' title='bbox 1720 1785 1813 1818; x_wconf 80' lang='lat' dir='ltr'><strong>perfe-</strong></span> 
     </span>
    </p>
   </div>
   <div class='ocr_carea' id='block_1_95' title="bbox 1022 1826 1811 1857">
    <p class='ocr_par' dir='ltr' id='par_1_95' title="bbox 1022 1826 1811 1857">
     <span class='ocr_line' id='line_1_95' title="bbox 1022 1826 1811 1857; baseline 0.005 -5"><span class='ocrx_word' id='word_1_663' title='bbox 1022 1830 1107 1857; x_wconf 88' lang='lat' dir='ltr'><strong>ctum,</strong></span> <span class='ocrx_word' id='word_1_664' title='bbox 1117 1831 1173 1852; x_wconf 89' lang='lat' dir='ltr'><strong>non</strong></span> <span class='ocrx_word' id='word_1_665' title='bbox 1188 1832 1229 1852; x_wconf 83' lang='lat' dir='ltr'><strong>sic</strong></span> <span class='ocrx_word' id='word_1_666' title='bbox 1239 1829 1329 1852; x_wconf 87' lang='lat' dir='ltr'><strong>tamen</strong></span> <span class='ocrx_word' id='word_1_667' title='bbox 1346 1830 1377 1853; x_wconf 85' lang='lat' dir='ltr'><strong>ut</strong></span> <span class='ocrx_word' id='word_1_668' title='bbox 1391 1826 1557 1854; x_wconf 78' lang='lat' dir='ltr'><strong>omnimodis</strong></span> <span class='ocrx_word' id='word_1_669' title='bbox 1570 1827 1634 1854; x_wconf 85' lang='lat' dir='ltr'><strong>Jesu</strong></span> <span class='ocrx_word' id='word_1_670' title='bbox 1651 1828 1811 1856; x_wconf 89' lang='lat' dir='ltr'><strong>similitudi-</strong></span> 
     </span>
    </p>
   </div>
   <div class='ocr_carea' id='block_1_96' title="bbox 1021 1870 1813 1906">
    <p class='ocr_par' dir='ltr' id='par_1_96' title="bbox 1021 1870 1813 1906">
     <span class='ocr_line' id='line_1_96' title="bbox 1021 1870 1813 1906; baseline 0.004 -8"><span class='ocrx_word' id='word_1_671' title='bbox 1021 1878 1087 1898; x_wconf 86' lang='lat' dir='ltr'><strong>nem</strong></span> <span class='ocrx_word' id='word_1_672' title='bbox 1110 1875 1253 1898; x_wconf 81' lang='lat' dir='ltr'><strong>assecutus</strong></span> <span class='ocrx_word' id='word_1_673' title='bbox 1275 1870 1333 1898; x_wconf 75' lang='lat' dir='ltr'><strong>sit?</strong></span> <span class='ocrx_word' id='word_1_674' title='bbox 1352 1871 1550 1906; x_wconf 84' lang='lat' dir='ltr'><strong>Nequaquam;</strong></span> <span class='ocrx_word' id='word_1_675' title='bbox 1579 1872 1626 1900; x_wconf 90' lang='lat' dir='ltr'><strong>sed</strong></span> <span class='ocrx_word' id='word_1_676' title='bbox 1641 1873 1713 1901; x_wconf 86' lang='lat' dir='ltr'><strong>sicut</strong></span> <span class='ocrx_word' id='word_1_677' title='bbox 1731 1873 1813 1901; x_wconf 85' lang='lat' dir='ltr'><strong>Chri-</strong></span> 
     </span>
    </p>
   </div>
   <div class='ocr_carea' id='block_1_97' title="bbox 1022 1917 1811 1952">
    <p class='ocr_par' dir='ltr' id='par_1_97' title="bbox 1022 1917 1811 1952">
     <span class='ocr_line' id='line_1_97' title="bbox 1022 1917 1811 1952; baseline 0.003 -8"><span class='ocrx_word' id='word_1_678' title='bbox 1022 1921 1096 1945; x_wconf 83' lang='lat' dir='ltr'><strong>stum</strong></span> <span class='ocrx_word' id='word_1_679' title='bbox 1113 1917 1200 1952; x_wconf 89' lang='lat' dir='ltr'><strong>prius,</strong></span> <span class='ocrx_word' id='word_1_680' title='bbox 1220 1924 1277 1944; x_wconf 90' lang='lat' dir='ltr'><strong>non</strong></span> <span class='ocrx_word' id='word_1_681' title='bbox 1297 1924 1331 1944; x_wconf 84' lang='lat' dir='ltr'><strong>ex</strong></span> <span class='ocrx_word' id='word_1_682' title='bbox 1353 1921 1440 1952; x_wconf 86' lang='lat' dir='ltr'><strong>parte,</strong></span> <span class='ocrx_word' id='word_1_683' title='bbox 1463 1918 1512 1945; x_wconf 88' lang='lat' dir='ltr'><strong>sed</strong></span> <span class='ocrx_word' id='word_1_684' title='bbox 1530 1923 1618 1946; x_wconf 91' lang='lat' dir='ltr'><strong>totum</strong></span> <span class='ocrx_word' id='word_1_685' title='bbox 1642 1919 1727 1946; x_wconf 90' lang='lat' dir='ltr'><strong>animi</strong></span> <span class='ocrx_word' id='word_1_686' title='bbox 1749 1920 1811 1947; x_wconf 86' lang='lat' dir='ltr'><strong>sinu</strong></span> 
     </span>
    </p>
   </div>
   <div class='ocr_carea' id='block_1_98' title="bbox 1021 1963 1812 1998">
    <p class='ocr_par' dir='ltr' id='par_1_98' title="bbox 1021 1963 1812 1998">
     <span class='ocr_line' id='line_1_98' title="bbox 1021 1963 1812 1998; baseline 0.004 -9"><span class='ocrx_word' id='word_1_687' title='bbox 1021 1967 1178 1998; x_wconf 82' lang='lat' dir='ltr'><strong>exceperat,</strong></span> <span class='ocrx_word' id='word_1_688' title='bbox 1196 1970 1313 1998; x_wconf 88' lang='lat' dir='ltr'><strong>eamque</strong></span> <span class='ocrx_word' id='word_1_689' title='bbox 1335 1963 1371 1990; x_wconf 93' lang='lat' dir='ltr'><strong>ob</strong></span> <span class='ocrx_word' id='word_1_690' title='bbox 1398 1971 1456 1990; x_wconf 90' lang='lat' dir='ltr'><strong>rem</strong></span> <span class='ocrx_word' id='word_1_691' title='bbox 1481 1965 1589 1992; x_wconf 86' lang='lat' dir='ltr'><strong>cunctis</strong></span> <span class='ocrx_word' id='word_1_692' title='bbox 1620 1964 1702 1992; x_wconf 87' lang='lat' dir='ltr'><strong>simul</strong></span> <span class='ocrx_word' id='word_1_693' title='bbox 1727 1965 1812 1993; x_wconf 86' lang='lat' dir='ltr'><strong>divini</strong></span> 
     </span>
    </p>
   </div>
   <div class='ocr_carea' id='block_1_99' title="bbox 1023 2008 1814 2044">
    <p class='ocr_par' dir='ltr' id='par_1_99' title="bbox 1023 2008 1814 2044">
     <span class='ocr_line' id='line_1_99' title="bbox 1023 2008 1814 2044; baseline 0.004 -9"><span class='ocrx_word' id='word_1_694' title='bbox 1023 2008 1144 2043; x_wconf 86' lang='lat' dir='ltr'><strong>Spiritus</strong></span> <span class='ocrx_word' id='word_1_695' title='bbox 1154 2009 1305 2036; x_wconf 84' lang='lat' dir='ltr'><strong>virtutibus</strong></span> <span class='ocrx_word' id='word_1_696' title='bbox 1321 2009 1439 2043; x_wconf 88' lang='lat' dir='ltr'><strong>stipatus</strong></span> <span class='ocrx_word' id='word_1_697' title='bbox 1455 2009 1662 2044; x_wconf 87' lang='lat' dir='ltr'><strong>instructusque</strong></span> <span class='ocrx_word' id='word_1_698' title='bbox 1676 2015 1754 2044; x_wconf 86' lang='lat' dir='ltr'><strong>erat,</strong></span> <span class='ocrx_word' id='word_1_699' title='bbox 1773 2012 1814 2038; x_wconf 81' lang='lat' dir='ltr'><strong>sic</strong></span> 
     </span>
    </p>
   </div>
   <div class='ocr_carea' id='block_1_100' title="bbox 1022 2054 1813 2089">
    <p class='ocr_par' dir='ltr' id='par_1_100' title="bbox 1022 2054 1813 2089">
     <span class='ocr_line' id='line_1_100' title="bbox 1022 2054 1813 2089; baseline 0.004 -9"><span class='ocrx_word' id='word_1_700' title='bbox 1022 2061 1133 2089; x_wconf 90' lang='lat' dir='ltr'><strong>quoque</strong></span> <span class='ocrx_word' id='word_1_701' title='bbox 1153 2054 1282 2081; x_wconf 86' lang='lat' dir='ltr'><strong>salutaris</strong></span> <span class='ocrx_word' id='word_1_702' title='bbox 1300 2054 1446 2081; x_wconf 82' lang='lat' dir='ltr'><strong>ministerii</strong></span> <span class='ocrx_word' id='word_1_703' title='bbox 1461 2061 1549 2088; x_wconf 89' lang='lat' dir='ltr'><strong>opus,</strong></span> <span class='ocrx_word' id='word_1_704' title='bbox 1565 2055 1684 2089; x_wconf 82' lang='lat' dir='ltr'><strong>perfecta</strong></span> <span class='ocrx_word' id='word_1_705' title='bbox 1700 2063 1762 2082; x_wconf 88' lang='lat' dir='ltr'><strong>cum</strong></span> <span class='ocrx_word' id='word_1_706' title='bbox 1780 2064 1813 2083; x_wconf 86' lang='lat' dir='ltr'><strong>c0</strong></span> 
     </span>
    </p>
   </div>
   <div class='ocr_carea' id='block_1_101' title="bbox 1023 2098 1812 2134">
    <p class='ocr_par' dir='ltr' id='par_1_101' title="bbox 1023 2098 1812 2134">
     <span class='ocr_line' id='line_1_101' title="bbox 1023 2098 1812 2134; baseline 0.004 -9"><span class='ocrx_word' id='word_1_707' title='bbox 1023 2098 1216 2132; x_wconf 84' lang='lat' dir='ltr'><strong>similitudine,</strong></span> <span class='ocrx_word' id='word_1_708' title='bbox 1249 2098 1400 2134; x_wconf 79' lang='lat' dir='ltr'><strong>perfectum</strong></span> <span class='ocrx_word' id='word_1_709' title='bbox 1429 2099 1485 2126; x_wconf 91' lang='lat' dir='ltr'><strong>Deo</strong></span> <span class='ocrx_word' id='word_1_710' title='bbox 1515 2100 1736 2134; x_wconf 82' lang='lat' dir='ltr'><strong>repraesentavit.</strong></span> <span class='ocrx_word' id='word_1_711' title='bbox 1773 2102 1812 2128; x_wconf 87' lang='lat' dir='ltr'><strong>Ac</strong></span> 
     </span>
    </p>
   </div>
   <div class='ocr_carea' id='block_1_102' title="bbox 1022 2144 1814 2182">
    <p class='ocr_par' dir='ltr' id='par_1_102' title="bbox 1022 2144 1814 2182">
     <span class='ocr_line' id='line_1_102' title="bbox 1022 2144 1814 2182; baseline 0.003 -10"><span class='ocrx_word' id='word_1_712' title='bbox 1022 2145 1095 2173; x_wconf 86' lang='lat' dir='ltr'><strong>sicut</strong></span> <span class='ocrx_word' id='word_1_713' title='bbox 1108 2145 1166 2179; x_wconf 80' lang='lat' dir='ltr'><strong>ipse</strong></span> <span class='ocrx_word' id='word_1_714' title='bbox 1181 2144 1288 2180; x_wconf 87' lang='lat' dir='ltr'><strong>primus</strong></span> <span class='ocrx_word' id='word_1_715' title='bbox 1302 2145 1433 2173; x_wconf 79' lang='lat' dir='ltr'><strong>caelorum</strong></span> <span class='ocrx_word' id='word_1_716' title='bbox 1452 2146 1509 2173; x_wconf 77' lang='lat' dir='ltr'><strong>Rea</strong></span> <span class='ocrx_word' id='word_1_717' title='bbox 1521 2166 1528 2179; x_wconf 90' lang='lat'><strong>,</strong></span> <span class='ocrx_word' id='word_1_718' title='bbox 1543 2153 1599 2174; x_wconf 87' lang='lat' dir='ltr'><strong>non</strong></span> <span class='ocrx_word' id='word_1_719' title='bbox 1613 2147 1671 2174; x_wconf 86' lang='lat' dir='ltr'><strong>sola</strong></span> <span class='ocrx_word' id='word_1_720' title='bbox 1685 2148 1814 2182; x_wconf 64' lang='lat' dir='ltr'><strong>potentia;</strong></span> 
     </span>
    </p>
   </div>
   <div class='ocr_carea' id='block_1_103' title="bbox 1023 2190 1812 2229">
    <p class='ocr_par' dir='ltr' id='par_1_103' title="bbox 1023 2190 1812 2229">
     <span class='ocr_line' id='line_1_103' title="bbox 1023 2190 1812 2229; baseline 0.004 -11"><span class='ocrx_word' id='word_1_721' title='bbox 1023 2190 1190 2218; x_wconf 85' lang='lat' dir='ltr'><strong>abundantia</strong></span> <span class='ocrx_word' id='word_1_722' title='bbox 1219 2196 1361 2226; x_wconf 84' lang='lat' dir='ltr'><strong>parentem</strong></span> <span class='ocrx_word' id='word_1_723' title='bbox 1388 2191 1500 2220; x_wconf 62' lang='lat' dir='ltr'><strong>malitia</strong></span> <span class='ocrx_word' id='word_1_724' title='bbox 1527 2192 1616 2220; x_wconf 86' lang='lat' dir='ltr'><strong>voluit</strong></span> <span class='ocrx_word' id='word_1_725' title='bbox 1650 2193 1812 2229; x_wconf 79' lang='lat' dir='ltr'><strong>subjugare.</strong></span> 
     </span>
    </p>
   </div>
   <div class='ocr_carea' id='block_1_104' title="bbox 984 2237 1813 2282">
    <p class='ocr_par' dir='ltr' id='par_1_104' title="bbox 984 2237 1813 2282">
     <span class='ocr_line' id='line_1_104' title="bbox 984 2237 1813 2282; baseline 0.004 -18"><span class='ocrx_word' id='word_1_726' title='bbox 984 2250 1012 2282; x_wconf 72' lang='grc' dir='ltr'><strong>Ι)</strong></span> <span class='ocrx_word' id='word_1_727' title='bbox 1023 2244 1119 2265; x_wconf 89' lang='lat' dir='ltr'><strong>verum</strong></span> <span class='ocrx_word' id='word_1_728' title='bbox 1132 2237 1214 2264; x_wconf 87' lang='lat' dir='ltr'><strong>etiam</strong></span> <span class='ocrx_word' id='word_1_729' title='bbox 1230 2237 1375 2272; x_wconf 86' lang='lat' dir='ltr'><strong>sapientia,</strong></span> <span class='ocrx_word' id='word_1_730' title='bbox 1386 2244 1482 2265; x_wconf 90' lang='lat' dir='ltr'><strong>verum</strong></span> <span class='ocrx_word' id='word_1_731' title='bbox 1494 2238 1576 2265; x_wconf 89' lang='lat' dir='ltr'><strong>etiam</strong></span> <span class='ocrx_word' id='word_1_732' title='bbox 1586 2239 1708 2274; x_wconf 89' lang='lat' dir='ltr'><strong>justitia.</strong></span> <span class='ocrx_word' id='word_1_733' title='bbox 1723 2244 1753 2267; x_wconf 92' lang='lat' dir='ltr'><strong>ut</strong></span> <span class='ocrx_word' id='word_1_734' title='bbox 1767 2240 1813 2275; x_wconf 86' lang='lat' dir='ltr'><strong>qui</strong></span> 
     </span>
    </p>
   </div>
   <div class='ocr_carea' id='block_1_105' title="bbox 1025 2283 1812 2319">
    <p class='ocr_par' dir='ltr' id='par_1_105' title="bbox 1025 2283 1812 2319">
     <span class='ocr_line' id='line_1_105' title="bbox 1025 2283 1812 2319; baseline 0.001 -9"><span class='ocrx_word' id='word_1_735' title='bbox 1025 2283 1107 2311; x_wconf 90' lang='lat' dir='ltr'><strong>simul</strong></span> <span class='ocrx_word' id='word_1_736' title='bbox 1122 2283 1224 2316; x_wconf 87' lang='lat' dir='ltr'><strong>omnia,</strong></span> <span class='ocrx_word' id='word_1_737' title='bbox 1239 2287 1386 2318; x_wconf 84' lang='lat' dir='ltr'><strong>etpotens.</strong></span> <span class='ocrx_word' id='word_1_738' title='bbox 1399 2288 1428 2311; x_wconf 88' lang='lat' dir='ltr'><strong>et</strong></span> <span class='ocrx_word' id='word_1_739' title='bbox 1442 2284 1543 2319; x_wconf 86' lang='lat' dir='ltr'><strong>justus,</strong></span> <span class='ocrx_word' id='word_1_740' title='bbox 1558 2289 1587 2312; x_wconf 85' lang='lat' dir='ltr'><strong>et</strong></span> <span class='ocrx_word' id='word_1_741' title='bbox 1598 2285 1709 2319; x_wconf 81' lang='lat' dir='ltr'><strong>sapiens</strong></span> <span class='ocrx_word' id='word_1_742' title='bbox 1720 2291 1794 2313; x_wconf 81' lang='lat' dir='ltr'><strong>esset</strong></span> <span class='ocrx_word' id='word_1_743' title='bbox 1803 2303 1812 2315; x_wconf 84' lang='lat'><strong>.</strong></span> 
     </span>
    </p>
   </div>
   <div class='ocr_carea' id='block_1_106' title="bbox 1026 2329 1814 2365">
    <p class='ocr_par' dir='ltr' id='par_1_106' title="bbox 1026 2329 1814 2365">
     <span class='ocr_line' id='line_1_106' title="bbox 1026 2329 1814 2365; baseline 0.004 -10"><span class='ocrx_word' id='word_1_744' title='bbox 1026 2329 1150 2363; x_wconf 86' lang='lat' dir='ltr'><strong>quinimo</strong></span> <span class='ocrx_word' id='word_1_745' title='bbox 1167 2329 1226 2364; x_wconf 84' lang='lat' dir='ltr'><strong>ipsa</strong></span> <span class='ocrx_word' id='word_1_746' title='bbox 1241 2336 1308 2356; x_wconf 88' lang='lat' dir='ltr'><strong>vere</strong></span> <span class='ocrx_word' id='word_1_747' title='bbox 1336 2329 1473 2364; x_wconf 85' lang='lat' dir='ltr'><strong>sapientia</strong></span> <span class='ocrx_word' id='word_1_748' title='bbox 1486 2334 1514 2356; x_wconf 85' lang='lat' dir='ltr'><strong>et</strong></span> <span class='ocrx_word' id='word_1_749' title='bbox 1533 2330 1641 2365; x_wconf 85' lang='lat' dir='ltr'><strong>justitia</strong></span> <span class='ocrx_word' id='word_1_750' title='bbox 1670 2335 1698 2358; x_wconf 90' lang='lat' dir='ltr'><strong>et</strong></span> <span class='ocrx_word' id='word_1_751' title='bbox 1717 2335 1814 2365; x_wconf 85' lang='lat' dir='ltr'><strong>poten—</strong></span> 
     </span>
    </p>
   </div>
   <div class='ocr_carea' id='block_1_107' title="bbox 1027 2375 1815 2410">
    <p class='ocr_par' dir='ltr' id='par_1_107' title="bbox 1027 2375 1815 2410">
     <span class='ocr_line' id='line_1_107' title="bbox 1027 2375 1815 2410; baseline 0.003 -8"><span class='ocrx_word' id='word_1_752' title='bbox 1027 2375 1083 2403; x_wconf 87' lang='lat' dir='ltr'><strong>tia:</strong></span> <span class='ocrx_word' id='word_1_753' title='bbox 1097 2380 1180 2410; x_wconf 81' lang='lat' dir='ltr'><strong>atque</strong></span> <span class='ocrx_word' id='word_1_754' title='bbox 1198 2379 1229 2402; x_wconf 92' lang='lat' dir='ltr'><strong>ut</strong></span> <span class='ocrx_word' id='word_1_755' title='bbox 1246 2375 1299 2402; x_wconf 90' lang='lat' dir='ltr'><strong>sibi</strong></span> <span class='ocrx_word' id='word_1_756' title='bbox 1313 2375 1425 2409; x_wconf 89' lang='lat' dir='ltr'><strong>quidem</strong></span> <span class='ocrx_word' id='word_1_757' title='bbox 1448 2376 1582 2403; x_wconf 90' lang='lat' dir='ltr'><strong>illustrem</strong></span> <span class='ocrx_word' id='word_1_758' title='bbox 1597 2377 1751 2408; x_wconf 85' lang='lat' dir='ltr'><strong>victoriam,</strong></span> <span class='ocrx_word' id='word_1_759' title='bbox 1767 2377 1815 2404; x_wconf 86' lang='lat' dir='ltr'><strong>ad-</strong></span> 
     </span>
    </p>
   </div>
   <div class='ocr_carea' id='block_1_108' title="bbox 1026 2421 1815 2458">
    <p class='ocr_par' dir='ltr' id='par_1_108' title="bbox 1026 2421 1815 2458">
     <span class='ocr_line' id='line_1_108' title="bbox 1026 2421 1815 2458; baseline 0.004 -10"><span class='ocrx_word' id='word_1_760' title='bbox 1026 2421 1151 2449; x_wconf 87' lang='lat' dir='ltr'><strong>versario</strong></span> <span class='ocrx_word' id='word_1_761' title='bbox 1180 2426 1271 2449; x_wconf 82' lang='lat' dir='ltr'><strong>autem</strong></span> <span class='ocrx_word' id='word_1_762' title='bbox 1302 2422 1437 2449; x_wconf 86' lang='lat' dir='ltr'><strong>illustrem</strong></span> <span class='ocrx_word' id='word_1_763' title='bbox 1465 2422 1672 2458; x_wconf 77' lang='lat' dir='ltr'><strong>ﬁrmioremque</strong></span> <span class='ocrx_word' id='word_1_764' title='bbox 1708 2424 1815 2451; x_wconf 85' lang='lat' dir='ltr'><strong>ruinam</strong></span> 
     </span>
    </p>
   </div>
   <div class='ocr_carea' id='block_1_109' title="bbox 1029 2467 1815 2504">
    <p class='ocr_par' dir='ltr' id='par_1_109' title="bbox 1029 2467 1815 2504">
     <span class='ocr_line' id='line_1_109' title="bbox 1029 2467 1815 2504; baseline 0.004 -10"><span class='ocrx_word' id='word_1_765' title='bbox 1029 2467 1160 2500; x_wconf 86' lang='lat' dir='ltr'><strong>eiliceret,</strong></span> <span class='ocrx_word' id='word_1_766' title='bbox 1175 2467 1273 2495; x_wconf 88' lang='lat' dir='ltr'><strong>eadem</strong></span> <span class='ocrx_word' id='word_1_767' title='bbox 1288 2473 1428 2503; x_wconf 83' lang='lat' dir='ltr'><strong>assumpta</strong></span> <span class='ocrx_word' id='word_1_768' title='bbox 1440 2468 1528 2496; x_wconf 82' lang='lat' dir='ltr'><strong>forma</strong></span> <span class='ocrx_word' id='word_1_769' title='bbox 1547 2476 1609 2496; x_wconf 91' lang='lat' dir='ltr'><strong>cum</strong></span> <span class='ocrx_word' id='word_1_770' title='bbox 1625 2469 1680 2496; x_wconf 87' lang='lat' dir='ltr'><strong>illis</strong></span> <span class='ocrx_word' id='word_1_771' title='bbox 1696 2471 1745 2504; x_wconf 75' lang='lat' dir='ltr'><strong>qui</strong></span> <span class='ocrx_word' id='word_1_772' title='bbox 1760 2470 1815 2497; x_wconf 66' lang='grc' dir='ltr'><strong>ὴοεί</strong></span> 
     </span>
    </p>
   </div>
   <div class='ocr_carea' id='block_1_110' title="bbox 1030 2512 1816 2550">
    <p class='ocr_par' dir='ltr' id='par_1_110' title="bbox 1030 2512 1816 2550">
     <span class='ocr_line' id='line_1_110' title="bbox 1030 2512 1816 2550; baseline 0.003 -10"><span class='ocrx_word' id='word_1_773' title='bbox 1030 2513 1131 2549; x_wconf 86' lang='lat' dir='ltr'><strong>injuria</strong></span> <span class='ocrx_word' id='word_1_774' title='bbox 1144 2512 1254 2541; x_wconf 76' lang='lat' dir='ltr'><strong>fuerant</strong></span> <span class='ocrx_word' id='word_1_775' title='bbox 1264 2533 1271 2546; x_wconf 90' lang='lat'><strong>,</strong></span> <span class='ocrx_word' id='word_1_776' title='bbox 1286 2513 1368 2548; x_wconf 89' lang='lat' dir='ltr'><strong>inque</strong></span> <span class='ocrx_word' id='word_1_777' title='bbox 1380 2513 1516 2549; x_wconf 84' lang='lat' dir='ltr'><strong>sapientia</strong></span> <span class='ocrx_word' id='word_1_778' title='bbox 1529 2514 1669 2550; x_wconf 84' lang='lat' dir='ltr'><strong>etjustitla</strong></span> <span class='ocrx_word' id='word_1_779' title='bbox 1685 2523 1747 2542; x_wconf 91' lang='lat' dir='ltr'><strong>cum</strong></span> <span class='ocrx_word' id='word_1_780' title='bbox 1767 2515 1816 2543; x_wconf 84' lang='lat' dir='ltr'><strong>ho-</strong></span> 
     </span>
    </p>
   </div>
   <div class='ocr_carea' id='block_1_111' title="bbox 1031 2558 1816 2595">
    <p class='ocr_par' dir='ltr' id='par_1_111' title="bbox 1031 2558 1816 2595">
     <span class='ocr_line' id='line_1_111' title="bbox 1031 2558 1816 2595; baseline 0.005 -11"><span class='ocrx_word' id='word_1_781' title='bbox 1031 2558 1154 2585; x_wconf 90' lang='lat' dir='ltr'><strong>minibus</strong></span> <span class='ocrx_word' id='word_1_782' title='bbox 1182 2563 1372 2592; x_wconf 90' lang='lat' dir='ltr'><strong>conversatus,</strong></span> <span class='ocrx_word' id='word_1_783' title='bbox 1393 2559 1495 2587; x_wconf 81' lang='lat' dir='ltr'><strong>frustra</strong></span> <span class='ocrx_word' id='word_1_784' title='bbox 1521 2560 1681 2595; x_wconf 81' lang='lat' dir='ltr'><strong>nequissimi</strong></span> <span class='ocrx_word' id='word_1_785' title='bbox 1712 2561 1816 2588; x_wconf 82' lang='lat' dir='ltr'><strong>malitia</strong></span> 
     </span>
    </p>
   </div>
   <div class='ocr_carea' id='block_1_112' title="bbox 1030 2604 1816 2641">
    <p class='ocr_par' dir='ltr' id='par_1_112' title="bbox 1030 2604 1816 2641">
     <span class='ocr_line' id='line_1_112' title="bbox 1030 2604 1816 2641; baseline 0.004 -10"><span class='ocrx_word' id='word_1_786' title='bbox 1030 2604 1250 2638; x_wconf 88' lang='lat' dir='ltr'><strong>persecutionem</strong></span> <span class='ocrx_word' id='word_1_787' title='bbox 1260 2605 1389 2637; x_wconf 84' lang='lat' dir='ltr'><strong>sustinet,</strong></span> <span class='ocrx_word' id='word_1_788' title='bbox 1399 2605 1561 2640; x_wconf 86' lang='lat' dir='ltr'><strong>insidiisque</strong></span> <span class='ocrx_word' id='word_1_789' title='bbox 1568 2606 1603 2633; x_wconf 86' lang='lat' dir='ltr'><strong>ad</strong></span> <span class='ocrx_word' id='word_1_790' title='bbox 1611 2611 1725 2634; x_wconf 85' lang='lat' dir='ltr'><strong>mortem</strong></span> <span class='ocrx_word' id='word_1_791' title='bbox 1734 2613 1816 2641; x_wconf 82' lang='lat' dir='ltr'><strong>appe-</strong></span> 
     </span>
    </p>
   </div>
   <div class='ocr_carea' id='block_1_113' title="bbox 1028 2649 1815 2688">
    <p class='ocr_par' dir='ltr' id='par_1_113' title="bbox 1028 2649 1815 2688">
     <span class='ocr_line' id='line_1_113' title="bbox 1028 2649 1815 2688; baseline 0.001 -11"><span class='ocrx_word' id='word_1_792' title='bbox 1028 2650 1107 2677; x_wconf 83' lang='lat' dir='ltr'><strong>titur.</strong></span> <span class='ocrx_word' id='word_1_793' title='bbox 1123 2649 1308 2683; x_wconf 82' lang='lat' dir='ltr'><strong>Quamobrem</strong></span> <span class='ocrx_word' id='word_1_794' title='bbox 1322 2651 1406 2679; x_wconf 88' lang='lat' dir='ltr'><strong>etiam</strong></span> <span class='ocrx_word' id='word_1_795' title='bbox 1419 2652 1521 2687; x_wconf 81' lang='lat' dir='ltr'><strong>quibus</strong></span> <span class='ocrx_word' id='word_1_796' title='bbox 1533 2652 1579 2680; x_wconf 91' lang='lat' dir='ltr'><strong>ille</strong></span> <span class='ocrx_word' id='word_1_797' title='bbox 1595 2653 1689 2688; x_wconf 83' lang='lat' dir='ltr'><strong>inique</strong></span> <span class='ocrx_word' id='word_1_798' title='bbox 1704 2652 1815 2687; x_wconf 79' lang='lat' dir='ltr'><strong>ingrue-</strong></span> 
     </span>
    </p>
   </div>
   <div class='ocr_carea' id='block_1_114' title="bbox 1029 2694 1815 2734">
    <p class='ocr_par' dir='ltr' id='par_1_114' title="bbox 1029 2694 1815 2734">
     <span class='ocr_line' id='line_1_114' title="bbox 1029 2694 1815 2734; baseline 0.003 -12"><span class='ocrx_word' id='word_1_799' title='bbox 1029 2694 1085 2727; x_wconf 86' lang='lat' dir='ltr'><strong>bat,</strong></span> <span class='ocrx_word' id='word_1_800' title='bbox 1106 2697 1206 2723; x_wconf 89' lang='lat' dir='ltr'><strong>merito</strong></span> <span class='ocrx_word' id='word_1_801' title='bbox 1239 2697 1406 2731; x_wconf 83' lang='lat' dir='ltr'><strong>transﬁxus,</strong></span> <span class='ocrx_word' id='word_1_802' title='bbox 1430 2702 1458 2725; x_wconf 87' lang='lat' dir='ltr'><strong>ct</strong></span> <span class='ocrx_word' id='word_1_803' title='bbox 1481 2698 1509 2726; x_wconf 92' lang='lat' dir='ltr'><strong>in</strong></span> <span class='ocrx_word' id='word_1_804' title='bbox 1538 2699 1668 2734; x_wconf 87' lang='lat' dir='ltr'><strong>operibus</strong></span> <span class='ocrx_word' id='word_1_805' title='bbox 1685 2705 1815 2724; x_wconf 90' lang='lat' dir='ltr'><strong>manuum</strong></span> 
     </span>
    </p>
   </div>
   <div class='ocr_carea' id='block_1_115' title="bbox 1031 2743 1815 2778">
    <p class='ocr_par' dir='ltr' id='par_1_115' title="bbox 1031 2743 1815 2778">
     <span class='ocr_line' id='line_1_115' title="bbox 1031 2743 1815 2778; baseline 0.004 -10"><span class='ocrx_word' id='word_1_806' title='bbox 1031 2748 1143 2768; x_wconf 87' lang='lat' dir='ltr'><strong>suarum</strong></span> <span class='ocrx_word' id='word_1_807' title='bbox 1165 2743 1416 2777; x_wconf 86' lang='lat' dir='ltr'><strong>comprenhensus,</strong></span> <span class='ocrx_word' id='word_1_808' title='bbox 1439 2744 1569 2772; x_wconf 78' lang='lat' dir='ltr'><strong>devictus</strong></span> <span class='ocrx_word' id='word_1_809' title='bbox 1589 2749 1641 2775; x_wconf 87' lang='lat' dir='ltr'><strong>est.</strong></span> <span class='ocrx_word' id='word_1_810' title='bbox 1656 2743 1815 2778; x_wconf 89' lang='lat' dir='ltr'><strong>judicioque</strong></span> 
     </span>
    </p>
   </div>
   <div class='ocr_carea' id='block_1_116' title="bbox 1032 2787 1817 2826">
    <p class='ocr_par' dir='ltr' id='par_1_116' title="bbox 1032 2787 1817 2826">
     <span class='ocr_line' id='line_1_116' title="bbox 1032 2787 1817 2826; baseline 0.004 -13"><span class='ocrx_word' id='word_1_811' title='bbox 1032 2787 1187 2821; x_wconf 88' lang='lat' dir='ltr'><strong>damnatus,</strong></span> <span class='ocrx_word' id='word_1_812' title='bbox 1206 2788 1247 2815; x_wconf 88' lang='lat' dir='ltr'><strong>sic</strong></span> <span class='ocrx_word' id='word_1_813' title='bbox 1266 2796 1348 2816; x_wconf 86' lang='lat' dir='ltr'><strong>manu</strong></span> <span class='ocrx_word' id='word_1_814' title='bbox 1368 2789 1417 2817; x_wconf 84' lang='lat' dir='ltr'><strong>Dei</strong></span> <span class='ocrx_word' id='word_1_815' title='bbox 1437 2790 1580 2826; x_wconf 80' lang='lat' dir='ltr'><strong>tyrannica</strong></span> <span class='ocrx_word' id='word_1_816' title='bbox 1598 2788 1752 2824; x_wconf 87' lang='lat' dir='ltr'><strong>principatu</strong></span> <span class='ocrx_word' id='word_1_817' title='bbox 1768 2789 1817 2817; x_wconf 83' lang='lat' dir='ltr'><strong>dc-</strong></span> 
     </span>
    </p>
   </div>
   <div class='ocr_carea' id='block_1_117' title="bbox 1027 2885 1464 2921">
    <p class='ocr_par' dir='ltr' id='par_1_117' title="bbox 1027 2885 1464 2921">
     <span class='ocr_line' id='line_1_117' title="bbox 1027 2885 1464 2921; baseline 0.007 -9"><span class='ocrx_word' id='word_1_818' title='bbox 1027 2885 1093 2912; x_wconf 75' lang='lat' dir='ltr'><strong>l.uc.</strong></span> <span class='ocrx_word' id='word_1_819' title='bbox 1105 2886 1184 2919; x_wconf 49' lang='grc' dir='ltr'><strong>ωλι</strong></span> <span class='ocrx_word' id='word_1_820' title='bbox 1221 2888 1253 2904; x_wconf 82' lang='grc'><strong>³³·</strong></span> <span class='ocrx_word' id='word_1_821' title='bbox 1268 2887 1338 2914; x_wconf 80' lang='lat' dir='ltr'><strong>Psai.</strong></span> <span class='ocrx_word' id='word_1_822' title='bbox 1358 2895 1419 2921; x_wconf 82' lang='lat' dir='ltr'><strong>xxv,</strong></span> <span class='ocrx_word' id='word_1_823' title='bbox 1438 2888 1464 2916; x_wconf 89' lang='lat'><strong>8.</strong></span> 
     </span>
    </p>
   </div>
  </div>
