2072 3160
265 162 316 196 111

866 165 1015 197 ΝΙΟΕΤᾹΞ
1036 164 1299 195 PAPIILAGONIS

1844 163 1894 197 112

260 219 352 254 iectus
373 224 415 247 est
426 219 458 247 ὀ.
476 219 522 248 Sic
534 227 644 256 quoque
661 221 835 256 prtedilectus
849 221 932 249 Verbi
951 221 1053 248 theolo-

1110 219 1252 254 Θεολόγος,
1269 221 1297 246 ὲν
1315 218 1439 256 σωτηρίᾳ
1455 219 1509 246 τῶν
1524 218 1728 255 ὑποδεξομένων
1743 219 1824 247 αὐτὸν
1846 222 1894 255 τὴν

262 272 324 300 gus,
342 266 377 293 ad
393 273 491 294 eorum
506 267 554 302 qui
568 275 631 295 eum
645 268 801 303 suscepturi
811 272 914 300 essent,
927 267 1055 300 salutem,

262 311 289 338 in
311 311 403 339 Asiam
423 312 573 348 ingressus,
590 318 672 348 atque
688 313 715 340 in
730 321 812 341 unam
838 314 958 349 primum
983 313 1010 340 in
1024 320 1055 341 ea

261 358 451 393 metropoleon
472 359 619 387 maximam
645 360 752 388 scilicet
770 359 909 395 Ephesum
922 361 1054 392 veniens,

260 412 315 431 non
349 405 442 432 statim
467 405 586 433 adventu
614 413 664 433 suo
689 411 717 434 et
741 407 887 442 praesentia
912 407 1052 434 civitatem

260 449 397 476 turbavit:
414 457 468 477 non
493 451 595 478 civium
612 452 757 480 confestim
780 452 887 480 animos
911 451 1055 487 magniﬁca

259 495 399 530 Evangelii
423 495 617 530 prardicatione
639 498 773 533 perculit;
795 498 842 525 sed
874 497 901 525 in
918 498 1053 533 sapientia

259 549 323 568 eum
345 542 468 569 externis
489 543 643 576 ambulans,
662 551 694 571 ae
708 548 828 578 tempus.
844 543 917 578 quod
948 544 1053 570 malum

259 591 353 619 esset,
384 587 534 620 redimens,
565 588 721 624 benigniori
753 588 847 617 indole
873 588 1054 624 modestoque

258 636 338 667 gestu
354 638 437 668 atque
452 633 565 667 habitu,
582 639 609 662 et
627 635 682 662 leni
697 635 828 670 alloquio,
844 635 954 663 cunctis
970 634 1004 662 ad
1023 642 1052 662 se

258 685 400 705 accessum
415 678 523 706 facilem
536 679 729 714 placidumque
740 680 896 715 praebebat;
912 680 975 707 vitae
987 687 1053 707 vero

258 723 416 759 disciplina,
435 725 567 760 variaque
588 733 621 753 ac
643 726 752 754 exculta
766 726 878 759 virtute,
896 726 1053 754 inaccessus

258 770 363 805 pariter
379 779 412 799 ac
429 771 565 799 mirabilis
581 777 653 800 erat.

291 814 331 842 Ac
358 814 417 850 ipse
446 815 557 850 quidem
597 817 775 845 continentia:
805 817 912 853 rigore,
935 818 1051 846 infracta

257 860 401 895 patientia,
415 860 474 897 jugi
498 869 612 897 precum
631 863 761 890 instantia
778 870 841 890 cum
858 863 959 891 mentis
973 868 1049 891 tran-

1114 265 1205 292 Ἀσίαν
1223 265 1397 299 καταλαϐὼν,
1410 266 1450 295 εἰς
1463 266 1529 300 μίαν
1541 266 1571 293 δὲ
1590 267 1698 301 πρῶτον
1712 266 1767 292 τῶν
1779 266 1810 292 ὲν
1824 267 1894 303 αὐτῇ

1108 311 1315 346 μητροπόλεων,
1335 312 1384 346 τὴν
1399 312 1531 346 μεγίστην
1549 311 1829 346 Ἔφεσον-γενόμενος,
1844 311 1894 338 οὐκ

1105 358 1256 394 ὲθορύὸησε
1277 359 1311 393 τῇ
1330 358 1466 393 παρουσίᾳ
1483 358 1656 393 παραχρῆμα
1676 357 1725 393 τὴν
1750 356 1846 384 πόλινο
1861 357 1891 383 οὐ

1106 402 1156 432 τὰς
1187 402 1241 428 τῶν
1267 402 1383 429 πολιτῶν
1413 402 1531 434 διανοίας
1560 401 1642 434 εὐθὺς
1666 402 1705 438 τῷ
1728 402 1894 437 μεγαλοφυεί

1105 448 1153 474 τοῦ
1168 448 1335 482 Εὐαγγελίου
1351 448 1521 484 διετάραξεν·
1534 448 1591 476 ἀλλ’
1608 449 1636 476 ὲν
1649 448 1731 484 σοφίᾳ
1744 448 1813 483 πρὸς
1831 447 1893 479 τοὺς

1104 495 1158 528 ἔξω
1171 495 1342 530 περιπατῶν,
1355 495 1403 522 καὶ
1417 495 1454 527 ὡς
1469 494 1587 531 πονηρὸν
1602 494 1835 530 ὲξαγοραζόμενος
1847 494 1893 520 τὸν

1103 541 1210 578 καιρδν,
1235 541 1274 577 τῷ
1296 542 1345 577 μὲν
1364 541 1554 576 ἀγαθοπρεπεί
1572 540 1620 567 τοῦ
1649 540 1742 575 ἤθους,
1771 541 1820 566 καὶ
1849 539 1889 574 τῷ

1106 588 1209 624 μετρίῳ
1221 587 1268 615 τοῦ
1284 588 1435 624 σχήματος,
1463 588 1511 614 καὶ
1526 586 1565 622 τῷ
1589 587 1721 623 προσηνεῖ
1736 586 1787 621 τῆς
1801 585 1894 612 ἐντεύ-

1107 635 1189 668 ξεως,
1202 636 1285 661 πᾶσιν
1302 635 1398 662 ἑαυτὸν
1414 634 1576 670 εὐπρόσιτον
1592 633 1706 668 καθίστη
1721 633 1767 660 καὶ
1779 631 1893 667 εὐμενῆ,

1103 680 1142 716 τῷ
1158 681 1252 717 τρόπῳ
1274 681 1304 707 δὲ
1324 681 1370 707 τοῦ
1385 680 1456 716 βίου,
1468 680 1515 707 καὶ
1526 680 1566 715 τῷ
1591 679 1706 714 ποικίλῳ
1721 678 1769 705 καὶ
1796 677 1895 710 ἀπεξε-

1104 727 1196 763 σμὲνῳ
1213 727 1264 763 τῆς
1284 727 1395 762 ἀρετῆς,
1422 727 1571 763 ἀπρόσιτον
1585 726 1644 761 ἅμα
1659 725 1707 752 καὶ
1724 724 1894 760 θαυμαστόν.

1138 816 1195 844 Καὶ
1221 816 1302 849 αὐτὸς
1318 816 1368 852 μὲν
1388 817 1421 853 τῇ
1443 815 1627 852 ἐπιτεταμένῃ
1646 814 1807 850 ἐγκρατείᾳ,
1824 813 1893 840 ὑπο-

1103 863 1171 898 μονῇ
1189 863 1333 898 ἀνενδότῳ,
1358 864 1497 898 προσευχῇ
1525 862 1706 896 ἁνεκλείπτῳ,
1734 860 1804 896 μετὰ
1827 860 1894 894 ἠσυ-

258 905 395 940 quillitate
411 914 444 934 ac
459 907 572 935 lenitate
588 907 712 942 spiritus,
727 908 784 936 Deo
803 908 957 936 serviebat:
973 908 1052 936 mali-

1105 908 1165 944 χίας
1186 908 1247 940 νοδς
1271 908 1321 935 καὶ
1348 908 1505 945 πραΰτητος
1537 907 1694 943 πνεύματος
1710 907 1839 942 ἐλάτρευε
1855 905 1894 941 τῷ

259 953 304 980 tia:
325 958 418 980 autem
444 954 590 990 princeps,
617 955 665 990 qui
687 960 802 983 externa
823 955 934 991 quidem
960 955 1051 991 specie

259 998 410 1030 hominem,
423 1004 515 1026 mente
533 1004 624 1027 autem
636 1001 763 1036 angelum
779 1001 903 1034 videret;
918 1001 1052 1036 tantisper

259 1045 375 1073 inferius
390 1050 491 1074 terram
506 1048 723 1083 contingentem,
737 1048 865 1084 superius
879 1056 944 1076 vero
959 1054 1052 1077 mente

258 1092 344 1120 ecelos
361 1097 568 1127 penetrantem;
585 1094 689 1129 quique
712 1094 779 1122 deos
797 1103 894 1122 omnes
907 1102 938 1122 ac
952 1095 1053 1123 daemo-

258 1138 304 1165 nia
332 1143 486 1172 excuteret,
511 1140 670 1176 sensimque
692 1141 826 1169 hactenus
844 1141 877 1169 ad
899 1150 929 1169 se
949 1142 1054 1170 adeun-

259 1184 334 1211 tibus
364 1184 429 1212 Jesu
453 1185 605 1214 doctrinam
627 1192 810 1223 proponeret;
832 1188 932 1215 acerba
962 1188 1056 1216 confe-

259 1229 323 1256 stim
344 1229 518 1258 aemulatione
539 1238 672 1259 accensus
690 1237 743 1264 est,
767 1240 830 1260 cum
853 1233 917 1261 inde
932 1233 1053 1261 futuram

258 1275 312 1303 sibi
339 1275 446 1303 ruinam
474 1277 643 1312 praesagiret.
672 1277 813 1313 Tanquam
841 1284 934 1307 autem
960 1280 1053 1315 ignitis

256 1321 355 1357 jaculis
379 1322 484 1350 invidia
505 1330 657 1351 succensus
669 1344 676 1356 ,
696 1324 785 1352 varias
799 1325 902 1352 Christi
917 1325 1053 1361 discipulo

260 1367 425 1394 tentationcs
449 1368 566 1395 suscitat
589 1368 793 1404 :accenditque
822 1369 850 1397 in
870 1378 945 1403 eum,
964 1371 1054 1406 primo

258 1411 371 1446 quidem
396 1413 541 1440 mulierem
569 1414 720 1450 zelotypam
737 1423 770 1442 ae
793 1423 947 1450 procacem,
969 1424 1002 1444 ea
1025 1416 1054 1444 in

258 1459 371 1487 civitate
393 1459 473 1488 facile
500 1460 655 1497 principem
675 1462 809 1497 habitam,
825 1463 979 1499 exindeque
994 1469 1053 1492 tum

299 1570 323 1586 ²⁰
341 1571 413 1599 Psal.
429 1579 468 1604 ix,
482 1571 527 1598 l7.

1101 954 1171 990 Θεῷ·
1189 956 1204 982 ὁ
1227 949 1321 990 ἄρχων
1342 954 1371 981 δὲ
1396 954 1446 990 τῆς
1469 954 1579 988 κακίας,
1603 953 1674 989 ὀρῶν
1697 953 1839 989 ἄνθρωπον
1863 952 1895 978 τὸ

1102 1001 1278 1036 φαινόμενον,
1295 1000 1411 1035 ἄγγελον
1439 1001 1472 1027 τὸ
1502 1000 1659 1036 νοούμενονθ
1683 999 1759 1026 κάτω
1783 999 1834 1034 μὲν
1859 998 1894 1032 τῇ

1103 1048 1185 1084 σαρκὶ
1208 1047 1327 1084 μετρίως
1355 1047 1508 1084 ἁπτόμενον
1521 1047 1570 1083 τῆς
1590 1047 1652 1083 γῆς·
1675 1047 1732 1074 ἄνω
1748 1046 1788 1078 δὲ,
1802 1045 1842 1081 τῷ
1856 1045 1894 1080 νῷ

1103 1094 1277 1122 διαδαίνοντα
1302 1094 1367 1126 τοὺς
1380 1094 1530 1130 οὐρανούς⁹
1557 1094 1606 1121 καὶ
1625 1093 1703 1125 θεοὺς
1721 1092 1771 1129 μὲν
1790 1092 1894 1123 πάντας

1104 1141 1152 1168 καὶ
1185 1141 1317 1176 δαίμονας
1347 1140 1564 1175 ἁποσειόμενον,
1588 1140 1680 1176 ἡρέμα
1693 1140 1723 1167 δὲ
1751 1140 1821 1172 τέως
1846 1139 1894 1166 τοῦ

1109 1186 1196 1222 Ἰησοῦ
1223 1187 1273 1222 τὴν
1300 1186 1379 1218 δόξαν
1404 1187 1461 1218 τοῖς
1488 1186 1629 1220 ἐγγίζουσι
1657 1185 1893 1222 παρατιθέμενον·

1104 1233 1179 1269 ζήλῳ
1193 1233 1243 1268 μὲν
1261 1233 1380 1268 ἀνῆπται
1411 1233 1582 1268 παραχρῆμα
1597 1231 1699 1267 πικρῷ,
1721 1231 1771 1267 τὴν
1790 1231 1893 1258 οἰκείαν

1102 1279 1229 1306 ἐντεῦθεν
1243 1279 1392 1305 κατάλυσιν
1412 1277 1644 1313 ὑποϐλεπόμενος.
1670 1275 1722 1304 Οἴα
1743 1277 1772 1304 δὲ
1790 1276 1894 1312 πυρφό-

1105 1335 1161 1362 ροις
1179 1325 1265 1361 βολίσι
1279 1325 1319 1360 τῷ
1336 1324 1426 1360 φθόνῳ
1439 1324 1673 1360 πυρπολούμενος,
1691 1324 1828 1359 ἐπεγείρει
1845 1323 1894 1359 μὲν

1102 1372 1245 1403 ποικίλους
1260 1370 1301 1406 τῷ
1319 1370 1439 1406 Χριστοῦ
1454 1369 1564 1406 μαθητῇ
1584 1369 1765 1406 πειρασμούςο
1782 1369 1894 1402 ἐξάπτει

1102 1418 1132 1446 δὲ
1154 1417 1215 1444 κατ’
1235 1416 1328 1449 αὐτοῦ,
1355 1416 1465 1452 πρῶτον
1491 1419 1542 1452 μὲν
1570 1416 1748 1452 γυναικάριον
1779 1414 1894 1450 ζηλότυ-

1103 1473 1154 1491 πον
1171 1463 1226 1499 (15)
1242 1463 1288 1490 καὶ
1304 1461 1391 1498 θρασὺ
1402 1481 1412 1495 ,
1442 1461 1552 1498 πρῶτον
1572 1461 1682 1497 ἐκείνης
1706 1461 1756 1497 τῆς
1783 1460 1894 1492 πόλεως

295 1662 352 1696 (15)
368 1663 392 1689 Γ
393 1662 568 1696 υναικάριυν
576 1661 755 1696 ζηλότυπον.
764 1663 904 1689 Hactenus
917 1660 1053 1688 inoffenso

1105 1662 1276 1697 persecutio,
1295 1670 1357 1697 qua:
1371 1670 1453 1690 omne
1475 1662 1662 1691 Christianum
1690 1671 1785 1693 semen
1808 1671 1840 1692 ea
1865 1664 1894 1692 in

260 1698 331 1733 pede
354 1698 444 1725 oratio
463 1698 566 1724 Niceue
580 1703 804 1732 processerat,ea
820 1697 907 1724 solum
916 1704 1054 1733 exornans

260 1732 376 1760 Joannis
386 1733 528 1767 Theolngi,
546 1740 607 1767 qua:
623 1732 701 1759 libris
713 1733 799 1760 sacris
813 1733 952 1760 habentur
961 1732 995 1758 de
1005 1732 1053 1759 illo

261 1768 430 1802 conscripta.
460 1768 576 1802 ejusque
593 1768 620 1794 in
647 1767 741 1794 Asiam
767 1768 963 1802 apostolatum,
991 1775 1053 1802 qua:

262 1808 338 1830 tanta
351 1804 494 1838 provincia
510 1808 537 1829 et
552 1803 608 1830 fere
625 1803 701 1830 orbis
727 1804 876 1838 prtecipua,
906 1810 957 1837 pro
984 1802 1053 1829 tanti

261 1839 381 1874 apostoli
394 1838 547 1872 apostolico
564 1846 679 1865 munere
696 1838 785 1874 videri
801 1842 910 1874 poterat
922 1842 1053 1874 pragstan-

263 1873 300 1900 tia
330 1881 361 1900 ac
389 1873 524 1906 solertia;
546 1873 573 1900 in
599 1881 652 1908 qua
667 1874 722 1908 jam
740 1873 842 1901 Paulus
856 1873 945 1908 prima
962 1873 1053 1899 Evan-

262 1908 327 1943 gelii
339 1909 444 1935 semina
457 1909 572 1943 jeeerat,
587 1907 674 1943 atque
686 1908 787 1943 Ephesi
802 1907 978 1935 Timotheum
994 1907 1055 1942 cpi-

262 1951 377 1978 scopum
394 1944 583 1971 ordinaverat.
600 1944 684 1971 Tacet
708 1944 807 1971 merito
834 1944 954 1976 Nicetas,
968 1943 1054 1978 rquod

263 1977 347 2006 tantis
359 1979 515 2006 Prochorus
528 1980 622 2011 refert,
648 1987 699 2006 nec
724 1978 812 2006 Graeci
828 1978 938 2005 Mena-is
958 1977 1054 2005 deesse

262 2014 420 2045 voluerunt,
446 2014 499 2041 etsi
531 2014 644 2041 brevius
669 2015 906 2049 perstringentes,
934 2013 1056 2049 humano

263 2049 382 2084 quodam
401 2050 498 2077 timore
515 2058 658 2077 recusasse
672 2048 820 2077 'Joanncin
842 2056 876 2076 eo
905 2048 1055 2084 proﬁcisci,

264 2083 343 2120 cujus
372 2085 413 2111 rei
440 2093 523 2112 causa
551 2093 566 2112 ιι
591 2085 672 2112 Petro
690 2085 874 2119 reprehensus
889 2085 935 2120 sit,
951 2083 1056 2120 Deique

264 2117 344 2151 iram,
362 2125 392 2147 ut
419 2120 563 2155 naufragio
591 2117 763 2151 multaretur,
791 2119 952 2146 incurrerit.
978 2117 1056 2155 Quod

266 2155 433 2182 Bellarmino
457 2154 587 2182 non’abs
604 2163 633 2182 re
661 2155 805 2189 displicet,
826 2155 902 2182 velut
917 2161 973 2181 non
989 2154 1056 2181 satis

263 2198 416 2225 congruum
443 2194 519 2217 tanto
546 2190 687 2225 apostolo,
715 2190 954 2225 estqueprimum
982 2189 1056 2225 quod

263 2224 330 2252 nota
341 2225 454 2261 dignum
464 2225 569 2260 judicat
582 2225 610 2252 in
621 2225 770 2261 Prochoro.
801 2224 899 2252 Mulier
915 2232 983 2261 vero
995 2224 1054 2252 hate

263 2261 304 2287 sic
316 2259 414 2287 aemula
426 2264 454 2288 et
465 2259 576 2294 procax,
595 2268 676 2295 quam
697 2260 784 2289 malus
801 2261 909 2287 daemon
926 2259 953 2286 in
969 2259 1053 2286 Joan-

263 2303 326 2322 nem
339 2296 409 2322 adeo
422 2295 592 2327 accenderit,
610 2296 668 2330 ipsa
684 2296 764 2330 plane
789 2299 840 2326 est,
861 2302 942 2329 quam
960 2302 993 2322 ex
1006 2301 1054 2330 eo-

264 2330 327 2356 dem
345 2331 497 2361 Prochoro,
512 2329 646 2358 Joannem
672 2329 744 2358 male
768 2331 927 2362 habentem,
950 2337 1013 2356 cum
1030 2329 1054 2356 is

263 2365 303 2392 illi
315 2366 433 2392 serviret
449 2373 511 2393 cum
530 2366 680 2397 Prochoro,
699 2365 849 2393 Romanam
871 2365 993 2397 nomine,
1005 2372 1054 2392 ea-

262 2401 326 2436 dem
343 2398 444 2428 illenaea
457 2402 590 2433 referunt,
609 2409 642 2428 ex
666 2401 770 2436 quibus
789 2401 899 2428 Nicetas
913 2399 1052 2436 habuerit.

263 2435 330 2471 Mihi
344 2441 419 2463 certe
442 2437 515 2471 inter
540 2435 694 2471 apocrypha
721 2437 836 2471 perinde
854 2435 1054 2463 numerandum

263 2470 350 2502 subit,
380 2470 536 2506 nulliusquc
551 2470 661 2499 tidei’e’t
683 2470 862 2499 stramineum
885 2471 1052 2498 habendum.

263 2506 426 2540 Quanquam
449 2505 523 2534 enim
546 2512 699 2542 congerunt
731 2507 796 2534 libri
825 2505 973 2542 apocryphi
997 2513 1054 2542 non

263 2548 351 2581 pauca
366 2549 440 2582 vera,
458 2542 501 2582 vel
514 2541 662 2569 traditione
675 2543 809 2582 majorum
825 2546 949 2582 accepta,
966 2541 1009 2582 vel
1020 2548 1054 2581 ex

263 2576 431 2604 certioribus
441 2577 503 2604 aliis
514 2577 701 2604 monumentis
715 2576 841 2608 collecta,
855 2576 1011 2611 eujusmodi
1024 2576 1053 2603 in

263 2611 519 2648 ῌρωτοευαγγελίῳ
536 2612 631 2640 Jacobi
644 2613 806 2646 ἀδελφοθέου
818 2634 825 2645 ,
838 2612 873 2648 Vin
886 2611 963 2639 Actis
979 2611 1054 2638 The-

264 2646 323 2679 clze,
341 2647 460 2682 aliisque
478 2646 639 2680 occurrunt,
657 2656 690 2675 ex
713 2648 810 2675 iisdem
836 2647 905 2682 ipsis
926 2654 1055 2674 nonnun-

263 2689 345 2716 quam
367 2682 502 2716 l‘ontibus,
530 2683 659 2710 Patribus
684 2683 797 2710 laudata
821 2691 827 2708 :
865 2682 937 2709 istud
963 2686 1054 2709 tamen

262 2718 342 2752 cujus
355 2718 428 2749 ﬁdei,
439 2723 468 2746 ut
482 2723 574 2745 tantus
584 2719 736 2752 apostolus,
745 2719 812 2745 urbe
821 2718 876 2752 jam
890 2716 1056 2744 Christianis

264 2753 390 2780 moribus
404 2760 459 2780 non
474 2761 569 2788 parum
587 2753 726 2785 instituta,
740 2757 768 2780 et
798 2761 859 2787 quae
876 2753 990 2780 Paulum
1007 2752 1056 2788 do-

263 2791 368 2815 ctorem
384 2796 416 2815 ac
435 2787 611 2815 Timotheum
624 2788 784 2822 episcopum
801 2788 953 2819 habuisset,
968 2787 1055 2822 servi-5

268 2827 355 2850 tutem
367 2824 407 2851 sic
427 2824 509 2851 vilem
525 2824 630 2850 servire
643 2821 782 2853 debuerit.
796 2827 826 2849 u't
837 2823 934 2849 saltem
954 2821 1055 2848 modici

264 2858 343 2891 panis
357 2859 464 2893 copiam
483 2858 616 2886 haberet?
632 2858 778 2885 Sublatum
793 2857 904 2893 quidem
920 2856 1056 2893 passionis

266 2893 335 2921 talce
348 2892 524 2922 Timotheum
539 2894 657 2930 legimus
675 2903 681 2921 :
706 2899 734 2921 at
757 2892 833 2920 nulla
853 2896 929 2920 tanta
954 2892 1055 2927 Ephesi

1099 1805 1120 1830 τό
1134 1804 1243 1838 Ὴγαπη
1250 1805 1338 1837 μένος,
1349 1804 1363 1829 ὁ
1375 1803 1549 1839 Ἐπιστήθιος
1565 1825 1572 1837 ,

1108 1698 1178 1733 urbe
1188 1698 1382 1731 exstinxisset,
1402 1703 1549 1733 antequam
1574 1698 1695 1726 Joannes
1711 1700 1744 1727 ad
1762 1707 1822 1727 eam
1846 1707 1894 1727 ac-

1108 1732 1242 1760 cederet:
1265 1741 1314 1768 per
1331 1741 1413 1768 quem
1428 1732 1486 1761 fere
1504 1738 1562 1760 tota
1587 1733 1697 1762 Christo
1710 1734 1819 1762 addicta
1840 1739 1894 1762 est.

1106 1768 1223 1805 Maiores
1239 1776 1304 1795 vero
1317 1773 1404 1805 erant
1415 1768 1563 1805 coryphtei,
1576 1773 1605 1796 et
1616 1769 1644 1796 in
1661 1769 1712 1802 eis,
1728 1769 1894 1804 ὁθεολόγος,

1594 1812 1627 1832 ac
1644 1805 1667 1831 si
1680 1805 1746 1840 quid
1765 1812 1895 1840 magnum

1107 1846 1139 1865 ac
1153 1839 1291 1873 singulare
1309 1838 1336 1865 in
1355 1838 1489 1873 apostolis
1502 1844 1563 1871 est,
1582 1838 1701 1867 Joannes
1717 1838 1835 1872 noster‘,
1865 1847 1896 1868 ut

1107 1874 1148 1901 sic
1162 1874 1189 1910 in
1206 1874 1271 1900 Asia
1287 1878 1370 1910 atqu_e
1388 1874 1508 1910 Epheso,
1524 1874 1694 1910 provinciam
1718 1880 1815 1909 petens
1837 1875 1894 1910 jam

1108 1909 1280 1936 semicultam
1292 1916 1325 1936 ac
1342 1908 1479 1936 Ecclesiae
1497 1908 1656 1941 habentem,
1672 1908 1812 1937 desolatus
1833 1908 1893 1937 esse

1108 1944 1240 1979 potuerit.
1252 1943 1397 1971 Obstiterit
1413 1945 1513 1971 femina
1530 1944 1626 1979 prima:
1649 1945 1763 1972 Joannis
1792 1945 1894 1979 Ephesi

1108 1978 1307 2015 praedicationi
1328 1978 1370 2014 (ut
1385 1984 1428 2006 est
1456 1987 1538 2007 sexus
1558 1980 1603 2007 ille
1624 1988 1756 2015 organum
1782 1978 1894 2007 diabolo

1109 2014 1438 2050 accommodatissimum)
1462 2015 1566 2049 Deique
1594 2014 1667 2050 opus
1680 2015 1871 2042 interturbarit
1884 2035 1892 2047 ,

1105 2049 1159 2085 alio
1178 2054 1268 2076 tamen
1288 2049 1370 2076 tnodo
1386 2057 1415 2076 se
1431 2058 1476 2077 res
1487 2049 1625 2083 habuerit,
1641 2058 1722 2085 quam
1739 2049 1894 2078 Prochorus

1105 2084 1251 2120 descripsit
1266 2094 1271 2111 :
1287 2092 1319 2111 ac
1330 2084 1352 2112 si
1374 2084 1471 2111 habuit
1484 2085 1604 2118 Nicetas,
1622 2084 1677 2112 non
1687 2093 1783 2120 parum
1797 2086 1894 2112 nocuit

1105 2119 1228 2146 historia:
1242 2127 1336 2150 sacrae,
1352 2120 1400 2154 qui
1413 2128 1468 2146 non
1480 2120 1617 2154 exposuit,
1630 2120 1679 2147 sed
1687 2119 1893 2147 ’mulierisdun-

1106 2159 1181 2182 taxat
1197 2154 1238 2182 sic
1256 2154 1382 2189 apostolo
1396 2154 1534 2182 diabolica
1550 2155 1680 2183 suasione
1701 2155 1872 2183 adversantis
1884 2175 1892 2188 ,

1106 2190 1274 2217 meminerit.

1142 2225 1269 2251 Sanctam
1292 2224 1404 2261 Mariam
1424 2224 1526 2261 Joanni
1540 2225 1670 2261 comitem
1684 2226 1824 2261 Ephesum
1841 2225 1892 2252 ad-

1106 2260 1217 2287 haesisse
1231 2264 1326 2295 censet
1342 2259 1501 2295 Baronqan.
1514 2259 1558 2293 44,
1578 2269 1607 2287 n.
1619 2261 1664 2293 29,
1680 2259 1728 2288 seu
1746 2261 1838 2295 potius
1851 2268 1895 2287 ra-

1105 2300 1163 2332 tum
1180 2294 1263 2332 habet
1279 2294 1304 2321 id
1327 2295 1422 2332 Patres
1442 2294 1694 2332 Ephesinosrepist.
1713 2294 1893 2332 syiiodicarad

1104 2330 1210 2357 clerum
1234 2330 1574 2365 (ionstantinopolitanum
1598 2330 1740 2358 insinuare
1753 2339 1785 2358 ac
1810 2331 1892 2364 velle,

1104 2372 1167 2391 cum
1180 2365 1216 2392 ita
1233 2365 1318 2392 refert
1332 2374 1338 2392 :
1361 2365 1451 2397 Quare
1465 2369 1490 2392 et
1509 2365 1647 2393 Nestoriua
1663 2367 1752 2401 impia
1765 2367 1893 2401 Ιιφνεεεοε

1105 2401 1281 2436 ξζιειαιινιιιον,
1305 2401 1331 2426 in
1349 2401 1524 2436 Ephesiorum
1536 2402 1641 2428 civitate
1654 2423 1662 2434 ,
1680 2400 1762 2436 quam
1776 2400 1893 2428 Joanne;

1105 2435 1248 2472 Tlteotoyus
1262 2441 1287 2462 et
1303 2443 1381 2472 sacro
1396 2435 1514 2471 Deipara
1535 2436 1610 2471 Virgo
1626 2435 1713 2464 Maria
1735 2436 1893 2472 qitargoque

1105 2470 1284 2502 incoluerunt,
1301 2470 1467 2502 constitutus,
1481 2477 1534 2498 etc.
1558 2470 1623 2504 Qua:
1634 2472 1726 2499 versio
1742 2470 1785 2499 est
1800 2471 1891 2498 Theo-

1105 2505 1166 2532 dori
1182 2506 1251 2533 Pelt.
1263 2506 1291 2533 S.
1309 2505 1345 2538 J.,
1359 2506 1411 2533 etsi
1424 2506 1498 2534 illius
1508 2507 1620 2534 nomine
1635 2514 1690 2534 non
1705 2507 1782 2539 citat,
1802 2506 1830 2533 in
1840 2513 1895 2540 qua

1105 2548 1161 2568 non
1169 2541 1236 2568 satis
1247 2545 1341 2576 partes
1353 2541 1410 2576 agit
1422 2541 1468 2568 ﬁdi
1483 2541 1650 2576 interpretis.
1660 2542 1725 2569 dum
1739 2549 1816 2569 suam
1826 2548 1894 2568 con-

1103 2576 1239 2611 jecturam
1254 2577 1330 2603 omni
1357 2580 1433 2604 retro
1455 2576 1599 2603 traditioni
1626 2577 1771 2605 adversam
1796 2576 1894 2603 inserit

1106 2611 1205 2638 textui.
1225 2611 1307 2639 Plane
1327 2611 1402 2638 enim
1416 2616 1574 2639 assererem
1591 2612 1696 2644 Patres,
1717 2611 1741 2639 si
1753 2612 1811 2639 haec
1827 2611 1891 2638 illo-

1107 2654 1168 2673 rum
1182 2647 1265 2673 verba
1278 2651 1382 2674 essent.
1405 2646 1519 2674 Patrum
1539 2647 1624 2674 verba
1648 2651 1723 2674 sunt.
1744 2647 1827 2673 Ὅθεν
1846 2646 1895 2672 καὶ

1106 2681 1266 2717 Νεστόριος,
1282 2682 1297 2707 ὁ
1310 2684 1360 2716 τῆς
1372 2681 1521 2713 δυσσεϐοῦς
1536 2682 1669 2716 αἱρέσεως
1685 2682 1894 2716 ἁνακαινιστὴς,

1107 2716 1214 2750 φθάσας
1240 2719 1269 2742 εν
1283 2717 1316 2752 τῇ
1335 2717 1480 2750 Ἐφεσίων,
1496 2717 1601 2752 ἔνθανὸ
1622 2717 1754 2752 Θεολόγος
1763 2716 1894 2750 Ἰωάννης

1107 2753 1155 2778 καὶ
1168 2752 1185 2785 ὴ
1195 2752 1327 2782 Θεοτόκος
1337 2753 1353 2786 ἡ
1367 2752 1433 2784 ἁγία
1447 2751 1553 2787 Μαρία.
1568 2751 1600 2778 In
1614 2752 1786 2787 Ephesiorum
1800 2752 1895 2778 civita-

1108 2791 1159 2813 tem
1188 2787 1303 2819 veniens,
1325 2788 1353 2813 iu
1367 2795 1419 2821 qua
1441 2786 1558 2814 Joannes
1572 2786 1716 2822 Tlieo'logus
1733 2792 1757 2814 et
1778 2787 1897 2822 Πείρου-α

1110 2822 1198 2857 Virgo.
1215 2822 1267 2849 Ubi
1283 2821 1398 2857 margini
1415 2822 1584 2856 ascriptum,
1615 2821 1694 2857 quasi
1716 2821 1871 2857 supplendo
1887 2829 1895 2847 :

1107 2857 1196 2892 Aliqui
1229 2856 1442 2891 subintelligunt,
1454 2867 1478 2892 ί(
1495 2856 1642 2892 aliquando
1655 2856 1839 2885 habitauenmt
1853 2865 1862 2887 ,'
1883 2865 1893 2880 ι

1108 2891 1174 2919 alii:
1188 2901 1198 2918 ί
1216 2892 1283 2919 cedes
1297 2893 1402 2919 habent.
1418 2901 1427 2918 ι
1446 2891 1500 2925 Qui
1516 2891 1558 2921 vel
1574 2901 1670 2928 parum
1684 2894 1711 2921 in
1723 2893 1898 2921 Graecisvero
