2072 3160
262 194 313 228 115

861 194 1007 225 NICETxE
1027 193 1288 224 PAPH‘LAGONIS

1829 189 1880 224 116

294 254 445 290 Cognoscite
466 251 549 280 Deum
566 252 674 280 Patrem
692 253 907 287 omnipotentem,
928 252 1045 280 inuisibi-

1131 250 1231 278 Γνῶτε
1258 249 1333 277 Θεὸν
1358 233 1474 284 ίιατέρα
1490 247 1729 284 'aarzoupdr'apa,
1761 248 1880 276 πάντων

259 298 324 326 lium
347 299 465 326 omnium
488 307 520 325 ac
540 298 681 327 visibilium
703 306 794 325 rerum
814 302 969 326 creatorem.
995 297 1047 325 Co-

258 344 373 378 gnoscite
396 343 479 370 Deum
505 343 615 370 Verbum
637 347 700 370 ante
727 343 825 371 sucula
845 351 926 378 supra
944 351 1046 370 omnem

259 390 389 417 rationem
404 397 437 418 ea:
453 388 501 416 illa
512 393 615 422 natum,
627 397 674 424 per
685 396 763 423 quem
773 389 862 416 omnia
875 389 936 423 fecit
951 389 983 415 ".
997 387 1046 416 Co-

258 436 373 471 gnoscit:
384 435 514 470 Spiritum
528 439 651 462 sanctum
670 442 703 462 ea:
718 434 800 463 Patre
813 434 871 462 sine
886 438 1002 470 tempore
1015 442 1046 462 ac

258 480 367 509 indivise
389 479 579 515 procedentem,
597 478 765 514 omniumque
786 486 845 506 cum
869 477 936 506 Filio
959 478 1047 506 condi-

259 529 353 557 torem,
366 532 397 551 ac
411 524 456 558 qui
469 532 516 559 per
525 524 665 551 essentiam
673 528 767 550 cuncta
780 523 891 558 repleat.
903 523 1046 558 Intelligite

258 569 320 596 Tria
343 569 425 596 Deum
437 577 530 602 unum,
540 577 673 604 unamque
688 572 813 598 naturam
827 572 852 596 et
867 569 1011 604 potentiam
1021 572 1045 594 et

257 622 386 650 regnum;
400 622 534 650 unumque
550 614 692 642 Dominum
703 614 732 641 in
745 614 828 641 tribus
848 615 908 650 pari
919 614 1047 649 dignitate

257 661 374 694 personis
389 660 510 690 adorato.
525 660 679 696 Intelligite,
695 661 825 696 missoque
835 668 910 696 quem
924 669 940 687 a
950 667 1047 695 paren-

257 706 324 737 tibus
345 707 491 741 accepistis,
513 714 613 737 errore.
636 706 671 734 ad
694 714 785 734 verum
810 705 892 733 lucem
921 705 1045 733 accedite.

257 750 386 782 Accedite
402 755 430 779 et
443 751 648 785 illuminamini,
661 756 688 781 et
701 751 786 779 facies
803 755 900 778 vestrae
911 758 966 778 non
982 758 1047 778 con-

257 796 407 827 fundentur
417 797 449 824 ".
469 796 557 824 Videte
572 798 634 832 quia
648 796 769 824 Verbum
786 803 850 824 caro
872 796 974 824 factum
993 801 1044 828 est,

256 847 284 869 et
298 841 433 873 habitavit
453 841 481 869 in
502 842 623 870 nobis”.
647 842 801 877 Unigenitus
825 841 918 874 Filius,
944 842 990 877 qui
1008 845 1046 869 est

1093 296 1227 331 ἀοράτων
1240 295 1409 331 κτισμάτων
1427 296 1477 323 καὶ
1491 295 1606 330 ὁρατῶν
1617 295 1757 329 ποιητήν.
1780 295 1880 322 Γνῶτο

1095 343 1169 370 Θεὸν
1179 343 1276 376 Λόγον
1290 341 1348 375 πρὸ
1361 341 1421 369 τῶν
1430 341 1546 369 αἰώνων
1565 341 1641 376 ὑπὲρ
1657 342 1751 375 λόγον
1773 341 1872 376 γε’-νώ⁴

1091 396 1185 422 μενον
1198 388 1233 419 ἐξ
1245 387 1348 419 αὐτοῦ,
1359 385 1441 415 διὀὖ
1458 388 1602 421 πεποίηκε
1615 387 1651 413 τὰ
1671 386 1779 413 πάντα.
1799 385 1880 412 Γνῶο

1094 442 1126 460 τε
1141 434 1260 467 Πνεῦμα
1273 433 1307 461 τὸ
1320 432 1416 467 ἅγιον,
1432 433 1486 460 τοῦ
1496 433 1611 467 Πατρός
1633 432 1769 467 ἁχρόνως
1791 431 1880 458 ἀνεκ-

1094 479 1238 514 φοιτήτως
1251 487 1283 506 re
1294 479 1410 514 προϊὸν,
1426 479 1476 509 καὶ
1497 479 1537 512 τῷ
1553 479 1606 512 Υίῷ
1618 477 1881 513 συνδημιουργοῦν

1094 526 1131 552 τὰ
1139 525 1246 557 πάντα,
1263 525 1314 552 καὶ
1331 525 1430 552 πάντα
1445 526 1508 552 κατ’
1519 526 1630 552 οὐσίαν
1640 524 1787 558 πληροῦν.
1802 523 1879 550 Σύν‹

1093 579 1142 598 era
1157 571 1230 598 Θεὸν
1240 571 1294 598 ἕνα
1305 572 1341 598 τὰ
1359 572 1433 606 τρία,
1450 571 1499 598 καί
1516 572 1611 606 φύσιν
1621 571 1696 605 μίαν
1710 570 1760 598 καὶ
1779 570 1872 598 δύνα-

1091 625 1146 651 μιν
1162 618 1211 644 καὶ
1221 617 1403 650 ,βασιλείαν-
1419 618 1467 644 atat
1486 619 1539 645 τὸν
1557 617 1612 644 ἕνα
1627 617 1746 651 Κύριον,
1758 617 1793 643 ἐν
1810 617 1880 650 ὁμο-

1094 662 1189 696 τίμοις
1217 662 1387 697 προσώποις
1406 662 1603 696 προσκυνεῖτε
1628 662 1737 695 τρισίν.
1760 661 1880 692 Σύνετε.

1094 707 1145 735 καί
1171 707 1229 741 τὴν
1256 708 1521 742 πατροπαράδοτον
1555 707 1712 741 πλάνησιν
1739 707 1879 741 ἀφέντες,

1095 753 1276 787 προσέλθετε
1303 753 1344 786 τῷ
1375 753 1508 787 ἀληθινῷ
1524 754 1608 788 φωτί.
1635 752 1800 788 Προσέλθετε
1833 753 1881 778 καὶ

1095 798 1260 834 φωτίσθητε,
1276 799 1324 827 καὶ
1335 799 1370 827 τὰ
1389 800 1522 835 πρόσωπα
1533 799 1609 835 ὑμῶν
1621 799 1651 825 οὐ
1663 798 1700 834 μὴ
1717 806 1881 833 καταισχυνο

1095 843 1140 879 θῇ.
1156 843 1259 877 Ἴδετε,
1277 843 1345 870 ὅτιὸ
1360 843 1446 878 Λόγος
1467 843 1535 879 σὰρξ
1548 843 1666 877 ἐγένετο,
1688 843 1735 870 καὶ
1761 843 1882 878 ἐσκήνω-

255 896 358 923 semper
369 888 397 915 in
411 889 472 917 sinu
491 887 588 920 Patris,
604 896 663 915 vere
677 889 752 915 homo
766 888 901 915 hominum
912 895 993 914 causa
1014 894 1045 915 et;

1098 897 1144 916 σεν
1158 889 1188 915 ὲν
1204 890 1270 925 ἡμῖν
1285 897 1293 905 ’
1310 891 1327 917 ὁ
1343 889 1513 924 μονογενὴς
1540 889 1616 922 Υἱὸς,
1639 890 1655 916 ὁ
1673 888 1708 915 ἐν
1723 888 1786 921 τοῖς
1808 889 1880 914 πόλι

255 939 347 966 sancta
372 935 536 969 innuptaque
556 934 643 962 Maria
666 933 770 969 Virgine
792 933 920 966 nascitur,
942 940 974 960 ac
998 940 1045 967 per

1097 942 1165 968 ποις
1177 935 1219 962 ὢν
1232 935 1276 963 ἀεὶ
1288 935 1342 962 τοῦ
1354 935 1478 969 Πατρός.
1492 935 1646 968 ἅνθρωπος
1669 933 1788 968 ἀληθῶς
1804 932 1881 967 ὑπὲρ

256 981 357 1013 omnia,
373 989 427 1008 uno
448 985 552 1016 peccato
575 984 691 1016 excepto,
711 979 806 1007 similis
830 980 903 1007 nobis
921 980 1046 1014 eﬂicitur;

255 1034 428 1062 concessoque
445 1034 492 1061 per
514 1027 674 1061 baptismum
692 1025 845 1052 remissione
868 1029 1045 1060 peccatorum,

256 1081 288 1101 ac
300 1081 346 1109 per
366 1081 469 1101 crucem
482 1081 514 1101 ac
533 1073 750 1100 resurrectionem
774 1081 790 1099 a
810 1076 893 1099 morte
912 1080 943 1099 ac
956 1079 1047 1098 τοι-ηι-

256 1121 344 1155 ptione
357 1119 484 1152 liberans,
498 1118 575 1147 Patri
585 1118 774 1146 reconciliavit.
788 1117 836 1145 Hic
847 1121 872 1144 et
882 1117 958 1144 modo
968 1117 1047 1152 (quod

256 1166 329 1193 illius
343 1173 408 1201 opus
420 1164 568 1204 proprium)
590 1165 677 1200 posuit
688 1164 716 1191 in
732 1162 806 1191 nobis
825 1162 1046 1190 reconciliationis

254 1220 414 1246 sermonem,
430 1213 498 1242 Itane
510 1211 579 1243 vobis
588 1211 704 1239 salutem
720 1211 910 1239 annuntiatum
921 1218 967 1238 nos
984 1210 1046 1237 mit-

256 1263 324 1288 tene.

291 1394 411 1425 Reoedite
424 1394 506 1430 igitur
520 1393 553 1421 ab
563 1393 635 1421 omni
648 1393 797 1421 dtemonum
811 1394 938 1423 vanitate.
955 1394 1046 1422 Omnis

255 1439 387 1468 idolorum
401 1438 496 1472 cultus,
512 1439 597 1466 omnis
621 1439 679 1467 vitii
698 1447 729 1466 ac
750 1439 925 1475 improbitatis
940 1440 1047 1467 noxiam

255 1484 469 1514 consuetudinem
484 1483 576 1519 procul
590 1492 607 1511 a
620 1484 689 1511 vobis
701 1483 816 1518 abjicite.
830 1483 904 1511 Fidei
917 1484 1047 1520 lege,qute

256 1531 331 1562 estin
357 1529 462 1561 Christo
476 1529 538 1559 Iesu
547 1538 557 1563 ;
578 1529 633 1565 lege
647 1529 762 1565 Spiritus
778 1529 928 1556 sanctitatis
945 1530 1012 1565 ejus,
1023 1530 1047 1557 si

1095 980 1261 1016 ἀνθρώπων
1274 981 1310 1014 ἐξ
1334 981 1422 1016 ἁγίας
1442 981 1596 1015 Παρθένου
1616 980 1666 1007 καὶ
1681 979 1880 1014 ἀπειρογάμου

1095 1027 1207 1062 γίνεται
1219 1028 1342 1062 Μαρίας,
1353 1027 1402 1055 καὶ
1418 1026 1492 1054 κατὰ
1503 1026 1611 1060 πάντα,
1626 1026 1713 1060 χωρὶς
1724 1026 1878 1060 ἁμαρτίας,

1094 1072 1168 1108 ἡμῖν
1177 1072 1362 1107 ἐξομοιοῦται
1377 1081 1385 1088 ·
1402 1072 1452 1100 καὶ
1469 1072 1579 1107 ἄφεσιν
1591 1071 1742 1107 ἁμαρτιῶν
1754 1071 1803 1099 διὰ
1818 1071 1877 1103 ,βα-

1095 1119 1261 1153 πτίσματος
1269 1117 1480 1153 χαρισάμενος,
1488 1117 1537 1145 διὰ
1544 1117 1679 1151 σταυροῦ
1691 1124 1724 1145 το
1739 1116 1789 1144 καί
1801 1117 1875 1144 ἀνα-

1094 1165 1246 1198 στάσεως.
1267 1164 1396 1192 θανάτου
1417 1164 1467 1191 καὶ
1501 1162 1613 1197 φθορᾶς
1639 1161 1878 1196 λυτρωσάμυος,

1095 1208 1269 1243 κατήλλαξε
1286 1209 1326 1242 τῷ
1341 1210 1443 1243 Πατρί.
1462 1207 1557 1242 οὗτος
1573 1208 1622 1235 καὶ
1634 1207 1692 1235 νῦν
1704 1207 1739 1234 ὲν
1750 1207 1832 1242 ἡμῖν,
1847 1206 1879 1234 τὸ

1095 1254 1174 1282 ιδιον
1188 1255 1287 1289 ἔργον,
1297 1254 1350 1282 τὸν
1361 1254 1416 1288 τῆς
1436 1253 1632 1288 καταλλαγῆς
1641 1254 1734 1288 λόγον
1745 1252 1878 1286 θέμενος,

1096 1299 1286 1332 ἀπέστειλεν,
1299 1299 1356 1333 τὴν
1372 1300 1524 1334 σωτηρίαν
1547 1299 1662 1332 ταύτην
1691 1299 1880 1332 εὐαγγελιου-

1092 1345 1205 1380 μένους
1218 1345 1299 1380 ὑμῖν.

1137 1387 1298 1425 Ἀπόστητε
1322 1391 1426 1418 τοίνυν
1441 1389 1542 1423 πάσης
1566 1388 1714 1423 δαιμόνων
1722 1387 1881 1423 ματαιότη-

1095 1446 1157 1471 τος,
1173 1437 1273 1470 πάσης
1284 1436 1537 1470 είδωλολατρείιις,
1564 1435 1666 1468 πάσης
1695 1434 1803 1466 κακίας
1830 1433 1880 1461 καί

1096 1483 1222 1517 ἀνομίας
1250 1482 1307 1516 τὴν
1330 1482 1468 1516 ὀλέθριον
1482 1481 1668 1516 ἀπορρίψατε
1690 1479 1855 1513 συνήθειαν
1870 1488 1878 1495 ·

1096 1529 1136 1562 τῷ
1149 1530 1229 1564 νόμῳ
1243 1529 1277 1555 δὲ
1293 1527 1347 1563 τῆς
1357 1528 1495 1561 πίστεως,
1512 1527 1567 1562 τῆς
1577 1527 1612 1555 ἐν
1625 1526 1741 1561 Χριστῷ
1757 1526 1861 1560 Ἰησοῦ
1871 1534 1879 1540 ·

255 1576 384 1608 vimeritis,
402 1575 434 1603 ab
448 1575 542 1610 iraque
557 1575 589 1602 de
606 1575 670 1603 uelo
691 1576 854 1607 superueniet
865 1575 958 1610 ‘.impiis
983 1575 1045 1602 libe-

1097 1575 1137 1608 τῷ
1157 1576 1238 1609 νόμῳ
1261 1575 1315 1602 τοῦ
1336 1575 1508 1609 Πνεύματος
1529 1573 1584 1608 τῆς
1609 1573 1765 1608 ἁγιότητος
1786 1572 1879 1599 αὑτοῦ

255 1621 390 1652 rabimini,
407 1620 616 1656 immortalisque
630 1621 722 1657 gloria:
737 1630 768 1648 ac
782 1621 964 1654 vita_azternte
973 1629 1043 1648 com-

256 1671 328 1702 potes
341 1667 496 1702 eﬁiciemini.
512 1666 551 1694 Ne
561 1675 623 1694 vero
639 1667 762 1694 inanibus
776 1667 860 1695 verbis
877 1675 894 1694 a
913 1666 985 1694 nobis
1000 1667 1045 1694 de-

257 1717 345 1747 ceptos
359 1720 402 1739 vos
417 1713 579 1744 eaislimetis,
595 1712 716 1740 adducite
731 1713 795 1740 mihi
807 1713 852 1748 qui
863 1713 892 1741 in
904 1712 974 1740 vobis
988 1711 1045 1740 labe

256 1758 348 1794 altqua
361 1759 472 1794 vitioque
491 1759 615 1787 laborant
641 1767 672 1786 ac
692 1759 827 1787 curatione
848 1762 933 1795 egent,
952 1763 982 1786 ut
1003 1766 1045 1785 me

257 1813 310 1832 non
324 1806 351 1832 in
366 1814 485 1833 sermone
499 1811 601 1833 tantum
616 1806 651 1833 ad
660 1814 704 1833 vos
712 1807 824 1838 venisse,
838 1806 883 1833 sed
897 1805 972 1841 longe
987 1813 1046 1832 am-

257 1851 326 1886 plius
344 1852 371 1879 in
385 1852 480 1879 virtute
501 1853 716 1888 appropinquare
737 1853 772 1880 ad
793 1860 838 1879 vos
857 1860 967 1888 regnum
983 1851 1043 1885 Dei,

257 1898 375 1927 videatis.

293 2029 390 2059 Statim
405 2036 471 2064 ergo
487 2028 542 2057 illic
553 2028 606 2057 loci
627 2027 719 2057 videre
743 2032 813 2061 erat,
830 2027 889 2056 solo
913 2027 1044 2062 Theologi

257 2077 341 2104 verbo
367 2075 502 2106 daemonia
529 2074 563 2103 ab
589 2074 710 2102 obsessis
736 2074 900 2109 corporibus
927 2073 1043 2109 fugere;

257 2122 326 2157 erigi
346 2121 469 2154 claudos,
487 2120 567 2148 cacis
585 2120 689 2152 lumen,
716 2119 807 2147 surdis
819 2119 945 2146 auditum
964 2119 1046 2147 resti-

257 2167 311 2198 tui,
326 2167 419 2197 doceri
439 2165 536 2193 balbos
552 2164 654 2192 diserte
669 2163 755 2200 loqui.
770 2164 870 2192 Videre
881 2169 940 2192 erat
956 2165 1045 2199 preci-

258 2215 310 2243 bus
333 2219 456 2244 mortuos
475 2213 648 2244 exsuscitari,
669 2213 796 2240 mundari
819 2213 964 2247 leprosos;
985 2220 1045 2239 om-

1095 1621 1330 1655 πολιτευόμενοι,
1349 1619 1542 1654 ρυσθήσεοθε
1561 1619 1620 1654 μὲν
1636 1618 1695 1646 ἀπὸ
1721 1618 1777 1652 τῆς
1796 1617 1881 1651 ἐπερ-

1095 1664 1225 1700 χομένης
1253 1664 1287 1697 ἐξ
1330 1664 1459 1699 οὐρανοῦ
1493 1664 1557 1697 τοῖς
1593 1664 1736 1692 ἀσεϐέσιν
1770 1662 1879 1697 ὀργῆς·

1093 1710 1244 1746 ἀφθάρτου
1260 1710 1294 1738 δὲ
1309 1710 1401 1745 δόξης
1414 1710 1464 1738 καὶ
1480 1710 1600 1738 αἰωνίου
1622 1709 1879 1742 καταξιωθήσεσθε

1095 1756 1178 1791 ζωῆς.
1194 1758 1258 1784 Ἵνα
1279 1756 1313 1784 δὲ
1328 1756 1372 1792 μὴ
1402 1757 1500 1789 κενοῖς
1515 1757 1650 1792 ῥήμασιν
1672 1755 1880 1790 ἐξηπατῆσθαι

1093 1802 1228 1837 νομίζητε
1252 1804 1321 1837 παρ’
1350 1802 1444 1837 ἡμῶν,
1477 1802 1643 1837 προσάγετέ
1670 1811 1720 1837 μοι
1748 1800 1818 1834 τοὺς
1846 1801 1882 1827 ὲν

1093 1847 1165 1882 ὑμῖν
1178 1848 1407 1884 λελωϐημένους
1421 1848 1470 1875 καὶ
1485 1848 1643 1883 θεραπείας
1657 1846 1880 1881 ἐπιδεομένους,

1094 1894 1133 1921 ἵν’
1145 1893 1236 1928 ίδῆτε,
1252 1894 1294 1928 ὡς
1306 1895 1361 1922 οὐκ
1375 1895 1410 1921 ἐν
1420 1894 1500 1929 λόγῳ
1515 1894 1590 1929 πρὸς
1598 1893 1676 1928 ὑμᾶς
1682 1893 1788 1928 μόνον,
1799 1891 1881 1920 ἀλλὰ

1095 1941 1145 1968 καὶ
1160 1941 1195 1968 έν
1208 1940 1333 1976 δυνάμει
1349 1941 1429 1969 πολὺ
1441 1940 1561 1976 μᾶλλον
1579 1940 1599 1976 ὴ
1618 1939 1764 1973 ,ϐασιλεία
1777 1938 1882 1975 ἐγγίζει

1094 1987 1149 2015 τοῦ
1162 1987 1247 2015 Θεοῦ.
1699 1982 1703 1988 ’

1128 2034 1233 2061 Αὐτίκα
1258 2034 1347 2061 τοίνυν
1374 2031 1408 2069 ἦν
1427 2034 1494 2069 ὁρᾷν
1520 2033 1589 2067 ἐκεῖ,
1604 2032 1730 2067 δαιμόνια
1750 2030 1822 2066 λόγῳ
1833 2030 1880 2057 τοῦ

1093 2080 1227 2114 Θεολόγου
1242 2079 1316 2115 μόνῳ
1327 2079 1382 2106 τῶν
1395 2078 1585 2115 δαιμονῶντων
1605 2077 1814 2113 δραπετεύοντα,
1827 2085 1880 2112 χω-

1094 2127 1156 2158 λοὺς
1170 2126 1399 2162 ἀνορθουμένους,
1413 2125 1530 2160 τυφλοὺς
1545 2124 1757 2159 φωτιζομὲνους,
1772 2123 1880 2157 κωφοὺς

1095 2171 1253 2203 ἀκούοντας,
1269 2172 1316 2198 καὶ
1331 2170 1491 2205 μογιλάλους
1506 2169 1612 2204 τρανῶς
1633 2169 1724 2196 λαλεῖν
1755 2168 1881 2195 παιδευο-

1097 2217 1204 2251 μένους.
1220 2214 1275 2242 'Hv
1295 2216 1362 2251 ὀρᾷν
1384 2215 1429 2241 διὰ
1454 2214 1609 2250 προσευχῆς
1631 2213 1825 2248 ἀνισταμένους
1839 2220 1883 2238 νε-

258 2267 376 2295 nemque
395 2259 522 2287 morbum
540 2266 573 2286 ac
597 2266 706 2286 omnem
723 2259 847 2294 corporis
869 2259 969 2290 labem,
985 2259 1044 2287 solo

1097 2264 1190 2300 κροὺς,
1205 2262 1419 2297 καθαιρομένους
1432 2260 1559 2296 λεπροὺς,
1577 2259 1624 2287 καὶ
1635 2261 1724 2287 πᾶσαν
1735 2259 1810 2286 νόσον
1835 2258 1883 2285 καὶ

259 2313 358 2333 manus
373 2308 474 2332 sancue
489 2307 617 2332 contactu
635 2303 725 2331 sanari
741 2312 748 2329 :
765 2311 797 2330 ac
808 2303 920 2338 quidem
935 2310 1044 2331 omnem

258 2351 459 2387 praestigiarum
488 2350 676 2386 magicamque
704 2355 802 2382 artem,
829 2357 936 2377 necnon
961 2349 1044 2377 etiam

258 2399 413 2426 daemonum
426 2405 507 2425 omne
518 2397 682 2425 maleﬁcium
698 2397 893 2431 astutiamque.
906 2404 955 2431 per
962 2396 1045 2424 Chri-

259 2443 293 2471 sti
308 2443 335 2471 in
350 2451 383 2471 eo
399 2443 548 2478 potentiam
562 2442 666 2470 destrui
686 2451 692 2469 :
709 2449 819 2469 omnem
835 2441 954 2476 denique
979 2442 1043 2468 illu-

259 2490 409 2518 minantem
430 2494 512 2524 atque
525 2493 689 2524 purgantem
713 2487 906 2522 initiationem,
920 2495 1045 2515 omnem-

258 2543 313 2571 que
339 2535 453 2569 gratiam
471 2542 503 2562 ac
522 2534 665 2563 scientiam
687 2538 897 2562 consecrantem
916 2541 948 2560 ac
964 2533 1044 2560 deiﬁ-

259 2584 367 2608 cantem
391 2579 421 2607 in
443 2579 564 2607 ﬁdelium
586 2580 686 2607 animis
708 2579 843 2615 praestari.
857 2579 956 2606 Totum
972 2579 1045 2606 enim

258 2626 400 2658 Christum
413 2634 461 2662 per
476 2626 622 2654 Dominum
648 2625 782 2661 Spiritum
805 2624 1047 2660 praestantissimus

260 2672 381 2706 Spiritus
394 2671 568 2706 dispensator
589 2670 714 2703 indutus,
726 2678 787 2706 quae
809 2671 882 2698 hosti
905 2670 1048 2705 undequa-

261 2724 315 2751 que
327 2716 466 2744 inaccessa
484 2720 577 2744 essent
588 2724 620 2744 ac
631 2716 765 2751 impervia
779 2716 892 2751 gerebat
904 2723 912 2749 ;
925 2721 1048 2743 rectum-

261 2769 316 2796 que
331 2769 441 2790 omnem
459 2762 583 2790 animum
602 2769 635 2789 ac
650 2762 717 2789 boni
739 2761 828 2789 forma
846 2761 982 2789 imbutum
999 2769 1049 2797 per

262 2808 394 2843 Spiritum
412 2810 573 2840 obsecrans,
595 2808 629 2836 ad
642 2816 703 2836 eam
718 2809 798 2843 cujus
816 2808 915 2836 doctor
927 2813 988 2836 erat
1003 2813 1046 2836 at—

262 2861 316 2890 que
329 2860 458 2887 assertor,
467 2855 625 2884 doctrinam
638 2853 830 2889 componebat.

297 2915 318 2931 ³¹
334 2915 417 2942 llebr.
438 2916 499 2947 ι,›⁵.ὶ.
539 2916 561 2932 ³³
573 2917 644 2943 Psal.
664 2922 756 2948 xxxm,
769 2916 795 2942 6.
835 2914 857 2930 ³⁸
873 2914 951 2943 Joan.
968 2922 986 2946 ι,
1004 2915 1046 2942 H.

1093 2311 1182 2336 πᾶσαν
1203 2308 1328 2342 σώματος
1346 2306 1447 2342 λώϐην,
1471 2307 1528 2342 ἁφῇ
1546 2306 1614 2342 μόνῃ
1628 2306 1717 2341 χειρὸς
1731 2304 1807 2336 ὁσίας
1836 2305 1882 2330 ἰω-

1095 2355 1189 2391 μένην.
1204 2355 1259 2381 Καὶ
1273 2355 1365 2380 πᾶσαν
1380 2353 1430 2389 μὲν
1448 2354 1581 2388 γοητικὴν
1602 2353 1699 2387 τέχνην
1723 2352 1771 2378 καὶ
1803 2359 1884 2386 μαγι-

1092 2401 1153 2436 κὴν,
1163 2402 1252 2428 πᾶσαν
1266 2401 1295 2427 δὲ
1312 2401 1491 2436 κακοτεχνίαν
1503 2400 1552 2428 καὶ
1561 2399 1706 2435 δαιμονίων
1723 2406 1884 2433 διακομηχα⁴

1092 2448 1161 2479 νίαν,
1170 2447 1215 2473 διὰ
1225 2447 1272 2482 τῆς
1281 2447 1309 2473 ὲν
1316 2446 1389 2481 αὐτῷ
1397 2446 1443 2472 τοῦ
1454 2446 1572 2482 Χριστοῦ
1584 2445 1723 2480 δυνάμεως
1733 2451 1883 2479 καταργου-

1094 2492 1177 2527 μένην
1190 2500 1196 2506 ·
1204 2493 1293 2527 πᾶσαν
1305 2492 1333 2518 δὲ
1344 2491 1538 2526 μυσταγωγίαν
1551 2490 1716 2525 φωτιοτικὴν
1726 2489 1774 2516 καὶ.
1783 2489 1884 2523 καθαρ-

1093 2537 1185 2572 τικήν⁹
1199 2538 1288 2564 πᾶσαν
1299 2536 1327 2563 δὲ
1339 2537 1419 2572 χάριν
1429 2537 1475 2563 καὶ
1487 2536 1588 2571 γνῶσιν
1601 2533 1820 2569 τελετουργικὴν,
1834 2532 1883 2559 καὶ

1095 2583 1267 2618 θεουργικὴν,
1276 2583 1337 2613 ταῖς
1348 2581 1471 2616 καρδίαις
1490 2580 1690 2616 ἐνεργουμένην
1700 2578 1754 2606 τῶν
1766 2577 1881 2605 πιστῶν.

1097 2629 1177 2655 Ὅλον
1187 2628 1241 2663 γὰρ
1256 2627 1303 2655 τὸν
1314 2626 1430 2663 Χριστὸν
1445 2627 1488 2654 διὰ
1504 2627 1549 2654 τοῦ
1574 2626 1679 2661 Κυρίου
1695 2625 1853 2660 Πνεύματος
1870 2624 1884 2650 ὁ

1096 2672 1143 2700 τοῦ
1161 2672 1319 2710 Πνεύμμτος
1327 2673 1471 2707 κράτιστος
1486 2671 1718 2707 περισεσλημένος
1732 2670 1882 2705 οίκονόμος,

1095 2719 1230 2754 ἀπρόσιτα
1240 2719 1288 2754 μὲν
1299 2718 1466 2753 πανταχόθεν
1480 2718 1528 2744 καὶ
1543 2717 1693 2744 ἀνεπίϐατα
1714 2716 1884 2744 κατεσκεύα-

1096 2765 1126 2797 ζε
1149 2764 1189 2800 τῷ
1216 2763 1306 2800 ἐχθρῷ
1321 2772 1328 2781 ·
1358 2764 1448 2791 πᾶσαν
1478 2763 1507 2790 δὲ
1520 2763 1609 2799 ψυχὴν
1624 2763 1731 2790 εὐθεῖαν
1745 2763 1793 2790 καὶ
1812 2762 1884 2795 ἁγα-

1097 2810 1187 2846 θοειδῆ
1212 2811 1256 2837 διὰ
1267 2810 1314 2838 τοῦ
1341 2810 1499 2845 Πνιύματος
1522 2809 1701 2845 παρακαλῶν,
1731 2809 1771 2840 εις
1791 2806 1885 2843 τὴνδι¹

1098 2856 1178 2884 αὐτὸν
1190 2857 1410 2892 πρεσϐευομένην
1423 2856 1551 2891 ἀλήθειαν
1566 2853 1777 2892 προσῳκειοῦτο.
