2072 3160
186 184 233 219 121

577 187 720 218 ORATIO
737 187 787 218 VI.
800 201 836 207 —
850 187 892 220 IN
908 188 1064 220 LAUDEM
1083 189 1114 220 S.
1134 189 1293 221 JOANNIS
1311 188 1447 221 EVANG.

1765 186 1819 222 122

183 241 287 277 Κύριον
301 241 407 269 εῐσοδον
414 241 579 277 ἐγγίζουσαν
591 250 600 260 ο
609 242 724 270 συνιδὼν
736 241 765 269 δὲ
783 243 831 270 καὶ
849 243 895 270 τὸν
908 243 975 278 χρό-

1026 243 1114 276 deret,
1131 252 1164 272 ac
1179 244 1206 272 in
1219 244 1347 279 proxlmo
1357 251 1418 272 esse
1435 247 1466 272 ut
1478 242 1512 271 ad
1529 242 1675 271 Dominum
1690 244 1817 279 ingrede-

187 296 229 314 νον
243 287 280 319 ὡς
293 287 447 314 δεινότατον
457 287 522 315 ὄντα
545 287 632 323 λήθης
657 288 747 324 βυθοῖς
774 289 914 325 ἀμαυροῦν
942 289 977 316 τὰ

185 333 266 366 καλὰ,
281 334 398 360 κινεῖται
408 334 458 369 μὲν
474 334 652 369 ἁγαθοειδῶς,
674 335 705 362 τὺ
727 335 778 370 τῆς
807 334 976 369 αὐτοαγαθό-

185 388 266 415 τητος
281 379 424 416 ἔσοπτρον,
433 380 503 417 ὑπὲρ
513 381 563 416 τῆς
583 381 659 416 ἱερᾶς
672 381 718 408 τοῦ
729 381 897 416 Εὑαγγελίου
908 390 978 416 γρα-

185 426 239 461 φῆς
255 434 263 441 ⁸
276 427 392 453 κινεῖται
404 427 433 454 δὲ
451 426 520 462 πρὸς
545 426 635 462 ἔρωτα
654 426 793 461 θεολογίας
808 425 976 462 ὑπερφυοῦς,

189 473 242 499 ὑπό
256 481 288 500 τε
301 472 350 499 τοῦ
365 473 531 504 ἐνοικοῦντος
543 472 611 500 Θεοῦ
625 473 724 508 Λόγου,
742 473 790 500 καὶ
811 472 866 500 τῶν
886 481 980 499 πιστο-

185 519 274 545 τάτων
288 519 339 553 τῆς
353 518 517 554 Ἐκκλησίας
531 519 743 554 λιπαρούμενος.

1030 293 1126 322 retur;
1140 289 1352 325 intelligensque
1367 289 1424 317 vim
1438 289 1584 317 maximam
1601 289 1734 324 temporis
1745 297 1817 322 esse.

1024 336 1058 364 ad
1079 343 1111 364 ea
1132 344 1193 371 qua:
1215 337 1288 364 bona
1304 343 1337 364 ac
1358 335 1474 364 honesta
1496 340 1571 369 sunt,
1595 336 1743 365 oblivionis
1763 338 1819 365 alto

1024 382 1132 418 gurgite
1147 382 1294 418 mergenda
1316 390 1348 410 ac
1371 382 1518 416 abolenda,
1532 382 1675 415 incitatur.
1689 391 1743 418 qua
1764 384 1818 411 im-

1025 428 1110 455 butus
1129 432 1199 459 erat.
1223 428 1290 456 boni
1306 428 1411 460 indole,
1429 428 1477 463 qui
1502 427 1590 463 ipsius
1603 436 1669 456 vere
1684 428 1818 456 bonitatis

1026 473 1169 508 speculum
1184 479 1268 505 esset,
1288 474 1321 501 ad
1337 473 1572 502 conscribendum
1588 478 1713 502 sanctnm
1728 474 1819 501 Evan-
1832 488 1834 491 -

1026 519 1138 554 gelium,
1162 519 1366 555 inardescitque
1389 519 1417 547 in
1441 519 1549 547 eximiae
1573 520 1717 555 theologia:
1741 527 1819 547 amo-

186 572 255 595 rem.
273 569 331 592 tum
344 564 392 593 Dei
406 565 489 593 Verbi
507 564 689 593 inhabitantis
717 564 862 598 instinctu,
886 569 945 592 tum
960 571 1055 592 eorum
1073 565 1120 601 qui
1137 565 1289 594 ﬁdelissimi
1322 565 1351 593 in
1382 565 1506 594 Ecclesia
1520 569 1609 599 erant,
1632 567 1761 602 precibus
1777 571 1820 594 at-

185 612 240 647 (iue
253 615 360 647 rogatu.
887 645 893 648 γ

228 656 363 691 Ἐντυχὼν
388 655 418 683 δὲ
436 656 494 688 τοῖς
507 655 561 691 πρὸ
583 655 666 682 αὐτοῦ
682 654 773 691 τρισὶν
790 654 977 689 Εὑαγγελίοις,

184 701 236 729 καὶ
263 702 328 737 περὶ
354 701 394 736 τῷ
418 701 567 737 σωματικῷ
591 701 638 728 τοῦ
651 700 770 736 Χριστοῦ
782 701 881 736 μᾶλλον
895 709 978 735 προσ-

183 747 377 783 ησχολημένην
393 747 482 774 αὐτῶν
504 747 555 784 τὴν
576 747 701 782 διήγησιν
725 747 797 780 ίδὼν,
813 747 893 778 αὐτὸς
921 748 978 778 τοῖς

184 793 362 829 ὑψηλοτέροις
372 794 427 820 τῶν
443 792 530 827 λόγων
546 795 594 820 καὶ
608 793 757 828 θειοτέροις
776 793 975 821 ἐπεκτείνεται.

1066 655 1156 683 Lectis
1171 663 1248 687 vero,
1259 663 1320 691 quae
1339 655 1386 683 illo
1396 655 1490 690 priora
1504 656 1660 691 conscripta
1672 660 1752 683 erant
1768 657 1818 684 tri-

1029 699 1082 728 bus
1094 701 1262 736 Evangeliis.
1276 700 1526 735 animadversoque
1539 701 1625 736 magis
1640 701 1667 728 in
1681 709 1715 728 eo
1728 709 1821 729 versa-

1030 752 1074 774 tos
1088 754 1160 778 esse,
1176 751 1207 773 ut
1219 754 1252 773 ea
1267 754 1326 781 quae
1344 749 1502 780 spectarent
1514 746 1547 773 ad
1563 746 1737 774 Dominicum
1760 755 1823 775 θοι-ο

1028 799 1090 826 pus,
1101 795 1273 822 enarrarent,
1284 791 1495 818 sublimioribus
1508 791 1567 826 ipse
1582 791 1822 827 divinioribusque

183 839 241 867 Καὶ
256 840 348 867 πᾶσαν
370 839 419 875 μὲν
434 840 484 875 τὴν
497 839 641 875 ὁρωμένην
664 839 753 866 κτίσιν
771 839 852 873 ἀφείς
862 847 869 853 ·
884 839 975 866 πᾶσαν

1031 837 1207 865 sermonibus
1227 837 1348 864 animum
1371 837 1510 864 intendit:
1529 837 1662 872 omnique
1687 845 1776 865 rerum
1792 839 1821 866 in

183 887 274 924 δὲτὴν
291 887 391 923 νοητὴν
407 887 453 915 καὶ
468 888 655 923 ὑπερκόσμιον
671 887 781 922 ὀξύτητι
793 887 839 915 νοῦ
852 887 978 923 καθαρω-

182 932 267 960 τάτου
278 932 323 959 διὰ
336 932 384 959 τοῦ
401 932 559 968 Πνεύματος
574 932 748 967 ὑπεραναὸάς
762 940 769 948 ·
796 932 843 959 καὶ
873 932 907 959 τὰ
930 933 980 959 Χε-

184 975 302 1012 ρουϐεὶμ
312 976 410 1008 λιπὼν,
426 977 475 1004 κα)⁴
489 977 524 1004 τὰ
539 977 680 1013 Σεραφεὶμ
693 977 847 1012 παρελθὼν,
876 978 976 1014 ἀκραι-

183 1022 258 1058 φνῶς
273 1022 349 1058 αὖτῷ
365 1024 414 1049 καὶ
429 1023 539 1058 ἀμέσως
551 1021 654 1057 ἐγγίζει
666 1023 704 1059 τῷ
716 1023 850 1059 ἀγαπητῷ
866 1031 873 1038 ·
897 1025 978 1051 κάκεῖ

182 1068 216 1104 δὴ
228 1068 342 1104 νοερῶς,
361 1070 408 1095 καὶ
421 1069 583 1104 κρειττόνως
607 1069 623 1105 ἢ
641 1069 738 1105 πρώην
763 1070 793 1095 τὸ
812 1069 978 1105 νοερὼτατον

182 1114 294 1149 στῆθος,
308 1114 347 1149 τῷ
362 1114 573 1150 θεαρχικωτάτῳ
588 1115 781 1151 προσερείσας,
797 1115 845 1142 καὶ
856 1113 903 1148 οὖς
924 1117 977 1151 ¹εὑ-

181 1161 296 1187 σύνετον
310 1160 348 1196 τῷ
366 1161 417 1196 τῆς
431 1161 532 1196 Σοφίας
552 1161 638 1196 αὐτῆς
658 1162 774 1196 στόματι
799 1161 977 1197 παραϐαλὼν,

179 1204 227 1234 οἷὰ
239 1216 300 1234 ¹τινα
311 1207 404 1242 πηγὴν
421 1207 512 1239 ζῶσαν
542 1207 646 1235 ἐκεῖθεν
677 1208 782 1244 ὑψηλῆς
804 1208 978 1245 ἀνεστόμωσε

180 1253 231 1279 καὶ
242 1252 376 1288 θεαπικῆς
390 1252 542 1288 θεολογίας.

217 1381 273 1416 *Ης
285 1384 316 1411 ἐν
330 1385 497 1420 προοιμίοις,
510 1385 632 1421 θεολογεῖ
645 1387 694 1423 μὲν
705 1387 752 1415 τοῦ
766 1387 855 1422 Λόγου
869 1388 920 1424 τὴν
946 1387 976 1415 ἐν

179 1429 254 1464 ἀρχῇ
267 1430 335 1465 πρὸς
347 1429 393 1457 τὸν
411 1431 520 1467 Πατέρα
543 1432 591 1459 κα)⁴
615 1433 788 1468 προάναρχον
816 1433 978 1469 ὑπεροῠσιον

182 1474 360 1510 συνύπαρξιν.
373 1475 501 1510 Θεολογεῖ
511 1476 540 1503 δὲ
553 1476 635 1504 αὐτοῦ
649 1478 697 1504 καὶ
720 1477 769 1513 τὴν
784 1477 932 1513 σάρκωσιν,
947 1478 977 1504 ἐν

1030 887 1170 918 aspectum
1187 883 1344 910 cadentium
1359 887 1458 910 natura
1469 883 1580 915 omissa,
1598 891 1749 919 earumque
1760 892 1822 919 quae

1028 932 1120 956 mente
1143 928 1356 962 intelliguuntur
1371 936 1404 956 ac
1422 928 1654 963 supermundanae
1675 933 1751 961 sunt,
1769 937 1821 964 pu-

1029 974 1147 1002 rissimae
1159 974 1261 1002 mentis
1273 974 1400 1002 acumine
1416 982 1465 1009 per
1478 975 1607 1010 spiritum
1618 979 1746 1010 superata
1758 975 1822 1003 sub-

1028 1021 1152 1054 stantia;
1174 1020 1333 1055 relictisque
1344 1019 1486 1048 Cherubin
1508 1024 1536 1048 et
1550 1020 1684 1056 Seraphin
1709 1027 1823 1056 practer-

1028 1074 1148 1102 gressus,
1164 1067 1217 1102 ipsi
1233 1066 1342 1095 sincere
1359 1074 1392 1094 ac
1412 1066 1572 1095 immediate
1586 1067 1746 1102 prazdilecto
1759 1068 1822 1103 jun-

1028 1113 1102 1148 gitur
1118 1121 1125 1140 :
1140 1112 1250 1148 illicque
1263 1112 1554 1147 mentisintclligentia
1575 1113 1822 1148 prazslantiorequc

1028 1166 1060 1187 ac
1076 1158 1184 1194 pridem
1204 1158 1324 1190 ratione,
1343 1158 1526 1194 intelligentia
1542 1155 1752 1186 solertissimum
1768 1166 1819 1194 pe-

1027 1204 1265 1233 ctusdivinissimo
1276 1204 1380 1240 pectori
1394 1203 1607 1239 illidens,osque
1617 1204 1822 1240 sagacissimum

1028 1250 1115 1285 ipsius
1136 1250 1178 1277 ori
1206 1249 1352 1285 Sapientia:
1380 1249 1541 1283 admovens,
1572 1249 1647 1277 velut
1674 1250 1821 1284 quemdam

1028 1295 1107 1323 illinc
1121 1296 1216 1323 vivum
1231 1295 1361 1323 sublimis
1379 1302 1412 1323 ac
1432 1294 1537 1323 deiﬂcze
1557 1295 1701 1330 theologia:
1718 1295 1821 1322 fontem

1027 1342 1149 1370 reseravi
1154 1345 1174 1369 t.

1062 1389 1130 1424 Ejus
1149 1387 1274 1420 exordio,
1303 1387 1395 1416 Verbi‘
1406 1387 1433 1415 in
1457 1386 1596 1422 principio
1617 1386 1690 1421 apud
1713 1386 1821 1414 Patrem

1026 1438 1270 1469 pramternamque
1287 1433 1579 1468 supersubstantialem
1601 1432 1821 1460 coexsistentiam

1027 1488 1078 1516 pro
1102 1479 1234 1514 Theologi
1261 1478 1390 1514 partibus
1409 1478 1518 1506 tradit:
1537 1477 1621 1505 tradit
1645 1485 1711 1505 vero
1738 1477 1821 1505 etiam

180 1519 283 1554 ὀλίγοις
297 1519 346 1546 καὶ
359 1519 535 1556 θεοφθόγγοις
548 1521 670 1557 ῥήμασιν
684 1523 774 1548 πᾶσαν
787 1522 896 1557 ὑψηλῶς
927 1523 974 1549 καὶ

1026 1527 1086 1563 ejus
1108 1526 1347 1558 incarnationem,
1375 1524 1471 1560 paucis
1499 1524 1657 1559 divinisque
1687 1524 1818 1557 vocibus,

181 1564 366 1601 μγώοφυῶς
383 1565 478 1602 ὥσπερ
492 1566 522 1599 ἐξ
535 1567 652 1602 οὐρανοῦ
670 1567 803 1599 σαλπίσας
829 1567 878 1603 τὴν
908 1568 973 1603 περὶ

179 1611 266 1638 αὑτοῦ
280 1611 437 1647 θεηγορίαν.
454 1611 531 1645 Εἶτα,
548 1613 790 1649 ὑπομιμνήσκεται
809 1613 859 1649 μὲν
882 1614 911 1641 ὲν
933 1614 974 1650 τῷ

178 1658 333 1693 Πνεύματι,
345 1658 401 1685 τῶν
418 1667 449 1685 τε
463 1658 550 1693 λόγων
565 1659 685 1695 Χριστοῦ
700 1660 748 1686 καὶ
761 1659 816 1686 τῶν
832 1659 921 1695 ἔργων
939 1661 974 1688 τὰ

179 1704 339 1740 ὑψηλότατά
347 1713 377 1731 τε
389 1706 437 1732 καὶ
449 1705 666 1741 παραδοξότατα,
681 1706 731 1733 ὃσα
742 1706 806 1738 τοὺς
821 1707 875 1742 πρὸ
890 1706 973 1734 αὐτοῦ

178 1751 350 1786 παραλιπεῖν
381 1752 589 1787 εὐαγγελιστάς.
620 1753 676 1780 Καὶ
702 1753 792 1780 πάντα
815 1753 973 1787 θεσπεσίαις

178 1796 343 1833 ἱερολογίαις
354 1797 538 1833 ἀνατετακὼς,
549 1798 597 1825 καὶ
610 1798 701 1826 πάντα
710 1799 778 1826 Θεοῦ
793 1800 895 1834 φωναῖς
909 1808 973 1826 συν-

176 1842 341 1877 τετελεκὼς,
359 1843 452 1871 καὶὲν
465 1844 643 1879 δικαιοσύνῃ
659 1845 741 1881 (κατὰ
759 1845 885 1879 Ἡσαΐαν)
896 1853 974 1873 συν-

177 1888 342 1923 τετμηκὼς,
361 1890 402 1922 είς
419 1891 454 1918 τὰ
467 1919 473 1924 _
484 1891 592 1926 πέρατα
605 1891 686 1919 τοῦτο
711 1893 743 1927 δὴ
758 1892 789 1918 τὸ
806 1892 865 1919 κατ’
891 1892 973 1919 αὐτὸν

177 1935 347 1970 Εὑαγγέλιον
361 1936 509 1973 ἐϐρόντησε
524 1937 576 1973 τῆς
585 1938 636 1973 γῆς
651 1946 659 1954 ·
682 1938 774 1973 πάσης
803 1939 852 1975 ἤδη
879 1938 972 1974 φανεί-

178 1989 232 2016 σης
257 1981 275 2017 ἢ
307 1982 499 2018 φανησομένης
534 1984 670 2020 αἱρέσεως
701 1984 902 2020 ἐξαναλωτικὴν
926 1985 974 2012 καὶ

176 2027 352 2063 πρηστήρων
379 2028 523 2064 ἀστραπήν
537 2037 545 2044 ·
570 2030 661 2066 πάσης
679 2030 708 2058 δὲ
732 2031 898 2065 θεογνωσίας
926 2031 974 2059 καὶ

176 2072 320 2106 θεολογίας
331 2073 395 2108 ὅρον
408 2074 549 2110 ἀληθείας,
565 2076 613 2103 καὶ
632 2077 871 2113 ἀπαρεγχείρητον
899 2077 972 2112 γνὼ-

177 2127 249 2153 μονα
258 2118 418 2155 διαθέμενος
433 2128 441 2136 ⁸
454 2121 500 2148 καὶ
517 2121 595 2149 τοῦτο
614 2123 647 2158 τῇ
675 2122 789 2149 καθόλου
825 2123 974 2160 Ἐκκλησία

175 2164 300 2200 Χριστοῦ
327 2165 424 2202 καινὴν
453 2167 585 2204 διαθήκην
614 2168 648 2195 ὲκ
674 2169 809 2204 στόματος
821 2170 973 2205 γραφεῖσαν

1026 1579 1136 1600 omnem
1150 1578 1211 1606 quae
1225 1570 1260 1598 de
1273 1571 1320 1598 illo
1333 1575 1386 1602 est.
1406 1570 1519 1598 sublimi
1540 1577 1572 1597 ac
1593 1569 1739 1605 magniﬁco
1754 1578 1823 1605 pra!-

1026 1617 1107 1644 conio
1120 1617 1196 1644 velut
1212 1616 1285 1643 tuba:
1296 1615 1425 1651 clangore
1437 1619 1586 1643 exsecutus
1611 1614 1731 1642 divinam
1750 1622 1822 1650 pra:-

1026 1662 1204 1690 dicationcm.
1224 1661 1350 1697 Tumque
1366 1665 1570 1689 commentatur
1586 1660 1614 1688 in
1635 1660 1740 1696 Spiritu
1754 1668 1822 1688 con-

1027 1709 1188 1744 scribitque,
1202 1707 1305 1736 Christi
1327 1712 1385 1735 tum
1412 1707 1602 1735 doctrinarum
1627 1711 1684 1734 tum
1706 1714 1821 1741 operum

1026 1753 1233 1790 praecelsissima
1245 1761 1407 1788 summeque
1425 1753 1588 1781 admiranda
1612 1757 1642 1780 et
1663 1760 1744 1784 nova.
1759 1752 1822 1780 aliis

1025 1799 1084 1828 fere
1109 1799 1286 1835 evangelistis
1314 1799 1427 1826 omissa.
1451 1797 1576 1834 Cumque
1601 1798 1703 1826 divinis
1722 1802 1822 1826 cuncta

1026 1845 1201 1873 sermonibus
1223 1845 1445 1880 conscripsisset,
1463 1844 1568 1880 Deique
1594 1844 1711 1872 vocibus
1728 1844 1822 1871 omnia

1026 1891 1201 1922 absolvisset.
1228 1895 1312 1926 atque
1332 1891 1360 1918 in
1386 1891 1495 1926 jmtitia
1518 1891 1559 1923 (ut
1579 1890 1664 1918 Isaias
1688 1890 1822 1925 loquitur)

1024 1937 1245 1970 abbreviasset",
1262 1937 1316 1965 hoc
1335 1945 1350 1965 a
1372 1944 1402 1964 se
1423 1937 1611 1972 conscriptum
1640 1936 1821 1972 Evangelium

1027 1984 1056 2012 in
1071 1984 1147 2012 orbis
1157 1984 1227 2012 ﬁnes
1244 1983 1371 2011 detonuit
1383 1992 1391 2011 :
1402 1982 1495 2018 fulgur
1505 1982 1637 2010 nimirum
1649 1982 1822 2018 ignitumquc

1026 2030 1162 2067 ejusmodi
1181 2030 1334 2062 turbinem,
1357 2033 1388 2056 ut
1407 2028 1598 2056 consumendo
1621 2028 1657 2055 sit
1684 2035 1716 2055 ac
1729 2027 1823 2055 incen-

1027 2076 1129 2110 dendo,
1142 2075 1278 2111 quidquid
1292 2075 1401 2102 demum
1411 2074 1554 2101 haereseon
1567 2072 1674 2101 exstitit
1688 2080 1820 2107 unquam.

1027 2127 1109 2150 autve
1137 2121 1266 2155 exsistet;
1283 2120 1430 2155 omnisque
1449 2119 1514 2147 ﬁdei
1534 2126 1566 2146 ac
1580 2118 1734 2153 theologize,
1747 2117 1820 2144 veri-

1028 2168 1092 2196 tatis
1105 2167 1255 2195 tcrmiuum
1271 2173 1455 2201 normamque
1475 2164 1663 2192 inviolabilem
1678 2167 1819 2196 statuens;

175 2210 320 2244 παραδοὺς
335 2211 383 2238 τοῦ
397 2212 517 2248 Χριστοῦ
536 2221 545 2230 ο
557 2214 677 2250 τοσούτῳ
692 2216 741 2250 τῆς
751 2216 780 2242 ὲν
792 2215 874 2249 πλαξὶ
887 2216 971 2243 πάλαι

1026 2218 1107 2249 atque
1121 2213 1176 2241 hoc
1187 2213 1324 2240 universae
1338 2211 1441 2239 Christi
1459 2210 1593 2238 Ecclesia:
1608 2216 1711 2237 novum
1730 2208 1821 2236 fmdus

175 2256 217 2292 τῷ
235 2257 332 2284 Μωσεῖ
345 2259 541 2295 γεγραμμένης
551 2260 778 2297 σεϐασμιωτέραν
795 2270 825 2288 τε
840 2261 888 2289 καὶ
912 2261 973 2288 Θεο-

175 2305 385 2341 πρεπεστέραν,
413 2306 469 2342 ὅσῳ
481 2307 532 2342 τὴν
558 2308 677 2335 παλαιὰν
701 2309 751 2342 μὲν
775 2309 791 2344 ἠ
819 2308 911 2344 καινὴ.
928 2309 974 2336 τὸν

175 2350 263 2385 νόμον
278 2350 307 2377 δὲ
323 2351 371 2378 τοῦ
388 2352 552 2388 γράμματος
575 2354 590 2380 ὁ
605 2353 653 2381 τοῦ
670 2354 827 2388 πνεύματος
855 2355 902 2381 καὶ
921 2354 973 2390 τῆς

176 2395 312 2431 ἀληθείας
329 2398 536 2434 παρευδοκιμεῖ.
555 2400 609 2427 Καὶ
625 2400 659 2427 τὰ
680 2401 730 2436 μὲν
738 2400 787 2427 ἐπὶ
798 2400 935 2428 τοσοῦτον.

213 2483 295 2510 Ἐπεὶ
310 2483 338 2510 δὲ
349 2484 399 2520 τὴν
413 2484 460 2511 τοῦ
472 2485 630 2521 Πνεῦματος
645 2487 784 2515 διακονίαν
803 2487 850 2515 καὶ
867 2487 976 2523 ἱερουρ-

178 2529 244 2564 γίαν
261 2530 309 2557 τοῦ
323 2531 500 2565 Εὐαγγελλου,
517 2533 548 2559 τὸ
560 2532 641 2569 ἔργον
656 2534 706 2568 τῆς
727 2533 832 2570 ὑψηλῆς
858 2535 976 2561 ἀποστο-

178 2576 242 2610 λῆς,
259 2576 298 2608 ὡς
317 2577 413 2609 πιστὸς
429 2577 468 2612 τῷ
487 2578 544 2605 ὄντι
560 2581 606 2606 καὶ
618 2579 747 2615 φρόνιμος
760 2580 901 2615 οἰκονόμος
930 2588 975 2606 τε·

178 2621 345 2654 τελειωκὼς,
359 2623 406 2649 καὶ
415 2623 455 2653 εἰς
470 2625 530 2650 πῖον
544 2625 594 2660 ἤδη
612 2625 699 2660 γῆρας
710 2625 858 2660 ἐληλακὼς,
881 2625 973 2652 ἐπόθει

179 2667 232 2702 τὴν
247 2668 391 2701 ἀνάλυσιν,
422 2672 547 2705 κρεῖττον
561 2671 589 2697 δὲ
606 2672 699 2705 φάναι,
714 2671 761 2698 τοῦ
779 2671 904 2706 σώματος
929 2671 978 2706 τὴν

179 2713 230 2739 ἐπὶ
243 2713 274 2740 τὸ
289 2714 428 2751 ἄφθαρτον
442 2718 677 2752 μετασχημάτισιν
692 2726 700 2733 ·
718 2719 762 2746 ἀεὶ
779 2719 833 2753 γὰρ
847 2719 895 2746 καὶ
915 2718 977 2745 νοῦν

182 2759 231 2786 καὶ
237 2759 357 2788 διάνοιαν
367 2762 395 2788 ἐν
403 2763 528 2797 οὐρανοῖς
537 2764 726 2799 συνηνωμένος
733 2764 853 2801 Χριστῷ,
862 2765 892 2792 τὸ
899 2765 979 2800 σῶμα

184 2806 267 2841 μόνον
279 2808 326 2834 καὶ
339 2807 370 2834 τὸ
385 2808 524 2844 ὁρώμενον
538 2807 572 2844 ἦν
587 2810 635 2837 ἐπὶ
649 2810 712 2846 γῆς.

215 2905 240 2925 ⁸⁸
259 2907 366 2941 131.11,
379 2908 425 2935 23.
463 2908 485 2924 “
501 2907 619 2943 Philipp.
643 2916 661 2941 ι,
674 2907 720 2936 2³5.

1023 2267 1057 2288 ex
1081 2259 1183 2288 Christi
1201 2263 1347 2294 exceptum
1371 2265 1431 2289 ore,
1454 2257 1567 2284 tradens
1593 2259 1694 2284 :tanto
1715 2254 1821 2282 scilicet

1023 2308 1128 2342 scripto
1142 2306 1208 2334 olim
1220 2305 1287 2333 Mosi
1309 2305 1336 2332 in
1350 2303 1452 2332 tabulis
1465 2303 1597 2338 majorem
1617 2301 1724 2329 habens
1734 2308 1819 2328 vene-

1023 2354 1170 2385 rationem,
1182 2351 1370 2386 diviniusque,
1379 2353 1484 2385 quanto
1495 2356 1599 2376 novum
1609 2348 1709 2380 veteri,
1720 2347 1820 2381 lexque

1023 2399 1139 2435 Spiritus
1152 2402 1180 2426 et
1204 2397 1340 2429 veritatis,
1367 2395 1421 2431 legi
1441 2394 1542 2423 littera:
1565 2393 1709 2430 praecellit.
1730 2393 1821 2428 Atquo

1024 2445 1082 2474 haec
1093 2445 1238 2473 hactenus.

1058 2492 1128 2526 Quia
1150 2499 1217 2519 vero
1229 2490 1348 2526 Spiritus
1366 2488 1523 2516 ministerio
1545 2485 1743 2521 Evangeliique
1759 2485 1821 2512 fun-

1022 2537 1115 2565 ctione
1132 2536 1254 2572 (sublimi
1265 2535 1371 2562 scilicet
1385 2533 1528 2570 apostolici
1540 2531 1627 2559 munii
1645 2531 1741 2566 opere)
1753 2538 1820 2558 con-

1021 2588 1168 2616 summato,
1190 2587 1323 2617 tanquam
1342 2589 1439 2609 revera
1456 2579 1546 2608 ﬁdelis
1567 2586 1599 2607 ac
1623 2578 1746 2614 prudens
1761 2576 1820 2604 dis‘

1022 2635 1162 2666 pensator,
1179 2637 1211 2656 ac
1226 2629 1274 2664 qui
1302 2628 1330 2656 in
1348 2627 1478 2663 pinguem
1487 2627 1542 2662 jam
1561 2628 1732 2654 senectutem
1747 2629 1816 2650 eva-

1026 2679 1110 2706 serat,
1125 2674 1239 2701 dissolvi
1264 2673 1391 2708 cupiebat
1401 2672 1435 2703 ".
1448 2672 1516 2704 sive,
1532 2676 1562 2699 ut
1591 2670 1690 2698 melius
1706 2668 1816 2702 loquar,

1027 2720 1152 2755 corporis
1171 2719 1378 2754 corruptionem
1394 2717 1602 2753 incorruptione
1614 2719 1721 2742 mutare
1734 2713 1818 2747 (sem-

1027 2773 1077 2801 per
1091 2765 1166 2793 enim
1181 2765 1275 2793 animo
1296 2764 1453 2800 mentisque
1478 2761 1642 2798 cogitatione
1667 2759 1777 2787 Christo
1791 2758 1818 2786 in

1026 2811 1105 2839 caelis
1120 2812 1294 2847 conjunctus,
1310 2812 1370 2839 solo
1388 2817 1504 2845 corpore
1525 2812 1657 2844 parteque
1669 2805 1713 2833 sui
1731 2804 1819 2834 oculis

1029 2855 1188 2890 conspicua,
1205 2855 1232 2883 in
1247 2860 1321 2884 terra
1332 2852 1518 2888 versabatur).
