2072 3160
237 178 290 212 ιῒΐ

835 180 982 211 NICET/E
1002 181 1265 213 PAPHLAGONIS

1808 180 1856 213 128

270 238 350 268 Salve
368 238 419 268 sis.
435 247 500 268 vere
518 247 549 268 ac
568 239 656 268 ﬁdelis
674 240 722 268 Dei
738 239 819 268 Verbi
831 239 979 274 discipule,
997 243 1026 266 et

1111 242 1208 278 Χαῖρε,
1223 242 1320 278 γνήσιε
1344 241 1393 269 καὶ
1412 241 1490 268 mare
1508 222 1557 269 τοῦ
1571 241 1639 269 Θεοῦ
1653 241 1741 276 Λόγου
1756 241 1857 276 μῦοτα,

236 291 352 319 amator,
362 286 527 322 cultorque;
548 294 579 314 ac
593 286 691 322 gaude,
704 286 778 322 quod
797 286 842 314 ille
861 294 923 314 cum
941 287 1024 314 Patre

237 332 362 365 veniens,
377 340 444 361 vere
457 333 528 367 apud
546 337 574 360 te
593 333 762 360 mansionem
784 333 881 361 fecerit
892 333 914 349 ³⁸
931 332 1025 368 :quod

236 377 297 412 ejus
311 385 425 406 servans
448 378 586 411 mandata,
608 377 636 405 in
650 378 698 406 illo
717 379 863 411 manseris,
881 379 1026 414 ipsumque

240 425 266 451 in
289 427 316 451 te
339 423 367 451 in
389 429 553 459 perpetuum
579 429 735 452 manentem
760 425 883 459 habeas,
905 425 1027 454 divinam

238 472 332 503 aperte
349 467 399 496 tibi
416 468 530 504 gloriam
547 468 780 497 maniiestantem.

275 511 355 539 Salve
373 512 422 543 sis.
447 512 494 539 Dei
515 511 600 540 frater
621 517 649 540 et
674 513 782 548 haeres;
809 514 896 543 frater
916 523 982 543 vero
998 519 1028 543 et

239 558 362 585 eobaares
373 558 420 585 Dei
435 558 484 593 qui
501 562 600 586 cuncta
620 559 696 595 regni
718 560 767 588 Dei
783 562 914 597 mysteria
929 562 1028 590 doctus

238 612 279 635 es,
293 604 397 639 quique
420 604 513 632 divina
538 606 704 634 revelatione
728 615 789 642 quae
801 612 935 637 eventura
960 614 1026 637 sunt

239 649 313 676 clare
336 648 439 676 videris
455 649 566 684 omnia;
591 655 673 685 atque
695 659 737 684 ea,
755 652 845 687 quoad
866 660 1028 681 concessum

238 699 291 726 est,
319 696 474 732 conscripta
495 705 527 725 ac
556 698 716 734 consignata
745 699 877 727 Ecclesiis
905 701 1028 729 tradide-

239 740 278 767 ris
287 740 320 768 ³⁹.

273 786 353 814 Salve
367 787 416 820 sis,
437 788 512 815 solus
530 797 605 817 nunc
623 797 739 825 corpore
762 799 816 819 una
832 799 894 820 cum
913 793 1028 828 Deipara

238 836 326 860 matre
347 833 436 863 incola
461 835 593 870 paradisi,
609 843 642 864 ac
667 837 714 871 qui
738 837 802 866 inde
823 838 921 874 spiritu
943 843 1028 867 totam

239 878 340 906 lustres
350 883 451 907 terram
463 887 494 908 ac
507 881 667 917 perspicias.
682 882 738 910 Nos
754 884 891 919 propitius
907 885 1027 918 intuere,

240 923 399 953 beatissime
412 925 549 962 Theologc
569 933 597 955 et
619 929 786 965 evangelista
797 930 804 958 ῐ
816 930 950 965 crudique
967 931 1028 966 epi-

239 970 318 998 stolis
330 971 394 1002 tuis.
413 979 446 1000 ac
458 972 560 1000 divinis
579 975 821 1009 pradicationibus
844 977 975 1004 conﬁrma
986 982 1029 1004 at-

239 1023 295 1050 que
316 1017 461 1053 prmceptis
483 1026 640 1054 compone:
655 1028 760 1056 nosque
786 1029 850 1058 rege
868 1026 896 1050 et
916 1023 1029 1055 cxtolle,

239 1061 351 1097 Deoque
362 1062 390 1090 in
411 1067 545 1092 aeternum
561 1065 639 1099 siste,
654 1066 681 1094 in
699 1067 813 1102 gloriam
828 1068 917 1096 Patris
928 1072 956 1096 et
969 1068 1030 1096 Filii

238 1114 266 1136 et
283 1109 402 1144 Spiritus
417 1111 514 1144 sancti,
532 1110 560 1139 in
577 1112 688 1141 saecula.
699 1112 798 1141 Amen.

531 1252 660 1281 οιιΑτιο
677 1254 733 1290 vn.

240 1296 369 1325 Laudatia
388 1299 473 1326 sancti
495 1298 623 1334 laudeque
635 1299 776 1328 clarissimi
787 1303 899 1338 apostoli
915 1303 1029 1332 Thomas.

277 1342 436 1371 Laudabilis
448 1351 499 1379 pro
522 1344 624 1372 sanctis
639 1350 796 1381 assumptus
817 1355 913 1381 amor;
933 1349 1031 1377 merito

276 1425 298 1442 ³⁸
324 1425 404 1454 Joan.
432 1434 491 1460 xiv,
519 1425 565 1453 23.
615 1427 638 1443 ³³
653 1427 732 1455 Rom.
753 1435 817 1461 vut,
849 1428 892 1456 l7.

274 1496 335 1531 1'20)
348 1497 415 1530 Ταῖς
423 1497 600 1530 ἐπιστολαῖς
607 1505 666 1525 σου
675 1499 851 1526 συνέτισον.
863 1498 977 1527 Joannis
985 1499 1025 1527 al-

241 1537 328 1560 teram
342 1536 370 1559 et
388 1532 496 1560 tertiam
511 1533 642 1566 epistolas
656 1537 782 1560 recenset
798 1533 901 1561 Euseb.
917 1534 966 1562 lib.
980 1542 1023 1567 In,

1075 288 1123 316 καὶ
1137 288 1251 324 ἐραστὰ,
1273 288 1322 315 καὶ
1335 288 1490 324 θεραπευτᾶ
1502 296 1510 304 ·
1526 289 1567 315 ὅτι
1581 287 1658 323 παρὰ
1675 287 1723 315 τοῦ
1752 287 1859 323 [ἰατρὸς

1075 334 1212 370 ἐληλυθὼς
1224 335 1336 367 ἐκεῖνος,
1367 334 1450 370 μονὴν
1475 333 1583 370 ἀληθῶς
1606 334 1755 368 πεποίηται
1783 333 1860 369 παρὰ

1076 381 1249 413 σοί·δτιτὰς
1262 381 1371 413 ἐντολὰς
1396 379 1480 408 αὑτοῦ
1503 379 1672 416 τετηρηκὼς,
1696 379 1806 414 ἔμεινας
1831 380 1860 406 ὲν

1076 427 1161 463 αὐτῷ,
1173 427 1221 454 καὶ
1234 427 1315 455 αὑτὸν
1327 427 1400 463 ἔχεις
1412 427 1573 462 μένονταδι¹
1582 426 1680 458 αἰῶνος
1698 426 1727 453 ὲν
1743 425 1796 457 σοὶ,
1810 426 1861 462 τὴν

1076 474 1224 510 θεαρχικήν
1236 483 1277 501 σοι
1289 473 1367 506 δόξαν
1381 472 1650 508 άνακεκαλυμμένως
1665 471 1860 508 ἐμφανίζοντα.

1111 522 1209 556 Χαῖρε,
1228 520 1323 547 τέκνον
1340 519 1408 547 Θεοῦ
1426 519 1474 547 καὶ
1501 517 1654 554 κληρονόμε
1673 526 1681 534 ’
1712 517 1811 552 ἀδελφὲ
1835 517 1863 545 δὲ

1077 569 1125 596 καὶ
1142 567 1347 603 συγκληρονόμε
1363 565 1470 593 Gem-rb
1485 566 1575 592 πάντα
1589 565 1638 600 τῆς
1654 563 1701 591 τοῦ
1724 563 1792 591 Θεοῦ
1815 564 1863 598 βα-

1078 614 1180 646 σιλείας
1195 613 1229 640 τὰ
1245 613 1380 648 μυστήρια
1395 611 1692 648 μεμυσταγωγημένος.
1707 611 1755 636 καὶ
1773 609 1864 637 πάντα

1081 660 1176 695 σαφῶς
1187 660 1221 687 τὰ
1241 659 1356 694 ἐσόμενα
1371 659 1404 685 δι’
1419 657 1615 692 ἀποκαλύψεως
1624 656 1798 691 τεθεαμένος,
1816 655 1865 682 καὶ

1077 705 1338 742 κατεσφραγισμένα
1353 706 1412 737 ταῖς
1430 703 1605 739 Ἐκκλησίαις
1617 701 1765 738 παραδούς.

1112 796 1209 831 Χαῖρε,
1224 795 1271 821 τὸν
1294 794 1455 830 παράδεισον
1487 793 1568 828 μόνος
1590 792 1638 819 νῦν
1654 792 1723 827 μετὰ
1739 791 1866 826 σώματος

1078 841 1138 877 ἅμα
1157 842 1190 876 τῇ
1220 840 1304 876 μητρὶ¹
1328 839 1473 875 θεομήτορι
1495 838 1641 870 κατοικῶν,
1672 837 1800 864 κάκεῖθεν
1826 836 1866 872 τῷ

1079 887 1216 923 πνεύματι
1235 886 1291 926 τὴν
1311 886 1375 921 ὅλην
1401 885 1454 920 γῆν
1479 884 1670 920 καταθεωρῶν,
1687 883 1766 916 ἵλεως
1787 884 1862 919 ἡμᾶς

1080 931 1251 965 ὲποπτεύοις,
1271 931 1294 958 ὣ
1315 930 1497 966 τρισμακάριε
1513 929 1627 964 Θεολόγε
1653 929 1700 956 καὶ
1719 929 1862 963 εὐαγγελι-

1083 981 1149 1008 στάέ
1171 980 1218 1008 καὶ
1234 981 1294 1011 ταῖς
1318 978 1472 1009 ἐπιστολαῖς
1495 986 1541 1004 σου
1567 977 1706 1002 συνέτισον
1730 975 1801 1010 (20),
1818 974 1866 1002 καὶ

1082 1027 1141 1058 ταῖς
1161 1025 1311 1059 θεολογίαις
1328 1033 1375 1051 σου
1387 1022 1523 1059 στήριξον,
1541 1022 1588 1049 καὶ
1603 1023 1662 1054 ταῖς
1675 1022 1795 1053 ἐντολαῖς
1820 1029 1867 1047 σου

1084 1071 1255 1107 κατάρτισαι,
1276 1070 1324 1097 καὶ
1340 1069 1472 1104 ποιμανον
1481 1068 1566 1104 ἡμᾶς,
1587 1069 1633 1095 καὶ
1655 1067 1755 1103 ἐπαρον
1781 1067 1866 1101 ἡμᾶς,

1084 1118 1132 1145 καὶ
1146 1117 1199 1148 ἕως
1214 1116 1312 1147 αἰῶνος
1327 1114 1502 1150 παράστησον
1521 1113 1559 1148 τῷ
1574 1113 1642 1148 Θεῷ,
1659 1113 1698 1144 εις
1713 1111 1792 1145 δόξαν
1809 1112 1866 1139 Πα-

1076 1163 1151 1198 τρὸς,
1159 1161 1206 1188 καὶ
1221 1160 1297 1194 Υἱοῦ,
1307 1160 1354 1188 καὶ
1367 1160 1445 1194 ἁγίου
1455 1159 1524 1187 Ηνεύ
1529 1167 1623 1195 ματος,
1634 1159 1674 1190 εἰς
1682 1159 1744 1191 τοὺς
1753 1157 1864 1190 αἰῶνας.

1078 1207 1176 1243 ’Δαήν.

1388 1251 1497 1279 ΛΟΓΟΣ
1513 1252 1551 1278 Z’.

1080 1304 1132 1336 Εις
1140 1302 1194 1330 τὸν
1205 1301 1290 1336 ἄτιον
1297 1299 1346 1327 καὶ
1359 1299 1556 1334 πανεύφημον
1563 1298 1738 1325 ἀπόστολον
1748 1295 1864 1331 Θωμᾶν.

1116 1346 1276 1379 Ἐπαινετὺς
1289 1347 1304 1374 ὁ
1317 1345 1387 1382 ὑπὲρ
1399 1344 1456 1372 τῶν
1479 1344 1565 1380 ἁγεων
1579 1343 1662 1377 πόθος
1683 1352 1691 1361 ·
1709 1343 1866 1376 ὰξιεπαινε-

1078 1500 1244 1528 tribuerent.
1253 1498 1360 1534 Nomen
1374 1497 1563 1534 πρεσϐυτέρου
1588 1501 1617 1525 et
1637 1497 1766 1534 senioris,
1790 1498 1865 1534 quod

1079 1536 1157 1562 alteri
1169 1534 1267 1563 Joanni
1279 1533 1359 1570 quasi
1384 1532 1528 1570 proprium
1540 1537 1613 1570 erat,
1628 1537 1713 1567 prout
1739 1532 1779 1561 sic
1800 1532 1865 1561 eum

241 1575 303 1601 cap.
320 1567 366 1599 25,
379 1575 441 1602 qua:
456 1567 483 1594 in
492 1567 617 1605 _d_ubiut_n
632 1573 814 1605 vocarentur,
823 1569 874 1596 etsi
893 1577 910 1605 ιι
931 1569 1025 1597 multis
1040 1594 1061 1605 Α
1076 1570 1175 1605 Papias
1185 1575 1275 1602 vocat,
1288 1567 1359 1597 ‘cum
1373 1567 1463 1596 tamen
1484 1568 1614 1605 Aristioni
1631 1576 1694 1605 eum
1709 1573 1866 1604 postponat,

241 1594 474 1635 agiioscere'ntur:
492 1603 553 1629 Εἴτε
560 1602 607 1630 τοῦ
622 1594 815 1637 εὐαγγελιᾷτοῧ
827 1594 1024 1639 τυγχανουῖᾇὶξ

243 1638 300 1664 εἴτε
313 1637 361 1664 καὶ
377 1637 473 1667 ἑτέρου
484 1638 631 1667 ὁμωνύμου
648 1638 756 1667 ἐκείνω.
775 1638 834 1666 Sive
847 1639 902 1665 sint
914 1639 1028 1667 Joannis

1080 1594 1463 1639 ἐΐίῖῖτιῶὖῖὺιῖ-ἶιὶξίιῦεἷέἐ
1477 1594 1741 1637 amnissimis};
1749 1594 1865 1631 Eﬁni'ﬁii

1080 1614 1165 1667 milita
1184 1648 1216 1667 ex
1230 1640 1343 1667 Joannis
1357 1647 1405 1666 ore
1420 1638 1601 1667 accepissent.
1616 1638 1719 1667 diuque
1743 1646 1804 1665 cum
1819 1640 1865 1667 illo

243 1638 300 1664 εἴτε
313 1637 361 1673 κα).
377 1637 473 1670 ἑτέρου
484 1638 631 1673 ὁμωνύμου
648 1638 756 1673 ἐκεινῳ.
775 1638 834 1666 Sive
847 1637 902 1665 sint
914 1639 1028 1667 Ioannis

243 1671 421 1708 evangelista,
447 1671 507 1700 sive.
523 1671 634 1700 alterius
647 1671 765 1708 ejusdem
789 1682 820 1700 ac
829 1673 874 1701 ille
888 1675 1002 1702 nominis
1018 1683 1028 1702 :

243 1715 304 1744 quae
323 1707 409 1734 altera
425 1708 541 1744 quaestio
563 1713 622 1744 rest.
640 1707 669 1735 in
695 1717 749 1744 qua
775 1713 892 1744 utraque
914 1710 1029 1744 perinde

244 1717 304 1739 qua:
323 1717 409 1734 altera
425 1717 541 1742 quaestio
568 1717 622 1738 est.
640 1717 669 1735 in
695 1717 749 1744 qua
775 1717 836 1736 utra
859 1717 892 1736 ue
914 1717 1029 1744 perinde

244 1743 427 1777 Hieronymus
446 1742 535 1771 haesit.
548 1743 634 1771 Nobis
643 1752 699 1771 non
715 1744 780 1771 licet
801 1744 828 1771 in
839 1717 956 1772 (dubium
981 1753 1029 1772 vo-

244 1785 319 1810 care,
346 1785 415 1812 quas
439 1778 545 1812 pridem
572 1778 707 1809 Ecclesia.
732 1779 826 1806 divino
850 1780 982 1807 instinctu
1000 1781 1028 1808 in

243 1813 382 1841 Canonem
392 1814 537 1846 receperit,
549 1821 582 1840 ac
595 1821 683 1848 nuper
694 1814 721 1841 in
729 1814 846 1842 concilio
859 1814 1028 1846 ,Tridentino

243 1848 445 1884 comprobavit.
456 1848 531 1876 Fecit
543 1849 671 1876 Ecclesia:
681 1849 828 1884 judicium.
851 1857 906 1877 non
921 1854 951 1877 ut
966 1850 1029 1878 libri

243 1883 292 1918 qui
308 1883 432 1919 canonici
448 1891 502 1910 non
517 1889 597 1911 erant
609 1892 641 1911 ac
657 1884 840 1916 θεόπνευστοι,
855 1885 1029 1919 postmodum

244 1922 346 1950 essent.
361 1918 410 1946 sed
424 1923 454 1945 ut
465 1924 690 1953 agnoscerentur.
699 1919 776 1952 Quod
788 1918 871 1947 etiam
884 1920 917 1948 de
928 1921 1029 1949 veteris

244 1953 420 1990 instrumenti
437 1953 515 1990 libris
528 1954 634 1990 aliquot
652 1954 754 1982 factum
769 1959 822 1987 est,
845 1963 916 1990 quos
941 1955 1028 1983 Judaei

243 1993 272 2016 et
288 1988 427 2026 Syn‘agoga
443 1988 491 2026 ad
507 1989 715 2026 aediﬁcationem
741 1988 874 2017 duntaxat
898 1990 1029 2026 legendos

245 2024 510 2060 retinuit,_Ecclesia
525 2025 721 2059 (apostolorum
741 2026 893 2060 prasertim
907 2024 1027 2059 judicio)

243 2059 328 2087 etiam
353 2058 386 2086 ad
402 2058 593 2087 auctoritatem
604 2058 752 2088 canonicos
773 2061 872 2088 sanxit.
897 2061 1029 2088 Praeclara

243 2099 320 2123 certe
343 2095 489 2129 Augustini
505 2103 568 2126 vox.
585 2095 646 2122 Non
671 2095 841 2123 crediturum
868 2096 1027 2130 Evangelio,

244 2129 297 2158 nisi
311 2129 440 2157 Ecclesiae
461 2130 611 2157 auctoritas
622 2135 817 2158 commoveret.
834 2131 868 2158 Et
882 2129 960 2163 vero,
978 2139 1029 2158 cur

244 2170 364 2206 quatuor
379 2165 534 2206 Evangeliis
557 2165 706 2206 credimus,
718 2173 783 2206 _non
794 2166 887 2206 tantis
901 2166 955 2193 illis
968 2174 1029 2206 quae

245 2200 280 2227 ab
295 2200 362 2235 ipsis
390 2199 487 2234 primis
506 2200 676 2234 temporibus
702 2200 755 2227 alio
777 2201 885 2235 alioque
915 2199 1028 2229 nomine

245 2235 447 2271 obrepserunt?
459 2235 538 2271 Nulla
551 2235 593 2262 vel
605 2234 774 2271 Hieronymi,
785 2236 827 2263 vel
837 2234 1028 2271 cujuscunque

245 2267 346 2305 privati
356 2277 405 2304 par
416 2270 577 2302 auctoritas,
591 2267 746 2297 istiusmodi
757 2267 1030 2298 censura-librorum.
1048 2267 1069 2294 Β

245 2305 323 2338 Quod
338 2305 457 2332 Joannes
473 2310 589 2340 utraque
600 2305 714 2339 epistola
727 2306 821 2333 Senior
835 2311 957 2338 vocatur,
972 2315 1031 2334 ma-

247 2340 353 2375 luitque
374 2340 414 2376 sic
426 2341 562 2374 interpres
576 2340 702 2372 reddere,
721 2349 803 2376 quam
830 2341 953 2368 Graecam
980 2349 1031 2369 vo-

245 2383 305 2402 cem
317 2375 457 2411 presbyteri
469 2376 590 2403 retinere
602 2376 642 2410 (ut
653 2375 738 2411 magis
748 2380 856 2404 aetatem
868 2376 1031 2410 insinuaret,

246 2418 328 2445 quam
344 2410 528 2447 dignitatem),
542 2411 612 2438 ratio
623 2410 717 2439 Jacobi
733 2411 835 2446 Capelli
851 2419 905 2438 non
938 2412 1033 2447 displi-

247 2444 308 2477 cet;
323 2444 397 2480 quod
414 2445 491 2472 valde
505 2451 631 2480 provecta
647 2451 728 2473 aelate
743 2444 790 2474 ea‘s
815 2447 935 2474 Joannes
961 2444 1032 2474 scri-

248 2481 345 2515 pserit,
361 2480 540 2516 omniumque
550 2481 650 2508 Christi
667 2481 866 2515 discipulorum
897 2483 1032 2510 vetustis-

247 2516 346 2552 simus.
358 2521 387 2543 et
399 2516 509 2552 quiﬁsic
523 2517 602 2550 quasi
617 2517 835 2544 antonomastiee
857 2517 974 2552 intelligi
1001 2526 1033 2546 ac

247 2550 302 2578 dici
320 2555 421 2586 posset.
441 2551 509 2578 Nam
522 2556 550 2578 et
564 2552 666 2579 Paulus
678 2552 710 2579 ad
743 2552 932 2579 Philemonem
947 2550 973 2580 in
988 2554 1032 2581 sui

247 2586 526 2618 commendationem,
553 2591 582 2614 et
607 2591 637 2613 ut
667 2587 822 2615 Philemoni
849 2587 974 2617 suadeat.
991 2596 1030 2621 se,

248 2622 324 2649 velut
353 2621 410 2654 ille,
427 2629 521 2649 senem
547 2622 678 2650 insinuat.
696 2622 814 2650 Proinde
835 2623 1033 2651 convenienter

247 2656 369 2693 Joannes
381 2657 569 2693 familiaribus
585 2658 712 2693 epistolis
732 2665 858 2693 pcneque
875 2658 1033 2686 consolato-

248 2692 308 2728 riis,
323 2691 447 2720 Senioris
461 2700 561 2721 nomen
585 2691 711 2728 praeﬁxit,
730 2691 900 2728 nimiumque
926 2694 1034 2726 pondus

249 2727 278 2755 in
298 2735 365 2755 voce
377 2729 505 2762 apostoli,
529 2728 566 2755 ita
579 2727 705 2756 scribens
727 2727 912 2762 existimavit;
936 2733 965 2755 ut
982 2728 1033 2756 hac

248 2766 326 2798 parte
352 2763 456 2792 nullius
486 2764 619 2791 momenti
646 2763 683 2791 sit
709 2767 902 2797 argumentum
931 2764 1032 2796 Grotii,

248 2797 328 2833 quasi
349 2798 412 2826 inde
423 2798 522 2827 Joanui
544 2799 684 2834 Theologo
704 2797 829 2832 abrogari
847 2798 888 2825 ha:
910 2798 1033 2860 egistolm

249 2834 367 2860 possint.
385 2833 525 2860 Videndus
537 2834 654 2860 Tertull.
671 2833 709 2860 De
721 2833 882 2860 arcuerint“
908 2842 924 2860 u
946 2834 954 2860 i
972 2834 1032 2860 fuse

249 2834 367 2868 possint.
385 2833 525 2862 Videndus
537 2834 654 2861 Tertull.
671 2833 709 2860 De
721 2833 882 2868 prwscript.,
908 2833 954 2861 ubi
972 2834 1032 2862 fuse

249 2868 399 2910 admodum
421 2869 541 2910 ostendit
569 2876 652 2910 quam
679 2868 776 2895 sedulo
796 2868 911 2903 apostoli
938 2869 1033 2910 titulos

252 2903 443 2932 honoratiores
457 2903 587 2938 vitarent,
602 2904 710 2939 sibique
726 2910 796 2938 agre
816 2911 849 2931 ac
864 2911 934 2938 pene
950 2903 1031 2933 inviti

1079 1638 1165 1668 multa
1184 1648 1216 1667 ex
1230 1640 1343 1667 Joannis
1357 1638 1405 1666 (ire
1420 1638 1601 1673 accepissent.
1616 1638 1719 1673 diuque
1743 1646 1804 1665 cum
1819 1640 1866 1667 illo

1079 1675 1180 1703 versati
1193 1679 1298 1705 essent,
1315 1679 1344 1702 et
1359 1674 1446 1709 ipsius
1456 1673 1565 1701 Domini
1583 1673 1712 1709 discipuli
1731 1674 1860 1706 fuissent,

1079 1714 1163 1738 utest
1174 1710 1247 1745 apud
1263 1708 1463 1745 Eusebium.
1477 1716 1501 1736 c.
1518 1708 1566 1745 βξ),
1585 1708 1723 1745 peculiare
1732 1717 1866 1745 rmomen-

1079 1751 1137 1773 tum
1167 1743 1260 1776 habet.
1279 1745 1354 1781 quod
1365 1744 1476 1772 dilﬁcile
1498 1743 1636 1781 videatur,
1663 1743 1785 1781 voluisse
1811 1745 1866 1772 sibi

1079 1781 1212 1809 Joannem
1228 1779 1397 1815 Theologum
1408 1787 1509 1815 nomen
1522 1780 1668 1815 asciscere.
1681 1779 1758 1815 quod
1784 1780 1866 1807 alteri

1079 1816 1163 1843 sciret
1175 1816 1252 1851 quasi
1267 1814 1511 1854 propriumiforte
1525 1814 1619 1854 etiam,
1632 1815 1668 1842 ob
1680 1814 1869 1854 longissimam

1078 1849 1198 1880 aetatem]
1210 1849 1390 1886 qua‘Joahnis
1408 1849 1540 1886 Theologi
1556 1857 1627 1886 pene
1639 1849 1764 1886 aequalis,
1779 1851 1869 1878 illius-

1080 1894 1134 1921 que
1151 1884 1340 1918 distinctioue,
1358 1892 1457 1913 nomen
1474 1884 1542 1912 illud
1561 1884 1688 1912 habuerit
1708 1892 1721 1921 :_
1730 1885 1788 1913 sive
1804 1893 1869 1912 eum

1079 1919 1199 1949 Joannes
1215 1921 1400 1956 Ephesiorum
1411 1920 1585 1956 episcopum
1600 1919 1746 1956 creaverit,
1757 1955 1761 1956 ν
1772 1924 1801 1947 ιιι
1826 1924 1870 1947 est

1079 1957 1108 1984 in
1131 1954 1382 1984 Constitutionibus
1403 1954 1502 1987 Clem.,
1520 1963 1576 1986 vu,
1595 1955 1631 1982 45
1650 1963 1657 1982 :
1673 1954 1729 1989 Τῆς
1756 1955 1869 1990 Ἐφέσου

1079 1991 1212 2027 Τιμόθεος
1228 1992 1278 2027 μὲν
1295 1992 1348 2018 ὑπὸ
1373 1991 1504 2027 Παύλουέ
1519 1990 1645 2027 Ίιυάννης
1674 1990 1714 2027 δὲ.
1738 1990 1787 2027 im:
1801 1990 1869 2027 ἐμοῦ

1085 2025 1209 2054 Ἰώάννου
1220 2025 1299 2054 ίεὶνε
1311 2027 1399 2054 solum
1413 2027 1474 2061 ejus
1484 2025 1613 2053 Ecclesia;
1624 2025 1868 2060 presbyterfuerit.

1079 2062 1155 2090 Istud
1172 2065 1247 2090 certe
1269 2061 1430 2089 diﬂicultate
1446 2068 1501 2088 non
1518 2065 1594 2088 caret
1605 2069 1612 2087 ι
1623 2068 1678 2087 non
1697 2065 1788 2087 tamen
1805 2068 1870 2088 con-

1079 2097 1165 2125 vincit
1176 2104 1309 2133 noniesse
1321 2097 1455 2133 epistolas
1472 2095 1703 2133 vere‘cattonicas.
1725 2095 1800 2133 quod
1822 2103 1870 2123 eas

1079 2133 1138 2167 ipsa
1151 2132 1206 2167 jam
1227 2129 1350 2159 Euscbii’
1360 2135 1440 2167 aetate
1457 2129 1547 2167 ‘multi
1570 2129 1743 2167 habebautf
1754 2138 1816 2167 cum
1831 2135 1870 2167 pet

1079 2165 1124 2195 alii
1136 2165 1263 2202 discipuli
1288 2171 1365 2194 extra
1390 2165 1548 2196 duodecim,
1570 2165 1670 2202 libros¥
1685 2170 1714 2202 et
1739 2165 1871 2202 epistolas

1079 2200 1237 2229 condidisse
1252 2207 1412 2233 noscantur,
1427 2208 1496 2235 quos
1527 2205 1554 2227 et
1571 2208 1639 2235 quas
1651 2200 1771 2227 Ecclesia
1786 2208 1871 2235 agno-

1081 2239 1135 2265 scit
1145 2246 1178 2265 ex
1189 2237 1299 2264 Canone
1312 2236 1445 2264 librorum
1459 2235 1527 2263 Novi
1538 2235 1780 2264 Testamenti.Nec
1792 2236 1872 2263 video

1082 2273 1183 2308 quibus
1195 2279 1228 2299 ex
1246 2271 1433 2298 monumentis
1446 2275 1494 2298 aut
1516 2271 1595 2308 libris
1609 2271 1681 2308 idem
1694 2270 1805 2308 Grotius
1821 2271 1871 2298 ha-

1083 2305 1147 2335 Beat
1162 2308 1246 2343 (etut
1270 2311 1432 2343 argumento
1448 2310 1542 2343 utatur
1563 2306 1597 2333 ad
1621 2305 1793 2343 probandum
1816 2313 1871 2343 non

1083 2341 1192 2370 habitas
1208 2342 1257 2369 has
1272 2342 1402 2376 epistolas
1418 2346 1448 2368 ut
1469 2341 1502 2368 de
1519 2341 1640 2374 Canone)
1657 2341 1730 2376 quod
1746 2349 1801 2368 non
1813 2341 1872 2368 fue-

1083 2377 1260 2405 rintreddiL’e
1274 2376 1301 2403 in
1313 2385 1466 2404 sermonem
1477 2376 1650 2404 diversarum
1664 2377 1784 2411 gentium
1794 2383 1871 2408 ;cum

1084 2413 1161 2447 Angli
1186 2417 1227 2440 tot
1254 2412 1358 2447 linguis
1386 2412 1664 2446 repnesentavcrint,
1691 2416 1758 2447 quot
1785 2411 1871 2447 ipsum

1084 2445 1198 2475 Joannis
1213 2445 1329 2482 primam
1347 2445 1489 2481 epistolam
1505 2455 1537 2474 ac
1554 2447 1674 2481 reliquos
1692 2446 1778 2473 libros
1802 2445 1871 2473 Novi

1085 2481 1263 2510 Testameiiti.
1280 2482 1335 2510 Nec
1363 2483 1437 2509 enim
1465 2482 1504 2509 illi
1529 2489 1576 2509 cas
1597 2482 1707 2509 cudisse
1731 2481 1872 2508 versioues

1083 2518 1196 2553 putandi
1205 2522 1280 2549 sunt.
1294 2517 1342 2545 sed
1356 2525 1424 2552 quas
1443 2517 1563 2552 antiquis
1577 2517 1720 2553 codicibus
1734 2517 1872 2553 acrecclc-

1083 2551 1203 2580 siasticis
1226 2552 1304 2580 libris
1330 2551 1396 2580 olim
1423 2551 1548 2580 exaratas
1563 2551 1746 2583 oﬂ'enderant,
1766 2551 1828 2578 illas
1842 2551 1869 2578 in

1083 2588 1243 2624 Polyglottis
1257 2588 1318 2624 suis
1332 2587 1426 2615 Bibliis
1452 2595 1585 2624 generoso
1607 2592 1708 2624 conatu
1731 2587 1869 2624 vulgasse.

1083 2623 1122 2650 De
1133 2618 1209 2652 Juda:
1223 2623 1348 2658 cpistola.
1362 2631 1443 2658 quam
1452 2618 1501 2649 “ad
1515 2622 1612 2658 Judam
1622 2622 1725 2658 trahit,
1752 2618 1799 2658 qui
1811 2621 1872 2658 sub

1083 2658 1204 2686 Adriano
1215 2657 1293 2690 vixit,
1309 2666 1361 2685 nec
1372 2657 1417 2685 vel
1433 2657 1574 2692 apostolus
1585 2657 1628 2684 vel
1642 2657 1796 2692 discipulus
1805 2657 1870 2683 Jesu

1083 2694 1147 2724 fuit,
1160 2693 1224 2721 alibi
1238 2693 1308 2720 forte
1321 2691 1492 2721 exercendus
1508 2692 1608 2727 stylus.
1623 2691 1720 2727 Longe
1734 2697 1809 2719 certe
1819 2691 1872 2719 hoc

1083 2737 1098 2756 a
1110 2729 1155 2763 pio
1165 2729 1287 2756 fidelium
1304 2735 1397 2760 sensu,
1420 2735 1470 2755 nec
1485 2731 1539 2763 tant
1566 2727 1683 2763 veritate
1706 2734 1793 2763 quam
1805 2735 1870 2763 προ-

1084 2761 1164 2798 λήψει
1179 2763 1213 2791 ab
1230 2771 1264 2791 eo
1276 2764 1399 2795 dictum;
1422 2767 1450 2790 et
1467 2762 1544 2798 quod
1565 2761 1650 2798 frater
1666 2761 1769 2798 Jacobi.
1788 2762 1872 2795 idque

1083 2797 1171 2834 genus
1184 2799 1247 2829 alia.
1259 2798 1402 2834 subdititia
1418 2797 1570 2834 contendit,
1581 2832 1586 2834 _
1599 2797 1678 2832 plane
1691 2797 1767 2824 dictu
1785 2801 1872 2823 tonic-

1084 2832 1187 2861 rarium
1202 2834 1253 2866 sit;
1275 2841 1338 2861 cum
1368 2833 1462 2868 plagii,
1479 2832 1554 2868 quod
1580 2832 1608 2859 in
1639 2840 1669 2860 re
1694 2836 1748 2868 tam
1773 2835 1871 2868 sancta

1084 2869 1259 2909 commissum
1272 2873 1354 2902 esset,
1368 2866 1440 2896 nulli
1453 2866 1545 2896 idenei
1561 2871 1646 2895 testes
1675 2866 1790 2903 produci
1807 2873 1872 2901 pos—

1084 2909 1148 2932 smt.
