2072 3160
169 162 221 195 129

543 162 684 194 ORATIO
701 162 765 194 VII.
779 174 814 181 ·-
826 162 868 193 ΙΝ
888 163 1042 193 LAUDEM
1062 163 1093 194 S.
1111 162 1252 195 THOM/E
1271 163 1464 195 APOSTOLI.

1752 159 1803 192 130

165 223 283 258 τώτερος
295 220 325 248 δὲ
343 220 454 248 πάντων
466 219 567 255 μᾶλλον
585 221 600 247 ὁ
625 220 696 256 ὑπὲρ
718 219 774 248 τῶν
799 219 955 246 ἀποστόλων

1010 224 1098 249 autem
1112 221 1193 256 longe
1208 220 1338 249 omnibus
1357 220 1533 254 laudabilior,
1547 219 1596 256 qui
1611 220 1800 256 apostolorum

165 269 222 299 τοῖς
240 267 328 300 ἀξίοις
344 267 519 302 ἐγγενόμενος
530 274 537 281 ·
567 266 616 293 καὶ
632 266 753 301 τοσούτῳ
784 266 877 298 πλέον,
904 265 960 301 ὅτῳ

167 314 216 341 καὶ
234 313 311 341 αὐτοὶ
327 313 438 340 πάντων
457 311 512 339 τῶν
526 312 623 346 ἁγίων,
648 312 790 347 ἁγιότητος
823 311 960 348 ὑπερϐολῇ

167 358 403 395 ἀκραιφνέστερον
416 358 455 394 τῷ
471 358 614 393 ὐπεραγίῳ
632 358 864 393 προσῳκείωνται.
881 357 957 384 Ἐπι-

167 405 332 440 ποθὴσωμεν
348 404 440 430 τοίνυν
451 403 515 435 τοὺς
533 402 588 430 τῶν
602 403 687 437 ἁγίων
697 402 892 437 ἀξιοποθήτους
907 410 954 437 χο-

169 451 243 486 ροὺς,
263 451 311 477 καὶ
332 449 435 476 τούτων
460 449 589 484 μάλιστα,
616 448 663 475 τὸν
696 447 958 484 ὑπεραναὸεὸηκότα

166 497 230 527 τοὺς
248 496 325 527 ὅλους
337 496 371 530 τῇ
389 494 531 530 θεοειδείᾳ.
553 495 599 522 καὶ
611 495 731 529 συνεχῶς
747 495 787 529 τῷ
803 494 958 528 ὑπερουσίῳ

168 542 390 578 συνῳκειωμένον
405 549 412 557 ο
435 541 485 577 τὴν
500 541 641 577 ὑπερφερῆ
662 542 734 576 λέγω
765 540 960 576 ἀξιεραστοτά-

166 597 218 624 την
231 588 287 614 τῶν
301 587 412 623 ὑψηλῶν
423 587 582 614 ἀποστόλων
594 587 744 614 δωδεκάδα.

1009 267 1108 301 gratia,
1122 274 1217 294 eorum
1231 267 1279 302 qui
1294 272 1359 295 sunt
1372 267 1448 303 digni
1464 267 1572 295 animos
1591 267 1723 300 incessit;
1738 272 1800 294 tan-

1010 316 1093 347 toque
1104 312 1231 347 amplius,
1245 317 1349 347 quanto
1363 318 1392 341 et
1408 313 1448 340 illi
1462 313 1626 342 excellentia
1634 313 1800 347 sanctitatis,

1009 358 1183 385 sanctitatem
1193 358 1442 391 omnemvincenti,
1450 359 1552 386 sanctis
1563 359 1692 386 omnibus
1703 359 1801 394 purius

1008 403 1157 438 veriusque
1172 403 1375 432 necessitudine
1392 404 1532 440 conjuncti
1545 409 1620 433 sunt.
1632 404 1732 432 Amore
1747 404 1801 440 igi-

1009 453 1055 475 tur
1073 453 1101 476 et
1118 449 1267 484 desiderio,
1288 450 1386 486 dignos
1399 458 1465 479 vere
1476 451 1524 486 qui
1541 455 1668 478 amentur
1683 458 1716 478 ac
1728 450 1802 478 desi-

1010 494 1089 522 derio
1103 495 1268 530 habeantur,
1284 501 1441 524 sanctorum
1455 496 1555 524 choros
1574 503 1774 532 prosequamur
1789 504 1799 523 :

1010 541 1133 568 omnium
1161 547 1253 570 autem
1281 543 1409 575 maxime,
1434 542 1482 578 qui
1502 542 1595 570 divina
1619 542 1800 570 similitudine

1011 593 1108 614 omnes
1140 588 1282 622 praecellit,
1311 589 1498 624 continuoque
1519 587 1663 616 excedenti
1689 595 1801 615 omnem

167 634 352 661 substantiam
381 633 502 661 cohaeret
532 640 566 661 ac
594 632 800 660 necessitudine
816 629 1058 667 coniunctissimus
1089 638 1151 667 est;
1171 634 1304 662 eximium
1323 634 1386 663 dico
1409 634 1547 670 digneque
1572 633 1801 661 amabilissimum

166 682 331 709 sublimium
344 680 546 709 duodenarium
560 680 749 715 apostolorum
762 684 876 708 coetum.

203 730 313 764 Ταύτην
321 729 546 764 ὲπιποθήσωμεν,
565 728 669 764 ταύτην
685 728 853 764 ζηλὼσωμεν
870 736 878 744 ο
906 727 957 754 καὶ

166 776 212 803 διὰ
227 776 370 811 μιμήσεως
389 775 440 809 τῆς
459 776 526 810 ἡμὶν
551 774 676 809 ὲφικτῆς,
700 774 802 809 ταύτης
829 773 957 808 γενέσθαι

168 822 367 856 σπουδάσωμεν
393 821 529 848 κοινωνοί.
559 820 639 847 Οὕτω
673 820 727 856 γὰρ
744 819 890 852 διἀὒτῶν,
915 818 955 854 τῷ
970 832 992 862 Β

165 868 314 903 ἀκροτάτῳ
328 866 382 894 τῶν
401 867 517 901 ἐφετῶν,
540 866 580 902 τῷ
598 867 830 902 ὲγκατῳκισμένῳ
849 865 955 897 τούτοις

167 915 316 950 ὲγγιοῦμεν
336 913 448 949 Χριστῷ
468 921 476 929 ·
497 912 629 948 μακάριοί
653 921 684 939 τε
702 911 741 948 τῷ
763 911 821 938 ὄντι
842 911 912 938 κατὰ
925 910 956 937 τὺ

167 961 243 996 ἱερὸν
265 958 386 994 ἐσόμεθα
406 959 507 993 λόγιον,
530 957 699 993 πληροῦντες
727 957 777 991 τὴν
806 956 956 992 ἐπιθυμίαν

167 1006 250 1042 ἡμῶν
262 1006 291 1039 ἐξ
307 1005 410 1037 αὐτῶν,
421 1005 469 1031 καὶ
484 1004 522 1040 μὴ
537 1004 740 1040 αἰσχυνόμενοι,
757 1003 826 1039 ἡνίκ’
843 1002 877 1030 ἂν
888 1002 957 1038 πρὸς

167 1053 229 1084 ταῖς
244 1051 291 1078 τοῦ
307 1051 365 1086 βίου
381 1051 479 1082 πύλαις
493 1051 636 1085 γενόμενοι
646 1071 652 1082 ,
670 1051 726 1081 τοῖς
750 1050 854 1077 ἑαυτῶν
879 1051 956 1077 ἀντι-

167 1098 294 1133 ϐολῶμεν
304 1097 360 1133 (2i)
380 1097 500 1133 ἐχθροῖς.
521 1097 601 1124 Ἀλλὰ
618 1097 655 1132 μὴ
678 1097 802 1132 ἄκαρπόν
819 1104 880 1124 τινα
909 1095 957 1123 καὶ

166 1143 252 1180 ψιλὴν
265 1143 358 1178 ἔφεσιν
369 1143 437 1178 πρὸς
450 1143 549 1174 αὐτοὺς
560 1141 780 1177 ὲπαγγελώμεθα
791 1150 799 1158 ·
811 1142 909 1177 ὲνεργῆ
929 1141 957 1168 δὲ

165 1191 216 1217 καὶ
230 1190 390 1225 ἔμπρακτον
409 1188 600 1224 εἰσ-φέρωμεν
624 1188 672 1215 καὶ
699 1187 750 1223 βίῳ
778 1188 827 1223 μὲν
851 1187 957 1223 τελείῳ,

165 1235 219 1270 τὴν
232 1234 417 1270 τρανεστέραν
445 1234 592 1269 ὁμοίωσιν,
615 1233 653 1265 ὡς
677 1233 800 1266 δυνατὸν,
829 1233 959 1269 ἀφοσιού-

169 1288 266 1315 μενοι·
296 1279 368 1315 λόγῳ
393 1279 443 1312 δὲ,
467 1278 516 1314 τὴν
538 1278 714 1314 καθήκουσαν
736 1278 841 1306 αῐνεσιν
865 1280 958 1311 αὐτοῖς

167 1326 376 1362 ἀφιερούμενοι,
391 1326 426 1353 δι’
442 1327 543 1361 ἀμφοῖν
568 1325 615 1353 τὸν
638 1326 668 1352 ὲν
681 1326 774 1358 αὐτοῖς
800 1326 958 1361 ἁγιάζωμεν

168 1371 379 1406 ἐνδοξαζόμενον
399 1370 476 1398 Θεόν.

209 1417 288 1443 Ἐστι
303 1416 353 1452 μὲν
368 1413 415 1443 οὖν
427 1417 521 1451 ὥσπερ
535 1413 574 1447 εἷς
587 1416 688 1451 ὁμοίως
708 1416 763 1444 τῶν
778 1416 882 1443 δώδεκα
903 1416 960 1442 Πα-

169 1464 223 1500 τὴρ
237 1466 251 1491 ό
267 1464 344 1497 Θεὸς,
360 1463 518 1495 διδάσκαλός
534 1472 564 1490 τε
584 1464 632 1490 καὶ
646 1464 748 1499 Κύριος
770 1464 818 1491 καὶ
837 1463 959 1498 καθηγη-

169 1511 219 1546 τὴς
233 1512 247 1537 ὁ
262 1510 394 1545 Χριστός·
411 1510 460 1545 μία
476 1518 505 1536 τε
520 1511 611 1541 πίστις
624 1511 670 1536 καὶ
684 1510 763 1545 χάρις
781 1510 828 1536 καὶ
846 1509 958 1544 δύναμις
972 1501 994 1532 c

169 1556 218 1583 τοῦ
235 1555 407 1591 [Ιπιεύματος-
430 1556 447 1591 ἤ
469 1564 498 1582 τε
520 1556 642 1583 διακονία
661 1556 711 1591 τῆς
725 1556 895 1591 ἀποστολῆς,
913 1556 960 1583 καὶ

168 1602 275 1636 ἁμοιὸὴ
288 1601 316 1628 δὲ
327 1601 381 1628 τῶν
394 1602 483 1636 γερῶν
495 1602 512 1637 ἡ
526 1601 606 1637 αὐτὴ,
616 1601 687 1628 οὕτω
701 1603 747 1629 καὶ
764 1603 874 1634 ἔπαινος
888 1603 902 1629 ὁ
915 1602 961 1628 αὑ-

169 1649 219 1679 τδς
231 1647 287 1674 τῶν
304 1647 433 1682 μαθητῶν
445 1647 574 1674 ἁπάντων
585 1648 668 1674 ἐστίν.
679 1648 748 1674 Ἀλλ’
762 1649 799 1680 ὡς
811 1649 871 1675 κατ’
882 1648 960 1675 ἄλλον

168 1693 273 1729 τρόπον
289 1692 338 1728 τὴν
361 1693 415 1719 ἀπὸ
431 1692 477 1720 τοῦ
501 1693 627 1729 σώματος
654 1693 704 1728 μὲν
727 1693 870 1729 ἐκδημίαν,
893 1694 961 1730 πρὸς

170 1738 278 1774 Κύριον
301 1737 330 1764 δὲ
351 1738 543 1774 πεποιημένων
566 1739 706 1774 ὲνδημίαν,
722 1739 879 1773 ἀναγκαίως
894 1739 961 1766 ἑκά-

171 1794 229 1819 στῳ
245 1785 293 1811 καὶ
309 1785 326 1820 ἡ
340 1785 443 1816 αῐνεσις
460 1784 617 1820 ἰδιοτρόπως
631 1785 796 1811 ἀποδίδοται.

208 1832 258 1862 Τίς
271 1829 318 1857 οὖν
335 1831 381 1857 τὸν
396 1831 469 1866 ἱερὸν
487 1830 614 1864 σύλλογον
626 1831 721 1857 τοῦτον
735 1831 751 1866 ἢ
767 1830 860 1858 θίασον
877 1830 964 1865 σήμε-

171 1886 221 1913 ρον
236 1877 368 1903 συνιστῶν
378 1897 386 1910 ,
402 1877 449 1903 καὶ
467 1877 620 1912 προθυμίας
633 1875 814 1912 ἀναπιμπλῶν
823 1895 831 1908 ,
843 1876 890 1902 καὶ
902 1876 964 1911 ἠδο-

171 1924 223 1958 νῆς
252 1923 419 1958 θαυμασίας,
445 1923 492 1949 καὶ
521 1922 698 1958 φαιδρότητος
726 1923 776 1955 τὰς
800 1922 963 1957 Ἐκκλησῐας

170 1969 349 2004 ἀναπληρῶν,
366 1968 414 1996 καὶ
438 1968 506 2004 πρὸς
527 1969 680 2003 δοξολογίαν
700 1969 774 1996 θείαν
795 1969 963 2004 συναγείρων

170 2015 222 2042 καὶ
235 2015 408 2050 συγκροτῶν;
418 2015 454 2041 Ἢ
464 2015 531 2041 πᾶσι
547 2015 704 2050 καταφανὴς
716 2017 733 2050 ἡ
749 2015 823 2042 αιτία
839 2015 889 2050 τῆς
902 2016 964 2051 ἑορ-

171 2062 242 2096 τῆς;
258 2061 358 2096 Θωμᾶς
371 2061 425 2096 γὰρ
445 2061 460 2088 ὁ
476 2061 562 2096 μέγας
578 2061 624 2087 τοῦ
640 2061 806 2096 Εὐαγγελίου
821 2061 961 2097 λαμπτὴρ,

170 2108 202 2134 οὑ
217 2107 288 2143 πρὸς
300 2107 426 2142 αἴσθησιν
441 2107 610 2143 σωματικὴν.
623 2107 690 2134 ἀλλὰ
705 2108 800 2143 νοερὰν
814 2107 964 2143 ἐξανίσχων

169 2156 250 2190 ἡμῖν,
268 2156 316 2182 καὶ
328 2156 488 2190 φανωτάτας
502 2155 551 2190 τῆς
565 2155 648 2183 αὑτοῦ
664 2157 773 2193 μνήμης
787 2156 836 2188 τὰς
854 2164 964 2192 μαρμα-

170 2202 261 2237 ρυγὰς
275 2202 367 2234 ἐνιεὶς,
383 2201 452 2236 πρὸς
465 2202 516 2237 τὴν
534 2202 639 2230 οἰκείαν
653 2202 783 2237 συγκαλεῖ
796 2202 886 2235 δόξαν.
903 2202 964 2229 Θω-

169 2249 227 2284 μᾶς
245 2249 259 2275 ὁ
273 2248 363 2283 τίμιος
387 2248 471 2281 λίθος,
486 2249 534 2275 καὶ
550 2248 648 2280 σεπτδς
664 2248 712 2275 καὶ
732 2248 874 2280 ἐκλεκτός·
896 2249 910 2275 ό
925 2247 965 2283 τῷ

168 2293 301 2328 στεφάνῳ
315 2293 365 2328 τῆς
377 2293 457 2329 δόξης
471 2294 510 2329 τῷ
523 2295 557 2330 τῇ
571 2294 726 2330 ἐπουρανίῳ
744 2294 873 2322 πλακέντι
884 2294 964 2327 Σιὼν,

167 2340 241 2375 προς
262 2341 320 2371 τοῖς
344 2339 441 2366 ἕνδεκα
463 2341 667 2375 συνηρτημένος
682 2347 690 2355 ·
718 2341 732 2367 ὁ
758 2340 932 2377 μαργαρίτης
951 2341 966 2367 ὁ

166 2385 341 2420 ὁλολαμπής.
351 2385 380 2411 ὐ
390 2385 503 2421 γνώμης
516 2386 659 2422 ἁπλότητι,
669 2386 715 2413 καὶ
727 2387 786 2418 νοὸς
799 2386 965 2422 καθαρότητι

167 2432 217 2458 καὶ
230 2432 363 2466 φανότητι
376 2431 437 2459 ὅλον
452 2431 483 2458 τὸ
497 2432 601 2459 ἁπλοῦν
615 2433 672 2467 φῶς
688 2434 735 2460 καὶ
750 2432 895 2468 θεαρχικδν
910 2433 966 2460 εισ-

167 2477 333 2512 δεδεγμένος
345 2498 353 2510 ,
372 2478 419 2504 καὶ
433 2478 652 2514 μεγαλοπρεπεῖς
667 2478 714 2514 ἀφ’
728 2479 825 2506 ἑαυτοῦ
839 2480 894 2511 τοῖς
907 2478 967 2511 ἑζο-

168 2524 310 2558 φωμένοις
325 2524 414 2550 ἔθνεσι
427 2524 478 2555 τὰς
492 2524 706 2557 ἀντανακλάσεις
725 2525 898 2560 ἀποπέμπων
911 2525 965 2552 τῶν

168 2570 334 2605 φωτισμῶν,
352 2569 464 2604 Θωμᾶς,
479 2571 494 2597 ὁ
515 2570 563 2597 καὶ
584 2570 714 2607 Δίδυμος·
731 2570 812 2598 τοῦτο
835 2571 891 2607 γὰρ
918 2570 965 2598 τοῦ

206 2651 231 2666 ⁸⁸
256 2650 331 2678 Psal.
351 2657 442 2682 cxxvt,
457 2650 485 2677 5.

216 2707 265 2744 2i)
283 2707 510 2744 ‘Arst6ojtiiper.
532 2707 622 2735 Malim
644 2707 846 2744 ῥιντιὸαλῶμεν,
862 2708 964 2744 vixque

170 2742 300 2770 dubitem
313 2742 437 2770 Nicetam
459 2743 541 2769 aliter
554 2742 708 2778 scripsisse.
734 2743 781 2778 qui
797 2747 872 2771 totus
897 2742 966 2771 allu-

170 2779 220 2805 dat
233 2778 268 2805 ad
279 2778 373 2805 locum
385 2777 482 2812 psalmi
492 2785 571 2814 cxxw
587 2777 622 2805 de
644 2777 750 2814 judicio
774 2778 803 2806 in
816 2784 894 2814 porta
911 2779 966 2806 He-

172 2814 312 2840 braeorum
329 2820 415 2844 more,
425 2813 499 2847 quod
516 2817 612 2840 auctor
626 2813 660 2840 ad
678 2813 824 2848 judicium’
839 2814 922 2842 trahit
939 2815 965 2841 in

171 2849 249 2875 exitu
261 2849 326 2875 vita
341 2852 423 2884 atque
438 2855 564 2884 excessu,
585 2856 649 2875 cum
666 2848 764 2884 beatus
781 2857 888 2881 revera,
917 2849 965 2884 qui

172 2891 229 2911 non
243 2883 442 2916 confundetur,
457 2890 520 2910 cum
536 2883 663 2917 loquetur
679 2883 818 2918 inimicis;
831 2891 894 2913 cum
907 2883 946 2913 sci

1045 727 1127 756 Hunc
1145 728 1348 762 desideremus,
1372 728 1447 756 hunc
1463 728 1640 761 aemulemur;
1660 734 1693 755 ac
1708 727 1800 755 imita-

1010 774 1086 803 tione
1102 776 1214 810 (quanta
1228 783 1278 811 per
1288 775 1447 803 facultatem
1462 774 1537 810 licet)
1556 774 1629 802 illius
1645 773 1713 802 socii
1728 773 1799 802 ellici

1008 823 1178 850 studeamus.
1191 821 1237 849 Sic
1246 822 1320 850 enim
1335 830 1385 857 per
1399 822 1470 855 illos,
1483 828 1613 857 supremo
1633 820 1801 849 desiderabi-

1006 866 1084 901 lium,
1102 868 1130 895 in
1147 868 1188 896 eis
1203 868 1338 896 habitanti
1362 867 1484 901 Christo,
1506 874 1592 903 prope
1614 867 1798 900 accedemus;

1004 918 1038 938 ac
1055 911 1137 938 .beati
1159 911 1250 947 reipsa
1278 912 1330 948 (uti
1360 919 1469 940 sacrum
1492 910 1622 946 perhibet
1645 911 1799 945 eloquium)

1007 957 1124 991 erimus,
1149 958 1198 993 qui
1223 958 1386 994 impleamus
1413 956 1584 986 desiderium
1613 961 1737 984 nostrum
1766 963 1801 983 ex

1006 1001 1084 1037 ipsis,
1099 1010 1152 1031 nec
1165 1003 1252 1031 simus
1273 1003 1471 1038 confundondi,
1487 1010 1550 1031 cum
1574 1003 1603 1030 in
1624 1003 1689 1030 vitae
1712 1003 1801 1037 portis

1006 1050 1171 1084 constituti,
1196 1051 1317 1079 inimicis
1341 1051 1445 1079 nostris
1464 1058 1644 1079 occurremus
1658 1050 1692 1078 ⁵ο.
1720 1049 1799 1077 [laud

1006 1097 1149 1124 enimvero
1169 1097 1371 1125 infructuosum
1395 1097 1533 1132 quoddam
1549 1105 1581 1125 ac
1603 1097 1720 1132 simplex
1734 1103 1799 1131 erga

1007 1141 1069 1169 illos
1082 1142 1250 1170 desiderium
1263 1151 1441 1178 amoremque
1460 1143 1650 1178 proﬂteamur.
1661 1142 1709 1170 sed
1725 1141 1799 1177 quod

1007 1187 1103 1215 ellicax
1115 1197 1268 1224 verumque
1281 1189 1408 1221 exsistat.
1432 1188 1460 1216 in
1475 1196 1532 1215 rem
1548 1187 1722 1216 conferamus
1743 1196 1750 1214 :
1765 1194 1799 1214 ac

1007 1234 1070 1262 vita:
1080 1235 1192 1270 quidem
1205 1234 1385 1271 perfectione,
1405 1234 1589 1270 limpidiorem
1606 1233 1707 1269 (quoad
1724 1233 1799 1267 licet)

1009 1280 1217 1308 similitudinem
1229 1280 1408 1313 exhibentes;
1426 1279 1552 1307 doctrina
1564 1287 1631 1307 vero
1643 1283 1726 1314 atque
1742 1286 1801 1305 ser-

1008 1333 1091 1354 mone
1107 1326 1217 1354 laudem
1233 1326 1275 1354 eis
1298 1333 1448 1361 congruam
1467 1326 1664 1361 depangentes,
1682 1329 1800 1360 utroque

1008 1371 1056 1407 qui
1068 1372 1095 1399 in
1112 1371 1167 1400 illis
1180 1371 1377 1404 sanctiﬁcatur,
1395 1372 1481 1399 Deum
1497 1370 1712 1398 sanctiﬂcemus.

1043 1425 1090 1452 Est
1103 1425 1185 1460 igitur
1194 1424 1437 1460 ,quemadmodum
1448 1431 1519 1451 unus
1537 1424 1640 1459 pariter
1653 1423 1801 1451 duodecim

1009 1471 1089 1499 Pater
1103 1471 1186 1503 Deus,
1201 1470 1381 1506 magisterque
1395 1474 1424 1497 et
1448 1469 1577 1497 dominus
1591 1474 1674 1504 atque
1696 1476 1802 1504 praece-

1011 1522 1084 1553 ptor,
1092 1517 1219 1545 Christus
1235 1524 1305 1550 ;una
1314 1524 1423 1552 queque
1441 1516 1508 1544 ﬁdes
1521 1521 1549 1544 et
1560 1516 1644 1551 gratia
1657 1516 1802 1550 virtusque

1011 1563 1129 1598 Spiritus
1145 1584 1153 1596 ,
1169 1562 1366 1598 apostolicique
1383 1562 1505 1590 muneris
1517 1562 1631 1593 functio,
1651 1569 1682 1589 ac
1705 1561 1801 1589 eadem

1010 1608 1185 1642 pratmiorum
1194 1606 1348 1639 retributio,
1359 1606 1399 1634 sic
1408 1610 1436 1633 et
1448 1606 1543 1633 eadem
1555 1606 1615 1633 laus
1628 1604 1750 1633 omnium
1760 1605 1802 1632 di—

1011 1654 1178 1689 scipulorum
1192 1652 1299 1680 exsistit
1314 1660 1321 1679 :
1337 1651 1410 1687 quod
1425 1656 1514 1679 tamen
1524 1651 1577 1679 alia
1592 1651 1700 1686 aliaque
1719 1650 1803 1677 ratio-

1011 1707 1046 1727 ne
1060 1699 1218 1735 emigrarint
1234 1706 1249 1726 e
1258 1705 1374 1733 corpore
1386 1701 1414 1725 el.
1425 1697 1458 1725 ad
1478 1697 1623 1725 Dominum
1635 1697 1803 1732 commigra—

1012 1745 1083 1777 rint,
1094 1744 1250 1772 necessario
1260 1751 1370 1779 quoque
1380 1743 1492 1779 propria
1505 1743 1605 1778 cuique
1617 1743 1678 1771 laus
1697 1742 1804 1770 ratione

1013 1791 1193 1827 dependitur.

1066 1843 1196 1877 Quisnam
1211 1843 1296 1879 igitur
1309 1847 1351 1870 est
1361 1842 1408 1878 qui
1421 1849 1530 1870 sacrum
1545 1841 1620 1869 hunc
1635 1846 1803 1869 conventum

1013 1895 1062 1916 seu
1078 1888 1193 1916 chorum
1208 1888 1340 1915 hodierna
1356 1888 1400 1915 die
1410 1886 1568 1919 constituit,
1581 1886 1730 1921 impletque
1744 1886 1804 1913 ala-

1013 1935 1111 1962 critate
1125 1955 1133 1968 ,
1152 1942 1185 1963 ac
1202 1935 1272 1962 mira
1283 1934 1422 1969 voluptate
1433 1932 1648 1968 acjucunditate
1665 1932 1804 1960 Ecclesiae

1016 1981 1118 2015 ubique
1132 1980 1216 2008 aliicit
1230 1999 1237 2012 ,
1248 1984 1330 2014 atque
1343 1969 1439 2006 ad‘Dci
1459 1979 1554 2005 laudes
1568 1978 1805 2006 concelebrandas

1014 2030 1160 2062 congregat
1172 2030 1313 2060 coetusque
1330 2025 1402 2060 cogit
1414 2025 1426 2051 *Ξ
1438 2024 1509 2052 Num
1534 2024 1642 2051 cunctis
1660 2023 1805 2052 manifesta

1014 2074 1077 2102 festi
1086 2074 1155 2101 ratio
1165 2081 1196 2101 ac
1204 2081 1285 2101 causa
1295 2073 1306 2100 ?
1314 2073 1416 2108 Nempe
1429 2072 1548 2099 Thomas
1558 2079 1654 2106 magna
1663 2072 1708 2099 illa
1716 2071 1805 2099 Evan-

1015 2120 1078 2156 gelii
1087 2120 1141 2152 fax,
1152 2128 1207 2147 non
1216 2119 1366 2154 corporalis
1377 2126 1474 2146 sensus
1489 2118 1606 2149 ratione,
1617 2118 1664 2145 sed
1689 2118 1805 2152 spirita-

979 2170 1002 2200 ι)
1015 2167 1049 2194 lis
1064 2167 1217 2201 mentisque
1226 2166 1331 2201 fulgure
1347 2165 1427 2193 nobis
1443 2164 1569 2192 exoriens
1584 2184 1591 2196 ,
1602 2163 1805 2192 lucidissimos-

1014 2219 1066 2247 quc
1081 2219 1136 2239 suae
1150 2210 1290 2238 memoria:
1301 2210 1417 2238 micatus
1430 2209 1543 2237 vibrans
1559 2229 1567 2243 ,
1582 2209 1617 2237 ad
1632 2210 1720 2245 ipsius
1733 2218 1804 2238 con-

1013 2261 1093 2285 vocat
1109 2256 1301 2284 celebrandum
1314 2255 1439 2291 gloriam.
1452 2255 1572 2283 Thomas
1588 2256 1719 2283 nimirum
1740 2264 1804 2291 pre-

1014 2302 1102 2330 tiosus
1117 2301 1187 2337 lapis
1200 2309 1233 2329 ac
1244 2301 1409 2330 venerabilis
1422 2301 1582 2336 electusque
1595 2322 1603 2335 ,
1622 2309 1731 2330 corona:
1745 2303 1806 2338 glo-

1014 2348 1062 2375 ria:
1076 2347 1180 2376 caelesti
1190 2348 1276 2383 plenae.
1288 2347 1364 2375 Sioni
1380 2368 1388 2381 ,
1401 2347 1530 2375 undecim
1546 2348 1693 2383 adjunctus
1708 2348 1807 2383 imple-

1016 2400 1121 2428 xusque
1134 2397 1261 2421 catervze.
1272 2393 1416 2428 Margarita
1424 2392 1498 2421 omni
1512 2397 1590 2428 parte
1602 2393 1712 2421 lucidus
1727 2414 1734 2426 ,
1746 2394 1807 2420 ani-

1016 2439 1053 2465 mi
1067 2438 1240 2474 simplictiate
1256 2438 1411 2474 mentisque
1430 2439 1550 2474 puritate
1564 2447 1596 2466 ac
1608 2439 1806 2475 perspicuitate

1016 2487 1074 2511 toto
1095 2482 1154 2517 ipso
1163 2482 1280 2518 simplici
1295 2483 1445 2518 divinoquc
1471 2483 1576 2511 lumine
1591 2483 1653 2510 sinu
1664 2488 1805 2519 suscepto,

1016 2527 1230 2563 magnilicosque
1244 2536 1260 2555 a
1279 2535 1309 2556 se
1320 2529 1380 2563 ipso
1396 2529 1528 2556 obcaecati
1540 2529 1656 2564 caligine
1677 2529 1806 2565 gentibus

1017 2572 1231 2601 illustrationum
1244 2573 1364 2609 fulgores
1382 2573 1503 2602 refractu
1522 2574 1652 2602 eminens
1673 2574 1804 2608 Thomas,

1013 2708 1081 2737 licet
1093 2708 1282 2744 respondebit,
1300 2716 1333 2736 ac
1348 2709 1432 2737 verba
1445 2709 1532 2741 dabit,
1550 2709 1584 2737 iis
1609 2706 1804 2744 accusantibus

1016 2752 1049 2772 ac
1070 2743 1252 2780 (immanibus,
1270 2752 1320 2779 pro
1337 2744 1380 2772 his
1397 2752 1458 2780 qua:
1480 2745 1589 2780 illorum
1610 2743 1726 2770 maxime
1742 2749 1806 2777 sug-

1014 2779 1137 2819 gestione
1148 2780 1290 2813 peccavit;
1314 2780 1388 2819 quod
1407 2779 1630 2819 οξι-ἁντιϐαλείν
1643 2786 1650 2792 ·
1664 2785 1718 2819 non
1741 2785 1804 2804 cum

1015 2813 1070 2841 illis
1100 2819 1237 2846 occurret,
1262 2813 1336 2849 quod
1365 2815 1529 2845 ἀντιὸαλεῖν,
1546 2818 1573 2849 et
1597 2813 1729 2849 remotius
1750 2818 1803 2845 cst,

1014 2857 1063 2878 seu
1080 2848 1327 2884 communiusﬁiec
1342 2857 1503 2885 expressum
1521 2856 1536 2876 a
1549 2848 1662 2876 Davidc.
