  <div class='ocr_page' id='page_1' title='image "/cluster/home/n/w/nwhite01/storage/ocr_20150623/105/njp.32101077772893/073.png"; bbox 0 0 2072 3160; ppageno 0'>
   <div class='ocr_carea' id='block_1_1' title="bbox 264 146 314 179">
    <p class='ocr_par' dir='ltr' id='par_1_1' title="bbox 264 146 314 179">
     <span class='ocr_line' id='line_1_1' title="bbox 264 146 314 179; baseline 0 0"><span class='ocrx_word' id='word_1_1' title='bbox 264 146 314 179; x_wconf 76' lang='lat'><strong>131</strong></span> 
     </span>
    </p>
   </div>
   <div class='ocr_carea' id='block_1_2' title="bbox 262 245 1045 287">
    <p class='ocr_par' dir='ltr' id='par_1_2' title="bbox 262 245 1045 287">
     <span class='ocr_line' id='line_1_2' title="bbox 262 245 1045 287; baseline -0.009 -8"><span class='ocrx_word' id='word_1_2' title='bbox 262 259 317 287; x_wconf 91' lang='lat' dir='ltr'><strong>que</strong></span> <span class='ocrx_word' id='word_1_3' title='bbox 341 250 427 277; x_wconf 92' lang='lat' dir='ltr'><strong>notio.</strong></span> <span class='ocrx_word' id='word_1_4' title='bbox 442 248 529 277; x_wconf 83' lang='lat' dir='ltr'><strong>Porro</strong></span> <span class='ocrx_word' id='word_1_5' title='bbox 555 247 686 282; x_wconf 77' lang='lat' dir='ltr'><strong>Didymus</strong></span> <span class='ocrx_word' id='word_1_6' title='bbox 716 246 868 281; x_wconf 87' lang='lat' dir='ltr'><strong>appellatus</strong></span> <span class='ocrx_word' id='word_1_7' title='bbox 893 250 935 273; x_wconf 88' lang='lat' dir='ltr'><strong>est</strong></span> <span class='ocrx_word' id='word_1_8' title='bbox 953 245 1045 280; x_wconf 85' lang='lat' dir='ltr'><strong>,quod</strong></span> 
     </span>
    </p>
   </div>
   <div class='ocr_carea' id='block_1_3' title="bbox 263 291 1045 326">
    <p class='ocr_par' dir='ltr' id='par_1_3' title="bbox 263 291 1045 326">
     <span class='ocr_line' id='line_1_3' title="bbox 263 291 1045 326; baseline -0.008 -3"><span class='ocrx_word' id='word_1_9' title='bbox 263 303 317 324; x_wconf 93' lang='lat' dir='ltr'><strong>non</strong></span> <span class='ocrx_word' id='word_1_10' title='bbox 330 294 406 322; x_wconf 83' lang='lat' dir='ltr'><strong>solus</strong></span> <span class='ocrx_word' id='word_1_11' title='bbox 419 313 426 326; x_wconf 93' lang='lat'><strong>,</strong></span> <span class='ocrx_word' id='word_1_12' title='bbox 436 293 485 322; x_wconf 84' lang='lat' dir='ltr'><strong>sed</strong></span> <span class='ocrx_word' id='word_1_13' title='bbox 492 300 555 321; x_wconf 88' lang='lat' dir='ltr'><strong>cum</strong></span> <span class='ocrx_word' id='word_1_14' title='bbox 571 293 658 320; x_wconf 88' lang='lat' dir='ltr'><strong>altero</strong></span> <span class='ocrx_word' id='word_1_15' title='bbox 670 291 766 326; x_wconf 80' lang='lat' dir='ltr'><strong>illique</strong></span> <span class='ocrx_word' id='word_1_16' title='bbox 779 291 910 326; x_wconf 89' lang='lat' dir='ltr'><strong>gemellus</strong></span> <span class='ocrx_word' id='word_1_17' title='bbox 919 298 973 317; x_wconf 90' lang='lat' dir='ltr'><strong>uno</strong></span> <span class='ocrx_word' id='word_1_18' title='bbox 981 298 1045 325; x_wconf 87' lang='lat' dir='ltr'><strong>par-</strong></span> 
     </span>
    </p>
   </div>
   <div class='ocr_carea' id='block_1_4' title="bbox 263 338 504 367">
    <p class='ocr_par' dir='ltr' id='par_1_4' title="bbox 263 338 504 367">
     <span class='ocr_line' id='line_1_4' title="bbox 263 338 504 367; baseline -0.012 0"><span class='ocrx_word' id='word_1_19' title='bbox 263 345 293 367; x_wconf 82' lang='lat' dir='ltr'><strong>tu</strong></span> <span class='ocrx_word' id='word_1_20' title='bbox 306 339 398 367; x_wconf 74' lang='lat' dir='ltr'><strong>editus</strong></span> <span class='ocrx_word' id='word_1_21' title='bbox 412 342 455 365; x_wconf 87' lang='lat' dir='ltr'><strong>est</strong></span> <span class='ocrx_word' id='word_1_22' title='bbox 469 338 504 365; x_wconf 72' lang='grc' dir='ltr'><strong>δι.</strong></span> 
     </span>
    </p>
   </div>
   <div class='ocr_carea' id='block_1_5' title="bbox 299 380 1047 417">
    <p class='ocr_par' dir='ltr' id='par_1_5' title="bbox 299 380 1047 417">
     <span class='ocr_line' id='line_1_5' title="bbox 299 380 1047 417; baseline -0.005 -5"><span class='ocrx_word' id='word_1_23' title='bbox 299 384 348 412; x_wconf 81' lang='lat' dir='ltr'><strong>llic</strong></span> <span class='ocrx_word' id='word_1_24' title='bbox 357 391 424 412; x_wconf 77' lang='lat' dir='ltr'><strong>vero</strong></span> <span class='ocrx_word' id='word_1_25' title='bbox 436 383 465 411; x_wconf 87' lang='lat' dir='ltr'><strong>in</strong></span> <span class='ocrx_word' id='word_1_26' title='bbox 478 387 610 412; x_wconf 81' lang='lat' dir='ltr'><strong>terrestre</strong></span> <span class='ocrx_word' id='word_1_27' title='bbox 620 382 720 411; x_wconf 71' lang='lat' dir='ltr'><strong>omium</strong></span> <span class='ocrx_word' id='word_1_28' title='bbox 734 381 829 417; x_wconf 66' lang='lat' dir='ltr'><strong>(edem</strong></span> <span class='ocrx_word' id='word_1_29' title='bbox 843 381 948 409; x_wconf 85' lang='lat' dir='ltr'><strong>scilicet</strong></span> <span class='ocrx_word' id='word_1_30' title='bbox 959 380 1047 416; x_wconf 84' lang='lat' dir='ltr'><strong>suam)</strong></span> 
     </span>
    </p>
   </div>
   <div class='ocr_carea' id='block_1_6' title="bbox 264 428 1048 462">
    <p class='ocr_par' dir='ltr' id='par_1_6' title="bbox 264 428 1048 462">
     <span class='ocr_line' id='line_1_6' title="bbox 264 428 1048 462; baseline -0.006 -3"><span class='ocrx_word' id='word_1_31' title='bbox 264 432 384 460; x_wconf 86' lang='lat' dir='ltr'><strong>ﬁdelium</strong></span> <span class='ocrx_word' id='word_1_32' title='bbox 401 434 504 458; x_wconf 82' lang='lat' dir='ltr'><strong>turmas</strong></span> <span class='ocrx_word' id='word_1_33' title='bbox 521 430 550 457; x_wconf 90' lang='lat' dir='ltr'><strong>in</strong></span> <span class='ocrx_word' id='word_1_34' title='bbox 566 430 727 457; x_wconf 83' lang='lat' dir='ltr'><strong>concionem</strong></span> <span class='ocrx_word' id='word_1_35' title='bbox 740 435 843 456; x_wconf 86' lang='lat' dir='ltr'><strong>vocans</strong></span> <span class='ocrx_word' id='word_1_36' title='bbox 858 447 866 460; x_wconf 86' lang='lat'><em>.</em></span> <span class='ocrx_word' id='word_1_37' title='bbox 878 435 983 462; x_wconf 83' lang='lat' dir='ltr'><strong>suaque</strong></span> <span class='ocrx_word' id='word_1_38' title='bbox 994 428 1048 454; x_wconf 89' lang='lat' dir='ltr'><strong>mi-</strong></span> 
     </span>
    </p>
   </div>
   <div class='ocr_carea' id='block_1_7' title="bbox 266 474 1048 511">
    <p class='ocr_par' dir='ltr' id='par_1_7' title="bbox 266 474 1048 511">
     <span class='ocr_line' id='line_1_7' title="bbox 266 474 1048 511; baseline -0.006 -7"><span class='ocrx_word' id='word_1_39' title='bbox 266 477 359 504; x_wconf 80' lang='lat' dir='ltr'><strong>racula</strong></span> <span class='ocrx_word' id='word_1_40' title='bbox 373 484 406 504; x_wconf 89' lang='lat' dir='ltr'><strong>ac</strong></span> <span class='ocrx_word' id='word_1_41' title='bbox 420 477 550 511; x_wconf 75' lang='lat' dir='ltr'><strong>pra-clara</strong></span> <span class='ocrx_word' id='word_1_42' title='bbox 566 479 641 511; x_wconf 85' lang='lat' dir='ltr'><strong>gesta</strong></span> <span class='ocrx_word' id='word_1_43' title='bbox 653 475 769 510; x_wconf 73' lang='lat' dir='ltr'><strong>spiritali</strong></span> <span class='ocrx_word' id='word_1_44' title='bbox 783 474 910 501; x_wconf 84' lang='lat' dir='ltr'><strong>convivio</strong></span> <span class='ocrx_word' id='word_1_45' title='bbox 919 474 1048 508; x_wconf 84' lang='lat' dir='ltr'><strong>lautaque</strong></span> 
     </span>
    </p>
   </div>
   <div class='ocr_carea' id='block_1_8' title="bbox 263 518 1049 558">
    <p class='ocr_par' dir='ltr' id='par_1_8' title="bbox 263 518 1049 558">
     <span class='ocr_line' id='line_1_8' title="bbox 263 518 1049 558; baseline -0.004 -9"><span class='ocrx_word' id='word_1_46' title='bbox 263 522 421 558; x_wconf 75' lang='lat' dir='ltr'><strong>epulatione</strong></span> <span class='ocrx_word' id='word_1_47' title='bbox 440 528 581 556; x_wconf 89' lang='lat' dir='ltr'><strong>apponens</strong></span> <span class='ocrx_word' id='word_1_48' title='bbox 596 540 604 551; x_wconf 68' lang='grc' dir='ltr'><strong>ι</strong></span> <span class='ocrx_word' id='word_1_49' title='bbox 628 527 737 547; x_wconf 88' lang='lat' dir='ltr'><strong>omnem</strong></span> <span class='ocrx_word' id='word_1_50' title='bbox 766 518 908 554; x_wconf 86' lang='lat' dir='ltr'><strong>magniﬁce</strong></span> <span class='ocrx_word' id='word_1_51' title='bbox 931 518 1049 554; x_wconf 82' lang='lat' dir='ltr'><strong>dapibus</strong></span> 
     </span>
    </p>
   </div>
   <div class='ocr_carea' id='block_1_9' title="bbox 265 565 1050 600">
    <p class='ocr_par' dir='ltr' id='par_1_9' title="bbox 265 565 1050 600">
     <span class='ocr_line' id='line_1_9' title="bbox 265 565 1050 600; baseline -0.006 -4"><span class='ocrx_word' id='word_1_52' title='bbox 265 568 353 596; x_wconf 86' lang='lat' dir='ltr'><strong>reﬁcit</strong></span> <span class='ocrx_word' id='word_1_53' title='bbox 367 575 401 595; x_wconf 88' lang='lat' dir='ltr'><strong>ac</strong></span> <span class='ocrx_word' id='word_1_54' title='bbox 415 571 522 595; x_wconf 81' lang='lat' dir='ltr'><strong>recreat</strong></span> <span class='ocrx_word' id='word_1_55' title='bbox 544 566 666 594; x_wconf 85' lang='lat' dir='ltr'><strong>animum</strong></span> <span class='ocrx_word' id='word_1_56' title='bbox 684 573 757 593; x_wconf 84' lang='lat' dir='ltr'><strong>:non</strong></span> <span class='ocrx_word' id='word_1_57' title='bbox 787 565 834 600; x_wconf 90' lang='lat' dir='ltr'><strong>qui</strong></span> <span class='ocrx_word' id='word_1_58' title='bbox 848 572 962 599; x_wconf 89' lang='lat' dir='ltr'><strong>corpore</strong></span> <span class='ocrx_word' id='word_1_59' title='bbox 981 572 1050 591; x_wconf 88' lang='lat' dir='ltr'><strong>con-</strong></span> 
     </span>
    </p>
   </div>
   <div class='ocr_carea' id='block_1_10' title="bbox 266 611 1050 650">
    <p class='ocr_par' dir='ltr' id='par_1_10' title="bbox 266 611 1050 650">
     <span class='ocr_line' id='line_1_10' title="bbox 266 611 1050 650; baseline -0.008 -7"><span class='ocrx_word' id='word_1_60' title='bbox 266 615 408 650; x_wconf 85' lang='lat' dir='ltr'><strong>spiciatur,</strong></span> <span class='ocrx_word' id='word_1_61' title='bbox 422 613 471 641; x_wconf 87' lang='lat' dir='ltr'><strong>sed</strong></span> <span class='ocrx_word' id='word_1_62' title='bbox 480 612 526 648; x_wconf 85' lang='lat' dir='ltr'><strong>qui</strong></span> <span class='ocrx_word' id='word_1_63' title='bbox 539 612 638 648; x_wconf 82' lang='lat' dir='ltr'><strong>spiritu</strong></span> <span class='ocrx_word' id='word_1_64' title='bbox 651 611 789 645; x_wconf 82' lang='lat' dir='ltr'><strong>credatur;</strong></span> <span class='ocrx_word' id='word_1_65' title='bbox 802 619 853 638; x_wconf 89' lang='lat' dir='ltr'><strong>nec</strong></span> <span class='ocrx_word' id='word_1_66' title='bbox 862 612 909 646; x_wconf 92' lang='lat' dir='ltr'><strong>qui</strong></span> <span class='ocrx_word' id='word_1_67' title='bbox 925 618 980 638; x_wconf 91' lang='lat' dir='ltr'><strong>uno</strong></span> <span class='ocrx_word' id='word_1_68' title='bbox 989 611 1050 638; x_wconf 85' lang='lat' dir='ltr'><strong>loco</strong></span> 
     </span>
    </p>
   </div>
   <div class='ocr_carea' id='block_1_11' title="bbox 267 655 1052 696">
    <p class='ocr_par' dir='ltr' id='par_1_11' title="bbox 267 655 1052 696">
     <span class='ocr_line' id='line_1_11' title="bbox 267 655 1052 696; baseline -0.006 -8"><span class='ocrx_word' id='word_1_69' title='bbox 267 667 413 696; x_wconf 89' lang='lat' dir='ltr'><strong>corporum</strong></span> <span class='ocrx_word' id='word_1_70' title='bbox 438 666 514 686; x_wconf 89' lang='lat' dir='ltr'><strong>more</strong></span> <span class='ocrx_word' id='word_1_71' title='bbox 539 657 792 688; x_wconf 84' lang='lat' dir='ltr'><strong>circumscribatur,</strong></span> <span class='ocrx_word' id='word_1_72' title='bbox 823 656 870 684; x_wconf 90' lang='lat' dir='ltr'><strong>sed</strong></span> <span class='ocrx_word' id='word_1_73' title='bbox 890 656 937 692; x_wconf 91' lang='lat' dir='ltr'><strong>qui</strong></span> <span class='ocrx_word' id='word_1_74' title='bbox 962 655 1052 683; x_wconf 85' lang='lat' dir='ltr'><strong>omni-</strong></span> 
     </span>
    </p>
   </div>
   <div class='ocr_carea' id='block_1_12' title="bbox 269 703 1050 739">
    <p class='ocr_par' dir='ltr' id='par_1_12' title="bbox 269 703 1050 739">
     <span class='ocr_line' id='line_1_12' title="bbox 269 703 1050 739; baseline -0.006 -5"><span class='ocrx_word' id='word_1_75' title='bbox 269 707 319 735; x_wconf 85' lang='lat' dir='ltr'><strong>bus</strong></span> <span class='ocrx_word' id='word_1_76' title='bbox 349 710 405 735; x_wconf 85' lang='lat' dir='ltr'><strong>toto</strong></span> <span class='ocrx_word' id='word_1_77' title='bbox 416 705 483 733; x_wconf 83' lang='lat' dir='ltr'><strong>orbe</strong></span> <span class='ocrx_word' id='word_1_78' title='bbox 509 704 641 732; x_wconf 82' lang='lat' dir='ltr'><strong>Ecelesiis</strong></span> <span class='ocrx_word' id='word_1_79' title='bbox 659 704 772 739; x_wconf 82' lang='lat' dir='ltr'><strong>(quippe</strong></span> <span class='ocrx_word' id='word_1_80' title='bbox 787 703 898 730; x_wconf 90' lang='lat' dir='ltr'><strong>divinus</strong></span> <span class='ocrx_word' id='word_1_81' title='bbox 924 703 1050 738; x_wconf 81' lang='lat' dir='ltr'><strong>spiritus,</strong></span> 
     </span>
    </p>
   </div>
   <div class='ocr_carea' id='block_1_13' title="bbox 268 749 1050 787">
    <p class='ocr_par' dir='ltr' id='par_1_13' title="bbox 268 749 1050 787">
     <span class='ocr_line' id='line_1_13' title="bbox 268 749 1050 787; baseline -0.005 -7"><span class='ocrx_word' id='word_1_82' title='bbox 268 758 396 787; x_wconf 77' lang='lat' dir='ltr'><strong>tanquam</strong></span> <span class='ocrx_word' id='word_1_83' title='bbox 413 759 447 778; x_wconf 81' lang='lat' dir='ltr'><strong>ex</strong></span> <span class='ocrx_word' id='word_1_84' title='bbox 461 751 516 778; x_wconf 89' lang='lat' dir='ltr'><strong>Deo</strong></span> <span class='ocrx_word' id='word_1_85' title='bbox 529 750 634 784; x_wconf 85' lang='lat' dir='ltr'><strong>Spiritu</strong></span> <span class='ocrx_word' id='word_1_86' title='bbox 644 753 727 777; x_wconf 82' lang='lat' dir='ltr'><strong>natus</strong></span> <span class='ocrx_word' id='word_1_87' title='bbox 741 751 750 785; x_wconf 93' lang='lat'><strong>)</strong></span> <span class='ocrx_word' id='word_1_88' title='bbox 765 749 919 784; x_wconf 84' lang='lat' dir='ltr'><strong>spiritalem</strong></span> <span class='ocrx_word' id='word_1_89' title='bbox 932 749 1050 784; x_wconf 81' lang='lat' dir='ltr'><strong>gratiam</strong></span> 
     </span>
    </p>
   </div>
   <div class='ocr_carea' id='block_1_14' title="bbox 270 792 1054 830">
    <p class='ocr_par' dir='ltr' id='par_1_14' title="bbox 270 792 1054 830">
     <span class='ocr_line' id='line_1_14' title="bbox 270 792 1054 830; baseline -0.006 -6"><span class='ocrx_word' id='word_1_90' title='bbox 270 796 350 824; x_wconf 89' lang='lat' dir='ltr'><strong>solari</strong></span> <span class='ocrx_word' id='word_1_91' title='bbox 374 793 566 830; x_wconf 85' lang='lat' dir='ltr'><strong>persplendeat</strong></span> <span class='ocrx_word' id='word_1_92' title='bbox 592 793 705 825; x_wconf 89' lang='lat' dir='ltr'><strong>micatu,</strong></span> <span class='ocrx_word' id='word_1_93' title='bbox 720 793 852 828; x_wconf 88' lang='lat' dir='ltr'><strong>omnique</strong></span> <span class='ocrx_word' id='word_1_94' title='bbox 881 792 1054 828; x_wconf 77' lang='lat' dir='ltr'><strong>iucunditate</strong></span> 
     </span>
    </p>
   </div>
   <div class='ocr_carea' id='block_1_15' title="bbox 270 839 1053 876">
    <p class='ocr_par' dir='ltr' id='par_1_15' title="bbox 270 839 1053 876">
     <span class='ocr_line' id='line_1_15' title="bbox 270 839 1053 876; baseline -0.004 -7"><span class='ocrx_word' id='word_1_95' title='bbox 270 841 426 876; x_wconf 87' lang='lat' dir='ltr'><strong>adimpleat;</strong></span> <span class='ocrx_word' id='word_1_96' title='bbox 444 844 527 876; x_wconf 86' lang='lat' dir='ltr'><strong>atque</strong></span> <span class='ocrx_word' id='word_1_97' title='bbox 544 846 660 874; x_wconf 89' lang='lat' dir='ltr'><strong>operum</strong></span> <span class='ocrx_word' id='word_1_98' title='bbox 675 847 788 867; x_wconf 87' lang='lat' dir='ltr'><strong>suorum</strong></span> <span class='ocrx_word' id='word_1_99' title='bbox 804 839 891 871; x_wconf 85' lang='lat' dir='ltr'><strong>radio.</strong></span> <span class='ocrx_word' id='word_1_100' title='bbox 907 847 956 867; x_wconf 89' lang='lat' dir='ltr'><strong>seu</strong></span> <span class='ocrx_word' id='word_1_101' title='bbox 968 839 1053 866; x_wconf 86' lang='lat' dir='ltr'><strong>clari-</strong></span> 
     </span>
    </p>
   </div>
   <div class='ocr_carea' id='block_1_16' title="bbox 596 140 1288 174">
    <p class='ocr_par' dir='ltr' id='par_1_16' title="bbox 596 140 1288 174">
     <span class='ocr_line' id='line_1_16' title="bbox 596 140 1288 174; baseline -0.004 0"><span class='ocrx_word' id='word_1_102' title='bbox 596 172 599 174; x_wconf 90' lang='lat'><strong><em>.</em></strong></span> <span class='ocrx_word' id='word_1_103' title='bbox 865 141 1011 172; x_wconf 66' lang='lat' dir='ltr'><strong>NICETE</strong></span> <span class='ocrx_word' id='word_1_104' title='bbox 1025 140 1288 172; x_wconf 78' lang='lat' dir='ltr'><strong>PAPHLAGONIS</strong></span> 
     </span>
    </p>
   </div>
   <div class='ocr_carea' id='block_1_17' title="bbox 262 194 1065 242">
    <p class='ocr_par' dir='ltr' id='par_1_17' title="bbox 262 199 1065 242">
     <span class='ocr_line' id='line_1_17' title="bbox 262 199 1065 242; baseline -0.01 -8"><span class='ocrx_word' id='word_1_105' title='bbox 262 207 309 242; x_wconf 89' lang='lat' dir='ltr'><strong>qui</strong></span> <span class='ocrx_word' id='word_1_106' title='bbox 322 208 350 233; x_wconf 88' lang='lat' dir='ltr'><strong>et</strong></span> <span class='ocrx_word' id='word_1_107' title='bbox 363 203 504 239; x_wconf 75' lang='lat' dir='ltr'><strong>Didymus.</strong></span> <span class='ocrx_word' id='word_1_108' title='bbox 517 199 657 229; x_wconf 73' lang='lat' dir='ltr'><strong>Haeceuim</strong></span> <span class='ocrx_word' id='word_1_109' title='bbox 675 199 796 228; x_wconf 78' lang='lat' dir='ltr'><strong>nominis</strong></span> <span class='ocrx_word' id='word_1_110' title='bbox 805 199 995 236; x_wconf 76' lang='lat' dir='ltr'><strong>interpretatio</strong></span> <span class='ocrx_word' id='word_1_111' title='bbox 1005 203 1043 227; x_wconf 83' lang='lat' dir='ltr'><strong>at-</strong></span> <span class='ocrx_word' id='word_1_112' title='bbox 1055 204 1065 230; x_wconf 61' lang='grc' dir='ltr'><em>Α</em></span> 
     </span>
    </p>
   </div>
   <div class='ocr_carea' id='block_1_18' title="bbox 1115 194 1881 242">
    <p class='ocr_par' dir='ltr' id='par_1_18' title="bbox 1115 194 1881 234">
     <span class='ocr_line' id='line_1_18' title="bbox 1115 194 1881 234; baseline -0.007 -8"><span class='ocrx_word' id='word_1_113' title='bbox 1115 199 1224 234; x_wconf 55' lang='lat' dir='ltr'><strong>vdua-ro;</strong></span> <span class='ocrx_word' id='word_1_114' title='bbox 1238 200 1254 234; x_wconf 83' lang='grc' dir='ltr'>ὴ</span> <span class='ocrx_word' id='word_1_115' title='bbox 1269 198 1399 234; x_wconf 79' lang='grc' dir='ltr'>δήλωσις’</span> <span class='ocrx_word' id='word_1_116' title='bbox 1425 196 1540 233; x_wconf 77' lang='grc' dir='ltr'><strong>Δίδυμος</strong></span> <span class='ocrx_word' id='word_1_117' title='bbox 1552 196 1581 224; x_wconf 81' lang='grc' dir='ltr'>δὲ</span> <span class='ocrx_word' id='word_1_118' title='bbox 1595 194 1758 231; x_wconf 78' lang='grc' dir='ltr'>κεκλῆσθαι,</span> <span class='ocrx_word' id='word_1_119' title='bbox 1777 195 1817 230; x_wconf 82' lang='grc' dir='ltr'><strong>τῷ</strong></span> <span class='ocrx_word' id='word_1_120' title='bbox 1843 195 1881 230; x_wconf 77' lang='grc' dir='ltr'>μὴ</span> 
     </span>
    </p>
   </div>
   <div class='ocr_carea' id='block_1_19' title="bbox 1830 136 1881 169">
    <p class='ocr_par' dir='ltr' id='par_1_19' title="bbox 1830 136 1881 169">
     <span class='ocr_line' id='line_1_19' title="bbox 1830 136 1881 169; baseline 0.02 -1"><span class='ocrx_word' id='word_1_121' title='bbox 1830 136 1881 169; x_wconf 76' lang='grc'><strong>132</strong></span> 
     </span>
    </p>
   </div>
   <div class='ocr_carea' id='block_1_20' title="bbox 1095 241 1882 280">
    <p class='ocr_par' dir='ltr' id='par_1_20' title="bbox 1095 241 1882 280">
     <span class='ocr_line' id='line_1_20' title="bbox 1095 241 1882 280; baseline -0.004 -9"><span class='ocrx_word' id='word_1_122' title='bbox 1095 245 1185 280; x_wconf 77' lang='grc' dir='ltr'>μόνον,</span> <span class='ocrx_word' id='word_1_123' title='bbox 1204 244 1264 279; x_wconf 84' lang='grc' dir='ltr'>μεθ’</span> <span class='ocrx_word' id='word_1_124' title='bbox 1281 245 1375 280; x_wconf 78' lang='grc' dir='ltr'>ἑτέρου</span> <span class='ocrx_word' id='word_1_125' title='bbox 1399 243 1428 270; x_wconf 74' lang='grc' dir='ltr'><strong>δι</strong></span> <span class='ocrx_word' id='word_1_126' title='bbox 1451 243 1546 271; x_wconf 84' lang='grc' dir='ltr'>τοῦτον</span> <span class='ocrx_word' id='word_1_127' title='bbox 1568 244 1601 270; x_wconf 77' lang='grc' dir='ltr'><strong>ὲκ</strong></span> <span class='ocrx_word' id='word_1_128' title='bbox 1618 243 1683 278; x_wconf 77' lang='grc' dir='ltr'>μιᾶς</span> <span class='ocrx_word' id='word_1_129' title='bbox 1697 241 1882 277; x_wconf 70' lang='grc' dir='ltr'>ἁποτεχϐῆναι</span> 
     </span>
    </p>
   </div>
   <div class='ocr_carea' id='block_1_21' title="bbox 1093 291 1222 326">
    <p class='ocr_par' dir='ltr' id='par_1_21' title="bbox 1093 291 1222 326">
     <span class='ocr_line' id='line_1_21' title="bbox 1093 291 1222 326; baseline 0.008 -9"><span class='ocrx_word' id='word_1_130' title='bbox 1093 291 1222 326; x_wconf 80' lang='grc' dir='ltr'>γαστρός.</span> 
     </span>
    </p>
   </div>
   <div class='ocr_carea' id='block_1_22' title="bbox 1131 375 1884 413">
    <p class='ocr_par' dir='ltr' id='par_1_22' title="bbox 1131 375 1884 413">
     <span class='ocr_line' id='line_1_22' title="bbox 1131 375 1884 413; baseline -0.003 -8"><span class='ocrx_word' id='word_1_131' title='bbox 1131 375 1216 409; x_wconf 72' lang='grc' dir='ltr'>Οὗτος</span> <span class='ocrx_word' id='word_1_132' title='bbox 1238 379 1332 412; x_wconf 80' lang='grc' dir='ltr'>ὥσπερ</span> <span class='ocrx_word' id='word_1_133' title='bbox 1365 378 1405 409; x_wconf 86' lang='grc' dir='ltr'><strong>είς</strong></span> <span class='ocrx_word' id='word_1_134' title='bbox 1435 376 1550 413; x_wconf 82' lang='grc' dir='ltr'>οὐρανὸν</span> <span class='ocrx_word' id='word_1_135' title='bbox 1577 376 1697 411; x_wconf 71' lang='grc' dir='ltr'>ἐπίγειον</span> <span class='ocrx_word' id='word_1_136' title='bbox 1724 376 1772 404; x_wconf 70' lang='grc' dir='ltr'>τὸν</span> <span class='ocrx_word' id='word_1_137' title='bbox 1801 375 1884 403; x_wconf 76' lang='grc' dir='ltr'>αὐτοῦ</span> 
     </span>
    </p>
   </div>
   <div class='ocr_carea' id='block_1_23' title="bbox 1096 422 1884 459">
    <p class='ocr_par' dir='ltr' id='par_1_23' title="bbox 1096 422 1884 459">
     <span class='ocr_line' id='line_1_23' title="bbox 1096 422 1884 459; baseline -0.003 -8"><span class='ocrx_word' id='word_1_138' title='bbox 1096 424 1158 451; x_wconf 85' lang='grc' dir='ltr'>ναδν</span> <span class='ocrx_word' id='word_1_139' title='bbox 1171 424 1228 459; x_wconf 74' lang='lat'><strong>(‘22)</strong></span> <span class='ocrx_word' id='word_1_140' title='bbox 1244 422 1432 459; x_wconf 70' lang='grc' dir='ltr'><strong>ἐκκλησιάζων</strong></span> <span class='ocrx_word' id='word_1_141' title='bbox 1455 423 1490 450; x_wconf 81' lang='grc' dir='ltr'>τὰ</span> <span class='ocrx_word' id='word_1_142' title='bbox 1517 423 1678 458; x_wconf 81' lang='grc' dir='ltr'>συστήματα</span> <span class='ocrx_word' id='word_1_143' title='bbox 1699 422 1755 449; x_wconf 87' lang='grc' dir='ltr'><strong>τῶν</strong></span> <span class='ocrx_word' id='word_1_144' title='bbox 1769 422 1884 452; x_wconf 83' lang='grc' dir='ltr'>πιστῶν.</span> 
     </span>
    </p>
   </div>
   <div class='ocr_carea' id='block_1_24' title="bbox 1096 468 1883 506">
    <p class='ocr_par' dir='ltr' id='par_1_24' title="bbox 1096 468 1883 506">
     <span class='ocr_line' id='line_1_24' title="bbox 1096 468 1883 506; baseline -0.005 -7"><span class='ocrx_word' id='word_1_145' title='bbox 1096 471 1145 499; x_wconf 79' lang='grc' dir='ltr'><strong>καὶ</strong></span> <span class='ocrx_word' id='word_1_146' title='bbox 1162 471 1350 506; x_wconf 84' lang='grc' dir='ltr'>πνευματικὴν</span> <span class='ocrx_word' id='word_1_147' title='bbox 1366 470 1528 498; x_wconf 78' lang='grc' dir='ltr'><strong>πανδαισίαν</strong></span> <span class='ocrx_word' id='word_1_148' title='bbox 1540 470 1574 496; x_wconf 81' lang='grc' dir='ltr'><strong>τὰ</strong></span> <span class='ocrx_word' id='word_1_149' title='bbox 1587 470 1674 496; x_wconf 71' lang='grc' dir='ltr'>οἰκεῖα</span> <span class='ocrx_word' id='word_1_150' title='bbox 1694 468 1821 504; x_wconf 85' lang='grc' dir='ltr'>θαύματα</span> <span class='ocrx_word' id='word_1_151' title='bbox 1836 469 1883 495; x_wconf 82' lang='grc' dir='ltr'><strong>καὶ</strong></span> 
     </span>
    </p>
   </div>
   <div class='ocr_carea' id='block_1_25' title="bbox 1097 514 1887 552">
    <p class='ocr_par' dir='ltr' id='par_1_25' title="bbox 1097 514 1887 552">
     <span class='ocr_line' id='line_1_25' title="bbox 1097 514 1887 552; baseline -0.005 -7"><span class='ocrx_word' id='word_1_152' title='bbox 1097 518 1297 552; x_wconf 80' lang='grc' dir='ltr'><strong>κατορθώματα</strong></span> <span class='ocrx_word' id='word_1_153' title='bbox 1312 516 1460 552; x_wconf 79' lang='grc' dir='ltr'><strong>προτιθεὶς,</strong></span> <span class='ocrx_word' id='word_1_154' title='bbox 1478 516 1569 543; x_wconf 83' lang='grc' dir='ltr'>πᾶσαν</span> <span class='ocrx_word' id='word_1_155' title='bbox 1583 514 1660 551; x_wconf 80' lang='grc' dir='ltr'>ἑστιᾷ</span> <span class='ocrx_word' id='word_1_156' title='bbox 1680 515 1827 550; x_wconf 73' lang='grc' dir='ltr'><strong>φιλοτίμως</strong></span> <span class='ocrx_word' id='word_1_157' title='bbox 1839 515 1887 542; x_wconf 85' lang='grc' dir='ltr'>καὶ</span> 
     </span>
    </p>
   </div>
   <div class='ocr_carea' id='block_1_26' title="bbox 1098 561 1886 598">
    <p class='ocr_par' dir='ltr' id='par_1_26' title="bbox 1098 561 1886 598">
     <span class='ocr_line' id='line_1_26' title="bbox 1098 561 1886 598; baseline -0.005 -7"><span class='ocrx_word' id='word_1_158' title='bbox 1098 564 1267 598; x_wconf 83' lang='grc' dir='ltr'>κατατέρπει</span> <span class='ocrx_word' id='word_1_159' title='bbox 1289 563 1396 598; x_wconf 78' lang='grc' dir='ltr'>ψυχήν·</span> <span class='ocrx_word' id='word_1_160' title='bbox 1422 563 1453 589; x_wconf 87' lang='grc' dir='ltr'>οὺ</span> <span class='ocrx_word' id='word_1_161' title='bbox 1479 562 1518 597; x_wconf 86' lang='grc' dir='ltr'><strong>τῷ</strong></span> <span class='ocrx_word' id='word_1_162' title='bbox 1544 561 1651 597; x_wconf 83' lang='grc' dir='ltr'>σώματι</span> <span class='ocrx_word' id='word_1_163' title='bbox 1675 561 1886 597; x_wconf 80' lang='grc' dir='ltr'><strong>καθορώμενος,</strong></span> 
     </span>
    </p>
   </div>
   <div class='ocr_carea' id='block_1_27' title="bbox 1099 607 1887 645">
    <p class='ocr_par' dir='ltr' id='par_1_27' title="bbox 1099 607 1887 645">
     <span class='ocr_line' id='line_1_27' title="bbox 1099 607 1887 645; baseline -0.005 -8"><span class='ocrx_word' id='word_1_164' title='bbox 1099 611 1167 638; x_wconf 82' lang='grc' dir='ltr'>ἀλλὰ</span> <span class='ocrx_word' id='word_1_165' title='bbox 1181 610 1221 645; x_wconf 83' lang='grc' dir='ltr'>τῷ</span> <span class='ocrx_word' id='word_1_166' title='bbox 1236 611 1373 645; x_wconf 82' lang='grc' dir='ltr'>πνεύματι</span> <span class='ocrx_word' id='word_1_167' title='bbox 1388 609 1583 644; x_wconf 78' lang='grc' dir='ltr'><strong>πιστευόμενος</strong></span> <span class='ocrx_word' id='word_1_168' title='bbox 1595 615 1603 624; x_wconf 88' lang='grc'><strong>·</strong></span> <span class='ocrx_word' id='word_1_169' title='bbox 1618 608 1672 634; x_wconf 75' lang='grc' dir='ltr'>οὐδ’</span> <span class='ocrx_word' id='word_1_170' title='bbox 1687 607 1727 634; x_wconf 80' lang='grc' dir='ltr'><strong>ἑνὶ</strong></span> <span class='ocrx_word' id='word_1_171' title='bbox 1742 608 1818 643; x_wconf 83' lang='grc' dir='ltr'><strong>τόπῳ</strong></span> <span class='ocrx_word' id='word_1_172' title='bbox 1837 616 1887 634; x_wconf 84' lang='grc' dir='ltr'>πε-</span> 
     </span>
    </p>
   </div>
   <div class='ocr_carea' id='block_1_28' title="bbox 1102 654 1889 693">
    <p class='ocr_par' dir='ltr' id='par_1_28' title="bbox 1102 654 1889 693">
     <span class='ocr_line' id='line_1_28' title="bbox 1102 654 1889 693; baseline -0.004 -9"><span class='ocrx_word' id='word_1_173' title='bbox 1102 657 1313 693; x_wconf 72' lang='grc' dir='ltr'>ριγραφόμινος,</span> <span class='ocrx_word' id='word_1_174' title='bbox 1322 656 1360 687; x_wconf 85' lang='grc' dir='ltr'><strong>ὡς</strong></span> <span class='ocrx_word' id='word_1_175' title='bbox 1372 655 1407 682; x_wconf 82' lang='grc' dir='ltr'>τὰ</span> <span class='ocrx_word' id='word_1_176' title='bbox 1418 655 1531 691; x_wconf 81' lang='grc' dir='ltr'>σώματα</span> <span class='ocrx_word' id='word_1_177' title='bbox 1542 663 1550 672; x_wconf 71' lang='grc'><strong><em>⁸</em></strong></span> <span class='ocrx_word' id='word_1_178' title='bbox 1565 656 1625 687; x_wconf 81' lang='grc' dir='ltr'>ταῖς</span> <span class='ocrx_word' id='word_1_179' title='bbox 1636 654 1791 690; x_wconf 80' lang='grc' dir='ltr'>ἅπανταχοῦ</span> <span class='ocrx_word' id='word_1_180' title='bbox 1801 654 1829 681; x_wconf 82' lang='grc' dir='ltr'>δὲ</span> <span class='ocrx_word' id='word_1_181' title='bbox 1839 654 1889 690; x_wconf 85' lang='grc' dir='ltr'>τῆς</span> 
     </span>
    </p>
   </div>
   <div class='ocr_carea' id='block_1_29' title="bbox 1101 701 1890 738">
    <p class='ocr_par' dir='ltr' id='par_1_29' title="bbox 1101 701 1890 738">
     <span class='ocr_line' id='line_1_29' title="bbox 1101 701 1890 738; baseline -0.005 -7"><span class='ocrx_word' id='word_1_182' title='bbox 1101 704 1264 738; x_wconf 72' lang='grc' dir='ltr'>οἰκουμένης</span> <span class='ocrx_word' id='word_1_183' title='bbox 1279 701 1467 737; x_wconf 74' lang='grc' dir='ltr'>Ἐκκλησίαις,</span> <span class='ocrx_word' id='word_1_184' title='bbox 1490 702 1537 729; x_wconf 72' lang='grc' dir='ltr'>ἅτε</span> <span class='ocrx_word' id='word_1_185' title='bbox 1561 702 1670 737; x_wconf 81' lang='grc' dir='ltr'>πνεῦμα</span> <span class='ocrx_word' id='word_1_186' title='bbox 1689 701 1727 728; x_wconf 81' lang='grc' dir='ltr'>ὢν</span> <span class='ocrx_word' id='word_1_187' title='bbox 1750 701 1836 733; x_wconf 81' lang='grc' dir='ltr'>θεῖον,</span> <span class='ocrx_word' id='word_1_188' title='bbox 1851 701 1890 732; x_wconf 83' lang='grc' dir='ltr'>ὡς</span> 
     </span>
    </p>
   </div>
   <div class='ocr_carea' id='block_1_30' title="bbox 1102 747 1890 784">
    <p class='ocr_par' dir='ltr' id='par_1_30' title="bbox 1102 747 1890 784">
     <span class='ocr_line' id='line_1_30' title="bbox 1102 747 1890 784; baseline -0.005 -7"><span class='ocrx_word' id='word_1_189' title='bbox 1102 750 1240 784; x_wconf 75' lang='grc' dir='ltr'>Πνεύματι</span> <span class='ocrx_word' id='word_1_190' title='bbox 1253 748 1321 776; x_wconf 85' lang='grc' dir='ltr'><strong>Θεοῦ</strong></span> <span class='ocrx_word' id='word_1_191' title='bbox 1334 748 1484 782; x_wconf 76' lang='grc' dir='ltr'>γεννηθεὶς,</span> <span class='ocrx_word' id='word_1_192' title='bbox 1499 748 1549 783; x_wconf 85' lang='grc' dir='ltr'><strong>τὴν</strong></span> <span class='ocrx_word' id='word_1_193' title='bbox 1560 748 1662 783; x_wconf 66' lang='grc' dir='ltr'>νοητὴν</span> <span class='ocrx_word' id='word_1_194' title='bbox 1683 747 1829 782; x_wconf 75' lang='grc' dir='ltr'>ὴλιοὸολῶν</span> <span class='ocrx_word' id='word_1_195' title='bbox 1842 747 1890 782; x_wconf 85' lang='grc' dir='ltr'><strong>χά-</strong></span> 
     </span>
    </p>
   </div>
   <div class='ocr_carea' id='block_1_31' title="bbox 1105 791 1892 831">
    <p class='ocr_par' dir='ltr' id='par_1_31' title="bbox 1105 791 1892 831">
     <span class='ocr_line' id='line_1_31' title="bbox 1105 791 1892 831; baseline -0.005 -9"><span class='ocrx_word' id='word_1_196' title='bbox 1105 804 1156 831; x_wconf 89' lang='grc' dir='ltr'>ριν.</span> <span class='ocrx_word' id='word_1_197' title='bbox 1172 795 1220 822; x_wconf 77' lang='grc' dir='ltr'><strong>καὶ</strong></span> <span class='ocrx_word' id='word_1_198' title='bbox 1236 794 1326 830; x_wconf 80' lang='grc' dir='ltr'>πάσης</span> <span class='ocrx_word' id='word_1_199' title='bbox 1348 794 1483 829; x_wconf 84' lang='grc' dir='ltr'>Θυμηδίας</span> <span class='ocrx_word' id='word_1_200' title='bbox 1502 793 1632 829; x_wconf 85' lang='grc' dir='ltr'><strong>πληρῶν,</strong></span> <span class='ocrx_word' id='word_1_201' title='bbox 1651 793 1698 820; x_wconf 78' lang='grc' dir='ltr'>καὶ</span> <span class='ocrx_word' id='word_1_202' title='bbox 1716 793 1760 820; x_wconf 81' lang='grc' dir='ltr'><strong>διὰ</strong></span> <span class='ocrx_word' id='word_1_203' title='bbox 1772 793 1823 827; x_wconf 85' lang='grc' dir='ltr'><strong>τῆς</strong></span> <span class='ocrx_word' id='word_1_204' title='bbox 1837 791 1892 818; x_wconf 83' lang='grc' dir='ltr'><strong>τῶν</strong></span> 
     </span>
    </p>
   </div>
   <div class='ocr_carea' id='block_1_32' title="bbox 1105 838 1892 876">
    <p class='ocr_par' dir='ltr' id='par_1_32' title="bbox 1105 838 1892 876">
     <span class='ocr_line' id='line_1_32' title="bbox 1105 838 1892 876; baseline -0.005 -8"><span class='ocrx_word' id='word_1_205' title='bbox 1105 842 1177 869; x_wconf 81' lang='grc' dir='ltr'>ἰδίων</span> <span class='ocrx_word' id='word_1_206' title='bbox 1200 841 1288 876; x_wconf 68' lang='grc' dir='ltr'>ἔργων</span> <span class='ocrx_word' id='word_1_207' title='bbox 1309 840 1471 875; x_wconf 82' lang='grc' dir='ltr'>ὲκλάμψεως</span> <span class='ocrx_word' id='word_1_208' title='bbox 1497 839 1514 874; x_wconf 84' lang='grc' dir='ltr'>ἢ</span> <span class='ocrx_word' id='word_1_209' title='bbox 1540 839 1683 874; x_wconf 77' lang='grc' dir='ltr'>ὑμνήσεως</span> <span class='ocrx_word' id='word_1_210' title='bbox 1704 838 1823 872; x_wconf 76' lang='grc' dir='ltr'><strong>δοξάζων</strong></span> <span class='ocrx_word' id='word_1_211' title='bbox 1844 838 1892 865; x_wconf 76' lang='grc' dir='ltr'><strong>τὸν</strong></span> 
     </span>
    </p>
   </div>
   <div class='ocr_carea' id='block_1_33' title="bbox 270 877 1065 922">
    <p class='ocr_par' dir='ltr' id='par_1_33' title="bbox 270 882 1055 920">
     <span class='ocr_line' id='line_1_33' title="bbox 270 882 1055 920; baseline -0.004 -6"><span class='ocrx_word' id='word_1_212' title='bbox 270 892 336 918; x_wconf 87' lang='lat' dir='ltr'><strong>tate,</strong></span> <span class='ocrx_word' id='word_1_213' title='bbox 349 886 457 913; x_wconf 87' lang='lat' dir='ltr'><strong>Patrem</strong></span> <span class='ocrx_word' id='word_1_214' title='bbox 472 884 521 920; x_wconf 89' lang='lat' dir='ltr'><strong>qui</strong></span> <span class='ocrx_word' id='word_1_215' title='bbox 541 884 571 911; x_wconf 89' lang='lat' dir='ltr'><strong>in</strong></span> <span class='ocrx_word' id='word_1_216' title='bbox 588 883 666 912; x_wconf 71' lang='lat' dir='ltr'><strong>cmlis</strong></span> <span class='ocrx_word' id='word_1_217' title='bbox 677 887 730 915; x_wconf 84' lang='lat' dir='ltr'><strong>est,</strong></span> <span class='ocrx_word' id='word_1_218' title='bbox 747 882 918 919; x_wconf 80' lang='lat' dir='ltr'><strong>gloriﬁcet“.</strong></span> <span class='ocrx_word' id='word_1_219' title='bbox 931 883 1055 918; x_wconf 88' lang='lat' dir='ltr'><strong>Cumque</strong></span> 
     </span>
    </p>
   </div>
   <div class='ocr_carea' id='block_1_34' title="bbox 1115 877 1893 922">
    <p class='ocr_par' dir='ltr' id='par_1_34' title="bbox 1115 883 1893 922">
     <span class='ocr_line' id='line_1_34' title="bbox 1115 883 1893 922; baseline -0.005 -8"><span class='ocrx_word' id='word_1_220' title='bbox 1115 887 1216 922; x_wconf 68' lang='grc' dir='ltr'>Πατέρα</span> <span class='ocrx_word' id='word_1_221' title='bbox 1239 887 1285 913; x_wconf 65' lang='grc' dir='ltr'>τὴν</span> <span class='ocrx_word' id='word_1_222' title='bbox 1305 887 1334 913; x_wconf 78' lang='grc' dir='ltr'>ὲν</span> <span class='ocrx_word' id='word_1_223' title='bbox 1350 887 1407 917; x_wconf 84' lang='grc' dir='ltr'>τοῖς</span> <span class='ocrx_word' id='word_1_224' title='bbox 1428 886 1561 921; x_wconf 82' lang='grc' dir='ltr'>οὐρανοῖς.</span> <span class='ocrx_word' id='word_1_225' title='bbox 1580 884 1635 911; x_wconf 82' lang='grc' dir='ltr'><strong>Καὶ</strong></span> <span class='ocrx_word' id='word_1_226' title='bbox 1648 885 1672 910; x_wconf 85' lang='grc' dir='ltr'><strong>εί</strong></span> <span class='ocrx_word' id='word_1_227' title='bbox 1686 883 1788 920; x_wconf 83' lang='grc' dir='ltr'>περιὼν</span> <span class='ocrx_word' id='word_1_228' title='bbox 1801 883 1840 910; x_wconf 76' lang='grc' dir='ltr'><strong>ἐτι</strong></span> <span class='ocrx_word' id='word_1_229' title='bbox 1853 883 1893 918; x_wconf 83' lang='grc' dir='ltr'>τῷ</span> 
     </span>
    </p>
   </div>
   <div class='ocr_carea' id='block_1_35' title="bbox 270 929 1058 966">
    <p class='ocr_par' dir='ltr' id='par_1_35' title="bbox 270 929 1058 966">
     <span class='ocr_line' id='line_1_35' title="bbox 270 929 1058 966; baseline -0.005 -6"><span class='ocrx_word' id='word_1_230' title='bbox 270 932 360 960; x_wconf 85' lang='lat' dir='ltr'><strong>adhuc</strong></span> <span class='ocrx_word' id='word_1_231' title='bbox 370 931 433 958; x_wconf 71' lang='lat' dir='ltr'><strong>vitae</strong></span> <span class='ocrx_word' id='word_1_232' title='bbox 442 934 582 966; x_wconf 80' lang='lat' dir='ltr'><strong>superstes</strong></span> <span class='ocrx_word' id='word_1_233' title='bbox 593 937 626 957; x_wconf 94' lang='lat' dir='ltr'><strong>ac</strong></span> <span class='ocrx_word' id='word_1_234' title='bbox 636 929 664 956; x_wconf 90' lang='lat' dir='ltr'><strong>in</strong></span> <span class='ocrx_word' id='word_1_235' title='bbox 680 936 764 957; x_wconf 85' lang='lat' dir='ltr'><strong>carne</strong></span> <span class='ocrx_word' id='word_1_236' title='bbox 780 936 863 964; x_wconf 84' lang='lat' dir='ltr'><strong>agens</strong></span> <span class='ocrx_word' id='word_1_237' title='bbox 879 948 887 962; x_wconf 92' lang='lat'><strong>,</strong></span> <span class='ocrx_word' id='word_1_238' title='bbox 902 929 976 957; x_wconf 84' lang='lat' dir='ltr'><strong>aliud</strong></span> <span class='ocrx_word' id='word_1_239' title='bbox 987 929 1058 957; x_wconf 84' lang='lat' dir='ltr'><strong>nihil</strong></span> 
     </span>
    </p>
   </div>
   <div class='ocr_carea' id='block_1_36' title="bbox 271 975 1056 1011">
    <p class='ocr_par' dir='ltr' id='par_1_36' title="bbox 271 975 1056 1011">
     <span class='ocr_line' id='line_1_36' title="bbox 271 975 1056 1011; baseline -0.003 -5"><span class='ocrx_word' id='word_1_240' title='bbox 271 983 328 1006; x_wconf 90' lang='lat' dir='ltr'><strong>tum</strong></span> <span class='ocrx_word' id='word_1_241' title='bbox 338 977 439 1009; x_wconf 85' lang='lat' dir='ltr'><strong>verbis,</strong></span> <span class='ocrx_word' id='word_1_242' title='bbox 452 981 508 1004; x_wconf 87' lang='lat' dir='ltr'><strong>tum</strong></span> <span class='ocrx_word' id='word_1_243' title='bbox 520 975 650 1011; x_wconf 88' lang='lat' dir='ltr'><strong>operibus</strong></span> <span class='ocrx_word' id='word_1_244' title='bbox 662 980 815 1011; x_wconf 79' lang='lat' dir='ltr'><strong>praestaret,</strong></span> <span class='ocrx_word' id='word_1_245' title='bbox 829 983 910 1010; x_wconf 82' lang='lat' dir='ltr'><strong>quam</strong></span> <span class='ocrx_word' id='word_1_246' title='bbox 919 976 992 1011; x_wconf 89' lang='lat' dir='ltr'><strong>quod</strong></span> <span class='ocrx_word' id='word_1_247' title='bbox 1004 976 1056 1004; x_wconf 81' lang='lat' dir='ltr'><strong>Pa-</strong></span> 
     </span>
    </p>
   </div>
   <div class='ocr_carea' id='block_1_37' title="bbox 271 1021 1057 1057">
    <p class='ocr_par' dir='ltr' id='par_1_37' title="bbox 271 1021 1057 1057">
     <span class='ocr_line' id='line_1_37' title="bbox 271 1021 1057 1057; baseline -0.003 -6"><span class='ocrx_word' id='word_1_248' title='bbox 271 1024 473 1052; x_wconf 85' lang='lat' dir='ltr'><strong>trivideretur:</strong></span> <span class='ocrx_word' id='word_1_249' title='bbox 488 1021 589 1057; x_wconf 89' lang='lat' dir='ltr'><strong>potiori</strong></span> <span class='ocrx_word' id='word_1_250' title='bbox 605 1022 683 1057; x_wconf 82' lang='lat' dir='ltr'><strong>longe</strong></span> <span class='ocrx_word' id='word_1_251' title='bbox 698 1021 804 1049; x_wconf 85' lang='lat' dir='ltr'><strong>ratione</strong></span> <span class='ocrx_word' id='word_1_252' title='bbox 818 1029 933 1056; x_wconf 78' lang='lat' dir='ltr'><strong>carpore</strong></span> <span class='ocrx_word' id='word_1_253' title='bbox 940 1022 1057 1054; x_wconf 87' lang='lat' dir='ltr'><strong>solutus,</strong></span> 
     </span>
    </p>
   </div>
   <div class='ocr_carea' id='block_1_38' title="bbox 271 1067 1061 1105">
    <p class='ocr_par' dir='ltr' id='par_1_38' title="bbox 271 1067 1061 1105">
     <span class='ocr_line' id='line_1_38' title="bbox 271 1067 1061 1105; baseline -0.003 -8"><span class='ocrx_word' id='word_1_254' title='bbox 271 1079 303 1098; x_wconf 86' lang='lat' dir='ltr'><strong>ac</strong></span> <span class='ocrx_word' id='word_1_255' title='bbox 316 1070 414 1105; x_wconf 84' lang='lat' dir='ltr'><strong>spiritu</strong></span> <span class='ocrx_word' id='word_1_256' title='bbox 427 1069 483 1096; x_wconf 88' lang='lat' dir='ltr'><strong>Deo</strong></span> <span class='ocrx_word' id='word_1_257' title='bbox 496 1072 729 1103; x_wconf 86' lang='lat' dir='ltr'><strong>contemperatus,</strong></span> <span class='ocrx_word' id='word_1_258' title='bbox 741 1068 817 1095; x_wconf 87' lang='lat' dir='ltr'><strong>nullo</strong></span> <span class='ocrx_word' id='word_1_259' title='bbox 828 1067 908 1096; x_wconf 65' lang='lat' dir='ltr'><strong>taedio</strong></span> <span class='ocrx_word' id='word_1_260' title='bbox 923 1075 954 1096; x_wconf 87' lang='lat' dir='ltr'><strong>ac</strong></span> <span class='ocrx_word' id='word_1_261' title='bbox 964 1068 1061 1096; x_wconf 82' lang='lat' dir='ltr'><strong>labore</strong></span> 
     </span>
    </p>
   </div>
   <div class='ocr_carea' id='block_1_39' title="bbox 273 1113 1060 1150">
    <p class='ocr_par' dir='ltr' id='par_1_39' title="bbox 273 1113 1060 1150">
     <span class='ocr_line' id='line_1_39' title="bbox 273 1113 1060 1150; baseline -0.001 -7"><span class='ocrx_word' id='word_1_262' title='bbox 273 1115 456 1150; x_wconf 86' lang='lat' dir='ltr'><strong>temporisque</strong></span> <span class='ocrx_word' id='word_1_263' title='bbox 467 1114 698 1147; x_wconf 80' lang='lat' dir='ltr'><strong>momento,velut</strong></span> <span class='ocrx_word' id='word_1_264' title='bbox 708 1113 830 1149; x_wconf 62' lang='lat' dir='ltr'><strong>quaedam</strong></span> <span class='ocrx_word' id='word_1_265' title='bbox 849 1114 968 1142; x_wconf 71' lang='lat' dir='ltr'><strong>etelcslis</strong></span> <span class='ocrx_word' id='word_1_266' title='bbox 983 1122 1060 1142; x_wconf 78' lang='lat' dir='ltr'><strong>luens</strong></span> 
     </span>
    </p>
   </div>
   <div class='ocr_carea' id='block_1_40' title="bbox 272 1161 1062 1197">
    <p class='ocr_par' dir='ltr' id='par_1_40' title="bbox 272 1161 1062 1197">
     <span class='ocr_line' id='line_1_40' title="bbox 272 1161 1062 1197; baseline 0 -9"><span class='ocrx_word' id='word_1_267' title='bbox 272 1163 368 1189; x_wconf 87' lang='lat' dir='ltr'><strong>orbem</strong></span> <span class='ocrx_word' id='word_1_268' title='bbox 384 1168 546 1197; x_wconf 83' lang='lat' dir='ltr'><strong>pervagans,</strong></span> <span class='ocrx_word' id='word_1_269' title='bbox 576 1165 746 1196; x_wconf 85' lang='lat' dir='ltr'><strong>cunctosque</strong></span> <span class='ocrx_word' id='word_1_270' title='bbox 775 1161 856 1188; x_wconf 88' lang='lat' dir='ltr'><strong>simul</strong></span> <span class='ocrx_word' id='word_1_271' title='bbox 879 1168 997 1195; x_wconf 83' lang='lat' dir='ltr'><strong>superne</strong></span> <span class='ocrx_word' id='word_1_272' title='bbox 1016 1161 1062 1188; x_wconf 83' lang='lat' dir='ltr'><strong>in-</strong></span> 
     </span>
    </p>
   </div>
   <div class='ocr_carea' id='block_1_41' title="bbox 274 1206 1063 1242">
    <p class='ocr_par' dir='ltr' id='par_1_41' title="bbox 274 1206 1063 1242">
     <span class='ocr_line' id='line_1_41' title="bbox 274 1206 1063 1242; baseline -0.001 -7"><span class='ocrx_word' id='word_1_273' title='bbox 274 1212 364 1237; x_wconf 85' lang='lat' dir='ltr'><strong>tuens.</strong></span> <span class='ocrx_word' id='word_1_274' title='bbox 376 1207 409 1235; x_wconf 92' lang='lat' dir='ltr'><strong>ad</strong></span> <span class='ocrx_word' id='word_1_275' title='bbox 425 1207 472 1235; x_wconf 88' lang='lat' dir='ltr'><strong>Dei</strong></span> <span class='ocrx_word' id='word_1_276' title='bbox 487 1206 594 1234; x_wconf 87' lang='lat' dir='ltr'><strong>laudem</strong></span> <span class='ocrx_word' id='word_1_277' title='bbox 608 1214 640 1234; x_wconf 88' lang='lat' dir='ltr'><strong>ac</strong></span> <span class='ocrx_word' id='word_1_278' title='bbox 650 1206 764 1242; x_wconf 77' lang='lat' dir='ltr'><strong>gloriam</strong></span> <span class='ocrx_word' id='word_1_279' title='bbox 779 1213 894 1241; x_wconf 88' lang='lat' dir='ltr'><strong>operum</strong></span> <span class='ocrx_word' id='word_1_280' title='bbox 904 1214 1018 1234; x_wconf 88' lang='lat' dir='ltr'><strong>suorum</strong></span> <span class='ocrx_word' id='word_1_281' title='bbox 1028 1214 1063 1234; x_wconf 83' lang='lat' dir='ltr'><strong>ac</strong></span> 
     </span>
    </p>
   </div>
   <div class='ocr_carea' id='block_1_42' title="bbox 273 1251 816 1288">
    <p class='ocr_par' dir='ltr' id='par_1_42' title="bbox 273 1251 816 1288">
     <span class='ocr_line' id='line_1_42' title="bbox 273 1251 816 1288; baseline -0.004 -8"><span class='ocrx_word' id='word_1_282' title='bbox 273 1253 430 1288; x_wconf 84' lang='lat' dir='ltr'><strong>passionum</strong></span> <span class='ocrx_word' id='word_1_283' title='bbox 445 1252 588 1284; x_wconf 84' lang='lat' dir='ltr'><strong>memoria,</strong></span> <span class='ocrx_word' id='word_1_284' title='bbox 597 1251 702 1278; x_wconf 87' lang='lat' dir='ltr'><strong>alacres</strong></span> <span class='ocrx_word' id='word_1_285' title='bbox 715 1251 816 1278; x_wconf 86' lang='lat' dir='ltr'><strong>reddit.</strong></span> 
     </span>
    </p>
   </div>
   <div class='ocr_carea' id='block_1_43' title="bbox 326 1306 1064 1342">
    <p class='ocr_par' dir='ltr' id='par_1_43' title="bbox 326 1306 1064 1342">
     <span class='ocr_line' id='line_1_43' title="bbox 326 1306 1064 1342; baseline -0.001 -7"><span class='ocrx_word' id='word_1_286' title='bbox 326 1308 448 1335; x_wconf 85' lang='lat' dir='ltr'><strong>Thomas</strong></span> <span class='ocrx_word' id='word_1_287' title='bbox 458 1307 550 1342; x_wconf 76' lang='lat' dir='ltr'><strong>itaque</strong></span> <span class='ocrx_word' id='word_1_288' title='bbox 564 1311 627 1334; x_wconf 86' lang='lat' dir='ltr'><strong>ante</strong></span> <span class='ocrx_word' id='word_1_289' title='bbox 639 1306 734 1334; x_wconf 88' lang='lat' dir='ltr'><strong>mundi</strong></span> <span class='ocrx_word' id='word_1_290' title='bbox 748 1306 983 1340; x_wconf 85' lang='lat' dir='ltr'><strong>constitutionem,</strong></span> <span class='ocrx_word' id='word_1_291' title='bbox 995 1313 1064 1334; x_wconf 85' lang='lat' dir='ltr'><strong>con-</strong></span> 
     </span>
    </p>
   </div>
   <div class='ocr_carea' id='block_1_44' title="bbox 275 1351 1065 1388">
    <p class='ocr_par' dir='ltr' id='par_1_44' title="bbox 275 1351 1065 1388">
     <span class='ocr_line' id='line_1_44' title="bbox 275 1351 1065 1388; baseline -0.004 -7"><span class='ocrx_word' id='word_1_292' title='bbox 275 1354 370 1381; x_wconf 79' lang='lat' dir='ltr'><strong>formis</strong></span> <span class='ocrx_word' id='word_1_293' title='bbox 385 1353 495 1380; x_wconf 83' lang='lat' dir='ltr'><strong>futurus</strong></span> <span class='ocrx_word' id='word_1_294' title='bbox 518 1351 645 1388; x_wconf 74' lang='lat' dir='ltr'><strong>imaginis</strong></span> <span class='ocrx_word' id='word_1_295' title='bbox 653 1351 792 1387; x_wconf 85' lang='lat' dir='ltr'><strong>Unigeniti</strong></span> <span class='ocrx_word' id='word_1_296' title='bbox 809 1351 935 1387; x_wconf 75' lang='lat' dir='ltr'><strong>cognitus</strong></span> <span class='ocrx_word' id='word_1_297' title='bbox 949 1359 982 1379; x_wconf 90' lang='lat' dir='ltr'><strong>ac</strong></span> <span class='ocrx_word' id='word_1_298' title='bbox 993 1359 1065 1387; x_wconf 66' lang='lat' dir='ltr'><strong>prae-</strong></span> 
     </span>
    </p>
   </div>
   <div class='ocr_carea' id='block_1_45' title="bbox 275 1397 1064 1434">
    <p class='ocr_par' dir='ltr' id='par_1_45' title="bbox 275 1397 1064 1434">
     <span class='ocr_line' id='line_1_45' title="bbox 275 1397 1064 1434; baseline -0.004 -7"><span class='ocrx_word' id='word_1_299' title='bbox 275 1400 438 1431; x_wconf 80' lang='lat' dir='ltr'><strong>destinatus,</strong></span> <span class='ocrx_word' id='word_1_300' title='bbox 462 1398 536 1434; x_wconf 91' lang='lat' dir='ltr'><strong>quod</strong></span> <span class='ocrx_word' id='word_1_301' title='bbox 547 1402 655 1433; x_wconf 86' lang='lat' dir='ltr'><strong>tempus</strong></span> <span class='ocrx_word' id='word_1_302' title='bbox 668 1397 847 1432; x_wconf 88' lang='lat' dir='ltr'><strong>apparitionis</strong></span> <span class='ocrx_word' id='word_1_303' title='bbox 871 1397 984 1429; x_wconf 87' lang='lat' dir='ltr'><strong>aderat,</strong></span> <span class='ocrx_word' id='word_1_304' title='bbox 1000 1397 1064 1432; x_wconf 83' lang='lat' dir='ltr'><strong>qui-</strong></span> 
     </span>
    </p>
   </div>
   <div class='ocr_carea' id='block_1_46' title="bbox 276 1443 1065 1481">
    <p class='ocr_par' dir='ltr' id='par_1_46' title="bbox 276 1443 1065 1481">
     <span class='ocr_line' id='line_1_46' title="bbox 276 1443 1065 1481; baseline -0.004 -8"><span class='ocrx_word' id='word_1_305' title='bbox 276 1453 330 1481; x_wconf 84' lang='lat' dir='ltr'><strong>que</strong></span> <span class='ocrx_word' id='word_1_306' title='bbox 344 1445 524 1481; x_wconf 87' lang='lat' dir='ltr'><strong>apostolicum</strong></span> <span class='ocrx_word' id='word_1_307' title='bbox 545 1448 671 1472; x_wconf 87' lang='lat' dir='ltr'><strong>senatum</strong></span> <span class='ocrx_word' id='word_1_308' title='bbox 695 1447 788 1470; x_wconf 87' lang='lat' dir='ltr'><strong>essent</strong></span> <span class='ocrx_word' id='word_1_309' title='bbox 809 1443 948 1478; x_wconf 84' lang='lat' dir='ltr'><strong>impleturi</strong></span> <span class='ocrx_word' id='word_1_310' title='bbox 966 1447 1065 1477; x_wconf 62' lang='lat' dir='ltr'><strong>praesto</strong></span> 
     </span>
    </p>
   </div>
   <div class='ocr_carea' id='block_1_47' title="bbox 276 1489 1066 1528">
    <p class='ocr_par' dir='ltr' id='par_1_47' title="bbox 276 1489 1066 1528">
     <span class='ocr_line' id='line_1_47' title="bbox 276 1489 1066 1528; baseline -0.005 -8"><span class='ocrx_word' id='word_1_311' title='bbox 276 1492 396 1528; x_wconf 88' lang='lat' dir='ltr'><strong>eligendi</strong></span> <span class='ocrx_word' id='word_1_312' title='bbox 410 1495 501 1523; x_wconf 87' lang='lat' dir='ltr'><strong>erant,</strong></span> <span class='ocrx_word' id='word_1_313' title='bbox 517 1491 575 1526; x_wconf 87' lang='lat' dir='ltr'><strong>ipse</strong></span> <span class='ocrx_word' id='word_1_314' title='bbox 588 1489 692 1525; x_wconf 85' lang='lat' dir='ltr'><strong>pariter</strong></span> <span class='ocrx_word' id='word_1_315' title='bbox 705 1496 768 1517; x_wconf 86' lang='lat' dir='ltr'><strong>cum</strong></span> <span class='ocrx_word' id='word_1_316' title='bbox 781 1489 895 1524; x_wconf 84' lang='lat' dir='ltr'><strong>reliquis</strong></span> <span class='ocrx_word' id='word_1_317' title='bbox 904 1489 938 1516; x_wconf 80' lang='lat' dir='ltr'><strong>ad</strong></span> <span class='ocrx_word' id='word_1_318' title='bbox 959 1496 1066 1516; x_wconf 82' lang='lat' dir='ltr'><strong>sacram</strong></span> 
     </span>
    </p>
   </div>
   <div class='ocr_carea' id='block_1_48' title="bbox 278 1533 1066 1568">
    <p class='ocr_par' dir='ltr' id='par_1_48' title="bbox 278 1533 1066 1568">
     <span class='ocr_line' id='line_1_48' title="bbox 278 1533 1066 1568; baseline -0.004 -6"><span class='ocrx_word' id='word_1_319' title='bbox 278 1535 351 1562; x_wconf 80' lang='lat' dir='ltr'><strong>illam</strong></span> <span class='ocrx_word' id='word_1_320' title='bbox 362 1536 533 1561; x_wconf 84' lang='lat' dir='ltr'><strong>vocationem</strong></span> <span class='ocrx_word' id='word_1_321' title='bbox 544 1533 631 1560; x_wconf 77' lang='lat' dir='ltr'><strong>evasit</strong></span> <span class='ocrx_word' id='word_1_322' title='bbox 643 1541 652 1560; x_wconf 86' lang='lat'><strong>:</strong></span> <span class='ocrx_word' id='word_1_323' title='bbox 667 1538 844 1567; x_wconf 85' lang='lat' dir='ltr'><strong>vocatusque,</strong></span> <span class='ocrx_word' id='word_1_324' title='bbox 856 1533 927 1560; x_wconf 86' lang='lat' dir='ltr'><strong>haud</strong></span> <span class='ocrx_word' id='word_1_325' title='bbox 942 1533 1066 1568; x_wconf 79' lang='lat' dir='ltr'><strong>segnium</strong></span> 
     </span>
    </p>
   </div>
   <div class='ocr_carea' id='block_1_49' title="bbox 279 1577 1067 1613">
    <p class='ocr_par' dir='ltr' id='par_1_49' title="bbox 279 1577 1067 1613">
     <span class='ocr_line' id='line_1_49' title="bbox 279 1577 1067 1613; baseline 0 -7"><span class='ocrx_word' id='word_1_326' title='bbox 279 1586 356 1606; x_wconf 88' lang='lat' dir='ltr'><strong>more</strong></span> <span class='ocrx_word' id='word_1_327' title='bbox 368 1582 510 1606; x_wconf 89' lang='lat' dir='ltr'><strong>vocantem</strong></span> <span class='ocrx_word' id='word_1_328' title='bbox 519 1578 629 1613; x_wconf 86' lang='lat' dir='ltr'><strong>repulit;</strong></span> <span class='ocrx_word' id='word_1_329' title='bbox 642 1582 761 1605; x_wconf 90' lang='lat' dir='ltr'><strong>autcum</strong></span> <span class='ocrx_word' id='word_1_330' title='bbox 771 1577 939 1609; x_wconf 85' lang='lat' dir='ltr'><strong>obaudisset.</strong></span> <span class='ocrx_word' id='word_1_331' title='bbox 956 1586 989 1606; x_wconf 90' lang='lat' dir='ltr'><strong>ac</strong></span> <span class='ocrx_word' id='word_1_332' title='bbox 1006 1583 1067 1606; x_wconf 84' lang='lat' dir='ltr'><strong>tan-</strong></span> 
     </span>
    </p>
   </div>
   <div class='ocr_carea' id='block_1_50' title="bbox 279 1623 1065 1660">
    <p class='ocr_par' dir='ltr' id='par_1_50' title="bbox 279 1623 1065 1660">
     <span class='ocr_line' id='line_1_50' title="bbox 279 1623 1065 1660; baseline 0 -7"><span class='ocrx_word' id='word_1_333' title='bbox 279 1625 366 1660; x_wconf 85' lang='lat' dir='ltr'><strong>tisper</strong></span> <span class='ocrx_word' id='word_1_334' title='bbox 381 1625 418 1652; x_wconf 83' lang='lat' dir='ltr'><strong>illi</strong></span> <span class='ocrx_word' id='word_1_335' title='bbox 434 1623 602 1657; x_wconf 81' lang='lat' dir='ltr'><strong>adhzesisset;</strong></span> <span class='ocrx_word' id='word_1_336' title='bbox 615 1624 691 1651; x_wconf 89' lang='lat' dir='ltr'><strong>velut</strong></span> <span class='ocrx_word' id='word_1_337' title='bbox 701 1623 739 1650; x_wconf 93' lang='lat' dir='ltr'><strong>illi</strong></span> <span class='ocrx_word' id='word_1_338' title='bbox 755 1631 872 1658; x_wconf 90' lang='lat' dir='ltr'><strong>quorum</strong></span> <span class='ocrx_word' id='word_1_339' title='bbox 893 1624 1000 1653; x_wconf 83' lang='lat' dir='ltr'><strong>modica</strong></span> <span class='ocrx_word' id='word_1_340' title='bbox 1032 1632 1065 1653; x_wconf 85' lang='lat' dir='ltr'><strong>ac</strong></span> 
     </span>
    </p>
   </div>
   <div class='ocr_carea' id='block_1_51' title="bbox 280 1669 1066 1706">
    <p class='ocr_par' dir='ltr' id='par_1_51' title="bbox 280 1669 1066 1706">
     <span class='ocr_line' id='line_1_51' title="bbox 280 1669 1066 1706; baseline 0 -8"><span class='ocrx_word' id='word_1_341' title='bbox 280 1675 381 1698; x_wconf 83' lang='lat' dir='ltr'><strong>nutans</strong></span> <span class='ocrx_word' id='word_1_342' title='bbox 419 1670 497 1704; x_wconf 84' lang='lat' dir='ltr'><strong>ﬁdes,</strong></span> <span class='ocrx_word' id='word_1_343' title='bbox 524 1669 698 1706; x_wconf 86' lang='lat' dir='ltr'><strong>postmodum</strong></span> <span class='ocrx_word' id='word_1_344' title='bbox 706 1669 848 1697; x_wconf 89' lang='lat' dir='ltr'><strong>abitretro</strong></span> <span class='ocrx_word' id='word_1_345' title='bbox 861 1677 893 1698; x_wconf 91' lang='lat' dir='ltr'><strong>ac</strong></span> <span class='ocrx_word' id='word_1_346' title='bbox 907 1669 1002 1705; x_wconf 85' lang='lat' dir='ltr'><strong>pedem</strong></span> <span class='ocrx_word' id='word_1_347' title='bbox 1019 1678 1066 1698; x_wconf 88' lang='lat' dir='ltr'><strong>re-</strong></span> 
     </span>
    </p>
   </div>
   <div class='ocr_carea' id='block_1_52' title="bbox 318 1739 855 1774">
    <p class='ocr_par' dir='ltr' id='par_1_52' title="bbox 318 1739 855 1774">
     <span class='ocr_line' id='line_1_52' title="bbox 318 1739 855 1774; baseline 0 -6"><span class='ocrx_word' id='word_1_348' title='bbox 318 1741 340 1758; x_wconf 76' lang='lat'>“</span> <span class='ocrx_word' id='word_1_349' title='bbox 352 1741 432 1769; x_wconf 81' lang='lat' dir='ltr'><strong>Joan.</strong></span> <span class='ocrx_word' id='word_1_350' title='bbox 447 1749 492 1774; x_wconf 81' lang='lat' dir='ltr'><strong>xx,</strong></span> <span class='ocrx_word' id='word_1_351' title='bbox 510 1741 556 1768; x_wconf 69' lang='grc'><strong>24.</strong></span> <span class='ocrx_word' id='word_1_352' title='bbox 594 1740 617 1756; x_wconf 75' lang='grc'><strong>⁸·</strong></span> <span class='ocrx_word' id='word_1_353' title='bbox 632 1739 654 1768; x_wconf 86' lang='lat' dir='ltr'><strong>ll</strong></span> <span class='ocrx_word' id='word_1_354' title='bbox 666 1740 730 1768; x_wconf 90' lang='lat' dir='ltr'><strong>Cor.</strong></span> <span class='ocrx_word' id='word_1_355' title='bbox 756 1749 798 1774; x_wconf 84' lang='lat' dir='ltr'><strong>Ill,</strong></span> <span class='ocrx_word' id='word_1_356' title='bbox 812 1741 855 1768; x_wconf 73' lang='grc'><strong>17.</strong></span> 
     </span>
    </p>
   </div>
   <div class='ocr_carea' id='block_1_53' title="bbox 320 1810 1070 1848">
    <p class='ocr_par' dir='ltr' id='par_1_53' title="bbox 320 1810 1070 1848">
     <span class='ocr_line' id='line_1_53' title="bbox 320 1810 1070 1848; baseline -0.003 -8"><span class='ocrx_word' id='word_1_357' title='bbox 320 1812 381 1848; x_wconf 19' lang='lat'><strong>(22)»</strong></span> <span class='ocrx_word' id='word_1_358' title='bbox 393 1810 449 1848; x_wconf 72' lang='grc' dir='ltr'><strong>Τρν</strong></span> <span class='ocrx_word' id='word_1_359' title='bbox 462 1810 556 1848; x_wconf 66' lang='grc' dir='ltr'>αὑςοῦ</span> <span class='ocrx_word' id='word_1_360' title='bbox 571 1811 656 1848; x_wconf 58' lang='grc' dir='ltr'>ναόν.</span> <span class='ocrx_word' id='word_1_361' title='bbox 668 1811 926 1848; x_wconf 22' lang='grc' dir='ltr'>Εςοινῂοολτίιοιηω</span> <span class='ocrx_word' id='word_1_362' title='bbox 938 1811 1070 1846; x_wconf 74' lang='lat' dir='ltr'><strong>templum</strong></span> 
     </span>
    </p>
   </div>
   <div class='ocr_carea' id='block_1_54' title="bbox 284 1845 1071 1882">
    <p class='ocr_par' dir='ltr' id='par_1_54' title="bbox 284 1845 1071 1882">
     <span class='ocr_line' id='line_1_54' title="bbox 284 1845 1071 1882; baseline 0 -8"><span class='ocrx_word' id='word_1_363' title='bbox 284 1847 312 1875; x_wconf 86' lang='lat' dir='ltr'><strong>in</strong></span> <span class='ocrx_word' id='word_1_364' title='bbox 324 1845 329 1848; x_wconf 68' lang='grc'>⁷</span> <span class='ocrx_word' id='word_1_365' title='bbox 341 1845 452 1882; x_wconf 79' lang='lat' dir='ltr'><strong>palatio,</strong></span> <span class='ocrx_word' id='word_1_366' title='bbox 470 1853 494 1882; x_wconf 89' lang='lat' dir='ltr'><strong>_a</strong></span> <span class='ocrx_word' id='word_1_367' title='bbox 513 1845 608 1882; x_wconf 81' lang='lat' dir='ltr'><strong>Leone</strong></span> <span class='ocrx_word' id='word_1_368' title='bbox 617 1845 709 1873; x_wconf 89' lang='lat' dir='ltr'><strong>Basilii</strong></span> <span class='ocrx_word' id='word_1_369' title='bbox 723 1845 780 1882; x_wconf 83' lang='lat' dir='ltr'><strong>ﬁlio</strong></span> <span class='ocrx_word' id='word_1_370' title='bbox 800 1845 1071 1878; x_wconf 34' lang='lat' dir='ltr'><strong>instauratum,’cum</strong></span> 
     </span>
    </p>
   </div>
   <div class='ocr_carea' id='block_1_55' title="bbox 285 1880 1072 1916">
    <p class='ocr_par' dir='ltr' id='par_1_55' title="bbox 285 1880 1072 1916">
     <span class='ocr_line' id='line_1_55' title="bbox 285 1880 1072 1916; baseline -0.001 -6"><span class='ocrx_word' id='word_1_371' title='bbox 285 1880 412 1910; x_wconf 77' lang='lat' dir='ltr'><strong>incendio</strong></span> <span class='ocrx_word' id='word_1_372' title='bbox 424 1880 556 1907; x_wconf 68' lang='lat' dir='ltr'><strong>fedatum</strong></span> <span class='ocrx_word' id='word_1_373' title='bbox 572 1880 687 1914; x_wconf 80' lang='lat' dir='ltr'><strong>fuisset;</strong></span> <span class='ocrx_word' id='word_1_374' title='bbox 700 1889 753 1916; x_wconf 90' lang='lat' dir='ltr'><strong>qua</strong></span> <span class='ocrx_word' id='word_1_375' title='bbox 766 1881 800 1909; x_wconf 90' lang='lat' dir='ltr'><strong>de</strong></span> <span class='ocrx_word' id='word_1_376' title='bbox 813 1889 842 1908; x_wconf 92' lang='lat' dir='ltr'><strong>re</strong></span> <span class='ocrx_word' id='word_1_377' title='bbox 861 1886 951 1909; x_wconf 84' lang='lat' dir='ltr'><strong>exstat</strong></span> <span class='ocrx_word' id='word_1_378' title='bbox 971 1889 1026 1909; x_wconf 90' lang='lat' dir='ltr'><strong>una</strong></span> <span class='ocrx_word' id='word_1_379' title='bbox 1043 1886 1072 1909; x_wconf 91' lang='lat' dir='ltr'><strong>et</strong></span> 
     </span>
    </p>
   </div>
   <div class='ocr_carea' id='block_1_56' title="bbox 284 1916 1068 1952">
    <p class='ocr_par' dir='ltr' id='par_1_56' title="bbox 284 1916 1068 1952">
     <span class='ocr_line' id='line_1_56' title="bbox 284 1916 1068 1952; baseline -0.001 -7"><span class='ocrx_word' id='word_1_380' title='bbox 284 1916 445 1952; x_wconf 21' lang='lat' dir='ltr'><strong>alterarejus</strong></span> <span class='ocrx_word' id='word_1_381' title='bbox 456 1916 555 1947; x_wconf 83' lang='lat' dir='ltr'><strong>oratio,</strong></span> <span class='ocrx_word' id='word_1_382' title='bbox 569 1923 651 1950; x_wconf 84' lang='lat' dir='ltr'><strong>quam</strong></span> <span class='ocrx_word' id='word_1_383' title='bbox 669 1923 729 1943; x_wconf 90' lang='lat' dir='ltr'><strong>meo</strong></span> <span class='ocrx_word' id='word_1_384' title='bbox 743 1917 814 1952; x_wconf 79' lang='lat' dir='ltr'><strong>style</strong></span> <span class='ocrx_word' id='word_1_385' title='bbox 828 1917 944 1952; x_wconf 80' lang='lat' dir='ltr'><strong>produxi</strong></span> <span class='ocrx_word' id='word_1_386' title='bbox 955 1916 989 1952; x_wconf 83' lang='lat' dir='ltr'><strong>ad</strong></span> <span class='ocrx_word' id='word_1_387' title='bbox 1007 1917 1068 1952; x_wconf 84' lang='lat' dir='ltr'><strong>ejus</strong></span> 
     </span>
    </p>
   </div>
   <div class='ocr_carea' id='block_1_57' title="bbox 285 1951 1073 1987">
    <p class='ocr_par' dir='ltr' id='par_1_57' title="bbox 285 1951 1073 1987">
     <span class='ocr_line' id='line_1_57' title="bbox 285 1951 1073 1987; baseline -0.001 -7"><span class='ocrx_word' id='word_1_388' title='bbox 285 1953 357 1980; x_wconf 87' lang='lat' dir='ltr'><strong>diem</strong></span> <span class='ocrx_word' id='word_1_389' title='bbox 372 1951 482 1983; x_wconf 81' lang='lat' dir='ltr'><strong>festum,</strong></span> <span class='ocrx_word' id='word_1_390' title='bbox 493 1958 525 1978; x_wconf 85' lang='lat' dir='ltr'><strong>ex</strong></span> <span class='ocrx_word' id='word_1_391' title='bbox 536 1959 588 1987; x_wconf 60' lang='lat' dir='ltr'><strong>ms,</strong></span> <span class='ocrx_word' id='word_1_392' title='bbox 602 1952 736 1987; x_wconf 75' lang='lat' dir='ltr'><strong>eminent.</strong></span> <span class='ocrx_word' id='word_1_393' title='bbox 744 1951 820 1978; x_wconf 88' lang='lat' dir='ltr'><strong>card.</strong></span> <span class='ocrx_word' id='word_1_394' title='bbox 831 1951 972 1983; x_wconf 79' lang='lat' dir='ltr'><strong>Mazarini,</strong></span> <span class='ocrx_word' id='word_1_395' title='bbox 985 1951 1073 1987; x_wconf 84' lang='lat' dir='ltr'><strong>inquo</strong></span> 
     </span>
    </p>
   </div>
   <div class='ocr_carea' id='block_1_58' title="bbox 284 1985 1072 2022">
    <p class='ocr_par' dir='ltr' id='par_1_58' title="bbox 284 1985 1072 2022">
     <span class='ocr_line' id='line_1_58' title="bbox 284 1985 1072 2022; baseline -0.001 -7"><span class='ocrx_word' id='word_1_396' title='bbox 284 1992 313 2015; x_wconf 87' lang='lat' dir='ltr'><strong>et</strong></span> <span class='ocrx_word' id='word_1_397' title='bbox 325 1988 482 2022; x_wconf 79' lang='lat' dir='ltr'><strong>ejuscaput,</strong></span> <span class='ocrx_word' id='word_1_398' title='bbox 491 1986 565 2021; x_wconf 92' lang='lat' dir='ltr'><strong>quod</strong></span> <span class='ocrx_word' id='word_1_399' title='bbox 577 1985 647 2014; x_wconf 76' lang='lat' dir='ltr'><strong>forte</strong></span> <span class='ocrx_word' id='word_1_400' title='bbox 655 1985 757 2014; x_wconf 87' lang='lat' dir='ltr'><strong>Edessa</strong></span> <span class='ocrx_word' id='word_1_401' title='bbox 764 1987 925 2014; x_wconf 87' lang='lat' dir='ltr'><strong>translatum</strong></span> <span class='ocrx_word' id='word_1_402' title='bbox 932 1992 1016 2022; x_wconf 82' lang='lat' dir='ltr'><strong>esset;</strong></span> <span class='ocrx_word' id='word_1_403' title='bbox 1024 1985 1072 2015; x_wconf 85' lang='lat' dir='ltr'><strong>ubi</strong></span> 
     </span>
    </p>
   </div>
   <div class='ocr_carea' id='block_1_59' title="bbox 284 2021 1072 2063">
    <p class='ocr_par' dir='ltr' id='par_1_59' title="bbox 284 2021 1072 2063">
     <span class='ocr_line' id='line_1_59' title="bbox 284 2021 1072 2063; baseline 0 -13"><span class='ocrx_word' id='word_1_404' title='bbox 284 2021 352 2063; x_wconf 74' lang='lat' dir='ltr'><strong>oliui</strong></span> <span class='ocrx_word' id='word_1_405' title='bbox 360 2021 568 2063; x_wconf 67' lang='lat' dir='ltr'><strong>creditumejus</strong></span> <span class='ocrx_word' id='word_1_406' title='bbox 576 2029 676 2063; x_wconf 76' lang='lat' dir='ltr'><strong>corpus</strong></span> <span class='ocrx_word' id='word_1_407' title='bbox 682 2029 752 2054; x_wconf 87' lang='lat' dir='ltr'><strong>esse,</strong></span> <span class='ocrx_word' id='word_1_408' title='bbox 763 2022 906 2063; x_wconf 83' lang='lat' dir='ltr'><strong>cumindi.</strong></span> <span class='ocrx_word' id='word_1_409' title='bbox 916 2021 1072 2063; x_wconf 46' lang='lat' dir='ltr'><strong>apud&#39;quos</strong></span> 
     </span>
    </p>
   </div>
   <div class='ocr_carea' id='block_1_60' title="bbox 285 2055 1072 2120">
    <p class='ocr_par' dir='ltr' id='par_1_60' title="bbox 285 2055 1072 2120">
     <span class='ocr_line' id='line_1_60' title="bbox 285 2055 1072 2120; baseline 0.001 -36"><span class='ocrx_word' id='word_1_410' title='bbox 285 2055 418 2120; x_wconf 61' lang='lat' dir='ltr'><strong>giartyrio</strong></span> <span class='ocrx_word' id='word_1_411' title='bbox 427 2055 540 2084; x_wconf 73' lang='lat' dir='ltr'><strong>functus</strong></span> <span class='ocrx_word' id='word_1_412' title='bbox 559 2060 612 2089; x_wconf 86' lang='lat' dir='ltr'><strong>est,</strong></span> <span class='ocrx_word' id='word_1_413' title='bbox 620 2055 771 2084; x_wconf 81' lang='lat' dir='ltr'><strong>etiamnum</strong></span> <span class='ocrx_word' id='word_1_414' title='bbox 783 2062 882 2092; x_wconf 85' lang='lat' dir='ltr'><strong>putent</strong></span> <span class='ocrx_word' id='word_1_415' title='bbox 891 2064 921 2085; x_wconf 84' lang='lat' dir='ltr'><strong>se</strong></span> <span class='ocrx_word' id='word_1_416' title='bbox 932 2055 999 2084; x_wconf 87' lang='lat' dir='ltr'><strong>illud</strong></span> <span class='ocrx_word' id='word_1_417' title='bbox 1010 2055 1072 2085; x_wconf 21' lang='lat' dir='ltr'><strong>iba-</strong></span> 
     </span>
     <span class='ocr_line' id='line_1_61' title="bbox 305 2100 362 2120; baseline -0.018 0"><span class='ocrx_word' id='word_1_418' title='bbox 305 2100 362 2120; x_wconf 91' lang='lat' dir='ltr'><strong>ere.</strong></span> 
     </span>
    </p>
   </div>
   <div class='ocr_carea' id='block_1_61' title="bbox 305 2100 362 2120">
    <p class='ocr_par' dir='ltr' id='par_1_61' title="bbox 305 2100 362 2120">
     <span class='ocr_line' id='line_1_62' title="bbox 305 2100 362 2120; baseline -0.018 0"><span class='ocrx_word' id='word_1_419' title='bbox 305 2100 362 2120; x_wconf 90' lang='lat' dir='ltr'><strong>ere.</strong></span> 
     </span>
    </p>
   </div>
   <div class='ocr_carea' id='block_1_62' title="bbox 320 2126 1072 2163">
    <p class='ocr_par' dir='ltr' id='par_1_62' title="bbox 320 2126 1072 2163">
     <span class='ocr_line' id='line_1_63' title="bbox 320 2126 1072 2163; baseline -0.001 -8"><span class='ocrx_word' id='word_1_420' title='bbox 320 2126 511 2163; x_wconf 77' lang='lat' dir='ltr'><strong>NumBaronii</strong></span> <span class='ocrx_word' id='word_1_421' title='bbox 520 2126 832 2163; x_wconf 12' lang='lat' dir='ltr'><strong>faciatisalisexpositio,</strong></span> <span class='ocrx_word' id='word_1_422' title='bbox 846 2132 875 2155; x_wconf 90' lang='lat' dir='ltr'><strong>ut</strong></span> <span class='ocrx_word' id='word_1_423' title='bbox 889 2135 952 2163; x_wconf 90' lang='lat' dir='ltr'><strong>pars</strong></span> <span class='ocrx_word' id='word_1_424' title='bbox 961 2127 1072 2163; x_wconf 81' lang='lat' dir='ltr'><strong>exuvia-</strong></span> 
     </span>
    </p>
   </div>
   <div class='ocr_carea' id='block_1_63' title="bbox 287 2161 1071 2198">
    <p class='ocr_par' dir='ltr' id='par_1_63' title="bbox 287 2161 1071 2198">
     <span class='ocr_line' id='line_1_64' title="bbox 287 2161 1071 2198; baseline -0.003 -7"><span class='ocrx_word' id='word_1_425' title='bbox 287 2171 348 2191; x_wconf 87' lang='lat' dir='ltr'><strong>rum</strong></span> <span class='ocrx_word' id='word_1_426' title='bbox 365 2162 530 2198; x_wconf 6' lang='lat' dir='ltr'><strong>Tliomaegex</strong></span> <span class='ocrx_word' id='word_1_427' title='bbox 554 2161 630 2189; x_wconf 84' lang='lat' dir='ltr'><strong>India</strong></span> <span class='ocrx_word' id='word_1_428' title='bbox 653 2162 782 2189; x_wconf 84' lang='lat' dir='ltr'><strong>Edessam</strong></span> <span class='ocrx_word' id='word_1_429' title='bbox 797 2161 937 2194; x_wconf 80' lang='lat' dir='ltr'><strong>translata.</strong></span> <span class='ocrx_word' id='word_1_430' title='bbox 963 2171 1027 2198; x_wconf 88' lang='lat' dir='ltr'><strong>pars</strong></span> <span class='ocrx_word' id='word_1_431' title='bbox 1043 2162 1071 2189; x_wconf 93' lang='lat' dir='ltr'><strong>in</strong></span> 
     </span>
    </p>
   </div>
   <div class='ocr_carea' id='block_1_64' title="bbox 286 2196 1108 2245">
    <p class='ocr_par' dir='ltr' id='par_1_64' title="bbox 286 2196 1108 2245">
     <span class='ocr_line' id='line_1_65' title="bbox 286 2196 1108 2245; baseline 0 -20"><span class='ocrx_word' id='word_1_432' title='bbox 286 2198 362 2245; x_wconf 59' lang='lat' dir='ltr'><strong>ludia</strong></span> <span class='ocrx_word' id='word_1_433' title='bbox 377 2196 526 2245; x_wconf 60' lang='lat' dir='ltr'><strong>manserit,</strong></span> <span class='ocrx_word' id='word_1_434' title='bbox 552 2204 612 2245; x_wconf 52' lang='lat' dir='ltr'><strong>quis</strong></span> <span class='ocrx_word' id='word_1_435' title='bbox 626 2201 665 2224; x_wconf 89' lang='lat' dir='ltr'><strong>tot</strong></span> <span class='ocrx_word' id='word_1_436' title='bbox 682 2202 756 2245; x_wconf 42' lang='lat' dir='ltr'><strong>reum-‘0</strong></span> <span class='ocrx_word' id='word_1_437' title='bbox 772 2199 895 2230; x_wconf 60' lang='lat' dir='ltr'><strong>saeculis,</strong></span> <span class='ocrx_word' id='word_1_438' title='bbox 903 2196 1070 2245; x_wconf 43' lang='lat' dir='ltr'><strong>liter-‘umraf-</strong></span> <span class='ocrx_word' id='word_1_439' title='bbox 1086 2218 1108 2245; x_wconf 67' lang='grc' dir='ltr'>υ</span> 
     </span>
    </p>
   </div>
   <div class='ocr_carea' id='block_1_65' title="bbox 287 2231 1069 2271">
    <p class='ocr_par' dir='ltr' id='par_1_65' title="bbox 287 2231 1069 2271">
     <span class='ocr_line' id='line_1_66' title="bbox 287 2231 1069 2271; baseline -0.001 -11"><span class='ocrx_word' id='word_1_440' title='bbox 287 2233 410 2271; x_wconf 75' lang='lat' dir='ltr'><strong>fulgente</strong></span> <span class='ocrx_word' id='word_1_441' title='bbox 424 2231 643 2271; x_wconf 42' lang='lat' dir='ltr'><strong>.illisngentibus</strong></span> <span class='ocrx_word' id='word_1_442' title='bbox 662 2239 710 2266; x_wconf 90' lang='lat' dir='ltr'><strong>per</strong></span> <span class='ocrx_word' id='word_1_443' title='bbox 724 2232 874 2271; x_wconf 54' lang='lat' dir='ltr'><strong>Europaeos</strong></span> <span class='ocrx_word' id='word_1_444' title='bbox 902 2233 1050 2271; x_wconf 61' lang='lat' dir='ltr'><strong>Evangelii)</strong></span> <span class='ocrx_word' id='word_1_445' title='bbox 1061 2252 1069 2266; x_wconf 93' lang='lat'><strong>,</strong></span> 
     </span>
    </p>
   </div>
   <div class='ocr_carea' id='block_1_66' title="bbox 286 2266 1070 2300">
    <p class='ocr_par' dir='ltr' id='par_1_66' title="bbox 286 2266 1070 2300">
     <span class='ocr_line' id='line_1_67' title="bbox 286 2266 1070 2300; baseline 0 -5"><span class='ocrx_word' id='word_1_446' title='bbox 286 2266 395 2295; x_wconf 74' lang='lat' dir='ltr'><strong>detecta</strong></span> <span class='ocrx_word' id='word_1_447' title='bbox 409 2266 455 2298; x_wconf 87' lang='lat' dir='ltr'><strong>sit,</strong></span> <span class='ocrx_word' id='word_1_448' title='bbox 469 2266 515 2292; x_wconf 89' lang='lat' dir='ltr'><strong>alii</strong></span> <span class='ocrx_word' id='word_1_449' title='bbox 530 2266 650 2294; x_wconf 81' lang='lat' dir='ltr'><strong>viderint</strong></span> <span class='ocrx_word' id='word_1_450' title='bbox 670 2275 676 2293; x_wconf 73' lang='grc' dir='ltr'><strong><em>τ</em></strong></span> <span class='ocrx_word' id='word_1_451' title='bbox 695 2267 763 2294; x_wconf 82' lang='lat' dir='ltr'><strong>mihi</strong></span> <span class='ocrx_word' id='word_1_452' title='bbox 779 2266 892 2295; x_wconf 81' lang='lat' dir='ltr'><strong>omnino</strong></span> <span class='ocrx_word' id='word_1_453' title='bbox 914 2276 970 2295; x_wconf 93' lang='lat' dir='ltr'><strong>non</strong></span> <span class='ocrx_word' id='word_1_454' title='bbox 982 2266 1070 2300; x_wconf 58' lang='lat' dir='ltr'><strong>&#39;facit,</strong></span> 
     </span>
    </p>
   </div>
   <div class='ocr_carea' id='block_1_67' title="bbox 287 2300 1070 2338">
    <p class='ocr_par' dir='ltr' id='par_1_67' title="bbox 287 2300 1070 2338">
     <span class='ocr_line' id='line_1_68' title="bbox 287 2300 1070 2338; baseline 0.001 -9"><span class='ocrx_word' id='word_1_455' title='bbox 287 2302 406 2338; x_wconf 83' lang='lat' dir='ltr'><strong>quodet</strong></span> <span class='ocrx_word' id='word_1_456' title='bbox 421 2305 503 2336; x_wconf 85' lang='lat' dir='ltr'><strong>caput</strong></span> <span class='ocrx_word' id='word_1_457' title='bbox 517 2300 756 2338; x_wconf 68' lang='lat' dir='ltr'><strong>constantinopoli</strong></span> <span class='ocrx_word' id='word_1_458' title='bbox 783 2307 812 2330; x_wconf 90' lang='lat' dir='ltr'><strong>et</strong></span> <span class='ocrx_word' id='word_1_459' title='bbox 835 2311 935 2338; x_wconf 90' lang='lat' dir='ltr'><strong>corpus</strong></span> <span class='ocrx_word' id='word_1_460' title='bbox 949 2303 1070 2335; x_wconf 69' lang='lat' dir='ltr'><strong>Edessaz,</strong></span> 
     </span>
    </p>
   </div>
   <div class='ocr_carea' id='block_1_68' title="bbox 287 2336 1072 2374">
    <p class='ocr_par' dir='ltr' id='par_1_68' title="bbox 287 2336 1072 2374">
     <span class='ocr_line' id='line_1_69' title="bbox 287 2336 1072 2374; baseline 0.001 -10"><span class='ocrx_word' id='word_1_461' title='bbox 287 2336 349 2374; x_wconf 73' lang='lat' dir='ltr'><strong>pari</strong></span> <span class='ocrx_word' id='word_1_462' title='bbox 359 2337 419 2374; x_wconf 77' lang='lat' dir='ltr'><strong>fere</strong></span> <span class='ocrx_word' id='word_1_463' title='bbox 432 2336 611 2374; x_wconf 65' lang='lat' dir='ltr'><strong>veneratione</strong></span> <span class='ocrx_word' id='word_1_464' title='bbox 624 2344 655 2364; x_wconf 89' lang='lat' dir='ltr'><strong>ac</strong></span> <span class='ocrx_word' id='word_1_465' title='bbox 678 2337 772 2365; x_wconf 71' lang='lat' dir='ltr'><strong>Romae</strong></span> <span class='ocrx_word' id='word_1_466' title='bbox 795 2336 980 2374; x_wconf 79' lang='lat' dir='ltr'><strong>apostolorum</strong></span> <span class='ocrx_word' id='word_1_467' title='bbox 997 2338 1072 2365; x_wconf 83' lang='lat' dir='ltr'><strong>Petri</strong></span> 
     </span>
    </p>
   </div>
   <div class='ocr_carea' id='block_1_69' title="bbox 287 2370 1072 2408">
    <p class='ocr_par' dir='ltr' id='par_1_69' title="bbox 287 2370 1072 2408">
     <span class='ocr_line' id='line_1_70' title="bbox 287 2370 1072 2408; baseline 0.001 -9"><span class='ocrx_word' id='word_1_468' title='bbox 287 2370 316 2399; x_wconf 72' lang='lat' dir='ltr'><strong>et</strong></span> <span class='ocrx_word' id='word_1_469' title='bbox 335 2371 423 2408; x_wconf 78' lang='lat' dir='ltr'><strong>Pauli,</strong></span> <span class='ocrx_word' id='word_1_470' title='bbox 445 2375 475 2408; x_wconf 79' lang='lat' dir='ltr'><strong>ut</strong></span> <span class='ocrx_word' id='word_1_471' title='bbox 489 2370 631 2407; x_wconf 74' lang='lat' dir='ltr'><strong>Clu‘ysost.</strong></span> <span class='ocrx_word' id='word_1_472' title='bbox 645 2376 742 2399; x_wconf 88' lang='lat' dir='ltr'><strong>auctor</strong></span> <span class='ocrx_word' id='word_1_473' title='bbox 759 2370 820 2405; x_wconf 60' lang='lat' dir='ltr'><strong>est;</strong></span> <span class='ocrx_word' id='word_1_474' title='bbox 842 2378 870 2400; x_wconf 88' lang='lat' dir='ltr'><strong>et</strong></span> <span class='ocrx_word' id='word_1_475' title='bbox 884 2373 957 2408; x_wconf 93' lang='lat' dir='ltr'><strong>quod</strong></span> <span class='ocrx_word' id='word_1_476' title='bbox 974 2373 1072 2400; x_wconf 84' lang='lat' dir='ltr'><strong>inven-</strong></span> 
     </span>
    </p>
   </div>
   <div class='ocr_carea' id='block_1_70' title="bbox 288 2406 1075 2443">
    <p class='ocr_par' dir='ltr' id='par_1_70' title="bbox 288 2406 1075 2443">
     <span class='ocr_line' id='line_1_71' title="bbox 288 2406 1075 2443; baseline 0.001 -9"><span class='ocrx_word' id='word_1_477' title='bbox 288 2413 349 2443; x_wconf 17' lang='lat' dir='ltr'><strong>tumr</strong></span> <span class='ocrx_word' id='word_1_478' title='bbox 363 2407 391 2434; x_wconf 93' lang='lat' dir='ltr'><strong>in</strong></span> <span class='ocrx_word' id='word_1_479' title='bbox 406 2406 599 2443; x_wconf 85' lang='lat' dir='ltr'><strong>lndia_corpus</strong></span> <span class='ocrx_word' id='word_1_480' title='bbox 614 2415 675 2434; x_wconf 91' lang='lat' dir='ltr'><strong>cum</strong></span> <span class='ocrx_word' id='word_1_481' title='bbox 692 2408 884 2436; x_wconf 85' lang='lat' dir='ltr'><strong>instrumentis</strong></span> <span class='ocrx_word' id='word_1_482' title='bbox 893 2406 985 2443; x_wconf 81' lang='lat' dir='ltr'><strong>ipsius</strong></span> <span class='ocrx_word' id='word_1_483' title='bbox 1002 2415 1075 2435; x_wconf 85' lang='lat' dir='ltr'><strong>mar-</strong></span> 
     </span>
    </p>
   </div>
   <div class='ocr_carea' id='block_1_71' title="bbox 289 2441 1075 2477">
    <p class='ocr_par' dir='ltr' id='par_1_71' title="bbox 289 2441 1075 2477">
     <span class='ocr_line' id='line_1_72' title="bbox 289 2441 1075 2477; baseline 0.003 -9"><span class='ocrx_word' id='word_1_484' title='bbox 289 2442 352 2477; x_wconf 85' lang='lat' dir='ltr'><strong>tyrii</strong></span> <span class='ocrx_word' id='word_1_485' title='bbox 363 2461 370 2473; x_wconf 84' lang='lat'><strong>,</strong></span> <span class='ocrx_word' id='word_1_486' title='bbox 389 2446 418 2477; x_wconf 82' lang='lat' dir='ltr'><strong>et</strong></span> <span class='ocrx_word' id='word_1_487' title='bbox 435 2441 515 2477; x_wconf 82' lang='lat' dir='ltr'><strong>quale</strong></span> <span class='ocrx_word' id='word_1_488' title='bbox 530 2446 654 2469; x_wconf 86' lang='lat' dir='ltr'><strong>veterum</strong></span> <span class='ocrx_word' id='word_1_489' title='bbox 671 2442 828 2470; x_wconf 83' lang='lat' dir='ltr'><strong>narratione</strong></span> <span class='ocrx_word' id='word_1_490' title='bbox 850 2441 1000 2475; x_wconf 76' lang='lat' dir='ltr'><strong>habemus,</strong></span> <span class='ocrx_word' id='word_1_491' title='bbox 1018 2451 1075 2470; x_wconf 91' lang='lat' dir='ltr'><strong>non</strong></span> 
     </span>
    </p>
   </div>
   <div class='ocr_carea' id='block_1_72' title="bbox 288 2476 1074 2514">
    <p class='ocr_par' dir='ltr' id='par_1_72' title="bbox 288 2476 1074 2514">
     <span class='ocr_line' id='line_1_73' title="bbox 288 2476 1074 2514; baseline 0 -11"><span class='ocrx_word' id='word_1_492' title='bbox 288 2476 430 2514; x_wconf 66' lang='lat' dir='ltr'><strong>particula-3</strong></span> <span class='ocrx_word' id='word_1_493' title='bbox 453 2477 590 2514; x_wconf 75' lang='lat' dir='ltr'><strong>corporis,</strong></span> <span class='ocrx_word' id='word_1_494' title='bbox 611 2485 681 2514; x_wconf 65' lang='lat' dir='ltr'><strong>cum</strong></span> <span class='ocrx_word' id='word_1_495' title='bbox 709 2482 801 2514; x_wconf 85' lang='lat' dir='ltr'><strong>tamen</strong></span> <span class='ocrx_word' id='word_1_496' title='bbox 827 2478 869 2514; x_wconf 88' lang='lat' dir='ltr'><strong>(ut</strong></span> <span class='ocrx_word' id='word_1_497' title='bbox 898 2478 965 2506; x_wconf 86' lang='lat' dir='ltr'><strong>lides</strong></span> <span class='ocrx_word' id='word_1_498' title='bbox 981 2478 1074 2512; x_wconf 87' lang='lat' dir='ltr'><strong>aliqua</strong></span> 
     </span>
    </p>
   </div>
   <div class='ocr_carea' id='block_1_73' title="bbox 290 2511 1074 2552">
    <p class='ocr_par' dir='ltr' id='par_1_73' title="bbox 290 2511 1074 2552">
     <span class='ocr_line' id='line_1_74' title="bbox 290 2511 1074 2552; baseline -0.001 -12"><span class='ocrx_word' id='word_1_499' title='bbox 290 2511 449 2552; x_wconf 73' lang='lat' dir='ltr'><strong>apocrypha</strong></span> <span class='ocrx_word' id='word_1_500' title='bbox 465 2511 561 2539; x_wconf 67' lang='lat' dir='ltr'><strong>Abdiaa</strong></span> <span class='ocrx_word' id='word_1_501' title='bbox 574 2512 706 2552; x_wconf 61' lang='lat' dir='ltr'><strong>habenda</strong></span> <span class='ocrx_word' id='word_1_502' title='bbox 716 2513 764 2546; x_wconf 87' lang='lat' dir='ltr'><strong>sit)</strong></span> <span class='ocrx_word' id='word_1_503' title='bbox 783 2511 875 2552; x_wconf 76' lang='lat' dir='ltr'><strong>statim</strong></span> <span class='ocrx_word' id='word_1_504' title='bbox 894 2517 956 2552; x_wconf 70' lang='lat' dir='ltr'><strong>post</strong></span> <span class='ocrx_word' id='word_1_505' title='bbox 970 2511 1074 2552; x_wconf 71' lang='lat' dir='ltr'><strong>marty-</strong></span> 
     </span>
    </p>
   </div>
   <div class='ocr_carea' id='block_1_74' title="bbox 289 2547 1074 2582">
    <p class='ocr_par' dir='ltr' id='par_1_74' title="bbox 289 2547 1074 2582">
     <span class='ocr_line' id='line_1_75' title="bbox 289 2547 1074 2582; baseline 0.001 -8"><span class='ocrx_word' id='word_1_506' title='bbox 289 2549 360 2574; x_wconf 91' lang='lat' dir='ltr'><strong>rium</strong></span> <span class='ocrx_word' id='word_1_507' title='bbox 377 2547 511 2581; x_wconf 75' lang='lat' dir='ltr'><strong>integrum</strong></span> <span class='ocrx_word' id='word_1_508' title='bbox 523 2554 539 2574; x_wconf 92' lang='lat' dir='ltr'><strong>e</strong></span> <span class='ocrx_word' id='word_1_509' title='bbox 554 2547 682 2582; x_wconf 89' lang='lat' dir='ltr'><strong>sepulcro</strong></span> <span class='ocrx_word' id='word_1_510' title='bbox 695 2547 768 2575; x_wconf 79' lang='lat' dir='ltr'><strong>furto</strong></span> <span class='ocrx_word' id='word_1_511' title='bbox 785 2547 908 2576; x_wconf 85' lang='lat' dir='ltr'><strong>ablatum</strong></span> <span class='ocrx_word' id='word_1_512' title='bbox 925 2548 1019 2580; x_wconf 77' lang='lat' dir='ltr'><strong>fuerit,</strong></span> <span class='ocrx_word' id='word_1_513' title='bbox 1044 2547 1074 2576; x_wconf 82' lang='lat' dir='ltr'><strong>et</strong></span> 
     </span>
    </p>
   </div>
   <div class='ocr_carea' id='block_1_75' title="bbox 289 2582 1075 2617">
    <p class='ocr_par' dir='ltr' id='par_1_75' title="bbox 289 2582 1075 2617">
     <span class='ocr_line' id='line_1_76' title="bbox 289 2582 1075 2617; baseline 0 -7"><span class='ocrx_word' id='word_1_514' title='bbox 289 2582 420 2610; x_wconf 82' lang='lat' dir='ltr'><strong>Edessam</strong></span> <span class='ocrx_word' id='word_1_515' title='bbox 442 2586 633 2616; x_wconf 80' lang='lat' dir='ltr'><strong>asportatum,</strong></span> <span class='ocrx_word' id='word_1_516' title='bbox 652 2583 747 2610; x_wconf 89' lang='lat' dir='ltr'><strong>relicto</strong></span> <span class='ocrx_word' id='word_1_517' title='bbox 765 2584 870 2610; x_wconf 92' lang='lat' dir='ltr'><strong>tumulo</strong></span> <span class='ocrx_word' id='word_1_518' title='bbox 892 2591 1006 2617; x_wconf 71' lang='lat' dir='ltr'><strong>prorsus</strong></span> <span class='ocrx_word' id='word_1_519' title='bbox 1026 2591 1075 2610; x_wconf 90' lang='lat' dir='ltr'><strong>va-</strong></span> 
     </span>
    </p>
   </div>
   <div class='ocr_carea' id='block_1_76' title="bbox 289 2618 1075 2652">
    <p class='ocr_par' dir='ltr' id='par_1_76' title="bbox 289 2618 1075 2652">
     <span class='ocr_line' id='line_1_77' title="bbox 289 2618 1075 2652; baseline 0 -8"><span class='ocrx_word' id='word_1_520' title='bbox 289 2626 353 2649; x_wconf 88' lang='lat' dir='ltr'><strong>cuo,</strong></span> <span class='ocrx_word' id='word_1_521' title='bbox 369 2618 463 2652; x_wconf 80' lang='lat' dir='ltr'><strong>sicque</strong></span> <span class='ocrx_word' id='word_1_522' title='bbox 480 2622 600 2651; x_wconf 88' lang='lat' dir='ltr'><strong>reperto,</strong></span> <span class='ocrx_word' id='word_1_523' title='bbox 618 2621 648 2644; x_wconf 91' lang='lat' dir='ltr'><strong>ut</strong></span> <span class='ocrx_word' id='word_1_524' title='bbox 661 2618 707 2644; x_wconf 91' lang='lat' dir='ltr'><strong>illo</strong></span> <span class='ocrx_word' id='word_1_525' title='bbox 724 2618 795 2644; x_wconf 87' lang='lat' dir='ltr'><strong>libro</strong></span> <span class='ocrx_word' id='word_1_526' title='bbox 814 2623 953 2645; x_wconf 86' lang='lat' dir='ltr'><strong>narratur.</strong></span> <span class='ocrx_word' id='word_1_527' title='bbox 978 2619 1075 2645; x_wconf 85' lang='lat' dir='ltr'><strong>Putem</strong></span> 
     </span>
    </p>
   </div>
   <div class='ocr_carea' id='block_1_77' title="bbox 289 2652 1077 2688">
    <p class='ocr_par' dir='ltr' id='par_1_77' title="bbox 289 2652 1077 2688">
     <span class='ocr_line' id='line_1_78' title="bbox 289 2652 1077 2688; baseline 0 -9"><span class='ocrx_word' id='word_1_528' title='bbox 289 2653 376 2688; x_wconf 82' lang='lat' dir='ltr'><strong>magis</strong></span> <span class='ocrx_word' id='word_1_529' title='bbox 392 2653 420 2679; x_wconf 88' lang='lat' dir='ltr'><strong>in</strong></span> <span class='ocrx_word' id='word_1_530' title='bbox 433 2660 466 2679; x_wconf 91' lang='lat' dir='ltr'><strong>eo</strong></span> <span class='ocrx_word' id='word_1_531' title='bbox 479 2652 636 2688; x_wconf 76' lang='lat' dir='ltr'><strong>contigisse,</strong></span> <span class='ocrx_word' id='word_1_532' title='bbox 649 2653 722 2687; x_wconf 90' lang='lat' dir='ltr'><strong>quod</strong></span> <span class='ocrx_word' id='word_1_533' title='bbox 734 2653 766 2679; x_wconf 89' lang='lat' dir='ltr'><strong>-in</strong></span> <span class='ocrx_word' id='word_1_534' title='bbox 784 2653 913 2688; x_wconf 83' lang='lat' dir='ltr'><strong>Stephani</strong></span> <span class='ocrx_word' id='word_1_535' title='bbox 923 2657 1077 2688; x_wconf 90' lang='lat' dir='ltr'><strong>protomar-</strong></span> 
     </span>
    </p>
   </div>
   <div class='ocr_carea' id='block_1_78' title="bbox 290 2687 1074 2722">
    <p class='ocr_par' dir='ltr' id='par_1_78' title="bbox 290 2687 1074 2722">
     <span class='ocr_line' id='line_1_79' title="bbox 290 2687 1074 2722; baseline 0.001 -8"><span class='ocrx_word' id='word_1_536' title='bbox 290 2689 360 2722; x_wconf 85' lang='lat' dir='ltr'><strong>tyris</strong></span> <span class='ocrx_word' id='word_1_537' title='bbox 383 2695 512 2722; x_wconf 83' lang='lat' dir='ltr'><strong>corpore,</strong></span> <span class='ocrx_word' id='word_1_538' title='bbox 535 2687 608 2721; x_wconf 87' lang='lat' dir='ltr'><strong>quod</strong></span> <span class='ocrx_word' id='word_1_539' title='bbox 635 2687 663 2714; x_wconf 89' lang='lat' dir='ltr'><strong>in</strong></span> <span class='ocrx_word' id='word_1_540' title='bbox 687 2687 815 2722; x_wconf 66' lang='lat' dir='ltr'><strong>Baptism</strong></span> <span class='ocrx_word' id='word_1_541' title='bbox 836 2687 929 2722; x_wconf 73' lang='lat' dir='ltr'><strong>capite</strong></span> <span class='ocrx_word' id='word_1_542' title='bbox 940 2689 1074 2720; x_wconf 79' lang='lat' dir='ltr'><strong>Romano,</strong></span> 
     </span>
    </p>
   </div>
   <div class='ocr_carea' id='block_1_79' title="bbox 291 2722 1076 2758">
    <p class='ocr_par' dir='ltr' id='par_1_79' title="bbox 291 2722 1076 2758">
     <span class='ocr_line' id='line_1_80' title="bbox 291 2722 1076 2758; baseline -0.001 -8"><span class='ocrx_word' id='word_1_543' title='bbox 291 2723 451 2758; x_wconf 82' lang='lat' dir='ltr'><strong>Angeliaco,</strong></span> <span class='ocrx_word' id='word_1_544' title='bbox 465 2722 642 2758; x_wconf 82' lang='lat' dir='ltr'><strong>Alnbianensi</strong></span> <span class='ocrx_word' id='word_1_545' title='bbox 660 2722 731 2757; x_wconf 90' lang='lat' dir='ltr'><strong>(ipso</strong></span> <span class='ocrx_word' id='word_1_546' title='bbox 744 2723 809 2750; x_wconf 87' lang='lat' dir='ltr'><strong>olim</strong></span> <span class='ocrx_word' id='word_1_547' title='bbox 822 2723 1076 2757; x_wconf 86' lang='lat' dir='ltr'><strong>Constantinopoli-</strong></span> 
     </span>
    </p>
   </div>
   <div class='ocr_carea' id='block_1_80' title="bbox 294 2757 1076 2792">
    <p class='ocr_par' dir='ltr' id='par_1_80' title="bbox 294 2757 1076 2792">
     <span class='ocr_line' id='line_1_81' title="bbox 294 2757 1076 2792; baseline 0 -7"><span class='ocrx_word' id='word_1_548' title='bbox 294 2757 390 2790; x_wconf 83' lang='lat' dir='ltr'><strong>tano);</strong></span> <span class='ocrx_word' id='word_1_549' title='bbox 410 2765 463 2792; x_wconf 87' lang='lat' dir='ltr'><strong>qua</strong></span> <span class='ocrx_word' id='word_1_550' title='bbox 481 2758 514 2784; x_wconf 90' lang='lat' dir='ltr'><strong>de</strong></span> <span class='ocrx_word' id='word_1_551' title='bbox 528 2766 567 2788; x_wconf 83' lang='lat' dir='ltr'><strong>rc,</strong></span> <span class='ocrx_word' id='word_1_552' title='bbox 585 2757 618 2785; x_wconf 89' lang='lat' dir='ltr'><strong>ad</strong></span> <span class='ocrx_word' id='word_1_553' title='bbox 647 2758 834 2785; x_wconf 86' lang='lat' dir='ltr'><strong>narrationem</strong></span> <span class='ocrx_word' id='word_1_554' title='bbox 853 2757 888 2785; x_wconf 84' lang='lat' dir='ltr'><strong>de</strong></span> <span class='ocrx_word' id='word_1_555' title='bbox 915 2758 1076 2786; x_wconf 82' lang='lat' dir='ltr'><strong>inventione</strong></span> 
     </span>
    </p>
   </div>
   <div class='ocr_carea' id='block_1_81' title="bbox 293 2792 1075 2827">
    <p class='ocr_par' dir='ltr' id='par_1_81' title="bbox 293 2792 1075 2827">
     <span class='ocr_line' id='line_1_82' title="bbox 293 2792 1075 2827; baseline 0 -7"><span class='ocrx_word' id='word_1_556' title='bbox 293 2793 418 2827; x_wconf 87' lang='lat' dir='ltr'><strong>corporis</strong></span> <span class='ocrx_word' id='word_1_557' title='bbox 433 2792 555 2827; x_wconf 85' lang='lat' dir='ltr'><strong>ejusdem</strong></span> <span class='ocrx_word' id='word_1_558' title='bbox 570 2792 713 2826; x_wconf 85' lang='lat' dir='ltr'><strong>Stephani,</strong></span> <span class='ocrx_word' id='word_1_559' title='bbox 746 2797 774 2820; x_wconf 89' lang='lat' dir='ltr'><strong>et</strong></span> <span class='ocrx_word' id='word_1_560' title='bbox 794 2793 975 2820; x_wconf 82' lang='lat' dir='ltr'><strong>translatione</strong></span> <span class='ocrx_word' id='word_1_561' title='bbox 1003 2793 1075 2821; x_wconf 87' lang='lat' dir='ltr'><strong>Con-</strong></span> 
     </span>
    </p>
   </div>
   <div class='ocr_carea' id='block_1_82' title="bbox 293 2827 1079 2862">
    <p class='ocr_par' dir='ltr' id='par_1_82' title="bbox 293 2827 1079 2862">
     <span class='ocr_line' id='line_1_83' title="bbox 293 2827 1079 2862; baseline 0.001 -8"><span class='ocrx_word' id='word_1_562' title='bbox 293 2828 514 2862; x_wconf 85' lang='lat' dir='ltr'><strong>stantinopolim.</strong></span> <span class='ocrx_word' id='word_1_563' title='bbox 533 2828 714 2854; x_wconf 84' lang='lat' dir='ltr'><strong>Constantino</strong></span> <span class='ocrx_word' id='word_1_564' title='bbox 729 2827 895 2862; x_wconf 85' lang='lat' dir='ltr'><strong>imperatore</strong></span> <span class='ocrx_word' id='word_1_565' title='bbox 920 2833 948 2855; x_wconf 91' lang='lat' dir='ltr'><strong>et</strong></span> <span class='ocrx_word' id='word_1_566' title='bbox 976 2829 1079 2856; x_wconf 86' lang='lat' dir='ltr'><strong>Metro-</strong></span> 
     </span>
    </p>
   </div>
   <div class='ocr_carea' id='block_1_83' title="bbox 295 2862 1076 2898">
    <p class='ocr_par' dir='ltr' id='par_1_83' title="bbox 295 2862 1076 2898">
     <span class='ocr_line' id='line_1_84' title="bbox 295 2862 1076 2898; baseline 0.003 -8"><span class='ocrx_word' id='word_1_567' title='bbox 295 2862 385 2897; x_wconf 65' lang='grc' dir='ltr'>υἱιδηο</span> <span class='ocrx_word' id='word_1_568' title='bbox 395 2863 523 2897; x_wconf 65' lang='lat' dir='ltr'><strong>episcopo</strong></span> <span class='ocrx_word' id='word_1_569' title='bbox 539 2871 545 2889; x_wconf 85' lang='lat'>:</span> <span class='ocrx_word' id='word_1_570' title='bbox 558 2862 630 2897; x_wconf 88' lang='lat' dir='ltr'><strong>quod</strong></span> <span class='ocrx_word' id='word_1_571' title='bbox 643 2862 761 2897; x_wconf 86' lang='lat' dir='ltr'><strong>denique</strong></span> <span class='ocrx_word' id='word_1_572' title='bbox 777 2863 804 2889; x_wconf 92' lang='lat' dir='ltr'><strong>in</strong></span> <span class='ocrx_word' id='word_1_573' title='bbox 821 2862 976 2898; x_wconf 68' lang='lat' dir='ltr'><strong>Magtlalcna</strong></span> <span class='ocrx_word' id='word_1_574' title='bbox 993 2864 1076 2892; x_wconf 70' lang='grc' dir='ltr'>νεῖρ-</span> 
     </span>
    </p>
   </div>
   <div class='ocr_carea' id='block_1_84' title="bbox 1108 929 1892 970">
    <p class='ocr_par' dir='ltr' id='par_1_84' title="bbox 1108 929 1892 970">
     <span class='ocr_line' id='line_1_85' title="bbox 1108 929 1892 970; baseline -0.006 -10"><span class='ocrx_word' id='word_1_575' title='bbox 1108 934 1158 970; x_wconf 84' lang='grc' dir='ltr'><strong>βίῳ</strong></span> <span class='ocrx_word' id='word_1_576' title='bbox 1169 934 1216 960; x_wconf 78' lang='grc' dir='ltr'><strong>καὶ</strong></span> <span class='ocrx_word' id='word_1_577' title='bbox 1230 933 1269 968; x_wconf 80' lang='grc' dir='ltr'>τῷ</span> <span class='ocrx_word' id='word_1_578' title='bbox 1282 932 1396 968; x_wconf 82' lang='grc' dir='ltr'>σαρκίῳ.</span> <span class='ocrx_word' id='word_1_579' title='bbox 1411 932 1462 959; x_wconf 78' lang='grc' dir='ltr'><strong>οὐκ</strong></span> <span class='ocrx_word' id='word_1_580' title='bbox 1476 931 1540 959; x_wconf 76' lang='grc' dir='ltr'>ἄλλο</span> <span class='ocrx_word' id='word_1_581' title='bbox 1553 940 1580 958; x_wconf 88' lang='grc' dir='ltr'><strong>τι</strong></span> <span class='ocrx_word' id='word_1_582' title='bbox 1595 931 1612 967; x_wconf 77' lang='grc' dir='ltr'>ἢ</span> <span class='ocrx_word' id='word_1_583' title='bbox 1628 930 1707 963; x_wconf 78' lang='grc' dir='ltr'>δόξαν</span> <span class='ocrx_word' id='word_1_584' title='bbox 1718 929 1747 957; x_wconf 71' lang='grc' dir='ltr'><strong>εν</strong></span> <span class='ocrx_word' id='word_1_585' title='bbox 1760 939 1789 957; x_wconf 85' lang='grc' dir='ltr'><strong>τε</strong></span> <span class='ocrx_word' id='word_1_586' title='bbox 1803 929 1892 964; x_wconf 80' lang='grc' dir='ltr'>λόγοις</span> 
     </span>
    </p>
   </div>
   <div class='ocr_carea' id='block_1_85' title="bbox 1107 975 1894 1015">
    <p class='ocr_par' dir='ltr' id='par_1_85' title="bbox 1107 975 1894 1015">
     <span class='ocr_line' id='line_1_86' title="bbox 1107 975 1894 1015; baseline -0.006 -8"><span class='ocrx_word' id='word_1_587' title='bbox 1107 980 1155 1007; x_wconf 73' lang='grc' dir='ltr'><strong>καὶ</strong></span> <span class='ocrx_word' id='word_1_588' title='bbox 1172 979 1264 1015; x_wconf 69' lang='grc' dir='ltr'>ἔργοις</span> <span class='ocrx_word' id='word_1_589' title='bbox 1278 977 1474 1014; x_wconf 73' lang='grc' dir='ltr'>κατειργάζετο</span> <span class='ocrx_word' id='word_1_590' title='bbox 1496 977 1536 1013; x_wconf 86' lang='grc' dir='ltr'><strong>τῷ</strong></span> <span class='ocrx_word' id='word_1_591' title='bbox 1557 977 1655 1013; x_wconf 72' lang='grc' dir='ltr'>Πατρὶ,</span> <span class='ocrx_word' id='word_1_592' title='bbox 1680 976 1771 1012; x_wconf 86' lang='grc' dir='ltr'>πολλῷ</span> <span class='ocrx_word' id='word_1_593' title='bbox 1794 975 1894 1012; x_wconf 79' lang='grc' dir='ltr'>μᾶλλον</span> 
     </span>
    </p>
   </div>
   <div class='ocr_carea' id='block_1_86' title="bbox 1108 1022 1894 1060">
    <p class='ocr_par' dir='ltr' id='par_1_86' title="bbox 1108 1022 1894 1060">
     <span class='ocr_line' id='line_1_87' title="bbox 1108 1022 1894 1060; baseline -0.004 -8"><span class='ocrx_word' id='word_1_594' title='bbox 1108 1025 1154 1053; x_wconf 81' lang='grc' dir='ltr'>τοῦ</span> <span class='ocrx_word' id='word_1_595' title='bbox 1171 1024 1297 1060; x_wconf 84' lang='grc' dir='ltr'>σώματος</span> <span class='ocrx_word' id='word_1_596' title='bbox 1310 1024 1466 1056; x_wconf 72' lang='grc' dir='ltr'>ἀπολυθεὶς,</span> <span class='ocrx_word' id='word_1_597' title='bbox 1484 1024 1532 1051; x_wconf 74' lang='grc' dir='ltr'>καὶ</span> <span class='ocrx_word' id='word_1_598' title='bbox 1546 1023 1586 1058; x_wconf 84' lang='grc' dir='ltr'>τῷ</span> <span class='ocrx_word' id='word_1_599' title='bbox 1600 1023 1736 1058; x_wconf 84' lang='grc' dir='ltr'>πνεύματι</span> <span class='ocrx_word' id='word_1_600' title='bbox 1747 1022 1807 1058; x_wconf 85' lang='grc' dir='ltr'><strong>Θεῷ</strong></span> <span class='ocrx_word' id='word_1_601' title='bbox 1828 1030 1894 1056; x_wconf 82' lang='grc' dir='ltr'>συγ-</span> 
     </span>
    </p>
   </div>
   <div class='ocr_carea' id='block_1_87' title="bbox 1109 1066 1895 1108">
    <p class='ocr_par' dir='ltr' id='par_1_87' title="bbox 1109 1066 1895 1108">
     <span class='ocr_line' id='line_1_88' title="bbox 1109 1066 1895 1108; baseline -0.005 -10"><span class='ocrx_word' id='word_1_602' title='bbox 1109 1071 1231 1108; x_wconf 77' lang='grc' dir='ltr'>κραθεὶς,</span> <span class='ocrx_word' id='word_1_603' title='bbox 1246 1071 1397 1105; x_wconf 77' lang='grc' dir='ltr'>ἀκαμάτως</span> <span class='ocrx_word' id='word_1_604' title='bbox 1409 1078 1439 1097; x_wconf 84' lang='grc' dir='ltr'><strong>τε</strong></span> <span class='ocrx_word' id='word_1_605' title='bbox 1454 1070 1500 1096; x_wconf 74' lang='grc' dir='ltr'><strong>καὶ</strong></span> <span class='ocrx_word' id='word_1_606' title='bbox 1512 1069 1644 1105; x_wconf 73' lang='grc' dir='ltr'>ἁχρόνως,</span> <span class='ocrx_word' id='word_1_607' title='bbox 1658 1066 1702 1096; x_wconf 76' lang='grc' dir='ltr'>οἷά</span> <span class='ocrx_word' id='word_1_608' title='bbox 1715 1077 1757 1100; x_wconf 83' lang='grc' dir='ltr'><strong>τις</strong></span> <span class='ocrx_word' id='word_1_609' title='bbox 1771 1069 1895 1103; x_wconf 77' lang='grc' dir='ltr'>οὐράνιος</span> 
     </span>
    </p>
   </div>
   <div class='ocr_carea' id='block_1_88' title="bbox 1109 1113 1895 1151">
    <p class='ocr_par' dir='ltr' id='par_1_88' title="bbox 1109 1113 1895 1151">
     <span class='ocr_line' id='line_1_89' title="bbox 1109 1113 1895 1151; baseline -0.008 -6"><span class='ocrx_word' id='word_1_610' title='bbox 1109 1117 1181 1149; x_wconf 79' lang='grc' dir='ltr'>νοῦς.</span> <span class='ocrx_word' id='word_1_611' title='bbox 1198 1117 1246 1151; x_wconf 77' lang='grc' dir='ltr'>τὴν</span> <span class='ocrx_word' id='word_1_612' title='bbox 1258 1116 1419 1150; x_wconf 81' lang='grc' dir='ltr'>οἰκουμένην</span> <span class='ocrx_word' id='word_1_613' title='bbox 1434 1115 1524 1145; x_wconf 80' lang='grc' dir='ltr'>διιὼν,</span> <span class='ocrx_word' id='word_1_614' title='bbox 1542 1114 1589 1142; x_wconf 76' lang='grc' dir='ltr'><strong>καὶ</strong></span> <span class='ocrx_word' id='word_1_615' title='bbox 1603 1113 1706 1141; x_wconf 77' lang='grc' dir='ltr'>ἄνωθεν</span> <span class='ocrx_word' id='word_1_616' title='bbox 1720 1114 1825 1145; x_wconf 79' lang='grc' dir='ltr'>πάντας</span> <span class='ocrx_word' id='word_1_617' title='bbox 1838 1113 1895 1148; x_wconf 78' lang='grc' dir='ltr'>ἃμα</span> 
     </span>
    </p>
   </div>
   <div class='ocr_carea' id='block_1_89' title="bbox 1109 1159 1897 1198">
    <p class='ocr_par' dir='ltr' id='par_1_89' title="bbox 1109 1159 1897 1198">
     <span class='ocr_line' id='line_1_90' title="bbox 1109 1159 1897 1198; baseline -0.008 -7"><span class='ocrx_word' id='word_1_618' title='bbox 1109 1163 1292 1197; x_wconf 71' lang='grc' dir='ltr'>καταθεωρῶν</span> <span class='ocrx_word' id='word_1_619' title='bbox 1301 1172 1308 1179; x_wconf 76' lang='grc'><strong><em>⁸</em></strong></span> <span class='ocrx_word' id='word_1_620' title='bbox 1321 1162 1390 1198; x_wconf 75' lang='grc' dir='ltr'>πρὸς</span> <span class='ocrx_word' id='word_1_621' title='bbox 1404 1161 1515 1188; x_wconf 77' lang='grc' dir='ltr'>ἔπαινόν</span> <span class='ocrx_word' id='word_1_622' title='bbox 1523 1169 1554 1188; x_wconf 85' lang='grc' dir='ltr'><strong>τε</strong></span> <span class='ocrx_word' id='word_1_623' title='bbox 1567 1160 1614 1187; x_wconf 73' lang='grc' dir='ltr'><strong>καὶ</strong></span> <span class='ocrx_word' id='word_1_624' title='bbox 1625 1160 1715 1193; x_wconf 80' lang='grc' dir='ltr'>δόξαν,</span> <span class='ocrx_word' id='word_1_625' title='bbox 1726 1160 1770 1187; x_wconf 81' lang='grc' dir='ltr'><strong>διὰ</strong></span> <span class='ocrx_word' id='word_1_626' title='bbox 1782 1159 1832 1194; x_wconf 81' lang='grc' dir='ltr'>τῆς</span> <span class='ocrx_word' id='word_1_627' title='bbox 1842 1160 1897 1186; x_wconf 83' lang='grc' dir='ltr'>τῶν</span> 
     </span>
    </p>
   </div>
   <div class='ocr_carea' id='block_1_90' title="bbox 1110 1206 1896 1245">
    <p class='ocr_par' dir='ltr' id='par_1_90' title="bbox 1110 1206 1896 1245">
     <span class='ocr_line' id='line_1_91' title="bbox 1110 1206 1896 1245; baseline -0.006 -7"><span class='ocrx_word' id='word_1_628' title='bbox 1110 1211 1218 1238; x_wconf 80' lang='grc' dir='ltr'>οίκειων</span> <span class='ocrx_word' id='word_1_629' title='bbox 1239 1210 1328 1245; x_wconf 77' lang='grc' dir='ltr'>ἔργων</span> <span class='ocrx_word' id='word_1_630' title='bbox 1357 1209 1405 1236; x_wconf 78' lang='grc' dir='ltr'><strong>καὶ</strong></span> <span class='ocrx_word' id='word_1_631' title='bbox 1431 1208 1526 1235; x_wconf 74' lang='grc' dir='ltr'>παθῶν</span> <span class='ocrx_word' id='word_1_632' title='bbox 1553 1207 1674 1243; x_wconf 82' lang='grc' dir='ltr'>μνήμης,</span> <span class='ocrx_word' id='word_1_633' title='bbox 1703 1206 1896 1242; x_wconf 70' lang='grc' dir='ltr'>ἀναπτερῶσαι</span> 
     </span>
    </p>
   </div>
   <div class='ocr_carea' id='block_1_91' title="bbox 1112 1257 1190 1284">
    <p class='ocr_par' dir='ltr' id='par_1_91' title="bbox 1112 1257 1190 1284">
     <span class='ocr_line' id='line_1_92' title="bbox 1112 1257 1190 1284; baseline -0.013 0"><span class='ocrx_word' id='word_1_634' title='bbox 1112 1257 1190 1284; x_wconf 79' lang='grc' dir='ltr'>Θεοῦ.</span> 
     </span>
    </p>
   </div>
   <div class='ocr_carea' id='block_1_92' title="bbox 1148 1299 1884 1338">
    <p class='ocr_par' dir='ltr' id='par_1_92' title="bbox 1148 1299 1884 1338">
     <span class='ocr_line' id='line_1_93' title="bbox 1148 1299 1884 1338; baseline -0.005 -9"><span class='ocrx_word' id='word_1_635' title='bbox 1148 1300 1233 1335; x_wconf 74' lang='grc' dir='ltr'>Οὗτος</span> <span class='ocrx_word' id='word_1_636' title='bbox 1248 1302 1304 1338; x_wconf 88' lang='grc' dir='ltr'><strong>γὰρ</strong></span> <span class='ocrx_word' id='word_1_637' title='bbox 1321 1301 1375 1337; x_wconf 71' lang='grc' dir='ltr'><strong>πρὸ</strong></span> <span class='ocrx_word' id='word_1_638' title='bbox 1390 1301 1439 1337; x_wconf 82' lang='grc' dir='ltr'>τῆς</span> <span class='ocrx_word' id='word_1_639' title='bbox 1452 1300 1500 1328; x_wconf 82' lang='grc' dir='ltr'><strong>τοῦ</strong></span> <span class='ocrx_word' id='word_1_640' title='bbox 1517 1301 1621 1335; x_wconf 76' lang='grc' dir='ltr'>κόσμου</span> <span class='ocrx_word' id='word_1_641' title='bbox 1641 1299 1792 1336; x_wconf 69' lang='grc' dir='ltr'>καταϐολῆς</span> <span class='ocrx_word' id='word_1_642' title='bbox 1802 1318 1811 1331; x_wconf 87' lang='lat'><strong>,</strong></span> <span class='ocrx_word' id='word_1_643' title='bbox 1829 1299 1884 1334; x_wconf 82' lang='grc' dir='ltr'>σύμ</span> 
     </span>
    </p>
   </div>
   <div class='ocr_carea' id='block_1_93' title="bbox 1115 1344 1896 1384">
    <p class='ocr_par' dir='ltr' id='par_1_93' title="bbox 1115 1344 1896 1384">
     <span class='ocr_line' id='line_1_94' title="bbox 1115 1344 1896 1384; baseline -0.005 -10"><span class='ocrx_word' id='word_1_644' title='bbox 1115 1355 1218 1384; x_wconf 85' lang='grc' dir='ltr'>μορφος</span> <span class='ocrx_word' id='word_1_645' title='bbox 1241 1346 1350 1373; x_wconf 69' lang='grc' dir='ltr'>ἔσεσθαι</span> <span class='ocrx_word' id='word_1_646' title='bbox 1369 1345 1420 1381; x_wconf 84' lang='grc' dir='ltr'>τῆς</span> <span class='ocrx_word' id='word_1_647' title='bbox 1441 1345 1543 1376; x_wconf 76' lang='grc' dir='ltr'>εἰκόνος</span> <span class='ocrx_word' id='word_1_648' title='bbox 1566 1345 1614 1372; x_wconf 81' lang='grc' dir='ltr'>τοῦ</span> <span class='ocrx_word' id='word_1_649' title='bbox 1633 1344 1800 1378; x_wconf 78' lang='grc' dir='ltr'>Μονογενοῦς</span> <span class='ocrx_word' id='word_1_650' title='bbox 1815 1345 1896 1379; x_wconf 77' lang='grc' dir='ltr'>ἐγνω-</span> 
     </span>
    </p>
   </div>
   <div class='ocr_carea' id='block_1_94' title="bbox 1115 1391 1898 1429">
    <p class='ocr_par' dir='ltr' id='par_1_94' title="bbox 1115 1391 1898 1429">
     <span class='ocr_line' id='line_1_95' title="bbox 1115 1391 1898 1429; baseline -0.004 -9"><span class='ocrx_word' id='word_1_651' title='bbox 1115 1393 1213 1429; x_wconf 82' lang='grc' dir='ltr'>σμένος</span> <span class='ocrx_word' id='word_1_652' title='bbox 1227 1392 1275 1420; x_wconf 79' lang='grc' dir='ltr'><strong>καὶ</strong></span> <span class='ocrx_word' id='word_1_653' title='bbox 1288 1392 1504 1428; x_wconf 78' lang='grc' dir='ltr'>προωρισμένος,</span> <span class='ocrx_word' id='word_1_654' title='bbox 1521 1391 1616 1426; x_wconf 74' lang='grc' dir='ltr'>ἐπειδὴ</span> <span class='ocrx_word' id='word_1_655' title='bbox 1638 1391 1688 1425; x_wconf 82' lang='grc' dir='ltr'>τῆς</span> <span class='ocrx_word' id='word_1_656' title='bbox 1710 1391 1869 1425; x_wconf 75' lang='grc' dir='ltr'>ἐπιφανείας</span> <span class='ocrx_word' id='word_1_657' title='bbox 1885 1391 1898 1416; x_wconf 77' lang='grc' dir='ltr'><strong>ὁ</strong></span> 
     </span>
    </p>
   </div>
   <div class='ocr_carea' id='block_1_95' title="bbox 1114 1438 1899 1476">
    <p class='ocr_par' dir='ltr' id='par_1_95' title="bbox 1114 1438 1899 1476">
     <span class='ocr_line' id='line_1_96' title="bbox 1114 1438 1899 1476; baseline -0.004 -9"><span class='ocrx_word' id='word_1_658' title='bbox 1114 1441 1210 1476; x_wconf 80' lang='grc' dir='ltr'>χρόνος</span> <span class='ocrx_word' id='word_1_659' title='bbox 1234 1439 1338 1475; x_wconf 81' lang='grc' dir='ltr'>παρῆν,</span> <span class='ocrx_word' id='word_1_660' title='bbox 1352 1439 1401 1466; x_wconf 80' lang='grc' dir='ltr'><strong>καὶ</strong></span> <span class='ocrx_word' id='word_1_661' title='bbox 1422 1439 1437 1465; x_wconf 81' lang='grc' dir='ltr'><em>ὁ</em></span> <span class='ocrx_word' id='word_1_662' title='bbox 1461 1439 1512 1473; x_wconf 83' lang='grc' dir='ltr'>τῆς</span> <span class='ocrx_word' id='word_1_663' title='bbox 1532 1438 1587 1464; x_wconf 83' lang='grc' dir='ltr'><strong>τῶν</strong></span> <span class='ocrx_word' id='word_1_664' title='bbox 1611 1438 1766 1465; x_wconf 74' lang='grc' dir='ltr'>ἀποστόλων</span> <span class='ocrx_word' id='word_1_665' title='bbox 1782 1438 1899 1473; x_wconf 74' lang='grc' dir='ltr'>ἐκλογῆς</span> 
     </span>
    </p>
   </div>
   <div class='ocr_carea' id='block_1_96' title="bbox 1116 1483 1899 1521">
    <p class='ocr_par' dir='ltr' id='par_1_96' title="bbox 1116 1483 1899 1521">
     <span class='ocr_line' id='line_1_97' title="bbox 1116 1483 1899 1521; baseline -0.003 -9"><span class='ocrx_word' id='word_1_666' title='bbox 1116 1485 1296 1521; x_wconf 73' lang='grc' dir='ltr'>παρειστήκει</span> <span class='ocrx_word' id='word_1_667' title='bbox 1314 1483 1417 1519; x_wconf 73' lang='grc' dir='ltr'>καιρὸς,</span> <span class='ocrx_word' id='word_1_668' title='bbox 1435 1485 1504 1519; x_wconf 84' lang='grc' dir='ltr'>μετὰ</span> <span class='ocrx_word' id='word_1_669' title='bbox 1517 1484 1572 1510; x_wconf 80' lang='grc' dir='ltr'>τῶν</span> <span class='ocrx_word' id='word_1_670' title='bbox 1585 1483 1673 1511; x_wconf 83' lang='grc' dir='ltr'>ἄλλων</span> <span class='ocrx_word' id='word_1_671' title='bbox 1691 1484 1737 1510; x_wconf 78' lang='grc' dir='ltr'><strong>καὶ</strong></span> <span class='ocrx_word' id='word_1_672' title='bbox 1751 1483 1842 1516; x_wconf 77' lang='grc' dir='ltr'>αὐτὸς,</span> <span class='ocrx_word' id='word_1_673' title='bbox 1860 1484 1899 1515; x_wconf 74' lang='grc' dir='ltr'>εἰς</span> 
     </span>
    </p>
   </div>
   <div class='ocr_carea' id='block_1_97' title="bbox 1116 1529 1900 1568">
    <p class='ocr_par' dir='ltr' id='par_1_97' title="bbox 1116 1529 1900 1568">
     <span class='ocr_line' id='line_1_98' title="bbox 1116 1529 1900 1568; baseline -0.004 -10"><span class='ocrx_word' id='word_1_674' title='bbox 1116 1531 1166 1568; x_wconf 85' lang='grc' dir='ltr'>τὴν</span> <span class='ocrx_word' id='word_1_675' title='bbox 1182 1531 1258 1567; x_wconf 80' lang='grc' dir='ltr'>ιερὰν</span> <span class='ocrx_word' id='word_1_676' title='bbox 1270 1530 1378 1565; x_wconf 69' lang='lat' dir='ltr'><strong>tulqu</strong></span> <span class='ocrx_word' id='word_1_677' title='bbox 1391 1530 1531 1565; x_wconf 82' lang='grc' dir='ltr'>ἀπήντησε</span> <span class='ocrx_word' id='word_1_678' title='bbox 1546 1529 1643 1565; x_wconf 76' lang='grc' dir='ltr'>κλῆσιν</span> <span class='ocrx_word' id='word_1_679' title='bbox 1652 1537 1660 1545; x_wconf 92' lang='grc'><strong>·</strong></span> <span class='ocrx_word' id='word_1_680' title='bbox 1676 1530 1721 1555; x_wconf 79' lang='grc' dir='ltr'><strong>καὶ</strong></span> <span class='ocrx_word' id='word_1_681' title='bbox 1733 1529 1857 1564; x_wconf 77' lang='grc' dir='ltr'>κληθεὶς,</span> <span class='ocrx_word' id='word_1_682' title='bbox 1869 1529 1900 1555; x_wconf 82' lang='grc' dir='ltr'>οὐ</span> 
     </span>
    </p>
   </div>
   <div class='ocr_carea' id='block_1_98' title="bbox 1117 1574 1898 1612">
    <p class='ocr_par' dir='ltr' id='par_1_98' title="bbox 1117 1574 1898 1612">
     <span class='ocr_line' id='line_1_99' title="bbox 1117 1574 1898 1612; baseline -0.004 -8"><span class='ocrx_word' id='word_1_683' title='bbox 1117 1576 1295 1612; x_wconf 80' lang='grc' dir='ltr'>παρῃτήσατο</span> <span class='ocrx_word' id='word_1_684' title='bbox 1316 1575 1388 1602; x_wconf 79' lang='grc' dir='ltr'>κατὰ</span> <span class='ocrx_word' id='word_1_685' title='bbox 1409 1576 1472 1607; x_wconf 77' lang='grc' dir='ltr'>τοὺς</span> <span class='ocrx_word' id='word_1_686' title='bbox 1497 1575 1637 1610; x_wconf 79' lang='grc' dir='ltr'>ῥᾳθύμους</span> <span class='ocrx_word' id='word_1_687' title='bbox 1660 1574 1706 1601; x_wconf 77' lang='grc' dir='ltr'>τὸν</span> <span class='ocrx_word' id='word_1_688' title='bbox 1729 1575 1898 1611; x_wconf 82' lang='grc' dir='ltr'>κεκληκότα·</span> 
     </span>
    </p>
   </div>
   <div class='ocr_carea' id='block_1_99' title="bbox 1117 1621 1899 1658">
    <p class='ocr_par' dir='ltr' id='par_1_99' title="bbox 1117 1621 1899 1658">
     <span class='ocr_line' id='line_1_100' title="bbox 1117 1621 1899 1658; baseline -0.003 -8"><span class='ocrx_word' id='word_1_689' title='bbox 1117 1623 1171 1650; x_wconf 79' lang='grc' dir='ltr'>οὐδ’</span> <span class='ocrx_word' id='word_1_690' title='bbox 1184 1623 1321 1658; x_wconf 66' lang='grc' dir='ltr'>ἐπήκουσε</span> <span class='ocrx_word' id='word_1_691' title='bbox 1338 1622 1397 1657; x_wconf 76' lang='grc' dir='ltr'>μὲν,</span> <span class='ocrx_word' id='word_1_692' title='bbox 1412 1621 1476 1658; x_wconf 81' lang='grc' dir='ltr'>ἄχρι</span> <span class='ocrx_word' id='word_1_693' title='bbox 1497 1622 1527 1648; x_wconf 78' lang='grc' dir='ltr'>δὲ</span> <span class='ocrx_word' id='word_1_694' title='bbox 1541 1622 1638 1658; x_wconf 81' lang='grc' dir='ltr'>καιροῦ</span> <span class='ocrx_word' id='word_1_695' title='bbox 1656 1622 1838 1658; x_wconf 82' lang='grc' dir='ltr'>παραμείνας.</span> <span class='ocrx_word' id='word_1_696' title='bbox 1861 1622 1899 1653; x_wconf 74' lang='grc' dir='ltr'>εἰς</span> 
     </span>
    </p>
   </div>
   <div class='ocr_carea' id='block_1_100' title="bbox 1117 1667 1890 1703">
    <p class='ocr_par' dir='ltr' id='par_1_100' title="bbox 1117 1667 1890 1703">
     <span class='ocr_line' id='line_1_101' title="bbox 1117 1667 1890 1703; baseline -0.004 -6"><span class='ocrx_word' id='word_1_697' title='bbox 1117 1670 1152 1697; x_wconf 75' lang='grc' dir='ltr'>τὰ</span> <span class='ocrx_word' id='word_1_698' title='bbox 1165 1670 1254 1697; x_wconf 77' lang='grc' dir='ltr'>ὀπίσω</span> <span class='ocrx_word' id='word_1_699' title='bbox 1273 1668 1346 1697; x_wconf 80' lang='grc' dir='ltr'>κατὰ</span> <span class='ocrx_word' id='word_1_700' title='bbox 1365 1669 1430 1701; x_wconf 83' lang='grc' dir='ltr'>τοὺς</span> <span class='ocrx_word' id='word_1_701' title='bbox 1452 1668 1641 1703; x_wconf 81' lang='grc' dir='ltr'>ὀλιγοπίστους</span> <span class='ocrx_word' id='word_1_702' title='bbox 1657 1669 1828 1697; x_wconf 66' lang='grc' dir='ltr'>παλινοστεΡ</span> <span class='ocrx_word' id='word_1_703' title='bbox 1843 1667 1890 1696; x_wconf 77' lang='grc' dir='ltr'><strong>οὐδ</strong></span> 
     </span>
    </p>
   </div>
   <div class='ocr_carea' id='block_1_101' title="bbox 1117 1808 1904 1840">
    <p class='ocr_par' dir='ltr' id='par_1_101' title="bbox 1117 1808 1904 1840">
     <span class='ocr_line' id='line_1_102' title="bbox 1117 1808 1904 1840; baseline -0.001 -1"><span class='ocrx_word' id='word_1_704' title='bbox 1117 1811 1230 1840; x_wconf 85' lang='lat' dir='ltr'><strong>liacensi</strong></span> <span class='ocrx_word' id='word_1_705' title='bbox 1242 1816 1270 1839; x_wconf 84' lang='lat' dir='ltr'><strong>et</strong></span> <span class='ocrx_word' id='word_1_706' title='bbox 1280 1816 1374 1840; x_wconf 86' lang='lat' dir='ltr'><strong>nostra</strong></span> <span class='ocrx_word' id='word_1_707' title='bbox 1384 1810 1604 1839; x_wconf 83' lang='lat' dir='ltr'><strong>Sanmaximiana</strong></span> <span class='ocrx_word' id='word_1_708' title='bbox 1619 1809 1769 1840; x_wconf 68' lang='lat' dir='ltr'><strong>provincia:</strong></span> <span class='ocrx_word' id='word_1_709' title='bbox 1778 1808 1904 1838; x_wconf 84' lang='lat' dir='ltr'><strong>Phocen-</strong></span> 
     </span>
    </p>
   </div>
   <div class='ocr_carea' id='block_1_102' title="bbox 1118 1845 1903 1882">
    <p class='ocr_par' dir='ltr' id='par_1_102' title="bbox 1118 1845 1903 1882">
     <span class='ocr_line' id='line_1_103' title="bbox 1118 1845 1903 1882; baseline -0.004 -7"><span class='ocrx_word' id='word_1_710' title='bbox 1118 1848 1171 1880; x_wconf 84' lang='lat' dir='ltr'><strong>sis;</strong></span> <span class='ocrx_word' id='word_1_711' title='bbox 1185 1847 1389 1882; x_wconf 83' lang='lat' dir='ltr'><strong>recentiorique</strong></span> <span class='ocrx_word' id='word_1_712' title='bbox 1401 1847 1535 1882; x_wconf 19' lang='lat' dir='ltr'><strong>exemplar</strong></span> <span class='ocrx_word' id='word_1_713' title='bbox 1543 1845 1765 1882; x_wconf 28' lang='lat' dir='ltr'><strong>in_S.7Vincentii</strong></span> <span class='ocrx_word' id='word_1_714' title='bbox 1774 1845 1903 1882; x_wconf 70' lang='lat' dir='ltr'><strong>Ferret-ii</strong></span> 
     </span>
    </p>
   </div>
   <div class='ocr_carea' id='block_1_103' title="bbox 1119 1880 1900 1917">
    <p class='ocr_par' dir='ltr' id='par_1_103' title="bbox 1119 1880 1900 1917">
     <span class='ocr_line' id='line_1_104' title="bbox 1119 1880 1900 1917; baseline -0.004 -7"><span class='ocrx_word' id='word_1_715' title='bbox 1119 1882 1174 1910; x_wconf 90' lang='lat' dir='ltr'><strong>alio</strong></span> <span class='ocrx_word' id='word_1_716' title='bbox 1189 1882 1297 1917; x_wconf 84' lang='lat' dir='ltr'><strong>alioque</strong></span> <span class='ocrx_word' id='word_1_717' title='bbox 1309 1880 1426 1917; x_wconf 82' lang='lat' dir='ltr'><strong>corpore</strong></span> <span class='ocrx_word' id='word_1_718' title='bbox 1441 1880 1604 1917; x_wconf 79' lang='lat' dir='ltr'><strong>Venetii_s_in</strong></span> <span class='ocrx_word' id='word_1_719' title='bbox 1619 1880 1822 1917; x_wconf 72' lang='lat' dir='ltr'><strong>Britannia,_ne</strong></span> <span class='ocrx_word' id='word_1_720' title='bbox 1832 1880 1900 1917; x_wconf 77' lang='lat' dir='ltr'><strong>quid</strong></span> 
     </span>
    </p>
   </div>
   <div class='ocr_carea' id='block_1_104' title="bbox 1120 1915 1903 1950">
    <p class='ocr_par' dir='ltr' id='par_1_104' title="bbox 1120 1915 1903 1950">
     <span class='ocr_line' id='line_1_105' title="bbox 1120 1915 1903 1950; baseline -0.004 -5"><span class='ocrx_word' id='word_1_721' title='bbox 1120 1917 1209 1945; x_wconf 87' lang='lat' dir='ltr'><strong>dicam</strong></span> <span class='ocrx_word' id='word_1_722' title='bbox 1225 1915 1261 1944; x_wconf 76' lang='lat' dir='ltr'><strong>de</strong></span> <span class='ocrx_word' id='word_1_723' title='bbox 1280 1915 1425 1945; x_wconf 77' lang='lat' dir='ltr'><strong>Vincentio</strong></span> <span class='ocrx_word' id='word_1_724' title='bbox 1443 1917 1527 1943; x_wconf 87' lang='lat' dir='ltr'><strong>levita</strong></span> <span class='ocrx_word' id='word_1_725' title='bbox 1545 1915 1692 1943; x_wconf 79' lang='lat' dir='ltr'><strong>Valentino</strong></span> <span class='ocrx_word' id='word_1_726' title='bbox 1719 1916 1746 1943; x_wconf 88' lang='lat' dir='ltr'><strong>in</strong></span> <span class='ocrx_word' id='word_1_727' title='bbox 1775 1915 1903 1950; x_wconf 83' lang='lat' dir='ltr'><strong>Hispania</strong></span> 
     </span>
    </p>
   </div>
   <div class='ocr_carea' id='block_1_105' title="bbox 1120 1950 1906 1986">
    <p class='ocr_par' dir='ltr' id='par_1_105' title="bbox 1120 1950 1906 1986">
     <span class='ocr_line' id='line_1_106' title="bbox 1120 1950 1906 1986; baseline -0.004 -6"><span class='ocrx_word' id='word_1_728' title='bbox 1120 1953 1212 1980; x_wconf 88' lang='lat' dir='ltr'><strong>adhuc</strong></span> <span class='ocrx_word' id='word_1_729' title='bbox 1225 1957 1360 1984; x_wconf 84' lang='lat' dir='ltr'><strong>exstante,</strong></span> <span class='ocrx_word' id='word_1_730' title='bbox 1377 1957 1405 1979; x_wconf 89' lang='lat' dir='ltr'><strong>et</strong></span> <span class='ocrx_word' id='word_1_731' title='bbox 1415 1951 1697 1986; x_wconf 84' lang='lat' dir='ltr'><strong>Novempopulaniam</strong></span> <span class='ocrx_word' id='word_1_732' title='bbox 1713 1951 1785 1986; x_wconf 81' lang='lat' dir='ltr'><strong>apud</strong></span> <span class='ocrx_word' id='word_1_733' title='bbox 1796 1950 1906 1978; x_wconf 86' lang='lat' dir='ltr'><strong>Castras</strong></span> 
     </span>
    </p>
   </div>
   <div class='ocr_carea' id='block_1_106' title="bbox 1122 1985 1906 2022">
    <p class='ocr_par' dir='ltr' id='par_1_106' title="bbox 1122 1985 1906 2022">
     <span class='ocr_line' id='line_1_107' title="bbox 1122 1985 1906 2022; baseline -0.003 -8"><span class='ocrx_word' id='word_1_734' title='bbox 1122 1988 1258 2015; x_wconf 85' lang='lat' dir='ltr'><strong>translato</strong></span> <span class='ocrx_word' id='word_1_735' title='bbox 1273 1997 1280 2014; x_wconf 91' lang='lat'>:</span> <span class='ocrx_word' id='word_1_736' title='bbox 1307 1995 1363 2022; x_wconf 85' lang='lat' dir='ltr'><strong>quo</strong></span> <span class='ocrx_word' id='word_1_737' title='bbox 1379 1988 1440 2014; x_wconf 90' lang='lat' dir='ltr'><strong>loco</strong></span> <span class='ocrx_word' id='word_1_738' title='bbox 1456 1985 1663 2022; x_wconf 79' lang='lat' dir='ltr'><strong>venerationem</strong></span> <span class='ocrx_word' id='word_1_739' title='bbox 1682 1985 1801 2022; x_wconf 81' lang='lat' dir='ltr'><strong>habebat</strong></span> <span class='ocrx_word' id='word_1_740' title='bbox 1817 1985 1906 2022; x_wconf 85' lang='lat' dir='ltr'><strong>sancti</strong></span> 
     </span>
    </p>
   </div>
   <div class='ocr_carea' id='block_1_107' title="bbox 1121 2020 1906 2056">
    <p class='ocr_par' dir='ltr' id='par_1_107' title="bbox 1121 2020 1906 2056">
     <span class='ocr_line' id='line_1_108' title="bbox 1121 2020 1906 2056; baseline -0.004 -6"><span class='ocrx_word' id='word_1_741' title='bbox 1121 2023 1209 2050; x_wconf 88' lang='lat' dir='ltr'><strong>Patris</strong></span> <span class='ocrx_word' id='word_1_742' title='bbox 1225 2020 1360 2050; x_wconf 79' lang='lat' dir='ltr'><strong>Dominici</strong></span> <span class='ocrx_word' id='word_1_743' title='bbox 1370 2027 1460 2053; x_wconf 65' lang='lat' dir='ltr'><strong>aetate,</strong></span> <span class='ocrx_word' id='word_1_744' title='bbox 1473 2022 1535 2056; x_wconf 85' lang='lat' dir='ltr'><strong>ipso</strong></span> <span class='ocrx_word' id='word_1_745' title='bbox 1549 2021 1648 2049; x_wconf 87' lang='lat' dir='ltr'><strong>eodem</strong></span> <span class='ocrx_word' id='word_1_746' title='bbox 1664 2021 1740 2048; x_wconf 83' lang='lat' dir='ltr'><strong>illius</strong></span> <span class='ocrx_word' id='word_1_747' title='bbox 1752 2021 1799 2055; x_wconf 89' lang='lat' dir='ltr'><strong>pio</strong></span> <span class='ocrx_word' id='word_1_748' title='bbox 1815 2020 1906 2056; x_wconf 41' lang='lat' dir='ltr'><strong>culto:</strong></span> 
     </span>
    </p>
   </div>
   <div class='ocr_carea' id='block_1_108' title="bbox 1121 2055 1907 2092">
    <p class='ocr_par' dir='ltr' id='par_1_108' title="bbox 1121 2055 1907 2092">
     <span class='ocr_line' id='line_1_109' title="bbox 1121 2055 1907 2092; baseline -0.005 -7"><span class='ocrx_word' id='word_1_749' title='bbox 1121 2066 1162 2090; x_wconf 87' lang='lat' dir='ltr'><strong>re,</strong></span> <span class='ocrx_word' id='word_1_750' title='bbox 1174 2057 1324 2092; x_wconf 87' lang='lat' dir='ltr'><strong>habuitque</strong></span> <span class='ocrx_word' id='word_1_751' title='bbox 1336 2058 1407 2092; x_wconf 91' lang='lat' dir='ltr'><strong>apud</strong></span> <span class='ocrx_word' id='word_1_752' title='bbox 1421 2055 1497 2085; x_wconf 85' lang='lat' dir='ltr'><strong>meos</strong></span> <span class='ocrx_word' id='word_1_753' title='bbox 1510 2056 1716 2092; x_wconf 70' lang='lat' dir='ltr'><strong>Prtedicatores,</strong></span> <span class='ocrx_word' id='word_1_754' title='bbox 1725 2056 1855 2092; x_wconf 74' lang='lat' dir='ltr'><strong>translata</strong></span> <span class='ocrx_word' id='word_1_755' title='bbox 1871 2055 1907 2082; x_wconf 86' lang='lat' dir='ltr'><strong>ad</strong></span> 
     </span>
    </p>
   </div>
   <div class='ocr_carea' id='block_1_109' title="bbox 1112 2090 1906 2130">
    <p class='ocr_par' dir='ltr' id='par_1_109' title="bbox 1112 2090 1906 2130">
     <span class='ocr_line' id='line_1_110' title="bbox 1112 2090 1906 2130; baseline -0.006 -9"><span class='ocrx_word' id='word_1_756' title='bbox 1112 2092 1236 2130; x_wconf 35' lang='lat' dir='ltr'><strong>[eosaade</strong></span> <span class='ocrx_word' id='word_1_757' title='bbox 1253 2090 1292 2120; x_wconf 85' lang='lat' dir='ltr'><strong>illi</strong></span> <span class='ocrx_word' id='word_1_758' title='bbox 1310 2090 1388 2130; x_wconf 47' lang='lat' dir='ltr'><strong>sae-ra</strong></span> <span class='ocrx_word' id='word_1_759' title='bbox 1411 2100 1445 2130; x_wconf 78' lang='lat' dir='ltr'><strong>ac</strong></span> <span class='ocrx_word' id='word_1_760' title='bbox 1471 2092 1583 2130; x_wconf 76' lang='lat' dir='ltr'><strong>basilica</strong></span> <span class='ocrx_word' id='word_1_761' title='bbox 1597 2111 1604 2123; x_wconf 85' lang='grc'>,</span> <span class='ocrx_word' id='word_1_762' title='bbox 1615 2091 1718 2130; x_wconf 85' lang='lat' dir='ltr'><strong>_donec</strong></span> <span class='ocrx_word' id='word_1_763' title='bbox 1733 2090 1906 2130; x_wconf 66' lang='lat' dir='ltr'><strong>_Calvi_niana</strong></span> 
     </span>
    </p>
   </div>
   <div class='ocr_carea' id='block_1_110' title="bbox 1121 2125 1906 2162">
    <p class='ocr_par' dir='ltr' id='par_1_110' title="bbox 1121 2125 1906 2162">
     <span class='ocr_line' id='line_1_111' title="bbox 1121 2125 1906 2162; baseline -0.005 -6"><span class='ocrx_word' id='word_1_764' title='bbox 1121 2129 1198 2156; x_wconf 87' lang='lat' dir='ltr'><strong>rabie</strong></span> <span class='ocrx_word' id='word_1_765' title='bbox 1213 2133 1309 2162; x_wconf 89' lang='lat' dir='ltr'><strong>erepto</strong></span> <span class='ocrx_word' id='word_1_766' title='bbox 1323 2127 1449 2162; x_wconf 80' lang='lat' dir='ltr'><strong>deposito</strong></span> <span class='ocrx_word' id='word_1_767' title='bbox 1468 2135 1499 2154; x_wconf 88' lang='lat' dir='ltr'><strong>ac</strong></span> <span class='ocrx_word' id='word_1_768' title='bbox 1523 2126 1680 2162; x_wconf 72' lang='lat' dir='ltr'><strong>disturbato</strong></span> <span class='ocrx_word' id='word_1_769' title='bbox 1692 2147 1699 2158; x_wconf 78' lang='lat'><strong>,</strong></span> <span class='ocrx_word' id='word_1_770' title='bbox 1715 2127 1776 2161; x_wconf 75' lang='lat' dir='ltr'><strong>ejus</strong></span> <span class='ocrx_word' id='word_1_771' title='bbox 1790 2125 1836 2162; x_wconf 79' lang='lat' dir='ltr'><strong>tidi</strong></span> <span class='ocrx_word' id='word_1_772' title='bbox 1854 2133 1906 2153; x_wconf 74' lang='lat' dir='ltr'><strong>cu~</strong></span> 
     </span>
    </p>
   </div>
   <div class='ocr_carea' id='block_1_111' title="bbox 1120 2160 1907 2191">
    <p class='ocr_par' dir='ltr' id='par_1_111' title="bbox 1120 2160 1907 2191">
     <span class='ocr_line' id='line_1_112' title="bbox 1120 2160 1907 2191; baseline -0.004 0"><span class='ocrx_word' id='word_1_773' title='bbox 1120 2163 1214 2191; x_wconf 88' lang='lat' dir='ltr'><strong>stodes</strong></span> <span class='ocrx_word' id='word_1_774' title='bbox 1227 2160 1278 2191; x_wconf 76' lang='lat' dir='ltr'><strong>FF.</strong></span> <span class='ocrx_word' id='word_1_775' title='bbox 1294 2164 1347 2190; x_wconf 89' lang='lat' dir='ltr'><strong>mei</strong></span> <span class='ocrx_word' id='word_1_776' title='bbox 1361 2160 1435 2190; x_wconf 87' lang='lat' dir='ltr'><strong>illius</strong></span> <span class='ocrx_word' id='word_1_777' title='bbox 1449 2162 1548 2189; x_wconf 89' lang='lat' dir='ltr'><strong>domus</strong></span> <span class='ocrx_word' id='word_1_778' title='bbox 1561 2160 1760 2189; x_wconf 72' lang='lat' dir='ltr'><strong>Prtedicatores</strong></span> <span class='ocrx_word' id='word_1_779' title='bbox 1772 2161 1806 2188; x_wconf 76' lang='lat' dir='ltr'><strong>ad</strong></span> <span class='ocrx_word' id='word_1_780' title='bbox 1821 2168 1907 2188; x_wconf 88' lang='lat' dir='ltr'><strong>unum</strong></span> 
     </span>
    </p>
   </div>
   <div class='ocr_carea' id='block_1_112' title="bbox 1121 2196 1909 2236">
    <p class='ocr_par' dir='ltr' id='par_1_112' title="bbox 1121 2196 1909 2236">
     <span class='ocr_line' id='line_1_113' title="bbox 1121 2196 1909 2236; baseline -0.004 -10"><span class='ocrx_word' id='word_1_781' title='bbox 1121 2198 1250 2236; x_wconf 18' lang='lat' dir='ltr'><strong>necati‘et</strong></span> <span class='ocrx_word' id='word_1_782' title='bbox 1264 2199 1292 2225; x_wconf 90' lang='lat' dir='ltr'><strong>in</strong></span> <span class='ocrx_word' id='word_1_783' title='bbox 1308 2203 1420 2233; x_wconf 87' lang='lat' dir='ltr'><strong>puteum</strong></span> <span class='ocrx_word' id='word_1_784' title='bbox 1438 2197 1563 2236; x_wconf 74' lang='lat' dir='ltr'><strong>projeeli,</strong></span> <span class='ocrx_word' id='word_1_785' title='bbox 1580 2200 1714 2236; x_wconf 62' lang='lat' dir='ltr'><strong>martyres</strong></span> <span class='ocrx_word' id='word_1_786' title='bbox 1728 2200 1756 2223; x_wconf 86' lang='lat' dir='ltr'><strong>et</strong></span> <span class='ocrx_word' id='word_1_787' title='bbox 1770 2196 1821 2231; x_wconf 84' lang='lat' dir='ltr'><strong>ipsi</strong></span> <span class='ocrx_word' id='word_1_788' title='bbox 1841 2203 1909 2223; x_wconf 86' lang='lat' dir='ltr'><strong>con-</strong></span> 
     </span>
    </p>
   </div>
   <div class='ocr_carea' id='block_1_113' title="bbox 1121 2231 1903 2267">
    <p class='ocr_par' dir='ltr' id='par_1_113' title="bbox 1121 2231 1903 2267">
     <span class='ocr_line' id='line_1_114' title="bbox 1121 2231 1903 2267; baseline -0.005 -6"><span class='ocrx_word' id='word_1_789' title='bbox 1121 2233 1221 2261; x_wconf 82' lang='lat' dir='ltr'><strong>secrati</strong></span> <span class='ocrx_word' id='word_1_790' title='bbox 1234 2231 1319 2261; x_wconf 62' lang='lat' dir='ltr'><strong>sunt}</strong></span> <span class='ocrx_word' id='word_1_791' title='bbox 1334 2231 1458 2267; x_wconf 83' lang='lat' dir='ltr'><strong>novaque</strong></span> <span class='ocrx_word' id='word_1_792' title='bbox 1475 2231 1592 2267; x_wconf 81' lang='lat' dir='ltr'><strong>excitata</strong></span> <span class='ocrx_word' id='word_1_793' title='bbox 1606 2231 1719 2258; x_wconf 86' lang='lat' dir='ltr'><strong>basilica</strong></span> <span class='ocrx_word' id='word_1_794' title='bbox 1734 2239 1766 2267; x_wconf 87' lang='lat' dir='ltr'><strong>ac</strong></span> <span class='ocrx_word' id='word_1_795' title='bbox 1779 2238 1903 2267; x_wconf 79' lang='lat' dir='ltr'><strong>conven-</strong></span> 
     </span>
    </p>
   </div>
   <div class='ocr_carea' id='block_1_114' title="bbox 1123 2266 1907 2303">
    <p class='ocr_par' dir='ltr' id='par_1_114' title="bbox 1123 2266 1907 2303">
     <span class='ocr_line' id='line_1_115' title="bbox 1123 2266 1907 2303; baseline -0.005 -7"><span class='ocrx_word' id='word_1_796' title='bbox 1123 2273 1162 2301; x_wconf 76' lang='lat' dir='ltr'><strong>tu,</strong></span> <span class='ocrx_word' id='word_1_797' title='bbox 1175 2277 1209 2296; x_wconf 77' lang='lat' dir='ltr'><strong>ex</strong></span> <span class='ocrx_word' id='word_1_798' title='bbox 1220 2268 1318 2296; x_wconf 89' lang='lat' dir='ltr'><strong>eodem</strong></span> <span class='ocrx_word' id='word_1_799' title='bbox 1330 2273 1412 2303; x_wconf 88' lang='lat' dir='ltr'><strong>puteo</strong></span> <span class='ocrx_word' id='word_1_800' title='bbox 1427 2268 1455 2294; x_wconf 92' lang='lat' dir='ltr'><strong>in</strong></span> <span class='ocrx_word' id='word_1_801' title='bbox 1464 2274 1523 2293; x_wconf 86' lang='lat' dir='ltr'><strong>eam</strong></span> <span class='ocrx_word' id='word_1_802' title='bbox 1535 2266 1610 2293; x_wconf 87' lang='lat' dir='ltr'><strong>illata</strong></span> <span class='ocrx_word' id='word_1_803' title='bbox 1620 2274 1718 2303; x_wconf 83' lang='lat' dir='ltr'><strong>nuper,</strong></span> <span class='ocrx_word' id='word_1_804' title='bbox 1730 2266 1775 2301; x_wconf 86' lang='lat' dir='ltr'><strong>pia</strong></span> <span class='ocrx_word' id='word_1_805' title='bbox 1786 2266 1907 2303; x_wconf 72' lang='lat' dir='ltr'><strong>ﬁdelium</strong></span> 
     </span>
    </p>
   </div>
   <div class='ocr_carea' id='block_1_115' title="bbox 1121 2301 1908 2338">
    <p class='ocr_par' dir='ltr' id='par_1_115' title="bbox 1121 2301 1908 2338">
     <span class='ocr_line' id='line_1_116' title="bbox 1121 2301 1908 2338; baseline -0.004 -7"><span class='ocrx_word' id='word_1_806' title='bbox 1121 2304 1293 2338; x_wconf 83' lang='lat' dir='ltr'><strong>fratrumque</strong></span> <span class='ocrx_word' id='word_1_807' title='bbox 1308 2301 1450 2338; x_wconf 80' lang='lat' dir='ltr'><strong>religione,</strong></span> <span class='ocrx_word' id='word_1_808' title='bbox 1463 2302 1586 2338; x_wconf 81' lang='lat' dir='ltr'><strong>ipsorum</strong></span> <span class='ocrx_word' id='word_1_809' title='bbox 1600 2301 1732 2336; x_wconf 75' lang='lat' dir='ltr'><strong>pignora;</strong></span> <span class='ocrx_word' id='word_1_810' title='bbox 1761 2301 1908 2338; x_wconf 68' lang='lat' dir='ltr'><strong>quibusli-</strong></span> 
     </span>
    </p>
   </div>
   <div class='ocr_carea' id='block_1_116' title="bbox 1123 2335 1909 2372">
    <p class='ocr_par' dir='ltr' id='par_1_116' title="bbox 1123 2335 1909 2372">
     <span class='ocr_line' id='line_1_117' title="bbox 1123 2335 1909 2372; baseline -0.004 -7"><span class='ocrx_word' id='word_1_811' title='bbox 1123 2339 1185 2366; x_wconf 88' lang='lat' dir='ltr'><strong>dem</strong></span> <span class='ocrx_word' id='word_1_812' title='bbox 1197 2335 1311 2371; x_wconf 72' lang='lat' dir='ltr'><strong>faceret,</strong></span> <span class='ocrx_word' id='word_1_813' title='bbox 1326 2335 1430 2366; x_wconf 72' lang='lat' dir='ltr'><strong>nedum</strong></span> <span class='ocrx_word' id='word_1_814' title='bbox 1443 2335 1498 2372; x_wconf 79' lang='lat' dir='ltr'><strong>ipsa</strong></span> <span class='ocrx_word' id='word_1_815' title='bbox 1513 2337 1608 2372; x_wconf 79' lang='lat' dir='ltr'><strong>vigens</strong></span> <span class='ocrx_word' id='word_1_816' title='bbox 1622 2335 1807 2372; x_wconf 78' lang='lat' dir='ltr'><strong>constansque</strong></span> <span class='ocrx_word' id='word_1_817' title='bbox 1821 2335 1909 2362; x_wconf 90' lang='lat' dir='ltr'><strong>tradi-</strong></span> 
     </span>
    </p>
   </div>
   <div class='ocr_carea' id='block_1_117' title="bbox 1124 2371 1908 2407">
    <p class='ocr_par' dir='ltr' id='par_1_117' title="bbox 1124 2371 1908 2407">
     <span class='ocr_line' id='line_1_118' title="bbox 1124 2371 1908 2407; baseline -0.005 -6"><span class='ocrx_word' id='word_1_818' title='bbox 1124 2374 1173 2404; x_wconf 76' lang='lat' dir='ltr'><strong>tio.</strong></span> <span class='ocrx_word' id='word_1_819' title='bbox 1186 2374 1234 2401; x_wconf 88' lang='lat' dir='ltr'><strong>sed</strong></span> <span class='ocrx_word' id='word_1_820' title='bbox 1246 2379 1274 2401; x_wconf 89' lang='lat' dir='ltr'><strong>et</strong></span> <span class='ocrx_word' id='word_1_821' title='bbox 1288 2373 1409 2401; x_wconf 87' lang='lat' dir='ltr'><strong>auctoris</strong></span> <span class='ocrx_word' id='word_1_822' title='bbox 1422 2371 1535 2407; x_wconf 66' lang='lat' dir='ltr'><strong>mqualis</strong></span> <span class='ocrx_word' id='word_1_823' title='bbox 1545 2376 1621 2398; x_wconf 85' lang='lat' dir='ltr'><strong>certa</strong></span> <span class='ocrx_word' id='word_1_824' title='bbox 1634 2371 1796 2405; x_wconf 87' lang='lat' dir='ltr'><strong>sinceraque</strong></span> <span class='ocrx_word' id='word_1_825' title='bbox 1812 2378 1908 2397; x_wconf 87' lang='lat' dir='ltr'><strong>narra-</strong></span> 
     </span>
    </p>
   </div>
   <div class='ocr_carea' id='block_1_118' title="bbox 1123 2407 1908 2443">
    <p class='ocr_par' dir='ltr' id='par_1_118' title="bbox 1123 2407 1908 2443">
     <span class='ocr_line' id='line_1_119' title="bbox 1123 2407 1908 2443; baseline -0.005 -7"><span class='ocrx_word' id='word_1_826' title='bbox 1123 2410 1172 2441; x_wconf 84' lang='lat' dir='ltr'><strong>tio,</strong></span> <span class='ocrx_word' id='word_1_827' title='bbox 1199 2409 1317 2436; x_wconf 81' lang='lat' dir='ltr'><strong>faciente</strong></span> <span class='ocrx_word' id='word_1_828' title='bbox 1342 2408 1450 2443; x_wconf 88' lang='lat' dir='ltr'><strong>copiam</strong></span> <span class='ocrx_word' id='word_1_829' title='bbox 1473 2407 1651 2443; x_wconf 81' lang='lat' dir='ltr'><strong>integerrimo</strong></span> <span class='ocrx_word' id='word_1_830' title='bbox 1662 2410 1789 2443; x_wconf 52' lang='lat' dir='ltr'><strong>senjtore</strong></span> <span class='ocrx_word' id='word_1_831' title='bbox 1804 2413 1908 2443; x_wconf 79' lang='lat' dir='ltr'><strong>annosa</strong></span> 
     </span>
    </p>
   </div>
   <div class='ocr_carea' id='block_1_119' title="bbox 1123 2441 1908 2479">
    <p class='ocr_par' dir='ltr' id='par_1_119' title="bbox 1123 2441 1908 2479">
     <span class='ocr_line' id='line_1_120' title="bbox 1123 2441 1908 2479; baseline -0.005 -8"><span class='ocrx_word' id='word_1_832' title='bbox 1123 2444 1261 2479; x_wconf 83' lang='lat' dir='ltr'><strong>probitate</strong></span> <span class='ocrx_word' id='word_1_833' title='bbox 1289 2441 1415 2479; x_wconf 81' lang='lat' dir='ltr'><strong>(ipsaque</strong></span> <span class='ocrx_word' id='word_1_834' title='bbox 1438 2441 1511 2470; x_wconf 87' lang='lat' dir='ltr'><strong>avita</strong></span> <span class='ocrx_word' id='word_1_835' title='bbox 1533 2443 1562 2469; x_wconf 85' lang='lat' dir='ltr'><strong>in</strong></span> <span class='ocrx_word' id='word_1_836' title='bbox 1579 2445 1675 2468; x_wconf 84' lang='lat' dir='ltr'><strong>senatu</strong></span> <span class='ocrx_word' id='word_1_837' title='bbox 1702 2441 1850 2479; x_wconf 73' lang='lat' dir='ltr'><strong>Tolosam)</strong></span> <span class='ocrx_word' id='word_1_838' title='bbox 1870 2441 1908 2467; x_wconf 87' lang='lat' dir='ltr'><strong>cl.</strong></span> 
     </span>
    </p>
   </div>
   <div class='ocr_carea' id='block_1_120' title="bbox 1123 2476 1909 2511">
    <p class='ocr_par' dir='ltr' id='par_1_120' title="bbox 1123 2476 1909 2511">
     <span class='ocr_line' id='line_1_121' title="bbox 1123 2476 1909 2511; baseline -0.005 -5"><span class='ocrx_word' id='word_1_839' title='bbox 1123 2476 1183 2506; x_wconf 71' lang='lat' dir='ltr'><strong>viro</strong></span> <span class='ocrx_word' id='word_1_840' title='bbox 1194 2480 1224 2506; x_wconf 89' lang='lat' dir='ltr'><strong>D.</strong></span> <span class='ocrx_word' id='word_1_841' title='bbox 1238 2476 1378 2506; x_wconf 58' lang='lat' dir='ltr'><strong>Mazenotf</strong></span> <span class='ocrx_word' id='word_1_842' title='bbox 1389 2478 1448 2511; x_wconf 85' lang='lat' dir='ltr'><strong>Qua</strong></span> <span class='ocrx_word' id='word_1_843' title='bbox 1466 2481 1541 2504; x_wconf 86' lang='lat' dir='ltr'><strong>tanta</strong></span> <span class='ocrx_word' id='word_1_844' title='bbox 1558 2481 1716 2503; x_wconf 89' lang='lat' dir='ltr'><strong>nostrorum</strong></span> <span class='ocrx_word' id='word_1_845' title='bbox 1735 2476 1909 2511; x_wconf 86' lang='lat' dir='ltr'><strong>aliorumque</strong></span> 
     </span>
    </p>
   </div>
   <div class='ocr_carea' id='block_1_121' title="bbox 1124 2510 1909 2547">
    <p class='ocr_par' dir='ltr' id='par_1_121' title="bbox 1124 2510 1909 2547">
     <span class='ocr_line' id='line_1_122' title="bbox 1124 2510 1909 2547; baseline -0.005 -6"><span class='ocrx_word' id='word_1_846' title='bbox 1124 2514 1323 2542; x_wconf 87' lang='lat' dir='ltr'><strong>catholicorum</strong></span> <span class='ocrx_word' id='word_1_847' title='bbox 1339 2514 1366 2541; x_wconf 95' lang='lat' dir='ltr'><strong>in</strong></span> <span class='ocrx_word' id='word_1_848' title='bbox 1377 2510 1411 2541; x_wconf 74' lang='lat' dir='ltr'><strong>ea</strong></span> <span class='ocrx_word' id='word_1_849' title='bbox 1423 2513 1492 2540; x_wconf 87' lang='lat' dir='ltr'><strong>urbe</strong></span> <span class='ocrx_word' id='word_1_850' title='bbox 1508 2517 1597 2547; x_wconf 88' lang='lat' dir='ltr'><strong>strage</strong></span> <span class='ocrx_word' id='word_1_851' title='bbox 1607 2531 1615 2544; x_wconf 86' lang='lat'><strong>,</strong></span> <span class='ocrx_word' id='word_1_852' title='bbox 1629 2511 1720 2547; x_wconf 83' lang='lat' dir='ltr'><strong>aiebat</strong></span> <span class='ocrx_word' id='word_1_853' title='bbox 1738 2511 1785 2547; x_wconf 85' lang='lat' dir='ltr'><strong>ille</strong></span> <span class='ocrx_word' id='word_1_854' title='bbox 1805 2510 1909 2547; x_wconf 78' lang='lat' dir='ltr'><strong>referre</strong></span> 
     </span>
    </p>
   </div>
   <div class='ocr_carea' id='block_1_122' title="bbox 1124 2545 1910 2584">
    <p class='ocr_par' dir='ltr' id='par_1_122' title="bbox 1124 2545 1910 2584">
     <span class='ocr_line' id='line_1_123' title="bbox 1124 2545 1910 2584; baseline -0.005 -8"><span class='ocrx_word' id='word_1_855' title='bbox 1124 2553 1277 2581; x_wconf 86' lang='lat' dir='ltr'><strong>auctorem,</strong></span> <span class='ocrx_word' id='word_1_856' title='bbox 1293 2549 1446 2584; x_wconf 84' lang='lat' dir='ltr'><strong>oppidanos</strong></span> <span class='ocrx_word' id='word_1_857' title='bbox 1453 2545 1628 2575; x_wconf 72' lang='lat' dir='ltr'><strong>Calvinianos</strong></span> <span class='ocrx_word' id='word_1_858' title='bbox 1643 2546 1793 2584; x_wconf 79' lang='lat' dir='ltr'><strong>deterritos</strong></span> <span class='ocrx_word' id='word_1_859' title='bbox 1801 2566 1808 2577; x_wconf 87' lang='lat'><strong>,</strong></span> <span class='ocrx_word' id='word_1_860' title='bbox 1819 2545 1910 2584; x_wconf 48' lang='lat' dir='ltr'><strong>mala:</strong></span> 
     </span>
    </p>
   </div>
   <div class='ocr_carea' id='block_1_123' title="bbox 1124 2581 1908 2618">
    <p class='ocr_par' dir='ltr' id='par_1_123' title="bbox 1124 2581 1908 2618">
     <span class='ocr_line' id='line_1_124' title="bbox 1124 2581 1908 2618; baseline -0.006 -7"><span class='ocrx_word' id='word_1_861' title='bbox 1124 2591 1178 2618; x_wconf 88' lang='lat' dir='ltr'><strong>que</strong></span> <span class='ocrx_word' id='word_1_862' title='bbox 1194 2584 1247 2611; x_wconf 85' lang='lat' dir='ltr'><strong>sibi</strong></span> <span class='ocrx_word' id='word_1_863' title='bbox 1264 2581 1356 2611; x_wconf 78' lang='lat' dir='ltr'><strong>omnia</strong></span> <span class='ocrx_word' id='word_1_864' title='bbox 1373 2583 1520 2618; x_wconf 77' lang='lat' dir='ltr'><strong>ominatos,</strong></span> <span class='ocrx_word' id='word_1_865' title='bbox 1532 2589 1667 2618; x_wconf 73' lang='lat' dir='ltr'><strong>necvana</strong></span> <span class='ocrx_word' id='word_1_866' title='bbox 1680 2582 1855 2618; x_wconf 76' lang='lat' dir='ltr'><strong>conjectura,</strong></span> <span class='ocrx_word' id='word_1_867' title='bbox 1868 2581 1908 2607; x_wconf 90' lang='lat' dir='ltr'><strong>uti</strong></span> 
     </span>
    </p>
   </div>
   <div class='ocr_carea' id='block_1_124' title="bbox 1126 2616 1910 2654">
    <p class='ocr_par' dir='ltr' id='par_1_124' title="bbox 1126 2616 1910 2654">
     <span class='ocr_line' id='line_1_125' title="bbox 1126 2616 1910 2654; baseline -0.006 -8"><span class='ocrx_word' id='word_1_868' title='bbox 1126 2616 1170 2646; x_wconf 85' lang='lat' dir='ltr'><strong>ille</strong></span> <span class='ocrx_word' id='word_1_869' title='bbox 1185 2620 1290 2654; x_wconf 90' lang='lat' dir='ltr'><strong>aliquot</strong></span> <span class='ocrx_word' id='word_1_870' title='bbox 1303 2620 1331 2646; x_wconf 91' lang='lat' dir='ltr'><strong>in</strong></span> <span class='ocrx_word' id='word_1_871' title='bbox 1342 2627 1402 2646; x_wconf 85' lang='lat' dir='ltr'><strong>eam</strong></span> <span class='ocrx_word' id='word_1_872' title='bbox 1416 2626 1472 2654; x_wconf 78' lang='lat' dir='ltr'><strong>rem</strong></span> <span class='ocrx_word' id='word_1_873' title='bbox 1487 2616 1624 2654; x_wconf 83' lang='lat' dir='ltr'><strong>adductis,</strong></span> <span class='ocrx_word' id='word_1_874' title='bbox 1641 2617 1772 2654; x_wconf 75' lang='lat' dir='ltr'><strong>qua:_illis</strong></span> <span class='ocrx_word' id='word_1_875' title='bbox 1797 2616 1910 2643; x_wconf 84' lang='lat' dir='ltr'><strong>sinistra</strong></span> 
     </span>
    </p>
   </div>
   <div class='ocr_carea' id='block_1_125' title="bbox 1125 2652 1910 2689">
    <p class='ocr_par' dir='ltr' id='par_1_125' title="bbox 1125 2652 1910 2689">
     <span class='ocr_line' id='line_1_126' title="bbox 1125 2652 1910 2689; baseline -0.005 -8"><span class='ocrx_word' id='word_1_876' title='bbox 1125 2652 1311 2689; x_wconf 76' lang='lat' dir='ltr'><strong>contigerunt,</strong></span> <span class='ocrx_word' id='word_1_877' title='bbox 1328 2662 1358 2682; x_wconf 87' lang='lat' dir='ltr'><strong>se</strong></span> <span class='ocrx_word' id='word_1_878' title='bbox 1373 2652 1672 2689; x_wconf 75' lang='lat' dir='ltr'><strong>conﬁcereexistimat.</strong></span> <span class='ocrx_word' id='word_1_879' title='bbox 1702 2652 1739 2678; x_wconf 85' lang='lat' dir='ltr'><strong>Ea</strong></span> <span class='ocrx_word' id='word_1_880' title='bbox 1764 2652 1791 2678; x_wconf 92' lang='lat' dir='ltr'><strong>in</strong></span> <span class='ocrx_word' id='word_1_881' title='bbox 1799 2658 1838 2689; x_wconf 57' lang='lat' dir='ltr'><strong>Ie</strong></span> <span class='ocrx_word' id='word_1_882' title='bbox 1868 2655 1910 2678; x_wconf 84' lang='lat' dir='ltr'><strong>te-</strong></span> 
     </span>
    </p>
   </div>
   <div class='ocr_carea' id='block_1_126' title="bbox 1126 2686 1909 2722">
    <p class='ocr_par' dir='ltr' id='par_1_126' title="bbox 1126 2686 1909 2722">
     <span class='ocr_line' id='line_1_127' title="bbox 1126 2686 1909 2722; baseline -0.005 -6"><span class='ocrx_word' id='word_1_883' title='bbox 1126 2686 1216 2716; x_wconf 75' lang='lat' dir='ltr'><strong>nenda</strong></span> <span class='ocrx_word' id='word_1_884' title='bbox 1233 2689 1361 2716; x_wconf 68' lang='lat' dir='ltr'><strong>Praetoris</strong></span> <span class='ocrx_word' id='word_1_885' title='bbox 1387 2689 1441 2719; x_wconf 72' lang='lat' dir='ltr'><strong>lex,</strong></span> <span class='ocrx_word' id='word_1_886' title='bbox 1458 2691 1489 2714; x_wconf 91' lang='lat' dir='ltr'><strong>ut</strong></span> <span class='ocrx_word' id='word_1_887' title='bbox 1515 2687 1573 2722; x_wconf 87' lang='lat' dir='ltr'><strong>ipse</strong></span> <span class='ocrx_word' id='word_1_888' title='bbox 1594 2686 1659 2713; x_wconf 88' lang='lat' dir='ltr'><strong>alibi</strong></span> <span class='ocrx_word' id='word_1_889' title='bbox 1682 2691 1776 2713; x_wconf 89' lang='lat' dir='ltr'><strong>monet</strong></span> <span class='ocrx_word' id='word_1_890' title='bbox 1799 2686 1909 2722; x_wconf 86' lang='lat' dir='ltr'><strong>Baron.:</strong></span> 
     </span>
    </p>
   </div>
   <div class='ocr_carea' id='block_1_127' title="bbox 1126 2721 1909 2762">
    <p class='ocr_par' dir='ltr' id='par_1_127' title="bbox 1126 2721 1909 2762">
     <span class='ocr_line' id='line_1_128' title="bbox 1126 2721 1909 2762; baseline -0.004 -12"><span class='ocrx_word' id='word_1_891' title='bbox 1126 2723 1281 2762; x_wconf 50' lang='lat' dir='ltr'><strong>Quiuteriel,</strong></span> <span class='ocrx_word' id='word_1_892' title='bbox 1293 2722 1577 2762; x_wconf 80' lang='lat' dir='ltr'><strong>teneat,__omninoque</strong></span> <span class='ocrx_word' id='word_1_893' title='bbox 1593 2722 1745 2762; x_wconf 74' lang='lat' dir='ltr'><strong>cavendum</strong></span> <span class='ocrx_word' id='word_1_894' title='bbox 1759 2729 1793 2749; x_wconf 89' lang='lat' dir='ltr'><strong>ne</strong></span> <span class='ocrx_word' id='word_1_895' title='bbox 1816 2721 1909 2748; x_wconf 86' lang='lat' dir='ltr'><strong>istius-</strong></span> 
     </span>
    </p>
   </div>
   <div class='ocr_carea' id='block_1_128' title="bbox 1127 2757 1911 2794">
    <p class='ocr_par' dir='ltr' id='par_1_128' title="bbox 1127 2757 1911 2794">
     <span class='ocr_line' id='line_1_129' title="bbox 1127 2757 1911 2794; baseline -0.005 -8"><span class='ocrx_word' id='word_1_896' title='bbox 1127 2759 1200 2786; x_wconf 88' lang='lat' dir='ltr'><strong>modi</strong></span> <span class='ocrx_word' id='word_1_897' title='bbox 1217 2759 1362 2794; x_wconf 82' lang='lat' dir='ltr'><strong>obrepant.</strong></span> <span class='ocrx_word' id='word_1_898' title='bbox 1376 2758 1484 2793; x_wconf 86' lang='lat' dir='ltr'><strong>aliaque</strong></span> <span class='ocrx_word' id='word_1_899' title='bbox 1496 2757 1558 2784; x_wconf 86' lang='lat' dir='ltr'><strong>aliis</strong></span> <span class='ocrx_word' id='word_1_900' title='bbox 1583 2757 1739 2794; x_wconf 84' lang='lat' dir='ltr'><strong>subdantur</strong></span> <span class='ocrx_word' id='word_1_901' title='bbox 1752 2761 1911 2794; x_wconf 76' lang='lat' dir='ltr'><strong>sanctorum</strong></span> 
     </span>
    </p>
   </div>
   <div class='ocr_carea' id='block_1_129' title="bbox 1127 2790 1911 2829">
    <p class='ocr_par' dir='ltr' id='par_1_129' title="bbox 1127 2790 1911 2829">
     <span class='ocr_line' id='line_1_130' title="bbox 1127 2790 1911 2829; baseline -0.004 -9"><span class='ocrx_word' id='word_1_902' title='bbox 1127 2795 1252 2829; x_wconf 74' lang='lat' dir='ltr'><strong>pignore,</strong></span> <span class='ocrx_word' id='word_1_903' title='bbox 1269 2790 1311 2822; x_wconf 79' lang='lat' dir='ltr'><strong>vel</strong></span> <span class='ocrx_word' id='word_1_904' title='bbox 1325 2794 1408 2821; x_wconf 84' lang='lat' dir='ltr'><strong>etiam</strong></span> <span class='ocrx_word' id='word_1_905' title='bbox 1424 2790 1481 2828; x_wconf 82' lang='lat' dir='ltr'><strong>ipsa</strong></span> <span class='ocrx_word' id='word_1_906' title='bbox 1497 2800 1551 2819; x_wconf 94' lang='lat' dir='ltr'><strong>non</strong></span> <span class='ocrx_word' id='word_1_907' title='bbox 1568 2796 1661 2829; x_wconf 80' lang='lat' dir='ltr'><strong>sancta</strong></span> <span class='ocrx_word' id='word_1_908' title='bbox 1677 2801 1683 2819; x_wconf 72' lang='grc' dir='ltr'>ε</span> <span class='ocrx_word' id='word_1_909' title='bbox 1704 2792 1730 2819; x_wconf 92' lang='lat' dir='ltr'><strong>in</strong></span> <span class='ocrx_word' id='word_1_910' title='bbox 1745 2790 1911 2829; x_wconf 70' lang='lat' dir='ltr'><strong>quibusetsi</strong></span> 
     </span>
    </p>
   </div>
   <div class='ocr_carea' id='block_1_130' title="bbox 1127 2825 1912 2864">
    <p class='ocr_par' dir='ltr' id='par_1_130' title="bbox 1127 2825 1912 2864">
     <span class='ocr_line' id='line_1_131' title="bbox 1127 2825 1912 2864; baseline -0.004 -8"><span class='ocrx_word' id='word_1_911' title='bbox 1127 2825 1181 2856; x_wconf 42' lang='lat' dir='ltr'><strong>novo</strong></span> <span class='ocrx_word' id='word_1_912' title='bbox 1198 2825 1281 2864; x_wconf 83' lang='lat' dir='ltr'><strong>perit,</strong></span> <span class='ocrx_word' id='word_1_913' title='bbox 1294 2833 1372 2857; x_wconf 87' lang='lat' dir='ltr'><strong>nutat</strong></span> <span class='ocrx_word' id='word_1_914' title='bbox 1388 2825 1480 2856; x_wconf 81' lang='lat' dir='ltr'><strong>tanien</strong></span> <span class='ocrx_word' id='word_1_915' title='bbox 1490 2835 1554 2855; x_wconf 85' lang='lat' dir='ltr'><strong>vera</strong></span> <span class='ocrx_word' id='word_1_916' title='bbox 1566 2827 1663 2862; x_wconf 80' lang='lat' dir='ltr'><strong>religio</strong></span> <span class='ocrx_word' id='word_1_917' title='bbox 1679 2835 1710 2855; x_wconf 86' lang='lat' dir='ltr'><strong>ac</strong></span> <span class='ocrx_word' id='word_1_918' title='bbox 1728 2825 1815 2862; x_wconf 78' lang='lat' dir='ltr'><strong>pietas</strong></span> <span class='ocrx_word' id='word_1_919' title='bbox 1829 2825 1912 2853; x_wconf 83' lang='lat' dir='ltr'><strong>Chri-</strong></span> 
     </span>
    </p>
   </div>
   <div class='ocr_carea' id='block_1_131' title="bbox 1129 2865 1227 2892">
    <p class='ocr_par' dir='ltr' id='par_1_131' title="bbox 1129 2865 1227 2892">
     <span class='ocr_line' id='line_1_132' title="bbox 1129 2865 1227 2892; baseline 0 -1"><span class='ocrx_word' id='word_1_920' title='bbox 1129 2865 1227 2892; x_wconf 81' lang='lat' dir='ltr'><strong>sliana.</strong></span> 
     </span>
    </p>
   </div>
  </div>
