2072 3160
161 138 212 171 133

530 141 670 173 ORATIO
687 144 752 175 VII.
765 157 798 163 —
815 143 857 174 IN
876 145 1032 176 LAUDEM
1050 147 1080 177 S.
1100 148 1241 178 THOMXE
1260 149 1451 180 APOS'I‘OLI.

1736 152 1787 186 ΠΜ

159 197 275 232 ἐμμένει
300 197 352 232 μὲν
376 196 440 233 ἀχρι
465 197 570 231 τέλους,
586 199 728 232 ἐλάττονος
753 201 783 228 δὲ
806 201 934 236 χάριτοςέ

983 203 1144 238 λοι-νῆταί
1159 211 1250 233 manet
1260 206 1371 241 quidem
1386 213 1474 241 usque
1491 205 1519 234 in
1535 205 1630 241 ﬁnem,
1642 209 1779 237 minorem

157 243 238 277 δόξης
259 241 314 269 τῶν
341 243 500 278 κορυφαίων
523 244 607 277 τινὸς,
620 247 697 280 παρὰ
719 246 758 282 τῷ
781 247 951 281 παμϐασιλεί

158 287 353 320 καταξιοῦται·
370 288 464 323 ὥσπερ
484 289 511 316 δὲ
533 291 582 325 τῆς
604 291 742 326 κλήσεως,
756 293 806 327 τῆς
822 293 947 328 ἐκλογῆς,

156 334 207 366 τῆς
224 332 447 368 ἀκολουθήσεως,
465 334 514 369 τῆς
537 335 750 371 αὺτοπροσώπου
768 337 841 371 θέας,
857 339 903 366 τοῦ
918 348 948 367 τε

155 378 225 404 Θεοῦ
252 378 352 412 Λόγου.
368 379 416 405 καὶ
438 379 492 406 τῶν
516 380 550 406 δι’
564 381 648 407 αὑτοῦ
671 384 873 418 γεγενημένων,
898 386 948 420 τῆς

154 424 288 458 αὑτηκόου
314 424 371 450 τῶν
395 424 508 459 ὑψηλῶν
530 427 689 463 μυστηρίων
711 429 878 464 ἀκροάσεως,
896 431 946 465 τῆς

154 468 208 494 τῶν
223 468 366 500 ζωοποιῶν
382 471 554 506 παθημάτων
568 473 713 505 κοινωνίας
725 494 733 506 ,
749 474 797 501 τοῦ
813 477 944 509 μυστικοῦ

154 514 296 550 νιπτῆρος,
313 515 359 543 τοῦ
375 516 458 551 ἄρτου
468 535 477 549 ,
499 517 548 544 τοῦ
564 519 693 554 σταυροῦ,
708 519 758 554 τῆς
774 522 876 556 ταφῆς,
893 522 944 556 τῆς

153 561 340 593 ἀναστάσεως,
354 562 403 597 τῆς
431 563 502 598 μετὰ
525 564 575 598 τὴν
597 565 745 592 ἀνάστασιν
759 567 940 600 ἐμφανίσεως.

151 606 200 633 καὶ
223 606 385 642 ἀναλήψεως
407 608 454 634 τοῦ
478 609 545 635 Υίοῦ
564 609 633 645 πρὸς
655 611 700 637 τὸν
716 611 877 647 Γεννήτορα,
895 616 942 640 καί

149 653 202 687 τῆς
214 652 248 679 δι’
261 653 345 680 αὑτοῦ
361 653 431 688 μετά
442 655 530 681 ταῦτα
548 656 726 691 μεταλήψεως
747 659 793 684 τοῦ
816 660 942 694 Πνεῦμα-

149 707 206 730 τος,
220 698 322 734 ὁμοίως
344 701 400 730 τοῖς
422 702 678 735 πρωτοαποστόλοις
696 704 809 739 μέτοχος
826 703 878 740 ἦν⁹
896 706 941 733 ναὶ

148 745 181 779 δὴ
199 746 246 771 καὶ
258 745 308 779 τῆς
320 746 366 771 ἐπὶ
378 745 412 771 τὰ
428 745 493 781 ἔθνη
511 745 643 781 λαμπρᾶς
655 748 824 784 ἀποστολῆς,
839 750 893 777 τῶν
909 759 939 777 τε

148 789 272 823 σημείων
287 789 336 816 καὶ
346 790 478 824 τεράτων,
489 791 536 817 καὶ
548 791 598 827 τῆς
608 792 656 818 τοῦ
670 793 835 828 Εὑαγγελίου
850 804 938 831 μεγα-

147 835 294 868 λοφωνίας.

184 881 289 916 Ὥσπερ
305 881 353 908 οὖν
365 882 394 908 ἐν
405 881 522 915 τούτοις,
537 882 614 910 οὐδὲν
624 883 750 920 Ἀνδρέου
761 885 810 913 καὶ
820 886 936 923 Πέτρου,
953 873 974 900 Β

146 927 194 953 καὶΙ
219 927 274 953 τῶν
298 927 365 954 υἱῶν
388 928 531 955 Ζεϐεδαίου
560 929 710 966 ἀπελείφθη
736 931 850 967 Θωμᾶς,
866 933 940 962 οὕτω

146 973 195 999 καὶ
209 972 257 999 τοῦ
270 973 365 1005 τέλους
382 975 525 1009 συστοίχου
538 976 595 1007 τοῖς
617 975 737 1011 πρώτοις
757 979 935 1014 ἑπιτετυχὼς,

146 1019 303 1052 ἀκολούθως
324 1021 374 1047 καὶ
394 1020 474 1056 δόξης
498 1021 614 1054 ἐκεινοις
628 1022 677 1058 τῆς
691 1023 787 1059 αὐτῆς,
804 1026 851 1052 καὶ
875 1026 937 1061 ἴσης

146 1066 222 1101 παρὰ
237 1065 276 1101 τῷ
290 1066 443 1102 διδασκάλῳ
454 1068 504 1094 καὶ
517 1068 577 1104 Θεῷ
588 1070 732 1105 τετυχήκει
744 1070 828 1106 τιμῆς
837 1079 844 1085 ·
859 1073 883 1099 εί
897 1074 935 1108 μή

146 1121 186 1143 τις
203 1111 287 1138 αὑτοῦ
309 1112 359 1148 τὴν
374 1113 443 1147 μετά
457 1115 503 1141 τὸν
519 1115 648 1150 σταυρὸν,
664 1117 711 1142 καὶ¹
723 1117 772 1152 τὴν
786 1118 935 1146 ἀνάστασιν

143 1157 313 1192 ἀμφιϐολίαν
330 1158 346 1194 ἢ
361 1158 503 1194 διψυχίαν,
527 1161 650 1196 ὑφέσεως
671 1162 772 1198 τρόπον
793 1163 933 1198 ὑπολάϐοι,

144 1204 240 1236 κακῶς
257 1204 397 1238 ὑπονοῶν,
412 1205 460 1233 καὶ
472 1207 523 1233 οὐκ
538 1207 568 1235 ὲν
581 1208 689 1236 συνέσει
706 1209 742 1236 τὰ
759 1210 817 1237 θεῖα
830 1211 936 1247 διακρί-

143 1258 203 1276 νειν
215 1249 414 1287 είδώς.’¹Ωσπερ
425 1252 480 1288 γὰρ
493 1253 629 1289 ὑπερϐολῇ
647 1254 815 1291 θερμότητος
829 1257 935 1293 χρώμει

143 1305 190 1328 νος
205 1297 220 1323 ὁ
234 1297 347 1332 Πέτρος,
361 1298 532 1334 ἀρνήσασθαι
546 1300 721 1336 συνεχωρήθη
731 1322 738 1333 ,
753 1301 791 1334 ὼς
805 1302 838 1329 ἂν
853 1303 934 1336 αὐτός

143 1350 174 1368 τε
202 1343 386 1379 μετριώτερος
409 1344 507 1371 ἑαυτοῦ
520 1345 632 1380 γένηται
648 1347 696 1373 καὶ
709 1348 911 1385 ἀσφαλέστερος
923 1358 931 1366 ⁶

144 1387 296 1421 ἀσφαλείας
311 1388 341 1415 δὲ
355 1389 403 1415 καὶ
416 1390 472 1421 τοῖς
481 1389 571 1422 ἄλλοις
584 1390 711 1424 ὑπόθεσις
724 1393 741 1428 ἡ
754 1394 856 1429 τριπλῆ
870 1395 933 1422 τού-

142 1441 191 1459 του
209 1433 278 1467 μετὰ
291 1433 341 1469 τὴν
354 1434 467 1471 ἄρνησιν
481 1436 609 1470 ὁμολογία
625 1439 747 1474 καταστῇ
756 1446 764 1454 '
777 1439 866 1467 κοινὸν
877 1441 932 1476 γὰρ

143 1479 239 1514 ὥσπερ
255 1479 286 1506 τὸ
301 1479 422 1516 ἥττημα,
437 1480 509 1508 οὕτω
521 1482 632 1510 πάντων
646 1483 752 1518 ίγίνετο
766 1485 814 1512 καὶ
826 1485 857 1513 τὸ
869 1495 933 1523 προ-

141 1526 270 1561 τέρημα·
292 1526 364 1553 οὕτω
385 1528 432 1555 καὶ
453 1528 468 1554 ὁ
489 1528 618 1564 Δίδυμος,
641 1530 751 1558 πλείονα
763 1531 812 1568 τὴν
826 1532 932 1569 Θέρμην

141 1571 190 1597 καὶ
201 1571 252 1606 τὴν
267 1571 332 1606 περὶ
345 1572 391 1599 τὸν
403 1572 565 1601 διδάσκαλον
582 1575 741 1611 προθυμίαν
756 1577 840 1614 ιχων,
854 1587 932 1615 περι-

139 1617 290 1644 πέπτωκεν
303 1618 464 1655 ἀμφιϐολίᾳ,
480 1620 527 1646 καὶ
539 1620 638 1655 μᾶλλον
653 1622 708 1649 τῶν
720 1622 807 1651 ἀλλων
818 1625 875 1657 τοῖς
887 1625 931 1652 λο-

137 1664 252 1698 γισμοῖς
267 1663 389 1700 διεκρίθη
408 1665 472 1700 περὶ
486 1665 535 1702 τὴν
549 1667 709 1703 ἀνάστασιν,
721 1669 759 1702 ὡς
771 1669 805 1698 ἂν
819 1671 866 1698 καὶ
882 1672 931 1699 αὑ-

136 1710 185 1741 τὸς
206 1708 305 1736 ἑαυτοῦ
323 1711 480 1747 πραΰτερος
494 1715 629 1749 καταστῇ,
644 1715 693 1742 καὶ
708 1716 754 1743 διὰ
767 1717 817 1752 τῆς
831 1718 929 1746 ἐνστά-

138 1762 211 1786 σεως
225 1754 422 1791 ἀκριϐέστερον
435 1757 612 1793 βεϐαιωθεὶς,
625 1759 804 1798 βεϐαιοτέραν
816 1763 929 1797 καὶτοῖς

135 1801 231 1832 ἄλλοις
251 1801 413 1838 ἐμποιήσεις
432 1802 535 1832 πίστιν.

173 1847 232 1873 Καὶ
244 1847 300 1883 γὰρ
314 1847 369 1874 ἔδει
385 1848 465 1884 τυχὸν
486 1850 547 1877 ἐκεῖ
569 1851 678 1887 πρῶτον
697 1852 928 1891 πολυπραγμονή-

136 1892 222 1928 θῆναι
245 1894 276 1920 τδ
298 1896 466 1931 μυστήριον·
490 1897 538 1923 καὶ
557 1896 773 1933 δοκιμασθεῖσαν
796 1900 866 1927 οὕτω
881 1900 927 1928 τοῦ

135 1939 309 1974 Εὑαγγελίου
325 1941 375 1976 τὴν
391 1941 531 1977 ἀλήθειαν,
545 1944 746 1980 ἀναμφίλεκτον
765 1948 821 1978 τοῖς
839 1947 929 1976 ἔθνεσι

134 1986 338 2021 παραδοθῆναι.
348 1987 456 2023 Ἦρέμα
473 1988 523 2024 μὲν
539 1988 587 2017 οὖν
602 1990 720 2026 διχόνοια
733 1993 781 2020 καὶ
802 1993 856 2021 τῶν
874 1994 930 2021 λοι-

133 2032 198 2058 πῶν
212 2033 263 2064 τὰς
275 2033 389 2068 καρδίας
410 2033 586 2072 διικνουμένη
600 2036 741 2073 μαθητῶν,
756 2040 805 2066 οὐκ
819 2040 929 2074 εὐαγεῖς

133 2077 258 2104 ἀνεκίνει
273 2077 436 2123 λογισμούς’
452 2080 499 2107 καὶ
516 2082 665 2116 φαντασίαν
680 2081 749 2110 εἶναι
772 2084 802 2111 τὸ
822 2085 929 2121 όρώμε-

132 2132 182 2150 νον
196 2123 344 2152 ὑπέϐαλεν.
352 2124 423 2151 Ἀλλ’
437 2126 462 2152 οἱ
486 2126 535 2162 μὲν
552 2127 639 2164 δειλίᾳ
663 2128 712 2164 τὴν
734 2129 928 2166 ἀκριϐολογίαν

133 2169 393 2206 παρακλέπτοντες,
401 2171 540 2207 ἠνείχοντο
552 2173 751 2208 πυρπολεῖσθαι
765 2183 794 2202 τε
809 2177 857 2202 καὶ
877 2185 927 2212 με-

1003 253 1093 277 tamen
1122 251 1237 286 gratiam
1251 256 1298 279 aut
1329 252 1484 280 claritatem
1510 252 1680 281 nanciscitur
1713 257 1787 290 apud

1000 302 1138 322 summum
1153 297 1275 324 omnium
1285 296 1397 332 Regem,
1411 305 1492 332 quam
1505 307 1576 327 unus
1585 299 1647 333 quis
1657 307 1691 326 ex
1703 307 1789 336 σοι-γι-

998 342 1101 376 piratis?
1117 343 1245 376 Quinimo
1269 343 1340 371 sicut
1356 345 1520 378 vocationis,
1544 346 1689 374 electionis
1703 366 1710 378 ,
1733 354 1781 375 co-

998 388 1119 421 mitatus,
1140 388 1226 416 divini
1251 396 1343 416 coram
1371 389 1475 424 Deique
1490 398 1522 418 ac
1535 391 1727 427 Verbi,illique
1737 401 1787 427 pa-

998 438 1132 462 tratorum
1147 439 1321 469 conspectus,
1348 435 1491 470 ipsiusque
1512 444 1546 463 ex
1560 438 1620 472 ejus
1634 445 1684 466 ore
1696 439 1785 466 subli-

996 480 1081 508 mium
1101 482 1293 516 mysteriorum
1304 481 1465 514 auditionis,
1481 482 1652 511 vivilicarum
1663 484 1728 511 item
1739 493 1785 512 so-

994 526 1102 555 cietatis
1112 527 1280 562 passionum,
1291 527 1396 562 mystici
1408 528 1505 562 pelvis,
1523 529 1611 563 panis,
1627 530 1728 562 erucis,
1739 539 1784 558 se-

994 573 1120 607 pulturae,
1132 573 1351 605 resurrectionis,
1363 573 1438 601 illam
1464 579 1565 601 secutae
1580 575 1778 609 apparitionis,

994 618 1057 646 Filii
1076 618 1108 646 ad
1132 618 1240 646 Patrem
1258 619 1286 646 in
1302 619 1386 647 ceelos
1411 620 1588 654 receptionis,
1604 620 1778 656 Spiritusque

991 667 1086 698 postea
1098 672 1146 699 per
1161 672 1225 692 eum
1237 664 1432 699 impartitionis
1445 674 1452 698 ;
1469 666 1508 693 sic
1518 667 1597 701 plane
1612 668 1696 695 etiam
1722 676 1784 696 ma—

989 710 1080 745 gniﬁci
1088 711 1119 738 ad
1128 715 1223 746 gentes
1238 711 1416 745 apostolatus,
1430 712 1626 748 signorumque
1635 721 1668 741 ac
1682 715 1782 749 prodi-

989 757 1120 792 giorum;
1150 757 1291 792 Evangelii
1317 757 1437 792 denique
1457 758 1537 785 clarae
1565 759 1780 793 praedicationis,

989 811 1052 831 cum
1063 804 1159 839 primis
1176 804 1281 840 pariter
1300 804 1470 839 summisque
1485 805 1617 839 apostolis
1642 806 1781 841 particeps

989 849 1052 876 fuit.

1025 895 1259 929 Quemadmodum
1285 895 1369 932 igitur
1394 903 1428 924 ea
1454 901 1532 931 parte
1558 891 1688 929 Thomas,
1712 897 1779 924 nihil

989 941 1097 970 Andrea
1107 946 1135 970 et
1147 942 1228 970 Petro
1239 946 1267 969 et
1281 942 1345 970 ﬁliis
1355 942 1479 970 Zebedzei
1496 943 1588 970 minus
1603 943 1710 975 habuit,
1738 944 1779 970 sic

988 993 1017 1015 et
1044 988 1126 1015 ﬁnem
1144 988 1240 1022 primis
1263 987 1318 1015 illis
1344 988 1515 1016 consimilem
1544 993 1647 1020 natus;
1663 989 1779 1023 proinde

988 1033 1071 1061 etiam
1083 1033 1243 1061 eamdemac
1251 1032 1289 1060 illi
1299 1032 1461 1064 claritatem.
1474 1039 1624 1066 paremque
1645 1032 1778 1060 honorem

988 1080 1060 1115 apud
1074 1079 1234 1115 magistrum
1243 1079 1384 1113 Deumque
1399 1079 1561 1113 promeruit.
1572 1078 1630 1105 Nisi
1640 1078 1701 1113 quis
1707 1078 1777 1106 forte

987 1133 1021 1153 eo
1039 1125 1204 1160 deteriorem
1226 1125 1415 1160 minoremque
1435 1128 1594 1159 putaverat,
1612 1124 1688 1159 quod
1709 1128 1772 1159 post

987 1177 1097 1197 crucem
1112 1177 1144 1197 ac
1153 1168 1391 1201 resurrectionem,
1400 1167 1500 1195 dubius
1513 1168 1652 1202 animique
1674 1175 1777 1203 anceps

985 1215 1132 1248 exstiterit;
1142 1215 1212 1242 male
1225 1214 1330 1242 scilicet
1339 1214 1466 1249 opinans.
1482 1221 1515 1241 ac
1524 1214 1569 1249 qui
1585 1214 1678 1241 divina
1705 1222 1774 1249 pru-

986 1261 1084 1289 denter
1105 1261 1260 1288 discernere
1292 1265 1320 1288 et
1328 1259 1434 1295 judicio
1459 1259 1616 1294 expendere
1631 1259 1776 1294 haudqua-

986 1315 1068 1343 quam
1083 1307 1165 1334 norit.
1180 1306 1414 1340 Quemadmodum
1429 1305 1503 1333 enim
1517 1306 1615 1334 Petrus
1626 1307 1772 1334 excellenti

985 1355 1094 1382 fervore
1110 1361 1211 1389 negare
1240 1352 1391 1388 permissus
1405 1357 1457 1386 est,
1472 1357 1502 1380 ut
1523 1356 1582 1380 tum
1593 1353 1651 1388 ipse
1675 1353 1771 1380 mode-

985 1400 1053 1427 stior
1066 1399 1226 1433 cautiorque
1235 1398 1408 1431 redderetur,
1420 1402 1531 1432 tumque
1540 1398 1600 1433 ejus
1615 1402 1676 1433 post
1689 1406 1774 1434 nega-

985 1446 1088 1473 tionem
1102 1444 1176 1473 trina
1186 1443 1334 1475 confessio,
1349 1443 1495 1476 cautionis,
1515 1451 1548 1470 ac
1571 1443 1687 1470 remedii
1701 1444 1772 1471 ratio

984 1492 1099 1526 reliquis
1112 1491 1183 1518 foret
1197 1490 1207 1526 (
1232 1490 1389 1518 communis
1399 1489 1473 1517 enim
1485 1489 1558 1517 sicut
1571 1489 1674 1522 clades,
1690 1489 1730 1517 sic
1746 1495 1771 1517 el

947 1550 969 1580 ο
984 1538 1176 1566 universorum
1200 1536 1252 1564 fuit
1276 1535 1402 1570 victmia)
1421 1534 1480 1562 :ita
1494 1542 1605 1570 quoque
1631 1535 1772 1571 Didymus,

980 1584 1078 1621 majori
1093 1583 1202 1610 fervore
1214 1582 1297 1616 inque
1309 1580 1470 1616 Magistrum
1490 1580 1633 1607 alacritate
1653 1580 1771 1614 pollens.

980 1633 1012 1660 in
1027 1630 1198 1658 dubietatem
1212 1627 1321 1660 incidit,
1341 1634 1374 1654 ac
1392 1627 1454 1661 plus
1473 1626 1588 1661 reliquis
1600 1625 1635 1653 de
1650 1633 1766 1654 resurre-

981 1678 1073 1705 ctione
1088 1682 1189 1709 anceps
1207 1673 1270 1706 fuit,
1285 1678 1317 1701 ut
1336 1676 1364 1700 et
1385 1672 1443 1708 ipse
1466 1672 1557 1699 lenior
1574 1672 1770 1708 bcnigniorque

979 1722 1121 1752 evaderet,
1144 1718 1284 1754 animique
1305 1717 1530 1745 eonteutiosioris
1553 1725 1645 1752 pugna
1665 1718 1768 1752 pleniut

979 1767 1169 1798 conﬁrmatus,
1191 1764 1342 1792 ﬁrmiorem
1360 1763 1474 1799 perinde
1499 1763 1614 1798 reliquis
1627 1763 1709 1791 ﬁdem
1728 1764 1757 1791 in

979 1816 1099 1849 gereret.

1014 1865 1094 1892 Forte
1107 1862 1182 1892 enim
1197 1868 1289 1897 operae
1309 1860 1427 1896 pretium
1442 1865 1512 1895 erat,
1530 1866 1561 1889 ut
1584 1862 1641 1890 illic
1652 1863 1767 1897 primum

977 1910 1140 1946 mysterium
1148 1908 1285 1937 curiosius
1296 1908 1497 1942 exploraretur,
1525 1907 1609 1943 inque
1626 1915 1689 1936 eum
1710 1916 1756 1936 mo

978 1955 1044 1983 dum
1061 1954 1176 1990 probata
1191 1951 1334 1988 Evangelii
1346 1953 1460 1985 veritas,
1475 1952 1628 1980 indubitata
1643 1953 1766 1987 gentibus

979 2001 1146 2028 traderetur.
1171 2000 1244 2027 Sane
1259 2006 1325 2026 vero
1344 1998 1428 2026 etiam
1452 1999 1622 2033 reliquorum
1652 1999 1759 2035 discipu

978 2046 1066 2075 lorum
1080 2045 1188 2073 animos
1200 2044 1303 2072 sensim
1313 2043 1467 2079 pervadens
1477 2043 1615 2076 dubietas,
1627 2044 1699 2072 haud
1709 2045 1764 2080 pia;

978 2093 1006 2120 in
1016 2092 1057 2120 eis
1064 2099 1096 2119 ac
1111 2091 1253 2125 religiosas
1262 2089 1442 2125 cogitationes
1462 2090 1600 2122 movebat,
1612 2094 1750 2124 spectrum

977 2146 1031 2174 que
1046 2138 1127 2165 inane
1145 2144 1207 2165 esse
1225 2136 1400 2171 suggerebat,
1424 2136 1451 2163 id
1468 2136 1543 2171 quod
1564 2136 1651 2163 oculis
1671 2143 1760 2163 cerne-

977 2184 1083 2212 batur:
1104 2191 1199 2211 verum
1225 2183 1264 2210 illi
1285 2182 1409 2217 quidem,
1435 2181 1581 2210 formidine
1610 2186 1763 2209 accuratam

133 2215 264 2251 ρξζεσθαι
285 2216 331 2243 τὸν
346 2216 419 2244 νοῦν.
432 2217 468 2244 Σὺ
483 2218 522 2252 δὲ,
536 2215 559 2246 ὦ
571 2221 744 2253 γενναιότατε
761 2222 808 2248 καὶ
827 2222 926 2259 θερμό-

983 2231 1088 2258 i'allente
1104 2230 1251 2262 rationem,
1268 2229 1361 2256 animo
1383 2227 1506 2259 incendi,
1530 2235 1562 2255 ac
1579 2227 1705 2262 partibus
1720 2236 1751 2255 se

130 2271 200 2289 τατε
213 2263 262 2298 τῆς
272 2262 401 2298 ἀληθείας
414 2264 558 2299 ὲρευνητὰ,
571 2265 602 2292 οὐ
617 2265 704 2300 ψιλοῖς
720 2266 774 2294 τῶν
786 2268 922 2302 ἐπαγγελ-

130 2309 236 2335 ὶό-ιτων
247 2309 336 2343 λόγοις
346 2309 551 2344 παραδέξασθαι
567 2311 623 2338 δεῖν
635 2311 728 2347 ᾠήθης
741 2313 792 2347 τὴν
802 2314 923 2341 ἀνάστα-

130 2363 194 2380 σιν·
217 2355 354 2390 σφαλερὸν
374 2355 444 2390 γάρ·
467 2355 523 2383 οὐδ’
536 2355 596 2391 Wst
619 2346 688 2394 μόνῃ
706 2346 928 2388 καταπιστεῦσαί

129 2404 162 2428 τὸ
185 2402 352 2438 μυστήριον·
366 2402 486 2430 ὕποπτον
498 2403 565 2439 γὰρ,
576 2403 614 2436 ὡς
630 2405 678 2431 καὶ
697 2396 821 2439 ἀγγέλων
841 2407 922 2434 τινῶν

129 2449 172 2480 εἰς
195 2446 270 2480 εἶδος
289 2447 336 2474 τοῦ
359 2448 528 2484 ποθουμένου
546 2451 717 2486 μορφοῦσθαι
731 2452 862 2485 πολλάκις
875 2453 922 2480 δυ-

130 2496 277 2528 ναμένων·
292 2493 388 2530 ὥσπερ
409 2494 436 2521 δὲ
459 2495 505 2522 τὸν
520 2495 635 2524 θάνατον
649 2496 695 2524 καὶ
710 2498 760 2533 τὴν
773 2499 862 2534 ταφὴν
875 2499 922 2526 τοῦ

136 2540 241 2575 Ἰησοῦ,
258 2540 292 2567 δι’
308 2540 395 2573 αὐτῆς
409 2540 496 2575 ὅψεως
515 2541 564 2569 καὶ
581 2542 680 2579 πείρας
693 2543 790 2578 ἔγνως,
804 2544 877 2572 οὕτω
890 2545 923 2582 δὴ

129 2586 180 2612 καὶ
195 2585 248 2619 τὴν
271 2585 421 2612 ἀνάστασιν
439 2586 636 2622 ἀναντίρρητον
650 2588 739 2622 ἐαυτῷ
757 2597 787 2615 τε
803 2589 921 2625 πρῶτον,

130 2633 180 2658 καὶ
194 2632 263 2658 πᾶσι
277 2632 534 2659 κατασκευάσασθαι
554 2632 722 2669 βουλόμενος,
736 2634 785 2669 τὴν
806 2635 850 2662 διὰ
872 2636 922 2671 τῆς

130 2677 232 2712 πείρας
253 2676 400 2712 ἀπῄτησας
423 2678 626 2715 πληροφορίαν·
649 2680 697 2706 καὶ
718 2681 782 2712 τοὺς
797 2681 827 2708 ἐν
840 2682 919 2716 χερσὶ

131 2723 181 2750 καὶ
193 2724 259 2750 ποσὶ
269 2723 374 2755 τύπους
388 2723 443 2750 τῶν
456 2725 539 2760 ἥλων,
554 2726 602 2753 καὶ
615 2725 664 2761 τῆς
679 2726 827 2759 πανολϐίας
837 2728 918 2755 πλευ-

132 2770 184 2805 ρᾶς
208 2770 259 2803 τὴν
277 2769 374 2804 νυγὴν,
389 2769 436 2796 τοῦ
460 2770 594 2803 παθόντος
608 2771 732 2807 σώματος
751 2771 789 2804 ὡς
808 2773 917 2809 ἀληθῶς

975 2276 1031 2304 cari
1058 2275 1232 2303 sustinebant
1255 2274 1288 2301 “.
1310 2274 1350 2301 Tu
1380 2281 1457 2304 vero,
1479 2273 1687 2308 generosissime
1711 2274 1766 2301 fer-

974 2321 1190 2355 ventissimeqne
1204 2319 1327 2347 veritatis
1341 2319 1494 2355 indagator,
1510 2327 1564 2345 non
1587 2318 1670 2346 nudis
1693 2319 1760 2347 refe-

975 2368 1095 2396 rentium
1111 2367 1225 2395 vocibus
1245 2366 1431 2402 recipiendam
1448 2366 1678 2393 resurrectionem
1686 2366 1760 2394 duxi-

974 2414 1010 2441 sti
1023 2413 1135 2448 (quippe
1149 2421 1194 2441 res
1204 2413 1296 2444 fallax,
1312 2420 1364 2440 nec
1374 2417 1432 2440 tuta
1443 2410 1529 2445 satis),
1542 2420 1593 2439 nec
1605 2412 1672 2440 solis
1684 2413 1760 2440 obtu-

974 2459 1049 2487 tibus
1062 2459 1227 2487 crcdendam
1240 2459 1363 2495 mysterii
1373 2459 1454 2487 ﬁdem
1467 2459 1630 2487 existimasti
1643 2460 1716 2493 (nam
1733 2466 1759 2487 et

972 2505 1026 2534 hoc
1039 2510 1207 2540 suspectum,
1220 2513 1283 2533 cum
1302 2509 1331 2533 et
1351 2505 1441 2541 angeli
1465 2513 1521 2533 non
1534 2513 1597 2533 raro
1613 2505 1759 2535 desiderati

972 2551 1089 2578 formam
1100 2551 1215 2579 induere
1237 2551 1366 2587 possint),
1387 2551 1454 2586 quin
1474 2551 1546 2578 sicut
1561 2551 1625 2578 Jcsu
1642 2556 1758 2579 mortem

973 2603 1004 2622 ac
1020 2595 1187 2630 sepulturam
1197 2595 1257 2631 ipso
1273 2601 1385 2630 aspectu
1400 2603 1432 2623 ac
1450 2595 1638 2630 experimento
1648 2604 1757 2631 usurpa-

973 2648 1062 2673 veras,
1088 2641 1128 2668 sic
1150 2649 1260 2676 quoque
1285 2641 1526 2673 resurrectionem,
1549 2648 1605 2669 tum
1625 2642 1683 2676 ipse
1705 2641 1756 2668 tibi

973 2685 1103 2720 primum,
1130 2689 1187 2713 tum
1219 2687 1332 2722 reliquis
1362 2687 1490 2714 omnibus
1518 2686 1756 2714 iucontestabilcm

971 2731 1087 2759 reddere
1107 2732 1230 2765 studens,
1254 2734 1313 2768 ipso
1332 2734 1372 2761 rei
1397 2734 1586 2768 experimento
1611 2732 1684 2760 illius
1707 2731 1756 2759 tibi

970 2781 1045 2804 certo
1072 2776 1251 2811 praestandam
1269 2777 1349 2805 ﬁdem
1375 2778 1500 2814 ﬂagitasti
1517 2784 1654 2812 :‘vereque
1671 2776 1744 2804 susci

169 2850 193 2866 “
207 2849 285 2878 Joan.
301 2858 338 2880 vt,
360 2850 405 2878 66.
444 2851 467 2866 “
487 2851 553 2878 Luc.
578 2859 649 2884 xxiv,
666 2851 719 2883 36;
744 2851 828 2879 Marc.
853 2859 908 2885 IVI,
926 2852 968 2880 l4.
