2072 3160
267 192 318 227 115

866 193 1012 224 ΝΙΩΕΤΔΕ
1031 192 1293 224 PAPHLAGONIS

1835 189 1885 224 116

299 252 450 288 Cognossite
471 249 554 279 Deum
571 251 679 279 Patrem
697 251 912 286 omnipotentem,
932 251 1049 279 inuisibi-

1135 249 1236 277 Γνῶτε
1263 249 1338 277 Θεὸν
1363 233 1479 283 ίΙατέρα
1495 247 1734 284 “παντοκράτόρα.
1765 247 1885 277 πάντων

265 296 329 325 lium
352 298 471 325 omnium
494 305 525 324 ac
545 297 685 325 visibilium
708 305 798 324 rerum
819 301 974 325 creatorem.
1000 296 1051 325 Co-

263 342 378 377 gnoscite
401 342 484 369 Deum
510 341 620 369 Verbum
642 346 705 369 ante
731 341 829 369 alecula
850 351 931 376 supra
948 350 1051 369 omnem

265 388 395 415 rationem
409 396 442 416 ea:
458 386 506 414 illo
517 392 620 420 natum,
632 395 678 422 per
690 395 767 422 quem
778 387 867 415 omnia
880 388 940 422 [erit
955 388 988 414 “.
1002 387 1051 415 Co-

263 434 378 469 gnascite
389 433 519 469 Spiritum
534 438 656 461 sanctum
675 441 707 460 ex
722 433 805 461 Patre
818 433 875 461 sine
891 437 1007 469 tempore
1020 441 1051 462 ae

263 478 372 508 indivise
394 477 584 513 procedentem,
602 477 770 512 omniumque
791 485 849 505 cum
874 476 940 505 Filio
963 477 1052 504 condi-

264 527 357 555 torem,
371 531 403 549 ac
416 523 461 557 qui
474 530 521 557 per
530 523 669 550 essentiam
678 527 772 550 cuncta
785 521 896 557 repleat.
908 521 1051 557 Intelligite

263 567 325 595 Tria
348 567 430 594 Deum
442 575 534 601 unum,
545 576 677 603 unamque
693 571 818 596 naturam
832 571 857 594 et
872 568 1015 603 potentiam
1025 571 1050 594 et

262 620 391 648 regnum;
405 621 539 648 unumque
555 612 697 640 Dominum
708 613 737 640 in
750 613 832 640 tribus
853 614 912 649 pari
924 613 1052 648 dignitate

262 659 379 692 personis
394 658 515 687 adorate.
530 659 684 695 Intelligite,
700 660 829 695 missoque
839 667 915 694 quem
929 668 945 686 α
955 667 1052 694 paren-

262 703 329 735 tibus
350 705 497 740 accepistis,
518 713 618 736 errore,
641 705 676 732 ad
698 713 790 733 veram
815 705 897 732 lucem
925 705 1049 732 accedite.

261 749 391 781 Accedite
406 753 436 777 et
448 749 652 784 illuminamini,
665 754 693 779 et
706 749 791 777 facies
807 754 904 778 vestrae
915 757 971 777 non
986 757 1052 777 con-

262 794 411 826 l'ltndentur
421 795 454 822 ³³.
474 794 561 823 Videte
577 796 638 831 quia
653 795 773 823 Verbum
791 802 855 823 caro
877 795 978 823 factum
997 800 1049 828 est.

260 845 288 867 et
302 840 437 872 habitavit
457 840 486 868 in
506 841 627 868 nobis".
651 840 806 876 Unigenitus
829 840 922 873 Filius,
949 841 994 875 qui
1013 844 1050 868 est

260 894 362 922 semper
374 887 401 913 in
415 887 476 915 sinu
495 886 593 919 Patris,
608 895 668 914 uere
681 887 757 914 homo
771 887 905 914 hominum
916 894 997 913 causa
1018 893 1049 914 ex

259 937 352 965 sancta
377 933 540 968 innuptaque
560 933 648 961 Maria
670 932 774 968 Virgine
797 932 924 964 nascitur,
947 939 978 958 ac
1003 939 1049 966 per

260 980 362 1012 omnia,
377 987 431 1006 uno
451 983 556 1015 peccato
579 983 695 1015 excepto,
715 978 810 1006 similis
834 979 907 1006 nobis
925 978 1050 1014 eﬂicitur;

260 1033 433 1060 concessoque
449 1033 496 1060 per
518 1025 678 1060 baptismum
696 1024 849 1051 remissione
872 1028 1049 1059 peccatorum,

260 1080 292 1101 ac
304 1079 351 1107 per
370 1080 473 1101 crucem
487 1080 518 1099 ac
537 1071 755 1100 resurrectionem
778 1079 795 1098 α
814 1075 897 1098 morte
916 1079 948 1098 ac
960 1079 1051 1097 corru-

260 1119 348 1153 ptione
361 1117 488 1150 liberans,
502 1117 579 1146 Patri
589 1117 778 1145 reconciliavit.
793 1116 841 1144 Hic
851 1120 875 1143 et
886 1116 962 1143 modo
972 1116 1051 1151 (quod

260 1164 334 1192 illius
347 1172 413 1199 opus
424 1163 572 1201 proprium)
595 1163 681 1199 posuit
692 1163 721 1190 in
736 1161 811 1190 nobis
829 1161 1051 1189 reconciliationis

259 1219 418 1244 sermonem,
434 1211 502 1241 hanc
515 1210 583 1240 vobis
592 1210 708 1238 salutem
724 1210 914 1238 annuntiatum
925 1217 971 1236 nos
988 1209 1050 1236 mit-

260 1261 328 1287 ιθηε.

295 1392 415 1423 Reoedite
427 1393 510 1429 igitur
525 1392 557 1420 ab
567 1392 638 1420 omni
652 1392 801 1420 daemonum
815 1393 942 1421 uanitate.
959 1393 1050 1421 Omnis

259 1438 391 1466 idolqu
405 1437 500 1470 cultus,
516 1438 601 1465 omnis
625 1438 683 1466 vitii
702 1446 733 1465 ac
753 1438 930 1474 improbitatis
945 1439 1051 1466 noxiam

259 1482 473 1512 consuetudinem
489 1482 580 1518 procul
594 1491 612 1509 ιι
623 1482 693 1510 vobis
705 1482 820 1517 abjicite.
834 1483 908 1510 Fidei
921 1483 985 1518 lege,
993 1490 1051 1518 qua:

260 1530 336 1560 estin
361 1528 466 1559 Christo
480 1528 542 1557 Iesu
551 1536 561 1562 ,'
582 1528 637 1564 lege
651 1527 766 1563 Spiritus
782 1529 932 1556 sanctitatis
949 1529 1016 1564 ejus,
1027 1529 1051 1556 si

1098 296 1232 330 ἀοράτων
1245 295 1414 331 κτισμάτων
1431 296 1481 322 καί
1495 295 1611 330 ὁρατῶν
1622 295 1761 330 ποιητήν.
1784 295 1885 322 Γνῶτε

1100 342 1174 369 Θεὸν
1183 342 1281 376 Λόγον
1296 341 1352 375 πρὸ
1366 341 1426 369 τῶν
1435 341 1550 368 αίώνὶων
1570 341 1646 375 ὑπὲρ
1661 342 1756 375 ,κότον
1778 341 1878 375 γεννώ-

1096 395 1189 422 μενον
1202 387 1238 419 ἐξ
1250 387 1353 419 αὐτοῦ,
1363 385 1446 414 δι’οὖ
1462 388 1606 420 πεποίηκε
1620 387 1656 413 τὰ
1675 386 1784 413 πάντα.
1804 385 1886 412 Γνῶ-

1098 441 1131 459 ts
1146 433 1265 467 Πνεῦμα
1278 432 1312 460 τὸ
1325 432 1420 467 ἅγιον,
1437 432 1490 459 τοῦ
1501 432 1616 467 Πατρός
1637 432 1774 467 ἀχρόνως
1796 432 1885 458 ἀνεπι-

1099 478 1243 513 φοιτὴτως
1256 487 1288 506 τε
1299 479 1414 513 προϊὸν,
1431 479 1480 508 καὶ
1502 479 1542 512 τῷ
1558 478 1611 511 Υιῷ
1623 478 1886 513 συνδημιουρτοῦν

1098 525 1135 551 τὰ
1143 524 1251 556 πάντα,
1268 525 1318 552 καὶ
1337 525 1434 552 πάντα
1449 525 1513 552 κατ’
1523 526 1634 552 οὐσίαν
1645 524 1792 558 πληροῦν.
1806 524 1884 550 Σύν-

1097 578 1147 598 ets
1162 571 1235 597 Θεὸν
1245 570 1299 598 ἕνα
1309 571 1346 598 τὰ
1363 571 1438 606 τρία,
1455 570 1505 598 καὶ
1521 572 1615 605 φύσιν
1626 571 1700 605 μίαν
1715 571 1764 597 καὶ
1784 570 1876 598 δύνα-

1096 624 1151 650 μιν
1166 617 1215 644 καὶ
1226 617 1408 650 βασιλείαν·
1423 617 1472 644 καὶ
1490 618 1543 644 τὸν
1561 617 1617 644 ἕνα
1632 617 1751 650 Κύριον,
1762 617 1797 643 ἐν
1814 618 1884 650 ὀμο-

1098 661 1194 695 τίμοις
1222 662 1392 696 προσώποις
1410 662 1608 696 προσκυνεῖτε
1633 662 1741 696 τρισίν.
1764 661 1884 692 Σύνετε,

1099 707 1150 734 καὶ
1175 706 1233 740 τὴν
1260 708 1526 741 πατροπαράδοτον
1560 707 1716 741 πλάνησιν
1744 707 1884 741 ἀφέντες,

1099 753 1280 786 προσέλθετε
1307 752 1348 785 τῷ
1379 752 1512 786 ἀληθινῷ
1528 754 1612 788 φωτί.
1640 752 1805 788 Προσέλοετε
1837 753 1885 778 καὶ

1099 798 1264 833 φωτίσθητε,
1281 798 1328 826 καὶ
1339 799 1374 826 τὰ
1393 800 1526 834 πρόσωπα
1537 798 1614 834 ὑμῶν
1625 799 1655 826 οὐ
1667 798 1704 834 μὴ
1721 806 1885 833 καταισχυν-

1100 842 1144 878 θῇ.
1160 842 1263 876 Ἴδετε,
1280 843 1349 870 ὅτιὸ
1364 843 1450 878 Λόγος
1471 843 1539 879 σὰρξ
1553 843 1671 877 ἐγένετο,
1692 843 1739 869 καὶ
1765 843 1886 878 ἐσκήνω-

1102 896 1148 915 σεν
1163 889 1192 915 ὲν
1209 889 1274 924 ἡμῖν
1290 897 1297 904 ·
1314 890 1332 917 ὁ
1346 888 1517 924 μονογενὴς
1544 888 1620 921 Υἱὸς,
1643 890 1659 916 ὁ
1678 888 1713 915 ἐν
1727 888 1790 921 τοῖς
1812 889 1884 914 κόλ-

1102 941 1169 967 ποις
1182 934 1224 962 ὢν
1235 934 1280 962 ἀεὶ
1293 934 1346 962 τοῦ
1357 935 1482 969 Πατρός,
1496 934 1651 968 ἄνθρωπος
1673 933 1792 968 ἀληθῶς
1809 932 1885 967 ὑπὲρ

1099 979 1265 1015 ἀνθρώπων
1279 980 1313 1013 ἐξ
1338 981 1426 1015 ἁγίας
1446 980 1601 1015 Παρθένου
1620 979 1670 1007 καὶ
1686 979 1884 1014 daemonium:

1099 1026 1211 1061 τίνεται
1223 1026 1347 1061 Μαρίας,
1357 1027 1406 1055 καὶ
1422 1026 1496 1054 κατὰ
1507 1026 1616 1059 πάντα,
1630 1026 1717 1060 χωρὶς
1728 1026 1882 1060 ἁμαρτίας,

1098 1071 1171 1107 ἡμῖν
1181 1072 1367 1106 ἐξομοιοῦται
1382 1080 1389 1088 ’
1407 1072 1456 1100 καὶ
1473 1072 1583 1107 ἄφεσιν
1595 1071 1746 1107 ἁμαρτιῶν
1758 1071 1807 1098 διὰ
1822 1071 1881 1103 βα-

1099 1118 1265 1153 πτίσματος
1273 1117 1484 1152 χαρισάμενος,
1493 1117 1541 1145 διὰ
1548 1117 1683 1151 σταυροῦ
1695 1124 1728 1144 τε
1744 1116 1793 1144 καὶ
1805 1116 1879 1144 ἀνα·

1099 1164 1250 1197 στάσεως.
1271 1163 1401 1191 θανάτου
1421 1163 1471 1190 καὶ
1505 1162 1618 1197 φθορᾶς
1643 1161 1882 1196 λυτρωσάμενος,

1099 1207 1273 1243 κατήλλαξε
1289 1208 1330 1242 τῷ
1345 1209 1448 1243 Πατρί.
1466 1206 1561 1241 οὗτος
1577 1208 1626 1235 καὶ
1638 1207 1696 1235 νῦν
1708 1207 1743 1234 ὲν
1754 1207 1836 1241 ἡμῖν,
1851 1207 1883 1234 τὸ

1099 1253 1178 1281 ἴδιον
1192 1254 1291 1288 ἔργον,
1301 1254 1354 1281 τὸν
1366 1254 1420 1288 τῆς
1440 1252 1635 1288 καταλλαγῆς
1645 1253 1738 1287 λόγον
1749 1252 1882 1286 θέμενος,

1100 1298 1290 1332 ἀπέστειλεν,
1302 1298 1360 1333 τὴν
1375 1299 1527 1333 σωτηρίαν
1551 1298 1666 1332 ταύτην
1694 1298 1884 1333 εὐαγγελιου-

1096 1345 1209 1380 μένους
1222 1345 1302 1380 ὑμῖν.

1141 1390 1302 1424 Ἀπόστητε
1326 1391 1430 1417 τοίνυν
1445 1389 1546 1422 πάσης
1570 1388 1718 1423 δαιμόνων
1727 1387 1885 1422 ματαιότη-

1099 1445 1161 1470 τος,
1176 1436 1276 1470 πάσης
1287 1435 1541 1469 εἰδωλολατρείας,
1568 1435 1670 1468 πάσης
1699 1434 1807 1466 κακίας
1834 1433 1884 1460 καὶ

1100 1482 1226 1516 ἀνομίας
1254 1481 1310 1516 τὴν
1334 1481 1471 1515 ὀλέθριον
1486 1481 1672 1515 ἀπορρίψατε
1694 1479 1860 1513 συνήθειαν
1875 1487 1883 1495 -

1100 1528 1140 1561 τῷ
1153 1529 1232 1563 νόμῳ
1247 1528 1280 1555 δὲ
1297 1527 1351 1562 τῆς
1360 1528 1499 1561 πίστεως,
1515 1527 1571 1561 τῆς
1581 1527 1616 1554 ἐν
1629 1525 1745 1561 Χριστῷ
1762 1525 1864 1560 Ἰησοῦ
1875 1534 1883 1540 ·

259 1574 388 1606 uixeritis.
406 1574 438 1602 ab
452 1574 546 1609 iraque
561 1574 593 1601 de
610 1574 674 1602 coelo
695 1575 858 1606 superueniet
869 1575 962 1609 iimpiis
987 1574 1049 1601 libe-

1101 1574 1141 1607 τῷ
1161 1575 1242 1608 νόμῳ
1265 1574 1319 1602 τοῦ
1339 1574 1512 1609 Πνεύματος
1532 1572 1588 1608 τῆς
1613 1573 1769 1608 ἁγιότητος
1790 1572 1884 1600 αὐτοῦ

260 1620 394 1650 rabimini,
412 1619 620 1655 immortalisque
635 1619 726 1655 gloriae
741 1628 772 1647 ac
786 1620 967 1653 vittearteruaz
977 1628 1048 1648 com-

261 1670 332 1701 potes
345 1665 500 1701 eﬂiciemini.
516 1665 555 1693 Ne
565 1673 627 1693 uero
642 1665 766 1693 inanibus
780 1665 864 1693 verbis
881 1674 898 1693 α
916 1665 988 1693 nobis
1004 1665 1049 1693 de-

261 1715 349 1746 ceptos
363 1719 407 1738 vos
421 1711 583 1743 eaistimetis,
599 1710 721 1738 adducite
735 1711 799 1738 mihi
811 1712 855 1747 qui
867 1713 896 1739 in
908 1711 977 1739 nobis
992 1710 1049 1740 labe.

260 1757 351 1792 aliqua
364 1758 476 1793 vitioque
495 1758 618 1786 laborant
645 1766 676 1785 ac
696 1758 830 1785 curatione
851 1761 937 1794 egent,
956 1761 985 1784 ut
1007 1765 1048 1784 me

261 1811 314 1830 non
328 1805 355 1830 in
370 1812 488 1831 sermone
503 1809 605 1832 tantum
620 1805 655 1832 ad
664 1813 708 1832 vos
716 1805 828 1837 uenisse,
842 1805 887 1831 sed
901 1804 976 1840 longe
991 1812 1049 1832 am-

261 1850 330 1885 plius
347 1851 375 1877 in
389 1851 483 1878 uirtute
505 1851 720 1886 appropinquare
740 1851 776 1878 ad
797 1858 841 1878 vos
861 1859 970 1887 regnum
987 1850 1046 1884 Dei,

261 1897 379 1924 videatis.

297 2027 393 2059 Statim
409 2035 474 2063 ergo
491 2027 546 2056 illic
557 2027 610 2055 loci
631 2026 723 2055 videre
746 2031 817 2060 erat,
834 2026 893 2054 solo
916 2025 1049 2061 Theologi

261 2075 345 2102 verbo
371 2074 506 2104 daemonia
532 2073 568 2101 ab
593 2073 714 2101 obsessis
740 2072 904 2107 corporibus
931 2072 1046 2108 fugere;

261 2120 330 2156 erigi
350 2120 473 2152 claudos,
490 2119 571 2146 caecis
589 2119 693 2150 lumen,
720 2118 811 2145 surdis
823 2117 948 2145 auditum
967 2118 1050 2145 resti-

261 2165 314 2196 tui.
330 2165 424 2193 doceri
443 2163 539 2191 balbos
555 2162 658 2190 diserte
672 2162 758 2198 loqui.
774 2162 873 2190 Videre
884 2168 944 2190 erat
959 2163 1049 2198 preci-

262 2213 314 2242 bus
336 2218 460 2243 mortuos
479 2211 652 2243 exsuscitari,
673 2211 799 2238 mundari
823 2211 967 2246 leprosos;
989 2219 1048 2238 om-

1099 1620 1334 1655 πολιτευόμενοι,
1352 1618 1545 1653 ῥυσθήσεσθε
1564 1619 1624 1654 μὲν
1639 1618 1699 1646 ἀπὸ
1725 1618 1782 1652 τῆς
1801 1617 1884 1651 ἐπερ-

1098 1663 1229 1699 χομένης
1256 1664 1290 1696 ἐξ
1334 1663 1463 1698 οὐρανοῦ
1497 1663 1560 1697 τοῖς
1596 1664 1740 1691 ἀσεϐέσιν
1775 1662 1882 1697 ὀργῆς·

1097 1709 1248 1744 ἀφθάρτου
1264 1709 1297 1737 δὲ
1312 1709 1404 1744 δόξης
1418 1710 1467 1737 καὶ
1484 1710 1603 1737 αἰωνίου
1626 1708 1883 1741 καταξιωθήσεσθε

1099 1755 1181 1790 ζωῆς.
1197 1757 1262 1784 Ἵνα
1282 1755 1317 1782 δὲ
1332 1755 1375 1791 μὴ
1406 1756 1504 1789 κενοῖς
1518 1756 1653 1792 ῥήμασιν
1676 1755 1884 1790 ἐξηπατῆσθαι

1097 1801 1232 1836 νομίζητε
1256 1803 1325 1836 παρ’
1354 1801 1447 1836 ἡμῶν,
1481 1801 1647 1836 προσάγετέ
1674 1810 1724 1836 μοι
1752 1800 1822 1835 τοὺς
1850 1800 1886 1827 ὲν

1097 1846 1169 1882 ὑμῖν
1182 1847 1410 1882 λελωϐημένους
1425 1847 1474 1873 καὶ
1489 1847 1647 1882 θεραπείας
1661 1840 1884 1880 ἐπιδεομὲνους,

1097 1893 1136 1920 ἵν’
1149 1892 1240 1926 ίδῆτε,
1256 1893 1297 1926 ὼς
1309 1895 1364 1921 οὐκ
1378 1894 1414 1920 ἐν
1424 1893 1503 1928 λόγῳ
1518 1893 1594 1928 πρὸς
1603 1892 1681 1928 ὑμᾶς
1686 1893 1793 1927 μόνον,
1804 1891 1885 1920 ἀλλὰ

1098 1939 1148 1966 καὶ
1163 1940 1199 1967 ἐν
1212 1939 1337 1975 δυνάμει
1353 1939 1432 1969 πολὺ
1444 1939 1565 1975 μᾶλλον
1583 1939 1603 1974 ἠ
1622 1939 1768 1972 ,Βασιλεία
1781 1937 1886 1974 ἐγγίζει

1097 1986 1152 2014 τοῦ
1166 1986 1251 2013 Θεοῦ.
1703 1982 1707 1988 ’

1132 2032 1236 2060 Αὐτίκα
1261 2033 1351 2060 τοίνυν
1377 2030 1412 2068 ἦν
1432 2033 1498 2069 ὁρᾷν
1524 2033 1593 2066 ἐκεῖ,
1608 2032 1734 2067 δαιμόνια
1754 2030 1826 2066 λόγῳ
1837 2030 1884 2057 τοῦ

1097 2078 1230 2113 Θεολόγου
1245 2078 1319 2114 μόνῳ
1330 2079 1385 2105 τῶν
1398 2078 1590 2114 δαιμονῶντων
1609 2077 1818 2113 δραπετεύοντα,
1831 2085 1884 2111 χω-

1097 2126 1160 2157 λοὺς
1173 2125 1403 2160 ἀνορθουμένους.
1417 2124 1534 2159 τυφλοὺς
1548 2123 1760 2158 φωτιζομὲνους,
1775 2122 1884 2155 κωφοὺς

1098 2170 1257 2202 ἀκούοντας,
1272 2170 1320 2196 καὶ
1335 2169 1495 2203 μογιλάλους
1510 2167 1616 2202 τρανῶς
1637 2166 1727 2193 λαλεῖν
1759 2166 1885 2193 παιδευο-

1101 2216 1207 2250 μένους.
1223 2212 1279 2241 *Ην
1299 2214 1365 2249 ὁρᾷν
1388 2213 1432 2239 διὰ
1457 2211 1612 2248 προσευχῆς
1634 2211 1829 2246 ἀνισταμένους
1843 2219 1887 2237 νε-

262 2266 380 2294 nemque
400 2258 526 2285 morbum
544 2265 577 2285 ac
600 2264 709 2285 omnem
727 2258 850 2292 corporis
872 2257 973 2288 labem,
989 2257 1047 2285 solo

1101 2262 1193 2298 κροὺς,
1208 2261 1423 2295 καθαιρομένους
1436 2258 1562 2294 λεπροὺς,
1581 2257 1628 2285 καὶ
1638 2258 1727 2285 πᾶσαν
1738 2257 1814 2284 νόσον
1839 2257 1886 2284 καὶ

263 2311 361 2331 manus
377 2307 478 2331 sancta:
493 2306 620 2330 contactu
638 2301 728 2329 sanari
745 2310 752 2328 :
769 2309 801 2329 ac
812 2301 923 2336 quidem
939 2309 1048 2329 omnem

262 2349 462 2385 prastigiarum
491 2348 679 2384 magicamque
707 2353 806 2380 artem,
833 2355 939 2376 necnon
965 2348 1048 2375 etiam

262 2397 417 2424 dsmonum
430 2404 510 2423 omne
521 2396 685 2424 maleﬁcium
702 2396 896 2430 astutiamque.
909 2402 959 2430 per
966 2394 1048 2422 Chri-

263 2441 297 2469 sti
312 2442 339 2469 in
354 2449 387 2469 eo
403 2441 552 2477 potentiam
565 2441 670 2469 destrui
690 2449 696 2468 :
713 2447 823 2468 omnem
839 2440 958 2474 denique
983 2440 1046 2467 illu-

262 2487 413 2515 minantem
434 2492 515 2522 atque
529 2491 692 2523 purgantem
717 2486 910 2520 initiationem,
924 2493 1048 2513 omnem-

262 2540 317 2568 que
343 2533 457 2567 gratiam
475 2541 508 2561 ae
525 2533 669 2561 scientiam
691 2536 900 2561 consecrantem
919 2539 952 2559 ac
968 2531 1048 2558 deiti-

263 2582 371 2605 cantem
395 2577 425 2605 in
446 2577 568 2605 ﬁdelium
589 2578 689 2606 animis
713 2578 846 2614 praastari.
860 2578 959 2605 Totum
975 2577 1049 2604 enim

262 2624 404 2655 Christum
417 2631 465 2660 per
479 2624 626 2652 Dominum
652 2623 785 2660 Spiritum
808 2623 1051 2658 prestantissimus

264 2669 385 2704 Spiritus
398 2669 572 2704 dispensator
593 2669 717 2702 indutus,
730 2676 791 2704 qua:
813 2669 885 2696 hosti
909 2668 1052 2703 undequa-

265 2722 320 2749 que
331 2714 471 2742 inaccessa
487 2718 580 2742 essent
591 2722 624 2742 ac
635 2714 769 2749 impervia
782 2714 895 2749 gerebat
907 2722 916 2747 ;
929 2719 1052 2741 rectum-

266 2767 320 2793 que
336 2767 445 2787 omnem
464 2760 587 2787 animum
605 2767 639 2787 ac
654 2760 721 2787 boni
742 2759 832 2787 fonna
849 2759 986 2787 imbutum
1003 2767 1052 2795 per

266 2805 399 2841 Spiritum
417 2807 578 2839 obsecrans,
599 2806 633 2834 ad
646 2815 707 2834 eam
722 2807 801 2841 cujus
819 2806 918 2834 doctor
931 2812 992 2835 erat
1007 2811 1049 2834 at-

267 2859 321 2887 que
334 2857 463 2885 assertor,
471 2853 630 2881 doctrinam
642 2852 834 2888 componebat.

302 2912 323 2928 “
339 2912 422 2940 licbr.
443 2915 504 2945 1,-2.
544 2915 566 2930 “
578 2915 649 2942 Ρδιιι.
668 2922 760 2947 xxxm,
773 2914 798 2941 6.
839 2913 861 2929 ³⁵
876 2913 954 2941 Joan.
972 2922 990 2945 ι,
1008 2914 1050 2941 14.

1096 2309 1186 2334 πᾶσαν
1206 2306 1331 2341 σώματος
1349 2304 1450 2340 λώϐην,
1475 2305 1532 2340 ἀφῇ
1549 2304 1618 2340 μόνῃ
1632 2303 1721 2339 χειρὸς
1735 2303 1810 2334 ὁσίας
1839 2304 1886 2329 ἰω-

1099 2353 1193 2388 μένην.
1207 2353 1263 2379 Καὶ
1277 2353 1369 2378 πᾶσαν
1384 2351 1433 2386 μὲν
1452 2352 1585 2386 γοητικὴν
1606 2351 1703 2385 τέχνην
1727 2350 1774 2377 καὶ
1806 2358 1887 2384 μαγι-

1095 2399 1157 2434 κὴν,
1166 2399 1255 2426 πᾶσαν
1270 2399 1298 2425 δὲ
1316 2399 1495 2434 κακοτεχνίαν
1507 2398 1556 2425 καὶ
1565 2397 1710 2432 δαιμονίων
1727 2405 1887 2432 κακομηχα-

1096 2446 1164 2477 νίαν,
1174 2444 1219 2471 διὰ
1228 2445 1276 2480 τῆς
1284 2445 1313 2471 ὲν
1320 2444 1393 2479 αὐτῷ
1400 2444 1446 2471 τοῦ
1458 2444 1576 2479 Χριστοῦ
1588 2443 1727 2478 δυνάμεως
1736 2450 1887 2477 καταργου-

1098 2490 1181 2526 μένην
1193 2498 1199 2504 δ
1207 2491 1296 2525 πᾶσαν
1309 2490 1337 2516 δὲ
1348 2489 1542 2524 μυσταγωγίαν
1555 2488 1720 2523 φωτιστικὴν
1730 2488 1777 2515 καὶ
1786 2488 1888 2522 καθαρ-

1096 2536 1188 2570 τικήν·
1202 2535 1292 2562 πᾶσαν
1302 2534 1331 2561 δὲ
1343 2535 1423 2570 χάριν
1433 2535 1479 2561 καὶ
1491 2534 1592 2568 γνῶσιν
1606 2531 1824 2567 τελετουργικὴν,
1838 2531 1886 2558 καὶ

1098 2580 1271 2616 Θεουργικὴν,
1280 2581 1340 2611 ταῖς
1351 2579 1475 2614 καρδίαις
1494 2578 1694 2614 ἐνεργουμένην
1704 2576 1758 2604 τῶν
1770 2576 1885 2603 πιστῶν.

1101 2627 1180 2653 Ὂλον
1191 2627 1244 2661 γὰρ
1260 2625 1306 2652 τὸν
1317 2624 1434 2661 Χριστὸν
1449 2625 1492 2652 διὰ
1507 2625 1553 2652 τοῦ
1578 2624 1683 2659 Κυρίου
1699 2623 1857 2658 Πνεῦματος
1873 2623 1887 2649 ό

1100 2671 1147 2699 τοῦ
1165 2671 1322 2712 Πνεύμμτος
1330 2671 1475 2706 κράτιστος
1490 2669 1722 2705 περισεσλημένος
1735 2668 1886 2703 οἰκονόμος,

1099 2717 1234 2752 ἀπρόσιτα
1244 2717 1291 2752 μὲν
1303 2716 1470 2751 πανταχόθεν
1485 2716 1532 2742 καὶ
1547 2715 1697 2742 ἁνεπίϐατα
1719 2714 1887 2742 κατεσκεύα-

1100 2763 1130 2795 ζε
1153 2763 1193 2798 τῷ
1220 2762 1310 2798 ἐχθρῷ
1324 2771 1332 2779 ·
1361 2763 1452 2789 πᾶσαν
1483 2761 1512 2788 δὲ
1524 2761 1613 2796 ψυχὴν
1628 2761 1736 2788 εὐθεῖαν
1748 2761 1797 2788 καὶ
1816 2761 1887 2793 ἀγα-

1101 2809 1191 2844 θοειδῆ
1215 2809 1260 2836 διὰ
1271 2809 1318 2836 τοῦ
1345 2809 1503 2843 Πνεύματος
1526 2807 1705 2842 παρακαλῶν,
1720 2829 1722 2831 .
1735 2808 1776 2838 εις
1795 2807 1843 2842 τὴν
1852 2805 1888 2833 δι’

1102 2855 1182 2882 αὑτὸν
1194 2855 1414 2890 πρεσϐευομένην
1427 2854 1556 2889 ἀλήθειαν
1571 2852 1781 2890 προσιεικειοῢτο.
