2072 3160
214 196 268 232 11⁸1

603 200 744 231 ORATIO
762 201 812 232 VI.
827 212 859 218 -
875 200 915 231 IN
935 200 1088 231 LAUDEM
1107 201 1137 231 S.
1157 201 1315 232 JOANNIS
1333 200 1469 246 EYANG.

1787 194 1837 227 118

251 258 344 288 Οὕτως
360 257 375 285 ὁ
390 257 476 293 μέγας
500 258 596 290 Ἥλιος
621 259 668 286 τοῦ
684 259 871 293 ΙΕὑαγγελίου,
896 260 925 286 οὐ
950 260 999 294 τὴν

1085 260 1115 286 in
1138 266 1201 287 eum
1228 259 1339 287 modum
1357 266 1471 293 magnus
1496 255 1638 291 Evangelii
1659 254 1717 288 Sor,
1735 255 1836 282 nedum

218 303 457 339 προκαθεζομένην
467 304 519 338 τῆς
527 305 623 336 Ἀσίας
642 305 733 340 μόνον,
748 305 816 332 ἀλλὰ
836 306 885 333 καὶ
910 305 1001 332 πᾶσαν

218 350 315 384 ἑφεξῆς
340 349 431 386 χώραν
459 351 507 377 καὶ
530 350 627 383 πόλιν,
659 351 706 378 τὸν
741 351 886 387 εἰρημένον
917 351 1002 378 τύπον

218 395 310 427 ἐπιὼν,
332 396 466 431 κατήργει
490 395 540 430 μὲν
562 397 652 423 πᾶσαν
679 396 813 432 δαιμόνων
838 397 932 425 θυσίαν
955 398 1002 424 καὶ

216 442 329 477 τελετήν
343 450 351 458 ·
377 442 510 477 ποιμένας
527 442 556 468 δὲ
582 443 631 469 καὶ
652 443 735 478 ἱερεῖς
758 443 906 476 καθιστὼν,
940 444 1001 470 Ἐκ-

215 487 332 522 κλησίας
346 487 418 514 κατὰ
435 487 517 514 τόπον
528 487 625 523 ἀνίστη
650 487 771 522 Χριστῷ.
799 487 937 515 unum
953 483 1002 522 μὲν

215 531 262 560 οὖν
272 532 311 568 τῷ
326 532 397 567 ἁγίῳ
409 533 550 567 Πνεύματι
564 533 612 559 καὶ
636 533 848 569 Θαυμασιώτατα
863 533 1002 560 διακονού-

215 588 297 614 μενος
307 587 314 594 ·
327 579 374 606 καὶ
395 579 501 615 μεγάλῃ
517 578 568 614 μὲν
581 579 612 605 λό
619 587 671 614 γων
689 580 782 616 σοφίᾳ,
800 579 904 615 μείζονι
918 580 947 606 δὲ
958 579 1003 615 ἔρ-

215 632 274 658 γων
291 624 405 660 δυνάμει
417 632 424 640 ο
437 625 485 651 καὶ
501 625 574 651 ἔτεσι
585 624 614 651 δὲ
627 624 734 657 πολλοῖς
759 625 811 660 ἠδη
839 625 889 660 τὴν
910 625 1003 652 Ἀσίαν

216 671 319 702 πᾶσαν,
344 670 392 697 καὶ
411 671 502 697 πᾶσαν
523 670 572 706 τὴν
594 670 681 705 Ἐῴαν
705 670 762 705 (l7)
781 669 907 705 φωτίζων
933 670 1002 705 Χρι-

217 717 290 752 στῷ·
308 718 355 744 καὶ
370 718 476 752 auom
502 718 551 753 μὲν
571 717 805 753 ὑπερϐαλλούσαις
831 718 909 749 ὅσαις
933 717 1003 752 ὑπὲρ

214 762 264 789 τοῦ
281 763 447 797 Εὐαγγελξου
462 763 619 798 περιπεσών
639 771 647 778 ·
681 763 780 798 μυρίας
791 763 819 790 δὲ
835 763 882 789 καὶ
895 762 1004 789 ἐπιϐου-

215 808 266 840 λὰς
290 809 347 840 τοῖς
368 808 415 835 τοῦ
443 808 557 844 ψεύδους
578 809 764 841 ὑπασπισταῖς
788 808 914 843 ὑποσχών
929 817 936 825 ·
963 807 1002 835 ἔτι

216 855 272 890 μὴν
291 856 339 881 καὶ
351 855 458 890 ὲξορίαν
480 855 551 883 κατὰ
566 856 676 890 Πάτμον
690 855 745 891 (18)
769 855 819 891 τὴν
849 855 930 890 νῆσον
951 854 1004 881 ὑπὸ

1053 306 1149 332 urbem
1182 306 1253 333 Asia:
1279 305 1443 340 principem,
1464 304 1513 331 sed
1531 308 1559 331 et
1574 310 1683 330 omnem
1707 301 1838 336 deinceps

1052 351 1222 386 provinciam
1242 351 1379 386 urbesque
1405 357 1501 378 omnes
1525 354 1554 376 ct
1576 349 1687 384 oppida,
1708 356 1742 375 ex
1765 347 1837 381 ejus,

1052 406 1134 433 quam
1149 398 1285 430 dicebam,
1301 405 1406 425 normae
1420 397 1537 428 ratione,
1561 396 1668 427 obiens,
1683 394 1838 421 daemonum

1052 445 1186 473 sacriﬁcia
1206 446 1298 472 omnia
1321 445 1444 478 ritusque
1471 442 1636 478 abrogabat;
1661 447 1839 476 pastoresque

1052 499 1085 519 ac
1099 491 1253 519 sacerdotes
1268 490 1449 522 constituens,
1464 489 1602 516 Ecclesias
1621 496 1668 522 per
1682 488 1742 515 loca
1756 487 1838 514 Chri—

1053 542 1096 566 sto
1109 537 1240 573 erigebat.
1256 536 1323 565 Cum
1340 537 1423 572 igitur
1445 537 1548 571 optime
1563 543 1659 570 eaque,
1678 542 1738 569 quae
1754 535 1838 561 mira-

1052 584 1145 611 culum
1168 591 1249 610 omne
1276 583 1411 614 vinceret,
1440 581 1597 613 sedulitate,
1620 579 1736 615 Spiritui
1757 579 1839 606 mini-

1053 633 1170 661 straret,
1195 636 1228 656 ac
1250 636 1348 664 magna
1369 627 1481 663 quidem
1509 634 1666 654 sermonum
1691 625 1837 659 sapientia,

1052 675 1204 710 majorique
1215 682 1330 710 operum
1347 674 1449 701 virtute
1465 682 1472 700 :
1486 672 1534 700 sed
1549 670 1576 699 et
1592 672 1671 699 annis
1692 672 1746 707 jam
1767 671 1839 698 mul-

1054 722 1089 749 tis
1103 721 1194 748 Asiam
1210 728 1331 753 omnem,
1346 728 1511 755 omnemque
1525 719 1660 747 orientem
1675 717 1777 745 Christi
1793 725 1839 745 eo-

1052 767 1174 802 gnitione
1192 767 1338 798 imbueret,
1351 769 1433 801 inque
1442 773 1579 793 aerumnas
1593 765 1710 792 nimium
1722 768 1838 799 quantas

1053 814 1192 849 Evangelii
1204 821 1284 841 causa
1302 812 1456 842 incidisset,
1469 812 1681 845 innumerasque
1691 810 1725 837 ab
1735 809 1838 837 erroris

1052 859 1220 887 antistitibus
1243 858 1356 887 insidias
1378 857 1571 890 sustinuisset,
1584 856 1617 884 ad
1631 856 1690 883 haec
1708 856 1791 883 etiam
1809 855 1838 882 in

253 933 310 968 (l7)
328 934 384 971 Kal
401 933 504 962 πᾶσαν
529 934 586 968 τὴν
598 934 710 971 γἘᾠαν.
736 935 814 971 Quod
832 935 870 963 ait
882 935 1000 971 Nicetas,
1015 931 1040 962 B
1054 937 1176 964 creditus
1197 938 1233 964 sit
1250 936 1386 971 posuisse.
1411 935 1476 962 dum
1508 933 1628 971 velpsibi
1644 933 1836 971 blandiuntur,

214 973 315 1005 praeter
325 969 417 996 Asiam
433 978 553 1001 omnem,
567 970 650 997 etiam
669 974 755 997 totum
769 970 908 998 Orientem
919 970 1001 998 Chri-

214 1010 259 1033 sto
279 1005 447 1032 illuminasse
455 1005 600 1036 Joannem,
618 1005 690 1032 favet
704 1005 778 1032 card.
806 1006 913 1032 Baronii
929 1011 999 1033 sent.

214 1048 261 1067 an.
273 1040 317 1070 44,
333 1047 362 1066 n.
374 1039 417 1072 50,
428 1040 476 1073 qui
494 1039 680 1067 indubitatum
694 1040 777 1069 habet
798 1041 953 1068 ascendisse
966 1041 1001 1068 ad

215 1075 344 1110 Parthos.
362 1081 395 1101 ex
421 1075 501 1109 titulo
520 1076 615 1109 prima:
630 1076 691 1109 ejus
713 1076 846 1109 epistolae.
860 1083 921 1110 quae
935 1076 1001 1103 olim

213 1110 248 1137 ad
274 1109 390 1136 Parthos
417 1109 550 1145 inscripta
575 1110 726 1145 legebatur.
757 1110 785 1137 ld
817 1109 908 1138 tamen
942 1119 1000 1138 rem

214 1145 281 1171 mihi
300 1152 354 1171 non
378 1144 498 1171 coniicit.
525 1145 641 1179 Scripsit
667 1145 769 1172 Paulus
792 1145 826 1172 ad
853 1145 1000 1178 Romanos.

213 1187 277 1206 cum
300 1179 417 1207 necdum
439 1179 499 1207 illos
510 1180 670 1210 invisisset;
700 1180 810 1214 scripsit
832 1184 860 1207 et
884 1180 1002 1208 Jacobus

212 1214 383 1242 Catholicam
407 1222 484 1241 suam
502 1215 543 1242 sic
552 1215 685 1249 dispersis
702 1215 843 1246 fratribus,
861 1223 931 1249 quos
946 1224 1001 1242 non

213 1249 329 1285 adierat,
346 1250 392 1284 qui
406 1249 506 1277 Judm
521 1250 590 1277 ﬁnes
608 1258 663 1277 non
675 1255 839 1277 excesserat.
855 1250 925 1283 Quid
936 1259 1001 1285 ergo

213 1289 288 1312 vetat
316 1284 450 1312 Joannem
472 1285 540 1312 tanti
569 1284 688 1312 nominis
709 1285 876 1319 apostolum,
900 1284 1001 1314 Judaeis

214 1320 255 1347 sic
279 1324 356 1346 trans
374 1319 542 1354 Euphratem
556 1320 680 1352 remotis,
703 1328 772 1354 quos
791 1320 910 1347 Thomas
929 1320 1002 1348 invi-

213 1359 297 1385 serat,
317 1359 345 1382 et
358 1362 477 1389 quorum
503 1355 607 1382 multos
629 1355 748 1382 Joannes
775 1355 950 1390 Jerosolymis
963 1355 1003 1382 vi-

213 1390 312 1422 derat,
349 1389 492 1422 religionis
514 1397 596 1417 causa
618 1389 845 1423 eoaccedentes,
871 1389 922 1424 per
936 1398 1002 1419 suos

215 1425 332 1460 Asianos
343 1429 372 1452 et
396 1425 527 1459 Ephesios
541 1429 709 1452 mercatores
721 1425 854 1457 scribere,
870 1429 952 1460 atque
967 1425 1001 1453 ad

214 1459 587 1496 concordiampmutuumque
600 1467 721 1496 amorem
731 1460 846 1492 hortari,
861 1467 893 1487 ac
902 1460 931 1487 in
948 1460 1002 1488 ﬁde

212 1495 275 1523 Jesu
301 1495 359 1522 veri
382 1495 486 1523 Messite
511 1500 539 1522 et
566 1495 685 1527 Christi,
710 1502 744 1522 ex
767 1495 919 1530 apostolico
943 1503 1002 1523 mu-

212 1537 278 1557 nere
292 1530 336 1564 (ex
343 1538 461 1564 quorum
474 1530 559 1557 choro
574 1538 645 1558 unus
657 1530 713 1557 fere
726 1531 784 1564 ipse
799 1530 930 1563 restabat)
941 1531 1002 1559 illos

212 1565 401 1593 conﬁrmare?
415 1566 494 1600 Ηυςο
507 1566 618 1593 Grotius
628 1585 636 1598 ,
659 1566 703 1592 cui
717 1570 805 1592 ratum
819 1566 855 1593 sit
871 1566 1001 1600 scriptam

1051 973 1094 999 vel
1108 980 1157 1007 per
1171 969 1257 998 alium
1273 971 1327 999 illis
1353 971 1472 1007 obrepit.
1493 969 1632 1007 quod_sic
1658 969 1834 1007 existimant:

1051 1004 1126 1035 velut
1136 1007 1193 1034 fere
1205 1007 1300 1034 Galliis
1310 1006 1411 1033 nostris
1423 1004 1497 1032 idem
1513 1004 1686 1032 beatissimus
1697 1004 1837 1038 apostolus

1051 1050 1174 1078 persuos
1191 1041 1334 1078 suppetias
1358 1041 1417 1078 ivit,
1441 1040 1591 1078 vcl_etiam_
1609 1047 1658 1078 per
1683 1039 1836 1078 discipulo-

1052 1074 1112 1104 rum
1128 1074 1253 1104 suorum
1268 1076 1435 1111 discipulos,
1453 1075 1499 1110 qui
1510 1074 1641 1111 praecipui
1659 1074 1754 1111 nobis‘
1771 1082 1837 1111 apo-

1052 1085 1112 1104 rum
1128 1084 1240 1104 suorum
1268 1083 1435 1111 discipulos,
1453 1083 1641 1136 quiprrecipui
1659 1083 1739 1101 lIODlS
1771 1083 1837 1108 apo-

1052 1113 1114 1140 stoli
1131 1111 1256 1139 fuerunt.
1284 1112 1382 1138 Mirum
1396 1115 1497 1145 quanta
1531 1110 1555 1137 ie
1566 1117 1676 1143 quoque
1694 1109 1756 1145 novi
1782 1109 1838 1143 βιο-

1053 1148 1163 1183 γράφοι,
1193 1154 1310 1181 quorum
1336 1144 1460 1183 deberet_
1477 1152 1538 1172 esse
1568 1144 1655 1183 major
1683 1144 1836 1179 diligentia,

1053 1179 1146 1216 inepte
1173 1179 1322 1217 congeram
1344 1185 1372 1208 et
1397 1180 1541 1217 [audenti
1561 1179 1663 1214 quibus
1683 1185 1758 1207 certe
1781 1187 1837 1217 _pro

1052 1215 1207 1245 scribendis
1229 1215 1401 1244 exercendus
1415 1215 1469 1242 illis
1491 1215 1588 1250 stylus,
1606 1222 1662 1242 non
1682 1215 1835 1250 augendus.

1052 1252 1144 1279 Scatet
1157 1251 1304 1286 ejusmodi,
1319 1251 1366 1286 qui
1380 1251 1408 1278 in
1419 1249 1687 1286 omniummanibus
1698 1254 1835 1286 versatur,

1052 1288 1082 1315 P.
1099 1284 1302 1315 Ribadeneira:
1328 1284 1474 1321 possetque
1504 1285 1601 1319 majori
1627 1284 1746 1312 utilitate
1773 1285 1836 1321 legi.

1052 1322 1187 1359 sicuncta
1201 1319 1385 1359 satiselimata
1400 1319 1524 1352 haberet,
1546 1325 1577 1359 _et
1588 1323 1720 1359 quantum
1734 1319 1837 1354 patitur

1051 1357 1196 1384 lubricitas
1213 1357 1270 1391 ipsa
1283 1356 1416 1388 historia,
1430 1355 1582 1390 praesertim
1598 1354 1635 1382 'in
1652 1354 1837 1391 vitis_sancto-

1052 1400 1124 1423 rum,
1144 1389 1245 1426 quibus
1264 1391 1398 1419 fmdandis
1407 1389 1499 1426 potius
1510 1397 1591 1425 quam
1611 1389 1837 1426 ornandisqpor-

1052 1424 1160 1455 tentosa
1170 1427 1254 1454 multa
1267 1424 1458 1461 contingendo,
1470 1424 1548 1461 multi
1560 1429 1683 1461 veterum
1700 1424 1837 1461 pauloque

1053 1462 1204 1497 superioris
1230 1462 1281 1488 aevi
1306 1459 1448 1497 insudasse
1473 1459 1720 1497 videntur.._Qu0dA
1735 1459 1833 1497 merito

1053 1493 1187 1531 deplorat,
1202 1496 1259 1531 ipse
1273 1495 1332 1523 veri
1343 1502 1438 1523 amans
1449 1499 1542 1531 noster
1556 1494 1688 1521 illelchior
1698 1493 1792 1531 Canus
1808 1494 1836 1521 in

1052 1528 1126 1559 Locis
1149 1528 1220 1559 suis:
1243 1531 1374 1565 Exemplo
1398 1530 1444 1562 sit,
1466 1530 1539 1565 quod
1565 1537 1652 1556 unum
1679 1528 1731 1565 viri
1743 1533 1836 1565 tantus

1052 1567 1129 1594 velut
1144 1567 1283 1602 singulare
1294 1563 1484 1602 etimaiiimuni
1499 1564 1682 1602 miraculum_,_
1699 1563 1750 1591 sibi
1767 1564 1836 1602 refe-

212 1600 324 1642 Joaqnis
344 1598 490 1642 epistolam
507 1600 558 1642 lad_
574 1600 713 1642 Parthos,_
725 1600 889 1642 auctoritate
907 1598 1000 1635 A'ugu-
1013 1604 1034 1636 ρ
1052 1602 1167 1642 nendum
1180 1598 1323 1642 ipptavith
1334 1600 1643 1642 iis-liagdalena'nostra
1654 1598 1797 1642 Phocensi
1807 1603 1836 1626 et

213 1635 288 1666 stini,
304 1643 388 1670 quem
397 1635 491 1663 laudat
503 1636 594 1670 (cujus
605 1641 694 1662 tamen
706 1635 795 1663 locum
809 1635 930 1663 indicare
944 1643 999 1663 non

212 1671 322 1705 potuit),
335 1671 418 1697 docet
441 1678 501 1698 eam
524 1678 584 1698 esse
601 1678 722 1699 causam.
747 1678 797 1697 cur
809 1671 853 1697 illa
869 1678 957 1705 neque
971 1671 1000 1698 in

214 1704 302 1733 fronte
325 1713 427 1732 nomen
451 1705 618 1739 titulumque
643 1705 757 1740 apostoli
782 1705 892 1737 habeat,
909 1704 999 1740 neque

214 1740 241 1766 in
271 1740 325 1767 [ine
359 1741 540 1768 salutationes
563 1740 706 1775 apostolici
738 1741 823 1767 moris
847 1741 998 1773 contineat,

213 1775 286 1809 quod
299 1775 333 1803 ad
350 1783 399 1802 eos
415 1776 526 1810 scripta,
546 1776 592 1810 qui
609 1783 663 1802 non
675 1780 769 1802 essent
783 1775 898 1802 Romani
911 1776 1000 1810 impe-

214 1811 259 1839 rii.
272 1810 320 1837 sed
346 1810 523 1843 Parthorum,
555 1811 721 1845 quibuscum
750 1810 906 1837 litterarum
931 1810 999 1838 illud

213 1846 425 1877 commercium,
447 1846 469 1872 si
486 1845 688 1880 deprehensum
717 1850 800 1877 esset,
823 1846 1000 1880 quantumvis

214 1879 355 1915 innocens.
382 1883 490 1914 poterat
502 1879 584 1915 grave
606 1879 719 1915 aliquod
743 1879 874 1907 damnum
891 1888 996 1908 creare.

213 1914 302 1950 Locus
313 1915 459 1950 Augustini
486 1914 541 1950 quo
557 1915 712 1942 meminerit
724 1915 806 1949 hujus
821 1915 908 1947 tituli,
935 1916 997 1942 nul—

213 1949 257 1976 lus
267 1955 357 1977 exstat
371 1958 378 1977 :
406 1949 502 1977 solum
515 1950 642 1977 meminit
652 1950 757 1977 Possid.
769 1951 795 1977 in
809 1950 943 1983 Indiculo,
963 1950 998 1977 De

214 1985 324 2019 epistola
347 1985 460 2012 Joannis
479 1986 514 2012 ad
537 1985 660 2017 Parthos,
685 1993 818 2012 sermones
835 1985 933 2012 decem.
963 1986 998 2012 At

213 2024 347 2054 quantum
360 2021 413 2046 hoc
425 2021 462 2047 sit
473 2021 625 2055 singulare,
642 2024 672 2047 ut
685 2028 768 2047 verus
780 2020 878 2047 titulus
902 2020 996 2048 haberi

214 2056 325 2089 possit?
353 2055 486 2082 Videatur
509 2056 600 2090 potius
620 2062 652 2082 ea
684 2055 862 2089 generalitate
885 2055 996 2090 scripta,

213 2097 265 2124 qua
279 2089 339 2118 alia:
351 2090 499 2117 Catholicae
510 2089 589 2117 Petri
609 2094 636 2117 et
658 2090 762 2118 Jacobi.
788 2090 880 2117 Potuit
906 2089 999 2118 ct'no—

213 2132 275 2152 men
291 2126 407 2152 reticere
427 2125 524 2152 beatus
545 2126 674 2157 Joannes,
690 2125 825 2159 siquidem
852 2125 881 2152 in
900 2125 995 2153 Patmo

213 2159 303 2196 insula
314 2161 397 2196 paulo
416 2165 479 2187 ante
496 2161 634 2196 excidium
642 2160 916 2196 Jerosolymitanum
930 2161 997 2187 scri-

212 2195 277 2229 psit,
300 2194 336 2222 ne
359 2195 387 2222 in
409 2196 536 2229 semagis
548 2195 696 2222 Domitiani
720 2194 789 2228 iram
815 2194 996 2229 accenderet;

212 2230 286 2264 apud
297 2238 379 2264 quem
392 2230 448 2265 jam
473 2229 636 2262 oﬁ‘enderat,
659 2234 688 2258 et
709 2230 737 2257 in
761 2230 877 2257 insulam
899 2229 999 2264 depor-

214 2269 381 2309 iatpsuerat.
400 2266 485 2309 Porro
502 2271 692 2309 argumentum
707 2265 822 2309 perinde
847 2265 998 2309 Palaestinis
1013 2281 1035 2309 Β

211 2299 314 2327 Judazis
326 2299 457 2335 congruit
480 2308 513 2327 ac
526 2299 671 2332 Parthicis,
696 2301 754 2328 sive
765 2300 827 2327 aliis
839 2301 997 2328 remotiori-

212 2335 276 2367 bus,
297 2335 369 2369 apud
398 2342 468 2369 quos
479 2335 598 2362 Joannes
614 2335 762 2370 plurimum
776 2340 882 2370 poterat
903 2335 996 2370 :quod

212 2377 277 2405 erga
299 2370 370 2402 illos,
388 2375 418 2397 et
427 2370 520 2432 (quoad
537 2370 633 2405 legalia
660 2370 718 2398 fere
748 2371 781 2397 iis
810 2370 996 2405 indulgentior

212 2410 283 2432 erat.
312 2409 342 2431 ut
360 2405 400 2432 sic
450 2404 537 2432 hristo
553 2413 601 2432 eos
624 2405 799 2432 adiungeret:
818 2409 849 2432 ut
874 2410 948 2432 natet
959 2413 993 2432 ex

212 2404 283 2437 erat,
312 2409 342 2431 ut
360 2405 400 2432 sic
427 2404 537 2432 Christo
553 2404 601 2433 eos
624 2405 799 2440 adjungeret;
818 2409 849 2432 ut
874 2404 948 2440 patet
959 2413 993 2433 ex

212 2440 277 2481 illis,
297 2441 451 2481 quauritus
471 2440 670 2481 pene-Judaici
694 2440 722 2481 in
749 2440 813 2481 Asia
828 2440 883 2481 diq
901 2440 996 2481 vigue-

211 2479 277 2502 runt
300 2483 334 2502 ex
364 2475 439 2510 illius
469 2476 634 2508 traditione,
665 2480 740 2502 extra
768 2475 840 2502 Petri
865 2475 996 2510 Paulique

211 2510 305 2537 Romae
326 2509 478 2544 ἀκρίϐειαν.
494 2510 608 2538 Joannis
631 2511 813 2544 apostolatum
826 2510 860 2537 ad
880 2509 996 2538 Parthos

211 2545 334 2579 aliasque
349 2546 512 2573 remotiores
527 2546 661 2577 nationes,
678 2546 745 2572 nulli
770 2550 893 2572 veterum
910 2553 996 2580 agno-

211 2586 332 2612 verunt,
355 2587 407 2607 nec
431 2580 482 2615 ipsi
506 2581 678 2616 rapocryphi,
702 2585 730 2608 et
748 2580 896 2616 quiﬁadeo
923 2580 994 2608 libe—

211 2615 285 2642 rales
316 2619 383 2642 sunt
399 2615 603 2651 apostolorum
614 2615 766 2651 περιόδοις.
802 2615 858 2642 Nec
882 2615 994 2651 inventa

210 2650 458 2691 quperfatribus
476 2650 621 2691 societatis
639 2655 815 2691 monumenta
826 2670 834 2682 ,
859 2650 995 2691 ulteriores

211 2683 325 2721 Orientis
337 2691 427 2720 parte:
434 2689 460 2712 ct
474 2686 508 2721 ad
521 2686 601 2713 Indos
614 2694 694 2721 usque
707 2690 869 2721 penetrasse,
884 2690 907 2712 el
927 2685 994 2713 Bas-

210 2728 284 2746 sorua
299 2720 452 2747 Christiana
469 2720 521 2753 ﬁde
537 2720 668 2752 imbuisse,
694 2721 772 2748 facile
785 2720 866 2747 nobis
883 2728 995 2754 persua~

209 2755 304 2790 deam,
321 2756 368 2789 qui
385 2756 466 2790 paulo
481 2755 607 2783 duriores
630 2756 717 2783 simus
735 2756 769 2782 ad
790 2754 882 2787 ﬁdem,
911 2763 994 2789 quam

211 2789 252 2825 ill.
267 2789 408 2818 annalium
418 2795 506 2825 pater,
517 2796 545 2818 et
555 2799 624 2825 quos
634 2799 690 2818 non
697 2791 780 2818 lateat
791 2790 864 2817 serio
876 2791 995 2824 proban-

209 2823 244 2852 da
264 2823 425 2853 istiusmodi
440 2823 630 2858 monumenta,
645 2826 718 2861 quod
743 2826 783 2852 sic
806 2823 891 2859 prona
908 2825 994 2852 homi-

211 2867 275 2895 num
291 2860 412 2895 ingenia,
442 2867 471 2889 ut
495 2869 560 2889 suas
574 2861 695 2895 origines
706 2866 759 2887 tam
775 2861 828 2887 alte
841 2865 992 2887 arcessant.

212 2893 364 2922 Potuerunt
380 2904 414 2923 eo
438 2901 583 2930 penetrare
607 2893 691 2930 aliqui
716 2895 830 2922 Joannis
854 2895 992 2930 discipuli,

212 2938 242 2957 ac
255 2931 377 2966 magistri
393 2929 496 2959 inferre
510 2929 698 2964 monumenta,
713 2939 773 2966 qua:
787 2930 845 2965 ipse
856 2929 993 2965 indigenis

1052 1633 1334 1668 Sammaxiinianensi,
1346 1633 1471 1669 nihilque
1485 1635 1600 1662 dubium
1617 1643 1624 1661 :
1653 1642 1752 1668 nempe
1764 1633 1834 1669 libe-

1051 1672 1122 1699 ralio
1136 1671 1226 1700 Caroli
1240 1671 1366 1702 secundi,
1398 1668 1550 1698 Provincia:
1566 1669 1685 1699 comitis,
1705 1676 1737 1696 ex
1763 1668 1835 1704 regis

1049 1707 1206 1742 Aragonum
1223 1714 1348 1742 carcere,
1357 1706 1474 1742 ejusque
1494 1709 1633 1742 momento
1648 1703 1790 1742 translatio
1808 1704 1834 1731 in

1051 1738 1241 1769 suae'ditionis
1251 1741 1321 1772 loca,
1341 1738 1506 1775 Magdalenaz
1528 1739 1758 1775 numinezrvelut
1776 1738 1834 1766 fere
1881 1755 1888 1765 1

1050 1777 1176 1804 Habacuc
1188 1784 1221 1804 ex
1232 1776 1324 1804 Judzea
1341 1773 1505 1810 Babylonem
1527 1775 1562 1802 ad
1574 1774 1715 1802 Danielcm
1735 1773 1768 1800 ab
1786 1781 1835 1810 an-

1049 1813 1110 1847 gelo
1120 1812 1267 1840 translatus
1279 1815 1321 1838 est
1337 1809 1430 1847 :quod
1449 1818 1554 1837 merum
1571 1810 1738 1847 ﬁgmentum,
1750 1809 1833 1847 certis

1049 1844 1178 1874 omnibus
1192 1844 1380 1873 monumentis
1398 1845 1553 1876 adversum,
1572 1844 1623 1872 nec
1638 1844 1700 1871 ullis
1713 1844 1834 1879 antiquis

1049 1886 1078 1909 et
1089 1882 1240 1917 aequalibus
1251 1881 1404 1916 proditum,
1415 1881 1457 1908 vel
1472 1880 1555 1908 etiam
1570 1880 1728 1917 apostolicis
1742 1878 1833 1917 diplo-

1049 1915 1178 1947 matibus,
1194 1915 1294 1951 quibus
1311 1923 1404 1951 regum
1416 1919 1521 1951 rogatu,
1535 1915 1702 1951 amplissima
1728 1915 1834 1948 cpisco-

1049 1952 1119 1987 palis
1131 1950 1286 1986 jurisdictio
1305 1950 1505 1987 inproppidanos
1522 1950 1607 1987 priori
1629 1950 1693 1987 ejus
1713 1957 1833 1976 conven-

1050 1984 1095 2014 tus
1118 1984 1168 2014 seu
1189 1986 1262 2014 illius
1278 1984 1417 2020 praefecto.
1443 1989 1536 2020 sancte
1561 1984 1665 2011 indulta
1677 1988 1723 2020 tot
1734 1991 1832 2020 annos,

1049 2026 1077 2048 et
1090 2022 1124 2048 ab
1141 2021 1198 2056 ipsa
1222 2018 1339 2056 origine,
1361 2027 1409 2047 seu
1420 2027 1435 2046 a
1453 2019 1655 2056 translationea
1670 2018 1832 2046 Cassianitis

1048 2056 1082 2083 ad
1102 2053 1211 2083 nostros
1224 2053 1420 2082 Praedicatores
1445 2054 1618 2084 constiterat,
1638 2053 1725 2080 donec
1746 2061 1834 2088 nuper

1048 2099 1082 2119 ex
1099 2091 1202 2126 regulis
1211 2094 1312 2118 sancta:
1332 2089 1428 2125 synodi
1454 2088 1630 2126 Tridentinus,
1658 2093 1770 2126 senatus
1783 2089 1834 2115 Pa-

1047 2123 1173 2154 risiensis
1189 2126 1311 2156 decreto,
1333 2123 1387 2152 ein.
1400 2123 1475 2152 card.
1492 2123 1635 2155 Grimaldi,
1651 2123 1834 2157 archiepisco—

1047 2169 1099 2196 pus
1123 2160 1268 2196 Aquensis,
1292 2167 1352 2196 eam
1376 2159 1410 2186 ad
1432 2167 1461 2186 se
1483 2158 1640 2196 parochiam
1669 2158 1833 2196 plebemque

1047 2193 1172 2229 reduxit;
1199 2199 1309 2223 servato
1331 2195 1464 2222 duntaxat
1477 2193 1579 2220 nostris
1602 2193 1774 2228 parochiseu
1783 2201 1833 2220 cu-

1048 2231 1134 2259 rionis
1145 2231 1256 2258 nomine
1272 2235 1353 2265 atque
1365 2237 1449 2257 onere
1467 2237 1474 2255 :
1492 2236 1546 2264 quo
1573 2229 1788 2265 ipsepraestaret
1799 2229 1832 2255 li-

1049 2266 1161 2294 beratos
1178 2273 1248 2298 esse,
1263 2265 1286 2293 si
1309 2263 1416 2300 ‘populo
1431 2271 1480 2293 sua
1502 2263 1577 2291 esset
1589 2263 1715 2300 ecclesia,
1738 2264 1765 2291 in
1778 2271 1833 2297 qua

1049 2309 1112 2328 cum
1134 2309 1185 2328 suo
1208 2299 1330 2335 parocho
1343 2300 1368 2327 ei
1395 2299 1569 2335 liceretsuas
1590 2299 1719 2335 collectas
1739 2306 1831 2335 agere-

1047 2336 1166 2368 Nicetas,
1196 2331 1270 2371 quod
1294 2336 1385 2371 πᾶσαν
1405 2331 1538 2371 τὴνβΕω,
1555 2331 1834 2371 νᾳτηηεηι-ηονὶὡμιρνη

1048 2371 1115 2399 dicit
1131 2368 1281 2398 illustrasse
1291 2370 1435 2403 Joannem,
1457 2369 1518 2396 loca
1538 2368 1593 2395 alia
1613 2368 1747 2403 intelligat
1762 2368 1833 2396 Asia:

1047 2390 1435 2435 EiFi'c'ié"Ti°i'c'i2emvi&i12.“2'i
1447 2390 1518 2438 si;
1536 2390 1595 2438 ἦ)ὲὲ
1613 2390 1832 2438 ’έῆξ””·ιῖνᾶτοῑῆξ

1046 2445 1158 2469 essent:
1190 2441 1232 2468 vel
1245 2441 1297 2468 alia
1316 2440 1341 2468 ei
1353 2437 1463 2466 fuerant
1482 2437 1619 2465 atferenda
1644 2443 1830 2465 monumenta.

1083 2476 1138 2511 (I8)
1147 2476 1280 2510 Ἐξορίαν
1293 2476 1368 2502 κατὰ
1382 2474 1510 2511 Πάζμον.
1524 2473 1610 2511 Hujus
1618 2473 1730 2500 Joannis
1744 2473 1832 2511 exsilii

1045 2508 1202 2539 Domitiano
1209 2508 1349 2546 principe,
1362 2517 1416 2546 quo
1433 2509 1521 2536 Nerva
1535 2508 1830 2546 imperatoresolutus,

1046 2546 1186 2581 Ephesum
1203 2542 1326 2579 redierit,
1343 2542 1508 2581 scriptores
1530 2551 1631 2581 omnes
1652 2542 1831 2581 ecclesiastici

1046 2578 1197 2609 meminere
1209 2590 1216 2608 ς
1243 2589 1292 2615 per
1306 2580 1384 2615 cujus
1398 2578 1486 2607 eisilii
1495 2578 1708 2615 otiumialiquord
1721 2581 1830 2605 sanctus

1046 2589 1197 2609 meminere
1209 2590 1216 2608 z
1262 2589 1292 2608 er
1306 2589 1384 2615 cujus
1398 2589 1486 2607 exsnu
1496 2589 1584 2606 ouum
1598 2589 1708 2613 ullquuu
1721 2589 1830 2605 saltu-us

1046 2617 1187 2652 apostolus
1198 2620 1225 2643 et
1238 2589 1429 2652 Epocalypsim
1439 2614 1564 2652 ividit,_ei
1578 2614 1752 2652 Evangelium
1764 2619 1830 2652 con-

1046 2623 1187 2651 apostolus
1198 2623 1225 2643 et
1238 2623 1338 2651 Apocai
1359 2623 1429 2649 psum
1445 2623 1525 2646 νιαιι,
1536 2623 1564 2641 et
1578 2623 1752 2648 nvangeuuﬂl
1764 2623 1830 2639 cuu-

1046 2651 1165 2686 scripsit,
1183 2657 1331 2686 posteaque
1342 2623 1446 2685 Ephesi
1464 2650 1502 2686 in
1518 2649 1588 2676 Asia:
1604 2648 1711 2686 theatro
1723 2652 1751 2686 et
1767 2646 1830 2686 phi-

1045 2681 1222 2721 losopho-rum
1238 2681 1470 2725 communiquasi
1483 2685 1566 2725 lycaao
1578 2683 1762 2725 promulgavii
1775 2690 1782 2708 :
1803 2681 1829 2708 in

1045 2717 1127 2755 quam
1137 2729 1193 2748 rem
1207 2722 1318 2748 memini
1336 2717 1420 2748 multa
1446 2717 1587 2755 scripsisse
1612 2719 1640 2744 in
1653 2717 1713 2746 mea
1731 2717 1830 2752 llippo—

1045 2756 1093 2791 lyti
1107 2756 1234 2791 Synopsi,
1247 2764 1362 2791 eamque
1382 2761 1506 2783 veterum
1519 2760 1693 2792 communem
1718 2757 1830 2792 senten-

1046 2788 1111 2827 tiam
1128 2788 1221 2818 contra
1236 2792 1274 2819 ill.
1289 2788 1428 2819 annalium
1453 2794 1558 2827 patrem
1574 2788 1646 2814 serio
1663 2788 1827 2827 qsteiidisse.

1044 2826 1130 2853 Graeci
1155 2827 1183 2853 in
1207 2827 1316 2854 Menaeis
1335 2829 1406 2860 (qua:
1427 2821 1462 2852 ex'
1476 2823 1623 2861 Prochpro2
1655 2821 1716 2861 aliis
1734 2826 1826 2861 tamen

1044 2868 1164 2897 consona
1173 2856 1343 2896 περιερριήιιιί
1353 2856 1362 2887 ἕ
1370 2861 1484 2897 Πάνςων
1496 2859 1524 2897 δὲ
1535 2857 1588 2897 τῷν
1599 2856 1646 2890 τὴν
1657 2857 1739 2897 γῆσον
1750 2858 1829 2882 ἐπει-

1045 2896 1163 2923 κούντων
1179 2893 1335 2931 new-mima
1347 2896 1386 2930 τῷ
1411 2893 1579 2931 ξὺᾳγγελεκῷ
1595 2893 1751 2931 δξηρύγματι
1778 2899 1827 2931 γεε-

1045 2931 1165 2966 νομένων
1182 2940 1188 2946 '
1202 2926 1258 2958 καῖ
1270 2931 1307 2965 τῷ
1321 2926 1430 2964 Χρίστῷ
1442 2926 1489 2955 διᾶ
1507 2928 1557 2962 τῆς
1577 2926 1694 2958 πίστεως
1709 2926 1827 2962 προσελ-
