2072 3160
185 185 232 220 121

577 189 719 221 ORATIO
736 190 786 221 VI.
799 203 836 210 ·-
849 190 892 222 ΙΝ
907 191 1064 223 LAUDEM
1083 193 1113 223 S.
1133 192 1293 225 JOANNIS
1311 193 1446 225 EVANG.

1765 191 1818 227 122

182 242 286 278 Κόριον
301 242 406 271 εἴσοδον
414 242 578 278 ἐγγίζουσαν
590 244 723 272 ·συνιδὼν
736 244 764 271 δὲ
783 245 830 272 καὶ
848 245 895 272 τὸν
908 246 971 281 χρό-

1025 247 1113 280 deret.
1131 255 1163 276 ac
1178 248 1206 276 in
1218 248 1346 283 proximo
1356 255 1417 276 esse
1434 252 1466 276 ut
1477 247 1511 276 ad
1529 247 1675 276 Dominum
1689 249 1816 285 ingrede-

186 288 280 320 vovr'o;
293 288 446 316 δεινότατον
456 289 521 316 ὄντα
545 289 631 325 λήθης
656 290 747 326 βυθοϊς
773 292 914 327 ἀμαυροῦν
941 292 976 320 τὰ

184 335 266 368 καλὰ,
281 335 457 371 κινεῖταιμὲν
473 336 651 371 ἀγαθοειδῶς.
673 337 705 364 τὸ
726 337 777 372 τῆς
806 337 976 372 αὐτοαγαθό-

185 389 266 416 τητος
280 381 423 417 ἔσοπτρον,
431 382 502 418 ὑπὲρ
512 383 562 418 τῆς
581 383 658 418 ἱερᾶς
672 383 717 410 τοῦ
727 383 896 418 Εὺαγγελίου
907 392 977 419 γρα-

185 427 239 462 φῆς
254 435 262 443 ο
275 428 390 455 κινεῖται
403 428 432 456 δὲ
450 428 519 463 πρὸς
543 428 633 464 ἔρωτα
653 428 792 464 θεολογίας
807 429 974 464 ὑπερφυοῦς,

187 473 241 500 ὑπό
255 482 287 501 τε
300 473 349 500 τοῦ
364 474 529 505 ἐνοικοῦντος
542 474 609 502 Θεοῦ
624 474 723 509 Λόγου,
741 475 789 503 καὶ
810 475 865 502 τῶν
885 484 978 502 πιστο-

184 520 273 546 τάτων
287 520 337 554 τῆς
352 520 515 556 Ἐχκλησίας
530 520 742 556 λιπαρούμενος.

1029 297 1125 326 retur;
1139 293 1351 328 intelligensque
1367 293 1423 321 vim
1437 293 1584 321 maximam
1600 294 1733 329 temporis
1744 303 1816 327 esse.

1023 339 1057 367 ad
1078 347 1110 367 ea
1131 347 1192 375 quae
1214 340 1287 368 bona
1304 347 1336 368 ac
1357 340 1474 368 honesta
1495 345 1571 374 sunt,
1594 341 1742 370 oblivionis
1762 343 1818 371 alto

1024 385 1131 421 gurgite
1145 386 1294 421 mergendo
1315 394 1348 414 ac
1371 386 1517 420 abolenda,
1531 387 1674 420 incitatur,
1688 396 1743 423 qua
1764 389 1818 416 im-

1024 431 1109 459 butus
1128 435 1198 463 erat,
1223 432 1289 459 boni
1305 432 1410 464 indole,
1428 432 1476 467 qui
1501 432 1589 468 ipsius
1602 441 1668 461 vere
1683 433 1817 461 bonitatis

1025 477 1168 512 speculum
1183 482 1267 509 esset.
1287 478 1320 505 ad
1335 478 1570 506 conscribendum
1587 483 1712 506 sanctum
1727 479 1818 507 Evan-

1025 522 1137 558 gelium,
1161 523 1365 559 iuardcscilque
1388 523 1416 551 in
1439 524 1548 551 eximiae
1571 525 1715 560 theologiw
1740 532 1818 552 amo-

184 573 254 597 rem.
272 570 330 593 tum
343 566 390 594 Dei
405 566 487 594 Verbi
505 566 688 596 inhabitantis
716 566 860 601 instinctu,
883 572 943 594 tum
959 574 1054 595 eorum
1071 569 1119 604 qui
1135 569 1287 597 ﬁdelissimi
1321 569 1350 598 in
1381 570 1504 598 Ecclesia
1518 574 1608 604 erant,
1631 571 1760 606 precibus
1775 576 1818 599 at-

184 612 238 648 (jue
251 616 358 648 rogatu.
885 648 891 652 γ

226 657 362 693 Ἐντυχὼν
387 657 416 684 δὲ
434 657 492 690 τοῖς
505 657 559 693 πρὸ
581 657 665 684 αὑτοῦ
680 657 771 694 τρισὶν
788 657 975 692 Εὐαγγελίοις,

183 702 233 729 καὶ
260 703 326 738 περὶ
352 702 392 737 τῷ
416 702 565 738 σωματικῷ
588 703 636 730 τοῦ
649 703 768 739 Χριστοῦ
780 703 879 739 μᾶλλον
893 712 976 737 προσ-

183 749 375 784 ησχολημένην
390 749 480 776 αὐτῶν
502 749 553 785 τὴν
573 749 699 784 διήγησιν
723 749 795 783 ἰδὼν,
811 750 891 781 αὐτὸς
918 751 976 781 τοῖς

183 794 360 830 ὑψηλοτέροις
370 795 425 822 τῶν
441 794 528 829 λόγων
544 796 591 822 καὶ
606 795 755 831 θειοτέροις
774 795 973 824 ἐπεκτείνεται.

1064 658 1155 686 Lectis
1169 667 1246 691 vero,
1257 667 1319 694 quae
1336 659 1384 687 illo
1395 659 1488 695 priora
1501 660 1659 696 conscripta
1671 666 1751 689 erant
1767 663 1817 690 tri-

1028 703 1080 732 bus
1092 704 1261 740 Evangeliis,
1274 704 1523 740 animadversoque
1537 706 1623 741 magis
1638 706 1665 733 in
1679 713 1713 733 eo
1726 715 1820 734 versa-

1029 755 1072 777 tos
1086 757 1159 781 esse,
1175 754 1250 777 utea
1265 757 1324 785 quae
1342 754 1500 784 spectarent
1512 750 1545 778 ad
1561 751 1734 779 Dominicum
1758 761 1821 780 cor-

1026 802 1088 829 pus,
1099 799 1270 826 enarrarent,
1283 795 1493 822 sublimioribus
1506 796 1565 830 ipse
1580 796 1820 832 divinioribusque

182 840 240 868 Καὶ
254 842 345 868 πᾶσαν
367 841 417 876 μὲν
431 841 481 876 τὴν
495 841 639 877 ὁρωμένην
663 841 751 868 κτίσιν
769 841 849 876 ἀφείς
860 849 866 856 ·
882 843 971 869 πᾶσαν

1029 841 1205 868 sermonibus
1224 840 1346 868 animum
1369 841 1509 869 intendit:
1527 842 1659 877 omnique
1684 851 1774 870 rerum
1790 844 1819 871 in

181 888 211 916 δὲ
221 888 272 925 τὴν
289 889 389 924 νοητὴν
404 889 449 916 καὶ
466 890 652 925 ὐπερχόσμιον
669 889 778 925 ὀξύτητι
791 890 836 917 νοῦ
849 890 975 926 καθαρω-

181 932 265 960 τάτου
276 933 320 960 διὰ
334 933 381 960 τοῦ
398 933 556 969 Πνεύματος
571 934 746 969 ὑπεραναὸάς
759 942 767 951 η
794 935 840 962 καὶ
871 935 904 962 τὰ
928 936 976 962 Χε-

182 976 299 1013 ρουϐεὶμ
309 977 407 1010 λιπὼν,
423 979 472 1005 καὶ
486 979 521 1006 τὰ
536 979 677 1015 Σεραφεὶμ
690 979 844 1014 παρελθὼν,
873 981 974 1017 ἀκραι-

181 1023 256 1059 φνῶς
270 1023 346 1060 αὐτῷ
363 1025 411 1051 καὶ
426 1024 536 1060 ἀμέσως
548 1024 651 1060 ἐγγίζει
663 1025 702 1061 τῷ
714 1026 848 1061 ἀγαπητῷ
863 1033 870 1041 “
895 1028 976 1054 κάκεῖ

180 1069 213 1105 δὴ
226 1069 339 1105 νοερῶς,
358 1071 405 1097 καὶ
417 1071 580 1106 κρειττόνως
604 1071 620 1107 ἢ
639 1071 735 1107 πρώην
760 1072 790 1098 τὸ
809 1072 975 1108 γοερώτατον

180 1115 291 1150 στῆθος,
305 1115 344 1150 τῷ
359 1115 570 1152 θεαρχικωτάτῳ
585 1118 778 1153 προσερείσας,
794 1118 842 1145 καὶ
853 1116 900 1151 οὖς
921 1120 974 1154 ἐὺ-

179 1162 293 1188 σύνετον
306 1162 346 1198 τῷ
363 1162 413 1197 τῆς
428 1162 528 1197 Σοφιας
549 1163 635 1197 αὐτῆς
655 1164 771 1198 στόματι
796 1164 974 1199 παραϐαλὼν,

177 1205 225 1235 οἷά
236 1217 296 1235 τινα
307 1208 400 1244 πηγὴν
417 1209 508 1242 ζῶσαν
538 1209 643 1237 ἐκεῖθεν
673 1210 779 1246 ὑψηλῆς
800 1211 974 1248 ἀνεστόμωσε

178 1254 228 1280 καὶ
239 1253 373 1290 θεωτικῆς
386 1253 538 1290 θεολογίας.

213 1382 270 1418 'H;
281 1385 312 1412 ἐν
326 1386 493 1422 προοιμίοις,
507 1387 629 1424 θεολογεῖ
641 1389 690 1425 μὲν
701 1390 748 1417 τοῦ
762 1390 851 1425 Λόγου
865 1390 916 1427 τὴν
942 1391 972 1418 ἐν

176 1430 252 1466 ἀρχῇ
263 1431 332 1466 πρὸς
343 1431 390 1458 τὸν
407 1433 516 1468 Πατέρα
540 1434 587 1461 καὶ
611 1435 784 1470 προάναρχον
812 1436 974 1472 ὑπερούσιον

179 1475 356 1511 συνύπαρειν.
369 1477 497 1512 Θεολογεῖ
507 1478 536 1505 δὲ
549 1478 631 1506 αὑτοῦ
645 1480 692 1506 καὶ
716 1480 765 1516 τὴν
780 1480 928 1516 σάρκωσιν,
943 1481 973 1508 ὲν

1027 890 1167 922 aspectum
1184 886 1341 914 cadentium
1357 891 1456 914 natura
1467 887 1578 920 omissa,
1596 896 1747 924 earumque
1758 897 1820 925 quze

1025 936 1118 960 mente
1141 931 1354 966 intelliguuntur
1369 940 1402 960 ac
1420 933 1651 968 supermundana:
1674 938 1749 966 sunt,
1766 942 1819 969 pu-

1027 977 1145 1006 rissimae
1156 978 1258 1006 mentis
1271 978 1397 1006 acumine
1413 986 1463 1013 per
1476 979 1604 1014 spiritum
1615 984 1743 1014 superata
1756 981 1820 1008 sub-

1025 1024 1149 1058 stantia;
1171 1024 1331 1059 relictisque
1341 1023 1483 1052 Cherubin
1506 1029 1534 1052 et
1547 1025 1681 1061 Seraphin
1706 1032 1820 1061 prmter-

1025 1078 1146 1106 gressus.
1162 1070 1214 1106 ipsi
1231 1070 1340 1099 sincere
1356 1078 1389 1098 ac
1410 1071 1569 1099 immediate
1584 1072 1743 1107 praedilecto
1756 1074 1819 1108 jun-

1025 1116 1099 1151 gitur
1115 1125 1122 1143 ε
1137 1116 1247 1152 illicque
1260 1116 1551 1152 mcntisintelligentia
1572 1118 1819 1153 praestantiorequc

1025 1170 1058 1190 ac
1073 1162 1181 1197 pridem
1202 1162 1321 1195 ratione,
1339 1162 1523 1198 intelligentia
1539 1163 1748 1191 solertissimum
1765 1172 1816 1199 pe-

1024 1212 1084 1236 ctus
1090 1208 1262 1236 divinissimo
1273 1208 1377 1244 pectori
1390 1208 1510 1242 illidens,
1518 1216 1604 1244 osque
1614 1209 1818 1245 sagacissimum

1024 1253 1111 1288 ipsius
1133 1254 1175 1281 ori
1202 1253 1349 1289 Sapientia:
1377 1253 1538 1287 admovens,
1569 1254 1644 1282 velut
1671 1255 1817 1289 quemdam

1024 1299 1104 1327 illinc
1118 1299 1212 1327 vivum
1227 1299 1357 1327 sublimis
1376 1307 1408 1327 ac
1428 1299 1533 1328 deiﬁcae
1553 1299 1697 1335 theologia
1714 1299 1817 1328 fontem

1024 1345 1169 1373 reseravit.

1058 1392 1126 1427 Ejus
1145 1391 1270 1424 exordio,
1299 1391 1391 1420 Verbi
1402 1392 1429 1419 in
1453 1391 1592 1427 principio
1614 1391 1686 1426 apud
1709 1391 1817 1418 Patrem

1023 1441 1266 1473 pramtemamque
1283 1437 1574 1472 supersubslantialem
1596 1437 1817 1465 coexsistentiam

1023 1491 1074 1519 pro
1098 1483 1230 1518 Theologi
1258 1483 1386 1518 partibus
1405 1482 1514 1510 tradit:
1532 1482 1617 1510 tradit
1641 1490 1707 1510 vero
1734 1483 1817 1510 etiam

177 1520 278 1555 ὀλίγοις
293 1520 341 1548 καὶ
355 1521 530 1558 θεοφθόγγοις
544 1524 666 1559 ῥήμασιν
679 1525 770 1551 πᾶσαν
783 1524 892 1560 ὑψηλῶς
923 1526 970 1552 καὶ

1021 1531 1081 1566 ejus
1104 1529 1343 1563 incarnationem,
1371 1529 1467 1564 paucis
1495 1529 1653 1564 divinisque
1682 1529 1815 1562 vocibus,

179 1566 361 1602 μεγαλοφυιῖκ
379 1566 474 1603 ὥσπερ
488 1568 517 1601 ἐξ
532 1569 647 1604 οὐρανοῦ
665 1569 798 1602 σαλπίσας
824 1570 873 1606 τὴν
903 1571 968 1607 περὶ

176 1612 261 1639 αὐτοῦ
275 1612 432 1648 θεηγορίαν.
449 1612 526 1647 Εἶτα,
544 1615 785 1651 ὕπομιμνήσκεται
804 1616 854 1652 μὲν
877 1617 907 1644 ὲν
929 1617 970 1653 τῷ

175 1658 329 1694 Πνεύματι,
340 1659 396 1686 τῶν
414 1668 444 1687 τε
459 1660 546 1695 λόγων
561 1661 680 1697 Χριστοῦ
695 1663 743 1689 καὶ
757 1662 811 1689 τῶν
827 1662 917 1698 ἔργων
934 1664 970 1691 τὰ

175 1705 334 1741 ὕψηλότατά
342 1714 372 1733 τε
384 1707 432 1733 καὶ
445 1707 661 1743 παραδοξότατα,
677 1709 726 1736 ὅσα
737 1709 801 1741 τοὺς
816 1710 870 1745 πρὸ
885 1710 969 1737 αὐτοῦ

174 1752 345 1788 παραλιπεῖν
376 1754 584 1789 εὐαγγελιστάς.
616 1756 671 1782 Καὶ
697 1756 787 1783 πάντα
811 1756 969 1790 θεσπεσίαις

174 1797 338 1833 ἱερολογιαις
349 1799 533 1835 ἀνατετακὼς,
545 1800 592 1827 καὶ
606 1800 695 1828 πάντα
705 1801 773 1828 Θεοῦ
787 1803 890 1836 φωναῖς
904 1811 968 1830 συν-

172 1843 336 1878 τετελεκὼς,
354 1845 402 1872 καὶ
412 1845 448 1872 ἐν
459 1845 638 1880 δικαιοσύνῃ
654 1847 735 1883 (κατὰ
754 1848 880 1882 Ἡσαΐαν)
891 1856 968 1876 συν-

173 1889 338 1924 τετμηκὼς,
355 1891 397 1923 είς
414 1892 449 1920 τὰ
461 1921 468 1926 ,
479 1893 587 1928 πέρατα
601 1894 681 1921 τοῦτο
706 1895 738 1930 δὴ
753 1895 784 1921 τὸ
800 1895 860 1922 κατ’
886 1895 968 1922 αὐτὸν

172 1936 342 1971 Εὐαγγέλιον
355 1937 504 1975 ἐϐρόντησε
519 1939 572 1975 τῆς
579 1940 631 1975 γῆς
646 1948 654 1956 ·
677 1940 769 1976 πάσης
797 1941 847 1978 ἤδη
874 1941 967 1976 φανεί-

173 1990 228 2017 σης
253 1982 270 2018 ἦ
302 1984 494 2020 φανησομένης
529 1985 665 2021 αἱρέσεως
695 1986 896 2024 ἐξαναλωτικὴν
921 1988 968 2015 καὶ

171 2028 347 2064 πρηστήρων
374 2029 517 2067 ἀστραπήν
532 2039 539 2046 ·
564 2032 656 2068 πάσης
674 2033 702 2060 δὲ
727 2034 892 2068 θεογνωσίας
920 2035 968 2062 καὶ

172 2073 314 2108 θεολογίας
326 2075 390 2110 ὅρον
403 2075 543 2111 ἀληθείας,
560 2078 608 2105 καὶ
626 2079 865 2116 ἀπαρεγχείρητον
894 2080 966 2114 γνὼ-

172 2128 244 2154 μονα
254 2119 412 2156 διαθέμενος
428 2130 435 2137 ·
448 2123 495 2150 καὶ
511 2123 590 2150 τοῦτο
608 2126 642 2161 τῇ
669 2124 784 2152 καθόλου
819 2126 968 2163 Ἐκκλησία

171 2165 295 2200 Χριστοῦ
321 2167 418 2203 καινὴν
447 2168 579 2206 διαθήκην
609 2170 643 2198 ὲκ
669 2171 803 2207 στόματος
815 2173 967 2208 γραφεῖσαν

1022 1582 1132 1603 omnem
1146 1582 1207 1610 quae
1221 1574 1256 1602 de
1268 1575 1316 1602 illo
1329 1579 1382 1606 est,
1402 1574 1514 1602 sublimi
1535 1582 1568 1602 ac
1589 1574 1734 1610 magniﬁco
1749 1583 1819 1610 pra:-

1021 1620 1102 1648 conio
1115 1620 1191 1648 velut
1208 1620 1280 1647 tubae
1292 1620 1420 1655 clangore
1432 1624 1581 1648 exsecutus
1606 1619 1727 1647 divinam
1746 1627 1817 1655 prae-

1021 1666 1199 1694 dicationem.
1219 1666 1345 1701 Tumque
1361 1670 1565 1693 commentatur
1582 1665 1610 1693 in
1631 1665 1735 1701 Spiritu
1749 1674 1817 1693 con-

1021 1712 1183 1747 scribitque,
1197 1711 1301 1740 Christi
1323 1716 1380 1739 tum
1407 1711 1598 1740 doctrinarum
1622 1716 1679 1739 tum
1702 1719 1816 1746 operum

1021 1757 1228 1793 praecelsissima
1240 1765 1402 1793 summeque
1421 1757 1583 1786 admiranda
1607 1762 1637 1786 et
1658 1765 1739 1790 nova.
1753 1758 1817 1786 aliis

1020 1803 1079 1832 fere
1104 1803 1281 1839 evangelistis
1309 1804 1421 1831 omissa.
1446 1803 1571 1838 Cumque
1596 1803 1698 1831 divinis
1717 1808 1817 1831 cuncta

1021 1849 1197 1876 sermonibus
1217 1849 1440 1884 conscripsisset,
1458 1849 1564 1884 Deique
1588 1849 1705 1877 vocibus
1723 1849 1817 1877 omnia

1020 1894 1196 1926 absolvisset.
1223 1899 1306 1930 atque
1327 1895 1355 1922 in
1381 1895 1489 1930 justitia
1512 1895 1554 1928 (ut
1574 1895 1658 1922 Isaias
1682 1895 1816 1930 loquitur)

1019 1941 1240 1974 .abbreviasset",
1257 1941 1310 1969 hoc
1329 1949 1345 1969 a
1366 1948 1396 1969 se
1418 1941 1606 1977 conscriptum
1635 1941 1815 1977 Evangelium

1021 1988 1050 2016 in
1065 1988 1141 2016 orbis
1151 1987 1222 2015 ﬁnes
1238 1987 1365 2015 detonuit
1378 1996 1385 2015 :
1396 1987 1489 2023 fulgur
1500 1986 1631 2014 nimirum
1644 1987 1816 2022 ignitumque

1020 2034 1156 2070 ejusmodi
1174 2034 1328 2066 turbinem,
1351 2037 1382 2060 ut
1401 2033 1592 2061 consumendo
1615 2032 1651 2060 sit
1678 2040 1710 2060 ac
1723 2032 1817 2059 incen-

1021 2080 1123 2113 dendo,
1137 2079 1272 2115 quidquid
1286 2079 1395 2107 demum
1405 2078 1548 2106 haereseon
1561 2077 1668 2106 exstitit
1683 2085 1814 2112 unquam.

1021 2130 1103 2153 autve
1132 2125 1260 2160 exsistet;
1278 2125 1424 2160 omnisque
1443 2123 1508 2151 ﬁdei
1527 2130 1560 2151 ac
1574 2123 1728 2158 theologiae,
1740 2123 1814 2150 veri-

1022 2172 1086 2199 tatis
1099 2171 1249 2199 terminum
1265 2177 1449 2206 normamque
1469 2168 1657 2197 inviolabilem
1671 2173 1812 2202 statuens;

171 2211 314 2245 παραδοὺς
329 2212 377 2240 τοῦ
391 2214 511 2250 Χριστοῦ
531 2223 539 2232 ·
551 2217 671 2252 τοσούτῳ
686 2218 736 2253 τῆς
745 2218 774 2245 ὲν
786 2218 868 2252 πλαξὶ
881 2219 964 2246 πάλαι

1021 2222 1101 2252 atque
1115 2217 1170 2245 hoc
1180 2217 1318 2244 universa:
1332 2215 1434 2244 Christi
1453 2215 1587 2243 Ecclesia:
1601 2222 1705 2242 n0vum
1723 2213 1814 2242 foedus

171 2257 214 2292 τῷ
229 2259 326 2285 Μωσεῖ
339 2261 535 2296 γεγραμμένης
545 2262 772 2299 σεδασμιωτέραν
789 2273 819 2291 τε
834 2265 882 2291 καὶ
906 2265 967 2292 θεο-

170 2306 379 2342 πρεπεστέραν,
407 2308 463 2344 ὅσῳ
475 2309 526 2344 τὴν
552 2310 671 2338 παλαιὰν
695 2311 745 2345 μὲν
769 2312 785 2347 ἡ
813 2310 905 2347 καινὴ,
921 2311 968 2339 τὸν

170 2350 258 2386 νόμον
271 2351 301 2378 δὲ
316 2352 365 2380 τοῦ
381 2354 546 2389 γράμματος
568 2356 583 2382 ὁ
599 2355 647 2383 τοῦ
663 2356 821 2391 πνεύματος
848 2357 895 2384 καὶ
915 2357 967 2393 τῆς

170 2396 304 2432 ἀληθείας
322 2400 529 2436 παρευδοκιμεῖ.
548 2402 602 2429 Καὶ
618 2402 652 2429 τὰ
674 2403 723 2438 μὲν
732 2403 780 2430 ἐπὶ
791 2403 929 2432 τοσοῦτον.

209 2483 288 2511 Ἐπεὶ
303 2485 331 2512 δὲ
342 2485 392 2522 τὴν
407 2486 454 2513 τοῦ
466 2486 623 2523 Πνεύματος
638 2488 777 2517 διακονίαν
796 2491 844 2518 καὶ
861 2490 969 2526 ἱερουρ-

171 2531 238 2565 γίαν
254 2531 301 2558 τοῦ
315 2532 493 2567 Εὐαγγελίου,
510 2534 541 2561 τὺ
553 2534 634 2570 ἔργον
649 2536 699 2570 τῆς
720 2536 825 2572 ὑψηλῆς
851 2537 969 2564 ἀποστο-

172 2577 234 2611 λῆς,
252 2578 290 2609 ὼς
309 2578 406 2611 πιστὸς
422 2579 461 2614 τῷ
480 2580 537 2606 ὄντι
553 2583 599 2607 καὶ
611 2582 741 2617 φρόνιμος
754 2583 894 2618 οίκονόμος
922 2591 968 2609 τε-

172 2621 339 2655 τελειωκὼς,
352 2624 448 2655 καὶείς
463 2627 523 2652 πῖον
537 2626 587 2662 ἤδη
605 2627 692 2662 γῆρας
703 2627 852 2663 ἐληλακὼς,
874 2628 966 2656 ἐπόθει

172 2668 225 2703 τὴν
239 2669 383 2703 ἀνάλυσιν,
415 2673 539 2707 κρεῖττον
553 2673 582 2700 δὲ
598 2674 692 2707 φάναι,
707 2674 754 2700 τοῦ
771 2674 896 2709 σώματος
922 2674 971 2709 τὴν

173 2714 222 2740 ἐπὶ
235 2714 265 2741 τὸ
280 2715 420 2752 ἄφθαρτον
434 2720 670 2755 μετασχημάτισιν
684 2728 692 2736 ·
711 2721 754 2748 ἀεὶ
771 2721 826 2756 γὰρ
840 2722 887 2748 καὶ
908 2721 970 2749 νοῦν

175 2761 223 2787 καὶ
229 2761 350 2789 διάνοιαν
359 2764 388 2789 ἐν
396 2764 520 2799 οὐρανοῖς
530 2767 719 2802 συνηνωμένος
725 2767 846 2804 Χριστῷ,
855 2768 885 2796 τὺ
891 2768 971 2804 σῶμα

177 2807 259 2842 μόνον
270 2809 318 2835 καὶ
332 2809 362 2836 τὸ
377 2810 516 2846 ὁρώμενον
530 2809 564 2847 ἦν
580 2813 627 2839 ἐπὶ
641 2813 704 2848 γῆς.

205 2906 230 2926 ⁸⁸
251 2908 304 2937 15a.
315 2917 359 2942 xx,
372 2909 417 2937 23.
455 2910 476 2926 ³⁸
492 2909 611 2946 Philipp.
635 2918 654 2944 ι,
666 2910 712 2938 25.

1017 2271 1051 2291 ex
1074 2263 1177 2291 Christi
1195 2267 1340 2298 exceptum
1365 2270 1424 2294 ore,
1447 2262 1561 2289 tradens
1586 2264 1688 2289 :tanto
1708 2260 1814 2288 scilicet

1017 2311 1122 2346 scripto
1136 2310 1201 2337 olim
1214 2309 1281 2337 Mosi
1302 2309 1329 2336 in
1344 2308 1446 2336 tabulis
1458 2308 1590 2343 majorem
1611 2307 1717 2334 habens
1727 2314 1812 2334 vene-

1016 2357 1163 2388 rationem,
1175 2355 1364 2390 diviniusque,
1373 2358 1478 2389 quanto
1489 2361 1592 2381 novum
1602 2353 1703 2385 veteri,
1713 2353 1813 2387 lexque

1016 2402 1132 2438 spiritus
1145 2406 1174 2429 et
1197 2401 1334 2434 veritatis,
1361 2399 1414 2435 legi
1434 2399 1535 2427 littera:
1558 2398 1702 2434 praecellit.
1723 2398 1814 2434 Atque

1017 2449 1075 2477 haec
1086 2449 1231 2477 hactenus.

1051 2496 1121 2529 Quia
1143 2502 1210 2523 vero
1222 2494 1342 2529 Spiritus
1359 2492 1516 2521 ministerio
1538 2491 1735 2526 Evangeliique
1751 2490 1814 2517 fun-

1015 2540 1108 2569 ctionc
1125 2539 1246 2575 (sublimi
1258 2539 1364 2567 scilicet
1377 2537 1521 2574 apostolici
1533 2537 1619 2565 munii
1638 2535 1734 2572 opere)
1745 2543 1813 2563 con-

1014 2591 1161 2620 summato,
1183 2591 1316 2621 tanquam
1335 2593 1431 2613 revera
1449 2584 1538 2612 ﬁdelis
1559 2591 1592 2612 ac
1615 2583 1738 2619 prudens
1754 2581 1813 2609 dis—

1014 2638 1155 2669 pensator,
1172 2641 1204 2660 ac
1219 2632 1267 2668 qui
1295 2632 1322 2660 in
1340 2631 1534 2667 pinguemjam
1553 2633 1724 2658 senectutem
1739 2635 1809 2656 eva—

1018 2683 1103 2710 serat,
1118 2677 1232 2705 dissolvi
1257 2677 1384 2713 cupiebat
1394 2676 1428 2707 ³⁸.
1441 2677 1509 2709 sive,
1524 2680 1555 2704 ut
1584 2675 1682 2702 melius
1698 2674 1808 2707 loquar,

1019 2723 1145 2758 corporis
1163 2723 1371 2758 carruptionem
1386 2722 1594 2757 incorruptione
1607 2724 1713 2747 mutare
1726 2719 1810 2752 (sem-

1019 2777 1069 2804 per
1084 2769 1158 2796 enim
1174 2769 1267 2797 animo
1288 2769 1446 2804 mentisque
1470 2767 1634 2803 cogitatione
1659 2764 1769 2792 Christo
1783 2764 1811 2791 in

1018 2815 1097 2842 caelis
1113 2816 1286 2850 conjunctus,
1303 2816 1361 2843 solo
1381 2822 1495 2850 corpore
1517 2817 1649 2848 partoque
1661 2810 1705 2839 sui
1722 2810 1812 2840 oculis

1021 2859 1180 2894 conspicua,
1197 2859 1224 2887 in
1240 2864 1313 2888 terra
1325 2857 1510 2892 versabatur).
