2072 3160
240 191 293 225 127

839 192 986 224 NICET/E
1005 193 1268 225 PAPHLAGONIS

1811 192 1859 226 198

273 251 354 280 Salve
371 251 422 280 sis.
438 259 503 280 vere
521 259 553 280 ac
571 251 659 280 ildelis
677 252 725 280 Dei
742 251 823 280 Verbi
834 251 982 286 discipule,
1000 255 1029 278 et

1114 255 1211 290 Χαῖρε,
1226 254 1323 290 γνήσιε
1347 253 1396 281 καὶ
1415 253 1494 281 πιστέ
1511 234 1560 281 σοῦ
1574 253 1642 282 Θεοῦ
1657 253 1744 289 Λόγου
1759 254 1860 288 posse,

240 303 355 331 amator,
365 298 530 334 cultorque;
551 306 582 326 ac
596 298 694 334 gaude,
708 298 781 334 quod
800 298 846 326 ille
864 306 927 326 cum
945 299 1027 327 Patre

240 344 365 377 veniens,
381 352 447 372 vere
460 344 532 380 apud
549 350 577 372 te
596 344 765 373 mansionem
788 345 885 372 fecerit
896 345 918 361 ⁸³
934 354 941 372 :
954 344 1028 380 quod

240 390 300 424 ejus
315 397 429 418 servans
452 390 589 423 mandata,
611 390 640 417 in
653 391 701 418 illo
720 391 867 423 manseris,
884 390 1029 426 ipsumque

243 437 270 463 in
293 440 319 464 te
342 436 370 463 in
392 441 556 472 perpetuum
582 441 739 464 manentem
763 437 886 470 habeas,
909 437 1029 467 divinam

242 485 335 515 aperte
353 480 402 508 tibi
419 481 534 516 gloriam
551 481 784 509 manifestantem.

278 524 359 552 Salve
377 524 425 555 sis.
450 524 497 551 Dei
518 524 603 552 frater
624 530 652 553 et
678 526 786 560 bmres;
813 526 900 555 frater
920 535 985 555 vero
1002 531 1031 555 et

242 570 366 598 cohaeres
376 570 424 598 Dei
438 571 487 605 qui
504 575 603 598 cuncta
623 572 699 607 regni
721 572 770 600 Dei
786 574 917 609 mysteria
933 574 1031 602 doctus

242 625 282 648 es,
297 617 400 652 quique
423 617 517 645 divina
541 618 707 646 revelatione
731 628 792 654 quae
805 624 939 649 eventura
963 626 1029 649 sunt

242 661 316 689 clare
340 661 442 689 videris
459 662 569 696 omnia;
594 667 677 698 atque
698 671 741 696 ea,
757 664 848 698 quoad
869 673 1031 693 concessum

241 711 294 739 est,
322 709 477 744 conscripta
498 717 530 737 ac
560 710 719 746 consignata
748 711 880 739 Ecclesiis
909 713 1032 741 tradide-

243 752 281 780 ris
290 753 323 780 ".

276 798 357 826 Salve
370 799 420 832 sis,
441 800 516 828 solus
534 809 608 829 nunc
626 809 742 837 corpore
765 811 819 831 una
835 812 897 832 cum
917 805 1032 840 Deipara

242 848 330 872 matre
351 845 440 875 incola
464 847 596 882 paradisi,
613 856 645 876 ac
670 849 717 883 qui
740 849 805 878 inde
826 850 924 886 spiritu
946 855 1032 879 totam

242 890 342 919 lustres
354 895 454 919 terram
466 900 498 920 ac
510 893 670 929 perspicias.
685 894 741 923 Nos
758 896 894 931 propitius
911 897 1030 930 intuere,

243 935 403 965 beatissime
415 938 553 974 Tlieologc
572 945 600 967 et
622 942 789 977 evangelista
800 943 807 969 l
820 943 953 977 crudique
970 943 1031 978 epi-

243 982 321 1010 stolis
334 983 398 1014 tuis.
417 991 450 1012 ac
462 984 564 1013 divinis
583 987 824 1021 praedicationibus
847 989 978 1017 conﬁrma
989 994 1032 1017 at-

243 1036 298 1062 que
320 1029 465 1065 praeceptis
487 1038 643 1066 compone:
658 1040 763 1068 nosque
789 1041 853 1070 rege
871 1038 899 1062 et
919 1035 1032 1068 extollo,

243 1073 354 1109 Dcoque
365 1074 394 1102 in
415 1079 548 1103 aeternum
565 1077 642 1110 siste,
657 1077 684 1105 in
702 1078 816 1114 gloriam
831 1080 920 1108 Patris
931 1085 959 1108 et
972 1080 1033 1108 Filii

241 1126 270 1148 et
287 1121 406 1156 Spiritus
420 1123 518 1156 sancti,
536 1122 564 1150 in
581 1124 692 1153 saecula.
702 1124 801 1154 Amen.

534 1264 664 1293 οιιΑτιο
680 1266 736 1301 vn.

243 1308 373 1337 Laudatio
391 1311 477 1338 sancti
498 1310 626 1347 laudeque
638 1311 779 1340 clarissimi
790 1315 902 1350 apostoli
918 1315 1032 1345 Thomtv.

280 1354 439 1383 Laudabilis
452 1363 502 1391 pro
526 1356 627 1384 sanctis
642 1362 799 1393 assumptus
821 1367 916 1394 amor;
936 1361 1034 1389 merito

279 1437 301 1454 ³⁸
327 1438 407 1466 Joan.
435 1446 494 1472 xiv,
522 1438 568 1466 εδ.
618 1439 640 1455 ³⁸
657 1439 736 1467 Rom.
757 1447 821 1474 vni,
851 1441 896 1468 l7.

278 1508 338 1543 «‘20)
351 1509 418 1542 Ταῖς
427 1509 603 1542 ἐπιστολαῖς
610 1517 669 1537 σου
679 1511 854 1538 συνέτισον.
866 1511 979 1539 Joannis
988 1511 1028 1539 al-

245 1548 331 1572 teram
346 1548 373 1571 et
391 1545 499 1572 tertiam
515 1544 646 1578 epistolas
660 1549 785 1573 recenset
801 1545 904 1573 Euseb.
920 1546 969 1573 lib.
984 1554 1027 1579 Ill,

1078 301 1126 328 καὶ
1140 300 1254 336 ἐραστὰ,
1276 300 1325 327 καὶ
1339 300 1494 336 θεραπευτά
1505 309 1513 317 ο
1529 301 1570 327 ὅτι
1585 299 1661 335 παρὰ
1679 300 1726 328 τοῦ
1755 299 1862 335 Πατρδς

1078 346 1215 382 ἐληλυθὼς
1227 347 1339 379 ἐκεῖνος,
1370 346 1453 383 μονὴν
1478 346 1586 382 ἀληθῶς
1610 346 1758 381 πεποίηται
1785 345 1863 381 παρὰ

1079 393 1192 420 σοί·δτι
1203 393 1252 425 τὰς
1265 393 1375 425 ἐντολὰς
1399 392 1483 420 αὐτοῦ
1506 392 1675 428 τετηρηκὼς,
1699 392 1809 427 ἔμεινας
1833 392 1863 418 ἐν

1079 439 1164 475 αὐτῷ,
1176 439 1224 467 καὶ
1237 439 1318 467 αὑτὸν
1330 439 1403 475 ἔχεις
1415 439 1534 475 μένοντα,
1542 439 1576 466 δι’
1585 439 1683 470 αἰῶνος
1701 438 1730 465 ἐν
1747 438 1799 469 σοι,
1813 438 1864 474 ¹τὴν

1079 486 1227 522 θεαρχικήν
1239 495 1280 513 σοι.
1293 485 1370 519 δόξαν
1384 485 1653 521 ἁνακεκαλυμμένως
1668 483 1864 520 ἐμφανίζοντα.

1115 534 1212 568 Χαῖρε,
1232 532 1327 559 τέκνον
1344 532 1412 559 Θεοῦ
1429 531 1477 559 καὶ
1505 530 1657 567 κληρονόμε
1677 539 1684 546 ·
1715 530 1814 564 ἀδελφέ
1838 529 1866 557 δὲ

1079 581 1128 608 καὶ
1145 579 1350 615 συγκληρονόμε
1366 577 1449 606 Θεοῦ·
1459 578 1473 605 ὁ
1488 579 1577 605 πάντα
1592 577 1641 612 τῆς
1657 575 1704 603 τοῦ
1727 576 1796 603 Θεοῦ
1818 576 1867 611 βα-

1081 626 1183 658 σιλείας
1198 625 1232 653 τὰ
1248 626 1384 660 μυστήρια
1398 623 1696 660 μεμυσταγωγημένος.
1710 623 1758 649 καὶ
1776 622 1867 649 πάντα

1084 673 1179 707 σαφῶς
1190 672 1224 699 τὰ
1244 671 1360 707 ἐσόμενα
1374 671 1407 698 δι’
1422 670 1618 704 ἀποκαλύψεως
1627 668 1801 704 τεθεαμένος,
1820 667 1868 695 καὶ

1081 718 1341 754 κατεσφραγισμένα
1355 718 1415 749 ταῖς
1433 716 1608 751 Ἐκκλησιαις
1620 713 1768 751 παραδούς.

1115 808 1212 844 Χαῖρε,
1227 807 1274 834 τὸν
1297 806 1458 842 παράδεισον
1490 805 1571 840 μόνος
1593 804 1641 831 νῦν
1657 804 1726 840 μετὰ
1743 804 1869 838 σώματος

1081 853 1141 890 ἅμα
1160 855 1193 888 τῇ
1223 852 1308 888 μητρὶ
1331 852 1476 887 Θεομήτορι
1498 851 1645 882 κατοικῶν,
1675 849 1803 877 κάκεῖθεν
1829 849 1869 885 τῷ

1082 899 1218 935 πνεύματι
1238 899 1293 938 τὴν
1314 898 1378 933 ὅλην
1404 898 1457 932 γῆν
1482 896 1674 932 καταθεωρῶν,
1690 896 1770 928 ἵλεως
1790 896 1865 932 ἡμᾶς

1083 943 1254 977 ἐποπτεῦοις,
1274 943 1297 970 ὢ
1318 942 1501 978 τρια-μακάριε
1516 942 1630 976 Θεολόγε
1656 942 1703 969 καὶ
1722 941 1865 976 εὐαγγελιο

1086 993 1152 1021 στάῑ
1174 993 1221 1020 καὶ
1237 992 1297 1023 ταῖς
1321 991 1475 1021 ἐπιστολαῖς
1498 998 1545 1016 σου
1571 989 1709 1015 συνέτισον
1734 987 1804 1023 (20),
1821 987 1870 1014 καὶ

1085 1040 1145 1070 ταῖς
1165 1037 1314 1071 θεολογίαις
1331 1045 1378 1063 σου
1390 1035 1527 1072 στήριξον,
1544 1035 1592 1062 καὶ
1606 1036 1665 1066 ταῖς
1679 1034 1799 1065 ἐντολαῖς
1823 1042 1870 1060 σου

1087 1083 1258 1119 κατάρτισαι,
1279 1083 1327 1110 καὶ
1343 1082 1475 1116 ποίμανον
1485 1081 1569 1117 ἡμᾶς,
1590 1081 1636 1107 καὶ
1658 1079 1758 1115 ἐπαρον
1784 1079 1870 1114 ἡμᾶς,

1087 1130 1135 1157 καὶ
1149 1130 1202 1160 ἓως
1217 1128 1315 1160 αἰῶνος
1330 1127 1506 1162 παράστησον
1525 1126 1562 1161 τῷ
1577 1125 1646 1161 Θεῷ,
1662 1126 1701 1156 εἰς
1717 1124 1796 1157 δόξαν
1813 1125 1870 1151 Πα-

1079 1175 1154 1210 τρδς,
1163 1174 1210 1201 καὶ
1224 1173 1300 1206 Υῑοῦ,
1310 1173 1357 1200 καὶ
1371 1173 1448 1207 ἁγίου
1459 1171 1626 1208 Πνεύματος,
1638 1171 1677 1202 sic;
1685 1171 1748 1203 τοὺς
1756 1170 1867 1203 αἰῶνας.

1081 1219 1179 1255 Ἀμήν.

1391 1264 1500 1292 ΛΟΓΟΣ
1516 1264 1554 1290 Ζ’.

1083 1316 1136 1348 Εἰς
1143 1314 1197 1342 τὸν
1208 1313 1293 1349 ἅγιον
1300 1311 1349 1340 καὶ
1361 1311 1559 1346 πανεύφημον
1566 1310 1742 1338 ἀπόστολον
1752 1308 1868 1343 Θωμᾶν.

1119 1359 1279 1391 Ἐπαινετὺς
1292 1359 1307 1386 ὁ
1320 1357 1390 1394 ὑπὲρ
1403 1357 1458 1385 τῶν
1482 1356 1568 1392 ἁγίων
1582 1356 1665 1389 πόθος
1687 1365 1694 1373 ·
1712 1355 1869 1388 ἀξιεπαινε-

1081 1512 1247 1540 tribuerent.
1257 1511 1363 1539 Nomen
1378 1509 1566 1546 πρεσϐυτέρου
1592 1514 1620 1538 et
1640 1509 1769 1546 senioris,
1793 1510 1868 1546 quod

1081 1548 1161 1575 alteri
1173 1546 1271 1575 Joanni
1283 1546 1362 1582 quasi
1388 1545 1531 1582 proprium
1544 1549 1616 1582 erat,
1630 1550 1716 1580 prout
1742 1545 1782 1573 sic
1804 1553 1868 1573 eum

245 1588 306 1613 cap.
323 1579 369 1611 ‘25,
383 1587 444 1613 quae
459 1579 487 1606 in
495 1579 620 1617 _d_ubiui_n
635 1585 817 1617 vocarentur,
826 1581 876 1608 etsi
896 1589 913 1617 a
934 1582 1029 1609 multis
1043 1606 1064 1617 Α
1080 1583 1178 1617 Papias
1189 1587 1279 1614 vocat,
1292 1579 1363 1609 'cum
1375 1579 1466 1608 tamen
1487 1580 1617 1617 Aristioni
1632 1579 1697 1617 eum
1713 1585 1868 1616 postponat,

245 1606 478 1651 agnoscere-ritur:
495 1615 556 1641 Εἴτε
564 1614 610 1651 τοῦ
626 1606 818 1651 attigistis
830 1606 1027 1651 ξῦήᾶνὸὺὲἆὶζ

1083 1606 1466 1651 ἐξἶιῖτίεὶἶιῖἰιιῐ-ἷιίξαᾘεέἐ
1481 1606 1868 1651 ἁῇᾱίιοτὲιηῖιῖίὲεὶζΕὗὦῇιί

246 1650 303 1676 εἴτε
316 1648 364 1685 κα)
380 1649 477 1685 ἐτέρου
488 1650 634 1684 ὁμωνύμου
651 1650 760 1685 ἐκεινῳ.
778 1650 837 1678 Sive
850 1648 905 1677 sint
917 1648 1031 1679 Joannis

247 1683 425 1720 euangelium,
450 1683 511 1711 sine
527 1684 637 1712 alterius
651 1683 768 1720 ejusdem
792 1694 823 1712 ac
833 1685 877 1712 ille
891 1687 1006 1714 nominis
1022 1694 1032 1714 :

245 1718 413 1756 quae'altera
429 1719 625 1756 quaestiowest.
643 1718 672 1747 in
699 1729 753 1756 qua
778 1725 896 1755 utraque
918 1722 1032 1756 perinde

247 1754 430 1789 Hieronymus
450 1754 538 1783 haesit.
552 1755 637 1783 Nobis
647 1754 783 1783 non'licet
804 1756 831 1782 in
845 1754 959 1784 dubinm
985 1765 1032 1784 vo-

248 1797 322 1822 care,
349 1797 419 1824 quas
442 1789 549 1824 pridem
576 1790 710 1821 Ecclesia.
735 1791 830 1818 divino
853 1791 985 1819 instinctu
1004 1792 1032 1820 in

246 1824 385 1853 Canonem
395 1825 540 1859 receperit,
553 1833 585 1852 ac
598 1833 687 1860 nuper
697 1826 724 1853 in
733 1826 850 1854 concilio
863 1826 1032 1858 Tridentino

247 1860 448 1896 comprobavit.
460 1860 534 1888 Fecit
546 1861 674 1889 Ecclesiae
684 1861 831 1896 judicium.
855 1869 910 1889 non
924 1867 954 1889 ut
969 1862 1032 1889 libri

247 1895 296 1930 qui
311 1895 436 1932 canonici
452 1903 505 1923 non
521 1901 600 1924 erant
612 1904 644 1924 ac
660 1895 843 1932 θεόπνευστοι,
858 1897 1031 1932 postmodum

248 1934 349 1962 essent.
365 1930 413 1958 sed
427 1935 458 1957 ut
469 1936 692 1965 agnoscerentur.
702 1931 780 1964 Quod
792 1930 874 1959 etiam
887 1932 920 1959 de
931 1933 1033 1961 veteris

247 1965 423 2002 instrumenti
440 1965 519 2002 libris
531 1966 637 2002 aliquot
656 1966 758 1994 factum
772 1971 825 2000 est,
849 1975 919 2002 quos
944 1967 1031 1995 Judaei

247 2005 276 2029 et
291 2000 430 2038 Synagoga
446 2000 494 2038 _ad_
510 2001 718 2038 aediﬁcationem
745 2000 877 2030 duntaxat
901 2002 1032 2038 legendos

248 2036 513 2072 retinuit,»Ecclesia
528 2037 725 2071 (apostolorum
744 2038 897 2072 praesertim
910 2036 1030 2071 judicio)

247 2071 332 2099 etiam
356 2070 390 2098 ad
405 2070 596 2099 auctoritatem
607 2070 755 2099 canonicos
776 2073 876 2100 sanxit.
900 2073 1032 2100 Praeclara

248 2111 330 2142 certe
347 2107 492 2140 Augustini
508 2114 571 2138 vox,
589 2107 648 2134 Non
675 2107 845 2135 crediturum
872 2108 1030 2142 Evangelio,

248 2141 301 2170 nisi
315 2141 444 2169 Ecclesiae
464 2142 614 2169 auctoritas
625 2147 821 2171 commoveret.
838 2143 872 2170 Et
885 2141 963 2176 vero,
981 2151 1032 2170 cur

248 2182 367 2212 quatuor
382 2177 537 2212 Evangeliis
560 2177 710 2209 credimus,
732 2185 786 2204 non
806 2178 890 2205 tantis
905 2178 958 2205 illis
971 2186 1033 2212 quae

249 2212 284 2239 ab
299 2212 366 2246 ipsis
393 2211 491 2248 primis
507 2213 680 2248 temporibus
705 2213 758 2239 alio
780 2213 889 2248 alioque
919 2211 1032 2241 nomine

249 2247 450 2283 obrepserunt‘l
462 2246 541 2283 Nulla
554 2247 596 2275 vel
608 2247 777 2283 Hieronymi,
789 2248 831 2275 vel
841 2246 1032 2283 cujuscunque

1082 1650 1167 1680 multa
1187 1660 1219 1679 ex
1234 1652 1347 1680 Joannis
1361 1650 1408 1678 ore
1424 1650 1605 1685 accepissent.
1620 1650 1722 1685 diuque
1746 1658 1807 1678 cum
1822 1652 1869 1678 illo

1082 1688 1183 1715 versati
1196 1691 1302 1718 essent.
1319 1691 1347 1714 et
1362 1686 1449 1721 ipsius
1460 1685 1568 1713 Domini
1586 1685 1715 1721 discipuli
1735 1686 1863 1718 fuissent,

1083 1727 1114 1750 ut
1124 1726 1167 1750 est
1177 1722 1250 1757 apud
1266 1722 1368 1750 Euseb.
1383 1721 1466 1757 1.77"},
1480 1728 1505 1748 c.
1521 1721 1569 1757 βξ),
1587 1721 1726 1757 peculiare
1741 1729 1870 1748 momen-

1083 1763 1141 1785 tum
1170 1755 1263 1788 liabet,
1282 1757 1357 1793 quod
1369 1756 1479 1784 dillicile
1501 1755 1639 1793 videatur,
1667 1756 1788 1793 voluisse
1814 1757 1869 1793 sibi

1082 1793 1215 1820 Joannem
1232 1791 1400 1827 Theologum
1411 1799 1512 1827 nomen
1525 1791 1671 1827 asciscere,
1685 1791 1762 1827 quod
1787 1792 1870 1819 alteri

1082 1828 1166 1855 sciret
1179 1828 1256 1863 quasi
1270 1825 1514 1866 proprium_:_l‘orte
1529 1825 1623 1866 etiam,
1635 1826 1671 1854 ob
1683 1825 1872 1866 longissimam

1082 1861 1202 1892 aetatem]
1214 1861 1393 1897 qua’Joa’nnis
1411 1861 1544 1897 Theologi
1559 1869 1630 1897 pene
1643 1861 1767 1896 aqualis,
1782 1863 1872 1890 illius-

1083 1906 1138 1932 que
1154 1896 1344 1929 distinctione,
1361 1904 1460 1924 nomen
1477 1896 1545 1923 illud
1564 1896 1692 1924 habuerit
1712 1905 1718 1922 :
1734 1897 1792 1925 sive
1807 1905 1873 1925 eum

1081 1931 1203 1961 Joannes
1219 1933 1403 1967 Ephesiorum
1416 1932 1588 1967 episcopum
1604 1931 1750 1964 creaverit.
1775 1937 1805 1959 ut
1830 1936 1874 1960 est

1083 1969 1111 1996 in
1134 1966 1386 1997 Constitutionibus
1407 1966 1506 1999 Clem.,
1524 1975 1579 1998 vn,
1599 1967 1635 1994 45
1653 1975 1661 1994 :
1677 1967 1733 2002 Τῆς
1759 1967 1873 2002 Ἑφέσου

1083 2004 1215 2039 Τιμόθεος
1232 2004 1281 2039 μέν
1299 2003 1352 2029 ὑπὸ
1376 2003 1508 2039 “utnon;
1522 2002 1649 2039 Ἰωάννης
1678 2003 1717 2039 δέ,
1741 2003 1790 2039 im:
1805 2003 1873 2037 ἐμοῦ

1089 2037 1213 2066 Ἰωάννου
1224 2037 1303 2066 "sive
1315 2039 1403 2066 solum
1417 2038 1477 2073 ejus
1488 2037 1616 2066 Ecclesiae
1627 2037 1872 2073 presbyterfuerit.

1082 2074 1158 2102 Istud
1175 2077 1250 2101 certe
1273 2073 1433 2101 difﬁcultate
1449 2080 1505 2100 non
1521 2077 1681 2100 caretznon
1701 2077 1792 2099 tamen
1809 2081 1874 2099 con-

1083 2109 1169 2137 vincit
1180 2116 1235 2136 non
1252 2116 1313 2136 esse
1328 2108 1459 2143 epistolas
1476 2107 1705 2143 verecanonicas.
1728 2107 1803 2143 quod
1826 2115 1874 2134 eas

1083 2144 1210 2185 ipseiam
1231 2141 1353 2185 Essem?
1363 2147 1443 2185 πιθιε
1459 2141 1550 2185 ,ιηιιὲξί
1572 2141 1716 2185 mpsim)!
1726 2141 1820 2185 ςῖοψει
1834 2147 1874 2185 ,οἱ

1082 2176 1128 2207 alii
1139 2176 1267 2213 discipuli
1292 2182 1368 2205 extra
1393 2176 1551 2207 duodecim.
1572 2176 1673 2213 libros_
1688 2181 1717 2213 et
1742 2176 1874 2213 epistolas

1083 2210 1240 2241 condidisse
1255 2217 1415 2244 noscantur,
1430 2219 1500 2246 quos
1530 2216 1557 2238 et
1574 2218 1642 2245 quas
1653 2210 1774 2238 Ecclesia
1789 2219 1874 2246 agno-

1085 2250 1138 2277 scit
1148 2257 1181 2276 ex
1192 2248 1302 2276 Canone
1315 2245 1448 2274 librorum
1462 2245 1530 2274 Novi
1541 2246 1783 2274 Testamenti.Nec
1795 2247 1875 2274 video

249 2279 409 2319 privatipar
419 2282 580 2314 auctoritas.
594 2279 749 2319 istiusmodi
761 2279 1033 2310 censura‘libroru'm.
1051 2279 1072 2306 Ι)
1085 2284 1186 2319 quibus
1198 2291 1232 2310 ex
1248 2282 1436 2309 monumentis
1449 2286 1497 2309 aut
1519 2281 1599 2319 libris
1612 2282 1684 2319 idem
1697 2281 1808 2319 Grotius
1824 2282 1874 2309 ha-

249 2316 327 2350 Qnod
341 2317 461 2344 Joannes
477 2322 593 2352 utraque
603 2317 717 2352 epistola
731 2318 824 2345 Senior
838 2323 960 2349 vocatur,
976 2326 1035 2345 ma-

251 2352 357 2387 luitque
378 2352 418 2388 sic
429 2353 565 2386 interpres
579 2353 705 2385 reddere,
724 2361 806 2388 quam
833 2353 957 2380 Graecam
983 2361 1035 2380 vo-

249 2386 461 2424 cem'presbyteri
474 2388 593 2424 retinere
605 2389 646 2424 (ιιι
656 2386 742 2424 magis
752 2393 860 2416 aetatem
872 2387 1034 2424 insinuaret,

250 2430 332 2457 quam
348 2422 532 2459 dignitatem),
545 2423 616 2450 ratio
626 2422 721 2451 Jacobi
737 2424 839 2459 Capelli
855 2431 909 2450 non
942 2423 1037 2458 displi-

251 2456 313 2489 cet;
327 2456 400 2492 quod
418 2457 495 2485 valde
508 2463 635 2492 provecta
650 2463 730 2486 aelate
747 2456 794 2486 eas
818 2459 938 2486 Joannes
964 2456 1036 2485 scri-

252 2493 350 2527 pserit.
365 2493 543 2528 omniumque
553 2493 654 2521 Christi
670 2494 869 2528 discipulorum
901 2494 1036 2521 vetustis-

251 2528 350 2563 simus,
363 2532 391 2555 et
403 2528 451 2562 qui
472 2528 512 2556 sic
526 2529 605 2563 quasi
620 2529 838 2557 antonomastice
861 2529 978 2563 intelligi
1004 2537 1037 2557 ac

251 2562 306 2590 dici
324 2567 426 2598 posset.
444 2563 513 2590 Nam
525 2562 554 2591 et
567 2564 670 2592 Paulus
681 2564 714 2591 ad
747 2563 935 2591 Philemonem
951 2562 977 2590 in
992 2565 1036 2592 Sui

251 2598 530 2630 commendationem,
556 2603 585 2627 et
611 2604 641 2626 ut
671 2599 825 2627 Philemoni
853 2598 978 2629 suadeat.
994 2607 1034 2632 se,

252 2633 329 2661 velut
357 2633 414 2666 ille,
431 2641 524 2661 senem
551 2634 681 2662 insinuat.
699 2634 817 2662 Proinde
839 2635 1037 2662 convenienter

251 2668 373 2705 Joannes
386 2669 573 2705 familiaribus
589 2670 715 2705 epistolis
736 2678 862 2705 peneque
879 2670 1037 2698 consolato-

253 2704 312 2740 riis,
328 2704 451 2732 Senioris
465 2712 566 2732 nomen
590 2704 715 2740 praeﬁxit,
734 2704 904 2739 nimiumque
930 2706 1039 2738 pondus

254 2739 282 2766 in
302 2747 370 2767 voce
382 2740 509 2774 apostoli,
533 2741 570 2767 ita
583 2739 709 2768 scribens
730 2740 916 2773 existimavit;
939 2745 969 2767 ut
986 2741 1038 2768 hac

254 2778 331 2808 parte
356 2775 460 2804 nullius
491 2775 623 2803 momenti
650 2775 686 2802 sit
713 2780 905 2809 argumentum
935 2776 1036 2808 Grotii,

254 2809 333 2843 quasi
354 2810 416 2837 inde
428 2809 527 2838 Joanni
549 2810 688 2844 Theologo
708 2809 833 2843 abrogari
851 2810 891 2837 lia:
914 2810 1037 2844 epistolae

255 2819 333 2843 quast
354 2819 416 2837 mue
428 2819 527 2838 Joanm
556 2819 688 2844 lneotogo
708 2819 833 2843 abrogari
851 2819 891 2837 Ιιςιε
914 2819 929 2837 e
951 2819 1036 2838 Ιειοιω

255 2844 373 2879 possint.
390 2845 530 2873 Videndus
542 2845 657 2873 Tertull.
674 2844 713 2871 De
725 2845 886 2879 prwseript.,
912 2819 959 2872 ιιΒὶ
976 2845 1036 2873 l‘usc

255 2852 373 2878 possmt.
393 2852 530 2873 Viuentius
542 2852 657 2873 't'ertun.
674 2852 713 2871 ue
744 2852 886 2879 rwscrtpt.,
912 2852 959 2872 uDl
976 2852 1036 2873 tusc

255 2878 404 2922 admodum
426 2881 545 2922 ostendit
574 2888 656 2922 quam
682 2852 780 2907 surulo
800 2879 916 2914 apostoli
942 2881 1037 2922 titulos

257 2913 448 2944 honoratiores
462 2913 592 2950 vitarent,
606 2915 714 2951 sibique
730 2921 800 2950 aegre
820 2913 853 2942 ac
869 2923 938 2950 pene
955 2913 1035 2944 inviti

1086 2316 1150 2346 Beat
1165 2319 1204 2354 (et
1219 2322 1249 2345 ut
1273 2322 1435 2354 argumento
1451 2321 1545 2354 utatur
1567 2317 1600 2343 ad
1624 2316 1796 2354 probandum
1819 2325 1874 2354 non

1087 2351 1196 2381 habitas
1210 2354 1260 2380 bas
1275 2353 1406 2387 epistolas
1422 2356 1451 2379 nt
1472 2352 1506 2379 de
1522 2351 1644 2384 Canone)
1661 2351 1734 2386 quod
1750 2359 1804 2379 non
1816 2352 1874 2379 fne—

1087 2389 1142 2416 rint
1151 2389 1264 2416 redditae
1277 2388 1305 2415 in
1316 2395 1469 2415 sermonem
1481 2387 1653 2414 diversarum
1668 2388 1874 2422 gentinmwum

1087 2424 1165 2458 Angli
1189 2428 1231 2451 tot
1259 2423 1362 2458 linguis
1389 2423 1667 2457 reprzesentaverint,
1694 2427 1762 2458 quot
1788 2422 1874 2456 ipsam

1088 2457 1202 2487 Joannis
1217 2457 1332 2494 primam
1350 2457 1541 2494 epistolainrae
1557 2458 1678 2494 reliquos
1695 2457 1781 2484 libros
1800 2457 1874 2494 rNovi

1089 2493 1267 2522 Testamenti.
1283 2494 1338 2521 Nec
1367 2494 1441 2520 enim
1469 2493 1508 2520 illi
1532 2501 1579 2520 eas
1600 2493 1711 2520 cinlisse
1735 2493 1875 2520 versiones

1087 2529 1283 2564 putandisunt.
1297 2528 1345 2556 sed
1359 2536 1428 2563 quas
1447 2528 1567 2563 antiquis
1581 2527 1724 2564 codicibus
1737 2535 1773 2564 ac
1781 2528 1875 2564 eccle-

1087 2563 1207 2591 siasticis
1230 2564 1308 2591 libris
1334 2563 1400 2591 olim
1427 2569 1552 2591 exaratas
1566 2563 1749 2594 oll'endcrant,
1769 2563 1831 2589 illas
1845 2563 1872 2589 in

1087 2600 1247 2635 Polyglottis
1261 2599 1323 2635 suis
1335 2599 1431 2626 Bibliis
1456 2606 1589 2635 generoso
1610 2602 1711 2635 conatu
1734 2598 1872 2635 vulgasse.

1087 2635 1126 2662 De
1137 2633 1213 2664 Jfldae
1227 2634 1353 2669 epistola.
1366 2641 1448 2669 quam
1472 2633 1505 2660 ad
1519 2633 1729 2669 Judamrtrallit,
1755 2634 1802 2669 qui
1815 2633 1876 2669 sub

1088 2670 1208 2698 Adriano
1219 2667 1297 2701 vixit,
1313 2676 1364 2697 nec
1375 2667 1421 2696 vel
1437 2668 1578 2702 apostolus
1589 2668 1632 2695 vel
1646 2667 1799 2702 discipulus
1809 2668 1874 2695 Jesu

1088 2706 1151 2735 fuit.
1164 2705 1229 2733 alibi
1242 2705 1312 2732 forte
1325 2703 1497 2732 exercendus
1513 2703 1612 2738 stylus.
1627 2703 1718 2737 Leu-ge
1737 2708 1813 2730 certe
1822 2703 1874 2731 hoc

1087 2749 1102 2768 a
1114 2741 1160 2775 pio
1170 2740 1292 2767 ﬁdelium
1308 2747 1401 2771 sensu,
1424 2747 1474 2766 nec
1489 2743 1544 2775 tam
1571 2738 1687 2775 veritate
1710 2745 1797 2775 quam
1808 2747 1872 2775 προ-

1088 2772 1169 2810 λῆψει
1183 2775 1217 2802 ab
1234 2783 1268 2802 eo
1280 2775 1404 2810 dictum;
1427 2778 1454 2801 et
1471 2773 1550 2810 quod
1570 2772 1654 2810 frater
1670 2773 1773 2810 Jacobi,
1792 2773 1875 2807 idque

1087 2808 1175 2846 genus
1189 2810 1252 2841 alia.
1263 2809 1407 2846 subdititia
1422 2808 1574 2846 contendit,
1585 2843 1590 2846 _
1603 2808 1682 2843 plane
1695 2808 1770 2835 dictu
1788 2813 1875 2834 teme-

1088 2843 1192 2873 rarium
1206 2846 1257 2878 sit;
1280 2852 1343 2872 cum
1372 2845 1466 2879 plagii,
1484 2843 1558 2879 quod
1584 2843 1613 2870 in
1644 2851 1674 2871 re
1697 2847 1751 2879 tam
1777 2847 1874 2879 sam-ta

1088 2881 1264 2909 commissum
1277 2884 1359 2913 esset,
1373 2877 1445 2907 nulli
1458 2877 1550 2907 idonei
1566 2882 1650 2906 testes
1679 2877 1794 2915 produci
1811 2885 1875 2913 pos-

1088 2916 1152 2944 sint.
