2072 3160
180 153 232 185 129

553 155 695 187 ORATIO
711 156 776 188 VII.
790 169 824 176 ’-
837 157 878 188 IN
899 158 1052 189 LAUDEM
1072 160 1103 190 S.
1121 159 1263 192 ΤΗΟΜᾹΞ
1282 161 1474 194 APOSTOLI.

1763 161 1813 194 130

175 214 294 248 τὼτερος
305 212 335 239 δὲ
353 212 464 240 πάντων
476 212 577 248 μᾶλλον
596 214 610 240 ὸ
635 214 706 250 ὑπὲρ
728 214 784 242 τῶν
809 215 961 242 ἀποστόλων

1016 221 1108 246 autem
1122 217 1202 253 longe
1218 219 1349 247 omnibus
1368 219 1543 254 laudabilior,
1557 220 1606 256 qui
1621 221 1810 256 apostolorum

174 260 233 290 τοῖς
250 258 338 291 ἀξίοις
354 258 528 294 ἑγγινόμενος
540 267 547 274 ·
577 259 626 286 καὶ
642 260 763 295 τοσούτῳ
794 260 887 293 πλέον,
914 261 969 296 ὅτῳ

175 305 225 332 καὶ
243 304 321 332 αὐτοὶ
337 304 447 332 πάντων
466 304 522 331 τῶν
535 305 632 339 ἁγίων,
657 306 800 341 ἁγιότητος
833 307 969 343 ὑπερϐολῇ

175 350 412 386 ἀκραιφνέστερον
425 350 464 386 τῷ
479 351 624 386 ὑπεραγίῳ
641 352 873 387 προσῳκείωνται.
890 353 966 380 Ἐπι-

176 396 342 431 ποθήσωμεν
357 396 448 423 τοίνυν
460 396 524 428 τοὺς
542 395 596 423 τῶν
611 396 696 431 ἁγίων
706 397 901 432 ἀξιοποθήτους
916 406 962 432 χο-

177 442 251 477 ροὺς,
272 442 320 468 καὶ
340 441 444 468 τούτων
468 441 598 477 μάλιστα,
625 442 671 469 τὸν
705 442 966 478 ὑπεραναῦεεηκότα

174 487 238 518 τοὺς
256 487 334 519 ὅλους
346 488 379 522 τῇ
397 487 539 522 θεοειδείᾳ,
561 488 607 515 καὶ
619 489 740 523 συνεχῶς
755 489 795 524 τῷ
811 489 966 524 ὑπερουσίῳ

176 533 397 568 συνῳκειωμένον
413 541 420 549 ·
442 533 492 569 τὴν
508 534 649 570 ὑπερφερῆ
670 536 742 569 λέγω
773 535 967 570 ἀξιεραστοτά-

174 588 225 614 την
239 579 295 606 τῶν
309 579 418 615 ὑψηλῶν
430 580 589 607 ἀποστόλων
601 581 752 609 δωδεκάδα.

1019 264 1118 298 gratia,
1131 271 1227 291 eorum
1241 265 1288 300 qui
1303 270 1368 293 sunt
1382 266 1457 302 digni
1474 267 1582 296 animos
1601 267 1732 302 incessit;
1747 273 1809 296 tan-

1019 312 1102 343 toque
1113 310 1240 345 amplius,
1255 315 1358 345 quanto
1372 317 1401 340 et
1417 312 1457 340 illi
1471 313 1636 341 excellentia
1644 314 1809 349 sanctitatis,

1018 354 1192 382 sanctitatem
1202 363 1312 384 omnem
1318 357 1451 391 vincenti,
1459 359 1561 386 sanctis
1572 359 1701 387 omnibus
1713 360 1810 395 purius

1017 400 1166 435 veriusque
1181 402 1384 430 necessitudine
1400 404 1540 440 conjuncti
1554 410 1628 433 sunt.
1640 405 1742 433 Amore
1756 406 1810 442 igi-

1018 449 1064 472 tur
1081 450 1110 473 et
1126 446 1275 481 desiderio,
1296 449 1394 484 dignos
1407 457 1473 478 vere
1484 451 1532 486 qui
1549 456 1676 479 amentur
1691 459 1724 480 ac
1736 451 1810 480 desi-

1018 490 1097 519 derio
1112 492 1276 528 habeantur,
1292 499 1449 523 sanctorum
1463 496 1562 524 choros
1582 504 1782 532 prosequamur
1797 505 1807 525 :

1018 537 1141 565 omnium
1168 544 1261 568 autem
1289 541 1416 575 maxime,
1442 542 1489 577 qui
1510 542 1603 570 divina
1626 543 1808 571 similitudine

1019 589 1116 611 omnes
1148 586 1290 620 praeellit,
1318 588 1506 623 continuoque
1526 588 1670 616 excedenti
1696 596 1807 617 omnem

174 625 358 652 substantiam
388 625 509 653 cohaeret
539 633 572 654 ac
601 627 807 654 necessitudine
823 625 1065 662 coniunctissimus
1096 635 1158 664 est;
1178 632 1310 660 eximium
1330 633 1393 661 dico
1416 633 1554 670 digneque
1579 633 1808 663 amabilissimum

174 672 338 700 sublimium
351 672 553 701 duodenarium
567 674 755 709 apostolorum
768 679 883 703 ctetum.

210 721 319 756 Ταύτην
327 720 552 757 ὲπιποθήσωμεν,
571 721 675 758 ταύτην
691 722 859 758 ζηλώσωμεν
876 731 884 740 ·
912 722 963 750 καὶ

173 767 218 794 διὰ
233 767 376 802 μιμήσεως
395 767 446 803 τῆς
465 768 532 802 ἡμὶν
557 768 682 803 ὲφικτῆς,
706 768 808 804 ταύτης
835 768 963 803 γενέσθαι

1052 724 1134 753 Hunc
1152 725 1354 760 desideremus,
1379 727 1454 755 hunc
1469 728 1646 762 aemulemur;
1666 735 1699 756 ac
1714 728 1806 756 imita-

1016 771 1092 799 tione
1108 773 1220 807 (quanta
1234 781 1284 809 per
1294 773 1453 802 facultatem
1468 774 1543 810 licet)
1561 774 1635 803 illius
1651 774 1719 803 socii
1733 775 1805 804 ellici

174 813 373 848 σπουδάσωμεν
399 813 534 841 κοινωνοί.
565 813 645 841 Οὕτω
678 814 734 850 γὰρ
750 814 896 847 διἀὺτῶν,
920 814 960 850 τῷ

1014 819 1184 847 studeamus.
1197 819 1243 847 Sic
1252 820 1326 848 enim
1341 828 1392 856 per
1405 821 1476 854 illos,
1489 829 1619 857 supremo
1639 821 1806 850 desiderabi-

172 859 319 894 ἀκροτάτῳ
334 858 388 886 τῶν
406 859 522 894 ἐφετῶν,
545 860 585 896 τῷ
603 860 835 896 ἑγκατῳκισμένῳ
854 860 960 892 τούτοις

173 905 321 940 ὲγγιοῦμεν
341 905 453 941 Χριστῷ
474 913 481 921 ·
503 906 634 941 μακάριοί
658 914 688 933 τε
707 906 746 942 τῷ
768 906 825 933 ὄντι
846 906 916 933 κατὰ
930 906 961 932 τὺ

173 951 247 987 ἱερὸν
269 950 391 986 ἐσόμεθα
411 951 512 985 λόγιον,
535 951 703 987 πληροῦντες
732 951 782 986 τὴν
810 951 961 987 ἐπιθυμίαν

173 997 254 1033 ἡμῶν
266 997 296 1030 ἐξ
312 996 414 1030 αὐτῶν,
426 997 474 1024 καὶ
489 997 526 1033 μὴ
541 997 744 1033 αἰσχυνόμενοι,
761 997 830 1033 ἡνίκ’
847 997 881 1024 ἂν
892 997 961 1034 πρὸς

173 1044 234 1074 ταῖς
248 1043 295 1069 τοῦ
311 1043 369 1078 βίου
385 1043 483 1075 πύλαις
497 1045 656 1078 γενόμενοι,
673 1045 730 1075 τοῖς
753 1044 858 1072 ἑαυτῶν
883 1046 960 1072 ἀντι-

174 1089 297 1124 ὁολῶμεν
308 1089 364 1124 (21)
384 1089 504 1125 ἐχθροῖς.
525 1090 604 1117 Ἀλλά
621 1090 659 1126 μὴ
681 1090 805 1126 ἄκαρπόν
822 1099 884 1118 τινα.
912 1091 961 1119 καὶ

172 1135 255 1170 ψιλὴν
269 1135 362 1169 ἔφεσιν
373 1135 440 1170 πρὸς
453 1136 552 1167 αὐτοὺς
563 1135 783 1171 ὲπαγγελὼμεθα
794 1144 802 1152 ·
815 1137 912 1172 ὲνεργῆ
932 1137 961 1163 δὲ

171 1182 220 1207 καὶ
234 1181 393 1216 ἔμπρακτον
411 1181 603 1217 εἰσφέρωμεν·
627 1182 675 1209 καὶ
702 1181 752 1217 βίῳ
781 1182 830 1218 μὲν
853 1183 960 1219 τελείῳ,

170 1225 222 1260 τὴν
236 1225 419 1261 τρανεστέραν
448 1226 594 1261 ὁμοίωσιν,
618 1227 656 1259 ὡς
679 1227 803 1261 δυνατὸν,
832 1228 962 1264 ἀφοσιού-

173 1279 268 1306 μενοι·
298 1270 371 1306 λόγῳ
396 1271 445 1304 δὲ,
469 1271 519 1306 τὴν
541 1272 716 1308 καθήκουσαν
738 1272 844 1301 αίνεσιν
867 1275 961 1306 αὐτοῖς

171 1317 378 1352 ἀφιεροὺμενοι,
393 1318 428 1344 δι’
443 1319 545 1353 ἀμφοῖν
570 1318 617 1347 τὸν
640 1319 670 1346 ὲν
683 1320 775 1352 αὐτοῖς
802 1321 960 1357 ἀγιάζωμεν

171 1361 381 1396 ἑνδοξαζόμενον
401 1362 477 1390 θεόν.

210 1408 289 1434 Ἐστι
304 1408 354 1442 μὲν
369 1405 416 1434 οὗν
428 1409 522 1443 ὥσπερ
536 1406 576 1440 εἷς
588 1409 689 1444 ὁμοίως
709 1410 764 1438 τῶν
780 1410 884 1438 δώδεκα
905 1411 961 1438 Πα-

171 1454 225 1490 τὴρ
238 1456 253 1481 ὸ
268 1455 345 1488 Θεὸς,
361 1455 520 1488 διδάσκαλός
535 1465 565 1482 τε
585 1457 633 1484 καὶ
647 1457 748 1493 Κύριος
771 1459 818 1485 καὶ
838 1458 960 1494 καθηγη-

171 1501 220 1537 τῆς
234 1502 248 1528 ὁ
263 1501 395 1536 Χριστός*
411 1501 460 1537 μία
476 1511 506 1528 τε
521 1504 611 1534 πίστις
624 1505 671 1530 καὶ
685 1504 764 1539 χάρις
782 1505 828 1531 καὶ
846 1504 959 1540 δύναμις
973 1497 995 1528 c

170 1546 218 1573 τοῦ
235 1546 407 1582 Πνεύματος·
430 1547 447 1583 ἦ
469 1556 499 1574 τε
521 1549 642 1576 διακονία
661 1550 711 1585 τῆς
725 1551 895 1586 ἀποστολῆς,
913 1551 960 1578 καὶ

169 1593 274 1627 ἀμοιϐὴ
288 1593 316 1619 δὲ
327 1592 382 1619 τῶν
395 1594 483 1628 γερῶν
496 1595 512 1629 ἡ
526 1594 605 1630 αὐτὴ,
616 1595 687 1622 οὕτω
701 1598 748 1623 καὶ
764 1597 874 1629 ἔπαινος
888 1599 902 1624 ὁ
915 1598 961 1624 αὺ-

169 1639 218 1670 τὸς
231 1638 286 1665 τῶν
304 1638 433 1674 μαθητῶν
445 1639 573 1667 ἁπάντων
585 1641 668 1668 ἐστίν.
678 1642 747 1668 Ἀλλ’
762 1643 798 1674 ὼς
810 1644 871 1670 κατ’
882 1643 960 1671 ἄλλον

169 1684 272 1719 τρόπον
288 1683 338 1720 τὴν
361 1685 414 1711 ἀπὸ
430 1685 477 1712 τοῦ
500 1685 626 1722 σώματος
653 1687 703 1722 μὲν
726 1688 869 1724 ἐκδημίαν,
892 1689 961 1725 πρὸς

169 1728 276 1764 Κύριον
300 1729 328 1755 δὲ
350 1731 542 1765 πεποιημένων
565 1732 705 1767 ἐνδημίαν,
722 1733 878 1767 ἀναγκαίως
893 1734 960 1761 ἑκά-

170 1784 228 1810 στῳ
244 1776 291 1802 καὶ
308 1777 325 1811 ἡ
339 1776 442 1808 αῖνεσις
458 1777 616 1812 ίδιοτρόπως
630 1779 795 1806 ἀποδίδοται.

207 1822 257 1853 Τίς
269 1820 316 1848 οὖν
333 1823 380 1849 τὸν
395 1823 468 1858 ιερδν
485 1823 613 1858 σύλλογον
624 1824 719 1852 τοῦτον
733 1825 749 1860 ἢ
766 1825 859 1852 θίασον
876 1825 962 1860 σήμε-

169 1877 219 1903 ρον
234 1869 367 1894 συνιστῶν
376 1888 384 1901 ,
400 1869 447 1896 καὶ
465 1870 618 1904 προθυμίας
631 1870 812 1906 ἀναπιμπλῶν
821 1890 829 1903 ,
842 1871 888 1897 καὶ
900 1871 962 1906 ἠδο-

169 1915 221 1948 νῆς
250 1914 417 1949 θαυμασίας,
442 1916 489 1942 καὶ
519 1916 696 1952 φαιδρότητος
724 1917 773 1949 τὰς
798 1917 961 1952 Ἐκκλησίας

168 1959 346 1995 ἀναπληρῶν,
364 1960 412 1988 καὶ
435 1961 504 1997 πρὸς
525 1962 677 1996 δοξολογίαν
697 1962 772 1990 θείαν
792 1964 960 2000 συναγείρων

168 2005 219 2032 καὶ
233 2007 405 2041 συγκροτῶν;
415 2007 452 2034 Ἦ
461 2008 528 2034 πᾶσι
544 2009 701 2044 καταφανὴς
713 2011 730 2045 ή
745 2010 820 2037 αἰτία
836 2010 886 2045 τῆς
899 2011 960 2046 ἑορ-

168 2052 239 2086 τῆς;
255 2052 355 2087 Θωμᾶς
367 2053 422 2088 γὰρ
442 2054 457 2080 ὸ
473 2053 559 2089 μέγας
575 2054 621 2081 τοῦ
637 2055 803 2090 Εὑαγγελίου
818 2056 958 2092 λαμπτὴρ,

167 2098 201 2124 οὐ
215 2098 284 2134 πρὸς
297 2099 423 2134 αἴσθησιν
438 2100 605 2136 σωματικὴν,
619 2101 686 2128 ἀλλὰ
702 2102 796 2138 γοερὰν
810 2103 960 2139 ὲξανίσχων

1011 863 1089 898 lium,
1107 865 1135 892 in
1153 866 1194 893 eis
1208 866 1344 894 habitanti
1367 866 1489 900 Christo,
1512 875 1598 903 prope
1619 868 1803 902 accedemus;

1009 914 1043 935 ac
1060 907 1142 936 .beati
1164 908 1255 944 reipsa
1283 910 1335 946 (uti
1365 917 1474 938 sacrum
1497 911 1627 946 perhibet
1649 911 1804 947 eloquium)

1011 953 1129 988 erimus,
1154 956 1203 991 qui
1228 956 1391 992 impleamus
1418 957 1589 985 desiderium
1617 962 1742 986 nostrum
1770 965 1805 985 ex

1011 997 1088 1034 ipsis,
1104 1007 1156 1028 nec
1169 1001 1257 1029 simus
1277 1002 1475 1037 confundendi,
1492 1009 1554 1030 cum
1579 1003 1607 1030 in
1628 1004 1693 1031 vitae
1716 1004 1805 1039 portis

1011 1047 1175 1081 constituti,
1200 1048 1321 1077 inimicis
1345 1050 1449 1078 nostris
1469 1058 1648 1079 occurremus
1662 1051 1696 1078 ⁴⁰.
1724 1050 1803 1079 Haud

1010 1093 1152 1121 enimvero
1173 1094 1375 1123 infructuosum
1399 1096 1536 1131 quoddam
1553 1104 1584 1125 ac
1607 1097 1723 1132 simplex
1738 1105 1802 1133 erga

1010 1137 1073 1166 illos
1086 1139 1254 1168 desiderium
1267 1149 1445 1178 amoremque
1463 1142 1653 1178 proﬂteamur,
1664 1142 1712 1171 sed
1728 1143 1802 1178 quod

1010 1183 1106 1212 etllcax
1119 1193 1271 1222 verumque
1285 1187 1411 1220 exsistat,
1435 1187 1463 1215 in
1478 1195 1535 1215 rem
1551 1188 1725 1216 conferamus
1746 1197 1752 1215 :
1768 1196 1802 1216 ac

1009 1231 1073 1259 vitae
1083 1232 1194 1267 quidem
1207 1233 1388 1268 perfectione,
1408 1234 1591 1269 limpidior-em
1608 1234 1710 1270 (quoad
1726 1234 1802 1269 licet)

1011 1276 1220 1305 similitudinem
1231 1278 1410 1312 exhibentes;
1429 1279 1554 1307 doctrina
1567 1287 1633 1307 vero
1646 1284 1728 1314 atque
1744 1287 1803 1307 ser-

1010 1329 1093 1350 mone
1109 1323 1219 1351 laudem
1235 1324 1277 1352 eis
1300 1332 1450 1360 congruam
1469 1325 1666 1361 depangentes,
1684 1330 1802 1361 utroque

1010 1368 1058 1403 qui
1070 1368 1097 1396 in
1114 1368 1169 1396 illis
1181 1369 1379 1403 sanctiﬁcatur,
1397 1371 1482 1398 Deum
1498 1370 1714 1399 sanctiflcemus.

1045 1421 1092 1449 Est
1105 1421 1187 1457 igitur
1195 1422 1438 1457 ,quemadmodum
1450 1431 1521 1451 unus
1538 1424 1642 1459 pariter
1654 1424 1802 1452 duodecim

1010 1467 1090 1495 Pater
1104 1467 1187 1500 Deus,
1201 1468 1382 1504 magisterque
1397 1473 1425 1496 et
1449 1469 1578 1496 dominus
1592 1474 1675 1505 atque
1697 1478 1803 1505 praece-

1011 1519 1084 1549 ptor,
1093 1513 1220 1542 Christus
1235 1522 1306 1548 ;una
1314 1523 1424 1550 quoque
1441 1515 1508 1543 fides
1521 1521 1549 1543 et
1561 1516 1645 1551 gratia
1658 1516 1803 1551 virtusque

1012 1559 1129 1594 Spiritus
1145 1581 1153 1594 ,
1169 1560 1366 1595 apostolicique
1383 1562 1505 1589 muneris
1518 1561 1632 1594 functio,
1651 1570 1683 1590 ac
1705 1562 1802 1590 eadem

1010 1604 1184 1638 praemiorum
1194 1604 1348 1637 retributio,
1359 1605 1399 1632 sic
1408 1609 1436 1633 et
1448 1605 1543 1633 eadem
1555 1605 1615 1633 laus
1628 1605 1750 1633 omnium
1761 1606 1802 1633 di—

1010 1650 1177 1685 scipulorum
1192 1650 1299 1678 exsistit
1313 1659 1321 1677 :
1337 1651 1410 1685 quod
1425 1655 1514 1678 tamen
1524 1651 1577 1679 alia
1592 1651 1700 1687 aliaque
1719 1652 1803 1679 ratio-

1010 1703 1046 1724 ne
1059 1696 1218 1732 emigrarint
1234 1703 1373 1731 ecorpore
1386 1701 1414 1725 et
1424 1697 1458 1724 ad
1477 1697 1622 1725 Dominum
1634 1698 1802 1733 commigra-

1011 1741 1081 1774 rint,
1093 1742 1249 1769 necessario
1259 1750 1369 1777 quoque
1378 1743 1491 1778 propria
1505 1743 1604 1779 cuique
1616 1743 1677 1771 laus
1697 1744 1803 1772 ratione

1011 1787 1192 1823 dependitur.

1064 1840 1195 1874 Quisnam
1209 1841 1294 1876 igitur
1307 1845 1350 1869 est
1360 1841 1406 1876 qui
1419 1849 1528 1869 sacrum
1543 1841 1618 1869 hunc
1633 1847 1802 1870 conventum

1011 1892 1060 1912 seu
1076 1885 1191 1913 chorum
1206 1885 1338 1914 hodierna
1354 1886 1398 1914 die
1408 1886 1567 1920 constituit,
1579 1887 1729 1922 impletque
1742 1888 1802 1915 ala-

1011 1932 1108 1959 critate
1123 1952 1131 1965 ,
1150 1939 1183 1960 ac
1201 1932 1269 1960 mira
1280 1932 1420 1967 voluptate
1431 1941 1463 1960 ac
1471 1933 1645 1968 iucunditate
1663 1934 1802 1961 Ecclesia:

1013 1977 1116 2012 ubique
1130 1977 1213 2005 allicit
1227 1997 1235 2010 ,
1246 1982 1327 2012 atque
1340 1977 1374 2004 ad
1389 1978 1436 2005 Dei
1456 1979 1551 2005 laudes
1565 1979 1802 2008 concelebrandas

1011 2027 1158 2059 congregat
1169 2028 1310 2058 ccetusque
1327 2023 1399 2059 cogit
1411 2024 1423 2050 ?
1435 2024 1506 2051 Num
1531 2025 1639 2052 cunctis
1657 2025 1802 2053 manifesta

1011 2071 1073 2098 festi
1082 2071 1151 2098 ratio
1161 2079 1192 2099 ac
1201 2078 1281 2099 causa
1292 2071 1413 2106 ?Nempe
1426 2071 1545 2099 Thomas
1554 2080 1651 2107 magna
1659 2073 1704 2100 illa
1713 2072 1802 2100 Evan-

1012 2117 1075 2152 gelii
1084 2117 1138 2150 fax,
1148 2125 1203 2144 non
1213 2118 1362 2152 corporalis
1374 2125 1471 2145 sensus
1486 2118 1603 2149 ratione.
1613 2119 1660 2146 sed
1685 2119 1802 2154 spirita-

166 2147 247 2180 ἡμῖν,
265 2147 312 2173 καὶ
324 2148 485 2181 φανωτάτας
498 2148 548 2183 τῆς
561 2148 644 2176 αὑτοῦ
660 2151 769 2187 μνήμης
783 2151 832 2183 τὰς
850 2160 960 2187 μαρμα-

1011 2163 1045 2191 iis
1059 2164 1213 2198 mentisque
1222 2163 1327 2199 fulgure
1342 2164 1423 2192 nobis
1439 2164 1565 2192 exoriens
1580 2185 1587 2197 ,
1598 2164 1801 2194 lucidissimos-

167 2192 258 2228 ρυγάς
271 2193 363 2227 ἐνιεὶς,
379 2194 447 2228 πρὸς
461 2195 512 2229 τὴν
530 2195 635 2222 οίκείαν
649 2196 778 2230 συγκαλεϊ
791 2197 881 2230 δόξαν.
899 2197 959 2224 Θω-

167 2239 223 2274 μᾶς
241 2240 256 2266 ὀ
269 2239 359 2274 τίμιος
383 2240 466 2274 λίθος,
481 2241 529 2268 καὶ
545 2242 643 2273 σεπτὸς
659 2242 707 2269 καὶ
728 2243 870 2276 ἐκλεκτός·
891 2244 906 2270 ὁ
921 2243 961 2279 τῷ

165 2283 296 2319 στεφάνῳ
311 2285 360 2319 τῆς
371 2285 452 2321 δόξης
467 2286 506 2322 τῷ
518 2288 552 2323 τῇ
565 2288 721 2324 ἐπουρανίῳ
738 2289 868 2316 πλακέντι
879 2289 959 2323 Σιὼν,

164 2330 237 2365 πρὸς
258 2332 315 2362 τοῖς
338 2331 436 2358 ἕνδεκα
458 2335 662 2368 συνηρτημένος
677 2341 684 2349 '
713 2335 727 2362 ὁ
753 2336 927 2371 μαργαρίτης
946 2337 960 2363 ό

163 2375 336 2411 ὁλολαμπής.
345 2376 374 2403 ὐ
385 2377 497 2413 γνώμης
510 2379 653 2415 ἁπλότητι,
664 2381 710 2407 καὶ
722 2381 780 2412 νοὸς
793 2381 959 2417 καθαρότητι

164 2422 214 2448 καὶ
225 2423 356 2458 φανότητι
370 2423 431 2451 ὅλον
447 2425 477 2450 τὸ
491 2425 595 2452 ἁπλοῦν
609 2426 667 2461 φῶς
683 2428 729 2453 καὶ
744 2427 889 2463 θεαρχικὺν
904 2429 960 2455 είσ-

164 2468 327 2503 δεδεγμένος
338 2490 346 2501 ,
365 2470 412 2496 καὶ
427 2471 646 2506 μεγαλοπρεπεῖς
661 2472 708 2507 ἀφ’
722 2474 818 2500 ἑαυτοῦ
833 2476 888 2506 τοῖς
901 2474 961 2507 ἑζο-

165 2515 304 2548 φωμένοις
318 2515 408 2542 ἔθνεσι
421 2517 472 2548 τὰς
486 2517 700 2551 ἀντανακλάσεις
718 2520 892 2555 ἀποπέμπων
904 2521 959 2548 τῶν

165 2561 327 2596 φωτισμῶν.
345 2561 457 2597 Θωμᾶς,
472 2564 487 2590 ὁ
508 2563 556 2591 καὶ
577 2563 708 2600 Δίδυμος·
725 2565 806 2593 τοῦτο
829 2566 884 2602 γὰρ
911 2566 958 2594 τοῦ

201 2641 226 2656 ⁸⁸
250 2641 323 2668 Psal.
343 2650 434 2674 cnvr,
449 2642 477 2670 5.

212 2697 258 2738 2})
275 2699 502 2738 Ἀετιὸολῶμρξῃ
524 2700 614 2738 Malim
636 2701 838 2738 ἀντιϐαλῶμεν,
855 2704 956 2738 vixque

165 2732 292 2773 dubitem
304 2732 441 2773 Nicetam:
451 2735 533 2773 aliter
546 2736 700 2773 scripsisse,
716 2732 864 2773 rqui'totus
889 2732 959 2766 aliu-

165 2769 214 2809 dat
227 2769 261 2795 ad
271 2769 364 2796 locum
377 2770 473 2804 psalmi
483 2778 563 2809 cxx"
578 2769 613 2798 de
636 2769 754 2809 judicio
766 2773 795 2800 in
807 2780 885 2809 porta
903 2775 958 2802 He-

166 2803 303 2842 braeorum
320 2803 406 2836 more,
416 2805 490 2839 quod
507 2810 604 2834 auctor
617 2803 651 2833 ad
669 2803 817 2842 judicium-
831 2810 914 2837 trahit
930 2810 957 2837 in

165 2839 242 2866 exitu
253 2840 317 2879 vita:
332 2844 414 2879 atque
429 2848 555 2879 excessu,
577 2849 640 2868 eum
657 2839 755 2879 beatus
769 2851 880 2879 revera,
909 2845 957 2879 qui

165 2881 222 2901 non
235 2875 432 2908 confundetur,
448 2883 510 2902 cum
527 2875 654 2911 loquetur
670 2877 809 2912 inimicis;
822 2875 885 2908 cum
898 2875 937 2908 séi

1009 2215 1062 2244 que
1076 2216 1132 2235 suae
1146 2208 1286 2236 memoria:
1296 2209 1413 2236 micatus
1426 2209 1539 2237 vibrans
1555 2230 1563 2242 ,
1578 2210 1612 2238 ad
1628 2210 1715 2245 ipsius
1728 2219 1800 2239 con-

1009 2258 1088 2281 vocat
1104 2254 1296 2281 celebrandam
1309 2254 1435 2290 gloriam.
1447 2255 1567 2283 Thomas
1584 2256 1714 2284 nimirum
1735 2265 1799 2292 pre-

1009 2298 1097 2327 tiosus
1112 2299 1182 2334 lapis
1195 2307 1228 2327 ac
1239 2300 1404 2328 venerabilis
1417 2301 1577 2336 electusque
1590 2322 1598 2335 ,
1617 2310 1726 2331 corona:
1741 2304 1801 2339 glo-

1009 2344 1057 2372 riae
1070 2345 1174 2373 cmlesti
1184 2345 1270 2380 plexaa
1283 2345 1359 2374 Sioni
1375 2367 1383 2380 ,
1395 2347 1525 2375 undecim
1541 2348 1688 2384 adjunctus
1703 2349 1802 2385 imple.

1010 2397 1116 2425 xusque
1128 2394 1255 2418 catervae.
1266 2391 1411 2427 Margarita
1418 2393 1493 2420 omni
1507 2397 1584 2428 parte
1597 2394 1706 2422 lucidus
1721 2415 1729 2428 ,
1740 2396 1802 2422 ani-

1010 2435 1047 2462 mi
1061 2435 1234 2471 simplictiate
1249 2437 1405 2473 mentisque
1424 2438 1544 2473 puritate
1558 2447 1590 2467 ac
1602 2440 1800 2476 perspicuitate

1010 2483 1068 2507 toto
1089 2479 1148 2514 ipso
1157 2481 1274 2516 simplici
1289 2481 1438 2517 divinoquc
1464 2482 1570 2511 lumine
1584 2484 1647 2511 sinu
1658 2490 1798 2520 suscepto,

1010 2524 1223 2561 magnificosque
1238 2533 1253 2553 a
1272 2534 1302 2554 se
1313 2527 1374 2562 ipso
1389 2528 1522 2556 obcaecati
1533 2529 1650 2565 caligine
1669 2531 1800 2565 gentibus

1010 2569 1224 2598 illustrationum
1237 2571 1357 2608 fulgores
1375 2573 1496 2602 refractu
1515 2574 1645 2603 emittens
1665 2575 1797 2610 Thomas,

1006 2705 1073 2733 licet
1084 2706 1274 2741 respondebit,
1292 2714 1324 2735 ac
1341 2709 1424 2736 verba
1437 2708 1524 2741 dabit.
1541 2709 1577 2737 iis
1601 2707 1796 2737 accusantibus

1008 2748 1041 2768 ac
1062 2741 1248 2779 dremonibus,
1262 2750 1312 2778 pro
1329 2743 1372 2771 his
1388 2751 1450 2779 quae
1471 2744 1581 2772 illorum
1602 2744 1718 2771 maxime
1734 2751 1798 2779 sug-

1005 2776 1129 2816 gestione
1140 2776 1282 2811 peccavit;
1305 2779 1379 2816 quod
1397 2776 1621 2816 ἒξῐγάντιῦαλείν
1635 2787 1641 2794 ·
1656 2786 1710 2816 non
1733 2776 1796 2806 cuin

1006 2811 1061 2838 illis
1091 2818 1228 2844 occurret,
1253 2811 1327 2848 quod
1356 2814 1520 2846 ἁντιὸαλεῑν,
1537 2818 1565 2840 «ιι
1587 2814 1720 2843 remotius
1742 2820 1794 2848 cst,

1006 2853 1054 2874 scu
1071 2848 1256 2882 communitis,
1268 2856 1318 2877 nec
1333 2856 1495 2884 expressum
1512 2856 1527 2876 a
1541 2849 1652 2877 Davidc.
