2072 3160
254 144 304 176 131

251 257 306 284 que
331 248 418 276 notio.
433 247 519 276 Porro
546 247 677 283 Didymus
707 246 858 282 appellatus
883 250 925 273 est
943 245 1035 280 ,quod

252 301 308 322 non
321 293 397 321 solus
410 313 416 326 ,
427 292 475 321 sed
482 300 546 320 cum
562 293 649 320 altero
660 291 756 326 illique
769 290 901 326 gemellus
909 298 963 317 uno
971 298 1035 325 par-

253 343 283 365 tu
297 337 389 366 editus
403 341 446 365 est
460 337 494 364 ⁵¹.

288 383 338 411 llic
348 391 415 411 vero
426 383 455 411 in
468 387 600 411 terrestre
609 381 710 410 uelum
723 380 819 417 (aedem
832 381 938 409 scilicet
949 381 1037 417 suam)

254 431 375 459 ﬁdelium
391 434 494 458 turmas
511 429 539 456 in
555 429 716 456 concionem
730 435 833 456 vocans
848 447 856 460 .
868 435 973 463 suaque
984 428 1038 455 mi-

256 477 349 504 racula
363 483 396 503 ac
409 475 539 511 pra-clara
555 479 631 510 gesta
642 474 759 510 spiritali
773 474 900 501 convivio
909 474 1038 509 lautaque

253 521 410 557 epulatione
429 527 570 555 apponens
585 539 593 550 .
618 527 727 547 omnem
755 519 898 555 magniﬁce
921 519 1039 554 dapibus

255 567 342 595 reﬁcit
356 573 389 594 ac
403 570 511 594 recreat
534 566 656 593 animum
673 573 747 592 :non
776 565 824 600 qui
837 572 952 600 corpore
971 572 1039 592 con-

255 614 397 648 spiciatur,
410 612 460 640 sed
469 611 515 647 qui
528 612 627 648 spiritu
640 611 778 645 credatur;
791 619 843 639 nec
852 612 899 646 qui
915 619 969 638 uno
978 611 1039 638 loco

255 666 402 694 corporum
426 665 503 686 more
528 657 781 688 circumscribatur,
812 657 860 684 sed
879 657 927 692 qui
951 656 1041 684 omni-

256 706 308 733 bus
337 709 394 734 toto
405 705 472 732 orbe
498 703 630 732 Ecclesiis
648 704 761 739 (quippe
776 703 887 730 divinus
913 703 1038 738 spiritus,

257 756 385 786 umquam
402 758 435 778 ex
450 751 505 778 Deo
517 749 622 784 Spiritu
633 753 716 776 natus
730 751 739 785 )
754 749 908 784 spiritalem
921 749 1038 785 gratiam

258 795 339 822 solari
363 793 555 829 persplendeat
581 793 693 825 micatu,
709 793 841 827 omnique
869 793 1043 828 iucunditate

259 840 414 875 adimpleat;
433 843 516 875 atque
533 846 649 874 operum
664 847 777 867 suorum
793 839 880 871 radio,
896 847 945 867 seu
957 839 1042 867 clari-

586 170 589 174 λ
856 142 1002 172 ΝΙΕΕΤιΕ
1016 141 1278 173 PAPHLAGONIS

251 204 299 240 qui
311 206 341 231 et
353 201 494 237 Didymus.
507 199 649 228 Hatcenim
666 200 787 228 nominis
796 200 985 235 interpretatio
995 204 1033 227 at—
1046 216 1052 231 Α

1101 200 1215 235 νόματος
1228 201 1245 235 ἡ
1259 199 1389 235 δήλωσις³
1415 198 1530 235 Δίδυμος
1542 198 1570 226 δὲ
1585 197 1748 233 κεκλῆσθαι,
1767 197 1807 233 τῷ
1833 197 1871 234 μὴ

1821 139 1871 171 132

1085 246 1176 281 μόνον,
1194 245 1254 281 μεθ’
1271 246 1365 281 ἑτέρου
1389 244 1418 272 δι
1441 245 1536 272 τοῦτον
1558 246 1591 272 ὲκ
1608 245 1672 280 μιᾶς
1688 243 1871 280 ἀποτιχθῆναι

1083 292 1212 327 γαστρός.

1121 376 1206 410 Οὗτος
1227 380 1322 414 ὡσπερ
1355 379 1395 411 εἰς
1425 378 1539 414 οὐρανὸν
1566 379 1686 413 ἐπίγειον
1714 379 1761 407 τὸν
1790 378 1874 406 αὐτοῦ

1086 426 1147 452 ναὸν
1161 425 1218 460 (22)
1233 424 1421 460 ἐκκλησιάζων
1445 425 1480 453 τὰ
1506 426 1667 460 συστήματα
1689 425 1744 452 τῶν
1759 425 1874 456 πιστῶν,

1086 473 1135 500 καὶ
1152 472 1340 508 πνευματικὴν
1356 471 1518 499 πανδαισίαν
1530 472 1564 499 τὰ
1576 472 1664 498 οἰκεῖα
1683 471 1810 507 θαύματα
1825 472 1873 498 καὶ

1087 519 1286 553 κατορθώματα
1301 518 1449 553 προτιθεὶς,
1467 519 1558 546 πᾶσαν
1572 517 1649 554 ἑστιᾷ
1669 518 1817 553 φιλοτίμως
1828 518 1876 545 καὶ

1088 565 1256 599 κατατέρπει
1278 565 1385 600 ψυχήν·
1411 564 1442 591 οὐ
1468 563 1507 599 τῷ
1533 563 1641 599 σώματι
1665 563 1875 600 καθορώμενος,

1088 612 1156 639 ἀλλὰ
1169 612 1210 646 τῷ
1225 612 1362 646 πνεύματι
1378 611 1573 646 πιστευόμενος
1585 617 1592 626 ·
1607 610 1661 637 οὐδ’
1676 610 1716 637 ἑνὶ
1731 611 1807 646 τόπῳ
1826 619 1876 636 πε-

1091 658 1302 694 ριγραφόμενος,
1311 658 1349 689 ὡς
1361 657 1397 684 τὰ
1408 657 1521 693 σώματα
1531 666 1539 674 ·
1554 658 1614 689 ταῖς
1625 657 1781 693 ἅπανταχοῦ
1791 657 1819 684 δὲ
1829 657 1878 693 τῆς

1090 705 1253 740 οἰκουμένης
1269 703 1456 738 Ἐκκλησίαις,
1479 704 1526 731 Ere
1550 704 1658 739 πνεῦμα
1678 703 1716 731 ὢν
1739 703 1826 736 θεῖον,
1840 704 1878 735 ὡς

1090 751 1229 785 Πνεύματι
1242 750 1310 777 Θεοῦ
1323 750 1473 784 γεννηθεὶς,
1488 750 1538 785 τὴν
1548 750 1650 786 νοητὴν
1672 749 1817 785 ὴλιοδολῶν
1830 749 1879 784 χά-

1094 805 1145 832 ριν,
1161 796 1208 823 καὶ
1224 796 1315 831 πάσης
1337 795 1472 831 θυμηδίας
1491 795 1621 831 πληρῶν,
1640 796 1687 822 καὶ
1705 795 1749 822 διὰ
1761 796 1811 830 τῆς
1825 794 1880 821 τῶν

1094 843 1166 870 ἰδίων
1189 842 1277 878 ἔργων
1298 841 1460 877 ὲκλάμψεως
1486 841 1503 876 ἢ
1529 842 1672 877 ὑμνήσεως
1693 840 1811 874 δοξάζων
1833 841 1880 867 τὸν

258 890 324 918 tate,
338 885 446 912 Patrem
461 884 510 919 qui
530 883 559 910 in
577 883 655 911 ccclis
665 887 718 915 est,
735 883 906 919 gloriﬁcet“.
920 883 1044 919 Cumque

1101 888 1205 923 Πατέρα
1227 889 1273 914 τὴν
1293 888 1323 914 ὲν
1338 889 1396 919 τοῖς
1417 888 1550 923 οὐρανοῖς.
1569 886 1623 913 Καὶ
1636 887 1661 912 εἰ
1675 886 1777 923 περιὼν
1789 886 1829 913 ἔτι
1842 886 1882 921 τῷ

259 931 349 959 adhuc
359 930 422 958 vitae
431 933 571 965 superstes
582 937 614 957 ac
625 929 652 956 in
669 936 752 958 carne
769 937 851 965 agens
867 949 876 962 ,
890 930 964 957 aliud
975 930 1046 958 nihil

259 982 317 1005 tum
327 976 428 1008 verbis,
440 980 496 1003 tum
509 975 639 1010 operibus
650 980 803 1011 praestaret,
817 984 899 1011 quam
908 976 981 1012 quod
992 977 1044 1005 Pa-

259 1023 294 1050 tri
304 1022 443 1050 videretur
455 1031 461 1048 :
477 1021 578 1057 potiori
593 1021 672 1057 longe
686 1022 792 1049 ratione
806 1029 921 1057 corpore
928 1023 1045 1055 solutus,

259 1078 292 1097 ac
305 1069 402 1104 spiritu
415 1068 471 1095 Deo
484 1072 717 1103 contemperatus,
729 1068 805 1095 nullo
817 1068 896 1096 taedio
911 1076 942 1096 ac
953 1069 1050 1097 labore

261 1114 444 1149 temporisque
455 1113 819 1149 momento,velutqntedam
837 1114 956 1143 cmlcstis
971 1123 1048 1144 mens

260 1162 356 1188 orbem
372 1167 534 1196 pervagans.
564 1165 733 1195 cunctosque
763 1161 844 1188 simul
867 1169 986 1196 superne
1004 1162 1050 1188 in~

262 1211 352 1237 tuens,
364 1206 397 1234 ad
412 1207 460 1234 Dei
474 1205 581 1234 laudem
596 1213 629 1234 ac
638 1206 752 1242 gloriam
767 1214 882 1241 operum
892 1214 1005 1235 suorum
1015 1215 1051 1235 ac

260 1252 418 1287 passionum
433 1251 576 1283 memoria,
584 1250 690 1278 alacres
703 1251 803 1278 reddit.

314 1307 437 1340 Thomas
445 1306 538 1342 itaqu
552 1310 615 1333 ante
627 1306 721 1333 mundi
736 1306 971 1340 constitutionem,
983 1314 1052 1334 con-

262 1353 358 1380 formis
372 1352 482 1380 futurus
505 1351 633 1387 imaginis
641 1351 779 1387 Unigeniti
796 1352 922 1388 cognitus
937 1360 969 1380 ac
981 1360 1053 1388 prte-

262 1399 426 1431 destinatus,
449 1398 523 1434 quod
534 1402 642 1433 tempus
655 1397 834 1433 apparitionis
859 1398 972 1430 aderat,
987 1398 1051 1433 qui-

263 1453 317 1480 que
331 1445 511 1480 apostolicum
533 1448 658 1472 senatum
682 1448 775 1471 essent
797 1443 936 1478 impleturi
953 1447 1052 1478 praesto

263 1491 383 1527 eligendi
397 1495 488 1523 erant,
504 1490 562 1525 ipse
576 1490 678 1524 pariter
692 1497 755 1517 cum
768 1490 882 1524 reliquis
891 1490 926 1517 ad
946 1496 1053 1517 saCram

264 1534 338 1562 illam
350 1535 520 1561 vocationem
531 1533 618 1560 evasit
630 1541 638 1560 :
654 1538 831 1568 vocatusque,
843 1533 914 1561 haud
929 1534 1054 1569 segnium

266 1585 342 1605 more
355 1582 497 1606 vocantem
506 1578 616 1612 repulit;
629 1582 677 1605 aut
686 1585 748 1605 cum
759 1578 926 1609 obaudisset.
943 1586 976 1606 ac
993 1584 1054 1606 tan-

265 1625 353 1659 tisper
368 1624 405 1651 illi
421 1623 589 1656 adhaesisset;
602 1624 677 1651 velut
688 1623 727 1650 illi
742 1631 859 1658 quorum
880 1625 987 1653 modica
1019 1633 1053 1654 ac

267 1674 368 1697 nutans
406 1669 484 1703 ﬁdes,
511 1668 684 1705 postmodum
693 1669 835 1697 abitretro
848 1677 880 1698 ac
893 1670 989 1705 pedem
1006 1678 1053 1698 re-

304 1741 327 1756 ⁶¹
338 1740 418 1768 Joan.
433 1748 479 1773 xx,
497 1740 542 1768 ΞΔ.
581 1739 604 1756 ⁴¹
619 1739 640 1767 ll
652 1740 716 1768 Cor.
743 1748 785 1774 tu,
799 1740 842 1768 l7.

306 1811 368 1847 (‘22),
380 1809 436 1847 Ἰ·ρν
448 1810 542 1847 αὐζοῦ
557 1811 642 1847 ναιξν.
654 1810 792 1847 Erathoc,
801 1811 913 1839 Thoma:
925 1812 1057 1847 templum

270 1846 298 1874 in
311 1845 315 1847 ’
326 1845 439 1880 palatio,
457 1852 480 1880 ,a
498 1845 590 1872 Leone
604 1845 695 1872 Basilii
710 1845 766 1873 ﬁlio
787 1845 1057 1878 instauratum-cum

271 1879 399 1908 incendio
410 1879 542 1907 foedatum
559 1880 673 1913 fuisset;
687 1888 740 1915 qua
752 1881 786 1908 de
800 1889 829 1908 re
847 1886 938 1909 exstat
958 1889 1013 1909 una
1030 1886 1059 1910 et

270 1915 432 1952 altera_ejus
442 1915 542 1947 oratio,
555 1923 637 1950 quam
655 1923 716 1942 meo
730 1917 801 1951 stylo
814 1917 930 1951 produxi
941 1917 975 1943 ad
994 1918 1055 1952 ejus

271 1952 343 1979 diem
358 1950 468 1982 festum,
479 1958 511 1977 ex
523 1958 574 1987 ms,
589 1950 807 1987 emipent.card.
816 1950 959 1983 Mazarini,
971 1950 1059 1987 inquo

269 1992 300 2014 et
311 1987 468 2022 ejuscapnt,
477 1985 552 2022 quod
563 1984 633 2013 forte
641 1985 743 2013 Edessa
751 1987 911 2014 translatum
918 1992 1002 2022 esset;
1011 1984 1058 2015 ubi

270 2020 336 2049 oliui
346 2020 482 2057 creditum
493 2021 554 2055 ejus
562 2028 662 2057 corpus
669 2028 739 2054 esse,
749 2029 812 2048 cum
822 2022 893 2052 lndi,
902 2021 975 2056 apud
988 2030 1059 2057 quos

272 2055 404 2120 ﬂartyrio
413 2055 526 2084 functus
544 2060 598 2088 est,
607 2056 758 2084 etiamnum
770 2061 868 2092 putent
877 2065 907 2085 se
918 2055 985 2084 illud
998 2055 1059 2085 ’ha-

309 2099 348 2119 re.

309 2099 348 2119 re.

306 2127 382 2163 Num,
389 2126 497 2153 Baronii
505 2125 668 2163 faciatrsatis
671 2128 818 2163 expositio,
832 2132 862 2155 ut
875 2135 939 2163 pars
947 2128 1059 2155 exuvia-

273 2169 335 2198 rum
351 2162 515 2198 Thomaeex
540 2161 616 2188 India
638 2161 767 2189 Edessam
783 2161 923 2194 translata,
949 2171 1013 2198 pars
1029 2163 1058 2190 in

272 2197 348 2224 India
362 2195 511 2227 manserit,
538 2203 598 2230 qum
611 2200 651 2223 tot
668 2202 742 2224 retro
758 2199 881 2230 seculis,
900 2195 999 2225 iterum
1013 2198 1056 2225 af-

272 2232 396 2268 l‘ulgente
410 2230 628 2268 ,illis___ge_n_tibus
648 2239 696 2266 per
710 2232 859 2268 Europaeos
887 2233 1036 2268 Evangelio
1046 2252 1055 2266 ,

272 2265 381 2294 detecta
395 2266 440 2297 sit,
454 2265 500 2292 alii
516 2266 636 2294 viderint
655 2275 662 2292 :
680 2267 749 2294 mihi
765 2265 877 2295 omnino
900 2276 955 2295 non
966 2265 1055 2300 Vlacit,

273 2301 392 2338 quodet
406 2304 488 2335 caput
503 2300 742 2338 constantinopoli
769 2307 798 2330 et
821 2311 920 2338 corpus
935 2303 1056 2338 Edessa,

274 2336 336 2373 pari
345 2336 404 2373 fere
418 2336 597 2373 veneratione
610 2344 641 2364 ac
664 2337 757 2365 Roma:
781 2336 965 2373 apostolorum
983 2337 1057 2365 Petri

273 2369 302 2398 et
321 2370 409 2407 Pauli,
431 2375 461 2407 ut
475 2369 616 2407 Chrysost.
631 2376 728 2399 auctor
745 2369 806 2405 est;
828 2378 856 2400 et
870 2373 942 2407 quod
959 2373 1058 2400 inven-

274 2411 337 2443 tum
349 2406 377 2433 in
391 2405 585 2443 lndia_corpus
600 2414 661 2434 cum
678 2408 869 2436 instrumentis
879 2405 971 2443 ipsius
987 2415 1060 2435 mar-

275 2441 338 2476 tyrii
349 2461 356 2473 ,
375 2445 403 2476 et
420 2441 501 2476 quale
516 2446 640 2469 veterum
656 2443 814 2471 narratione
835 2441 985 2475 habemus,
1003 2450 1060 2469 non

273 2475 415 2514 particula!
430 2475 575 2514 corporis,
596 2484 666 2514 _cum_
695 2482 787 2514 tamen
813 2478 854 2514 (ut
883 2478 951 2506 ﬁdes
967 2478 1060 2512 aliqua

275 2510 434 2552 apocrypho
450 2510 547 2538 Abdize
559 2511 691 2552 habenda
701 2513 750 2546 sit)
768 2510 860 2552 statim
880 2518 942 2552 post
956 2510 1059 2552 marty-

275 2547 346 2573 rium
362 2547 496 2580 integrum
509 2553 524 2574 θ
539 2547 668 2581 sepulcro
680 2547 754 2575 furto
771 2547 894 2576 ablatum
910 2548 1005 2580 fuerit,
1030 2547 1061 2576 et

275 2581 406 2608 Edessam
428 2586 618 2615 asportatum,
637 2583 733 2609 relicto
751 2584 856 2610 tumulo
879 2591 991 2617 prorsus
1012 2591 1060 2610 va-

274 2624 338 2648 cuo,
354 2617 448 2651 sicque
466 2621 586 2650 reperto,
603 2621 634 2643 ut
646 2617 693 2644 illo
709 2617 781 2644 libro
800 2623 938 2645 narratur.
964 2618 1061 2646 Putem

274 2652 361 2687 magis
377 2651 405 2678 In
419 2658 452 2678 eo
465 2651 625 2688 contigisse,
635 2652 708 2688 quod
719 2652 752 2679 in
769 2653 899 2688 Stephani
909 2657 1062 2688 protomar-

276 2686 347 2721 tyris
368 2686 594 2722 corpore,,quod
620 2687 648 2714 in
672 2687 801 2721 Baptista:
818 2686 917 2722 capite
926 2689 1060 2720 Romano,

276 2722 437 2757 Augeliaco,
451 2721 628 2748 Atnbianensi
645 2722 717 2757 (ipso
729 2723 794 2750 olim
807 2721 1062 2757 Constantinopoli-

279 2757 375 2789 tano);
395 2764 449 2791 qua
466 2757 500 2783 de
514 2765 553 2788 re.
571 2757 603 2784 ad
633 2757 819 2785 narrationem
839 2758 873 2785 de
901 2758 1062 2785 inventione

279 2791 404 2825 corporis
418 2791 541 2825 ejusdem
555 2791 699 2826 Stephani,
732 2797 759 2819 et
780 2793 961 2820 translatione
988 2793 1061 2820 Con~

279 2826 500 2861 stantinopolim,
518 2827 700 2853 Constantino
715 2827 880 2861 imperatore
906 2833 934 2854 et
961 2828 1064 2854 Metro-

281 2860 371 2895 phanc
381 2860 509 2896 episcopo
525 2871 530 2889 :
544 2862 615 2896 quod
629 2860 790 2896 denique’in
807 2861 962 2897 Magtlalcna
979 2863 1061 2891 νειο-

1097 935 1146 971 βιῳ
1157 935 1205 961 καὶ
1218 933 1257 969 τῷ
1271 933 1384 970 σαρκίῳ,
1399 934 1450 960 οὑκ
1464 933 1528 961 ἄλλο
1541 942 1568 960 τι
1584 933 1600 969 ἢ
1616 933 1696 965 δόξαν
1706 932 1736 959 ἐν
1748 941 1778 959 τε
1792 932 1881 966 λόγοις

1095 982 1143 1008 καὶ
1160 980 1252 1017 ἔργοις
1267 979 1462 1015 κατειργάζιτο
1484 979 1524 1015 τῷ
1545 980 1644 1015 Πατρὶ,
1669 978 1759 1014 πολλῷ
1783 978 1882 1014 μᾶλλον

1096 1026 1142 1054 τοῦ
1159 1026 1286 1062 σώματος
1298 1026 1454 1058 ἀπολυθεὶς,
1473 1026 1521 1053 καὶ
1535 1025 1574 1060 τῷ
1588 1025 1724 1060 πνεύματι
1736 1025 1796 1060 Θεῷ
1816 1033 1881 1059 συγ-

1097 1072 1219 1108 κραθεὶς,
1234 1072 1385 1106 ἀκαμάτως
1397 1080 1427 1098 τε
1442 1072 1488 1098 καὶ
1500 1071 1632 1107 ἀχρὸνως,
1645 1068 1690 1098 οἷά
1704 1080 1746 1102 τις
1759 1071 1883 1105 οὐράνιος

1097 1118 1170 1151 νοῦς.
1186 1118 1234 1153 τὴν
1246 1118 1407 1152 οἰκουμένην
1422 1116 1512 1147 διιὼν.
1530 1116 1578 1143 καὶ
1591 1116 1694 1143 ἄνωθεν
1708 1117 1814 1147 πάντας
1826 1115 1883 1150 ἅμα

1097 1164 1280 1199 καταθεωρῶν
1289 1173 1296 1180 ο
1309 1164 1378 1199 πρὸς
1392 1163 1503 1190 ἔπαινόν
1511 1171 1541 1190 τε
1555 1163 1602 1189 καὶ
1613 1163 1703 1195 δόξαν,
1714 1162 1758 1189 διὰ
1770 1162 1820 1197 τῆς
1830 1162 1885 1188 τῶν

1098 1212 1206 1239 οἰκείων
1227 1211 1316 1247 ἔργων
1344 1210 1393 1238 καὶ
1418 1209 1514 1237 παθῶν
1541 1209 1661 1246 μνήμης,
1691 1208 1883 1245 ἀναπτερῶσαι

1099 1258 1178 1285 Θεοῦ.

1136 1301 1220 1336 οὗτος
1236 1303 1292 1339 γὰρ
1309 1303 1362 1339 πρὸ
1378 1302 1427 1338 τῆς
1440 1302 1488 1329 τοῦ
1505 1303 1609 1337 κόσμου
1629 1301 1780 1338 καταϐολῆς
1790 1320 1798 1333 ,
1817 1301 1871 1336 σύμ

1102 1357 1206 1385 μορφος
1228 1347 1337 1374 ἔσεσθαι
1357 1347 1408 1383 τῆς
1429 1347 1531 1378 εἰκόνος
1554 1347 1602 1374 τοῦ
1620 1346 1788 1380 Μονογενοῦς
1803 1347 1884 1381 ὲγνω·

1103 1395 1201 1430 σμένος
1215 1394 1262 1422 καὶ
1276 1393 1491 1430 προωρισμένος,
1509 1393 1603 1428 ἐπειδὴ
1626 1393 1675 1427 τῆς
1697 1393 1857 1427 ἐπιφανείας
1873 1394 1886 1419 ὁ

1101 1443 1198 1478 χρόνος
1221 1441 1325 1476 παρῆν,
1340 1441 1388 1468 καὶ
1410 1441 1424 1467 ὀ
1448 1441 1499 1475 τῆς
1520 1440 1575 1466 τῶν
1599 1440 1754 1466 ἀποστόλων
1770 1440 1887 1475 ἐκλογῆς

1103 1486 1283 1522 παρειστήκει
1301 1485 1404 1520 καιρὸς,
1422 1486 1491 1520 μετὰ
1504 1486 1559 1512 τῶν
1573 1485 1660 1512 ἄλλων
1678 1486 1724 1512 καὶ
1739 1485 1829 1517 αὐτὸς,
1848 1486 1887 1517 sic,

1067 1547 1088 1576 ο
1104 1533 1153 1568 τὴν
1169 1532 1245 1568 ιερὰν
1257 1531 1366 1566 ικεινην
1378 1531 1519 1566 ἀπήντησε
1533 1531 1630 1566 κλῆσιν
1639 1539 1647 1547 ·
1662 1532 1708 1557 καὶ
1720 1531 1845 1566 κληθεὶς,
1857 1531 1887 1557 οὐ

1104 1577 1282 1613 παρῃτήσατο
1303 1576 1375 1603 κατὰ
1396 1577 1459 1608 τοὺς
1484 1576 1625 1612 ῥᾳθύμους
1647 1576 1693 1603 τὸν
1716 1576 1887 1613 κεκληκότα“

1104 1623 1158 1651 οὐδ’
1171 1624 1308 1659 ἐπήκουσε
1325 1623 1385 1658 μὲν,
1399 1623 1463 1659 ἄχρι
1485 1623 1514 1650 δὲ
1528 1624 1624 1659 καιροῦ
1643 1624 1826 1660 παραμείνας,
1848 1624 1887 1655 εἰς

1104 1671 1138 1698 τὰ
1153 1671 1241 1698 ὀπίσω
1261 1670 1333 1698 κατὰ
1352 1670 1416 1702 τοὺς
1439 1670 1629 1705 ὀλιγοπίστους
1644 1671 1815 1699 παλινοατεῐο
1830 1669 1877 1698 οὐδ

1104 1813 1217 1840 liacensi
1229 1816 1257 1840 et
1267 1816 1361 1841 nostra
1370 1811 1591 1840 Sanmaximiana
1606 1811 1756 1847 provinciae
1765 1811 1890 1840 Phocen-

1104 1849 1158 1880 sis;
1172 1848 1376 1883 recentioriqne
1387 1848 1521 1883 exemplo,
1530 1847 1752 1883 in,S.,Vincentii
1771 1847 1889 1875 Ferrerii

1105 1883 1161 1911 alio
1176 1883 1283 1918 alioque
1296 1882 1413 1918 corpore
1428 1882 1554 1918 Venetiis
1563 1882 1591 1918 in
1606 1882 1759 1914 Britannia,
1773 1891 1809 1910 ne
1819 1882 1886 1917 quid

1106 1918 1195 1945 dicam
1212 1916 1248 1945 de
1266 1916 1412 1946 Vincentio
1429 1918 1513 1945 levita
1532 1916 1679 1945 Valentino
1706 1918 1734 1945 in
1761 1916 1890 1952 Hispania

1107 1953 1198 1980 adhuc
1212 1958 1346 1986 exstante.
1363 1958 1392 1980 et.
1401 1953 1684 1988 Novempopulaniam
1700 1953 1771 1988 apud
1783 1952 1892 1981 Castras

1108 1989 1244 2016 translato
1259 1997 1266 2015 :
1294 1996 1349 2024 quo
1366 1989 1426 2016 loco
1443 1987 1650 2024 venerationem
1669 1987 1788 2024 habebat
1803 1988 1892 2024 sancti

1107 2024 1196 2051 Patris
1212 2024 1346 2051 Dominici
1357 2029 1447 2054 mtate,
1459 2024 1521 2058 ipso
1536 2023 1634 2051 eodem
1651 2023 1726 2050 illius
1739 2023 1786 2057 pio
1802 2023 1892 2058 culto:

1107 2067 1148 2091 re,
1160 2058 1310 2094 habuitque
1322 2060 1393 2094 apud
1408 2057 1483 2086 meos
1497 2058 1701 2094 Praadicatores,
1711 2058 1841 2094 translata
1857 2057 1892 2084 ad

1098 2101 1154 2129 eos
1164 2094 1222 2121 :ede
1239 2091 1278 2121 illi
1297 2091 1374 2121 saera
1399 2101 1431 2120 ac
1457 2093 1569 2129 basilica
1583 2112 1590 2124 ,
1601 2093 1703 2129 _doncc
1719 2091 1892 2129 _Calviniana

1107 2129 1184 2156 rabie
1199 2133 1295 2163 erepto
1309 2129 1435 2163 deposito
1454 2135 1485 2155 ac
1509 2127 1665 2163 disturbato
1677 2147 1684 2158 ,
1700 2127 1761 2161 ejus
1775 2126 1821 2163 ﬁdi
1839 2135 1891 2154 cu-

1106 2164 1200 2192 stodes
1213 2161 1264 2191 FF.
1280 2164 1333 2191 mei
1347 2161 1421 2191 illius
1435 2163 1533 2189 domus
1547 2161 1745 2189 Praedicatores
1758 2162 1792 2189 ad
1806 2169 1892 2190 unum

1107 2199 1236 2236 necatiet
1251 2199 1277 2225 in
1293 2203 1405 2233 puteum
1423 2196 1548 2236 projecti,
1566 2200 1699 2236 martyres
1713 2201 1741 2224 et
1755 2196 1807 2232 ipsi
1826 2205 1894 2224 con-

1108 2234 1206 2262 secrati
1219 2230 1304 2261 sunt':
1319 2230 1444 2266 novaque
1461 2230 1577 2258 excitata
1591 2230 1704 2258 basilica
1719 2239 1751 2259 ac
1765 2230 1888 2259 conven-

1108 2272 1148 2300 tu,
1161 2277 1194 2295 ex
1206 2268 1303 2295 eodem
1315 2273 1398 2303 puteo
1413 2268 1440 2294 in
1449 2274 1508 2303 eam
1521 2266 1595 2293 illata
1605 2274 1704 2303 nuper,
1715 2267 1760 2302 pia
1771 2267 1891 2303 ﬁdelium

1107 2303 1278 2338 fratrumque
1293 2304 1436 2338 religione,
1449 2302 1571 2338 ipsorum
1585 2302 1718 2336 pignora;
1746 2302 1848 2337 quibus
1858 2302 1892 2338 ﬁ-

1108 2339 1170 2365 dem
1183 2338 1297 2370 faceret,
1312 2337 1415 2366 nedum
1428 2337 1484 2372 ipsa
1498 2337 1594 2372 vigens
1607 2342 1793 2372 constansque
1807 2337 1893 2364 tradi-

1109 2374 1159 2403 tio.
1171 2373 1219 2401 sed
1231 2379 1260 2400 et
1273 2373 1395 2401 auctoris
1408 2371 1520 2407 actiualis
1531 2376 1606 2398 certa
1619 2371 1781 2406 sinceraque
1797 2379 1892 2399 narra-

1109 2409 1157 2441 tio,
1185 2408 1303 2436 faciente
1328 2408 1435 2443 copiam
1459 2407 1636 2443 integerrimo
1648 2411 1774 2443 sermtore
1789 2415 1892 2434 annosa

1109 2444 1246 2478 probitate
1274 2441 1400 2478 (ipsaque
1423 2441 1496 2469 avita
1518 2443 1547 2468 in
1564 2446 1661 2468 senatu
1687 2442 1835 2475 Tolosano)
1854 2443 1891 2468 cl.

1109 2477 1169 2506 viro
1179 2479 1210 2506 Ι).
1224 2477 1363 2506 Μοῑειιοιξ
1375 2478 1434 2511 Qua
1452 2481 1527 2504 tanta
1543 2481 1701 2504 nostrorum
1721 2477 1893 2511 aliorumque

1109 2514 1309 2541 catholicorum
1325 2514 1352 2541 in
1362 2521 1395 2541 ea
1408 2513 1478 2540 urbe
1493 2517 1582 2547 strage
1593 2532 1600 2544 ,
1614 2511 1705 2547 aiebat
1723 2512 1769 2539 ille
1789 2511 1893 2539 referre

1110 2553 1262 2580 auctorem,
1278 2548 1432 2584 oppidanos
1439 2546 1614 2575 Calvinianos
1628 2546 1792 2584 deterritos,
1804 2546 1894 2584 mala:

1110 2591 1164 2618 que
1179 2584 1232 2611 sibi
1250 2582 1342 2611 omnia
1359 2583 1506 2618 ominatos,
1517 2589 1652 2618 necvana
1665 2582 1840 2618 conjectura,
1853 2582 1892 2608 uti

1111 2616 1156 2646 ille
1171 2620 1276 2654 aliquot
1289 2619 1317 2646 in
1328 2626 1388 2646 eam
1401 2626 1457 2654 rem
1472 2616 1609 2654 adductis,
1626 2617 1756 2654 quae_iliis
1782 2617 1893 2644 sinistra

1111 2652 1297 2689 contigerunt,
1314 2661 1343 2681 se
1358 2652 1656 2689 conﬁcereexistiniat.
1686 2652 1723 2678 Ea
1748 2652 1822 2689 in_re
1851 2657 1894 2679 te-

1112 2686 1202 2716 nenda
1218 2689 1346 2716 Praetoris
1373 2688 1427 2718 iex.
1443 2691 1474 2714 ut
1499 2687 1557 2721 ipse
1578 2686 1643 2713 alibi
1667 2691 1760 2714 monet
1783 2687 1893 2713 Baron.:

1112 2723 1267 2761 οιιίηιεγιει,
1278 2722 1561 2761 ιεηεαι,ηοιιιιιίη‹)ιιυο
1577 2721 1729 2761 cavendum
1743 2730 1777 2749 ne
1800 2722 1892 2749 istius-

1112 2758 1185 2785 modi
1203 2759 1348 2793 obrepant.
1361 2757 1469 2792 aliaque
1481 2756 1543 2784 aliis
1568 2756 1723 2784 subdantur
1736 2762 1894 2793 sanctorum

1112 2794 1238 2828 pignora,
1254 2791 1296 2820 vel
1311 2794 1394 2820 etiam
1410 2791 1466 2827 ipsa
1483 2799 1537 2818 non
1553 2796 1645 2828 sancta
1661 2801 1668 2818 :
1688 2792 1715 2819 in
1729 2791 1894 2828 quibusetsi

1113 2826 1167 2868 non
1184 2829 1266 2862 perit,
1279 2832 1358 2856 nutat
1374 2826 1465 2856 tamen
1476 2834 1539 2854 vcru
1550 2827 1648 2862 religio
1663 2835 1694 2855 ac
1712 2826 1799 2863 pietas
1813 2826 1895 2854 Chri-

1114 2868 1212 2890 ειιςιιιει.
