2072 3160
162 141 213 174 133

531 144 671 176 ORATIO
688 147 753 178 VII.
767 160 799 165 -
815 146 857 177 IN
877 147 1034 179 LAUDEM
1051 150 1082 180 S.
1101 151 1242 181 THOM/E
1261 151 1451 183 APOSTOLI.

1737 154 1788 187 13“-

161 200 276 236 ἐμμένει
301 201 353 236 μὲν
376 200 441 236 ἄχρι
466 200 571 233 τέλους,
587 202 729 235 ἐλάττονος
754 204 784 231 δὲ
807 204 936 240 χάριτοςὶ

998 206 1093 240 fert“;
1103 208 1145 235 vel
1160 213 1251 236 manet
1261 209 1373 244 quidem
1387 215 1475 244 usque
1492 208 1520 236 in
1536 207 1631 243 linem,
1643 211 1781 239 minorem

159 247 239 280 δόξης
261 245 315 272 τῶν
342 247 501 281 κορυφαίων
523 248 608 280 τινὸς,
621 250 698 284 παρὰ
720 249 759 284 τῷ
783 250 953 284 παμὸασιλεῖ

159 291 337 323 καταξιοῦται
347 299 355 306 ·
371 291 465 326 ὥσπερ
484 292 513 319 δὲ
534 294 583 328 τῆς
605 294 743 329 κλήσεως,
757 296 808 330 τῆς
823 296 948 331 ἐκλογῆς,

157 337 208 370 τῆς
225 335 431 371 ἀκολουθήσεως
441 357 448 370 ,
467 337 515 371 τῆς
538 338 752 374 αὑτοπροσώπου
769 340 843 373 θέας,
858 341 905 369 τοῦ
919 351 949 369 τε

157 381 226 407 Θεοῦ
254 381 353 415 Λόγου,
369 382 417 408 καὶ
439 382 493 409 τῶν
517 383 551 409 δι’
565 384 650 410 αὑτοῦ
672 387 874 421 γεγενημένων,
899 388 949 422 τῆς

156 427 290 461 αὑτηχόου
316 427 372 454 τῶν
397 427 509 462 ὑψηλῶν
531 430 689 466 μυστηρίων
712 432 880 467 ἀκροάσεως,
897 433 947 467 τῆς

156 472 210 497 τῶν
225 471 367 503 ζωοποιῶν
383 473 555 509 παθημάτων
569 476 714 508 κοινωνίας
727 497 734 509 ,
751 477 798 504 τοῦ
814 479 946 512 μυστικοῦ

155 517 298 553 νιπτῆρας,
315 518 360 546 τοῦ
376 519 478 554 ἄρτου,
500 520 549 547 τοῦ
566 522 694 556 σταυροῦ,
709 523 759 558 τῆς
776 524 877 559 ταφῆς,
894 525 945 559 τῆς

154 564 342 596 ἀναστάσεως,
355 566 405 600 τῆς
433 566 503 601 μετά
526 567 576 601 τὴν
599 568 746 595 ἀνάστασιν
761 570 942 603 ἐμφανίσεως.

153 609 202 636 καὶ
224 609 387 645 ἀναλήψεως
408 611 455 637 τοῦ
481 611 546 638 Υἱοῦ
566 613 635 648 πρὸς
656 613 701 640 τὸν
718 614 878 650 Γεννήτορα,
897 618 943 643 καί

152 657 203 691 τῆς
216 655 249 682 δι’
263 656 346 683 αὑτοῦ
363 656 433 691 μετὰ
444 658 531 684 ταῦτα
549 659 727 694 μεταλήψεως
748 661 795 688 τοῦ
817 662 943 698 Πνεῦμα-

151 710 208 734 τος,
222 701 323 737 ὁμοίως
346 703 402 734 τοῖς
423 705 680 738 πρωτοαποστύλοις
698 707 811 742 μέτοχος
827 706 879 743 ἦν·
897 709 942 735 ναὶ

150 747 183 782 δὴ
201 749 247 774 καὶ
259 748 309 782 τῆς
322 749 368 774 ἐπὶ
380 748 414 774 τά
429 748 494 784 ἔθνη
512 748 644 784 λαμπρᾶς
657 751 825 787 ἀποστολῆς,
841 753 895 780 τῶν
910 762 940 780 τε

151 792 274 826 σημείων
289 792 337 819 καὶ
348 793 479 828 τεράτων,
490 794 538 821 καὶ
549 794 599 830 τῆς
610 795 657 822 τοῦ
671 796 837 831 Εὑαγγελίου
852 807 939 834 μεγα-

150 838 296 872 λοφωνίας.

187 884 291 920 Ὥσπερ
306 884 354 911 οὖν
367 885 396 911 ὲν
407 884 524 918 τούτοις,
539 885 616 914 οὐδὲν
626 886 751 923 Ἀνδρέου
763 888 811 916 καὶ
821 889 937 925 Πέτρου,
955 876 976 903 Β

149 929 197 957 καὶ
221 930 276 957 τῶν
300 931 367 957 υίῶν
390 931 532 958 Ζεὸεδαίου
561 932 712 969 ἀπελείφθη
737 934 851 970 Θωμᾶς,
868 936 942 964 οὕτω

149 977 197 1003 καὶ
211 975 259 1003 τοῦ
273 976 367 1009 τέλους
383 978 526 1012 συστοίχου
540 979 597 1010 τοῖς
618 979 739 1014 πρώτοις
759 982 937 1017 ὲπιτετυχὼς,

149 1022 305 1054 ἀκολούθως
326 1024 376 1050 καὶ
396 1023 476 1059 δόξης
500 1024 616 1057 ἐκείνοις
630 1026 679 1061 τῆς
693 1026 789 1062 αὐτῆς,
806 1028 852 1055 καὶ
877 1029 938 1064 ἴσης

149 1070 225 1104 παρὰ
239 1068 279 1104 τῷ
293 1069 444 1106 διδασκάλῳ
456 1071 506 1097 καὶ
519 1071 578 1106 Θεῷ
590 1073 734 1108 τετυχήκει
746 1073 829 1109 τιμῆς
839 1081 845 1088 ·
861 1076 885 1102 εί
899 1077 937 1111 μή

149 1124 190 1146 τις
206 1114 290 1141 αὑτοῦ
311 1115 362 1151 τὴν
376 1117 446 1151 μετά
460 1118 505 1144 τὸν
521 1118 650 1153 σταυρὸν,
666 1120 713 1146 καὶ⁴
725 1119 774 1155 τὴν
787 1121 937 1149 ἀνάστασιν

146 1160 315 1195 ἀμφιὸολίαν
332 1161 348 1197 ἢ
363 1161 505 1197 διψυχίαν,
529 1163 652 1198 ὑφέσεως
673 1165 774 1200 τρόπον
795 1167 935 1201 ὑπολάϐοι,

146 1207 243 1239 κακῶς
259 1207 399 1241 ὑπονοῶν,
413 1209 462 1235 καὶ
474 1210 526 1236 οὐκ
540 1210 571 1237 ὲν
583 1210 691 1238 συνέσει
708 1212 744 1239 τὰ
761 1212 819 1240 θεῖα
832 1213 938 1250 διακρί-

146 1261 205 1279 νειν
218 1252 416 1290 είδώς.“Ὠσπερ
427 1255 483 1291 γὰρ
495 1255 632 1292 ὑπερϐολῇ
649 1257 817 1293 θερμότητος
831 1260 938 1296 χρώμε-

146 1308 193 1332 νος
208 1301 222 1326 ό
237 1300 349 1335 Πέτρος,
364 1300 535 1337 ἀρνήσασθαι
548 1303 723 1339 συνεχωρήθη
734 1324 740 1336 ,
755 1303 793 1336 ὡς
807 1305 841 1332 ἂν
855 1306 936 1338 αὑτός

146 1354 178 1371 τε
205 1346 388 1382 μετριώτερος
411 1347 510 1374 ἑαυτοῦ
522 1348 635 1383 γένηται
650 1349 699 1376 κα)⁸
712 1351 913 1388 ἀσφαλέστερος
925 1361 933 1368 ·

147 1390 299 1424 ἀσφαλείας
314 1391 343 1418 δὲ
357 1392 405 1419 καὶ
419 1393 474 1424 τοῖς
483 1392 573 1424 ἀλλοις
586 1393 714 1428 ὑπόθεσις
727 1396 743 1430 ὴ
756 1396 858 1432 τριπλῆ
872 1398 935 1425 τού-

145 1445 194 1462 του
211 1436 280 1471 μετά
293 1436 343 1473 τὴν
357 1437 470 1474 ἄρνησιν
483 1439 612 1474 ὁμολογία
628 1442 766 1477 καταστῇ·
779 1442 868 1470 κοινὸν
880 1443 934 1479 γὰρ

145 1482 242 1518 ὥσπερ
257 1482 289 1509 τὸ
303 1483 372 1518 ἥττη
377 1492 425 1519 μα,
439 1483 511 1511 οὕτω
523 1485 634 1513 πάντων
649 1486 754 1521 ᾰγίνετο
768 1488 816 1514 καὶ
829 1489 860 1515 τὸ
872 1498 936 1526 προ·

1004 255 1094 280 tamen
1123 254 1237 288 gratiam
1252 258 1299 281 aut
1330 254 1485 282 claritatem
1511 254 1681 283 nauciscitur
1714 259 1788 292 apud

1001 305 1139 325 summum
1154 299 1277 326 omnium
1286 299 1398 335 Regem,
1411 307 1493 335 quam
1507 309 1577 330 unus
1586 301 1648 335 quis
1658 309 1692 329 cx
1703 310 1790 338 cory-

1000 345 1102 379 phaeis?
1118 345 1246 379 Quinimo
1270 345 1341 374 sicut
1357 347 1522 380 vocationis,
1545 348 1690 376 electionis
1704 369 1711 381 ,
1734 356 1782 376 co-

999 391 1120 424 mitatus,
1141 391 1228 418 divini
1251 399 1344 419 coram
1372 392 1476 427 Deique
1491 400 1523 420 ac
1536 393 1729 429 Verbi,illique
1739 403 1788 429 pa-

999 441 1134 464 tratorum
1148 443 1322 472 conspectus,
1349 437 1492 473 ipsiusque
1513 446 1547 466 ex
1561 440 1621 474 ejus
1635 447 1685 468 ore
1697 441 1786 468 subli-

996 483 1082 511 mium
1103 484 1294 518 mysteriorum
1305 483 1466 516 auditionis,
1482 484 1653 513 vivilicarum
1664 486 1729 514 item
1741 495 1786 514 so-

996 529 1103 558 cietatis
1114 530 1281 564 passionum,
1292 529 1397 565 mystici
1409 530 1506 564 pelvis,
1525 531 1612 566 panis,
1628 532 1729 564 crucis,
1740 541 1785 561 se-

995 575 1121 609 pulturae,
1134 575 1352 608 resurrectionis,
1365 576 1439 603 illam
1465 582 1566 604 secutae
1581 578 1779 611 apparitionis,

995 621 1058 649 Filii
1077 621 1110 649 ad
1133 621 1242 648 Patrem
1259 621 1288 648 in
1303 622 1388 649 caelos
1413 623 1589 657 receptionis,
1606 623 1779 658 Spit-ilusque

993 670 1087 701 postea
1099 675 1147 702 per
1162 675 1226 694 eum
1239 667 1434 702 impartiliouis
1446 676 1454 701 ;
1470 669 1509 695 sic
1519 669 1599 703 plane
1613 670 1697 697 etiam
1724 678 1785 699 ma—

991 713 1081 748 gniﬁci
1089 714 1121 741 ad
1129 718 1224 749 gentes
1239 714 1418 748 apostolatus,
1432 714 1628 750 signorumque
1637 723 1669 743 ac
1683 717 1783 751 prodi-

991 760 1122 794 giorum;
1152 759 1293 794 Evangelii
1318 759 1438 794 denique
1458 760 1539 787 clarae
1567 761 1782 795 pratdicationis,

991 814 1053 834 cum
1064 806 1161 841 primis
1178 807 1282 842 pariter
1301 806 1472 842 summisque
1487 807 1618 841 apostolis
1643 807 1782 843 particeps

990 852 1054 880 fuit.

1026 898 1260 932 Quemadmodum
1287 897 1370 934 igitur
1396 905 1429 926 ea
1456 904 1534 934 parte
1560 898 1689 932 Thomas,
1713 899 1781 926 nihil

991 944 1099 976 Andrea
1108 949 1137 973 et
1149 945 1230 972 Petro
1240 949 1268 972 et
1282 944 1346 973 ﬁliis
1356 944 1482 972 Zebedmi
1497 945 1589 972 minus
1604 945 1711 977 habuit,
1740 946 1781 973 sic

990 995 1019 1018 et
1046 990 1128 1018 ﬁnem
1147 990 1242 1025 primis
1265 990 1320 1018 illis
1346 990 1517 1018 consimilem
1546 995 1626 1018 natus
1642 999 1649 1023 ;
1666 990 1781 1025 proinde

990 1036 1073 1063 etiam
1084 1036 1245 1064 eamdemac
1253 1034 1291 1062 illi
1300 1034 1463 1066 claritatem,
1476 1042 1626 1069 paremque
1647 1034 1779 1062 honorem

989 1083 1062 1117 apud
1077 1082 1236 1118 magistrum
1245 1082 1386 1116 Deumque
1401 1081 1563 1116 promeruit.
1574 1081 1631 1108 Nisi
1641 1080 1779 1115 quisforte

989 1136 1023 1156 eo
1040 1128 1206 1163 deteriorem
1228 1128 1417 1162 minoremque
1436 1130 1596 1161 potaverat,
1614 1126 1689 1161 quod
1710 1131 1773 1161 post

989 1180 1099 1200 crucem
1113 1180 1146 1200 ac
1154 1171 1393 1204 resurrectionem,
1402 1170 1502 1198 dubius
1515 1170 1654 1204 animique
1676 1177 1778 1205 anceps

987 1218 1134 1250 exstiterit;
1144 1217 1214 1245 male
1226 1217 1332 1245 scilicet
1341 1217 1467 1252 opinans.
1483 1223 1516 1243 ac
1525 1216 1571 1251 qui
1587 1216 1680 1244 divina
1707 1224 1776 1251 pru-

988 1264 1086 1291 denter
1107 1263 1262 1291 discernere
1294 1267 1322 1290 et
1330 1262 1436 1298 judicio
1460 1261 1618 1297 expendere
1633 1261 1777 1296 haudqua-

988 1318 1069 1346 quam
1084 1310 1167 1337 norit.
1182 1308 1416 1343 Quemadmodum
1431 1308 1505 1336 enim
1518 1309 1617 1336 Petrus
1628 1309 1774 1337 excellenti

988 1358 1096 1385 fervore
1112 1364 1213 1391 negare
1242 1354 1393 1391 permissus
1407 1359 1459 1388 est,
1475 1359 1504 1382 ut
1525 1359 1583 1382 tum
1594 1355 1653 1390 ipse
1677 1355 1772 1382 mode-

987 1403 1056 1430 stior
1068 1402 1229 1436 cautiorque
1238 1400 1410 1433 redderetur,
1421 1404 1533 1435 tumque
1542 1401 1602 1435 ejus
1616 1404 1678 1436 post
1691 1409 1775 1436 nega-

988 1448 1091 1476 tionem
1105 1447 1178 1476 trina
1188 1446 1336 1477 confessio,
1351 1446 1497 1478 cautionis,
1517 1453 1550 1473 ac
1573 1445 1689 1473 remedii
1703 1446 1774 1473 ratio

987 1495 1102 1529 reliquis
1114 1494 1186 1521 foret
1199 1492 1209 1528 (
1235 1492 1391 1520 communis
1401 1491 1475 1519 enim
1488 1491 1560 1519 sicut
1574 1491 1676 1524 clades,
1692 1491 1733 1519 sic
1748 1496 1774 1518 el

145 1530 272 1582 τέρημα·
295 1529 367 1556 οὕτω
387 1531 434 1558 καὶ
455 1531 471 1557 ὸ
491 1531 621 1567 Δίδυμος,
643 1533 753 1561 πλείονα
765 1534 815 1571 τὴν
829 1535 934 1572 θέρμην

987 1541 1178 1569 universorum
1203 1538 1254 1566 fuit
1278 1537 1404 1572 victoria)
1423 1537 1482 1565 :ita
1496 1545 1606 1572 quoque
1633 1537 1774 1573 Didymus,

145 1574 193 1601 ui.
204 1574 254 1610 τὴν
269 1575 334 1609 περὶ
348 1575 394 1603 τὸν
406 1576 567 1605 διδάσκαλον
584 1579 743 1614 προθυμίαν
758 1580 842 1616 ιχων,
857 1590 935 1618 περι-

143 1620 292 1647 πέπτωκεν
305 1621 467 1658 ἀμφιδολίᾳ,
482 1623 530 1650 καὶ
541 1623 641 1659 μᾶλλον
655 1624 711 1652 τῶν
722 1625 810 1654 ἄλλων
821 1628 878 1660 τοῖς
890 1628 934 1655 λο-

142 1667 255 1701 γισμοῖς
269 1666 392 1703 διεκρίθη
410 1669 475 1704 περὶ
488 1669 538 1705 τὴν
551 1670 711 1705 ἀνάστασιν,
724 1671 761 1705 ὡς
774 1672 808 1700 ἂν
821 1674 869 1701 καὶ
884 1674 933 1702 αὑο

141 1713 189 1744 τὸς
209 1712 308 1739 ἑαυτοῦ
326 1714 483 1750 πραΰτερος
497 1718 632 1752 καταστῇ,
646 1718 696 1744 καὶ
710 1719 756 1746 διὰ
769 1720 820 1755 τῆς
833 1721 931 1749 ἐνστά-

142 1766 214 1789 σεως
228 1757 425 1794 ἀκριϐέστερον
437 1759 598 1795 βεδαιωθεὶς
607 1782 615 1796 ,
628 1761 806 1801 βεόαιοτέραν
818 1766 932 1800 καὶτοῖς

140 1804 234 1836 ἄλλοις
253 1804 416 1841 ἑμποιήσειε
434 1805 538 1835 πίστιν.

175 1850 234 1877 Καὶ
247 1851 302 1886 γὰρ
317 1851 371 1878 ἔδει
387 1852 468 1887 τυχὸν
489 1853 550 1880 ἐκεῖ
572 1854 681 1890 πρῶτον
700 1855 931 1893 τοολυπραγμονη-

141 1895 224 1931 θῆναι
248 1897 279 1923 τὸ
300 1899 468 1934 μυστήριον·
492 1899 541 1926 καὶ
561 1899 775 1936 δοκιμασθεῖσαν
799 1903 869 1930 οὕτω
883 1903 930 1931 τοῦ

140 1943 311 1977 Εὑαγγελίου
327 1944 377 1980 τὴν
394 1945 534 1980 ἀλήθειαν,
548 1947 749 1982 ἀναμφίλεκτον
767 1950 824 1981 τοῖς
842 1949 932 1978 ἔθνεσι

139 1989 340 2025 παραδοθῆναι.
350 1991 458 2026 Ἠρέμα
476 1991 526 2027 μὲν
542 1991 590 2020 οὖν
605 1993 722 2029 διχόνοια
736 1995 784 2022 καὶ
805 1995 859 2023 τῶν
877 1997 932 2024 λοι-

137 2036 202 2062 πῶν
215 2036 265 2068 τάς
277 2036 392 2072 καρδίας
412 2037 589 2075 διικνουμένη
603 2039 744 2076 μαθητῶν,
758 2042 808 2068 οὑκ
822 2043 931 2077 εὐαγεῖς

137 2081 261 2108 ἀνεκίνει
276 2081 439 2117 λογισμούς·
455 2083 502 2111 καὶ
518 2085 668 2119 φαντασίαν
683 2084 752 2113 εἶναι
775 2087 805 2114 τὸ
825 2088 931 2124 όρώμε-

136 2135 185 2154 νον
200 2127 346 2156 ὑπέϐαλεν.
355 2128 426 2155 Ἀλλ’
440 2129 465 2156 οί
488 2129 538 2165 μὲν
554 2130 642 2166 δειλίᾳ
665 2131 715 2167 τὴν
737 2132 931 2168 ἀκριϐολογίαν

137 2173 395 2209 παρακλέπτοντες,
404 2174 543 2210 ἠνείχοντο
555 2176 754 2211 πυρπολεῖσθαι
768 2186 797 2205 τε
813 2179 860 2205 καὶ
880 2187 930 2215 με·

982 1586 1080 1624 majori
1095 1585 1204 1613 fervore
1216 1584 1299 1619 inque
1311 1583 1472 1618 Magistrum
1493 1582 1636 1609 alacritate
1655 1582 1774 1616 pollens,

983 1635 1014 1663 in
1030 1632 1200 1661 dubietatem
1215 1629 1324 1662 incidit,
1344 1636 1376 1657 ac
1394 1629 1457 1664 plus
1476 1628 1590 1662 reliquis
1603 1627 1638 1655 de
1652 1636 1768 1656 resurre-

984 1680 1076 1708 ctione
1090 1685 1192 1712 anceps
1209 1676 1273 1708 fuit,
1288 1680 1319 1703 ut
1338 1678 1366 1702 et
1387 1674 1446 1710 ipse
1469 1674 1559 1702 lenior
1577 1674 1772 1710 benigniorqut

981 1724 1123 1755 evaderet,
1146 1721 1286 1756 animique
1308 1719 1533 1748 contentiosioris
1556 1727 1647 1754 pugna
1668 1719 1771 1754 plenius

981 1770 1171 1801 confirmatus,
1193 1766 1345 1794 firmiorem
1362 1766 1477 1802 perinde
1501 1765 1617 1801 reliquis
1629 1765 1712 1793 ﬁdem
1731 1767 1760 1793 in

982 1819 1102 1852 gereret.

1016 1867 1097 1895 Forte
1110 1865 1185 1894 enim
1199 1871 1291 1900 operte
1311 1863 1430 1899 pretium
1445 1867 1515 1897 erat,
1533 1868 1564 1891 ut
1586 1863 1644 1892 illic
1655 1864 1770 1899 primum

981 1910 1287 1948 mysteriumcuriosius
1298 1910 1499 1944 exploraretur,
1528 1909 1612 1945 inque
1628 1917 1692 1937 eum
1712 1918 1758 1938 mo

981 1957 1047 1985 dum
1063 1957 1179 1992 probata
1195 1953 1337 1990 Evangelii
1349 1955 1463 1987 veritas,
1478 1954 1630 1982 indubitata
1646 1955 1768 1990 gentibus

982 2003 1149 2031 traderetur.
1174 2002 1246 2030 Sane
1261 2008 1328 2028 vero
1347 2000 1431 2028 etiam
1456 2000 1625 2035 reliquorum
1655 2001 1762 2036 discipu

980 2049 1069 2078 lorum
1083 2048 1191 2075 animos
1203 2047 1306 2074 sensim
1315 2045 1470 2081 pervadens
1480 2045 1618 2078 dubietas,
1630 2046 1702 2073 haud
1712 2047 1767 2081 pias

980 2095 1009 2122 in
1019 2095 1060 2122 eis
1067 2102 1099 2122 ac
1114 2093 1256 2128 religiosas
1265 2091 1445 2127 cogitationes
1465 2091 1603 2124 movebat,
1615 2096 1753 2126 spectrum

980 2149 1033 2176 que
1048 2141 1130 2168 inane
1148 2147 1209 2167 esse
1228 2138 1403 2174 suggerebat,
1427 2137 1454 2165 id
1471 2138 1546 2173 quod
1567 2138 1654 2165 oculis
1673 2145 1763 2165 cerne-

979 2187 1061 2214 batur
1079 2195 1086 2213 :
1107 2193 1202 2214 verum
1227 2185 1267 2212 illi
1288 2184 1412 2220 quidem,
1438 2183 1584 2212 formidine
1613 2189 1766 2211 accuratam

137 2218 266 2254 ρίζεσθαι
288 2219 334 2246 τὸν
349 2219 422 2247 νοῦν.
435 2221 471 2247 Σὺ
486 2221 526 2255 δὲ,
539 2218 562 2249 ὦ
574 2224 747 2256 γενναιότατε
763 2225 812 2252 καὶ
830 2225 930 2262 θερμό-

986 2233 1091 2261 Γίιιιοηιε
1107 2233 1254 2264 rationem,
1271 2231 1364 2258 animo
1386 2230 1508 2262 incendi,
1532 2237 1565 2257 ac
1582 2229 1707 2264 partibus
1723 2238 1754 2257 se

134 2274 204 2292 τατε
216 2267 265 2301 τῆς
274 2265 404 2301 ἀληθείας
417 2267 561 2302 ὲρευνητά,
574 2268 604 2295 οὐ
619 2268 707 2303 ψιλοῖς
723 2269 777 2297 τῶν
789 2271 925 2305 ἐπαγγελ-

134 2312 238 2338 ὶόντων
250 2312 339 2346 λόγοις
349 2312 554 2348 παραδέξασθαι
571 2314 626 2341 δεῖν
639 2315 731 2350 ᾠήθης
744 2316 795 2350 τὴν
805 2317 931 2357 ἀνάσταπ

134 2366 198 2383 σιν⁸
221 2358 357 2393 σφαλερὸν
377 2359 447 2393 γάρ·
470 2358 526 2386 οὐδ’
539 2359 599 2394 ὕψει
621 2360 691 2397 μόνῃ
710 2362 925 2391 καταπιστεῦσαι

133 2407 166 2432 τὸ
189 2405 355 2441 μυστήριον·
369 2405 489 2433 ὕποπτον
501 2406 567 2442 γὰρ,
579 2407 617 2439 ὡς
633 2408 681 2434 καὶ
700 2408 824 2442 ἀγγέλων
844 2409 925 2438 τινῶν

133 2452 176 2484 εἰς
200 2449 273 2483 εἶδος
291 2451 340 2478 τοῦ
361 2451 532 2488 ποθουμένου
549 2454 720 2489 μορφοῦσθαι
734 2455 865 2488 πολλάκις
878 2456 925 2483 δυ-

134 2499 280 2532 ναμένων·
295 2497 391 2533 ὥσπερ
412 2498 440 2524 δὲ
462 2498 508 2525 τὸν
522 2498 637 2527 θάνατον
652 2500 698 2527 καὶ
713 2501 762 2536 τὴν
775 2502 865 2537 ταφὴν
878 2503 925 2529 τοῦ

141 2543 244 2578 Ἰησοῦ,
261 2543 295 2571 δι’
311 2543 398 2577 αὐτῆς
412 2544 499 2578 ὂψεως
519 2545 567 2572 καὶ
584 2545 683 2582 πείρας
696 2546 793 2581 ἔγνως,
807 2547 880 2575 οὕτω
893 2548 926 2585 δὴ

133 2590 184 2615 καὶ
200 2589 252 2622 τὴν
275 2588 424 2615 ἀνάστασιν
443 2589 639 2625 ἀναντίρρητον
653 2591 742 2625 ἑαυτῷ
760 2600 790 2618 τε
806 2592 925 2628 πρῶτον,

134 2635 184 2662 καὶ
199 2635 268 2661 πᾶσι
280 2635 537 2663 κατασκευάσασθαι
557 2636 726 2672 βουλόμενος,
739 2637 789 2672 τὴν
809 2638 853 2665 διὰ
875 2639 926 2674 τῆς

134 2680 236 2715 τπίρας
258 2680 403 2716 ἀπῄτησας
427 2682 629 2718 πληροφορίαν·
653 2683 700 2709 καὶ
722 2683 785 2715 τοὺς
800 2684 829 2711 ἐν
843 2685 922 2720 χερσὶ

978 2279 1034 2306 cari
1061 2277 1235 2306 sustinebant
1259 2276 1291 2304 ιδ.
1313 2276 1353 2304 Tu
1384 2283 1460 2307 vero,
1482 2275 1691 2311 generosissime
1714 2275 1769 2302 fer-

977 2323 1192 2358 ventissimeque
1207 2321 1330 2350 veritatis
1345 2321 1497 2357 indagator,
1513 2329 1568 2348 non
1591 2320 1674 2348 nudis
1697 2321 1763 2348 refe-

978 2371 1098 2398 rentium
1113 2369 1228 2398 vocibus
1248 2369 1434 2404 recipiendam
1451 2368 1764 2396 rcsurrectionemduxi-

977 2417 1012 2444 sti
1026 2416 1138 2451 (quippe
1152 2423 1197 2443 res
1206 2416 1299 2447 fallax.
1315 2422 1367 2443 nec
1377 2419 1435 2442 tuta
1446 2412 1533 2447 satis),
1545 2422 1596 2442 nec
1608 2414 1675 2442 solis
1687 2414 1763 2442 obtu-

977 2463 1051 2490 tibus
1065 2461 1231 2490 credendam
1243 2461 1366 2497 mysterii
1376 2461 1456 2490 fidem
1470 2461 1633 2489 existimasti
1647 2462 1720 2494 (nam
1737 2468 1762 2490 cl

975 2508 1029 2537 hoc
1042 2513 1211 2543 suspectum,
1224 2515 1286 2536 cum
1305 2512 1334 2536 et
1354 2507 1444 2543 angeli
1468 2515 1524 2535 non
1538 2516 1600 2535 raro
1616 2507 1762 2537 desiderati

976 2553 1092 2581 formam
1103 2553 1219 2582 induere
1241 2554 1369 2588 possint).
1390 2554 1457 2589 quin
1478 2553 1550 2581 sicut
1564 2553 1628 2581 Jcsu
1645 2559 1761 2582 mortem

976 2605 1007 2625 ac
1023 2598 1190 2632 sepulturam
1201 2598 1260 2634 ipso
1276 2603 1388 2633 aspectu
1403 2606 1436 2626 ac
1454 2597 1641 2633 experimento
1651 2606 1760 2633 usurpa-

977 2651 1065 2676 veras,
1091 2644 1131 2671 sic
1153 2651 1263 2678 quoque
1288 2644 1530 2676 resurrectionem,
1552 2650 1608 2671 tum
1628 2644 1687 2678 ipse
1708 2643 1760 2670 tibi

977 2688 1106 2722 primum,
1133 2692 1191 2716 tum
1222 2689 1335 2724 reliquis
1365 2689 1493 2717 omnibus
1522 2689 1759 2717 incontestabilcm

133 2726 185 2753 ui.
198 2727 264 2753 ποσὶ
274 2727 377 2758 τύπους
392 2726 446 2754 τῶν
460 2728 542 2763 ἥλων,
558 2730 606 2756 καὶ
618 2729 667 2764 τῆς
682 2729 830 2762 πανολΰίας
841 2730 921 2757 πλευ-

986 2733 1090 2762 ‘eddere
1110 2735 1233 2768 studens,
1257 2737 1317 2770 ipso
1335 2736 1375 2763 rei
1401 2736 1590 2771 experimento
1614 2734 1687 2762 illius
1710 2733 1759 2761 tibi

136 2773 188 2808 ρᾶς
213 2773 264 2807 τὴν
281 2772 377 2807 νυγὴν,
392 2772 440 2799 τοῦ
464 2774 597 2806 παθόντος
611 2774 735 2810 σώματος
754 2775 793 2808 ὡς
812 2775 920 2811 ἀληθῶς

986 2783 1049 2806 crto
1075 2779 1254 2814 praestandam
1273 2780 1353 2808 ﬁdem
1378 2780 1504 2817 flagitasti
1521 2787 1658 2814 :vcreque
1674 2778 1747 2806 susci

174 2852 198 2869 "
212 2852 290 2881 Joan.
305 2861 342 2883 Vl,
364 2853 409 2881 66.
448 2854 470 2870 ’δι
490 2854 556 2882 Luc.
581 2862 652 2887 xxxv,
669 2854 722 2886 36;
747 2854 831 2882 Marc.
858 2862 912 2887 xvr,
929 2855 971 2883 l4.
