2072 3160
272 151 325 184 135

874 149 1022 182 ΝΙΟΕΤᾸΞ
1041 148 1305 180 PAPHLAGONIS

1851 146 1904 179 136

273 211 322 238 tati
340 217 400 247 eius
416 210 553 246 corporis,
575 209 649 246 quod
672 216 783 246 passum
805 213 866 237 erat
890 212 973 243 atque
999 215 1068 235 mor-

1119 207 1285 239 ἀναστάντος
1303 206 1441 242 τεκμήρια
1453 204 1607 241 τιθέμενος,
1621 205 1671 240 τὴν
1684 204 1822 241 μακαρίαν
1836 205 1908 232 ἐκεί-

275 261 364 289 tuum,
377 261 452 283 certa
467 256 567 284 indicia
585 259 722 287 statuens,
735 255 876 282 clavorum
892 253 920 281 in
936 253 1064 281 manibus

273 301 446 337 pedibusque
460 306 568 337 apertas
583 302 744 334 cicatrices;
758 299 1065 334 beatissimiquelateris

1117 261 1167 288 νην
1192 252 1261 288 μετά
1282 252 1333 287 τὴν
1352 251 1511 287 ψηλάφησιν
1534 250 1615 282 εὐθὺς
1634 250 1778 286 ἀνηρεύεω
1794 250 1905 285 φωνήν·

1124 298 1152 326 '0
1166 299 1275 334 Κύριός
1286 307 1356 334 μου,
1369 298 1595 334 ἀποκρινόμενος,
1613 297 1662 325 καί
1678 298 1695 324 ό
1711 297 1784 328 Bede
1795 305 1855 331 μου
1869 298 1879 324 !

271 350 375 378 lancea:
398 349 559 384 fossionem,
585 357 649 378 mox
670 357 703 378 ac
725 352 937 382 contrectasses,
969 348 1078 376 beatam
1111 346 1187 375 illam
1216 355 1312 376 vocem
1336 346 1490 379 eructasti,
1518 353 1551 373 ac
1577 343 1754 380 respondisti.
1779 343 1908 372 Dominus

272 403 347 423 meus
358 400 382 423 et
392 395 461 423 Deus
477 404 550 424 meus
558 396 593 424 ⁸⁵.

246 445 248 448 '
307 441 330 469 0
347 447 469 470 sanctam
480 449 578 470 vocem
592 447 687 471 sancto
698 442 803 478 Spiritu
815 442 986 471 sanctissime
999 449 1067 477 pro-

272 488 356 516 latam
368 490 455 524 l'quaa
468 489 575 517 scilicet
598 491 786 525 apostolorum
801 496 908 518 mentes
926 489 1068 518 constabi-

273 535 342 567 livit,
365 535 536 563 dubietatem
554 536 672 570 curavit,
693 536 772 564 ﬁrma
787 541 902 565 cunctos
923 536 976 564 ﬁde
991 543 1068 564 com-

272 581 375 616 posuit.
395 580 418 608 0
435 581 547 610 brevem
569 590 680 616 vocem,
704 591 830 619 magnam
848 583 875 610 in
891 590 921 611 se
936 582 1068 610 virtutem

273 626 434 655 habentem!
446 635 506 663 quae
518 628 648 656 videlicet
658 629 810 665 proﬂigatis
820 629 966 662 haereticis,
986 634 1069 658 rectae

271 679 381 699 omnem
392 672 457 700 ﬁdei
468 673 591 708 regulam
603 673 733 702 illustret.
744 674 872 702 Dominus
883 683 956 703 meus
964 679 990 702 et
998 675 1068 703 Deus

271 718 362 745 meus!
377 718 437 746 Non
453 719 525 747 alius
541 720 691 754 Dominus,
714 725 798 756 atque
818 721 888 749 alius
908 721 990 750 Deus.
1007 722 1069 750 Non

271 765 344 792 alius
362 764 410 800 qui
429 765 567 801 palpatur,
582 767 654 795 alius
667 767 714 802 qui
735 775 845 795 omnem
858 771 962 796 tactum
979 768 1067 804 fugit;

272 811 321 838 sed
351 811 400 846 qui
424 817 573 847 assumpta:
603 814 696 841 carnis
721 814 829 842 ratione
854 815 1069 850 comprehensus

273 855 417 889 Dominus,
431 857 455 884 is
468 857 527 892 ipse
538 857 612 886 Deus
623 866 713 892 meus,
726 863 824 887 natura
834 859 945 888 deitatis
956 860 1069 889 omnino

273 900 419 929 absolutus
435 906 464 930 et
475 902 741 938 iucomprehensus;
757 905 804 939 qui
821 912 947 940 personae
961 906 1069 934 ratione

273 945 468 981 singulariter;
481 948 601 983 gemine,
613 953 737 984 spectata
748 955 848 978 natura
854 951 1069 988 videaturatque

273 992 414 1020 credatur.
432 992 478 1021 Sic
491 993 636 1022 Christum
651 995 725 1023 scire
742 996 819 1024 velut
836 1001 940 1025 tessera
958 997 1070 1026 divinus

273 1038 365 1067 edicat
375 1039 524 1074 Apostolus
536 1049 543 1068 :
556 1048 589 1068 ac
602 1042 674 1069 sicut
686 1042 784 1070 Petrus
795 1046 859 1071 ante
871 1043 1027 1078 passionem
1038 1048 1068 1072 et

275 1085 523 1119 resurrectionem,
541 1086 580 1115 ita
595 1087 641 1115 hic
661 1095 773 1123 quoque
785 1088 897 1117 Christo
907 1089 964 1125 jam
982 1090 1070 1118 susci-

276 1133 343 1162 tato,
353 1131 428 1166 quod
441 1132 470 1159 in
485 1133 534 1161 illo
545 1141 632 1161 unum
649 1138 693 1162 est
710 1142 743 1162 ac
762 1134 865 1170 duplex
883 1135 1067 1171 praedicabat:

274 1183 392 1211 quorum
417 1179 551 1212 Dominus
572 1185 730 1208 accuratam
753 1182 956 1210 confessionem
982 1187 1070 1210 ratam

276 1223 399 1257 habens,
420 1232 499 1253 suam
523 1226 551 1254 in
571 1234 604 1254 ea
626 1227 707 1256 ﬁrma
724 1228 784 1257 basi
807 1228 996 1257 constabilivit
1015 1229 1070 1257 Ec-

278 1272 400 1301 clesiam.

310 1317 389 1351 Quod
405 1325 473 1346 vero
495 1318 616 1354 Spiritus
635 1324 748 1349 sanctus
766 1328 783 1348 a
802 1320 884 1349 Patre
901 1328 952 1356 per
969 1321 1069 1349 Filium

277 1362 364 1398 (juxta
385 1362 460 1398 quod
479 1364 546 1391 olim
565 1363 733 1399 promissum
754 1364 857 1399 fuerat)
873 1365 979 1394 effusus
992 1370 1069 1400 erat;

276 1408 407 1444 plenique
423 1409 498 1436 illius
516 1409 620 1445 virtute
640 1410 785 1446 discipuli,
800 1410 947 1447 amatuque
960 1411 1069 1447 repleti,

276 1454 371 1489 gratia;
385 1454 412 1482 in
430 1455 528 1490 seipsis
542 1457 744 1492 parturiginem
759 1458 902 1485 continere
922 1465 978 1486 non
993 1459 1070 1486 vale-

277 1500 361 1533 bant;
380 1508 412 1529 ac
430 1501 483 1528 nisi
502 1509 551 1536 per
572 1502 732 1531 universum
754 1503 841 1538 sparsi
857 1503 964 1536 orbem,
985 1503 1069 1532 alius-

276 1553 331 1581 que
341 1546 422 1574 aliam
434 1546 462 1574 in
472 1554 505 1574 eo
513 1547 672 1582 complexus
679 1549 830 1581 nationem,
842 1549 935 1577 divina
943 1549 1068 1577 bonitate

277 1593 467 1628 impartirent;
495 1601 547 1621 nec
569 1594 626 1622 Deo
650 1594 771 1622 mittenti
794 1595 912 1630 placita,
930 1603 983 1624 nec
1003 1596 1067 1624 Jesu

277 1638 448 1674 benignitate
460 1645 542 1675 atque
558 1644 695 1675 praecepto
711 1641 804 1676 digna,
816 1641 938 1670 tacturos
952 1650 981 1670 se
994 1642 1068 1670 arbi-

278 1684 444 1712 trabantur:
465 1685 512 1712 alii
531 1685 624 1720 itaque
642 1685 699 1713 alio
718 1686 796 1714 missi
816 1688 944 1722 apostoli,
963 1697 1014 1724 pro
1034 1696 1068 1716 eo

278 1730 375 1766 utique
397 1738 430 1758 ac
454 1736 553 1759 auctor
578 1732 637 1767 ipse
661 1731 860 1761 mittendorum
890 1735 1066 1770 decreverat;

277 1775 478 1811 probatissimae
499 1781 591 1804 autem
611 1777 722 1806 virtutis
744 1781 841 1814 terque
862 1781 981 1809 maximo
1002 1787 1069 1817 (quo

277 1820 312 1848 de
322 1821 437 1856 agimus)
451 1822 534 1849 Verbi
551 1822 699 1858 discipulo,
711 1831 773 1852 cum
788 1824 962 1858 Parthorum,
976 1826 1070 1854 Medo-

278 1875 395 1902 rumque
408 1872 492 1903 atque
510 1868 555 1896 his
574 1869 738 1897 ulteriorum
757 1869 916 1907 Ethiopum
932 1874 1069 1907 apostola-

279 1919 337 1941 tum
352 1919 445 1947 nacto,
457 1921 489 1942 ac
498 1923 554 1950 quo
568 1914 597 1942 in
611 1923 660 1943 eos
671 1916 754 1944 modo
766 1924 798 1945 ac
808 1918 915 1946 ratione
927 1918 1070 1947 invaderet

280 1960 325 1995 (ad
337 1960 465 1988 homines
476 1960 582 1988 scilicet
595 1962 774 1997 proﬁciscens
784 1968 896 1999 aspectu
908 1968 1000 1992 truces
1011 1965 1070 1992 ani-

278 2007 373 2041 mique
392 2006 517 2034 moribus
537 2007 719 2043 acerbiores),
734 2016 766 2036 ac
776 2016 839 2036 cum
856 2010 897 2037 eis
916 2009 950 2037 de
967 2010 1069 2045 pietate

278 2060 420 2080 sermones
440 2052 587 2086 misceret,
610 2053 684 2081 haud
705 2055 774 2083 satis
788 2061 984 2084 succurreret:
1001 2057 1068 2092 quin

277 2103 306 2126 et
316 2099 405 2134 ipsum
417 2098 474 2126 fere
486 2099 595 2127 illarum
607 2100 730 2135 gentium
740 2102 834 2130 oneris
845 2102 966 2136 taederet;
979 2103 1070 2132 omnis

278 2147 307 2174 in
323 2151 453 2182 promptu
470 2146 608 2174 dubitatio
624 2152 653 2175 et
670 2149 794 2176 anxietas
812 2148 926 2184 depulsa
943 2154 993 2177 est.
1010 2150 1070 2185 Ipse

1154 441 1187 467 Ὦ
1200 441 1294 477 φωνῆς
1308 441 1401 476 ἀγίας,
1415 441 1488 477 ἁγίῳ
1506 440 1648 476 Πνεῦματι
1666 438 1807 474 παναγίως
1817 447 1909 474 gmw;—

1118 485 1223 522 θείσης,
1241 487 1288 514 καὶ
1303 487 1353 519 τὰς
1377 486 1561 518 ἀποστολικὰς
1584 485 1703 518 διανοίας
1729 484 1906 520 στηριξάσης,

1118 534 1165 561 καὶ
1179 534 1388 570 θεραπευσάσης
1402 534 1451 570 τὴν
1467 532 1697 569 άμφιΰολίαν,κσ.ὶ
1712 532 1780 567 πρὸς
1795 531 1907 567 βεϐαίαν

1117 581 1182 612 τοὺς
1200 581 1303 613 πάντας
1332 580 1547 616 κατορθωσάσης
1566 579 1673 607 πίστινῐ
1686 579 1720 605 Ὢ
1734 579 1827 614 φωνῆς
1838 578 1908 614 βρα-

1118 627 1206 662 χείας,
1220 626 1342 663 μεγάλην
1358 628 1387 654 ἐν
1402 627 1472 663 αὐτῇ
1487 626 1601 662 δύναμιν
1619 625 1745 661 ἐχούσης.
1760 624 1816 652 τῶν
1833 624 1908 660 αἱρε-

1116 673 1201 700 τικῶν
1219 673 1270 708 μὲν
1296 672 1488 708 ἀφανιστικὴν,
1505 671 1659 708 ὀρθοδοξίας
1676 671 1705 698 δὲ
1722 671 1813 706 πάσης
1823 669 1908 698 οὖσαν

1117 718 1304 754 φωτιστικήνί
1328 718 1360 745 '0
1375 718 1484 752 Κύριός
1494 726 1567 753 μου,
1580 716 1630 744 καί
1644 718 1661 744 ό
1676 716 1834 750 Θεόςμουί
1850 716 1908 743 Οὐκ

1117 765 1197 797 ἀλλος
1208 766 1222 793 6
1239 764 1352 801 Κύριος,
1369 764 1417 791 καὶ
1436 763 1516 796 ἄλλος
1538 763 1553 790 6
1574 763 1651 795 Θεός.
1665 763 1722 790 Οὐκ
1737 762 1816 795 ἄλλος
1828 762 1842 789 6
1855 761 1908 798 ψη-

1118 810 1288 847 λαφώμενος,
1304 809 1352 837 καὶ
1376 810 1454 841 ἀλλος
1477 809 1492 836 6
1506 809 1629 844 ἀναφής·
1648 807 1706 835 ἀλλ’
1726 807 1741 834 ό
1762 806 1803 842 τῷ
1821 816 1908 843 προσ-

1082 843 1107 874 Β
1120 843 1244 892 λήμματι
1257 856 1359 892 ληπτὺς
1370 856 1483 891 Κύριος,
1492 855 1573 887 αὐτὸς
1583 850 1661 885 οὗτός
1675 861 1726 888 μου
1737 852 1804 885 Θεὸς
1819 852 1907 889 ἀκρά-

1120 912 1200 939 τητος
1208 904 1242 939 τῇ
1257 903 1365 939 Θεότητι
1379 903 1428 929 καὶ
1452 902 1572 937 ἄληπτος
1582 908 1589 916 ”
1610 900 1763 936 μοναδικῶς
1778 899 1828 935 τὴν
1840 899 1907 926 ὑπό-

1120 958 1227 983 στασιν,
1239 949 1340 980 δυῑκῶς
1368 948 1417 984 τὴν
1434 948 1515 983 φύσιν
1537 946 1674 982 ὁρώμενος
1686 945 1733 973 καὶ
1745 945 1909 981 πιστευόμε-

1120 1005 1176 1028 νος.
1191 996 1283 1027 υῦτως
1295 995 1396 1023 εἰδέναι
1407 994 1454 1022 τὸν
1470 994 1588 1030 Χριστὸν
1597 994 1611 1020 6
1620 993 1691 1026 θεῖος
1705 992 1908 1029 παρεγγυάσθω

1119 1043 1239 1079 Cotini;-
1255 1043 1303 1070 καὶ
1332 1041 1428 1077 ὥσπερ
1453 1042 1468 1069 6
1489 1041 1594 1077 Πέτρος
1608 1039 1663 1077 πρὸ
1675 1039 1723 1067 τοῦ
1738 1039 1842 1071 πάθους
1860 1039 1908 1066 καὶ

1119 1090 1169 1125 τῆς
1199 1089 1386 1121 ἀναστάσεως,
1411 1086 1482 1114 οὕτω
1503 1086 1574 1123 μετὰ
1589 1086 1639 1122 τὴν
1657 1086 1806 1113 ἀνάστασιν
1819 1082 1908 1117 οὗτος,

1119 1135 1149 1163 τὸ
1162 1134 1275 1168 ένοειδὲς
1289 1134 1338 1161 καὶ
1353 1132 1463 1161 διπλοῦν
1480 1133 1650 1169 ἀνεκήρυττε
1664 1131 1712 1159 τοῦ
1727 1130 1857 1168 Χριστοῦ,
1870 1126 1909 1157 ὢν

1119 1182 1150 1209 τὺ
1191 1181 1242 1216 τῆς
1271 1180 1415 1216 ὁμολογίας
1447 1181 1462 1207 6
1501 1179 1606 1215 Κύριος
1643 1177 1909 1213 ἐπισφραγιζόμενος

1119 1228 1244 1263 ἀκριϐὲς,
1258 1227 1301 1255 ἐπ’
1317 1226 1392 1262 αὐτῷ
1416 1225 1466 1262 τὴν
1493 1225 1561 1254 ιδίαν
1579 1224 1743 1260 Ἐκκλησίαν
1763 1223 1910 1259 άνεστηρί-

1121 1273 1195 1307 ξατο.

1161 1319 1239 1347 Ἐπεὶ
1271 1318 1300 1346 δὲ
1326 1318 1357 1345 τὺ
1376 1317 1489 1354 Πνεῦμα
1508 1316 1539 1344 τὸ
1557 1315 1635 1351 ἀγιον
1649 1315 1694 1343 διὰ
1710 1313 1758 1342 τοῦ
1775 1314 1842 1342 Υίοῦ
1856 1322 1910 1344 πα-

1119 1364 1215 1401 τρόθεν
1229 1363 1301 1392 κατὰ
1314 1363 1365 1399 τὴν
1376 1361 1509 1390 ἀνέκαθεν
1522 1360 1691 1396 ἐπαγγελίαν
1710 1359 1845 1396 ἐξεχεῖτοο
1861 1360 1909 1386 καὶ

1120 1411 1237 1447 πλήρεις
1263 1409 1314 1446 μὲν
1338 1409 1389 1444 τῆς
1415 1408 1521 1436 ἐκείνου
1556 1407 1698 1442 δυνάμεως
1725 1407 1750 1434 ot
1777 1405 1909 1442 μαθηταί,

1120 1457 1236 1493 πλήρεις
1266 1456 1294 1483 δὲ
1317 1455 1461 1491 γενόμενοι
1489 1454 1538 1489 τῆς
1562 1453 1714 1489 ἐνεργείας,
1740 1452 1790 1487 οὐχ
1813 1450 1865 1479 οἷοί
1879 1459 1910 1478 τε

1119 1500 1190 1539 ἦσαν
1202 1501 1252 1538 τὴν
1276 1501 1359 1529 ὠδῖνα
1382 1500 1432 1536 τῆς
1450 1499 1561 1536 χάριτος
1575 1500 1605 1526 ἐν
1617 1498 1722 1530 ἑαυτοῖς
1740 1498 1889 1533 κατασχεῖν
1901 1506 1908 1514 ·

1120 1549 1180 1577 ἀλλ’
1195 1549 1220 1576 εί
1236 1548 1273 1584 μὴ
1288 1547 1359 1575 κατά
1373 1546 1422 1582 τὴν
1445 1546 1606 1581 οἰκουμένην
1626 1544 1821 1580 διασπαρέντες
1833 1544 1909 1579 ὅλην,

1121 1596 1169 1624 καὶ
1181 1595 1262 1627 ἄλλος
1286 1594 1351 1622 ἄλλο
1380 1601 1408 1620 τι
1425 1593 1507 1629 μέρος
1526 1592 1581 1619 τῶν
1595 1592 1639 1618 ἐπ’
1652 1591 1737 1627 αὐτῆς
1756 1590 1841 1618 ἐθνῶν
1850 1590 1909 1617 δια-

1120 1642 1260 1676 λαϐόντες,
1289 1641 1341 1676 τῆς
1380 1640 1530 1676 θεαρχικῆς
1564 1638 1703 1675 μεταδοῖεν
1730 1637 1907 1673 ἀγαθότητος,

1120 1688 1183 1716 οὗτε
1210 1687 1250 1723 τῷ
1276 1685 1468 1714 ἀποστέλλοντι
1494 1684 1554 1721 Θεῷ
1577 1684 1652 1719 φίλα,
1676 1682 1739 1710 οὔτε
1750 1683 1802 1718 τῆς
1823 1682 1908 1717 Ίησοῦ

1121 1733 1326 1770 φιλανθρωπίας
1339 1732 1438 1766 ἐπάξια
1447 1731 1563 1767 πράξειν
1578 1731 1625 1757 καὶ
1639 1730 1769 1766 διαταγῆς
1776 1729 1891 1765 ἡγοῦντο
1901 1737 1908 1744 ·

1121 1781 1195 1808 ἄλλοι
1213 1781 1262 1816 μὲν
1275 1779 1321 1806 οὖν
1335 1778 1439 1814 ἀλλαχῆ
1449 1778 1505 1805 τῶν
1523 1777 1692 1809 ἀποστόλων,
1707 1775 1800 1807 καθὼς
1811 1775 1910 1808 αὐτοὺς

1120 1829 1135 1855 6
1149 1826 1321 1855 ἀποστέλλων
1350 1824 1485 1852 διέστελλε
1508 1823 1643 1859 δήπουθεν
1665 1821 1908 1855 ἐξαπεστέλλοντοο

1120 1872 1160 1908 τῷ
1168 1872 1346 1907 δοκιμωτάτῳ
1364 1871 1394 1898 δέ
1405 1870 1492 1905 τούτῳ
1504 1869 1552 1897 καὶ
1563 1868 1750 1905 τρισμεγίστῳ
1763 1866 1810 1894 τοῦ
1823 1867 1909 1901 Λόγου

1123 1918 1244 1955 μαθητῇ,
1275 1917 1392 1954 Πάρθων
1413 1916 1462 1943 καὶ
1488 1916 1606 1952 Μήδων,
1635 1914 1683 1941 καὶ
1706 1913 1760 1940 τῶν
1781 1912 1910 1940 ἐπέκεινα

1121 1965 1227 1996 τούτοις
1253 1963 1391 1991 Αἰθιόπων
1411 1962 1461 1997 τὴν
1486 1960 1639 1997 ἀποστολὴν
1650 1959 1771 1996 λαχόντι,
1788 1959 1835 1986 καὶ
1851 1958 1910 1990 πῶς

1121 2012 1155 2039 ἂν
1167 2011 1258 2042 αὐτοῖς
1274 2009 1355 2041 ἐπίοι,
1373 2008 1419 2036 καὶ
1433 2008 1486 2035 τίνι
1505 2007 1598 2043 τρόπῳ
1619 2007 1676 2038 τοῖς
1698 2005 1846 2036 άπευκτοῖς
1861 2003 1911 2039 μὲν

1121 2058 1171 2094 τὴν
1182 2057 1254 2092 ὄψιν.
1265 2055 1466 2091 χαλεπωτέροις
1481 2054 1510 2080 δὲ
1519 2053 1566 2080 τὸν
1576 2052 1627 2088 τῆς
1637 2052 1726 2087 ψυχῆς
1736 2051 1837 2086 τρόπον
1851 2051 1912 2077 ὲπι-

1122 2102 1294 2138 δεδημηκὼς,
1309 2101 1348 2133 είς
1365 2109 1395 2127 τε
1410 2101 1505 2132 λόγους
1518 2099 1566 2126 καὶ
1588 2098 1698 2133 ὁμιλίας
1716 2097 1767 2128 τάς
1780 2097 1850 2132 ὑπὲρ
1862 2097 1909 2124 εὐ-

1123 2149 1233 2181 σεϐείας
1252 2147 1324 2174 ἔλθοι
1337 2154 1344 2161 ·
1360 2146 1453 2181 ἡρέμα
1465 2145 1494 2172 δὲ
1512 2144 1638 2179 καὶπρὸς
1653 2144 1684 2170 τὺ
1703 2143 1785 2178 βάρος
1799 2142 1911 2170 ἐκείνων

276 2193 352 2221 enim
363 2193 554 2221 divinissimus
564 2194 654 2227 .lesus,
666 2194 913 2231 incomprehensus
921 2196 977 2227 ille,
986 2196 1069 2224 nullis

1123 2194 1326 2230 δυσχεραίνοντι
1340 2193 1393 2220 τῶν
1407 2191 1502 2224 ἐθνῶν,
1524 2190 1639 2224 ἐγγύθεν
1658 2190 1675 2225 ὴ
1694 2188 1771 2220 λύσις
1785 2188 1911 2224 παρέστη

278 2238 404 2266 terminis
412 2238 517 2271 ﬁnitus,
527 2239 574 2274 qui
584 2239 611 2266 in
621 2239 697 2267 cmlis
705 2240 778 2268 Patri
791 2248 901 2276 semper
908 2242 1072 2277 conjunctus

277 2288 334 2315 est,
343 2288 427 2318 atque
436 2283 465 2310 in
476 2283 558 2311 terris
569 2284 642 2319 apud
653 2292 702 2312 eos
715 2293 785 2320 quos
796 2285 880 2313 habet
891 2286 1072 2319 necessarios,

277 2335 387 2363 semper
399 2327 518 2355 indivise
529 2333 621 2356 manet
633 2337 639 2356 :
655 2329 701 2357 hic
713 2331 837 2365 corporis
849 2335 964 2363 statura,
980 2330 1073 2358 indole

277 2374 427 2409 vultusque
447 2374 538 2409 specie
557 2375 618 2402 viro
633 2375 782 2408 assimilis,
800 2376 979 2403 Mercatorem
995 2376 1071 2403 ludia

278 2420 443 2455 profectum,
455 2413 607 2455 recensque
620 2420 816 2457 Hierosolymis
825 2427 971 2450 exeuntem
985 2429 1017 2449 ac
1025 2429 1073 2457 pa-

279 2465 358 2492 triam
391 2467 558 2502 cogitantem
585 2466 653 2493 adit.
677 2466 718 2494 Ad
745 2475 827 2502 quem
855 2467 984 2495 dominus
1008 2474 1071 2494 cum

279 2511 442 2539 accessisset
463 2513 495 2547 (ο
513 2511 699 2540 dominatoris
719 2512 946 2540 inclinationem!
966 2520 983 2540 ο
998 2513 1072 2540 servi

279 2557 482 2595 probitateml)
505 2560 581 2587 velut
596 2567 719 2592 servum,
739 2567 820 2587 suum
838 2559 933 2587 vendit
949 2559 1072 2595 discipu-

324 2636 347 2652 “
360 2635 438 2663 Joan.
454 2643 498 2668 xx,
516 2636 560 2663 28.

314 2707 371 2742 (‘25)
384 2707 516 2744 Ἐμπόρῳ
525 2707 620 2744 uel,"
633 2707 823 2744 προσελθών.
834 2708 949 2744 Sumpta
963 2708 1023 2736 haec
1038 2716 1071 2736 ex

279 2742 539 2779 ThomaerPeriodis,
570 2742 642 2770 libro
671 2743 738 2770 olim
768 2742 917 2778 reprobate
933 2752 965 2771 ac
988 2745 1071 2779 plane

279 2778 456 2813 apocrypha;
473 2778 554 2812 cuius
567 2782 661 2805 tamen
673 2778 756 2806 ﬁdem
775 2779 815 2805 sic
839 2779 927 2806 Graeci
951 2778 1007 2806 non
1021 2779 1071 2806 ab-

279 2818 370 2839 nuunt
385 2833 392 2844 ,
413 2817 485 2839 utet
503 2813 671 2847 quibusdam
700 2813 823 2847 antiquis
841 2814 921 2840 libris
938 2815 1073 2841 ecclesia-

281 2848 359 2883 sticis
373 2849 511 2882 ascriptos
522 2849 653 2880 habeant,
669 2854 696 2875 et
710 2853 816 2883 partem
835 2848 861 2875 in
874 2849 975 2876 Mcnaea
994 2853 1073 2876 retu-

281 2881 640 2917 lerim,long’annrrationc
666 2881 719 2911 hoc
744 2883 804 2918 ipso
829 2883 920 2916 titulo,
951 2884 1000 2910 Ἐκ
1017 2884 1074 2910 τῶν

1124 2241 1179 2269 τῶν
1198 2239 1390 2276 ἠπορημένων.
1413 2236 1499 2268 Αὐτὸς
1518 2237 1572 2271 γὰρ
1586 2236 1600 2262 6
1616 2233 1836 2271 θεαρχικώτατος
1856 2234 1911 2271 ’1η-

1125 2286 1199 2319 σοῦς,
1220 2286 1235 2312 6
1258 2284 1454 2321 ἀπερίληπτος,
1467 2283 1482 2309 6
1494 2281 1695 2318 ἀπεριόριστος,
1714 2281 1772 2309 ἄνω
1785 2281 1861 2317 παρὰ
1871 2281 1911 2315 τῷ

1124 2332 1212 2368 Πατρὶ
1234 2331 1272 2358 ὢν
1301 2330 1472 2361 άδιαστάτως
1486 2329 1543 2363 ἀεὶ,
1556 2329 1604 2355 καὶ
1628 2329 1704 2356 κάτω
1719 2328 1748 2355 δὲ
1766 2328 1842 2364 παρὰ
1853 2328 1910 2359 τοῖς

1123 2378 1234 2410 οἰκείοις
1262 2376 1419 2413 ἀμερίστως
1448 2375 1536 2411 μένων
1549 2375 1592 2402 ἀεί
1603 2384 1611 2391 ·
1627 2371 1704 2406 οὗτος
1726 2374 1805 2410 ἀνδρὶ
1818 2374 1848 2400 τὺ
1862 2373 1911 2409 μέ-

1124 2423 1213 2458 γεθος,
1227 2425 1277 2460 τήν
1289 2431 1318 2450 τε
1334 2422 1414 2458 φύσιν
1428 2423 1475 2450 καὶ
1489 2422 1537 2458 τὴν
1554 2421 1661 2458 μορφὴν
1677 2420 1785 2453 ἐοικὼς,
1797 2420 1910 2456 ἐμπόρῳ

1122 2468 1178 2496 τινὶ
1211 2466 1418 2504 προσεληλύθει,
1445 2466 1495 2502 τῆς
1528 2466 1644 2501 Ἰνδικῆς
1672 2466 1723 2502 μὲν
1745 2465 1910 2501 ὁρμωμένῳ,

1123 2514 1186 2549 ἄρτι
1211 2513 1240 2540 δὲ
1270 2513 1327 2540 τῶν
1355 2512 1553 2548 Ἰεροσολύμων
1578 2511 1688 2546 ἐξιόντι,
1708 2511 1755 2538 καὶ
1777 2511 1844 2546 πρὸς
1861 2511 1912 2546 τὴν

1125 2561 1195 2588 ίόίαν
1219 2560 1427 2588 παλινοστοῦντι
1452 2561 1515 2597 γῆν,
1538 2560 1626 2596 τούτῳ
1649 2559 1806 2596 προσελθὼν
1821 2558 1877 2595 (25)
1896 2560 1910 2586 ό

1120 2707 1203 2735 αὐτοῦ
1231 2706 1387 2741 Περιόδων,
1416 2705 1457 2732 Ea;
1483 2705 1600 2740 ejusdem
1629 2704 1732 2733 Tltoimc
1762 2705 1883 2734 Perfodit
1899 2713 1910 2732 :

1121 2751 1182 2778 qua:
1196 2742 1322 2777 perinde,
1339 2741 1432 2776 paucis
1450 2742 1573 2778 mutatis,
1594 2741 1689 2778 Abdiac
1702 2741 1846 2776 Babylonii
1857 2750 1909 2778 no-

1122 2776 1315 2812 i'ninc’vulgata
1331 2782 1404 2808 sunt,
1421 2776 1507 2812 magis
1520 2777 1602 2803 etiam
1619 2777 1646 2803 in
1659 2776 1706 2803 illo
1721 2777 1838 2811 impura.
1858 2777 1910 2812 Sy-

1124 2811 1279 2845 naxarium,
1296 2812 1371 2845 quod
1387 2811 1546 2843 antecedit,
1565 2811 1663 2838 iisdem
1680 2812 1772 2839 verbis
1790 2811 1909 2838 ltalu-tnr

1123 2848 1150 2875 in
1166 2847 1272 2883 magnis
1297 2847 1461 2883 Menaeisﬂct
1493 2846 1585 2883 Basilii
1607 2847 1786 2883 riittpcrarloris
1801 2846 1907 2883 ait-ard.

1123 2881 1223 2911 Sirleto
1236 2882 1332 2910 Latine
1347 2882 1471 2914 redditis,
1491 2887 1518 2909 et
1531 2882 1640 2910 ilcnrici
1656 2881 1757 2909 Cnnisii
1773 2887 1792 2908 t.
1809 2881 1908 2908 llledi—
