2072 3160
267 171 318 205 1'39

867 166 1015 200 NICET/E
1033 166 1299 198 PAPIILAGONIS

1848 159 1900 195 140

263 225 452 258 dicatlonibus
468 225 590 254 animum
606 232 639 253 ac
655 224 784 253 ﬁduciam
799 223 884 252 addit.
902 224 973 258 Quin
987 228 1015 252 et
1030 223 1057 251 in

1118 224 1247 260 ιαοητὴν,
1265 223 1313 251 καὶ
1328 232 1367 258 τῳ
1390 222 1560 259 πεπραμένῳ
1577 221 1749 257 συνέρχεται,
1765 219 1813 247 καὶ
1831 229 1899 257 κρυ-

263 273 373 303 cunctis
387 273 426 301 illi
439 273 492 301 viis
507 272 688 308 inaspectain
704 272 810 299 ratione
828 278 931 302 comes,
947 271 981 298 ab
998 278 1058 298 om-

263 320 349 354 nique
357 318 482 354 periculo
492 325 524 345 ac
532 318 648 345 adverso
657 324 723 344 casu
734 316 857 343 liberans
867 323 874 349 ;
890 315 937 343 ubi
947 315 1058 350 quidem

264 365 360 393 divina
371 363 514 392 tractanda
530 363 621 390 forent
631 382 638 395 ,
662 362 821 397 divinmque
843 361 986 397 sapientia:
996 369 1059 389 ver-

264 411 310 439 bis
335 410 369 438 ad
389 410 520 445 pietatem
539 407 705 435 adhortandi
723 407 865 435 auditores
879 410 983 439 essent,
996 406 1060 434 vitae

266 464 422 485 sermonem
438 455 515 490 largo
531 453 558 481 in
573 461 607 480 co
622 453 696 481 fonte
710 452 887 486 eﬂ‘undebat;
904 453 950 480 ubi
967 457 1059 480 autem

267 501 433 531 declaranda
449 499 639 535 prodigiorum
659 499 760 533 virtus,
774 499 850 527 omni
865 506 910 526 res
926 498 1060 526 miraculo

267 547 386 582 majores
404 544 438 571 ad
459 548 647 578 spectatorum
667 548 726 572 tum
741 547 884 579 stuporem
902 547 959 571 tum
978 543 1060 571 [idem

268 595 398 628 praestare
418 588 568 616 tribuebat.

304 733 391 767 Quem
421 732 449 760 in
480 731 592 758 modum
623 738 738 766 magnus
764 730 884 759 Thomas
912 730 947 758 ad
980 729 1062 758 Indos

270 780 409 808 abductus
435 783 488 806 est.
514 777 638 813 indeque
660 777 820 812 Ethiopum
847 777 913 813 ipsis
938 777 1062 813 regibus,

268 826 432 860 cunctisque
444 824 518 852 illius
531 829 611 851 terrae
629 823 747 859 satrapis
757 831 789 851 ac
798 823 865 852 viris
878 823 1062 860 principibus,

269 876 400 906 tanquam
416 870 588 898 mirabilium
609 877 724 905 operum
740 873 862 905 patrator
877 869 992 897 illustris
1006 868 1064 897 efﬁ-

1108 271 1178 306 φίως
1193 271 1239 299 ἀεὶ
1254 270 1412 307 προσλαλεϊ,
1438 271 1485 297 καὶ
1509 269 1656 303 μυστικαῖς
1671 266 1790 304 ὁμιλίαις
1807 275 1902 303 παρα-

1108 316 1196 348 καλεῖ,
1216 317 1263 343 καὶ
1287 315 1522 351 θεοῤῥημοσὺναις
1547 314 1678 350 ἀρρήτοις
1695 312 1902 348 παρασκευάζει

1109 361 1232 397 θαρῤεῖν.
1263 360 1319 387 Καὶ
1336 361 1402 396 ,μὴν
1433 361 1480 387 καὶ
1503 360 1532 387 ἐν
1555 359 1658 391 πάσαις
1672 357 1747 393 αὒτῷ
1761 358 1821 389 ταῖς
1831 357 1902 388 ὁδοῖς

1109 406 1234 442 ἀοράτως
1250 405 1429 441 ἐφεπόμενος,
1442 405 1489 431 καὶ
1509 404 1608 435 παντὸς
1627 402 1751 430 κινδύνου
1770 403 1817 429 καὶ
1834 410 1904 428 παν-

1110 451 1155 482 τὸς
1168 451 1372 487 συμπτώματος
1384 450 1621 485 ἀπολυτρούμενος
1633 457 1641 465 ⁶
1671 449 1718 476 καὶ
1733 446 1763 476 οὗ
1779 448 1830 484 μὲν
1845 448 1904 475 θεο-

1110 497 1200 532 λογεῖν
1212 496 1313 532 χρεὼν,
1331 497 1382 524 καὶ
1402 497 1508 533 ῥήμασι
1521 495 1664 529 θεοσοφίας
1679 495 1741 527 τοὺς
1755 494 1904 526 ἀκούοντας

1111 544 1150 575 εἰς
1163 543 1306 569 εὐσέϐειαν
1327 542 1510 578 παρακαλεῖν,
1533 542 1613 575 λόγον
1629 542 1658 568 ἐν
1678 541 1753 575 αὐτῷ
1771 540 1905 577 mime

1111 588 1201 623 ζωῆςο
1216 585 1246 616 οῦ
1266 589 1296 615 δὲ
1317 589 1366 616 καὶ
1385 588 1509 623 τεράτων
1525 588 1668 623 ἐνέργειαν
1681 587 1822 621 ἐκφαίνειν
1837 586 1903 620 ἔδει,

1111 635 1209 671 παρὼν
1230 636 1265 663 τὰ
1295 635 1511 672 θαυμασιώτατα
1540 635 1609 670 πρὸς
1631 634 1763 670 ἔκπληξίν
1789 643 1820 662 τε
1849 635 1905 662 τῶν

1112 682 1250 719 ὁρώντων,
1269 683 1317 710 καὶ
1328 682 1420 709 πίστιν
1433 682 1576 718 χαρίζεται
1591 681 1668 717 δρᾷν.

1150 729 1245 762 Οὕτως
1259 730 1300 762 είς
1319 730 1420 762 Ἰνδοὺς
1444 731 1458 756 ὸ
1484 731 1570 764 μέγας
1584 729 1695 765 ἀπήχθη
1712 728 1824 764 Θωμᾶς.
1847 727 1906 755 Ἑν-

1114 776 1210 804 τεῦθεν
1231 776 1280 804 καὶ
1300 777 1358 808 τοῖς
1380 776 1435 803 τῶν
1459 775 1598 802 Αἰθιόπων
1618 774 1773 811 βασιλεῦσιν
1787 773 1825 806 ὡς
1838 773 1906 800 θαυ-

1116 823 1220 859 μασίων
1238 823 1328 859 ἐργων
1344 823 1476 858 ἐργάτης,
1496 821 1543 849 καὶ
1560 822 1628 849 πᾶσι
1644 822 1701 853 τοῖς
1714 820 1845 857 κρατοῦσι
1857 819 1907 855 τῆς

1114 870 1168 905 γῆς
1194 869 1315 904 ἐκείνης,
1345 869 1503 910 ἐπίσημοςΝ
1512 868 1694 895 καθίσταται·
1712 867 1760 893 καὶ
1779 865 1874 901 ὥσπερ
1892 865 1907 892 6

268 917 342 944 citur
352 916 386 943 “.
409 917 448 943 Ae
468 915 541 942 sicut
560 915 619 950 ipse
643 915 723 943 Jesus
742 914 869 943 Christus
892 914 981 942 factus
1000 914 1066 942 obe-

1118 915 1234 951 Χριστὺς
1245 915 1326 947 αὐτὸς
1342 914 1458 950 Ἰησοῦς,
1474 915 1596 949 ὑπήκοος
1612 913 1652 949 τῷ
1666 912 1750 940 αὐτοῦ
1761 912 1908 946 γενόμενος

269 963 350 991 diens
371 962 463 995 Patri,
487 961 560 990 servi
581 961 697 989 formam
720 962 842 997 accepit,
864 969 950 997 seque
973 962 1064 997 ipsum

270 1007 429 1044 dignatione
445 1007 604 1038 humilians,
621 1010 704 1041 atque
717 1006 750 1034 ad
769 1010 887 1034 mortem
901 1014 989 1042 usque
1001 1014 1065 1042 pro-

271 1054 329 1082 dita
351 1053 536 1090 subiectione,
561 1053 652 1081 Patris
677 1051 765 1088 gratia
787 1052 923 1080 exaltatus
939 1057 998 1084 est.
1015 1060 1064 1080 su-

271 1107 454 1137 premumque
480 1099 603 1126 onmium
627 1106 746 1131 nomen,
767 1105 822 1133 qua
846 1098 954 1126 ratione
982 1098 1065 1126 homo

269 1151 330 1180 est,
356 1149 534 1178 consecutus,
564 1145 593 1172 in
621 1144 736 1172 dextera
765 1144 917 1180 maiestatis
940 1144 1019 1172 sedet
1030 1145 1064 1172 ".

271 1194 319 1223 Sic
337 1201 421 1221 verus
441 1192 614 1228 discipulus,
632 1191 746 1226 ipseque
762 1190 811 1218 ﬁlii
827 1189 971 1226 dignitatis
987 1198 1065 1218 eom-

271 1247 336 1276 pos,
353 1246 448 1268 secum
470 1238 564 1265 animo
583 1237 693 1265 Domini
716 1240 849 1272 reputans
869 1235 1064 1268 humilitatem.

271 1285 345 1314 servi
369 1285 443 1313 illam
461 1284 646 1320 dejectionem
669 1283 851 1318 habitumque
874 1290 929 1310 non
952 1282 1066 1319 indigne

272 1329 347 1356 tulit.
358 1329 419 1356 Non
433 1328 548 1356 moleste
561 1327 660 1356 habuit
674 1327 748 1362 quod
763 1327 797 1355 ab
812 1327 904 1363 impiis
914 1332 1064 1356 emeretur:

272 1382 373 1410 nempe
407 1383 462 1402 non
487 1374 668 1406 mmstitiam,
693 1373 742 1402 sed
765 1374 987 1409 iucunditatem;
1009 1382 1066 1402 non

272 1421 463 1457 ignominiam,
483 1420 531 1448 sed
549 1420 693 1453 honorem;
707 1426 763 1447 non
779 1419 912 1455 probrum
927 1424 975 1447 aut
990 1419 1067 1447 dolo-

271 1473 343 1500 rem,
365 1465 414 1494 sed
435 1466 528 1502 potius
546 1466 660 1502 gloriam
679 1473 711 1494 ac
732 1465 856 1495 laetitiam
874 1468 980 1496 ducens
998 1471 1067 1495 tem-

272 1520 421 1547 poraneam
447 1513 609 1540 servitutem
630 1522 637 1540 :
662 1521 749 1549 eaque
773 1514 862 1549 palam
887 1514 1010 1542 :cmulari
1037 1522 1066 1542 se

272 1559 434 1594 magistrum
447 1566 479 1586 ac
495 1559 610 1594 diligere
624 1560 784 1592 ostendens,
801 1560 902 1587 nedum
918 1560 994 1588 solus
1008 1560 1066 1596 ipse

272 1612 366 1631 veram
382 1604 540 1632 libertatem
557 1604 662 1639 ﬁliique
678 1605 764 1633 decus
780 1605 863 1632 altius
878 1606 1067 1641 consequeba-

273 1653 329 1681 tur,
341 1656 437 1676 verum
453 1648 536 1676 etiam
550 1649 713 1677 innumeros
723 1650 895 1678 inﬁdelitatis
907 1652 1067 1687 peccatique

274 1694 399 1722 tenebris
410 1694 545 1722 obnoxios
558 1695 704 1729 liberabat,
721 1703 803 1731 atque
814 1696 908 1732 gratia:
921 1697 1019 1731 spiritu
1037 1705 1069 1724 ac

274 1739 405 1775 baptismi
427 1747 498 1775 aqua
511 1740 626 1776 mystice
650 1746 843 1776 regeneratos,
865 1742 1068 1770 immaculalam

274 1786 381 1821 prolem
397 1786 550 1822 plenosque
566 1786 647 1820 lucis,
664 1795 737 1815 vera:
753 1788 815 1816 illos
828 1796 986 1824 magnaque
1000 1788 1068 1816 Luci

275 1831 448 1860 admovebat.

311 1934 419 1962 Cuncta
434 1941 501 1962 vero
518 1939 560 1963 ter
576 1935 735 1963 beatissimo
752 1936 859 1964 doctori
872 1937 982 1973 egregie
1001 1945 1071 1972 pra:-

276 1979 352 2011 stita,
378 1986 544 2014 omnemque
569 1979 643 2008 illius
664 1988 824 2010 sermonum
849 1987 931 2017 atque
955 1990 1071 2018 operum

275 2024 424 2056 circulum,
441 2024 543 2059 quibus
563 2024 703 2052 Parthiam
727 2033 837 2054 omnem
855 2031 884 2054 et
907 2025 1071 2062 Hyrcaniam

275 2073 305 2097 et
318 2069 492 2097 Bactrianam
504 2070 697 2105 evangelizans
710 2071 821 2099 Christo
837 2072 964 2106 adduxit,
977 2073 1072 2101 conari

277 2115 418 2150 sigillatitn
434 2115 527 2143 verbis
540 2116 653 2151 exsequi
666 2121 695 2143 et
714 2125 860 2150 enarrare,
878 2118 951 2146 idem
973 2119 1072 2146 merito

277 2161 328 2193 sit,
352 2169 384 2188 ac
401 2165 508 2188 tentare
523 2161 623 2196 pluvia:
641 2166 732 2197 guttas
752 2171 910 2192 numerare.
934 2164 970 2193 Ut
988 2164 1072 2200 igitur

277 2213 339 2240 qua-
353 2211 419 2233 sunt
434 2206 523 2234 media
542 2212 641 2234 cuneta
663 2209 835 2242 contraham,
855 2210 927 2238 sacri
941 2211 1071 2238 nimirum

280 2251 417 2286 pra-conis
433 2251 467 2278 ad
483 2251 568 2279 india:
584 2260 676 2287 regem
698 2253 906 2287 admissionem,
930 2255 1012 2290 regiae
1025 2262 1072 2282 ex-
1088 2269 1110 2296 ι)

281 2295 420 2323 struenda:
432 2296 671 2331 pollicitationem,
689 2298 752 2326 teris
768 2299 835 2335 regii
849 2300 877 2327 in
896 2304 995 2328 tenues
1009 2308 1072 2335 per-

277 2349 360 2368 sonas
384 2340 616 2377 insumptionem,
636 2347 727 2371 creata
743 2343 808 2372 inde
824 2344 958 2380 pericula,
972 2344 1072 2377 minas,

277 2386 414 2419 verbera,
441 2394 580 2421 carceres,
605 2389 639 2416 ab
652 2390 784 2418 aerumnis
803 2390 932 2418 omnibus
954 2390 1075 2426 propitio

276 2432 396 2460 Numine
422 2432 641 2469 benigniorequc
665 2436 838 2470 providentia
864 2436 1057 2464 liberationem

276 2485 322 2510 ac,
350 2485 387 2505 ne
416 2478 570 2507 orationem
602 2480 712 2516 longius
740 2482 916 2516 protraham,
944 2481 1073 2518 abyssum

278 2530 415 2551 enarrans
429 2524 639 2558 miraculorum,
656 2533 738 2561 quam
752 2527 847 2555 multis
871 2527 982 2563 aegrotis
1000 2528 1074 2556 sani-

278 2573 362 2597 tatem
388 2570 529 2604 tribuerit,
552 2572 665 2607 quantis
692 2572 772 2600 czecis
795 2573 902 2607 visum,
925 2573 1073 2609 surdisque

315 2648 337 2664 "
348 2648 467 2684 Philipp.
483 2657 513 2682 ll,
526 2648 553 2677 6.
589 2649 610 2665 "’
624 2649 708 2676 Hebr.
727 2657 745 2680 I,
762 2649 788 2677 5.

278 2715 366 2748 lytum
381 2718 425 2743 est
450 2714 568 2748 Margis:
589 2714 688 2742 melius
708 2714 778 2742 forte
803 2714 915 2745 illm-dis,
937 2713 984 2748 qui
1007 2717 1073 2740 sunt

280 2723 287 2742 l
308 2723 366 2742 tum
381 2723 425 2743 eu
450 2723 510 2742 arar
528 2723 568 2741 is:
589 2723 688 2742 melius
708 2723 778 2742 torte
803 2723 915 2745 nim-ms,
937 2723 984 2748 qlll
1007 2723 1073 2740 sunt

280 2723 424 2785 liyrcanim
436 2723 530 2785 pepigi
543 2750 617 2785 apud
629 2749 806 2785 Strabonem.
817 2748 941 2785 Suidam,
957 2748 1073 2785 Stepha-

280 2782 348 2811 num
368 2794 375 2812 :
392 2782 456 2812 sunt
467 2782 550 2813 etiam
562 2782 653 2812 Persa:
667 2784 761 2819 populi
787 2783 859 2819 apud
887 2782 1070 2819 Herodotum.

280 2819 477 2852 Brachmanes,
495 2828 566 2882 riuos
580 2817 686 2848 addunt
701 2817 783 2859 nunc.
803 2818 932 2845 Romanae
961 2817 1072 2858 tabulae,

283 2862 337 2880 non
357 2860 410 2882 tam
430 2856 521 2882 nooui
538 2859 643 2882 suntet
658 2855 734 2881 natio
750 2853 858 2882 aliqua.
885 2860 967 2882 quam
985 2853 1072 2882 philo-

283 2862 341 2891 non_
356 2853 521 2891 tamipopuli
538 2859 643 2891 suntet
658 2855 734 2891 natio
745 2853 858 2891 aliqua,
885 2860 967 2887 quam
985 2853 1074 2891 philo-

280 2889 362 2924 sophi
378 2888 473 2919 ladiat‘
483 2889 633 2924 citerioris,
661 2889 708 2924 qui
729 2888 770 2917 sic
795 2888 885 2916 adhuc
903 2888 1074 2916 nostratibus

1116 962 1274 997 Γεννήτορι,
1297 961 1406 997 μορφὴν
1431 960 1527 996 εἴληφε
1552 959 1688 995 δουλικὴν,
1715 958 1764 985 καὶ
1783 957 1816 984 δι’
1835 958 1908 984 οἱκο-

1116 1008 1214 1043 νομίαν
1243 1007 1340 1034 ἐαυτὸν
1367 1006 1588 1039 τεταπεινωκὼς,
1620 1005 1668 1032 καὶ
1693 1005 1775 1040 μέχρι
1787 1003 1906 1030 θανάτου

1115 1054 1166 1090 τὴν
1199 1053 1341 1089 ὑποταγὴν
1376 1052 1554 1087 δειξάμενος,
1584 1050 1763 1087 ὑπερύψωται
1791 1049 1834 1076 διὰ
1858 1047 1908 1076 τοῦ

1116 1099 1236 1136 Πατρδς,
1251 1100 1299 1126 καὶ
1320 1098 1368 1126 τοῦ
1385 1099 1538 1134 ὐπερτάτου
1559 1097 1669 1124 πάντων
1682 1095 1814 1131 ὀνόματος
1859 1094 1908 1122 ἀν-

1116 1144 1227 1181 θρωπος
1262 1144 1425 1180 ἠξιωμένος,
1456 1144 1486 1170 ἐν
1511 1143 1586 1180 δεξιᾷ
1607 1144 1738 1171 κεκάθικε
1757 1144 1807 1180 τῆς
1821 1152 1909 1179 μεγα-

1116 1191 1252 1227 λοσύνης·
1281 1191 1369 1223 οὕτως
1394 1191 1409 1218 ὁ
1435 1191 1546 1225 γνήσιος
1572 1190 1707 1226 μαθητὴς,
1725 1190 1773 1217 καὶ
1787 1191 1838 1224 τῆς
1848 1189 1909 1217 υίοῦ

1116 1237 1220 1271 τάξεως
1235 1236 1379 1273 ἐπήϐολος,
1395 1237 1464 1272 πρὸς
1487 1237 1537 1272 τὴν
1558 1237 1728 1273 Δεσποτικὴν
1744 1237 1909 1264 ταπείνωσιν

1116 1283 1238 1320 ἀφορῶν,
1252 1283 1283 1310 οὐ
1298 1283 1329 1311 τὸ
1343 1283 1493 1319 πρόσχημα
1505 1284 1555 1318 τῆς
1568 1283 1691 1316 δουλείας
1707 1283 1888 1319 ἐδυσχέρανεν
1898 1290 1907 1298 ·

1116 1329 1168 1356 οὐκ
1183 1329 1407 1365 ἀπεδυσπέτησεν
1423 1329 1494 1364 ὑπὲρ
1513 1329 1620 1356 ἀσεϐῶν
1634 1329 1887 1365 ἀπεμπωλούμενος
1898 1336 1908 1346 ο

1116 1375 1148 1402 οὐ
1159 1375 1325 1411 δυσθυμίαν,
1341 1375 1409 1403 ἀλλά
1427 1375 1584 1411 προθυμίαν
1599 1383 1606 1390 ·
1630 1375 1681 1402 οὐκ
1704 1375 1829 1410 ἀτιμίαν,
1840 1375 1910 1402 ἀλλά

1116 1421 1200 1456 τιμήν
1218 1429 1224 1436 ·
1239 1421 1294 1449 οὐδ’
1308 1421 1440 1457 αἰσχύνην
1459 1421 1476 1457 ἢ
1503 1421 1603 1456 λύπην,
1616 1421 1695 1455 δόξαν
1708 1421 1736 1448 δὲ
1752 1422 1800 1449 καὶ
1811 1421 1910 1456 εὐφροο

1118 1467 1202 1502 σύνην
1229 1467 1281 1502 τὴν
1308 1467 1477 1503 πρόσκαιρον
1508 1467 1640 1495 δούλωσιν
1669 1467 1832 1503 ἡγούμενος,
1861 1467 1911 1494 καὶ

1116 1512 1203 1549 ταύτῃ
1232 1513 1305 1549 σαφῆ
1320 1514 1370 1548 τὴν
1388 1514 1456 1549 πρὸς
1470 1514 1517 1540 τὸν
1541 1513 1700 1541 διδάσκαλον
1725 1513 1842 1550 μίμησιν
1863 1513 1911 1540 καὶ

1117 1560 1257 1596 ἀγάπησιν
1269 1560 1483 1595 ἐπιδειξάμενος,
1499 1560 1529 1586 οὺ
1546 1559 1626 1596 μόνος
1639 1559 1719 1593 αὐτὸς
1732 1560 1780 1594 τῆς
1793 1558 1911 1595 ἀληθοῦς

1119 1605 1277 1641 ἐλευθερίας
1307 1606 1355 1633 καὶ
1379 1606 1550 1641 ὑψηλοτέρας
1581 1605 1705 1642 υῑότητος
1729 1605 1909 1641 κατηξιοῦτο·

1119 1652 1189 1680 ἀλλά
1203 1652 1252 1679 καὶ
1265 1653 1379 1689 μυρίους
1391 1653 1471 1684 ὅσους
1495 1653 1535 1688 τῷ
1557 1653 1646 1687 σκότῳ
1661 1653 1711 1687 τῆς
1723 1652 1852 1684 ἀπιστίας
1864 1651 1911 1678 καὶ

1121 1699 1260 1735 ἁμαρτίας
1268 1699 1556 1735 καταδεδουλωμένους
1566 1699 1714 1735 ἠλευθέρου
1727 1708 1734 1715 ⁶
1749 1699 1796 1726 καὶ
1808 1698 1846 1734 τῷ
1861 1698 1912 1733 τῆς

1120 1746 1232 1782 χάριτος
1256 1745 1404 1780 πνεύματι,
1437 1747 1485 1773 καὶ
1512 1747 1552 1782 τῷ
1565 1746 1613 1773 τοῦ
1629 1746 1819 1782 βαπτίσματος
1835 1745 1912 1772 ὕδατι

1122 1792 1262 1828 μυστικῶς
1290 1793 1467 1827 ἀναγεννῶν,
1495 1793 1600 1828 ἄμωμα
1634 1793 1716 1820 τέκνα
1751 1792 1800 1819 καὶ
1823 1791 1914 1827 φωτὸς

1121 1839 1238 1875 πλήρεις
1256 1838 1378 1872 τούτους,
1396 1839 1434 1874 τῷ
1445 1839 1566 1875 ἀληθινῷ
1579 1839 1627 1867 καλ
1640 1839 1912 1876 μεγάλῳξπαρίστησι

1124 1885 1205 1919 φωτί.
1654 1905 1658 1908 ι

1159 1932 1252 1958 Πάντα
1269 1931 1319 1967 μὲν
1335 1930 1382 1959 οὖν
1393 1931 1455 1959 καθ’
1466 1932 1495 1959 ἓν
1516 1931 1645 1964 διεξιέναι
1668 1931 1815 1967 πειρᾶσθαι
1829 1930 1912 1966 λόγῳ,

1121 1977 1172 2004 ὅσα
1186 1977 1225 2012 τῷ
1240 1977 1509 2014 τρισμακαριωτὰτῳ
1521 1978 1702 2014 κατώρθωται
1720 1977 1912 2013 μυσταγωγῷ·

1123 2024 1171 2051 καὶ
1195 2025 1287 2052 πᾶσαν
1313 2023 1343 2051 δέ
1362 2024 1418 2051 τῶν
1446 2032 1476 2051 τε
1498 2024 1583 2058 λόγων
1603 2023 1686 2051 αὑτοῦ
1701 2024 1749 2050 καὶ
1764 2022 1853 2059 ἔργων
1864 2021 1914 2056 τὴν

1123 2069 1260 2105 περίοδον,
1272 2065 1313 2101 οἷς
1331 2069 1455 2105 Παρθίαν
1467 2078 1496 2096 τε
1521 2069 1612 2095 πᾶσαν
1631 2068 1678 2096 καὶ
1698 2068 1847 2102 Ὑρκανίαν
1866 2066 1915 2094 καὶ

1123 2116 1296 2152 Βακτριανὴν
1305 2115 1549 2150 εὐαγγελιζόμενος
1561 2116 1720 2150 προσήγαγε
1733 2114 1772 2150 τῷ
1790 2113 1914 2149 Χριστῷ,

1123 2161 1222 2190 ταυτὸν
1239 2161 1272 2188 ἂν
1286 2161 1328 2197 εἴη
1358 2161 1407 2188 καὶ
1433 2160 1511 2187 ὑετοῦ
1538 2160 1673 2194 σταγόνας
1688 2161 1838 2195 ἐπιχειρεῖν
1853 2160 1917 2195 ἀρι-

1125 2208 1214 2243 θμεῖν.
1232 2207 1281 2234 Ἶν¹
1296 2205 1344 2233 οὖν
1363 2207 1397 2233 τά
1412 2207 1440 2232 ἐν
1454 2206 1530 2241 μέσῳ
1544 2205 1646 2232 συνέλω
1660 2205 1758 2239 πάντα,
1779 2205 1829 2241 τὴν
1845 2206 1916 2240 πρὸς

1124 2254 1170 2280 τδν
1187 2253 1301 2289 βασιλέα
1313 2253 1364 2288 τῆς
1383 2251 1496 2287 Ἰνδικῆς
1506 2252 1552 2278 τοῦ
1568 2252 1642 2287 ἱεροῦ
1658 2252 1778 2287 κήρυκος
1796 2253 1915 2287 εἰσαγω-

1123 2300 1186 2335 γὴν,
1210 2300 1261 2334 τῆς
1283 2299 1429 2334 οἰκοδομῆς
1453 2298 1508 2325 τῶν
1528 2298 1672 2333 βασιλείων
1692 2299 1743 2333 τὴν
1755 2298 1915 2334 ὑπόσχεσιν,

1121 2345 1172 2380 τὴν
1200 2344 1242 2376 είς
1269 2344 1333 2375 τοὺς
1364 2342 1491 2379 μετρίους
1510 2343 1565 2370 τῶν
1589 2343 1738 2378 βασιλικῶν
1766 2343 1916 2379 χρημάτων

1124 2390 1271 2422 ἀνάλωσιν,
1283 2390 1348 2422 τοὺς
1371 2389 1416 2416 διὰ
1445 2389 1532 2416 ταῦτα
1552 2389 1703 2422 κινδύνους,
1719 2389 1769 2422 τὰς
1789 2389 1915 2422 ἀπειλὰς,

1125 2435 1175 2468 τὰς
1187 2435 1332 2471 μάστιγας,
1350 2435 1400 2467 τὰς
1425 2435 1547 2470 εἱρκτὰς,
1569 2435 1618 2462 καὶ
1644 2435 1695 2470 τὴν
1720 2435 1764 2462 διὰ
1787 2434 1916 2470 προνοίας

1128 2482 1282 2517 κρείττονος
1301 2480 1356 2507 τῶν
1369 2480 1509 2516 δυσχερῶν
1523 2480 1652 2507 ἀπάντων
1672 2480 1846 2516 ἀπαλλαγήν·
1869 2481 1918 2508 καὶ

1125 2528 1170 2556 ἵνα
1182 2528 1220 2564 μὴ
1235 2528 1341 2563 μακρὸν
1369 2527 1545 2562 ἀποτείναιμι
1561 2527 1651 2561 λόγον,
1672 2527 1790 2555 ἄϐυσσον
1804 2527 1919 2563 ἐξηγού-

1128 2582 1208 2610 μενος
1224 2573 1388 2601 θαυαάτων·
1416 2573 1489 2605 ὅσοις
1514 2573 1688 2609 ἀρρωστοῦσι
1719 2572 1842 2609 παρέσχε
1867 2572 1918 2608 τὴν

1125 2713 1252 2743 audiunt,
1267 2717 1336 2740 teste
1349 2712 1482 2748 Maphrco,
1494 2720 1526 2740 ac
1540 2713 1562 2741 si
1584 2713 1647 2748 quis
1665 2713 1817 2742 Druidibus
1830 2714 1916 2748 dicat,

1124 2756 1175 2810 RII'O
1185 2748 1280 2775 Gallis.
1297 2748 1346 2780 Ac;
1367 2747 1434 2775 num
1453 2747 1628 2782 Sophronlus
1655 2749 1738 2777 etiam
1753 2770 1760 2781 .
1778 2758 1845 2778 voce
1870 2747 1917 2778 illa

1154 2785 1220 2810 nais.
1240 2783 1385 2810 Persarum
1411 2783 1550 2810 sapientes
1585 2784 1624 2810 (id
1655 2790 1698 2810 est
1728 2785 1917 2810 nhilosonhosi

1154 2785 1220 2821 agis,
1240 2783 1397 2821 Persarum
1411 2783 1550 2818 sapientes
1585 2784 1624 2821 (id
1655 2790 1705 2821 est
1728 2785 1917 2821 philosophos)

1126 2818 1281 2846 intellexit?
1311 2818 1448 2851 Populum
1478 2823 1568 2845 tamen
1599 2818 1735 2847 Persidis
1755 2818 1916 2853 assignant;

1126 2828 1280 2846 ιιιιοιιωυιι
1312 2828 1448 2851 l’Opullllll
1478 2828 1568 2845 tamen
1599 2828 1722 2847 ιὀτειαιε
1755 2828 1808 2847 355]
1830 2828 1916 2853 nant,

1125 2861 1244 2888 quorum
1259 2853 1326 2882 urbs
1340 2853 1430 2882 Plinio
1453 2858 1482 2881 et
1506 2853 1602 2883 Solino
1626 2855 1775 2891 Paiagorda
1801 2828 1916 2884 dicitur.
