2072 3160
166 147 216 182 ιιι
528 146 672 180 ORATIO
689 147 758 179 VII.
771 160 806 167 -
817 145 859 178 IN
879 145 1036 177 LAUDEM
1055 144 1086 176 S;
1106 143 1249 175 THOM/E
1268 142 1463 175 APOSTOLI.
1754 143 1808 178 142

167 206 249 238 ίασιν,
273 203 348 236 ὅσοις
370 203 398 231 δὲ
407 203 519 239 τυφλοῖς
533 204 641 240 ὅρασιν,
654 213 701 232 κα.
714 204 818 239 κωφοίς
833 203 956 230 άποκσθ-
973 205 985 233 Α

988 217 993 232 ι
1008 201 1134 229 auditum
1145 199 1309 232 restituerit,
1321 204 1441 235 quantos
1453 197 1552 227 solutis
1566 198 1700 229 membris
1709 207 1806 230 erexe-

170 249 231 285 ίστη
259 249 310 285 τὴν
328 250 415 285 ἀκοήν
426 258 433 266 ·
450 249 499 276 καὶ
513 250 593 282 ὅσους
610 250 660 286 μὶν
674 250 859 285 παρειμένους
873 249 961 284 ἀνωρ-

1013 247 1059 280 rit,
1076 247 1186 282 quantis
1204 246 1331 281 leprosis,
1352 246 1442 273 aliove
1459 245 1541 273 modo
1555 252 1672 281 corpore
1687 246 1807 281 obitesis,

168 295 288 327 σώσατο.
305 296 379 328 ὅσοις
397 296 426 323 δὲ
450 296 652 332 λελωϐημένοις
670 297 703 323 τὸ
724 296 816 332 σῶμα,
834 295 883 323 καὶ
899 295 961 322 καθ’

1012 297 1060 320 aut
1073 296 1180 320 natura:
1195 291 1264 319 vitio
1278 291 1481 324 laborantibus,
1493 291 1535 318 vel
1548 291 1649 326 spiritu
1663 291 1807 321 immundo

166 341 248 370 Mw'
275 338 322 368 οὖν
342 341 556 376 πεπηρωμένοις
582 341 700 377 τρόπον,
724 341 742 377 ἢ
774 339 961 376 συμπτώματι

1012 338 1129 370 vexatis,
1147 337 1210 365 sine
1227 337 1323 364 labore
1337 337 1427 365 ullave
1443 337 1583 370 mercede,
1599 338 1663 366 Jesu
1680 338 1807 367 invocato

168 387 277 422 φύσεως
299 387 516 422 κεκακωμένοις,
536 386 553 422 ἢ
571 386 728 421 πνεύματος
738 386 896 421 ἀκαθάρτου
912 385 960 420 βα-

1012 384 1124 411 nomine
1151 383 1297 411 sanitatem
1325 382 1480 411 donaverit.
1510 383 1592 416 Hac,
1620 384 1748 420 inquam,
1779 388 1809 412 ut

166 432 356 468 σανιζομινοις
381 433 510 469 ἐπηρείᾳ,
538 433 588 468 τὴν
612 433 713 461 άπονόν
737 441 768 460 τε
785 432 831 460 καὶ¹
844 431 960 468 ἄμισθον

1012 429 1190 462 omittamus,
1211 430 1258 464 qui
1279 429 1386 457 scilicet.
1404 429 1529 457 historici
1549 430 1640 465 pensi.
1653 437 1709 458 non
1724 430 1808 466 hujus

167 479 290 514 ίατρείαν
304 478 344 514 τῷ
357 478 405 505 τοῦ
431 478 519 513 Ἰησοῦ
534 478 648 514 ὀνόματι
665 478 826 514 δεδώρηται.
844 479 893 505 Ἰν*
913 475 961 505 οὖν

1011 476 1100 504 nostri
1121 475 1240 504 instituti
1260 480 1336 504 sunt.
1356 475 1391 504 Ut
1404 475 1524 511 denique
1546 476 1628 504 etiam
1648 476 1807 512 apostolica

166 523 254 550 ταῦτα
269 522 405 558 παρῶμεν
431 522 553 558 ἱστορίας
565 523 657 559 εργον,
666 523 714 550 καὶ
728 523 758 550 οὐ
769 522 816 550 τοῦ
826 523 961 558 παρόντος

1011 522 1126 557 pelagus
1141 521 1284 556 sapientiae
1304 521 1515 554 contrahamus,
1532 529 1566 549 ac
1580 522 1719 557 quomodo
1736 523 1806 550 Ver-

165 568 231 595 θντα
247 568 352 596 σκοποῦ
365 577 372 585 ·
390 569 434 596 ἵνα
457 568 486 596 δὲ
505 569 552 596 καὶ
575 568 607 595 τὺ
623 568 740 602 πέλαγος
753 569 802 603 τῆς
816 567 961 595 ἀποστολι-

1011 566 1076 593 bum
1089 566 1153 594 vitae
1163 566 1257 594 divine
1272 566 1444 601 praedicaret,
1458 567 1531 602 quod
1543 572 1604 595 erat
1616 567 1644 595 in
1656 568 1805 604 principio,

165 614 216 648 κῆς
248 614 406 649 συνέλωμεν
432 614 595 647 θεοσοφίας,
623 614 671 641 καὶ
699 614 775 647 ὅπως
803 614 850 642 τὸν
873 614 960 648 Λόγον

1011 615 1040 639 et
1065 615 1125 638 erat
1150 618 1261 646 semper
1280 611 1353 646 apud
1378 611 1504 643 Patrem,
1521 619 1554 639 ac
1568 619 1619 646 pro
1638 612 1720 640 nobis
1741 619 1806 640 caro

164 659 302 693 ὲθεολόγει
317 659 367 694 τῆς
384 659 468 695 ζωῆς,
482 660 511 686 ἂν
521 660 594 695 ἀρχῇ
615 660 692 693 ὄντα,
705 660 774 696 πρὸς
787 660 834 688 τὸν
849 660 961 696 Πατέρα

1011 656 1114 684 factum
1128 661 1181 688 est,
1195 661 1223 684 et
1239 661 1353 692 propter
1369 664 1421 684 nos
1433 656 1508 684 cruci
1526 656 1637 684 allixum
1652 661 1807 685 mortuum-

164 706 208 732 ἀεὶ
222 705 299 738 ὂντα,
315 706 363 732 καὶ
377 706 467 741 σάρκα
477 706 625 741 γενόμενον
632 707 705 743 ὑπὲρ
722 706 812 742 ἡμῶν,
826 707 874 734 καὶ
890 707 960 743 ὑπὲρ

1011 711 1066 738 que
1076 710 1109 731 ac
1124 702 1216 731 triduo
1232 703 1371 738 sepultum
1385 702 1424 737 “;
1441 707 1555 738 tumque
1570 703 1692 730 surrexit
1703 711 1718 730 a
1732 710 1806 730 mor-

166 750 244 785 ἡμῶν
259 750 370 785 σταυρῷ
385 751 433 777 καὶ
448 750 566 786 θανάτῳ,
580 750 628 778 καὶ
652 751 795 786 τριημέρῳ
817 758 961 787 προσωμιε

1002 750 1081 782 -tuis,
1098 757 1131 777 ac
1149 757 1164 777 a
1182 754 1254 776 terra
1275 749 1304 776 in
1322 749 1423 777 cmlum
1449 754 1589 784 receptum
1609 753 1668 782 est;
1686 749 1805 785 indeque

165 793 270 829 ληκότα
278 796 352 830 ταφῇ
363 802 372 811 ”
401 792 473 828 εἶτα,
496 795 654 823 ἀναστάντα
675 796 725 831 μὲν
739 797 770 822 ty
783 797 901 832 νεκρῶν,
913 796 960 823 καὶ

1012 804 1110 824 rursus
1137 796 1252 824 veniens
1281 803 1346 824 cum
1374 797 1519 831 majestate
1547 803 1595 824 sua
1626 800 1742 824 cunctos
1770 795 1805 824 ad

166 841 222 868 ἀπὸ
237 842 290 875 γῆς
305 840 497 876 ἀναληφθέντα
521 843 563 873 είς
573 842 690 877 οὐρανόν
701 850 708 857 '
724 842 825 877 ἥξοντα
844 842 873 869 δὲ
891 842 960 878 μετὰ
975 873 984 878 _

985 873 995 878 _
1008 841 1144 877 judicium
1155 847 1184 870 et
1194 841 1316 870 rationes
1326 849 1434 875 eorum,
1447 849 1508 877 qum
1520 849 1570 877 per
1581 842 1665 869 vitam
1676 846 1803 877 egerunt,

164 885 214 920 τῆς
230 873 316 913 αὐτοῦ
346 873 427 921 δόέης
452 884 532 919 αὖθις
562 873 681 919 ὲκείθεν,
711 873 760 914 καί
786 873 982 923 προσάξοντα¹

987 873 1118 923 icoget:
1143 887 1274 922 quodque
1302 887 1363 923 ejus
1389 873 1529 915 ﬁdelibus-
1543 895 1616 922 aqua
1640 895 1672 916 ac
1694 873 1805 923 “Spiritu

166 930 280 965 σύμπαν
300 931 332 958 τὺ
356 932 471 968 πλάσμα
491 933 692 969 κριθησόμενον
706 934 754 961 καὶ
769 933 849 968 λόγον
860 933 958 968 ὑφέξον

1011 933 1180 967 cmundatis,
1194 934 1325 969 omnique
1337 933 1470 962 daemonis
1483 941 1577 961 errore
1590 941 1622 961 ac
1633 933 1696 961 vita:
1708 933 1805 969 nequi-

164 975 220 1002 τῶν
235 976 427 1013 βεϐιωμένωνο
439 978 487 1005 καὶ
513 979 555 1005 ὅτι
569 978 657 1015 τούτῳ
673 978 864 1011 πιστεύοντας.
881 978 958 1006 ὕδατι

1011 979 1049 1007 tia
1069 982 1099 1007 et
1122 979 1227 1007 malitia
1246 979 1388 1012 liberatis,
1409 978 1458 1006 Dei
1481 979 1614 1006 duntaxat
1638 986 1753 1014 regnum
1776 982 1805 1006 et

164 1022 211 1048 καὶ
229 1021 371 1058 Πνεύματι
397 1023 577 1060 καθαίρεσθαι
596 1024 662 1058 δεῖν,
679 1024 725 1052 καὶ
748 1024 839 1060 πάσης
853 1024 958 1060 πλάνης

1009 1025 1114 1053 iustitia
1127 1026 1188 1062 ejus
1206 1025 1234 1053 in
1252 1025 1364 1054 Christo
1383 1025 1449 1054 Jesu
1465 1025 1582 1053 amanda
1603 1025 1669 1052 sint.
1687 1025 1803 1053 Tantam

163 1067 313 1103 δαίμονος,
338 1069 387 1096 καὶ
412 1069 505 1104 πάσης
535 1069 594 1106 βίου
619 1071 720 1103 κακίας
750 1072 798 1098 καὶ
825 1071 958 1107 πονηρίας

1010 1070 1095 1107 igitur
1105 1071 1260 1099 divinarum
1273 1071 1462 1099 doctrinarum
1473 1071 1669 1106 actionumque
1679 1070 1803 1106 Apostoli

164 1114 432 1150 ἀπαλλαττομένους,
445 1115 531 1151 μόνης
544 1116 593 1152 τῆς
609 1115 750 1152 βασιλείας
765 1116 834 1143 Θεοῦ
848 1117 894 1144 καὶ
908 1117 957 1153 τῆς

1009 1118 1139 1155 abyssum
1157 1122 1189 1146 ut
1206 1117 1331 1145 historiis
1347 1117 1551 1153 relinquamus,
1565 1117 1629 1145 vitae
1647 1117 1722 1144 illius
1737 1116 1802 1151 line,

163 1158 342 1196 δικαιοσύνης
364 1160 431 1197 ὲρᾷν
452 1161 482 1188 ιν
507 1160 619 1197 Χριστῷ
646 1162 746 1198 Ἰησοῦ.
770 1162 818 1189 Ἱν⁹
841 1159 888 1190 οὖν
907 1162 957 1199 τὴν

590 1161 619 1197 τῷ
646 1162 746 1198 Ἰησοῦ.
770 1162 818 1189 'lv‘
841 1159 888 1190 οὖν
907 1162 957 1199 τὴν
1009 1163 1128 1191 orationi
1140 1163 1222 1191 tinem
1235 1163 1408 1199 imponamus

164 1207 284 1235 ἄϐυσσον
304 1207 408 1242 ταύτην
428 1208 484 1236 τῶν
507 1208 653 1244 θεολογιῶν
679 1209 796 1237 καὶτῶν
810 1209 939 1246 πράξεων
956 1210 1004 1237 τοῦ
1024 1210 1187 1238 ’Δποστόλου
1205 1211 1267 1243 ταῖς
1281 1210 1415 1246 ἱστορίαις
1439 1210 1646 1245 καταλίπωμεν,
1670 1210 1709 1246 τῷ
1731 1210 1804 1239 τέλει

164 1252 212 1280 τοῦ
227 1253 297 1289 βίου,
315 1255 347 1282 τὸ
364 1254 442 1287 τέλος
455 1255 631 1291 ἐπιϐάλωμεν
640 1256 688 1283 τοῦ
704 1256 796 1292 λόγου.
819 1283 832 1298 δ

207 1301 286 1329 ’Καὶ
298 1302 355 1338 γὰρ
382 1303 429 1331 τὸν
447 1303 521 1331 θεῖον
536 1305 551 1331 ὸ
564 1304 774 1340 μακαριώτατος
791 1304 892 1341 δρόμον
913 1303 959 1337 ἐξ·

1047 1301 1127 1336 Quod
1141 1302 1216 1331 enim
1229 1301 1272 1329 vir
1285 1301 1462 1330 beatissimus
1473 1301 1597 1330 divinum
1611 1310 1724 1331 cursum
1736 1311 1804 1331 COI-

164 1346 268 1379 ανύων.
283 1349 333 1376 καὶ
348 1350 406 1382 τοίς
434 1350 591 1386 είρημένοις
616 1350 706 1378 ἔθνεσι
718 1352 813 1385 πᾶσιν,
833 1349 878 1378 οἶα
891 1351 958 1378 σπό-

1011 1355 1168 1380 summans,
1195 1347 1294 1382 bisque
1317 1347 1464 1380 omnibus,
1487 1355 1555 1383 quas
1569 1348 1641 1381 dixi,
1663 1348 1802 1384 gentibus,

165 1404 214 1430 ρον
223 1396 350 1432 οὐράνιον
359 1396 407 1423 τὸν
417 1396 465 1423 τοῦ
477 1396 547 1424 Θεοῦ
555 1397 744 1433 κατασπείρας
757 1397 848 1432 λόγον,
861 1398 957 1432 ἀναρι-

1010 1394 1088 1422 velut
1101 1394 1240 1422 cmlestem
1255 1398 1419 1427 sementem,
1437 1393 1486 1421 Dei
1503 1401 1659 1422 sermonem
1677 1394 1803 1423 dissemi-

164 1441 287 1477 θμήτους
313 1442 363 1477 μὲν
384 1443 603 1475 πεπιστευκότας
626 1444 661 1471 δι’
682 1443 766 1471 αὑτοῦ
787 1444 959 1480 καρποφορεῖ

1011 1447 1091 1473 nans,
1119 1444 1239 1476 quantos
1267 1447 1319 1468 nec
1340 1447 1488 1468 numerare
1510 1440 1574 1475 quis
1594 1440 1682 1475 possit
1707 1440 1803 1469 ﬁdeles

163 1487 205 1525 τῷ
218 1487 341 1523 Χριστῷ,
352 1488 531 1524 καθαρτηρίῳ
550 1489 580 1516 δὲ
599 1489 647 1524 τῆς
663 1489 874 1525 παλιγγενεσίας
888 1490 957 1516 dm-
975 1520 981 1525 Α

985 1519 994 1525 _
1010 1486 1128 1514 fecunda
1154 1494 1244 1514 messe
1260 1485 1371 1514 Christo
1386 1486 1529 1519 oﬂ'erebat,
1547 1494 1579 1513 ac
1598 1486 1706 1514 lustrali
1723 1494 1803 1522 rege-

165 1519 267 1568 όρήχὲι
401 1541 408 1549 ·
538 1533 566 1560 δὲ
582 1519 655 1570 λάέῲ
672 1519 770 1569 σοφίας
785 1534 834 1562 καὶ
848 1519 958 1570 χάριτος
972 1519 983 1549 (

985 1519 994 1550 Ῑ
1009 1532 1162 1560 nerationis
1180 1533 1305 1564 lavacro,
1327 1532 1458 1560 sordibus
1477 1532 1653 1568 detergebat;
1671 1533 1803 1568 omnique

165 1577 345 1612 φωταγωγῶν
369 1577 417 1605 καὶ
438 1577 636 1614 τελστουργῶν,
663 1578 728 1610 τοὺς
753 1578 803 1614 μὲν
823 1577 959 1614 ποιμένας

1008 1578 1151 1613 sapientiae
1165 1583 1248 1613 atque
1263 1578 1357 1613 gratia:
1372 1585 1499 1606 sermone
1517 1578 1676 1605 illuminans
1691 1586 1724 1606 ac
1738 1585 1802 1614 pcr-

163 1621 282 1656 καθίστη
297 1622 343 1649 καὶ
365 1623 558 1657 διδασκάλουςί
574 1623 648 1656 ὅσοις
674 1623 823 1660 θερμότητι
838 1624 956 1656 πίστεως

1009 1623 1120 1657 tlciens,
1147 1623 1217 1651 alios
1245 1627 1372 1658 pastores
1404 1622 1586 1658 doctoresque
1616 1623 1802 1651 constituebat

162 1669 212 1694 καὶ
228 1667 358 1703 εὐθύτητι
370 1668 460 1703 ψυχῆς
478 1669 579 1703 μᾶλλον
600 1669 722 1696 εὐδοκεῖν
733 1669 778 1696 τὸν
792 1668 876 1696 Θεόν·
894 1669 958 1701 τοὺς

1010 1670 1159 1705 (quotquot
1174 1669 1305 1696 nimirum
1322 1668 1431 1696 fervore
1447 1668 1509 1696 fidei
1526 1668 1667 1704 animique
1685 1669 1801 1696 rectitu-

161 1711 193 1739 εδ
209 1712 404 1748 ποιμαίνεσθαι
414 1714 462 1740 καὶ
473 1713 616 1749 ἄρχεσθαι,
640 1714 712 1742 κατὰ
724 1714 775 1750 τὴν
786 1714 876 1749 ἁγίοις
889 1714 958 1750 πρέ-

1008 1715 1073 1743 dine
1088 1715 1144 1743 Deo
1160 1715 1330 1750 acceptiores
1340 1713 1485 1749 noverat),
1497 1714 1559 1742 aliis
1573 1718 1604 1741 ut
1619 1719 1800 1749 pascerentur

162 1767 270 1785 mucav
283 1759 473 1794 εὐθυμοσύνην
487 1760 534 1788 καὶ
550 1760 626 1793 τάξιν
642 1760 724 1796 ίερῶς
734 1760 956 1796 διαταττόμενος,

1007 1769 1040 1788 ac
1051 1760 1155 1789 subditi
1168 1765 1272 1792 essent,
1282 1760 1358 1796 juxta
1373 1760 1537 1788 concinnam
1553 1759 1627 1787 illam
1640 1760 1800 1796 dispositio-

162 1805 314 1840 ικκλησίας
339 1806 487 1838 καλλίστας
515 1807 563 1834 καὶ
584 1806 716 1839 πλείστας
731 1807 902 1843 άνεστήσατο
918 1806 957 1842 τῷ

1008 1813 1083 1838 nem,
1098 1811 1248 1841 aptumque
1266 1805 1392 1833 ordinem
1407 1805 1453 1840 qui
1470 1809 1581 1833 sanctos
1599 1805 1688 1840 decet,
1707 1813 1801 1834 sacra-

162 1850 292 1886 Χριστῷ·
320 1851 374 1878 εδει
398 1851 494 1878 τοῦτον
513 1852 628 1888 ἔσχατον
650 1852 722 1888 ὑπὲρ
735 1853 864 1880 ἁπάντων
884 1852 957 1880 κατὰ

1008 1851 1114 1878 tissime
1134 1855 1277 1884 statuens,
1298 1851 1435 1879 Ecclesias
1450 1851 1651 1886 pulcherrimas
1672 1859 1704 1879 ac
1721 1852 1801 1888 longe

161 1896 213 1932 τὴν
234 1897 283 1924 τοῦ
309 1897 471 1925 διδασκάλου
508 1898 625 1934 μίμησιν
654 1898 742 1925 θεῖναι
765 1899 814 1934 τὴν
846 1899 955 1935 ψυχήν

1007 1896 1141 1931 plurimas
1163 1895 1276 1924 Christo
1294 1896 1477 1929 excitaverat;
1499 1904 1549 1932 par
1571 1901 1647 1930 erat,
1671 1902 1702 1925 ut
1725 1897 1799 1933 quod

161 1943 244 1970 τοῦτο
253 1944 308 1979 γὰρ
320 1941 391 1971 εἶναι
414 1944 466 1979 τῆς
485 1944 593 1976 τελείας
611 1945 723 1980 ἀγάπης
735 1945 767 1971 τὸ
782 1946 934 1981 τεκμήριον
947 1953 956 1962 ο

1006 1949 1168 1977 supremum
1188 1946 1240 1975 est,
1267 1950 1318 1977 pro
1343 1943 1490 1976 omnibus,
1516 1943 1639 1978 magistri
1662 1945 1799 1980 exemplo,

161 1987 204 2014 διὸ
226 1988 273 2014 καὶ
298 1989 352 2016 ὑπὸ
376 1989 433 2016 τῶν
456 1989 632 2025 ἐμμενόντων
656 1990 696 2017 ἐτι
711 1991 744 2026 τῇ
761 1990 851 2027 πλάνῃ
863 1991 956 2025 σαφῶς

1006 1988 1126 2016 animam
1153 1993 1279 2023 poneret.
1305 1988 1363 2015 Hoc
1389 1988 1463 2015 enim
1489 1989 1618 2024 perfecta:
1643 1988 1801 2017 dilectionis

160 2032 372 2060 ἐπιϐουλεύεται
389 2041 397 2049 ο
420 2034 469 2060 καὶ
494 2033 607 2068 λόγχαις
619 2033 669 2065 τὰς
683 2033 805 2069 πλευρὰς
820 2034 834 2060 ὁ
850 2034 956 2068 θαυμα-

1006 2038 1114 2062 certum
1130 2034 1263 2062 indicium
1276 2034 1310 2061 δ’.
1328 2034 1514 2067 Quamobrem
1530 2035 1625 2068 etiam,
1638 2043 1736 2063 eorum
1751 2035 1799 2070 qui

162 2078 296 2110 σιώτατος
320 2079 508 2114 ἑκκεντηθεὶς,
523 2079 574 2115 τὴν
588 2079 670 2114 άγίσν
689 2080 778 2115 ψυχὴν
795 2079 843 2106 καὶ
864 2087 955 2114 μακα-

1005 2079 1098 2107 adhuc
1110 2087 1234 2108 errorem
1253 2079 1382 2107 colebant
1397 2087 1488 2115 eoque
1499 2080 1697 2108 obstinatiores
1708 2085 1798 2114 erant,

162 2124 238 2160 ρίαν,
261 2125 310 2151 καὶ
338 2125 423 2157 ὅντως
453 2125 617 2161 Χριστοειδῆ
646 2125 694 2152 καὶ
711 2125 893 2162 Χριστοφιλῆ,
915 2124 955 2160 τῷ

1006 2125 1115 2152 insidiis
1123 2125 1211 2160 palam
1223 2125 1381 2160 appetitur;
1394 2125 1554 2161 lanceisque
1563 2125 1649 2153 latera
1658 2129 1798 2154 transver-

161 2170 236 2207 ὑπιρ
260 2169 346 2197 αὐτοῦ
369 2171 555 2206 σταυρωθέντι
576 2171 624 2198 καὶ
639 2170 814 2207 λογχευθέντι
834 2170 954 2206 παρατί-

1006 2170 1118 2198 beratus
1138 2171 1180 2198 vir
1197 2178 1304 2199 summe
1323 2171 1475 2204 mirabilis,
1495 2175 1618 2199 sanctam
1635 2172 1798 2208 beatamque

160 2217 239 2245 θεται
466 2238 470 2243 .
971 2212 994 2239 ῐ)
1007 2217 1139 2250 animam,
1153 2225 1274 2252 vereque
1289 2217 1400 2245 Christo
1413 2217 1532 2245 similem
1545 2225 1578 2245 ac
1589 2218 1691 2246 Christi
1703 2226 1798 2246 aman-

1009 2267 1082 2294 tem,
1101 2263 1127 2290 ei
1151 2263 1198 2298 qui
1219 2263 1306 2298 ipsius
1330 2271 1413 2290 causa
1436 2263 1513 2290 cruci
1533 2263 1630 2292 allixus
1647 2264 1799 2301 lanceaque

1008 2304 1249 2336 transverberatus
1263 2308 1367 2340 fuerat,
1383 2309 1478 2336 tradit.

195 2353 266 2380 οὐδὲ
280 2353 337 2389 γὰρ
363 2351 436 2381 εἶναι
448 2354 563 2389 δίκαιον,
579 2355 625 2382 τὸν
637 2355 698 2382 ὅλον
714 2356 811 2391 ἔχοντα
825 2356 871 2384 τὸν
886 2357 954 2393 Χρι-

1043 2353 1103 2380 Non
1121 2353 1195 2381 enim
1210 2353 1336 2387 decebat,
1353 2358 1384 2380 ut
1400 2354 1447 2388 qui
1465 2358 1553 2382 totum
1570 2354 1597 2382 in
1613 2362 1641 2383 se
1656 2354 1797 2384 Christum

159 2398 225 2425 στὸν
249 2398 280 2425 ὲν
306 2399 408 2434 ἑαυτῷ.
421 2400 470 2426 καὶ
494 2400 582 2436 τούτῳ
609 2400 844 2436 θαυματουργίαις
869 2402 953 2438 ὑπερ-

1005 2399 1136 2433 ltaberet,
1160 2400 1242 2435 eique
1265 2400 1475 2435 prtemagniticis
1499 2401 1615 2436 patratis
1644 2401 1797 2436 miraculis,

158 2443 340 2478 φυεστάταις,
366 2443 486 2479 διδαχαῖς
501 2444 746 2479 θεολογικωτάταις
763 2445 811 2472 καὶ
821 2446 888 2473 πᾶσι
902 2446 952 2481 τῆς

1004 2446 1195 2482 doctrinisque
1208 2446 1399 2479 divinissitnis,
1419 2455 1452 2474 ac
1467 2447 1556 2475 modis
1566 2448 1696 2476 omnibus
1711 2449 1798 2476 virtu-

159 2488 262 2523 ἀρετῆς
275 2489 332 2520 τοῖς
344 2488 458 2524 τρόποις
476 2489 694 2524 ὲξωμοιωμένον,
713 2491 750 2525 μὴ
778 2491 908 2518 καὶκατὰ
922 2491 953 2518 τὸ

1006 2492 1040 2519 tis
1062 2492 1160 2520 similis
1188 2493 1346 2524 enituerat.
1370 2500 1426 2520 non
1453 2493 1530 2528 paris
1552 2494 1636 2521 etiam
1661 2494 1796 2529 passionis

160 2534 248 2565 πάθος
260 2535 411 2560 κοινωνεῖν.
433 2535 489 2561 Καὶ
503 2534 525 2561 ὦ
535 2536 586 2570 τῆς
601 2536 750 2570 προνοίαςι
768 2536 791 2563 ὦ
812 2537 862 2572 τῆς
878 2538 953 2564 obto-

1005 2539 1098 2566 socius
1107 2538 1269 2566 exsisteret:
1281 2538 1382 2573 Atque,
1394 2547 1411 2566 ο
1420 2539 1632 2574 providentiam!
1654 2548 1671 2568 ο
1682 2535 1795 2568 Τὴοῐηπ

159 2580 277 2615 νομικῆς
289 2579 398 2615 ἐκείνης
410 2581 575 2616 ἀμφιϐολίας
591 2580 639 2608 τοῦ
662 2582 747 2616 Θωμᾶ
764 2583 811 2610 καὶ
826 2583 954 2619 ψηλαφή-

1005 2584 1079 2611 illam
1093 2589 1168 2612 certa
1182 2584 1290 2612 consilii
1304 2584 1409 2612 ratione
1421 2584 1589 2613 dubietatem
1602 2594 1634 2614 ac
1643 2590 1796 2614 contrecta-

160 2633 242 2657 σεως,
257 2625 314 2661 ῆτδ
328 2626 554 2662 Χριστομίμητον
580 2627 655 2664 αὐτῷ
670 2628 756 2660 πάθος
775 2629 868 2664 ἡρέμα
885 2638 955 2665 παρα

1003 2630 1119 2660 tionem.
1134 2638 1195 2665 quae
1211 2630 1250 2657 illi
1267 2630 1386 2658 similem
1401 2631 1511 2660 Christo
1525 2633 1679 2668 passionem
1698 2631 1795 2659 tantis-

158 2671 315 2705 ισήμανενί
332 2672 394 2698 Ὀτι
411 2673 464 2707 γὰρ
479 2672 524 2699 τδν
539 2673 625 2699 τύπον
648 2673 700 2708 τῆς
721 2674 822 2710 λόγχης
845 2675 954 2711 καὶτῆς

1003 2684 1053 2711 per
1072 2676 1244 2712 designaret!
1259 2676 1336 2710 Quod
1354 2677 1429 2704 enim
1446 2678 1549 2714 lancea:
1568 2679 1738 2708 circatricem
1762 2683 1796 2705 ac

158 2716 328 2751 Διστοοτικῆς
343 2716 533 2751 ἆψασθαιτότε
544 2719 701 2755 κατηξιώθη
715 2719 847 2756 πλευρᾶς,
858 2720 953 2756 ὥσπερ

1002 2721 1111 2750 Domini
1131 2722 1203 2750 latus
1220 2726 1332 2758 tangere
1349 2728 1415 2752 tunc
1427 2729 1579 2757 meruerat,
1595 2723 1673 2759 quasi
1693 2721 1795 2749 beatis—

158 2762 223 2790 τινὰ
235 2762 335 2799 μισθὸν
351 2763 402 2799 τῆς
419 2763 568 2796 πανολϐίας
592 2764 702 2800 ἐκείνης
713 2765 797 2801 ἁφῆς,
816 2766 866 2802 τὴν
881 2766 954 2802 ὑπὲρ

1003 2768 1066 2796 simi
1090 2769 1165 2797 illius
1185 2774 1330 2799 contactus
1345 2771 1502 2799 mercedem
1522 2769 1680 2806 quamdam,
1697 2767 1795 2798 lateris

199 2850 223 2868 ⁸⁸
235 2851 317 2880 Joan.
335 2858 356 2884 ι,
371 2851 398 2879 l.
435 2851 548 2881 "Joan.
572 2859 617 2886 xv,
633 2852 677 2880 15.
