2072 3160
274 153 325 188 143

269 220 332 242 eam
352 213 662 247 transverberationcm,
686 213 713 241 in
729 212 788 249 ejus
806 219 887 248 quem
905 212 1066 247 palpavcrat
1079 211 1104 242 Α

271 258 397 294 gratiam,
412 265 506 294 postea
524 258 672 291 sustinuit;
694 264 799 292 suaque
813 257 841 284 in
857 255 910 284 line
922 256 1065 284 Dominieo

271 304 380 332 vulneri
392 309 483 338 aptata
496 303 634 339 passione,
645 303 726 337 eique
737 301 826 329 modis
836 300 966 328 omnibus
976 301 1065 328 lactus

270 349 383 382 similis,
399 349 434 376 ad
443 348 568 376 eamdem
581 347 668 375 dubio
683 346 779 382 procul
796 345 950 373 claritatem
969 352 1001 373 ac
1018 352 1063 373 re-

270 403 355 430 gnum
372 395 574 430 sempiternum
591 393 688 420 evasit.

305 441 389 469 Latus
401 439 452 467 hoc
464 439 671 466 exhorruerunt
687 437 836 470 daemones,
851 444 954 471 eosque
965 443 1064 471 appre-

269 485 368 512 hendit
379 485 462 511 timor
472 488 501 511 et
512 488 631 516 tremor;
643 483 772 518 quodque
782 483 860 511 necis
868 482 947 510 avida
958 482 1064 509 incensi

270 530 455 562 aemulatione,
464 529 714 564 lubentissimeque
724 536 774 564 per
784 528 927 556 ministros
939 528 1063 563 ipsorum

268 575 368 611 dignos
387 575 494 603 saevitia
516 575 677 610 ingruentes
696 579 882 610 pupugerant,
904 574 1064 609 intelligen-

269 621 338 648 tium
365 628 428 647 mox
453 620 666 656 divinarumque
691 621 861 648 Potestatum
886 619 987 647 studiis
1009 618 1063 646 coli

268 666 534 700 animadvertentcs,
554 667 581 693 in
594 667 680 694 chaos
696 669 778 701 atque
791 666 936 694 Tartarum
952 665 1064 700 planctu

268 713 377 748 lugubri
394 703 565 747 diﬂ‘ugerunt
576 713 611 739 ⁸⁰.
628 712 712 740 Latus
728 712 781 739 hoc
803 711 916 739 reveriti
933 715 996 739 sunt
1012 718 1063 738 ano

267 760 336 796 geli,
356 764 386 787 ut
405 759 471 787 Jesu
489 759 584 786 lateris
600 763 695 795 typum
708 763 736 785 et
751 758 927 792 exemplum;
944 757 1063 791 indeque

267 805 428 834 diﬂluentes
439 805 550 833 cruoris
566 804 664 837 stillas,
678 804 755 831 velut
771 810 879 831 sacrum
897 803 1014 830 Domino
1028 802 1063 829 li-

266 851 368 880 bamen
387 851 519 879 olierunt.
538 850 699 878 Laudarunt
717 849 877 886 archangeli
899 856 932 876 ac
955 849 1063 876 honore

267 898 408 933 prosecuti
424 901 503 930 sunt;
520 897 587 931 quin
603 896 676 924 illius
692 896 749 924 ictu
765 885 876 930 recepta
889 894 1063 922 sanctissima
1079 885 1100 913 Β

268 943 384 974 Anima.
416 944 471 971 laeti
497 943 669 979 plauserunt.
697 942 930 970 Glorilicaverunt
956 940 1063 969 Princi-

267 994 359 1025 patus,
378 990 532 1017 Potestatcs
549 989 752 1023 exaltaverunt,
767 989 891 1016 Virtutes
904 987 1062 1023 magniﬁca-

268 1041 345 1068 runt,
357 1035 566 1063 Dominationes
577 1035 777 1063 humanissime
796 1038 975 1070 acceperunt,
995 1042 1062 1062 san-

268 1081 440 1117 ctissimique
446 1080 586 1109 Cherubin
596 1088 628 1108 ac
634 1080 769 1116 Seraphin
776 1080 936 1108 suavissima
944 1079 1061 1115 quadam

267 1127 349 1155 laude
374 1126 603 1162 divinissimoque
633 1126 762 1158 cantico,
794 1126 914 1153 Domino
940 1125 1060 1153 Sabaoth

267 1177 415 1210 laetantem,
426 1176 581 1211 eximieque
597 1175 665 1211 Regi
680 1175 773 1211 gloria:
783 1175 976 1207 exsultantem,
991 1181 1062 1209 pra-

266 1227 423 1251 sentarunt.

302 1315 394 1350 lpsum
414 1313 467 1341 hoc
485 1313 557 1340 latus
574 1312 673 1340 adorat
690 1311 824 1344 Ecclesia,
841 1312 956 1347 ejusque
976 1311 1060 1346 guttis

266 1361 405 1395 pullulans
419 1359 538 1387 laetatur.
553 1357 576 1386 Ο
592 1359 673 1390 latus,
693 1361 742 1385 tuo
759 1357 848 1392 ipsius
865 1357 981 1384 vulnere
996 1364 1061 1384 eum

265 1405 425 1438 vulnerans,
447 1403 494 1439 qui
520 1404 603 1431 ictum
626 1403 730 1437 inﬁxit;
754 1402 946 1439 passionisque
971 1402 1062 1429 imita-

265 1451 342 1479 tione
351 1457 414 1478 eum
427 1451 594 1487 gloriﬁcans,
606 1450 653 1485 qui
667 1450 706 1477 tui
718 1457 801 1477 causa
814 1449 910 1476 lancea
922 1453 1062 1476 transver-

265 1498 380 1526 beratus
404 1497 475 1525 fuit!
503 1497 604 1528 Latus,
631 1504 688 1523 non
708 1495 796 1524 veteri
825 1495 930 1522 Adamo
957 1494 1061 1522 factum

239 1571 242 1574 λ
265 1543 494 1579 transgressionis
514 1550 611 1575 causa,
631 1542 679 1570 sed
699 1549 771 1569 novo
790 1541 904 1577 justitite
924 1540 1056 1568 material
1074 1562 1098 1593 c

284 1639 323 1678 '0
339 1639 434 1666 lancea
456 1640 462 1665 l
480 1638 612 1666 exteriori
628 1638 720 1673 specie
735 1645 831 1665 necem
846 1636 984 1671 inferens;
1003 1638 1061 1673 spi-

267 1685 339 1713 ritali
359 1690 450 1712 autem
470 1683 652 1719 intelligentia
674 1683 764 1718 ipsum
784 1683 831 1718 qui
854 1683 979 1711 sublatus
1006 1687 1059 1715 est,

267 1731 373 1759 ducens
397 1730 431 1758 ad
454 1730 539 1758 vitam
560 1734 704 1762 aeternam,
722 1727 804 1764 eique
824 1729 953 1757 satellitio
977 1729 1060 1756 obse—

265 1777 374 1811 quens!
397 1782 453 1810 quo
467 1774 549 1802 etiam
567 1773 607 1806 ﬁt,
620 1777 650 1801 ut
673 1773 794 1809 indignis
814 1772 913 1800 acerba
928 1772 1059 1805 videaris,

267 1820 307 1848 illi
322 1823 415 1847 autem
427 1819 474 1855 qui
490 1817 575 1846 Verbi
592 1817 808 1846 transverberati
827 1825 909 1845 causa
923 1822 1060 1844 transver-

265 1863 359 1891 berari
380 1862 496 1895 meruit,
516 1862 598 1890 melle
618 1862 727 1890 dulcior
750 1863 797 1890 sis.
819 1862 925 1890 Lancea
941 1862 1057 1894 scilicet,

265 1909 372 1937 Animae
386 1909 433 1937 Dei
441 1908 547 1937 aemula:
556 1909 669 1944 ianuam
678 1907 822 1941 fabricata,
833 1916 888 1944 qua
898 1916 932 1936 ex
943 1915 1058 1942 corpore

265 1955 427 1988 excederet,
455 1955 537 1990 eique
560 1954 677 1989 depulso
699 1954 792 1989 gladio
814 1955 912 1990 igneo,
934 1954 1059 1989 pandens

264 2001 386 2037 paradisi
417 2001 546 2038 januam,
574 2001 698 2036 citraque
724 2008 805 2029 omne
829 2000 1057 2036 impedimentum

264 2048 338 2076 lnter
354 2048 462 2075 medios
482 2047 624 2076 Cherubin
645 2046 796 2079 inducens,
816 2053 849 2074 ac
868 2047 893 2074 ei
918 2046 967 2082 qui
981 2046 1059 2074 sedet

264 2101 349 2129 super
364 2093 517 2125 Cherubin,
532 2092 618 2120 nullis
630 2092 726 2120 verbis
739 2092 896 2127 explicabili
912 2091 1013 2120 ﬁducia
1026 2099 1059 2119 ac

263 2139 446 2166 exsultatione
463 2138 563 2166 sistens
579 2138 614 2164 “.

299 2185 485 2218 Quamobrem
497 2184 588 2211 saluto
604 2188 630 2211 te
645 2191 677 2211 ac
695 2184 841 2219 compello,
861 2183 988 2211 Animam
1003 2184 1058 2211 sci-

264 2231 328 2258 licet
347 2231 442 2258 lancea
465 2229 612 2265 stipatam,
633 2237 666 2257 ac
689 2237 751 2257 cum
774 2229 861 2265 gloria
881 2237 912 2257 ac
932 2229 1056 2257 claritate
1070 2231 1096 2260 D

262 2277 377 2304 Christo
393 2277 524 2304 oblatam.
541 2276 597 2304 Ave
608 2296 615 2308 ,
634 2275 716 2304 Verbi
731 2276 957 2312 eloquentissime
972 2276 1056 2304 disci-

264 2321 338 2356 pule,
351 2322 466 2357 ejusque
477 2328 592 2356 operum
607 2321 728 2348 imitator
741 2321 948 2354 strenuissime;
964 2320 1054 2348 Evan-

262 2367 383 2402 geliique
399 2366 604 2394 ferventissime
621 2366 830 2401 adimpletione,
851 2374 883 2394 ac
900 2366 1056 2402 per-agendo

262 2413 336 2449 quod
353 2414 381 2441 in
396 2413 534 2441 mandatis
547 2414 583 2440 sit
599 2413 803 2448 probatissime.
821 2413 901 2440 Salve
918 2413 966 2444 sis,
981 2412 1055 2447 quod

262 2467 325 2487 cum
352 2459 484 2495 magistro
514 2459 584 2486 mori
613 2459 789 2494 percupiisti;
817 2466 868 2486 nec
890 2458 1052 2493 percupiisti

262 2506 362 2539 solum,
384 2505 432 2533 sed
455 2509 484 2533 et
503 2505 710 2540 condiscipulos
731 2511 829 2540 magna
855 2504 888 2531 ad
910 2504 963 2532 hoc
988 2511 1055 2532 voce

261 2552 423 2581 colmrtatus
439 2559 470 2580 es
487 2557 515 2580 et
539 2551 730 2587 impulisti":
752 2559 805 2579 nec
827 2551 855 2578 id
876 2551 968 2579 verbis
984 2550 1055 2578 dun.

262 2601 349 2630 taxat,
367 2597 416 2625 sed
433 2597 527 2625 multis
544 2605 596 2633 pro
617 2598 665 2625 illo
684 2597 846 2633 perfunctus
866 2597 1008 2625 laboribus
1022 2605 1055 2625 ac

260 2644 403 2680 periculis,
421 2652 476 2680 quo
490 2645 619 2673 alacritas
631 2645 717 2673 animi
732 2645 858 2678 vocabat,
875 2644 1052 2680 postmodum

260 2691 351 2727 reipsa
363 2691 492 2719 ell‘ecisti.
547 2708 552 2713 -

295 2737 377 2765 Salve
399 2737 449 2771 sis,
476 2736 549 2772 quod
572 2741 600 2764 et
623 2737 856 2764 resurrectionem
869 2743 926 2771 pra:
946 2736 1053 2764 caeteris

260 2785 398 2813 curiosius
409 2783 545 2820 inquiris;
558 2790 613 2810 non
631 2783 689 2818 ipse
703 2783 753 2811 tibi
765 2783 863 2817 magis,
883 2790 965 2818 quam
985 2790 1053 2810 con-

294 2874 316 2892 ¹⁶
329 2875 401 2905 Psal.
419 2884 504 2910 vau,
518 2877 544 2903 7.
583 2877 602 2892 "
621 2876 690 2904 Gen.
705 2883 743 2908 ιιι,
757 2875 810 2908 Ξλις
828 2874 899 2903 Psal.
917 2883 1007 2909 Lxxtx,
1024 2875 1068 2902 98.

874 151 1022 184 NICETIE
1039 150 1306 182 PAPHLAGONIS

1859 149 1915 183 ιιι

1117 211 1164 237 τοῦ
1188 210 1397 245 ψηλαφηθέντος
1438 209 1484 236 ἐπὶ
1517 209 1568 244 τῆς
1601 209 1723 244 πλευρᾶς
1751 208 1912 244 ὲκκέντησιν

1118 257 1232 292 ὕστερον
1246 256 1374 291 ὑπέσχεν,
1392 256 1439 283 καὶ
1460 255 1499 290 τῷ
1522 255 1569 282 τοῦ
1591 255 1694 291 Κυρίου
1711 255 1792 282 πάθει
1802 255 1834 282 τὺ
1846 255 1914 282 ῐδιον

1117 304 1164 330 ἐπὶ
1193 303 1264 330 τέλει
1291 303 1507 338 προσηρμοκὼς,
1533 301 1581 329 καί
1600 303 1625 329 οἱ
1640 302 1730 328 πάντα
1743 302 1845 336 τρόπον
1867 301 1912 334 ἐξ-

1115 349 1305 383 ωμοιωμὲνος,
1319 348 1360 380 είς
1373 348 1424 383 τὴν
1437 348 1522 382 αὐτὴν
1534 347 1761 383 ὁμολογουμένως
1773 346 1853 379 δόξαν
1863 347 1914 374 καὶ⁵

1116 394 1202 420 ἀΐδιον
1217 394 1359 430 ἀνελήφθη
1377 393 1528 429 βασιλείαν.

1151 440 1260 475 Ταύτην
1272 440 1386 476 ἐφριξαν
1411 440 1542 475 δαίμονες
1555 440 1605 475 τὴν
1624 438 1756 475 πλευρὰν,
1772 439 1820 467 καὶ⁸
1830 439 1913 474 φόϐος

1114 485 1163 511 καὶ
1178 484 1280 519 τρόμος
1291 483 1444 511 ἐπελάϐετο
1459 483 1560 516 αὐτούς
1574 492 1582 501 ⁸
1599 484 1648 511 καὶ
1662 484 1696 519 ἢν
1708 483 1784 519 ζήλῳ
1796 483 1913 518 φονώδει

1115 530 1346 566 πυρπολούμενοι,
1361 530 1409 556 καὶ
1424 529 1469 557 διὰ
1487 529 1542 556 τῶν
1563 529 1646 562 ἀξίων
1657 529 1751 562 αὐτοῖς
1765 529 1912 564 ὑπουργῶν

1116 576 1153 607 ὡς
1167 576 1264 611 ἥδιστα
1278 575 1502 612 καταδραμόντες
1527 575 1720 611 ἐξεκέντησαν,
1740 575 1844 610 ταύτην
1868 575 1899 600 εὖ

1115 623 1164 655 θίις
1179 623 1232 650 ὑπὸ
1245 623 1348 660 νοερῶν
1364 624 1412 651 καὶ
1429 623 1508 650 θείων
1539 623 1687 658 Δυνάμεων
1708 623 1913 658 περιεπομένην

1115 669 1299 705 καθορῶντες,
1311 670 1352 701 είς
1361 669 1427 704 χάος
1440 670 1487 696 καὶ
1497 669 1642 704 Τάρταρον
1656 667 1844 703 ἀπεφοίτησαν
1854 668 1912 695 όλε»

1115 714 1275 749 φυρόμενοι.
1291 713 1401 748 Ταύτην
1415 713 1570 748 ᾐδέσθησαν
1592 712 1714 747 ἄγγελοι,
1743 713 1781 744 ὡς
1804 713 1912 739 ἀντίτυ-

1114 768 1166 787 πον
1191 760 1243 795 τῆς
1266 760 1387 795 πλευρᾶς
1401 759 1449 786 τοῦ
1472 758 1561 794 Ἰησοῦ
1571 767 1579 774 ·
1597 759 1706 790 καὶτὰς
1718 757 1910 794 ἀπορρεούσας

1115 808 1201 844 αὐτῆς
1215 807 1327 842 ῥανίδας
1339 807 1386 834 τοῦ
1396 807 1524 842 αἵματος,
1537 804 1581 833 οἷα
1595 806 1711 841 σπονδὴν
1722 806 1798 841 ἱερὰν
1809 805 1911 840 ἀναφέ-

1117 863 1192 890 ρουσι
1204 854 1310 890 Κυρίῳ.
1339 853 1450 889 Ταύτην
1475 852 1642 889 ἀρχάγγελοι
1661 852 1763 888 ᾔνεσαν
1785 853 1832 879 καὶ
1854 851 1912 878 ἐτί-

1118 908 1224 937 μησαν·
1249 900 1350 936 μᾶλλον
1373 900 1413 933 δὲ,
1436 900 1481 926 διὰ
1499 900 1550 935 τῆς
1570 899 1700 934 τρώσεως
1719 898 1832 934 ταύτης,
1861 898 1911 934 τὴν

1116 946 1256 981 παναγίαν
1272 946 1362 981 ψυχὴν
1379 946 1534 981 ἐκρότησαν
1548 945 1741 977 ἀναλαϐόντες.
1763 945 1858 981 Ἀρχαὶ
1871 944 1910 978 δὲ,

1116 992 1282 1025 ἐδόξασασαν
1297 1001 1304 1008 ο
1327 991 1463 1026 Ἐξουσίαι
1489 992 1529 1024 δὲ,
1555 991 1685 1026 ὕψωσαν·
1713 991 1848 1026 Δυνάμεις
1869 991 1909 1022 δὲ,

1115 1038 1288 1075 ὲμεγάλυναν
1302 1045 1308 1053 ·
1326 1038 1374 1066 καὶ
1398 1038 1428 1065 αι
1451 1037 1624 1073 κυριότητες
1647 1036 1697 1072 μὲν
1711 1036 1889 1070 ἐδεξιώσαντο
1901 1044 1909 1053 ο

1115 1085 1140 1111 οἱ
1164 1085 1368 1118 παναγέστατοι
1397 1083 1426 1110 δὲ
1451 1082 1594 1118 Χερουϐὶμ
1619 1083 1666 1108 καὶ
1687 1082 1824 1117 Σεραφὶμ,
1842 1082 1911 1117 μετά

1114 1138 1188 1161 τινος
1208 1129 1347 1167 ἐμμελοῦς
1361 1128 1492 1161 αἰνέσεως
1507 1129 1555 1155 καὶ
1579 1129 1820 1164 θεοπρεπεστάτης
1842 1129 1910 1164 ὑμν-

1115 1175 1209 1210 ῳδίας,
1228 1175 1268 1210 τῷ
1300 1174 1396 1210 Κυρίῳ
1413 1174 1526 1201 Σαϐαὼθ
1541 1175 1775 1210 εὐφραινομένην,
1798 1175 1837 1211 τῷ
1860 1175 1910 1209 τῆς

1114 1221 1195 1256 δόξης
1228 1221 1407 1257 παρέστησαν
1439 1221 1589 1257 ὑπερφυῶς
1624 1221 1834 1257 ἀγαλλιωμένην
1860 1220 1910 1256 βα-

1117 1266 1195 1294 σιλεῖ.
1240 1291 1245 1297 ,

1149 1313 1258 1348 Ταύτην
1275 1313 1321 1340 καὶ
1336 1314 1352 1347 ἡ
1374 1313 1524 1348 Ἐκκλησία
1539 1314 1690 1348 προσκυνεῖ
1703 1313 1754 1349 τὴν
1776 1313 1908 1349 πλευρὰν,

1114 1359 1162 1386 καὶ
1173 1360 1202 1386 ὲν
1217 1360 1277 1391 ταῖς
1288 1359 1415 1394 σταγόσιν
1429 1359 1514 1394 αὐτῆς
1527 1359 1704 1395 εὐφραίνεται
1713 1359 1907 1387 ἀνατέλλουσα.

1117 1405 1149 1431 Ὢ
1165 1404 1280 1440 πλευρὰ,
1292 1405 1332 1440 τῷ
1346 1404 1440 1440 οἰκείῳ
1459 1404 1599 1440 τραύματι
1625 1405 1909 1440 τραυματίζουσαντὺν

1113 1451 1273 1486 τετρωκότα
1289 1459 1296 1466 ·
1310 1450 1402 1485 καὶτῷ
1416 1450 1464 1477 τοῦ
1477 1450 1581 1482 πάθους
1590 1451 1743 1486 μιμήματι,
1758 1450 1910 1483 δοξάζουσα

1113 1493 1159 1520 τὸν
1174 1493 1388 1529 λελογχευμένον
1404 1494 1473 1529 ὑπὲρ
1499 1494 1561 1521 ocul
1580 1494 1701 1530 Πλευρὰ,
1721 1493 1772 1521 οὐκ
1794 1495 1908 1532 ἀφορμὴ

1115 1539 1298 1575 παραϐάσεως
1322 1539 1362 1575 τῷ
1384 1539 1493 1576 παλαιῷ
1523 1540 1619 1576 ’Δδὰμ,
1643 1539 1712 1567 ἀλλὰ
1734 1541 1908 1577 δικαιοσύνης
1928 1547 1931 1550 ·

1113 1585 1239 1618 ὑπόθεσις
1253 1585 1294 1621 τῷ
1310 1582 1396 1620 καινῷ
1411 1586 1594 1622 γεγενημένηί

1147 1631 1181 1659 Ὠ
1195 1632 1279 1668 λόγχη
1294 1633 1300 1660 l
1315 1632 1346 1659 τὸ
1354 1633 1496 1668 ὁρώμενον
1505 1638 1510 1643 ’
1520 1633 1581 1668 μὲν,
1595 1633 1710 1660 θάνατον
1719 1633 1907 1670 ἐργαζομένη·

1110 1679 1141 1706 τὸ
1155 1678 1299 1714 νοούμενον
1311 1678 1351 1711 δὲ,
1364 1679 1410 1705 τὸν
1422 1678 1536 1706 θανόντα
1566 1679 1636 1715 πρὸς
1652 1680 1703 1715 τὴν
1722 1679 1832 1706 αἰώνιον
1848 1680 1906 1707 όδο-

1111 1723 1228 1751 ποιοῦσα
1237 1723 1285 1750 καὶ
1302 1722 1491 1758 δορυφοροῦσα
1505 1723 1581 1758 ζωήν
1597 1730 1604 1737 ·
1622 1720 1664 1754 οἷς
1687 1723 1737 1750 καὶ
1757 1723 1845 1758 πικρὰ
1858 1723 1908 1756 μὲν

1110 1770 1199 1802 δοκῇς
1208 1771 1265 1802 τοῖς
1279 1768 1402 1801 ἀναξίοις
1415 1776 1422 1784 °
1441 1769 1525 1805 ἡδίων
1535 1769 1563 1796 δὲ
1578 1769 1698 1804 μέλιτος,
1713 1769 1752 1805 τῷ
1768 1769 1839 1806 ὑπὲρ
1857 1769 1906 1796 τοῦ

1111 1816 1238 1851 νυγέντος
1265 1815 1430 1851 κεντηθῆναι
1453 1815 1650 1851 κατηξιωμένῳ
1673 1815 1773 1850 Λόγου.
1801 1815 1905 1851 Λόγχη,

1110 1862 1196 1898 θύραν
1211 1863 1260 1898 μὲν
1271 1862 1321 1898 τῆς
1335 1863 1390 1889 ἀπὸ
1404 1862 1452 1889 τοῦ
1468 1861 1596 1897 σώματος
1612 1862 1705 1895 ἐξόδου
1722 1864 1756 1898 τῇ
1772 1861 1906 1898 θεομιμή-

1109 1918 1148 1945 τῳ
1159 1908 1357 1944 τεκταινομένη
1384 1908 1479 1943 ψυχῇ·
1506 1907 1557 1943 τὴν
1583 1907 1670 1943 θύραν
1694 1908 1722 1934 δὲ
1744 1908 1830 1943 ταύτῃ
1856 1907 1905 1934 τοῦ

1111 1955 1277 1991 παραδείσου
1291 1955 1476 1989 διανοίγουπα,
1490 1955 1539 1982 καὶ¹
1559 1955 1609 1995 τὴν
1622 1955 1752 1990 φλογίνην
1767 1954 1905 1990 ῥομφαίαν

1110 2002 1285 2038 ὲκκρούσασα
1295 2010 1301 2018 ·
1318 2003 1365 2029 καὶ
1379 2003 1424 2030 διὰ
1437 2002 1492 2030 τῶν
1516 2003 1674 2038 Χερουϐεὶμ
1688 2001 1838 2033 ἀκωλύτως
1849 2001 1906 2028 είσς

1109 2049 1226 2083 άγουσα,
1242 2049 1290 2076 καὶ
1310 2049 1349 2084 τῷ
1357 2049 1404 2076 ἐπὶ
1419 2049 1474 2076 τῶν
1491 2049 1648 2085 Χερουϐεὶμ
1667 2048 1738 2083 μετὰ
1749 2047 1905 2084 παρρησίας

1113 2097 1150 2130 ἀφ
1156 2095 1256 2131 ράστου
1267 2096 1314 2123 καὶ
1329 2095 1518 2130 ἀγαλλιάσεως
1531 2095 1721 2130 προσάγουσα.

1145 2186 1299 2220 Τοιγαροῦν
1319 2184 1517 2220 προσαγορεύω
1538 2192 1580 2216 σε,
1602 2184 1652 2217 τὴν
1673 2183 1718 2210 διὰ
1739 2184 1789 2219 τῆς
1803 2184 1905 2220 λόγχης

1109 2231 1360 2266 δορυφορουμένην,
1385 2229 1433 2256 καὶ
1451 2229 1521 2264 μετὰ
1544 2229 1622 2264 δόξης
1638 2229 1677 2265 τῷ
1692 2229 1801 2265 Χριστῷ
1815 2238 1903 2265 προσ-

1106 2277 1313 2311 αναφερομένην
1335 2276 1436 2310 ψυχήν.
1464 2276 1560 2311 Χαῖρε,
1576 2276 1624 2302 τοῦ
1647 2277 1736 2311 Λόγου
1753 2276 1902 2311 λογιώτατε

1108 2321 1227 2357 μαθητὰ,
1242 2322 1288 2349 καὶ
1307 2322 1362 2348 τῶν
1383 2322 1472 2356 ἔργων
1504 2322 1589 2349 αὑτοῦ
1619 2322 1831 2358 πρακτικώτατε
1858 2332 1903 2358 μι-

1108 2369 1195 2404 μητά·
1212 2369 1261 2396 καὶ
1277 2368 1325 2395 τοῦ
1338 2368 1506 2403 Εὑαγγελίου
1527 2368 1680 2404 θερμότατε
1698 2369 1839 2404 πληρωτὰ,
1854 2370 1902 2396 καὶ

1106 2415 1155 2450 τῆς
1169 2415 1281 2450 ἐντολῆς
1293 2414 1465 2450 δοκιμώτατε
1479 2414 1537 2441 τελε
1544 2415 1619 2442 ιωτά.
1640 2416 1738 2450 Χαῖρε,
1753 2415 1895 2442 ὅτιέπεθύ-

1110 2468 1199 2495 μησας
1212 2459 1251 2495 τῷ
1270 2460 1424 2494 διδασκάλῳ
1442 2460 1640 2487 συναποθανεῖν
1655 2469 1661 2476 ’
1676 2462 1723 2488 καὶ
1741 2461 1791 2487 οὐκ
1804 2461 1902 2488 ἐπεθύ-

1109 2515 1201 2542 μησας
1217 2507 1308 2542 μόνον,
1322 2506 1391 2533 ἀλλὰ
1418 2507 1465 2533 καὶ
1486 2508 1549 2538 τοὺς
1567 2507 1693 2542 μαθητὰς
1704 2508 1743 2539 είς
1752 2507 1833 2534 τοῦτο
1851 2516 1901 2542 με-

1106 2553 1273 2588 γαλοψώνως
1301 2553 1474 2589 προέτρεψας
1506 2553 1554 2580 καὶ
1580 2554 1783 2590 παρώτρυνας·
1801 2553 1847 2581 καὶ
1870 2555 1900 2581 οὺ

1105 2599 1195 2634 λόγοις
1213 2600 1305 2634 μόνον,
1332 2599 1400 2626 ἀλλὰ
1426 2599 1495 2634 μετὰ
1512 2600 1627 2631 πολλοὺς
1642 2600 1712 2635 ὑπὲρ
1735 2601 1842 2628 ἐκείνου
1855 2600 1900 2628 πό-

1105 2655 1166 2679 νους
1181 2647 1228 2673 καὶ
1239 2646 1389 2680 κινδύνους,
1406 2646 1519 2682 ὕστερον
1531 2646 1578 2673 καί¹
1594 2647 1651 2678 τοῖς
1667 2646 1759 2682 ἔργοις
1785 2647 1899 2675 ἐκτετέ-

1105 2693 1188 2725 λεκας
1203 2694 1253 2729 τὴν
1267 2693 1430 2729 προθυμίαν.

1141 2740 1237 2774 Χαῖρε,
1259 2739 1300 2766 ὅτι
1317 2740 1364 2766 καὶ
1381 2739 1431 2775 τὴν
1443 2739 1593 2766 ἀνάστασιν
1622 2738 1694 2776 ὑπὲρ
1722 2740 1786 2773 τοὺς
1801 2739 1899 2772 ἄλλους

1107 2785 1345 2820 πολυπραγμονεῖς
1359 2793 1366 2801 ·
1381 2786 1411 2812 οὗ
1434 2785 1536 2818 μᾶλλον
1555 2786 1655 2822 ἐαυτῷ,
1673 2787 1690 2822 ἦ
1705 2788 1763 2819 τοῖς
1789 2793 1887 2822 cum“

1104 2875 1126 2891 “
1138 2875 1218 2903 Joau.
1235 2884 1271 2908 ιιι,
1293 2875 1334 2902 i6.
