2072 3160
178 174 232 210 ιιο

548 173 690 205 ORATIO
708 173 792 205 VIII.
807 184 842 191 —
861 171 904 202 IN
924 170 1080 202 LAUDEM
1101 170 1131 202 S.
1150 171 1279 202 JACOBI
1299 171 1450 202 ᾹῐιΡΗᾹΞῙ

1764 173 1815 206 150

177 234 234 265 τοῖς
245 231 329 267 ίεροῖς
341 230 598 266 ἀνακηρυττόμενος
608 226 889 265 Εὐαγγελίοις.οὖτος
900 227 974 263 ἡμᾶς

1030 227 1052 253 in
1069 226 1156 255 sacris
1166 226 1323 262 Evangeliis
1335 228 1453 256 celebris
1465 227 1593 256 habetur.
1610 228 1661 257 llic
1675 231 1815 265 nempesd

177 278 226 305 νῦν
238 278 284 305 ἐπὶ
309 277 360 313 τὴν
376 276 460 304 αὐτοῦ
474 277 587 312 μνήμην
612 276 744 311 ξεναγῶν,
763 276 811 303 καὶ
827 275 892 307 τοὺς
921 282 969 300 συ-

176 324 258 360 χνοὺς
275 323 347 358 ὑπὲρ
366 324 415 350 τοῦ
430 322 593 350 διδασκάλου
609 323 717 354 πόνους,
732 323 779 349 καὶ
799 321 862 352 τοὺς
880 320 969 355 ἱεροὺς

177 369 296 403 ἀγῶνας,
308 367 357 395 καὶ
380 367 427 394 τὸν
447 367 517 402 ὑπὲρ
544 367 592 394 τοῦ
620 366 829 402 ἐσταυρωμένον
849 365 970 401 προϐαλ-

178 415 292 449 λόμενος
302 413 430 449 σταυρὸν,
447 412 646 449 λαμπροτάτην
662 412 762 447 ψυχαῖς
781 411 900 446 εὐωχίαν
923 410 972 437 καὶ

178 459 416 494 πολυτελεστάτην
431 459 578 494 συγκροτεῖ
594 466 602 474 '
629 458 676 484 καὶ
697 457 728 484 οὐ
749 458 813 489 τοὺς
833 457 908 484 κάτω
924 456 972 490 μό-

176 513 224 532 νον
249 504 413 540 ἀνθρώπους
439 503 508 541 πρὸς
530 504 582 538 τὴν
607 504 669 530 κατ’
685 502 768 530 αὐτὸν
793 501 972 538 χαρμοσύνην

177 550 310 584 συγκαλεῖ
326 569 335 583 ,
365 549 456 585 πολλῷ
478 549 507 576 δὲ
524 549 626 584 μᾶλλον
640 549 689 580 τὰς
704 549 769 580 ὅλας
788 547 971 583 χοροστασίας

177 595 233 623 τῶν
261 596 347 630 ἁγίων
363 603 371 611 ·
399 596 447 622 καὶ
461 595 492 622 οὐ
513 595 616 622 τούτων
641 596 733 630 μόνον,
765 594 834 622 ἀλλά
855 593 968 626 καὶτὰς

178 642 384 677 ὖπερκοσμίους
399 641 562 677 ταξιαρχίας
578 641 669 673 πάσας
682 641 737 668 τῶν
751 640 833 675 ιερῶν
847 640 895 667 καὶ
911 648 972 667 νοε-

179 687 237 722 ρῶν
251 686 320 713 νόων
338 693 345 700 ·
368 687 416 713 καὶ
433 686 486 722 μὴν
495 687 542 713 καὶ
557 686 639 713 αὑτὸν
650 686 698 712 τδν
707 686 762 713 τῶν
774 685 844 713 δλων
865 685 970 712 Δεσπό-

179 741 230 767 την
259 731 455 767 ὑπερκοσμίως
491 731 691 758 ὲπευδοκοῦντα
717 732 775 763 τοῖς
799 730 973 766 τελουμένοις

180 776 374 810 συνεπάγεται.
388 775 480 807 Οὕτως
505 775 581 803 οὐδὲν
593 777 643 810 τῆς
657 775 841 810 ἀποπολικῆς
867 775 971 802 τελειό-

178 830 260 857 τητος
271 822 514 857 περιφανέστερον.
529 821 578 849 καὶ
585 821 660 849 οὐδὲν
668 821 756 853 οὕτως
765 821 906 856 εὐφραίνει
923 829 975 848 κα-

179 866 227 894 λδν
239 867 303 898 τοὺς
317 866 450 902 οὐρανοὺς
458 866 526 902 όμοῦ
540 866 589 893 καὶ
603 866 654 901 τὴν
664 866 727 901 γῆν,
742 866 781 898 ὡς
795 866 854 898 ἑνὸς
861 866 916 894 τῶν
928 865 976 893 δώ-

179 912 246 941 δεκα
258 913 305 941 τοῦ
319 913 390 941 Θεοῦ
403 913 507 941 τέκνων
525 912 607 949 ίερῶν
620 912 805 948 ὲκτελουμένη
821 913 928 948 μνήμη.

221 1043 304 1071 Ἀλλά
317 1044 575 1080 καρποφορήσωμεν
588 1043 636 1071 καὶ
651 1044 732 1079 ἡμεῖς
744 1043 783 1079 τῷ
797 1043 907 1079 μεγάλῳ
922 1043 972 1070 τοῦ

179 1089 270 1124 Δόγου
284 1089 403 1126 μαθητῇ,
417 1091 509 1125 μεῖζον
520 1087 557 1116 ὧν
569 1089 668 1125 ἔχομεν
682 1089 802 1121 πάντων,
816 1089 863 1116 τὴν
880 1088 970 1123 λόγον·

180 1138 230 1165 καὶ
249 1137 288 1173 μὴ
309 1136 438 1164 τοσοῦτον
467 1137 699 1172 ἅχαριστήσωμεν
724 1136 740 1172 ἢ
770 1135 972 1172 ἀγνωμονήσω-

181 1192 244 1219 μεν,
270 1182 341 1209 ὥστε
362 1182 471 1209 καὶτῶν
483 1181 597 1217 ἀψύχων
610 1182 701 1209 αὐτῶν
725 1181 773 1208 καὶ
789 1180 845 1208 τῶν
865 1181 994 1215 ἀλόγωνκ

180 1230 290 1265 χείρους
306 1226 377 1255 εἶναι
393 1228 492 1255 δοκεῖν.
512 1227 588 1255 Ἐπεὶ
595 1227 642 1254 καὶ
657 1228 709 1262 γῆν
720 1227 912 1263 ἀρουμένην,ἧ
924 1227 973 1254 καὶ

180 1274 443 1309 περισκαπτομένην
455 1274 502 1301 καὶ
522 1273 680 1309 γεωργικῆς
691 1274 801 1309 ἀπάσης
821 1273 972 1308 τυγχάνου-

181 1329 234 1348 σαν
241 1320 410 1355 ἐπιμελείας,
423 1319 642 1351 πολλαπλασίους
656 1319 809 1346 ἀποδιδόναι
824 1319 864 1354 τῷ
883 1327 974 1355 γεωρ-

181 1366 225 1401 γῷ
239 1366 303 1398 τοὺς
310 1365 436 1402 καρπούς
451 1373 458 1380 ·
471 1366 518 1393 καὶ
529 1364 607 1398 ξύλον
619 1365 649 1393 δὲ
666 1365 845 1400 φυτοκομίας,
861 1365 910 1392 καὶ
922 1365 974 1400 τῆς

183 1412 362 1448 καθηκούσης
382 1412 513 1448 ὲπιτυχὸν
538 1411 709 1446 φιλοπονίας,
738 1409 810 1439 οἶδεν
843 1410 882 1446 τῷ
907 1411 974 1446 παρ’

183 1459 282 1486 ἑαυτοῦ
299 1458 346 1485 τὸν
360 1458 580 1494 ἀνακαθαίροντα
606 1457 762 1490 δεξιοῦσθαι
787 1456 890 1492 καρπῷ
903 1464 910 1472 '
925 1457 972 1484 καί

183 1505 297 1532 unum!
323 1505 377 1532 τῶν
402 1504 508 1538 ἀλόγων
525 1504 641 1534 ἕκαστα,
665 1504 716 1531 οὒκ
740 1504 803 1540 είκῆ
826 1504 876 1539 τῆς
898 1503 974 1538 παρὰ

182 1551 239 1578 ¹τῶν
251 1551 433 1587 κτησαμένων
451 1550 468 1586 ἢ
486 1550 666 1586 θρεψαμένων
681 1550 821 1578 ἀπέλαυσε
846 1550 973 1585 κομιδῆςο

181 1595 256 1624 οἶδεν
287 1596 315 1623 δὲ
338 1597 386 1623 καὶ
411 1596 483 1623 αὐτὰ
503 1596 551 1623 τὸν
576 1595 727 1631 εὐεργέτην
742 1595 891 1630 εὐκαίρως,
906 1595 978 1622 κατὰ

182 1642 235 1678 τὴν
249 1642 341 1669 αὐτῶν
353 1642 480 1677 δύναμιν,
498 1641 662 1678 ἀμείϐεσθαι
677 1650 684 1656 ·
701 1641 792 1677 πολλῷ
808 1642 894 1677 δήπου
910 1641 980 1677 μᾶλ-

183 1687 232 1714 λον
266 1688 416 1723 προσήκειν
442 1687 565 1723 ἡγοῦμαι
586 1688 643 1719 τοῖς
667 1687 865 1722 τετιμημένοις
895 1686 979 1722 λόγῳ,

183 1735 242 1766 τοῖς
254 1734 344 1762 αὐτῶν
353 1734 525 1766 διδασκάλοις
540 1734 588 1762 τὸν
604 1734 654 1770 τῆς
677 1733 890 1770 εὐγνωμοσύνης
908 1741 979 1769 καρ-

185 1779 439 1816 τῶνὰφοσιοῦσθαι.
469 1781 540 1808 fidat
568 1780 629 1816 μὲν,
661 1779 780 1815 μάλιστα
803 1779 832 1806 δὲ
858 1781 916 1811 τοῖς
933 1779 980 1806 τοῦ

183 1827 275 1861 Λόγου
292 1827 342 1863 μὲν
349 1827 496 1862 μαθηταῖς,
510 1825 588 1862 ἡμῶν
600 1825 629 1852 δὲ
640 1825 808 1858 παιδευταῖς,
822 1825 872 1862 τὴν
889 1826 982 1862 κρείτ-

185 1881 227 1899 τω
243 1872 292 1900 καὶ
308 1873 347 1904 είς
358 1872 404 1899 ἀεὶ
416 1872 551 1908 μένουσαν
561 1871 706 1898 παίδευσιν
719 1879 727 1887 ·
752 1872 810 1903 τοῖς
821 1872 855 1907 τῇ
870 1870 981 1907 παιδείᾳ

186 1919 236 1946 τοῦ
253 1918 355 1954 Κυρίου
368 1918 418 1945 καὶ
427 1917 546 1944 θεοτελεῖ
561 1916 655 1953 διδαχῇ
667 1917 702 1944 τὰ
717 1914 777 1944 ὦτα
790 1916 840 1952 μὲν
853 1917 921 1952 ἡμῖν
930 1917 980 1951 τῆς

188 1963 306 2000 καρδίας
327 1963 489 1997 διανοίξασι,
499 1962 563 1995 τοὺς
573 1962 731 1997 ὀφθαλμοὺς
746 1962 774 1989 δὲ
791 1961 982 1996 καταφωτίσα-

189 2018 245 2042 σιν,
258 2010 296 2042 ὥς
310 2009 430 2038 ἀκοῦσαι
462 2009 511 2036 καὶ
521 2008 624 2043 γνῶναι
638 2009 688 2043 τῆς
704 2007 847 2039 εὐσεϐείας
862 2007 894 2034 τδ
911 2007 983 2042 μέγα

190 2057 339 2093 μυστήριον
349 2064 356 2072 ·
382 2055 431 2083 καὶ
440 2055 486 2082 τδν
497 2055 592 2082 σκότον
603 2055 653 2090 μὲν
668 2055 796 2086 ἀσεϐείας
807 2054 856 2080 καὶ
869 2053 983 2089 ματαιό-

188 2111 272 2138 τητος
293 2101 448 2134 ἀπολιπεῖν,
472 2101 512 2137 τῷ
525 2100 647 2137 ἀληθινῷ
673 2100 702 2128 δδ
732 2101 782 2136 τῆς
806 2099 982 2135 δικαιοσύνης

189 2149 264 2184 φωτὶ
280 2149 479 2184 προσδραμεῖν.

1024 272 1112 307 ipsius
1132 280 1183 300 nos
1203 273 1286 300 hodie
1303 274 1465 302 memoriam
1485 273 1611 309 hospites
1634 282 1814 310 congregans,

1025 318 1193 353 crebrosque
1210 319 1237 346 in
1251 319 1374 354 magistri
1393 320 1507 355 gratiam
1533 324 1677 355 susceptos
1694 321 1815 354 labores,

1024 372 1158 400 sacraque
1187 365 1320 393 desudata
1349 366 1510 398 certamina,
1540 374 1573 393 ac
1601 374 1713 394 erucem
1741 367 1818 394 illius

1025 417 1109 438 causa
1130 410 1240 438 fortiter
1255 410 1410 442 toleratam,
1425 411 1472 445 qui
1487 411 1546 446 ipse
1562 411 1639 439 cruci
1653 411 1751 439 aﬂixus
1762 416 1816 443 est,

1025 463 1178 491 apponens,
1193 456 1447 492 splendidissimum
1460 457 1700 492 lantissimumque
1716 458 1818 486 animis

1026 502 1184 529 convivium
1199 501 1323 530 instruit.
1340 502 1397 530 Nec
1412 503 1544 531 mortales
1559 502 1693 530 duntaxat
1713 503 1741 530 in
1759 508 1817 531 ter-

1026 547 1064 576 ris
1082 548 1249 576 eonstitutos
1263 549 1298 576 ad
1323 556 1403 576 suum
1421 548 1489 577 illud
1512 549 1612 577 festum
1630 549 1818 585 gaudiumque

1027 593 1135 626 invitat,
1152 594 1218 629 quin
1236 594 1316 629 longe
1331 594 1423 629 potius
1437 599 1509 622 totos
1523 599 1683 622 sanctorum
1698 595 1816 623 choros:

1026 647 1079 667 nec
1094 648 1160 668 vero
1176 640 1286 668 illorum
1303 645 1422 672 tantum,
1440 648 1536 668 verum
1556 641 1640 669 etiam
1659 645 1817 668 sanctarum

1026 686 1239 722 intelligentium
1255 686 1388 714 mentium
1406 687 1510 714 mundo
1531 687 1689 722 superiores
1702 691 1818 715 cunctos

1027 732 1141 760 ordines
1162 739 1196 760 ac
1219 732 1390 768 principatus
1406 741 1413 760 :
1435 733 1500 768 quin
1519 733 1609 768 ipsum
1625 741 1735 768 quoque
1753 733 1818 760 uni-

1028 785 1169 805 versorum
1197 778 1344 806 Dominum
1361 778 1474 805 adducit
1491 786 1524 806 ac
1544 778 1627 814 cogit,
1647 778 1691 806 cui
1718 777 1819 806 eximie

1026 823 1152 858 placeant
1178 831 1210 851 ea
1243 832 1305 860 qure
1343 828 1524 859 peraguntur.
1559 825 1606 853 Sic
1645 825 1714 853 nihil
1750 833 1818 860 apo-

1028 869 1124 897 stolica
1142 870 1312 905 perfectione
1335 870 1481 904 illustrius,
1500 871 1662 906 nullumque
1686 871 1756 899 adeo
1770 871 1819 899 bo-

1028 921 1104 946 num,
1128 915 1228 942 calum
1250 915 1355 950 pariter
1369 919 1528 950 terramque
1549 915 1651 951 gaudio
1671 914 1765 947 allicit.
1786 922 1820 943 ac

1027 958 1110 986 unius
1122 965 1138 986 e
1154 958 1301 987 duodecim
1321 966 1464 987 sacrorum
1479 959 1527 988 Dei
1542 959 1662 988 filiorum
1676 959 1756 988 festis
1770 959 1819 988 ho-

1025 1003 1141 1031 noribus
1154 1004 1288 1032 memoria
1302 1005 1480 1033 venerabilis.

1062 1048 1165 1077 Verum
1187 1057 1239 1078 nos
1259 1057 1380 1086 quoque,
1405 1058 1505 1086 magno
1526 1051 1664 1079 sermonis
1679 1050 1819 1085 Verbique

1026 1093 1174 1130 discipulo,
1195 1094 1223 1122 id
1236 1095 1310 1130 quod
1326 1096 1353 1123 in
1369 1103 1454 1124 censu
1470 1096 1558 1132 majus
1577 1096 1708 1124 omnibus
1732 1096 1818 1124 liabe-

1027 1147 1090 1168 mus
1105 1139 1253 1175 (sermonis
1268 1141 1374 1169 scilicet
1388 1141 1520 1177 fructum)
1536 1141 1724 1177 dependamus
1742 1150 1750 1174 ;
1768 1149 1820 1169 nec

1028 1186 1056 1213 in
1077 1190 1184 1214 tantum
1206 1186 1307 1222 ingrati
1322 1187 1498 1223 improbiquo
1518 1195 1583 1216 esse
1604 1188 1734 1221 velimus,
1747 1192 1778 1215 ut
1791 1191 1820 1216 et

1028 1231 1096 1266 ipsis
1108 1232 1200 1259 anima
1212 1237 1241 1260 et
1259 1239 1342 1260 sensu
1358 1237 1387 1260 et
1402 1240 1530 1260 sermone
1549 1241 1581 1261 ac
1596 1233 1703 1261 ratione
1720 1240 1820 1261 caren-

1028 1277 1103 1305 tibus
1116 1277 1269 1306 deteriores
1288 1286 1349 1306 essc
1369 1278 1523 1307 videamur.
1539 1279 1607 1307 Nam
1624 1284 1652 1308 et
1673 1285 1746 1308 terra
1760 1287 1821 1307 ara-

1029 1325 1074 1349 tro
1098 1322 1248 1356 conscissa,
1272 1323 1330 1351 sive
1346 1323 1430 1351 etiam
1446 1324 1638 1356 cireumfossa.
1654 1332 1821 1360 omnemque

1028 1368 1144 1395 culturae
1157 1369 1225 1396 artis
1239 1376 1333 1396 curam
1348 1374 1508 1403 consecuta,
1525 1377 1559 1398 ex
1580 1369 1673 1398 indole
1687 1370 1771 1398 habet
1791 1374 1821 1398 ut

1029 1412 1176 1448 multiplici
1191 1412 1284 1441 fructu
1296 1421 1415 1442 messem
1429 1414 1529 1443 colono
1545 1414 1693 1450 frugesque
1702 1415 1800 1443 reddat
1812 1423 1820 1443 :

1029 1457 1146 1486 arbores
1156 1458 1221 1486 item
1232 1458 1359 1494 diligenti
1367 1460 1480 1488 consitae
1490 1467 1584 1493 manu,
1600 1467 1633 1488 ac
1646 1460 1823 1488 convenienti

1030 1506 1154 1534 educatae
1167 1505 1322 1541 adulL-eque
1335 1506 1482 1539 industria,
1496 1514 1560 1534 eum
1572 1507 1652 1543 cuius
1667 1507 1823 1535 emundan-

1030 1555 1076 1579 tur
1090 1559 1186 1587 opera.
1200 1552 1301 1588 pomis,
1319 1553 1449 1584 nucibus,
1464 1552 1663 1588 fructuumque
1679 1553 1755 1581 omni
1776 1561 1824 1581 co-

1029 1596 1074 1631 pia
1095 1603 1219 1624 recreare
1244 1601 1356 1624 norunt.
1382 1597 1417 1625 At
1443 1604 1496 1625 nec
1517 1597 1598 1625 bruta
1623 1597 1822 1633 propemodum

1029 1643 1097 1676 ulla,
1121 1642 1225 1671 frustra
1250 1643 1382 1678 nulloque
1407 1650 1522 1670 munere
1539 1647 1587 1670 aut
1599 1643 1756 1675 commodo,
1773 1651 1820 1672 eo-

1029 1696 1102 1721 rum,
1118 1688 1167 1724 qui
1188 1687 1294 1716 domini
1312 1692 1378 1716 sunt
1398 1692 1447 1716 aut
1471 1688 1636 1721 educarunt,
1661 1689 1738 1717 euris
1762 1696 1824 1724 per-

1029 1733 1161 1762 fruuntur
1174 1742 1183 1759 =
1198 1734 1267 1769 quin
1280 1738 1310 1762 et
1327 1734 1388 1770 ipsa
1410 1738 1580 1769 opportune,
1598 1738 1701 1770 quanta
1724 1742 1824 1762 eorum

1031 1781 1147 1808 facultas
1156 1784 1210 1814 est,
1231 1780 1258 1808 ei
1281 1780 1329 1816 qui
1355 1779 1521 1808 beneficium
1549 1779 1727 1816 impenderit,
1749 1780 1826 1809 vices

1032 1825 1150 1854 reddere
1175 1830 1335 1854 sueverunt.
1362 1825 1457 1861 Longe
1479 1825 1564 1862 igitur
1588 1825 1691 1860 potiori
1717 1825 1826 1853 ratione

1031 1879 1123 1907 operae
1137 1872 1257 1907 pretium
1271 1872 1354 1905 duco,
1369 1877 1400 1900 ut
1415 1873 1464 1907 qui
1476 1873 1613 1900 sermonis
1626 1872 1653 1900 vi
1667 1880 1701 1900 ac
1714 1873 1822 1900 ratione

1032 1917 1123 1946 ornati
1132 1925 1239 1951 sumus,
1253 1918 1431 1953 gratitudinls
1443 1918 1563 1946 fructum
1575 1919 1713 1955 magistris
1722 1917 1825 1946 nostris

1030 1964 1203 1992 exsolvamus
1219 1972 1227 1991 :
1243 1968 1325 1999 atque
1340 1963 1485 2000 idlcunctis
1494 1964 1617 1999 quidem,
1630 1965 1747 1992 maxime
1757 1972 1824 1993 vero

1031 2009 1169 2037 sermonis
1186 2009 1350 2044 discipulis;
1367 2009 1436 2037 viris
1453 2009 1571 2044 scilicet,
1587 2011 1634 2045 qui
1655 2010 1762 2045 potiore
1771 2010 1822 2038 do-

1032 2055 1131 2086 ctrina,
1146 2062 1178 2083 ac
1190 2062 1252 2089 quae
1265 2055 1293 2082 in
1305 2058 1470 2090 perpetuum
1486 2055 1630 2087 consistat,
1648 2063 1699 2082 nos
1709 2055 1824 2082 erudie-

1033 2104 1125 2127 runt:
1150 2099 1198 2134 qui
1223 2106 1324 2134 nempe
1347 2098 1458 2126 Domini
1488 2098 1645 2134 disciplina,
1672 2099 1824 2134 divinaque

1033 2145 1160 2172 doctrina
1177 2144 1270 2172 cordis
1285 2151 1367 2172 aures
1379 2143 1460 2171 nobis
1470 2147 1651 2177 aperuerunt,
1666 2143 1824 2179 mentisque

188 2196 298 2228 oculos,
312 2202 368 2230 quo
379 2193 476 2222 audire
486 2201 519 2221 ac
532 2193 603 2221 seire
616 2199 745 2228 magnum
755 2190 866 2227 pietatis
880 2191 1040 2226 mysterium
1057 2191 1165 2225 liceret,
1199 2191 1414 2225 eollustrarunt;
1444 2194 1473 2219 et
1502 2194 1533 2217 ut
1561 2190 1710 2226 impietatis
1731 2198 1763 2218 ac
1777 2197 1826 2218 vas

189 2241 288 2270 uitatis
311 2240 416 2269 relictis
437 2239 570 2272 tenebris,
589 2238 624 2266 ad
641 2245 735 2266 veram
753 2236 868 2272 iustitia!
890 2236 980 2265 lucem
996 2244 1215 2265 accurreremus.
1391 2265 1394 2267 _

232 2286 393 2322 ’Δποδῶμεν
416 2285 562 2321 τοιγαροῦν
584 2284 747 2319 καταχρέως
770 2281 818 2309 τοῦ
839 2282 920 2316 λόγου
932 2282 978 2317 τὴν

1073 2283 1231 2311 Reddamus
1245 2290 1297 2317 pro
1317 2289 1434 2310 munere
1449 2281 1536 2310 sacris
1558 2280 1696 2309 sermonis
1708 2281 1827 2308 aratori-

187 2335 305 2370 ὸῃειλὴν
316 2335 373 2366 τοῖς
389 2333 473 2368 ἱεροῖς
487 2332 598 2367 ἀρόταις
622 2330 670 2357 τοῦ
684 2329 782 2364 Λόγου,
794 2328 842 2356 καὶ
855 2328 905 2363 τῆς
917 2328 986 2362 ἠμε-

188 2381 275 2417 ςόρας
289 2379 406 2416 καρδίας
424 2378 568 2413 γεωργοῖς,
585 2376 634 2404 καὶ
648 2377 705 2407 τοῖς
718 2374 855 2410 σωτηρίας
879 2374 985 2409 ίερουρ-

190 2428 261 2463 τοῖς.
299 2425 460 2460 ’Δτοοδῶμεν
495 2424 552 2454 τοῖς
579 2422 602 2449 τ’
628 2421 719 2453 ἀλλοις
740 2421 818 2453 πᾶσι,
845 2419 892 2446 καί
925 2419 983 2454 μετ’

191 2473 283 2501 αὐτῶν
295 2472 344 2499 καὶ
357 2471 397 2507 τῷ
410 2471 531 2506 σήμερον
545 2469 585 2500 είς
611 2467 716 2495 αῖνεσιν
742 2467 791 2493 καὶ
819 2465 898 2498 δόξαν
915 2473 984 2500 μνη-

194 2517 372 2554 μονευομένῳ
387 2524 395 2532 ”
422 2516 469 2543 καὶ
482 2514 716 2550 καρποφορῶμεν,
737 2512 762 2539 οι
780 2511 841 2546 μὲν,
866 2511 912 2537 τὸν
933 2510 982 2544 τῆς

194 2565 272 2600 ῖερᾶς
283 2565 415 2594 αίνέσεως
427 2562 475 2589 καὶ
487 2559 640 2594 δοξολογίας
648 2559 766 2593 φθόγγον
775 2556 984 2592 ἀνακρούοντες·

193 2612 219 2638 οί
232 2611 275 2643 δὶ,
291 2609 448 2646 προθέσεως
467 2606 626 2641 τελειότητα
639 2605 688 2632 καὶ⁸
713 2603 825 2630 ἀένναον
839 2601 912 2628 κατὰ
922 2600 986 2627 νοῦν

196 2656 383 2692 προσάγοντες
393 2653 558 2689 προσευχὴνο
570 2652 594 2678 ol
611 2651 660 2685 μὲν
677 2649 768 2676 πίστιν
779 2648 922 2676 ἀνόθευτον
934 2646 982 2673 καὶ

195 2691 342 2737 εἰλικρινῆ,
353 2701 378 2727 οἱ
385 2700 424 2733 δὲ,
442 2699 524 2726 πόθον
538 2698 670 2732 διάπυρον
684 2695 731 2722 καὶ
742 2693 893 2729 θεοπρεπῆ·
906 2693 952 2719 καὶ
962 2691 988 2718 οι

198 2749 249 2785 μιν
258 2747 354 2778 αἰσίως
360 2747 407 2773 καὶ
419 2745 515 2778 δεξιῶς
527 2743 573 2770 τὸν
588 2742 674 2778 μέγαν
681 2740 842 2785 ’Δπόστολον
859 2738 929 2766 κατὰ
940 2737 990 2785 τὴν

196 2782 263 2828 παρ’
279 2791 363 2820 αὑτοῦ
379 2789 587 2827 χορηγουμένην
599 2786 646 2814 τοῦ
659 2786 746 2819 Λόγου
761 2784 841 2819 χάριν
852 2782 992 2810 ἐπαινοῦν-

197 2846 260 2871 τες,
275 2838 301 2864 ol
328 2837 369 2869 δὲ,
388 2835 506 2866 συνετῶς
521 2833 570 2861 καὶ
601 2831 704 2863 πιστῶς
720 2830 752 2857 τὸ
767 2829 906 2865 ἐγκώμιον
927 2837 993 2856 κατ-

199 2884 361 2916 ακούοντες,
385 2881 423 2913 ὡς
439 2881 473 2908 ἂν
491 2878 564 2914 αὑτᾷ
585 2879 652 2905 πᾶσι
663 2877 774 2912 τρόποις
786 2873 992 2902 ἐπικοινωνοῦν-

1035 2328 1098 2361 bus,
1115 2328 1252 2356 sermOnis
1270 2327 1394 2356 debitum
1406 2347 1414 2360 ,
1433 2328 1577 2362 nostrique
1591 2326 1684 2354 cordis
1707 2325 1825 2360 colonis,

1035 2375 1188 2410 salutisque
1211 2375 1366 2403 cultoribus
1388 2381 1421 2402 ac
1444 2375 1532 2403 sacris
1548 2374 1695 2402 ministris.
1717 2373 1827 2402 Redda-

1035 2427 1106 2452 mus,
1116 2427 1178 2447 cum
1190 2419 1306 2455 reliquis
1314 2419 1454 2452 omnibus,
1466 2425 1524 2447 tum
1536 2419 1735 2455 pariteretiam
1749 2419 1826 2452 huic,

1033 2466 1113 2501 cuius
1128 2465 1211 2493 hodie
1228 2466 1332 2493 celebri
1347 2466 1423 2493 cultu
1443 2473 1476 2493 ae
1492 2465 1573 2493 laude
1596 2465 1757 2493 memoriam
1769 2466 1827 2501 agi.

1038 2518 1121 2538 mus:
1143 2509 1317 2545 fructumque
1337 2510 1496 2543 efferamus,
1519 2510 1557 2538 ita
1579 2510 1712 2538 nimirum
1728 2515 1760 2538 ut
1778 2509 1824 2537 alii

1037 2560 1122 2581 sacra:
1143 2552 1311 2580 laudationis
1328 2560 1360 2580 ac
1382 2553 1483 2580 cantici
1504 2561 1604 2581 sonum
1620 2555 1699 2589 quasi
1722 2553 1826 2588 plectro

1037 2599 1142 2630 edant;
1168 2598 1214 2625 alii
1240 2605 1314 2630 vero,
1339 2599 1426 2626 animi
1455 2598 1653 2634 perfectionem
1677 2599 1826 2634 jugemque

1038 2649 1129 2672 mente
1143 2645 1297 2673 orationem
1317 2645 1452 2678 offerant;
1471 2646 1517 2673 alii
1537 2655 1630 2674 veram
1645 2654 1677 2673 ae
1688 2646 1825 2673 sinceram

1037 2690 1131 2724 fidem,
1141 2690 1187 2717 alii
1203 2697 1349 2718 accensum
1364 2690 1545 2726 divinumque
1562 2691 1665 2718 amoris
1677 2689 1823 2717 ardorem:

1035 2741 1119 2771 atque
1133 2735 1180 2763 alii
1197 2735 1309 2770 quidem
1322 2735 1410 2764 fausta
1427 2744 1459 2764 ac
1471 2737 1588 2767 solerter
1604 2743 1655 2770 pro
1667 2735 1729 2770 ejus
1741 2741 1825 2769 quam

1035 2779 1095 2815 ipse
1118 2787 1210 2808 sermo
1225 2779 1418 2808 subministrat
1434 2782 1528 2816 gratiae
1550 2781 1665 2812 ratione,
1693 2787 1824 2815 magnum

1035 2826 1198 2861 Apostolum
1215 2825 1343 2859 laudent;
1361 2826 1407 2853 alii
1428 2831 1531 2859 autem,
1551 2825 1702 2860 prudenter
1715 2825 1825 2863 ﬁdeque

1036 2873 1222 2902 laudationem
1247 2872 1421 2909 pcraudiuut,
1447 2877 1477 2899 ut
1502 2872 1589 2900 modis
1610 2873 1738 2902 omnibus
1761 2875 1823 2905 eius
