2072 3160
259 178 309 214 I51

856 182 1005 214 NICET/E
1024 183 1289 214 PAI’IILAGONIS

1843 183 1895 215 152

258 235 413 272 gaudentes
431 235 611 268 eninmercio,
627 235 796 271 perfectiore
813 244 846 264 ex
861 236 909 264 illo
919 241 1047 272 praestan-

1102 246 1158 269 τες,
1174 238 1345 275 τελειοτέρας
1359 239 1409 272 τῆς
1420 239 1532 275 χάριτος
1545 239 1575 272 ἐξ
1590 238 1674 266 αὐτοῦ
1688 238 1735 266 καὶ
1749 238 1894 274 ἀμείνονος

259 281 378 317 tiorique
403 279 490 315 gratia
520 280 720 315 impartiamur.
754 281 823 310 Hinc
846 289 912 310 vero
937 282 1049 310 ordien-

257 327 335 357 dum.

294 373 343 400 Vir
357 372 403 400 hic
415 373 628 407 sacratissimus,
641 373 876 408 sanctissimeque
893 373 940 401 Dei
955 373 1049 408 gratiae

257 419 420 447 verissimus
445 419 546 452 Filius;
573 427 723 454 generosus
745 424 826 454 atque
851 419 953 447 nobilis
977 427 1048 447 veras

258 463 324 491 vitis
346 464 466 499 palmes;
483 465 594 500 pinguis
611 465 668 498 ille,
691 465 777 501 opimi
793 465 900 494 fructus
913 466 1048 501 longeque

258 510 362 544 copiosi
390 510 486 543 ferax;
517 519 599 545 quem
629 511 750 539 caelestis
775 512 887 547 quidem
916 512 1047 547 agricola,

258 556 340 583 Pater
350 561 458 592 purget,
477 564 508 584 ac
524 557 571 592 qui
595 557 623 584 in
644 558 714 585 Filio
735 557 876 586 radicatus
891 559 952 586 laete
972 558 1047 586 fron-

257 601 331 635 deat,
346 601 521 637 fructumque
536 603 623 635 ferat:
641 604 744 638 quique
759 603 870 632 demum
882 605 962 632 uberi
974 605 1047 640 jugi-

257 655 311 682 que
332 648 467 676 Paracleti
488 649 593 684 irriguo
608 650 779 685 pinguescat,
803 658 851 678 seu
875 651 958 678 vitam
979 651 1048 679 hau-

257 694 311 721 riat
326 693 360 720 “.
387 694 480 721 Palma
505 694 635 722 frondosa
659 700 742 730 atque
766 695 912 727 sublimis,
934 704 950 724 e
974 702 1048 724 terra

257 740 376 774 primum
399 748 488 775 exque
515 740 618 768 inlimis
641 746 712 773 orta,
735 745 763 768 at
786 749 847 776 qum
871 742 1046 777 postmodum

258 785 367 812 sublato
381 785 408 812 in
421 786 522 814 malum
534 786 636 821 stipite.
650 787 683 814 ad
695 787 781 815 Deum
798 795 895 822 usque,
912 788 1047 816 virtutum

258 832 470 859 ascensionibus
494 840 603 859 summo
631 833 735 861 vertice
759 834 878 861 exaltata
903 835 965 862 sit':
986 843 1048 870 qua:

258 876 379 911 denique
399 877 440 905 sic
454 878 608 913 jucundum
634 883 765 914 tantaque
786 879 939 914 placentem
963 881 1048 915 pieta-

1105 284 1299 319 μετάσχοιμεν.
1324 285 1454 320 ’Δρκτέον
1469 285 1498 311 δὲ
1511 284 1648 311 ἐντεῦθεν.

1139 370 1224 405 Οὗτος
1249 374 1263 400 ό
1287 374 1433 408 ἱερώτατος
1461 373 1542 408 ἀνὴρ.
1576 374 1623 399 καὶ
1648 372 1698 406 τῆς
1720 371 1802 406 ἁγίας
1825 370 1892 397 Θεοῦ

1103 420 1214 456 χάριτος
1223 419 1407 455 γνησιώτατος
1426 420 1484 450 υἱός
1496 427 1503 435 ο
1518 419 1548 445 τὸ
1557 418 1668 452 εὐγενὲς
1682 418 1776 452 κλῆμα
1789 417 1837 443 καὶ
1854 417 1880 443 τί

1103 474 1166 500 μιον
1178 466 1228 500 τῆς
1243 465 1368 500 ἀμπέλου
1389 465 1438 500 τῆς
1453 464 1593 500 ἀληθινῆς,
1612 464 1643 491 τὸ
1660 465 1732 496 πῖον,
1750 463 1780 490 τὸ
1794 462 1895 498 εὐκαρ-

1104 520 1155 538 πον
1166 511 1213 538 κα¹ι
1235 511 1421 546 κατάκαρπον·
1436 511 1466 537 τὸ
1481 511 1533 537 ὑπὸ
1545 510 1591 537 τοῦ
1606 509 1731 545 οὐρανίου
1745 509 1794 544 μὲν
1805 517 1895 543 γεωρ-

1104 556 1153 591 γοῦ
1168 557 1375 592 καθαιρόμενον,
1386 556 1432 584 τοῦ
1448 556 1555 591 Πατρός
1571 563 1578 571 ⁸
1596 555 1780 591 ὲρῥιζωμένον
1793 554 1822 582 δὲ
1846 554 1894 580 καὶ

1104 602 1203 638 εὐθαλῆ
1226 603 1274 630 καὶ
1289 602 1481 638 καρποφοροῦν
1504 602 1533 628 ἐν
1559 601 1598 636 τῷ
1612 600 1669 635 Υίῷ
1685 609 1692 617 ·
1719 600 1826 635 δαψιλεί
1861 599 1892 627 δὲ

1104 649 1152 676 καὶ
1166 648 1272 683 ὰεννάῳ
1284 647 1331 675 τοῦ
1348 649 1388 675 Πα
1394 648 1527 683 ρακλήτου
1541 647 1726 682 πιαινόμενον,
1740 647 1799 682 ἦτοι
1810 645 1895 678 ζωού-

1106 703 1197 730 μενον,
1214 694 1308 729 ἀρδειᾳ
1323 702 1330 710 ·
1346 694 1360 720 ό
1371 694 1457 728 φοῖνιξ
1471 695 1485 721 ό
1509 693 1626 728 εὔκομος
1640 693 1688 720 καὶ
1700 693 1833 728 ὐψίκομος
1848 699 1857 709 ο
1879 691 1894 718 6

1104 740 1225 768 κάτωθεν
1242 740 1296 766 ἀπὺ
1312 740 1365 774 γῆς
1384 739 1494 775 πρῶτον
1517 740 1613 773 ὲκφὺς,
1641 739 1688 765 καὶ
1707 739 1738 764 τὸ
1767 738 1894 773 στέλεχος

1103 787 1145 818 είς
1157 786 1272 821 οὐρανὸν
1291 786 1404 821 ὕστερον
1427 786 1551 818 ἀναδοὺς,
1574 785 1715 820 καὶμέχρι
1741 783 1810 811 Θεοῦ
1833 785 1895 816 ταῖς

1104 833 1254 860 ἀναδάσεσι
1268 832 1324 860 τῶν
1337 832 1443 868 ἀρετῶν
1470 832 1598 867 ὐψωθείς.
1625 831 1681 858 Καὶ
1694 831 1767 858 οὕτω
1782 831 1893 866 θυμήρη

1103 880 1151 906 καὶ
1166 879 1252 911 οὕτως
1267 879 1377 914 ἥδιστον
1390 878 1464 913 αὐτῷ
1477 879 1526 914 τῆς
1546 877 1686 909 εὐσεϐείας
1701 876 1893 908 πεπλεονακὼς

259 923 295 950 tis
310 923 458 951 dulcedine
476 924 657 959 multiplicem
669 926 694 952 ci
709 926 829 954 fructum
849 927 1006 961 protulerit,
1022 931 1047 954 ul

1104 925 1220 960 καρπὸν,
1233 925 1271 956 ὡς
1282 927 1314 961 τῇ
1331 924 1488 961 ὑψηλοτάτη
1500 924 1555 951 τῶν
1565 923 1722 951 ἀποστόλων
1734 924 1782 950 καὶ
1797 932 1894 958 τιμιω-

258 968 339 1005 longe
362 970 516 998 celsissimo
532 971 826 1007 venerabilissimoque
843 972 972 1001 duodcno
986 981 1051 1008 apo-

257 1015 391 1043 stolorum
409 1016 495 1044 choro
507 1017 648 1045 accenseri
661 1019 805 1045 meruerit.

303 1061 354 1089 Hic
381 1061 466 1097 igitur
494 1070 611 1098 magnus
640 1071 673 1090 ac
703 1064 883 1092 admirandus
911 1065 1050 1098 Jacobus;

257 1106 412 1142 disciplina
433 1108 479 1136 ille
495 1109 569 1142 (vita!
584 1109 701 1144 scilicet)
722 1110 807 1138 Filius
827 1111 893 1146 (hoc
903 1112 978 1138 enim
996 1111 1050 1139 sibi

257 1153 317 1180 vult
330 1152 433 1188 Alpliaei
451 1154 600 1189 appellatio
611 1154 684 1190 (24⁸)
702 1163 764 1183 cum
776 1157 835 1192 lege
851 1157 929 1192 prius
950 1157 1050 1186 littenae

257 1197 410 1230 lnstitutus,
426 1198 510 1234 inque
525 1200 634 1227 umbris
649 1205 732 1236 atque
747 1201 852 1238 ﬁguris,
872 1208 903 1230 ut
917 1211 966 1238 par
978 1209 1049 1237 erat,

256 1252 333 1277 eum,
349 1244 397 1280 qui
419 1253 485 1273 vere
509 1245 633 1274 Israelita
654 1247 765 1276 futurus
789 1253 873 1282 esset,
895 1250 1050 1284 praedoctus

257 1291 356 1320 fuisset
370 1300 402 1320 ac
415 1293 493 1328 quasi
509 1293 667 1321 rudimento
679 1294 812 1327 imbutus,
829 1299 859 1323 ut
876 1296 1049 1325 solummodo

257 1337 379 1374 Spiritus
395 1339 459 1366 vitae
481 1339 666 1375 legislatorem
687 1341 768 1373 vidit,
784 1342 830 1369 ubi
846 1345 952 1369 tantum
966 1342 1050 1371 caele-

256 1388 327 1412 stem
338 1384 510 1412 vocationem
526 1393 560 1413 ac
570 1385 691 1414 caelestis
706 1387 825 1422 Magistri
837 1395 933 1416 vocem
954 1388 1050 1417 audire

256 1428 420 1464 promeruit,
442 1434 533 1458 mente
548 1430 658 1466 tideque
680 1432 830 1460 enitentem
850 1433 878 1460 in
896 1440 929 1460 eo
950 1434 1050 1461 verita-

257 1478 313 1503 tem
331 1475 545 1511 intelligibiliter
558 1477 744 1511 persentiscit,
760 1483 791 1505 ut
809 1478 856 1513 qui
876 1483 954 1506 recto
966 1478 1049 1506 corde

257 1526 290 1547 ac
301 1519 378 1547 verbi
391 1519 534 1548 studiosus
547 1525 639 1548 esset:
654 1525 685 1548 ut
698 1525 829 1556 tanquam
843 1521 901 1556 ipSe
914 1522 994 1549 home
1006 1522 1049 1549 in-

257 1565 339 1598 dolis,
354 1566 444 1600 ipsum
459 1571 556 1593 natura
567 1566 673 1594 Bonum
685 1566 852 1602 intelligens.
865 1575 898 1595 ac
909 1568 999 1595 simile
1013 1568 1051 1595 si-

1105 972 1173 1007 τάτῃ
1187 971 1409 1008 συναριθμεῖσθαι
1426 971 1555 999 δωδεκάδι

1140 1057 1224 1093 Οὗτος
1241 1061 1334 1088 τοίνυν
1350 1061 1365 1087 ὸ
1393 1060 1482 1095 μέγας
1502 1059 1632 1090 Ἰάκωϐος
1654 1058 1703 1086 καὶ
1718 1057 1893 1092 θαυμαστόςο

1103 1106 1118 1132 ό
1134 1106 1185 1141 τῆς
1206 1106 1362 1141 μαθήσεως,
1387 1106 1447 1142 ἦτοι
1470 1105 1554 1140 ζωῆς,
1581 1105 1641 1135 υίὸς
1669 1103 1759 1139 (τοῦτο
1777 1103 1831 1138 γὰρ
1844 1102 1895 1138 τὴν

1103 1151 1151 1178 τοῦ
1172 1152 1300 1186 Ἁλφαίου
1312 1152 1408 1186 δηλοῦν
1428 1150 1640 1187 προσηγορίαν),
1659 1149 1754 1185 ἐπειδὴ
1778 1149 1824 1176 τδν
1848 1149 1892 1177 νόα

1105 1206 1155 1234 μον
1175 1198 1223 1225 τοῦ
1243 1197 1408 1233 γράμματος
1422 1196 1633 1233 προκατηχήθη,
1652 1196 1700 1223 καὶ
1718 1196 1779 1227 ταῖς
1804 1196 1895 1227 σκιαῖς

1103 1244 1151 1271 καὶ
1165 1245 1221 1275 τοῖς
1233 1243 1340 1276 τύποις,
1355 1243 1393 1275 ὡς
1411 1244 1484 1274 είκὸς
1497 1240 1531 1279 ἦν
1541 1242 1587 1269 τὸν
1600 1241 1708 1277 ἀληθῶς
1724 1241 1896 1277 Ίσραηλίτην

1103 1289 1244 1325 ἐσόμενον,
1280 1290 1547 1326 προεπαιδαγωγήθη
1580 1289 1628 1316 καὶ
1658 1287 1893 1324 ιιιροκαιιῖηρτίσθη⁸

1104 1335 1142 1367 ὡς
1167 1335 1250 1371 μόνον
1275 1334 1329 1363 εἶδε
1356 1336 1403 1363 τὸν
1428 1336 1577 1371 νομοθέτην
1600 1335 1648 1362 τοῦ
1667 1334 1827 1370 Πνεύματος
1845 1334 1895 1369 τῆς

1103 1381 1188 1416 ζωῆς.
1199 1382 1237 1414 ὡς
1249 1383 1329 1417 μόνον
1335 1382 1384 1416 τῆς
1393 1381 1519 1417 οὐρανίου
1531 1381 1665 1416 κλήσεως,
1677 1381 1781 1415 καὶτῆς
1790 1379 1837 1407 τοῦ
1849 1380 1896 1407 οὐ·

1104 1428 1197 1463 ρανίου
1216 1428 1376 1455 διδασκάλου
1389 1427 1543 1462 κατηξιώθη
1559 1427 1662 1461 φωνῆς,
1678 1426 1834 1453 αίσθάνεται
1844 1425 1896 1460 μὲν

1102 1474 1203 1508 νοερῶς
1217 1475 1265 1501 καὶ
1291 1475 1392 1505 πιστῶς
1407 1475 1456 1508 τῆς
1478 1473 1582 1508 νοητῶς
1606 1474 1635 1499 ὲν
1656 1473 1730 1507 αὐτῷ
1745 1471 1895 1507 νοουμένης

1103 1520 1245 1555 ἀληθείας,
1263 1520 1310 1547 ἆτε
1322 1520 1435 1556 καρδίας
1452 1519 1559 1551 εὐθείας
1571 1520 1619 1546 καὶ
1633 1518 1816 1554 ἁληθευτικῆς
1829 1518 1868 1545 ὢν
1885 1527 1892 1535 ·

1104 1566 1151 1592 καὶ
1166 1566 1204 1597 ὡς
1217 1565 1320 1599 ἀγαθὸς
1334 1565 1372 1591 ὣν
1383 1565 1433 1599 τὴν
1447 1565 1547 1601 ψυχὴν,
1572 1565 1603 1591 τδ
1624 1565 1704 1600 φύσει
1731 1573 1896 1598 κατανενοη.

258 1612 316 1639 mili
329 1613 429 1640 eximia
439 1612 558 1647 qundam
576 1613 683 1641 ratione
699 1621 860 1649 agnoscens,
872 1615 972 1642 mentis
986 1623 1047 1643 cun

1102 1612 1159 1644 κὼς
1172 1612 1284 1646 ἀγαθὸν,
1297 1612 1344 1639 καὶ
1365 1612 1405 1648 τῷ
1417 1599 1504 1647 ὁμοίῷ
1516 1599 1549 1638 ντδ
1560 1599 1655 1647 ὅμοιον
1681 1612 1829 1647 ὑπερφυῶς
1843 1613 1894 1638 ἔπ-

257 1655 357 1684 nﬁ‘ectu
369 1656 562 1691 apprehendit,
575 1664 609 1685 ac
622 1657 739 1686 indivise
751 1658 790 1686 illi
807 1659 978 1687 cohzeresclt.

292 1742 328 1770 At
343 1749 398 1770 non
427 1743 526 1778 spiritu
544 1743 656 1779 quidem
669 1749 816 1780 menteque
829 1747 939 1774 vocanti
958 1748 1050 1776 adhae-

257 1789 305 1820 sit,
317 1796 434 1824 corpore
446 1797 513 1817 vero
524 1790 559 1817 ab
571 1797 605 1818 eo
615 1790 722 1826 seiungi
733 1791 876 1823 sustinuit,
888 1801 939 1821 nec
949 1795 1048 1829 partim

258 1834 362 1862 mundo
377 1838 460 1870 atque
478 1835 572 1864 saeculi
588 1835 735 1864 desideriis
751 1838 893 1873 turbisque
906 1839 1049 1874 impende-

257 1879 349 1913 batur,
362 1881 518 1915 partimque
531 1881 623 1916 ipsum
638 1882 809 1917 sequendum
827 1884 949 1918 putavit;
964 1893 1047 1920 quem

257 1926 338 1960 plane
352 1934 409 1954 non
428 1927 538 1959 lateret,
558 1927 618 1955 ﬁeri
636 1935 692 1955 non
709 1935 790 1962 posse
813 1933 843 1956 ut
857 1930 919 1964 quis
939 1930 1048 1958 duobus

254 1971 376 2000 dominis
389 1979 487 2000 servus
499 1972 626 2001 addictus
636 1973 672 2001 sit
682 1973 705 1989 ⁵⁸
720 1982 725 2000 :
744 1974 810 2009 quin
823 1982 858 2002 ne
873 1975 920 2002 uni
935 1977 1046 2010 quidem

253 2017 401 2053 eidemque
411 2018 626 2054 obsequebatur,
641 2019 679 2047 ita
687 2027 753 2047 vero
767 2024 797 2047 ut
811 2021 838 2048 in
850 2029 896 2049 res
906 2030 969 2051 suas
981 2023 1047 2051 satis

255 2064 395 2099 putaverit
416 2073 471 2092 una
488 2065 597 2093 honesti
615 2067 740 2101 rectique
760 2072 838 2102 parte
853 2067 981 2103 defungi;
999 2073 1047 2096 aut

253 2109 364 2138 scilicet
383 2117 523 2144 sermone,
544 2110 683 2145 praeclara;
707 2112 826 2140 actionis
843 2120 896 2148 ope
922 2118 1045 2146 carente,

253 2161 304 2182 aut
319 2155 438 2188 actione,
461 2163 545 2190 quam
567 2158 705 2184 sermonis
729 2157 775 2185 lux
799 2165 832 2185 ac
853 2158 1044 2186 doctrinarum

252 2199 410 2227 deﬁceret:
430 2199 477 2227 sed
495 2200 620 2236 utrisque
646 2201 766 2236 ingenue
788 2202 949 2235 admodum,
965 2207 994 2230 et
1015 2207 1046 2230 ut

255 2244 387 2280 magistro
401 2251 553 2280 congruum
574 2251 644 2278 erat,
659 2247 752 2275 animo
768 2248 893 2279 allectus.
911 2255 969 2277 tum
988 2249 1044 2284 spi-

256 2289 312 2317 ritu
328 2295 404 2318 totus
427 2291 538 2325 penitus
554 2291 594 2319 illi
616 2297 760 2320 consertus
776 2301 808 2321 ac
830 2294 958 2322 counitus
972 2299 1043 2328 erat,

255 2335 314 2362 tum
329 2343 446 2371 corpore
461 2335 593 2365 indivisas
603 2345 665 2365 cum
678 2338 725 2366 illo
738 2347 830 2366 moras
842 2340 985 2373 trahebat;
1001 2348 1044 2368 sa-

255 2380 422 2416 pientiaeque
435 2386 463 2408 et
477 2382 631 2417 prudentiae
655 2389 738 2418 atque
758 2385 853 2419 gratiae
871 2385 1046 2414 sermonibus

254 2432 350 2454 aurem
374 2427 459 2462 probe
484 2428 681 2464 intelligentem
707 2430 852 2464 adhibens,
881 2431 943 2466 ejus
965 2431 1044 2460 chori

254 2472 412 2508 principum
436 2480 469 2502 ea
484 2478 563 2508 parte
583 2474 650 2502 nulli
671 2475 810 2503 secundus
833 2479 903 2508 erat,
927 2475 1045 2511 ﬁdeique

254 2517 388 2552 operibus
406 2525 438 2546 ac
454 2518 609 2546 dilectionis
636 2520 692 2554 pari
710 2520 764 2547 illis
781 2520 864 2547 modo
887 2520 929 2547 vir
951 2520 1041 2547 admi-

253 2563 358 2591 randus
373 2563 522 2598 perfectus,
535 2564 581 2599 qui
599 2565 677 2592 fieret
693 2570 723 2592 ut
744 2566 772 2592 in
795 2573 953 2600 supremam
970 2566 1043 2593 anti-

252 2608 471 2644 quissimamque
497 2610 684 2644 apostolorum
703 2611 819 2640 classem
838 2612 962 2647 cooptari
989 2619 1042 2640 non

252 2654 427 2681 mereretur?

288 2699 437 2735 Postquam
453 2699 527 2727 enim
559 2699 679 2735 legitima
709 2701 748 2728 illi
778 2703 954 2730 contubernii
981 2711 1045 2731 cum

249 2739 363 2773 Christo
380 2744 559 2780 indivisaque
580 2745 735 2774 sedulitatis
750 2747 820 2774 ratio
832 2747 952 2775 ineunda
966 2753 1046 2783 erat,

290 2822 311 2837 ³³
330 2823 408 2850 Joau.
426 2832 470 2858 xv,
488 2826 512 2852 l.
549 2824 571 2840 ⁵⁸
590 2825 686 2852 Matth.
715 2833 740 2852 νι
755 2844 762 2858 ,
786 2825 831 2852 24.

1105 1657 1244 1691 εγνωκὼς,
1260 1658 1475 1692 καταδράττεται
1490 1657 1586 1684 τούτου
1603 1657 1721 1685 διαθέσει
1735 1651 1835 1694 ᾦῦχῆςν
1847 1659 1894 1687 καὶ

1101 1703 1277 1738 ἁδιατμήτως
1293 1703 1506 1738 προσκολλᾶται.

1144 1749 1215 1776 Ἀλλ’
1233 1750 1264 1776 οὐ
1278 1749 1415 1784 πνεύματι
1436 1749 1485 1784 μὲν
1498 1749 1546 1776 καὶ
1561 1750 1602 1777 νοτ
1614 1750 1653 1785 τῷ
1667 1749 1815 1784 κεκληκότι
1831 1758 1895 1776 συν-

1101 1795 1212 1830 εφύετο,
1252 1795 1291 1830 τῷ
1318 1794 1426 1830 σώματι
1443 1795 1472 1822 δὲ
1496 1795 1644 1831 διῃρῆσθαι
1668 1796 1765 1822 τούτου
1782 1795 1894 1823 κατεδέ-

1099 1850 1164 1877 χετο
1173 1849 1180 1858 ·
1196 1841 1251 1868 οὐδ’
1260 1841 1288 1867 ἐν
1301 1841 1378 1875 μέρει
1389 1841 1438 1876 μὲν
1452 1840 1490 1875 τῷ
1505 1841 1602 1876 κόσμῳ
1612 1842 1660 1869 καὶ
1675 1843 1736 1873 ταῖς
1748 1843 1895 1876 κοσμικαῖς

1101 1887 1259 1922 ἐπιθυμίαις
1286 1887 1334 1914 καὶ
1357 1886 1472 1921 τύρσαις
1493 1887 1679 1923 ἀπησχόλητο,
1696 1889 1725 1914 εν
1754 1888 1833 1923 μέρει
1862 1887 1892 1914 δὲ

1098 1933 1186 1968 τούτῳ
1202 1932 1319 1960 ἕπεσθαι
1337 1931 1405 1968 (pe-to
1423 1931 1489 1963 δεῖν,
1513 1932 1574 1960 δυσὶ
1587 1933 1693 1968 κυρίοις
1713 1932 1892 1960 δεδουλῶσθαι

1099 1979 1257 2006 ἀνένδεκτόν
1279 1977 1359 2010 είδὼς
1377 1977 1407 2004 δν
1418 1986 1425 1994 ⁸
1445 1978 1501 2005 οὐδ’
1511 1978 1553 2005 ἑνὶ
1567 1979 1617 2013 μὲν
1634 1979 1680 2005 καὶ
1695 1978 1733 2014 τῷ
1748 1978 1824 2013 αὐτῷ
1844 1987 1893 2005 κα-

1097 2025 1229 2060 ταπειθὴς
1241 2023 1285 2060 ἦν,
1295 2024 1356 2051 καθ’
1365 2024 1413 2051 ἕνα
1421 2024 1449 2051 δὲ
1462 2025 1564 2059 τρόπον
1577 2025 1717 2060 αὔταρκες
1730 2024 1892 2059 εὐαρεστεῖν

1098 2072 1202 2106 ἠγεῖτο,
1213 2071 1229 2106 ἢ
1239 2071 1312 2106 λόγῳ
1323 2070 1450 2105 πράξεως
1465 2070 1626 2106 ἀμοιροῦντι
1647 2070 1748 2103 δεξιᾶς,
1762 2070 1779 2105 ῆ
1793 2070 1891 2105 πράξει

1098 2117 1146 2143 τοῦ
1170 2117 1226 2144 τῶν
1253 2116 1339 2150 λόγων
1355 2116 1507 2151 λειπομένη
1520 2114 1608 2149 φωτός
1623 2122 1631 2130 ·
1658 2113 1719 2140 κατ’
1753 2114 1837 2148 ἄμφω
1861 2114 1892 2141 δὲ

1097 2162 1157 2189 λίαν
1165 2161 1284 2196 εὐφυῶς,
1295 2162 1342 2188 καὶ
1353 2161 1422 2196 πρὸς
1436 2160 1481 2187 τὸν
1496 2159 1658 2186 διδάσκαλον
1671 2159 1812 2194 ἁρμοδίως
1826 2160 1890 2187 δια-

1097 2207 1235 2242 κείμενος,
1251 2205 1300 2232 καὶ
1313 2205 1450 2240 πνεύματι
1469 2204 1528 2236 ὅλος
1543 2203 1576 2230 δι’
1586 2203 1648 2230 ὅλου
1669 2203 1845 2239 συνήρμοστό
1859 2213 1891 2231 τι

1097 2252 1145 2279 καὶ
1159 2252 1306 2286 συνήνωτο,
1337 2251 1384 2276 καὶ
1409 2249 1517 2284 σώματι
1534 2249 1748 2276 ἀναπόσπαστον
1768 2249 1818 2285 τὴν
1831 2251 1891 2285 μετ’

1097 2297 1181 2325 αὐτοῦ
1193 2297 1327 2332 πεποίηκε
1338 2296 1492 2332 διατριθὴνο
1509 2295 1557 2323 καὶ
1567 2295 1659 2330 λόγοις
1672 2296 1722 2331 μὲν
1729 2296 1826 2330 σοφίας
1842 2297 1890 2323 καὶ

1098 2344 1233 2376 συνέσεως
1252 2343 1301 2370 καὶ
1321 2343 1432 2378 χάριτος
1443 2341 1587 2369 εὐσύνετον
1601 2341 1648 2374 οὓς
1660 2343 1888 2378 παρατιθέμενος,

1097 2391 1205 2422 οὐδενδς
1218 2390 1289 2418 κατὰ
1300 2390 1385 2418 ταῦτα
1398 2390 1451 2417 τῶν
1465 2389 1622 2424 κορυφαίων
1637 2389 1802 2418 ἀπελείπετο
1817 2398 1826 2406 θ
1843 2390 1892 2416 καὶ

1098 2437 1192 2472 ἔργοις
1216 2437 1244 2463 δὲ
1261 2437 1382 2468 πίστεως
1393 2436 1442 2463 καὶ
1461 2436 1629 2472 ἀγαπήσεως
1654 2436 1756 2471 ὁμοίως
1773 2436 1891 2467 ἐκείνοις

1098 2484 1113 2509 ό
1136 2483 1289 2518 θαυμάσιος
1317 2483 1548 2518 κατηρτισμένος,
1563 2482 1623 2514 πῶς
1646 2483 1696 2509 οὐκ
1707 2482 1819 2518 ἔμελλεν
1840 2482 1890 2517 τῆς
1947 2485 1950 2487 ‘

1095 2528 1226 2555 ἀνωτάτω
1247 2528 1294 2555 καὶ
1316 2528 1507 2564 πρεσϐυτάτης
1530 2529 1585 2556 τῶν
1610 2528 1768 2556 ἀποστόλων
1786 2527 1891 2560 τάξεως

1097 2572 1284 2608 κατηξιῶσθαι
1297 2581 1304 2605 ;

1143 2703 1253 2738 Ἐπειδὴ
1281 2702 1335 2738 γὰρ
1363 2703 1479 2738 νόμιμον
1503 2703 1558 2730 ἔδει
1582 2702 1669 2738 τούτῳ
1689 2701 1818 2737 γενέσθαι
1839 2701 1889 2736 1ιμίίν

1103 2749 1173 2784 μετὰ
1182 2749 1230 2776 τοῦ
1244 2749 1362 2786 Χριστοῦ
1383 2748 1526 2785 διατριϐήν
1539 2757 1546 2765 ·
1574 2749 1656 2785 νόμος
1675 2749 1704 2777 δὲ
1725 2747 1888 2785 μαθητειςς.

287 2888 495 2924 (ἰωλιοιιεευε
510 2894 586 2929 quasi
606 2895 703 2927 doctor,
727 2894 790 2928 dux,
805 2895 881 2923 vcrb.
900 2886 968 2933 ινῖπκ
988 2896 1076 2923 didicit
1092 2889 1148 2936 ηῆκ
