2072 3160
209 162 261 194 153

576 167 716 199 ORATIO
734 169 816 200 VIII.
835 171 919 201 -ΙΝ
939 170 1095 203 LAUDEM
1111 173 1141 204 S.
1164 173 1294 205 JACOBI
1313 175 1476 207 ALPHAZI.

1793 177 1844 209 1:34

207 217 391 265 ἀπαρνεῖσθαι
415 219 466 253 μὲν
491 221 581 247 πᾶσαν
602 216 652 258 τὴν
674 225 870 259 παρεπομένην
894 225 993 257 ἔξωθεν

1051 227 1174 263 liscipuli
1188 237 1254 257 vero
1277 230 1320 257 lex
1340 229 1512 263 habebatur,‘
1523 236 1632 257 omnem
1644 237 1704 265 qua:
1721 231 1844 262 exterius

208 259 369 299 πέριουσίαν
383 274 390 280 ·
419 266 602 301 ἀπαρνεῖσθαι
626 268 655 295 δὲ
673 270 719 295 καὶ
736 271 826 297 πᾶσαν
851 271 901 306 τὴν
927 273 997 299 κατὰ

209 309 299 344 σάρκα
315 310 446 344 φιλότητα
471 312 518 338 τοῦ
538 314 688 347 συγγενοῦς
706 323 714 330 ο
734 316 803 350 πρὸς
816 316 855 349 δὲ,
877 318 924 344 καὶ
947 318 995 345 τοῦ

211 355 311 382 οἰκείου
323 355 476 391 θελήματος
494 358 730 395 ἀπηλλοτριῶσθαι
751 362 801 396 τῆς
825 363 924 398 ψυχῆς.
941 363 998 390 Μό-

209 400 251 431 λις
261 401 315 436 γὰρ
332 401 364 427 ἂν
374 401 446 428 οὕτω
467 403 597 430 δύνασθαι
613 407 720 441 συχνοῖς
742 406 783 434 ὃτι
801 407 920 442 μάλιστα
948 409 997 436 πό-

209 454 274 490 νοις,
290 446 338 473 καὶ
349 447 449 483 γνησίᾳ
460 450 493 483 τῇ
511 450 565 476 τῶν
575 450 659 478 θείων
676 451 776 488 μελέτῃ
789 453 837 479 καὶ
854 454 999 490 φιλοπονίᾳ

205 488 246 526 τῷ
272 492 369 527 ἀγαθῷ
385 492 433 519 τοῦ
456 493 524 521 Θεοῦ
553 495 687 531 θελήματι
713 498 855 532 σχολάσαι,
887 501 935 526 καὶ
968 488 997 526 ὲν

205 537 280 571 αὐτῷ
293 538 508 573 κατορθωθῆναι,
522 541 569 567 καὶ
586 541 626 576 τῷ
638 543 852 580 ὲπιθυμουμένῳ
869 546 919 580 τῆς
940 545 995 571 τῶν

203 581 329 616 οὐρανῶν
344 581 483 616 βασιλείας
497 583 531 610 δι’
546 585 630 612 αὑτοῦ
651 587 834 622 προσορμίσαι
860 591 998 623 καταντή-

205 634 282 661 ματι.
316 627 425 663 Ἐπειδὴ
445 626 492 655 οὖν
505 629 600 657 τοῦτον
616 628 685 658 εἶναι
702 632 747 658 τὸν
758 633 839 666 νόμον
853 633 899 660 τοῦ
914 634 996 660 πνεύ-

206 680 292 706 ματος
310 674 324 699 ὁ
349 673 421 705 θεῖος
442 674 570 707 Ἰάκωϐος
592 676 660 712 πρὸς
677 677 762 712 αὐτῆς
788 679 927 713 ἑπακήκοε
950 680 999 714 τῆς

204 717 345 752 ἀληθείας,
358 719 409 745 οὐκ
425 719 595 756 ἀπεκναίσθη
610 722 659 756 τὴν
671 723 756 758 ἀκοήν
769 731 776 738 ·
794 724 844 750 οὐκ
860 724 997 760 ἐϐαρύνθη

204 763 254 795 τὴν
267 763 381 799 καρδίαν
393 772 400 780 ι
423 764 453 791 οὐ
467 765 534 799 πρὸς
547 766 576 792 rb
591 766 657 800 ὕψος
670 767 803 802 ἰλιγγίασε
816 768 866 802 τῆς
878 769 997 803 ἐντολῆς·

204 807 318 843 ἑμφῦτῳ
331 808 361 835 δὲ
378 808 453 844 τιόοῳ
475 811 543 846 πρὸς
562 813 610 838 τὸν
624 813 813 848 ἐντελλόμενον
824 813 859 840 τὰ
878 815 999 850 σωτήρια

204 853 412 888 ἀναπτερωθεὶς
424 853 563 886 ἐξίσταται
583 855 632 890 μὲν
644 856 724 888 εὐθὺς
742 856 842 888 παντὸς
857 858 1000 892 κτήματος

205 898 253 924 καὶ
279 899 432 934 χρήματος,
460 899 510 926 ὅσα
525 888 615 937 τούτῳ
652 901 757 937 προσῆν
773 909 780 916 ·
807 888 947 934 ἐξίσταται
970 888 999 928 δὲ
1015 888 1035 916 Β

203 943 322 976 οἰκείων,
351 945 463 978 γονέων,
487 946 622 981 ἀδελφῶν,
654 947 804 982 συγγενῶν,
832 948 928 982 φίλων,
951 948 1000 974 καὶ

204 990 313 1018 πάντων
327 991 386 1018 ὅσοι
395 991 482 1027 τούτῳ
499 993 570 1019 κατὰ
587 992 666 1028 σῶμα
680 994 865 1029 προσήκοντες
877 1003 883 1010 ·
898 995 945 1021 καὶ
952 996 1001 1021 τέ-

203 1035 259 1068 λος,
274 1036 325 1071 τὴν
341 1036 410 1063 ίδίαν
432 1037 628 1072 ἀπηρνημένος
642 1037 741 1074 ψυχὴν,
759 1038 807 1065 καὶ
830 1039 930 1071 παντὸς
947 1048 999 1074 χα-

205 1081 340 1116 μαιζήλου
369 1081 417 1108 καὶ
446 1081 543 1114 πεζίου
575 1083 729 1119 θελήματος
760 1074 1000 1120 ἀλλοτριούμενος,

205 1126 289 1162 μόνον
305 1126 419 1153 ἀνέπνει
443 1127 489 1156 τὸν
515 1127 630 1161 Ἰησοῦν,
659 1129 740 1163 μόνον
752 1128 800 1164 ἔζη
821 1128 866 1156 τὸν
885 1129 1000 1164 Ἰησοῦν.

206 1172 279 1209 Πρὸς
293 1172 412 1208 Χριστὸν
438 1173 517 1208 μόνον
532 1174 693 1209 ἀπῃώρητο,
721 1174 789 1209 πρὸς
808 1174 925 1210 Χριστὸν
950 1175 998 1201 ἀν-

207 1218 328 1245 ετείνετο
339 1219 385 1245 τὸν
397 1218 470 1247 νοῦν.
483 1219 564 1251 Ὀλος
584 1220 758 1255 ἐπέστραπτο
776 1220 844 1255 πρὸς
868 1221 1002 1256 Χριστόν·

203 1263 288 1292 αὐτοῦ
303 1264 364 1296 ὅλος
377 1262 422 1300 ἦν,
434 1265 481 1292 καὶ
497 1265 545 1300 οὐχ
559 1265 666 1292 ἑαυτοῦ.
682 1266 767 1293 Αὑτὸν
782 1263 838 1301 εἶχε
850 1266 924 1299 Θεὸν,
948 1266 1004 1293 Κύ-

205 1318 276 1343 ριον,
292 1309 465 1342 διδάσκαλον,
491 1310 612 1345 βασιλέα,
632 1311 760 1346 ποιμένα,
773 1311 894 1346 Πατέρα,
906 1311 1000 1345 Σωτῆ-

205 1364 242 1390 ρα
266 1355 315 1383 καὶ
340 1355 528 1391 καθηγεμόνα.
557 1357 644 1384 Δύτδν
663 1357 713 1392 τῆς
738 1357 842 1389 οἰκείας
868 1357 1002 1384 ἐπίστευε

203 1402 295 1437 ψυχῆς
311 1400 383 1428 εἶναι
402 1402 461 1436 ᾳῶς
477 1403 525 1429 καὶ
536 1402 619 1438 ζωὴν,
636 1403 772 1438 ἁγιασμδν
786 1403 834 1430 καὶ
847 1403 1006 1440 ἀπολύτρω-

203 1456 256 1480 σιν,
277 1449 415 1483 σωτηρίαν
434 1448 482 1475 καὶ
494 1448 646 1476 δικαίωσιν.
669 1449 757 1476 Λύτδν
781 1447 854 1484 εἶχεν
881 1450 1007 1482 ἐξουσίαν

205 1493 253 1519 καὶ
269 1493 392 1528 κεφαλήν
408 1502 415 1509 ”
431 1493 492 1520 ὅθεν
507 1493 557 1520 καὶ
571 1495 594 1520 οί
614 1494 749 1530 ὀφθαλμοὶ
774 1496 857 1522 αὐτοῦ
874 1496 1005 1531 διηνεκῶς

1053 281 1146 301 comes
1155 275 1229 301 venit
1240 274 1376 310 abnegare
1390 275 1527 302 bonorum
1537 275 1663 310 copiam;
1678 283 1844 311 omnemque
1861 274 1866 280 ’

1053 327 1149 347 eorum
1158 320 1205 354 qui
1212 320 1353 355 sanguinis
1360 321 1563 348 necessitudine
1569 321 1709 355 conjuncti
1717 326 1790 354 sunt,
1799 322 1844 350 ab-

1055 372 1155 400 negare
1167 365 1332 398 amicitiam;
1347 365 1380 392 ad
1398 366 1456 393 haec
1470 374 1535 393 vero
1551 367 1637 401 ipsam
1654 366 1737 394 etiam
1756 367 1840 394 animi

1053 410 1193 445 propriam
1209 411 1338 438 abdicare
1357 411 1538 439 voluntatem.
1555 412 1601 440 Sic
1614 412 1687 439 enim
1700 413 1745 440 vix
1759 421 1841 447 quam

1054 456 1173 484 maxime
1195 456 1302 484 crebris
1321 456 1473 488 laboribus,
1489 465 1608 491 veraque
1625 465 1715 484 rerum
1737 458 1844 485 divina-

1053 507 1115 527 rum
1130 500 1308 527 meditatione
1320 507 1353 527 ac
1364 500 1468 532 studio,
1484 500 1530 527 Dei
1544 508 1625 535 posse
1636 508 1732 528 vacare
1747 501 1844 528 volun-

1053 546 1113 578 tati,
1133 546 1215 580 inque
1236 553 1268 573 ea
1292 546 1365 574 felici
1384 546 1459 573 exitu
1485 547 1601 580 enitere,
1623 554 1654 574 ac
1683 546 1842 574 desiderato

1053 596 1170 616 occursu
1196 589 1328 617 caelorum
1353 597 1468 625 regnum
1488 590 1626 617 obtinere.
1655 590 1730 618 Ilanc
1751 592 1844 625 itaque

1054 634 1174 670 Spiritus
1197 635 1285 670 legem
1310 634 1422 662 divinus
1449 635 1569 663 Iacobus
1584 644 1617 663 ex
1641 635 1699 670 ipsa
1727 640 1844 663 veritate

1054 688 1116 708 cum
1134 681 1267 713 audisset,
1285 689 1339 708 non
1357 681 1452 709 auditu
1469 682 1601 715 offensus,
1618 690 1671 708 non
1690 681 1773 709 corde
1784 689 1845 715 gra-

1053 731 1135 754 vatus
1148 731 1201 760 est,
1220 735 1274 754 non
1294 728 1416 755 mandati
1432 727 1602 754 sublimitate
1620 727 1714 754 animo
1734 727 1772 754 illi
1787 727 1829 754 lue

1054 777 1132 800 rente
1158 773 1318 807 perculsus;
1347 773 1413 808 quin
1439 773 1533 800 innato
1556 772 1696 800 desiderio
1722 772 1749 799 in
1779 780 1843 799 eum

1055 818 1217 853 praevolans,
1231 819 1277 853 qui
1294 827 1327 846 ea
1349 827 1410 854 qua:
1429 818 1525 846 salutis
1539 822 1640 851 essent,
1657 817 1845 853 pra-cipiebat,

1052 872 1066 891 a
1082 865 1189 891 cunctis
1204 866 1295 892 statim
1317 874 1378 899 qua:
1393 865 1420 892 in
1436 873 1520 892 censu
1544 872 1576 892 ac
1591 868 1734 891 numerato
1754 868 1843 895 erant.

1050 910 1173 937 abscedit
1186 919 1193 938 :
1208 919 1223 938 a
1237 911 1412 942 necessariis.
1434 910 1605 945 parentibus,
1634 910 1774 942 fratribus,
1796 917 1843 935 eo-

1051 955 1150 990 gnatis.
1166 956 1263 984 amicis
1289 958 1451 991 cunctisque
1466 956 1520 983 illis
1539 956 1585 991 qui
1607 963 1640 983 ex
1661 963 1761 990 genere
1776 963 1844 989 quo-

1049 1000 1092 1027 vis
1108 1001 1190 1028 modo
1206 1002 1282 1028 illum
1305 1002 1513 1037 contingebant,
1532 1009 1591 1028 sese
1614 1001 1739 1036 ahjungit
1757 1009 1763 1027 :
1785 1001 1843 1034 ipsa

1049 1051 1190 1081 postremo
1204 1047 1293 1074 anima
1311 1048 1455 1083 abnegata,
1472 1048 1604 1083 omnique
1617 1047 1714 1074 humili
1730 1055 1762 1073 ac
1778 1055 1843 1074 ver-

1049 1095 1131 1126 gente
1146 1091 1274 1119 abdicata
1290 1092 1444 1126 voluntate,
1462 1092 1575 1120 unicum
1598 1092 1692 1120 Jesum
1708 1091 1843 1127 spirabat,

1049 1137 1144 1165 Iesum
1158 1138 1270 1165 unicum
1282 1138 1410 1172 vivebat;
1427 1138 1455 1165 in
1472 1146 1556 1165 unum
1570 1138 1712 1166 Christum
1727 1145 1844 1172 suspen-

1050 1191 1109 1217 sus,
1121 1189 1212 1212 mente
1225 1184 1252 1211 in
1266 1183 1407 1212 Christum
1422 1183 1556 1216 intentus,
1572 1188 1646 1211 totus
1660 1184 1687 1210 in
1702 1182 1843 1210 Christum

1051 1237 1203 1257 conversus
1224 1234 1285 1257 erat
1302 1238 1308 1256 :
1326 1229 1400 1257 illius
1423 1234 1514 1262 totus,
1532 1237 1588 1257 non
1611 1229 1654 1256 sui
1677 1229 1735 1264 ipse
1761 1233 1845 1256 erat:

1051 1274 1143 1310 ipsum
1164 1275 1251 1302 Deum
1266 1275 1423 1307 Dominum,
1446 1275 1618 1310 magistrum,
1636 1281 1737 1310 regem,
1755 1277 1845 1309 pasto-

1052 1328 1121 1352 rem,
1140 1320 1260 1352 Patrem.
1274 1320 1445 1348 Salvatorem
1455 1328 1487 1348 ac
1500 1325 1697 1356 praeceptorem
1713 1319 1845 1348 habebat.

1053 1366 1114 1394 Suae
1132 1374 1197 1393 eum
1213 1366 1344 1393 credebat
1358 1366 1457 1393 anima;
1471 1366 1560 1393 lucem
1578 1373 1610 1392 ac
1631 1365 1726 1395 vitam.
1743 1364 1845 1392 sancti-

1053 1411 1208 1439 ticationem
1224 1419 1258 1438 ac
1273 1411 1505 1447 redemptionem,
1520 1411 1636 1438 salutem
1659 1418 1690 1438 ac
1707 1409 1845 1446 iustifica-

1055 1458 1168 1485 tionem.
1189 1457 1280 1492 Ipsum
1294 1462 1458 1493 potestatem
1471 1461 1499 1484 et
1513 1461 1598 1491 caput
1611 1456 1750 1488 habebat;
1773 1456 1845 1484 unde

1053 1502 1135 1529 etiam
1156 1502 1183 1529 in
1204 1509 1237 1530 eo
1257 1502 1361 1537 jugiter
1380 1501 1467 1537 ipsius
1484 1501 1558 1528 oculi
1581 1506 1660 1528 erant
1673 1502 1695 1517 "
1713 1510 1719 1528 :
1744 1501 1845 1528 mentis

201 1539 232 1565 ἑν
257 1538 342 1575 αὐτῷ.
372 1539 484 1575 Νοερῶς
510 1540 564 1576 γὰρ
593 1540 675 1567 αὑτὸν
695 1541 741 1567 καὶ
772 1541 950 1574 ἀδιαλείπτως
965 1543 999 1569 ὲν-

1058 1549 1131 1576 enim
1147 1548 1293 1583 prmsentia
1315 1547 1517 1580 indesinenter,
1541 1552 1570 1575 ut
1593 1548 1621 1575 in
1643 1547 1765 1582 speculo,
1781 1555 1845 1574 cum

201 1584 365 1620 ωπτρίζετο.
377 1585 463 1612 Τοῦτο
473 1585 526 1622 γὰρ
537 1584 615 1622 οἴμαι
640 1587 687 1614 καὶ
715 1588 761 1614 τὸν
786 1588 1001 1624 Ἐκκλησιαστὴν

200 1633 383 1668 παραδηλοῦν,
416 1633 470 1660 τοῦ
499 1635 609 1669 σοφοῦ,
627 1634 761 1669 λέγοντα,
786 1636 858 1669 τοὺς
890 1637 999 1670 ὀφθαλ-

198 1679 276 1714 μοὺς
300 1677 377 1707 εἶναι
409 1680 444 1706 ἐν
472 1679 510 1714 τῇ
541 1681 635 1708 αὐτοῦ
650 1681 786 1716 κεφαλῇ,
807 1682 862 1708 τὸν
883 1681 1000 1717 ἄφρονα

200 1725 236 1752 δὲ
257 1726 439 1759 πορεύεσθαι
469 1726 504 1752 ἐν
527 1727 639 1754 σκότει.

236 1771 343 1799 Ὠσπερ
357 1769 404 1797 οὖν
418 1771 472 1797 τῶν
487 1772 622 1806 σωμάτων
638 1773 672 1800 τὰ
700 1772 912 1807 διαφανέστατα,
945 1773 994 1800 ὅλα

203 1815 238 1842 δι’
252 1815 314 1842 ὅλου
341 1815 392 1850 τῆς
413 1816 528 1851 ἡλιακῆς
555 1817 674 1849 ἀκτῖνος,
696 1817 765 1844 αὐτὰ
779 1825 808 1843 τε
824 1817 894 1843 κατὰ
918 1817 999 1852 βάθος

200 1860 389 1895 πληρούμενα,
400 1860 448 1887 καὶ
460 1862 516 1892 τοῖς
530 1860 645 1895 πλησίον
672 1860 905 1896 μεταδιδοῦσι”τοῦ
914 1870 998 1896 φωτι-

202 1905 284 1941 σμοῦ,
298 1905 370 1933 οὕτω
383 1907 427 1933 aut
436 1906 526 1940 αὐτὸς,
537 1903 559 1933 ὦ
572 1907 685 1939 θεόπτα,
698 1908 758 1939 ταῖς
772 1908 862 1934 ἀκτῖσι
877 1907 924 1934 τοῦ
936 1916 999 1943 νοηο

200 1951 248 1978 τοῦ
258 1951 309 1986 τῆς
316 1952 490 1988 δικαιοσύνης
505 1952 595 1979 Ἡλίου
608 1953 814 1989 προσεσχηκὼς,
831 1953 877 1980 καὶ
888 1953 938 1988 τῆς
954 1954 1000 1980 αὒ-

200 1997 248 2024 τοῦ
259 1997 370 2033 χάριτος
391 1997 452 2029 ὅλος
477 1998 511 2024 δι’
528 1998 588 2025 ὅλου
612 1998 753 2033 πλησθεὶς,
768 1999 816 2025 καὶ
830 1999 997 2035 διειδεστάτῃ

199 2042 305 2079 διανοίᾳ
339 2043 412 2070 κατὰ
447 2043 529 2078 βάθος
543 2063 551 2076 ,
583 2044 643 2071 ὅλον
669 2045 700 2071 τὸ
722 2044 866 2080 θεαρχικὸν
896 2046 998 2080 φέγγος

201 2089 366 2123 σημειωθεὶς
375 2109 383 2121 ,
399 2089 446 2116 καὶ
459 2089 621 2125 αὐτόχρημα
630 2090 686 2124 φῶς
705 2090 779 2117 κατὰ
793 2090 902 2126 μέθεξιν
915 2092 997 2126 ὑπερ-

200 2134 258 2167 φυᾶ
273 2133 403 2167 γεγονὼς,
432 2135 515 2161 πᾶσιν
531 2134 620 2161 ἔθνεσι
640 2135 828 2171 ὲχρημάτισας
844 2136 995 2170 φωτισμός.

235 2178 333 2206 Τοίνυν
345 2179 489 2215 μακαρίζω
508 2188 556 2206 σου
571 2180 602 2207 τὸ
625 2180 717 2215 σῶμα,
728 2180 759 2207 τὸ
773 2180 845 2216 ἱερὸν
858 2181 991 2216 σκήνωμα

1055 1595 1248 1622 contuebatur.
1275 1595 1361 1630 quue
1384 1595 1473 1630 ipsum
1502 1595 1626 1622 arbitror
1651 1594 1845 1621 Ecclesiastem

1053 1641 1179 1671 innuere.
1192 1647 1255 1667 cum
1275 1639 1314 1667 ait
1330 1648 1336 1666 :
1350 1638 1482 1675 Sapientis
1495 1638 1563 1666 oculi
1576 1639 1602 1666 in
1616 1639 1703 1674 capite
1720 1639 1787 1673 ejus,
1803 1639 1845 1665 ἰη-

1052 1686 1149 1720 sipiens
1162 1690 1249 1712 autem
1265 1684 1384 1712 ambulat
1396 1685 1422 1711 in
1437 1684 1549 1711 tenebris
1567 1684 1602 1711 ".

1087 1771 1323 1805 Quemadmodum
1348 1771 1431 1808 igitur
1454 1780 1569 1807 cerpora
1592 1772 1672 1807 longe
1696 1771 1844 1806 pellucida,

1053 1822 1109 1845 tota
1131 1825 1244 1852 prorsus
1264 1818 1374 1853 altoque
1387 1818 1461 1850 sinu,
1479 1817 1562 1845 solari
1577 1817 1655 1844 radio
1669 1817 1760 1852 plena,
1775 1817 1845 1844 lucis

1051 1862 1173 1898 fulgores
1188 1864 1270 1891 etiam
1293 1863 1392 1891 vicinis
1415 1863 1601 1898 impartiunt:
1624 1863 1664 1890 sic
1690 1867 1718 1889 tu
1735 1870 1845 1898 quoque

1052 1911 1060 1943 (
1075 1909 1122 1936 Dei
1144 1908 1201 1943 ipse
1219 1909 1306 1936 oculis
1322 1909 1479 1944 inspector)
1496 1908 1749 1944 spiritalisjustitiae
1773 1908 1845 1935 Solis

1051 1955 1137 1982 radiis
1151 1963 1214 1982 cum
1230 1954 1403 1986 adhzesisses,
1417 1955 1532 1989 ejusque
1545 1958 1618 1981 totus
1631 1955 1716 1989 gratia
1733 1962 1844 1989 prorsus

1051 2000 1202 2031 confertus,
1226 1999 1472 2034 limpidissimaque
1494 2003 1585 2025 mente
1601 2002 1657 2025 toto
1678 1999 1731 2025 alte
1749 1998 1845 2025 divino

1049 2045 1155 2079 fulgore
1179 2045 1319 2076 imbutus,
1343 2044 1444 2078 luxque
1469 2044 1580 2079 reipsa,
1605 2043 1703 2070 eximia
1727 2043 1844 2078 quadam

1051 2090 1261 2124 participatione
1277 2088 1394 2119 effectus
1408 2097 1500 2122 esses,
1516 2089 1622 2116 cunctis
1639 2089 1768 2124 gentibus
1783 2088 1831 2115 illu

1051 2135 1165 2162 minatio
1182 2135 1282 2162 audisti
1295 2155 1301 2162 .

1087 2181 1200 2208 Beatum
1231 2181 1322 2215 itaque
1350 2179 1469 2216 praedico
1496 2188 1604 2208 sacrum
1628 2186 1729 2214 corpus
1754 2183 1843 2212 tuum,

197 2226 293 2259 δόξης
306 2226 354 2252 τοῦ
378 2226 446 2252 Θεοῦ
461 2226 508 2253 καὶ
525 2226 650 2260 Πατρός,
667 2226 714 2252 καὶ
726 2226 902 2260 ἁγιότευκτον
915 2227 995 2260 ἁγια-

1051 2225 1095 2253 Dei
1108 2233 1140 2252 ac
1153 2225 1241 2252 Patris
1251 2226 1342 2261 glorite
1360 2226 1587 2259 tabernaculum;
1610 2226 1672 2253 Filii
1701 2233 1842 2253 sacrosan-

197 2271 311 2307 στήριον
326 2271 382 2306 (25)
398 2271 446 2298 τοῦ
470 2271 546 2304 Υίοῦ,
572 2271 619 2298 καὶ
637 2271 686 2298 τοῦ
703 2271 864 2306 Πνεύματος
879 2272 996 2307 δργανον

197 2317 384 2352 παναρμόνιον
410 2317 560 2349 καθεστώς.
590 2317 686 2352 ’Υμνῶ
714 2317 764 2353 τὴν
792 2317 899 2352 ψυχὴν,
926 2317 955 2344 ἐν
979 2315 997 2355 ᾗ

195 2362 344 2397 εὐδόκησεν
356 2362 371 2389 ὀ
386 2362 492 2398 Πατὴρ,
511 2363 544 2398 ἢν
569 2363 695 2398 ῄρέτισεν
720 2364 735 2390 ὸ
761 2363 916 2399 Μονογενὴς
929 2384 936 2396 ,
954 2363 997 2399 ἐφ’

196 2405 256 2443 ᾕτδ
276 2404 389 2443 Πνεῦμα
413 2409 445 2435 τὺ
471 2409 550 2443 ἅγιον
578 2409 742 2444 Θαυμαστῶς
767 2410 991 2438 ὲπανεπαῦσατο.

195 2451 307 2484 Δοξάζω
334 2453 380 2480 τὸν
396 2453 566 2487 πολύφωτον,
584 2453 630 2480 τδν
663 2454 823 2489 πανθέωρον
852 2454 923 2490 (20),
946 2455 993 2482 τὸν

198 2497 324 2533 οὐράνιον
334 2497 408 2525 νοῦν·
419 2498 465 2526 τὸν
474 2498 525 2534 τῆς
532 2499 748 2534 ὑπεραγνώστου
762 2500 809 2528 καὶ
820 2499 994 2536 ὑπερφανοῦς

235 2586 259 2602 ⁵⁴
277 2585 368 2614 ICor.
389 2593 422 2620 tt,
447 2587 490 2615 10.
528 2588 552 2605 ⁸⁷
573 2588 664 2616 Eecle.
689 2596 707 2616 ιι
721 2589 774 2622 ,H.
812 2589 836 2605 ⁸⁸
854 2589 954 2624 Ephes.
968 2597 988 2621 I,
1003 2590 1043 2618 17.

232 2677 289 2713 (9.5)
303 2675 511 2713 Ἀτιότευζιζον
523 2677 729 2711 ἀγιαστήριον.
743 2677 825 2711 Quasi
842 2679 988 2706 sanctitate

199 2711 359 2747 concretum
386 2719 419 2739 ac
437 2711 611 2744 fabricatum,
640 2717 785 2747 totumque
803 2719 942 2745 sanetum,
960 2721 993 2742 ac

199 2746 272 2782 quod
285 2746 445 2782 reddebam,
453 2751 654 2774 sacrosanctum
669 2746 870 2780 sanctuarium;
896 2749 993 2777 eadem

199 2781 287 2809 forma
313 2786 367 2813 est,
392 2781 560 2814 νεότευκτος,
587 2783 696 2809 recentis
725 2782 842 2816 [abi-im,
871 2788 900 2811 ct
917 2784 994 2811 simi-

199 2819 252 2877 ιαὰ
273 2816 320 2844 Sic
351 2816 464 2847 τευκτὸς
496 2816 615 2852 Hesych.
646 2822 674 2844 et
706 2817 788 2845 Suid.
819 2826 991 2846 κατασκευα-

208 2860 223 2876 σ
243 2861 279 2877 ιε.

208 2860 267 2882 στος
272 2871 279 2878 .

1050 2274 1125 2298 ctum
1143 2271 1330 2298 sanctuarium
1342 2271 1376 2304 η,
1389 2271 1509 2306 Spiritus
1530 2271 1616 2298 sancti
1633 2279 1764 2306 organum
1779 2278 1843 2298 con-

1050 2316 1249 2343 cinnissimum.
1271 2316 1365 2344 Laudo
1380 2316 1498 2343 animam
1515 2324 1547 2344 ac
1560 2324 1640 2349 cano,
1655 2315 1682 2343 in
1699 2323 1754 2351 qua
1769 2315 1842 2342 Patri

1051 2361 1226 2396 complacuit,
1238 2369 1319 2396 quam
1331 2361 1412 2397 elegit
1423 2361 1602 2396 Unigenitus;
1616 2361 1644 2388 in
1655 2369 1709 2396 qua
1722 2353 1843 2395 Spiritus

1052 2411 1163 2434 sanctus
1200 2407 1365 2434 mirabiliter
1395 2407 1540 2442 requievit.
1575 2407 1694 2435 Mentem
1729 2406 1843 2434 celebro

1053 2453 1169 2489 fulgoris
1182 2454 1261 2488 copia
1277 2454 1399 2489 undique
1412 2453 1543 2487 lucidam,
1559 2453 1651 2481 omnia
1664 2456 1842 2480 contnentem

1051 2504 1134 2535 atque
1164 2501 1303 2528 caelestem
1320 2509 1327 2528 :
1347 2500 1469 2528 animum
1497 2507 1581 2535 supra
1616 2507 1699 2535 quam
1730 2499 1843 2544 ignotae,

1044 2679 1365 2716 voees__compos_itioni_s,
1385 2682 1414 2716 et
1428 2677 1541 2716 quidem
1552 2677 1586 2716 d_e
1598 2680 1706 2716 mente,
1717 2682 1767 2716 seu
1777 2675 1839 2716 au}-

1047 2709 1296 2746 mo.dict:e.'Alias
1319 2709 1527 2748 ἰδ’πολύξρωτον
1553 2713 1588 2740 de
1611 2709 1789 2748 candelabro,
1809 2709 1837 2739 in

1046 2744 1102 2783 quo
1117 2748 1173 2776 sint
1188 2749 1283 2785 multae
1290 2749 1433 2785 lucernae.
1444 2744 1496 2785 ἐἰς
1508 2748 1599 2785 itaque
1616 2753 1694 2785 mens
1710 2744 1847 2779 πολύφω-,

1045 2781 1118 2820 τος,
1133 2784 1212 2820 quasi
1231 2784 1353 2820 undique
1380 2784 1462 2820 lucis_
1477 2781 1634 2820 fulgoribus
1649 2781 1764 2819 micans,
1779 2784 1838 2820 tota

1045 2817 1149 2850 lucida,
1173 2817 1380 2856 liincqurer’adeo
1397 2817 1566 2856 πανοέωρος,
1592 2817 1836 2856 perspicacissima

1044 2858 1199 2890 cunctaque
1213 2850 1380 2890 inielligens,
1394 2861 1457 2881 cum
1472 2850 1564 2879 omnia
1592 2850 1803 2879 ntanifestentur
1817 2858 1835 2877 ιι

241 2887 296 2920 (26)
312 2886 367 2914 Τὸν
383 2885 573 2922 πολύφαντον,
593 2887 645 2915 τὸν
657 2887 840 2922 πανθέωρον.
861 2888 937 2917 Nota:
949 2887 992 2916 ha:
1041 2888 1116 2916 lucc.
