2072 3160
225 162 278 196 155

222 225 389 254 omnemque
420 217 491 246 lueis
521 216 697 253 splendorem
725 216 862 244 vincentis
891 224 922 243 ac
949 215 1020 242 trine

223 265 342 293 lucentis
354 272 468 292 summa:
485 263 599 291 Deitatis
615 262 843 294 contubernalem
858 269 890 289 ac
908 267 1013 296 specta-

222 314 323 339 torem.
336 310 425 338 Tuum
440 314 585 343 praeterea,
597 314 639 337 ter
653 308 822 339 beatissime,
832 308 979 343 magnilleo
990 311 1019 334 et

222 355 308 383 adoro
317 360 347 383 et
362 357 530 390 complector
544 363 575 382 ac
586 355 676 381 saluto
689 353 818 388 spiritum
828 354 862 386 ",
876 353 950 388 quod
966 353 1019 380 Do-

227 402 304 428 mino
317 401 422 436 Spiritu
443 400 546 427 aﬂ'atim
570 399 699 434 repletus,
714 402 796 433 atque
811 399 839 425 in
855 407 888 425 eo
905 398 1019 434 mystice

226 451 350 479 renatus,
365 447 534 481 spiritusque
544 445 705 481 intelligens,
723 449 831 472 sanctus
847 452 896 479 pro
904 445 1018 480 gignen-

223 493 260 520 tis
269 492 448 520 similitudine
456 492 595 524 factus"',
605 492 631 518 in
642 492 701 526 ipso
710 491 798 526 ipsum
806 490 1020 525 supersubstan-

224 537 316 564 tialem
329 537 634 571 supersubstantialiter
648 535 795 572 agnovisti,
811 536 850 562 uti
865 539 893 562 et
908 535 1018 570 agnitus

222 590 253 610 es
265 583 287 598 ⁶⁰
301 591 308 609 :
324 590 367 615 ac,
383 590 436 617 qua
448 582 486 609 illi
496 582 700 609 necessitudine
716 582 883 616 eonjunctus
901 589 942 613 es,
954 579 1018 607 uni-

226 635 301 659 versa
322 635 528 662 supergressus,
552 627 711 661 mundoque
726 626 898 661 superiorem
917 630 1019 653 statum

222 676 400 704 consecutus,
413 671 563 706 divinoque
579 671 695 704 all‘atim,
711 671 788 698 nullo
802 671 903 703 medio,
924 670 1021 698 fruens

222 717 372 752 colloquio,
398 717 432 744 ad
448 717 571 744 divinam
588 723 788 752 paternamque
806 723 929 743 mensam
944 715 1021 743 velut

221 763 402 792 eharissimus
416 763 488 791 ﬁlius
503 764 641 791 admissus
653 771 683 791 es
695 763 741 795 ‘°‘,
750 771 812 790 cum
826 771 859 790 eo
868 763 915 798 qui
928 763 1019 798 primo

223 817 342 844 vereque
366 815 448 845 atque
476 815 575 839 natura
594 810 681 838 Filius
701 809 884 838 ebarissimus
902 813 955 842 est,
977 817 1020 837 re-

222 855 356 884 cumbens
371 856 406 883 “.

258 907 298 934 Ae
322 907 395 934 sicut
419 915 468 941 pro
490 914 533 939 ea,
553 914 615 942 quze
631 907 659 934 in
677 907 787 934 mortali
803 907 880 942 prius
898 914 1016 942 corpore

221 953 377 980 communis
397 959 460 980 cum
486 952 534 979 illo
557 953 621 980 vitae
640 953 710 980 ratio
731 961 814 988 super
835 957 935 980 terram
953 952 1016 985 fuit,

222 1006 391 1026 eonvescens
402 1019 410 1033 ,
427 999 452 1026 ei
468 999 675 1026 contubernalis
687 1019 694 1032 ,
711 999 843 1034 omnique
859 999 942 1027 modo
953 1007 1017 1026 cum

222 1045 268 1072 illo
294 1053 379 1081 agens
415 1053 583 1080 versansque
623 1053 655 1073 ac
687 1046 713 1073 ei
749 1045 893 1077 assiduus,
932 1045 1018 1073 subli-

222 1091 362 1127 miumque
379 1095 549 1119 secretorum
567 1091 667 1126 dignus
691 1091 815 1124 habitus,
845 1092 1014 1119 mirabilium

225 1145 338 1172 operum
353 1143 490 1172 spectator
505 1145 718 1173 sermmmmque
733 1146 765 1166 ac
779 1138 912 1166 doctrinze
928 1139 1017 1166 ﬁdeli-

221 1183 309 1211 simus
331 1184 452 1216 auditor,
479 1183 701 1219 probrorumque
725 1189 752 1212 et
769 1185 860 1212 crucis
883 1192 915 1212 ac
943 1184 1017 1211 salu-

222 1230 324 1257 tarium
345 1230 503 1265 passionum
517 1230 619 1259 socius.
637 1229 917 1265 ressurrcctionisque
933 1234 1016 1265 atque

222 1275 250 1303 in
262 1276 362 1303 uelum
370 1276 547 1311 receptionis,
556 1275 778 1310 divinissimique
787 1276 907 1311 Spiritus
919 1276 978 1312 pari
987 1284 1018 1304 ac

222 1323 318 1350 Petrus
333 1322 511 1357 Andreasque
534 1322 692 1350 aetonitrui
712 1322 774 1349 Filii
792 1329 907 1350 munere
929 1322 1017 1357 parti-

220 1377 286 1404 ceps
308 1368 438 1396 exstitisti
466 1377 473 1395 :
501 1368 542 1396 sic
569 1376 665 1396 rursus
690 1373 786 1403 postea
821 1373 882 1404 post
917 1368 1016 1403 longos

221 1414 361 1449 Evangelii
379 1414 499 1447 labores,
522 1415 668 1449 omnisque
693 1414 804 1449 generis
829 1415 972 1450 angustias
988 1418 1017 1442 et

220 1467 357 1488 mrumnas
370 1460 415 1492 "',
438 1464 500 1495 post
520 1465 594 1488 terra
617 1460 742 1496 marique
765 1460 899 1487 circuitus
919 1467 952 1487 ae
975 1460 1017 1495 ja-

220 1506 367 1537 ctationes,
378 1506 534 1533 Judazorum
541 1505 759 1541 persecutiones,
766 1505 888 1540 gentium
898 1506 1018 1534 insultus

221 1556 250 1578 ct
260 1552 404 1585 coitiones,
413 1551 539 1586 injurias,
550 1552 676 1583 verbera,
685 1551 887 1587 impiorumque
897 1552 1022 1579 omnium

221 1595 357 1622 insidias:
385 1600 447 1630 post
468 1596 588 1630 denique
618 1603 749 1627 crucem,
776 1595 837 1630 ejus
860 1595 947 1630 gratia
971 1595 1019 1630 qui

222 1640 283 1675 ipse
295 1645 374 1668 actus
385 1641 412 1668 in
425 1648 536 1669 crucem
547 1646 600 1673 est,
612 1645 691 1668 terrae
703 1641 814 1675 quidem
826 1640 853 1667 in
866 1641 1020 1668 sanctiﬁca-

221 1686 336 1718 tionem,
351 1686 523 1714 sanctiﬁcata
542 1694 658 1721 corpore
674 1686 818 1718 derelicto,
830 1693 846 1713 e
866 1690 941 1713 terra
953 1693 1019 1714 vero

222 1740 284 1759 eum
302 1732 388 1768 gloria
402 1732 563 1768 angelisque
575 1732 752 1767 stipantibus,
769 1732 867 1768 spiritu
882 1732 916 1759 ad
929 1732 1017 1760 Deum

222 1783 391 1813 assumptus,
406 1786 529 1813 pureque
539 1786 601 1805 cum
613 1778 730 1805 Domino
743 1783 801 1812 tuo,
812 1782 840 1805 et
852 1779 906 1806 Deo
918 1783 978 1810 tuo,
988 1782 1018 1806 et

223 1822 298 1858 [tege
316 1826 364 1850 tuo
376 1823 411 1859 (ο
440 1823 618 1851 beatitateml
636 1831 653 1851 ο
678 1823 902 1860 iucunditatem!
921 1825 929 1858 )
952 1831 1020 1852 ver-

223 1875 298 1901 sans,
315 1868 478 1897 immortalis
494 1869 632 1904 nullisque
652 1869 744 1896 verbis
753 1869 927 1905 explicabilis
937 1869 1020 1897 clari-

223 1914 288 1942 tatis
305 1922 428 1951 compos,
444 1920 576 1944 aeternam
588 1923 651 1944 cum
666 1915 713 1944 illo
729 1916 814 1943 vitam
831 1920 914 1952 atque
930 1916 1020 1944 hono-

223 1967 282 1988 rem
298 1960 415 1996 adeptus
430 1969 461 1989 es
473 1961 507 1989 ".

255 2041 279 2057 "
296 2041 317 2068 11
334 2040 398 2069 Cor.
417 2049 446 2069 ιιι
459 2063 466 2073 ,
490 2042 532 2069 17.
568 2042 601 2058 δ’·
617 2041 738 2074 Sap.vn,
753 2043 799 2070 25,

223 2077 257 2092 ⁶¹¹
275 2076 337 2104 Aet.
350 2084 370 2109 ι,
385 2077 413 2105 4,
451 2077 473 2092 ⁶¹
487 2077 567 2104 Joan.
581 2085 625 2109 xx,
646 2076 692 2105 28.

258 2146 314 2180 (27)
327 2143 536 2180 ’Υπερςριιντρῦς
544 2143 592 2170 καὶ
602 2142 762 2180 τριφανοῧς
774 2140 1019 2180 φξᾳρχίαςᾈηῄω

222 2176 282 2208 haec
305 2176 436 2215 'opposita
455 2179 505 2213 τῷ.
531 2176 757 2215 ὑπεραγνῴστου.
773 2176 913 2215 _Hinequ_e
943 2176 1013 2204 adeo

828 157 978 188 NlCET/E
997 155 1262 187 PAPIILAGONIS

844 2042 867 2059 ⁶⁰
877 2041 888 2070 Ι
898 2041 962 2071 Cor.
984 2049 1046 2075 xm,
1059 2041 1102 2070 l2.

1815 153 1867 187 156

1035 217 1057 244 Α
1070 223 1100 241 τε
1115 223 1162 241 και
1177 213 1324 250 τριφανοῦς
1338 213 1468 249 θεαρχίας
1483 213 1539 249 (27)
1551 211 1720 248 ὑψηλότατον
1733 211 1866 248 ὁμιλητὴν

1068 261 1116 288 καὶ
1132 260 1286 296 θεωρητὴν,
1301 259 1454 294 Μεγαλύνω
1465 267 1512 286 σου
1526 258 1595 294 πρὸς
1609 258 1725 290 τούτοις,
1745 255 1768 285 ὦ
1784 266 1864 294 τρισ-

1072 308 1287 344 μακαριώτατε,
1316 308 1364 334 καὶ
1398 306 1544 342 προσκυνῶ
1569 307 1617 333 καὶ
1646 306 1807 341 ἀσπάζομαι
1835 304 1866 332 τὺ

1069 355 1191 388 πνεῦμα,
1203 355 1244 381 ὅτι
1263 353 1311 381 τοῦ
1335 353 1438 388 Κυρίου
1451 353 1611 388 Πνεύματος
1625 352 1788 387 κατακόρως
1797 351 1864 379 ἁνα-

1071 400 1215 435 πλησθεὶς,
1230 401 1278 427 καὶ
1305 401 1335 427 ἐν
1351 399 1427 435 αὑτῷ
1457 399 1596 434 μυστικῶς
1617 398 1788 434 ἀνατεχοεὶς,
1818 398 1867 425 καὶ

1068 447 1179 483 πνεῦμα
1202 447 1309 482 νοερὸν
1323 447 1410 482 ἅγιον
1438 446 1511 473 κατὰ
1535 445 1585 481 τὴν
1599 445 1730 481 ὁμοίωσιν
1745 445 1792 472 τοῦ
1820 453 1867 479 γε·

1070 495 1237 529 γεννηκότος
1266 493 1461 528 γεγενημένος,
1487 493 1516 519 ἐν
1545 492 1621 527 αὐτῷ
1644 492 1690 518 τὸν
1703 491 1866 526 ὕπερούσιον

1068 539 1382 575 ὑπερουσίωςέπὲγνως,
1407 538 1499 570 καθὼς
1513 538 1561 565 καὶ
1590 537 1790 572 ἐπεγνώσθης·
1818 536 1866 563 καὶ

1068 588 1102 622 τῇ
1117 586 1185 622 πρὸς
1197 586 1278 612 αὑτὸν
1294 586 1455 621 οἰκειότητι,
1470 585 1525 612 τῶν
1533 585 1602 611 ὅλων
1615 583 1804 620 ὑπεραναὸὰς,
1819 583 1867 610 καὶ

1066 633 1118 668 τῆς
1134 631 1323 667 ὕπερκοσμίου
1340 631 1538 663 καταστάσεως
1552 629 1727 665 ἀξιούμενος,
1746 629 1793 655 καὶ
1814 629 1866 664 τῆς

1068 678 1219 714 Θεαρχικῆς
1254 677 1364 713 ὁμιλίας
1412 677 1523 713 ἀμέσως
1563 676 1779 712 ἐμφορούμενος,
1817 675 1867 710 τῆς

1068 724 1240 759 Δεσπθτικῆς
1257 723 1400 760 τραπέζης
1414 723 1453 756 ὼς
1476 723 1619 758 ἀγαπητὸς
1637 723 1702 754 Υἱὸς
1729 721 1867 756 “meo.

1069 772 1119 807 θης
1134 773 1181 799 καὶ
1199 771 1348 807 πατρικῆς,
1365 771 1434 806 μετὰ
1447 770 1495 797 τοῦ
1510 770 1626 804 πρώτως
1638 769 1685 797 καὶ
1698 769 1782 800 ὅντως
1798 769 1868 803 ἁγα-

1070 818 1160 854 πητοῦ
1177 817 1225 846 καὶ
1244 816 1329 852 φύσει
1345 816 1577 852 κατακλινόμενος
1591 815 1669 843 Υίοῦ.

1032 888 1056 915 Β
1106 907 1162 935 Καὶ
1177 906 1273 942 ὥσπερ
1292 905 1363 933 κατὰ
1389 905 1438 942 τὴν
1452 906 1481 933 ἐν
1505 905 1545 942 τῷ
1560 903 1652 940 θνητῷ
1674 903 1782 939 σώματι
1800 911 1867 931 συν-

1071 953 1246 989 αναστροφὴν
1263 952 1397 987 πρότερον
1422 952 1468 979 ἐπὶ
1483 953 1535 988 γῆς
1558 950 1778 986 συναλιζόμενος,
1804 958 1867 977 συν-

1071 998 1250 1034 διαιτώμενος
1266 995 1335 1035 (28),
1351 998 1397 1026 καὶ
1411 997 1502 1024 πάντα
1512 997 1614 1033 τρόπον
1628 996 1778 1031 συνδιάγων
1793 994 1868 1031 αὑτῷ

1071 1047 1118 1072 καὶ
1134 1045 1233 1078 συνὼν,
1260 1046 1308 1073 καὶ
1321 1045 1377 1073 τῶν
1402 1043 1514 1080 ὑψηλῶν
1535 1043 1695 1078 μυστηρίων
1719 1042 1866 1075 καταξιού-

1073 1099 1165 1126 μενος,
1181 1092 1236 1118 τῶν
1254 1092 1417 1128 θαυμασίων
1430 1090 1520 1126 ἔργων
1543 1087 1616 1125 ἦσθα
1643 1089 1794 1124 θεωρητὴς,
1820 1087 1868 1115 καὶ

1070 1137 1126 1164 τῶν
1137 1137 1225 1172 λόγων
1236 1137 1403 1168 ’πιστότατος
1415 1136 1563 1172 ἀκροατὴς,
1582 1135 1629 1162 καὶ
1640 1135 1694 1162 τῶν
1705 1133 1868 1169 ὀνειδισμῶν

1071 1184 1119 1210 καὶ
1140 1184 1186 1210 τοῦ
1204 1184 1323 1220 σταυροῦ
1336 1184 1382 1211 καὶ
1395 1182 1450 1209 τῶν
1465 1182 1610 1217 σωτηρίων
1623 1181 1717 1208 παθῶν
1726 1180 1866 1213 κοινωνὸς,

1071 1230 1184 1265 καὶτῆς
1199 1230 1374 1261 ἀναστάσεως
1399 1229 1445 1256 καὶ
1467 1228 1518 1263 τῆς
1546 1227 1718 1262 ἀναλήψεως,
1748 1226 1795 1253 καὶ
1819 1224 1867 1252 τοῦ

1071 1274 1293 1310 θεαρχικωτάτου
1309 1273 1469 1309 Πνεύματος
1498 1273 1611 1308 μέτοχος
1628 1273 1673 1298 ἴσα
1689 1271 1795 1306 Πέτρου
1820 1269 1868 1296 καὶ

1077 1321 1214 1357 Ἀνδρέου,
1230 1319 1342 1347 καὶτῶν
1356 1320 1407 1356 τῆς
1430 1319 1547 1355 βροντῆς
1563 1316 1775 1353 κεχρημάτικας
1789 1315 1866 1342 υἱῶν·

1069 1367 1157 1399 οὕτως
1173 1367 1287 1402 ὕστερον
1298 1366 1381 1393 πάλιν
1401 1365 1471 1401 μετὰ
1489 1367 1551 1396 τοὺς
1565 1363 1687 1398 μακροὺς
1698 1362 1768 1396 ὑπὲρ
1778 1361 1868 1395 Εὐαγ-

1071 1414 1163 1449 γελίου
1180 1413 1289 1447 πόνους,
1309 1412 1380 1448 μετὰ
1404 1411 1454 1443 τὰς
1480 1408 1656 1441 παντοδαπὰς
1671 1408 1791 1443 ἀγωνίας
1819 1408 1868 1434 καὶ

1069 1459 1258 1495 ταλαιπωρίας
1275 1478 1284 1492 ,
1315 1457 1385 1493 μετὰ
1397 1458 1448 1489 τὰς
1476 1456 1548 1484 κατὰ
1573 1457 1625 1491 γῆν
1654 1455 1701 1482 καὶ
1729 1454 1868 1481 θάλασσαν

1071 1504 1214 1539 περιόδους
1228 1502 1276 1529 καὶ
1291 1502 1453 1537 περιφορὰς,
1469 1501 1518 1532 τὰς
1531 1500 1586 1527 τῶν
1605 1498 1739 1525 Ἰουδαίων
1751 1497 1867 1532 διώξεις,

1036 1557 1058 1586 C
1074 1550 1124 1582 τὰς
1139 1549 1193 1577 τῶν
1216 1548 1301 1576 ἐθνῶν
1327 1548 1540 1580 ἐπαναστάσεις,
1567 1546 1617 1577 τὰς
1650 1543 1794 1580 ἐπηρείας,
1819 1543 1867 1575 τὰς

1073 1595 1176 1628 αἰκίας,
1193 1595 1242 1622 καὶ
1258 1595 1350 1626 πάσας
1363 1594 1419 1621 τῶν
1436 1593 1559 1620 εὐσεϐῶν
1573 1593 1624 1626 τὰς
1639 1591 1785 1622 ἐπιϐουλάς
1797 1598 1804 1605 ·
1820 1589 1867 1617 καὶ

1074 1643 1145 1678 μετὰ
1159 1643 1207 1669 τδν
1220 1642 1292 1677 ὺπέρ
1315 1641 1363 1669 τοῦ
1379 1640 1592 1677 ἐσταυρωμένον
1624 1639 1750 1676 σταυρὸν,
1773 1639 1806 1674 τῇ
1831 1638 1868 1673 γῇ

1074 1689 1123 1725 μὲν
1136 1688 1271 1725 άγιασμδν
1285 1688 1318 1715 τὺ
1332 1687 1505 1723 ἡγιασμένον
1521 1687 1603 1722 σῶμα
1618 1685 1715 1713 λιπών·
1732 1685 1771 1721 τῷ
1786 1684 1868 1711 πνεύ-

1073 1744 1142 1770 ματι
1164 1735 1193 1762 δὲ
1213 1734 1299 1770 γῆθεν
1317 1733 1497 1769 ἀναληφθεὶς,
1525 1734 1595 1769 μετὰ
1610 1732 1689 1768 δόξης
1716 1732 1764 1759 καὶ
1787 1731 1867 1766 δορυο

1071 1781 1169 1817 φορίας
1181 1779 1307 1815 ἀγγέλων
1336 1779 1405 1815 πρὸς
1419 1779 1466 1806 τὸν
1482 1778 1558 1812 Θεὸν,
1576 1779 1624 1805 καὶ
1642 1778 1802 1814 ἁκραιφνὼς
1829 1775 1868 1812 τῷ

1070 1827 1166 1863 Κυρίῳ
1179 1835 1227 1853 σου
1253 1826 1301 1853 καὶ
1326 1825 1387 1860 Θεῷ
1403 1833 1450 1851 σου
1479 1824 1528 1851 καὶ
1551 1825 1663 1851 Βασιλεῖ
1692 1832 1739 1850 σου
1758 1823 1792 1859 (ὣ
1818 1822 1867 1858 τῆς

1070 1872 1287 1908 μαχαριότητοςῑ
1300 1871 1324 1898 ὢ
1339 1872 1390 1907 τῆς
1407 1870 1620 1907 τερπνότητοςιι)
1635 1867 1866 1905 προσωμιληκὼς,

1067 1917 1118 1953 τῆς
1133 1916 1275 1953 ἀκηράτου
1299 1916 1349 1944 καὶ
1369 1915 1512 1951 ἀφράστου
1541 1915 1620 1951 δόξης
1644 1915 1732 1948 ἐντὸς,
1757 1914 1866 1950 καὶτῆς

1069 1962 1179 1990 αἰωνίου
1204 1961 1264 1998 μετ’
1288 1961 1373 1989 αὐτοῦ
1397 1961 1572 1998 κατηξιώθης
1596 1961 1669 1997 ζωῆς
1696 1961 1745 1989 καὶ
1773 1961 1866 1997 τιμῆς.

1149 2042 1184 2059 ω’
1206 2041 1275 2070 Luc.
1296 2042 1420 2076 xxu,30.
1463 2041 1485 2058 ⁶¹
1500 2041 1596 2069 Matth.
1621 2049 1663 2073 ιιι,
1683 2040 1735 2075 i7;
1763 2040 1866 2073 “11.5.

1071 2142 1167 2171 multis
1183 2143 1301 2172 fratrum
1317 2145 1370 2173 hae
1387 2148 1465 2180 parte
1481 2143 1645 2180 modestior,
1665 2152 1780 2179 quorum
1792 2145 1865 2174 nobis

1070 2179 1227 2215 auctoritas,
1251 2179 1351 2215 inquit,
1375 2179 1460 2215 pluris
1476 2187 1530 2215 esse
1546 2179 1620 2215 debet
1636 2187 1716 2214 quam
1737 2181 1865 2208 recentio~

223 2216 317 2259 Deitas
329 2212 552 2259 ὖξιεράγνῳστος,
564 2213 757 2259 occultissima
773 2212 1012 2259 igqolislsirnaque.
1028 2229 1054 2259 Ι)
1068 2221 1139 2259 runt,
1154 2214 1261 2259 Egastni
1273 2212 1390 2245 scilicet,
1402 2214 1503 2246 Grotii,
1515 2218 1571 2259 etc.
1589 2212 1759 2259 S‘ic‘quoque
1778 2215 1866 2243 inter-

223 2250 298 2284 quod
316 2246 565 2282 eximia'trinaque
585 2248 711 2275 claritate
726 2255 758 2274 ac
781 2246 941 2284 splendore,
958 2246 1014 2284 vini

223 2281 334 2312 omnem
346 2284 504 2313 intellectus
521 2281 605 2310 creati
631 2286 752 2317 superat,
770 2289 822 2309 nec
849 2282 931 2309 aliter
942 2281 1015 2317 quid

223 2324 266 2347 est
279 2319 343 2347 sciri
355 2323 456 2354 potest,
482 2326 565 2354 quam
583 2316 695 2354 inripso
718 2317 917 2354 ejus_lumine_,
933 2316 1016 2344 dante

224 2355 311 2389 ipsam
328 2351 479 2389 potentiam
490 2351 602 2380 videndi
617 2351 703 2380 Deum
719 2351 803 2389 quasi
810 2351 965 2389 formalem,
981 2358 1015 2378 ac

222 2386 389 2451 elev'ant'em,
411 2389 486 2424 quod
508 2388 536 2416 in
553 2393 679 2416 creatura
702 2386 824 2416 ra’dicale
843 2386 964 2414 activum
983 2393 1016 2414 ac

223 2430 279 2451 vita
290 2432 306 2451 e
319 2429 372 2451 est.

223 2429 306 2452 vitale
319 2429 372 2452 est.

260 2460 317 2495 (28)
332 2458 582 2494 Σιιναλιζόμενος,
607 2457 872 2495 συνδιαιτώμεζος.
889 2456 1012 2495 Alteram

223 2491 312 2523 altera
324 2502 392 2522 voce
404 2491 514 2522 Niceias
524 2491 634 2522 videtur
647 2491 797 2528 exponere.
811 2492 933 2526 Utraque
940 2491 1015 2519 enim

222 2535 252 2558 et
263 2530 505 2565 congregationem
531 2537 580 2557 seu
606 2527 833 2559 contubernium,
858 2535 891 2555 ac
920 2527 1018 2565 eonvi-

224 2569 299 2592 ctum
317 2562 548 2599 communemque
565 2571 687 2591 mensam
701 2567 791 2594 sonat,
810 2562 949 2599 quomodo
965 2570 1015 2589 ve-

225 2604 270 2628 tus
287 2600 404 2635 interpr.
423 2597 586 2631 convescens,
609 2599 723 2635 fereque
749 2599 854 2635 Patres,
870 2597 1015 2635 Chryso‘st.

223 2636 258 2664 ad
269 2643 333 2663 eum
351 2632 453 2668 locum,
467 2640 496 2662 ct
514 2639 576 2670 post
589 2642 653 2670 eum
678 2632 844 2668 Tbeopbyl.,
855 2632 1016 2670 συνηυλιζε-

223 2678 265 2699 το.
279 2671 403 2697 τουτέστι
415 2691 421 2701 ,
438 2668 576 2697 κοινωνῶν
591 2669 664 2696 ἁλῶν
683 2669 731 2695 καὶ
751 2668 886 2695 κοινωνῶν
911 2668 1015 2703 τραπέ-

225 2706 426 2739 ςη;,εοηιπιιιηὶ
440 2705 497 2733 sale
509 2709 534 2732 et
546 2713 637 2732 mensa
649 2712 708 2731 cum
721 2705 756 2730 eis
769 2707 845 2730 utens
858 2711 867 2730 :
882 2707 1016 2737 utnempe

225 2748 273 2777 per
279 2741 406 2777 _eﬂ'ectum
416 2741 591 2777 comestiouis,
600 2740 697 2766 veritas
705 2739 973 2777 _patescer_et_carnis,
983 2743 1014 2765 ut

224 2773 356 2810 'gitGi-eg.
374 2775 401 2802 in
426 2776 500 2802 hom.
527 2775 626 2809 Sicque
647 2773 748 2810 saepius
762 2773 835 2808 apud
859 2773 1016 2810 Lueamret

224 2808 305 2837 Joan.
322 2808 371 2844 per
396 2808 594 2837 comestioneni
612 2808 808 2844 comprobasse
831 2809 1015 2844 resurrectio-

226 2850 290 2879 nem
301 2842 378 2879 suam
393 2845 539 2872 Dominum
554 2842 686 2879 legimus,
700 2843 803 2879 Hieron
813 2842 846 2869 ad
870 2842 1015 2879 Hedibiam

227 2877 386 2915 7.Hcsych.
409 2879 541 2908 inLevit.
567 2877 626 2913 vin,
654 2884 708 2907 etc.
735 2878 888 2914 Meritoque
915 2878 1014 2914 Zuger,

1067 2252 1161 2286 pictos
1176 2249 1292 2284 Syriae,
1326 2257 1439 2286 cumque
1453 2250 1607 2286 comedisset
1623 2257 1683 2276 cum
1702 2250 1739 2286 eis
1752 2259 1864 2286 panem,

1068 2282 1204 2323 {Ethice}
1219 2288 1244 2310 et
1257 2282 1459 2323 prandens'cum
1473 2285 1521 2323 eis.
1540 2284 1643 2312 Durius
1652 2285 1737 2312 Arab.
1752 2282 1808 2313 nec
1821 2282 1862 2314 sa:

1068 2319 1104 2356 tis
1116 2323 1260 2352 perspecta
1275 2319 1302 2346 vi
1319 2320 1420 2356 Graecae
1432 2319 1523 2356 vocis,
1541 2328 1601 2346 cum
1614 2328 1641 2356 se
1669 2327 1864 2356 congregasset.

1069 2352 1142 2391 S__a_ne
1165 2360 1229 2391 cum
1244 2361 1326 2381 voces
1351 2355 1435 2391 rebus
1452 2355 1558 2391 servire
1577 2355 1707 2384 debeant.
1719 2352 1864 2391 possitque

1077 2387 1123 2425 illa
1138 2395 1191 2415 vox
1200 2387 1236 2416 de
1252 2390 1393 2416 communi
1409 2397 1459 2416 usu
1476 2390 1529 2417 sibi
1545 2394 1665 2424 etpotus
1677 2387 1803 2425 intelligi.
1814 2387 1865 2425 qui

1070 2421 1129 2463 fere
1144 2430 1238 2450 comes
1252 2425 1393 2463 essetejus
1403 2425 1487 2463 quasi
1510 2421 1687 2463 contubernii
1712 2421 1785 2463 quod
1811 2421 1866 2454 llo-

1068 2459 1162 2485 minus
1174 2466 1238 2495 cum
1249 2459 1308 2495 suis
1329 2459 1449 2487 habebat
1467 2467 1516 2494 per
1528 2460 1588 2487 dies
1608 2459 1788 2495 quadraginta
1807 2469 1864 2490 sum

1068 2493 1294 2526 resurrectionis.
1311 2495 1429 2522 subinde
1444 2493 1499 2522 illis
1509 2493 1656 2530 apparens,
1671 2503 1703 2522 ac
1711 2493 1754 2522 vel
1767 2495 1793 2522 in
1801 2503 1862 2524 eam

1068 2535 1126 2565 rem
1144 2535 1193 2556 eos
1207 2536 1389 2565 congregans,
1405 2530 1448 2558 vel
1473 2530 1526 2558 illis
1541 2531 1714 2565 congregatis
1729 2538 1792 2558 sese
1815 2531 1862 2558 in-

1067 2562 1171 2595 ferens,
1184 2568 1214 2591 ut
1227 2562 1329 2599 saepius
1341 2564 1458 2600 legimus
1469 2565 1494 2592 in
1507 2562 1866 2601 sacris'Evangeliis(maxi-

1071 2606 1171 2635 moque
1196 2606 1359 2635 argumento
1372 2605 1432 2627 erat
1443 2601 1503 2635 ejus
1517 2601 1656 2627 suscitata;
1673 2601 1777 2632 carnis,
1793 2605 1824 2629 ut
1835 2607 1864 2629 et

1067 2632 1167 2661 Petrus
1178 2634 1204 2661 id
1214 2632 1387 2669 potissimum
1404 2632 1594 2663 attuleritAct.
1605 2643 1632 2667 ι,
1646 2636 1678 2663 Μ
1695 2644 1702 2664 :
1719 2635 1794 2664 Dedit
1803 2645 1864 2664 eum

1068 2669 1237 2704 manifestum
1261 2669 1331 2704 ﬁeri,
1348 2670 1454 2697 testibus
1467 2671 1654 2704 prwordinatis
1667 2679 1683 2697 α
1699 2670 1770 2703 Deo;
1789 2672 1863 2699 nobis

1067 2704 1113 2738 qui
1136 2705 1356 2742 manducavimus
1371 2710 1403 2742 et
1420 2705 1529 2742 bibimus
1556 2714 1615 2732 cum
1632 2705 1690 2739 illo,
1719 2711 1861 2742 postquam

1069 2740 1215 2766 resurrexit
1227 2740 1393 2776 emortuis),
1412 2740 1515 2776 optime
1525 2745 1633 2768 veteres
1647 2741 1687 2768 sic
1715 2740 1860 2776 expresse~

1071 2777 1173 2816 runt_e_t
1187 2774 1408 2816 reddideruntia
1421 2774 1522 2816 quibus
1538 2775 1634 2816 religio
1647 2780 1690 2803 est
1700 2774 1860 2816 discedere.

1067 2814 1099 2836 ut
1114 2809 1168 2836 sibi
1201 2810 1341 2848 placentes
1365 2809 1453 2837 Graeci
1480 2809 1618 2848 sermonis
1648 2811 1748 2848 peritia
1766 2811 1860 2848 aliqua

1066 2845 1260 2879 grammaticos
1274 2852 1425 2881 sequamur
1440 2845 1528 2881 magis
1539 2853 1621 2881 quam
1641 2846 1793 2884 theologos.
