2072 3160
235 159 285 195 15⁸1

601 160 744 192 ORATIO
762 161 846 194 VIII.
861 175 895 181 —
909 162 951 193 ΙΝ
970 163 1127 195 LAUDEM
1145 166 1174 196 S.
1193 164 1322 196 IACOBI
1341 164 1500 196 ALPHEI.

1825 165 1877 199 158

275 216 355 244 Ἀλλά
364 215 421 253 γὰρ
435 216 533 245 me"
545 217 561 245 ὀ
574 217 666 252 λόγος,
679 218 776 255 ὥσπερ
787 219 871 252 ἵππος
887 220 1027 253 ὠκύτατος

1114 222 1263 250 Enimvero
1288 223 1353 258 equi
1381 222 1468 250 instar
1492 222 1680 258 pernicissimi
1707 222 1870 259 imprudens

237 263 281 291 εδν
295 262 437 297 ἀναϐάτην
451 263 636 299 συνηρπακώς
651 272 660 280 σ
675 264 723 292 καὶ
748 264 803 300 πρὸ
827 266 882 293 τῶν
915 266 1028 301 ἀγώνων

236 309 415 344 ὑπαγορεύων
433 309 497 341 τοὺς
524 309 685 344 στεφάνους.
705 309 787 337 Ἀλλὰ
814 310 852 346 μὴ
870 311 1030 347 θαυμάσητε

234 356 283 390 τῆς
292 354 456 390 ταχύτητος.
464 354 571 390 Τρόπον
585 355 640 389 γὰρ
650 355 796 391 ἀστραπῆς
804 356 920 389 ἐξάπινα
927 357 976 393 τὴν
989 358 1030 385 ol-

235 409 283 428 κου
287 401 372 436 μένην
387 401 625 437 περιαυγαζούσης
635 401 711 437 ὃλην,
719 402 766 429 καὶ
776 402 844 438 πρὸς
857 404 958 439 ἑαυτὴν
968 404 1031 431 θᾶτ-

232 455 279 473 τον
289 447 524 482 ἀνακαμπτοῡσης
532 446 622 481 λόγου,
633 447 744 484 οὕτωςή
760 449 926 485 ἀποστολικὴ
939 450 1031 486 χάρις,

235 492 344 528 ἀθρόως
353 493 403 525 τὰς
415 492 470 520 τῶν
484 493 570 520 ὲθνῶν
591 493 707 528 καρδίας
734 495 958 530 περιλάμπουσα,
982 497 1032 524 καὶ

235 538 360 574 ἀχρόνως
374 539 425 574 τὴν
437 539 523 574 αὐτῆς
532 539 651 575 δύναμιν
664 541 916 576 ἀπαστράπτουσα,
930 542 1031 578 τρόπον

233 584 296 612 τινὰ
319 585 419 620 ἑαυτῆς
445 593 475 612 τε
493 585 547 618 [Em
562 585 688 619 γίνεται,
711 588 759 614 καὶ
773 589 814 619 είς
839 588 939 624 ἑαυτὴν
954 587 1032 621 αὖθις

235 629 400 657 ἀνακόπτει.
427 630 527 662 Καθὼς
541 630 589 658 οὖν
603 629 660 663 οἷός
674 632 704 658 τέ
716 633 787 665 ἑστι,
803 633 851 660 καὶ
862 633 877 660 ὁ
892 634 956 669 περὶ
977 634 1032 661 τῶν

236 674 318 702 θείων
333 675 423 709 λόγος,
444 677 479 711 τῇ
495 676 552 703 τῶν
575 676 754 712 ὑμνουμένων
768 678 815 705 ὑπ’
837 678 921 706 αὑτοῦ
940 687 1030 715 πραγ-

237 720 332 756 μάτων
346 721 537 756 ἐξομοιοῦσθαι
550 722 709 758 γοργότητι,
723 724 782 758 ἦτοι
801 724 920 760 θειότητι
934 726 1032 761 πειρᾶ-

235 774 281 793 ται
299 774 307 781 ·
321 767 368 793 καὶ
387 766 483 802 ὥσπερ
498 768 525 793 al
548 767 604 794 ὁδοὶ
617 768 667 803 τῆς
680 768 729 796 τοῦ
743 769 813 796 Θεοῦ
825 769 922 805 σοφίας
935 770 964 797 ὲν
979 770 1031 798 θα-

235 813 335 848 λάσσῃ,
360 812 408 839 καὶ
430 813 459 839 αι
472 813 560 847 τρίϐοι
576 813 663 849 αὐτῆς
687 815 717 841 ὲν
729 814 807 841 ὕδασι
821 815 866 842 διὰ
878 815 909 842 τδ
925 815 1030 842 ἀκατά-

234 857 337 891 ληπτον
355 856 491 893 ὕμνηνται
511 858 630 892 πολλοῖς,
652 859 700 886 καὶ
717 858 751 886 τὰ
764 861 825 896 [χνη
844 860 894 887 οὐκ
903 861 1032 896 ἐπιγινώ-

236 910 369 928 σκονται·
399 901 471 929 οὓτω
496 903 544 930 καὶ
567 904 623 931 τῶν
651 904 701 940 τῆς
727 905 825 940 σοφίας
840 906 955 940 τέκνων,
972 908 1028 934 τῶν

233 948 406 981 πανολϐίων,
421 949 506 983 λέγω,
531 950 652 985 Χριστοῦ
681 951 822 987 μαθητῶν,
846 952 1029 990 δυσθεώρητοι

236 994 288 1029 μιν
304 995 333 1021 αί
356 993 423 1026 ὁδοὶ.
450 995 651 1029 ἀνεπίγνωστοι
676 996 706 1024 δὲ
730 997 799 1033 πρὸς
825 998 971 1034 ἀκρίϐειαν
1000 999 1030 1027 αἱ

235 1040 351 1075 πράξεις
368 1046 377 1055 ·
397 1040 447 1067 καὶ
462 1041 552 1068 πάντα
570 1041 644 1074 νοῦν,
659 1042 708 1069 καὶ
719 1043 810 1070 πάντα
828 1044 907 1079 λόγον
924 1044 1030 1081 ἀνθρώ-

233 1093 312 1112 πινον
322 1086 350 1112 αἱ
365 1085 468 1113 τούτων
479 1086 709 1122 ὑπιρεκϐαίνουσι
725 1088 935 1124 μεγαλουργίαι.

271 1130 355 1158 Ὅθεν
367 1132 415 1158 καὶ
427 1132 493 1168 ἡμῖν
506 1133 521 1159 ὸ
531 1132 610 1166 λόγος
623 1133 662 1168 τῷ
668 1133 717 1169 τῆς
727 1133 883 1166 ὑποθέσεως
892 1134 1029 1170 ἀνεφίκτῳ

232 1176 464 1212 συστελλόμενος,
499 1178 609 1213 μακρὰν
644 1178 752 1215 χαίρειν
780 1181 815 1216 τῇ
851 1180 1029 1217 μακρηγορίᾳ

234 1221 327 1257 φησίν.
341 1222 453 1257 ’Δμμον
466 1223 532 1258 γὰρ,
544 1223 582 1256 ὼς
600 1223 634 1250 τὰ
645 1224 730 1258 Λόγιά
742 1233 835 1260 φησιν,
850 1226 1028 1258 θυλασσῶν.

233 1267 254 1301 ἢ
269 1267 358 1295 ὑετοῦ
373 1269 536 1303 σταγόνας,
550 1269 570 1303 ἢ
585 1270 699 1304 ἡμέρας
716 1270 836 1304 αἰῶνος,
857 1271 906 1304 τίς
929 1272 1029 1306 ἐξαρι-

233 1313 365 1348 amicat;
382 1315 518 1343 ’Δϐυσσον
533 1315 561 1342 δὲ
579 1315 740 1351 θαυμάτων.
755 1317 804 1343 καὶ
821 1317 868 1344 τοῦ
882 1317 1029 1345 θεοπτικω-

232 1357 316 1385 τάτου
334 1359 431 1394 σοφίαν
448 1360 589 1392 Ἰακώϐου,
597 1361 774 1394 διδασκαλίας
784 1371 814 1389 τε
828 1362 968 1398 οὐρανίας,
979 1363 1028 1390 καὶ

232 1403 373 1438 θεολογίας
401 1404 512 1440 βυθοὺς,
538 1406 580 1438 τίς
597 1406 765 1441 ἔξιχνιάσεις
787 1406 830 1438 τίς
852 1407 907 1434 τῶν
932 1408 1027 1442 δαιμό-

232 1458 287 1477 νων
300 1450 350 1486 τὴν
365 1450 524 1486 καθαίρεσιν
547 1451 593 1478 καὶ
613 1452 761 1484 ἀποδιωξιν
771 1473 780 1485 ,
814 1452 869 1479 τῶν
885 1453 1027 1489 ἀνθρωπί-

232 1503 287 1522 νων
298 1495 393 1522 παθῶν
405 1496 453 1523 καὶ
464 1496 549 1524 νόσων
562 1497 612 1532 τὴν
627 1497 698 1524 ἷασιν
721 1499 769 1525 καὶ
778 1498 936 1533 ἀφαίρεσιν,
972 1499 1027 1526 τῶν

1085 267 1176 295 oratio
1192 268 1273 303 longe
1283 275 1418 295 sessorem
1430 268 1580 304 corripuit;
1589 276 1622 296 ac
1632 273 1696 297 ante
1710 271 1877 304 certamina,

1087 320 1204 341 coronas
1222 313 1359 341 edisserit.
1381 314 1421 341 Ne
1436 322 1486 342 vos
1506 319 1597 342 tamen
1618 315 1768 343 celeritatis
1786 317 1877 344 admi-

1087 358 1158 393 ratio
1180 362 1282 386 teneat.
1305 359 1432 394 Fulguris
1450 360 1524 386 enim
1541 360 1569 387 in
1591 368 1707 394 morem,
1730 365 1817 389 totum
1836 369 1879 389 re-

1085 408 1168 438 pente
1194 403 1290 431 orbem
1317 403 1572 439 eircumfulgentis,
1593 410 1674 440 atquc
1701 406 1729 433 in
1756 406 1878 441 seipsum

1085 448 1161 477 dicto
1182 449 1265 477 citius
1287 449 1473 482 recurrentis;
1489 449 1529 476 sic
1541 450 1686 484 apostolica
1702 451 1795 485 gratiae
1811 459 1878 486 gen-

1087 494 1155 522 tium
1168 499 1282 529 repente
1297 494 1528 522 circumlustrans
1544 499 1667 529 pectora,
1682 501 1878 531 momentoque

1085 539 1140 567 vim
1161 547 1238 567 suam
1252 539 1431 574 ell'ulguraus,
1448 543 1504 566 tum
1523 544 1600 567 extra
1626 548 1655 567 se
1675 541 1878 575 quodammodo

1085 584 1152 616 exit,
1180 588 1237 611 tum
1263 592 1359 612 rursus
1379 584 1406 611 in
1430 585 1548 619 seipsam
1566 585 1687 613 subsilit.
1700 585 1796 618 Quoad
1811 594 1878 621 ergo

1085 637 1135 665 per
1147 629 1304 657 facultatem
1319 630 1384 657 licet
1399 633 1428 658 et
1440 630 1498 665 ipsa
1513 630 1548 658 de
1564 630 1666 658 divinis
1677 631 1802 658 instituta
1815 639 1879 659 ora-

1085 676 1134 708 tio,
1148 683 1240 703 rerum
1253 683 1322 710 quas
1335 675 1432 703 laudat
1448 675 1637 703 incitationem
1652 684 1685 703 ac
1701 677 1877 705 vivacitatem

1085 721 1095 757 (
1107 721 1280 748 divinitatem
1295 721 1403 749 scilicet
1416 721 1426 757 )
1438 722 1562 760 aemulari
1573 722 1728 750 contendit.
1748 724 1788 750 Ac
1802 723 1877 750 sicut

1088 767 1190 795 divina;
1211 767 1352 802 sapientia:
1375 768 1426 795 vis:
1450 768 1479 795 in
1500 768 1581 801 mari,
1596 769 1711 804 ejusque
1728 768 1832 796 semitae
1848 769 1877 796 in

1085 814 1175 849 aquis,
1195 821 1230 842 eo
1248 814 1322 849 quod
1345 815 1427 850 vulgo
1444 814 1643 850 comprehendi
1672 822 1728 841 non
1750 815 1876 850 possint,

1085 859 1233 888 laudantur
1244 881 1251 892 .
1265 865 1294 888 et
1306 861 1421 895 vestigia
1438 869 1493 888 non
1509 865 1714 896 cognoscuntur
1728 869 1734 887 :
1749 861 1790 889 sic
1804 868 1877 896 quo-

1083 914 1137 941 que
1167 906 1288 933 ﬁliorum
1310 906 1453 941 sapientiae
1481 906 1491 942 (
1519 907 1741 934 beatissimorum
1771 906 1877 934 scilicet

1084 951 1187 979 Christi
1203 951 1414 987 discipulorum)
1429 952 1478 979 vis:
1491 952 1631 980 intellectu
1646 951 1781 985 diﬂiciles,
1800 952 1877 987 igno-

1085 997 1195 1032 tteque(
1211 1004 1293 1032 quam
1316 1000 1346 1024 ut
1361 1001 1457 1024 exacte
1478 997 1541 1032 quis
1557 996 1692 1032 percipiat
1708 998 1716 1030 )
1735 997 1873 1024 actiones:

1083 1041 1194 1069 illorum
1209 1041 1328 1076 denique
1339 1042 1482 1076 magnifica
1497 1049 1591 1076 opera,
1602 1049 1712 1069 omnem
1728 1042 1876 1069 humanam

1081 1086 1235 1114 orationem
1252 1086 1390 1114 excedunt
1406 1094 1439 1114 ac
1454 1086 1590 1114 rationem
1607 1087 1629 1103 ⁸¹

1116 1131 1300 1164 Quamobrem
1310 1132 1392 1159 etiam
1403 1131 1494 1164 nobis,
1503 1140 1558 1166 pra:
1566 1133 1721 1166 argumenti
1730 1132 1876 1167 dignitate.

1081 1185 1165 1212 quam
1178 1185 1260 1205 nemo
1273 1177 1352 1205 facile
1366 1178 1475 1212 assequi
1488 1178 1585 1212 possit,
1598 1178 1656 1213 ipsa
1669 1186 1699 1206 se
1710 1178 1876 1206 contrahens

1082 1222 1192 1255 oratio.
1221 1223 1335 1258 prolixae
1368 1223 1528 1258 loquacitati
1558 1223 1669 1259 longum
1699 1224 1759 1251 vale
1795 1223 1873 1251 dicit.

1081 1267 1199 1294 Arenam
1211 1267 1286 1294 enim
1302 1268 1312 1303 (
1329 1268 1406 1294 aiunt
1422 1267 1515 1295 divina
1527 1267 1638 1295 oracula
1654 1268 1662 1303 )
1675 1269 1791 1294 marium
1805 1287 1812 1299 ,
1828 1271 1874 1294 aut

1081 1313 1177 1349 pluvia:
1190 1318 1290 1349 guttas,
1310 1312 1351 1340 vel
1374 1313 1428 1340 dies
1441 1313 1541 1346 surculi,
1565 1314 1623 1348 quis
1647 1313 1812 1340 enumerabit
1827 1313 1850 1329 “
1863 1313 1876 1340 7

1081 1359 1217 1394 Abyssum
1234 1366 1300 1386 vero
1313 1358 1520 1390 miraculorum,
1537 1357 1749 1392 divinorumque
1760 1357 1875 1385 scientia

1080 1402 1309 1438 perspicacissimi
1323 1401 1416 1430 Jacobi
1436 1401 1607 1436 sapientiam,
1627 1402 1803 1436 cmlestisque
1823 1402 1876 1429 do-

1082 1448 1162 1476 trinae
1187 1456 1219 1476 ac
1242 1447 1399 1482 Theologire
1422 1447 1569 1482 profunda,
1595 1447 1658 1482 quis
1683 1447 1876 1482 investigabitf

1081 1494 1300 1530 proﬂigationem
1315 1494 1470 1521 daemonum
1483 1499 1512 1521 et
1521 1493 1712 1528 expulsionem
1723 1502 1730 1527 ;
1743 1494 1875 1521 humana-

233 1541 339 1576 νεκρῶν
358 1541 410 1577 τὴν
435 1542 595 1576 ἀνάστασιν,
608 1543 663 1570 τῶν
677 1543 773 1578 χωλῶν
789 1544 839 1578 τὴν
861 1544 1027 1579 ἁνάρῤωσιν,

1081 1548 1140 1568 rum
1171 1540 1330 1575 passionum
1367 1540 1584 1574 morborumque
1625 1539 1799 1567 curationem
1840 1547 1875 1567 ac

231 1586 288 1614 τῶν
301 1587 412 1622 τυφλῶν
434 1588 485 1624 τὴν
502 1588 662 1624 ἀνάϐλεψιν,
688 1589 736 1617 καὶ
757 1590 849 1625 πάσης
870 1590 1023 1625 πηρώσεως

232 1631 359 1666 σώματος
371 1632 461 1667 τάςξιν
472 1632 583 1668 ὀνόματι
591 1633 678 1668 ’1ησοῦ
691 1633 838 1669 θεραπείας
849 1635 1024 1670 ἀναγράψαις

232 1676 281 1710 τίς
296 1678 348 1710 τὰς
366 1678 475 1715 μακρὰς
487 1679 652 1715 ὁδοιπορίας,
664 1679 715 1712 τὰς
738 1680 942 1713 ἀκαταστασίας
960 1680 1026 1717 (29),

229 1723 296 1755 σοὺς
310 1722 461 1756 κινδύνους.
477 1724 526 1756 τὰς
543 1724 733 1760 πολυτρόπους
755 1725 956 1758 ἐπαναστάσεις
978 1728 1027 1754 καὶ

230 1769 382 1804 ἀπαγωγὰς
405 1769 462 1796 τῶν
499 1770 691 1805 Ἐλληνιστῶνς
725 1771 776 1798 ὅσα
811 1772 841 1798 ιν
871 1772 1026 1807 Ἐλευθερο-

231 1815 310 1843 πόλει
328 1815 405 1850 παρά
417 1816 472 1843 τῶν
485 1817 535 1850 τῆς
549 1816 677 1848 ἀσεϐείας
691 1817 805 1852 ἀνέσχεν
828 1816 1007 1844 ὑπασπιστῶν
1018 1824 1026 1832 ·

231 1861 284 1890 ὅσα
297 1862 327 1889 ιν
339 1862 412 1898 Γάζῃ
426 1863 475 1889 καὶ
487 1862 579 1900 Τύρῳ.
592 1864 640 1890 καὶ
651 1864 712 1895 ταῖς
727 1863 869 1899 ἐχομέναις
884 1863 937 1890 τῶν
950 1864 1028 1892 ἀλλο-

232 1908 327 1943 φύλων
353 1908 560 1943 κωμοπόλεσιν,
578 1910 608 1936 ιν
631 1907 677 1941 αἶς
706 1909 721 1936 ὀ
749 1908 1027 1945 τρισμακαριώτατος

230 1952 425 1988 εὐηγγελίζετο
436 1953 483 1980 τὸν
507 1953 623 1988 Χριστόν
638 1961 646 1986 ;
659 1953 709 1986 Τίς
738 1953 773 1980 τὰ
797 1953 888 1990 πλήθη
916 1955 971 1982 τῶν
988 1955 1023 1982 δι’

232 1997 318 2026 αὐτοῦ
343 1998 456 2034 Χριστῷ
471 1998 700 2035 προσαγομένων.
712 1999 761 2026 καὶ
773 1999 850 2026 ὕδατι
868 2000 915 2026 καὶ
942 2000 1028 2027 Πνιὺ-

233 2051 302 2078 put
315 2043 523 2079 καθαιρομένων
549 2044 597 2071 καὶ
619 2044 815 2080 φωτιζομένων
829 2053 837 2061 ·
853 2046 900 2072 καὶ
913 2046 958 2074 διὰ
971 2046 1026 2073 τῶν

233 2089 281 2117 ὑπ’
293 2088 376 2117 αὐτοῦ
404 2089 498 2124 ἱερέων
520 2090 730 2124 καθισταμένων
756 2090 804 2117 καὶ
818 2090 971 2127 ἀρχιερέων
984 2092 1025 2124 είς

233 2134 386 2169 ικιλησίας
418 2134 458 2169 τῷ
490 2134 649 2170 ’Υπεραγίῳ
685 2135 945 2170 καταρτιςομὲνων;
977 2136 1026 2168 Τίς

233 2179 332 2212 ταῦτα,
356 2179 405 2207 καὶ
430 2180 466 2207 τὰ
483 2180 588 2212 τούτοις
614 2180 737 2216 ἑπόμενα
756 2181 805 2216 τῆς
820 2180 1025 2216 ἀληθογνωσίας

1083 1586 1266 1619 amotionem;
1282 1589 1455 1613 mortuorum
1471 1585 1694 1616 suscitationem,
1711 1584 1875 1611 elaudorum

1084 1631 1206 1659 ﬁrmatas
1217 1631 1307 1664 bases,
1331 1631 1421 1658 visum
1445 1630 1525 1658 caecis
1552 1630 1701 1662 redditum,
1733 1630 1875 1664 depulsam

1081 1684 1191 1704 omnem
1208 1677 1273 1704 Jesu
1288 1676 1400 1704 nomine
1415 1683 1562 1712 corporum
1583 1676 1684 1708 labem,
1705 1676 1767 1710 quis
1790 1675 1874 1710 possit

1081 1721 1275 1750 conscribere?
1301 1722 1370 1755 Quis
1393 1722 1473 1757 longa
1498 1721 1612 1753 itinera,
1637 1721 1750 1748 incertis
1763 1721 1875 1748 sedibus

1081 1767 1205 1803 locisque
1211 1768 1385 1803 jactationes,
1399 1767 1532 1803 pericula,
1541 1767 1698 1795 Graecorum
1710 1766 1874 1801 multiplices

1083 1813 1204 1840 insultus
1224 1817 1254 1840 et
1276 1813 1479 1848 grassationes'!
1505 1816 1608 1847 quanta
1633 1812 1676 1839 vir
1699 1811 1874 1839 beatissimus

1081 1859 1288 1894 Eleutheropoli
1305 1859 1340 1886 ab
1356 1858 1504 1893 impietatis
1518 1857 1710 1885 defensoribus
1722 1857 1853 1885 sustinuit
1865 1866 1873 1890 ;

1083 1908 1186 1940 quanta
1210 1904 1291 1932 Gazae
1316 1908 1345 1931 et
1372 1903 1448 1940 Tyri,
1477 1903 1632 1938 vicinisque
1658 1903 1874 1939 alienigenarum

1085 1950 1203 1978 urbibus
1217 1954 1299 1985 atque
1311 1949 1430 1985 Oppidis,
1443 1949 1489 1977 ubi
1503 1950 1526 1976 is
1540 1949 1681 1977 Christum
1700 1949 1874 1984 praedicavit?

1081 1995 1150 2030 Quis
1176 2003 1273 2023 eorum
1299 1995 1506 2022 multitudinem
1531 1994 1579 2029 qui
1606 2002 1656 2029 per
1681 2002 1744 2022 eum
1764 1994 1873 2022 Christo

1080 2041 1259 2073 accedebant,
1270 2046 1352 2076 atque
1364 2048 1435 2075 aqua
1450 2045 1478 2068 et
1495 2040 1598 2074 Spiritu
1609 2040 1832 2067 emundabantur
1841 2048 1873 2067 ac

1081 2086 1330 2119 illuminabantur;
1349 2085 1453 2120 quique
1473 2085 1584 2112 demum
1606 2092 1654 2120 per
1673 2085 1830 2112 sacerdotes
1845 2089 1873 2113 et

1080 2131 1225 2167 episcopos
1249 2131 1284 2158 ab
1303 2131 1349 2158 illo
1371 2130 1537 2158 constitutos
1552 2130 1580 2157 in
1598 2129 1732 2162 Ecclesia,
1755 2130 1809 2156 Deo
1824 2129 1872 2164 qui

1081 2183 1190 2203 onmem
1209 2174 1317 2202 excedit
1342 2174 1525 2206 sanctitatem,
1554 2174 1784 2209 perﬁciebautur?
1806 2173 1873 2207 Quis

234 2224 295 2261 ἦτοι
310 2224 468 2256 θεοσεϐείας
491 2225 603 2260 ῥήματα
618 2224 666 2252 καὶ
684 2225 836 2261 πράγματα
850 2225 1021 2261 διασαφῆσαι

1081 2222 1134 2249 lucc
1159 2226 1241 2256 atque
1266 2220 1309 2248 his
1333 2221 1476 2255 sequentia
1506 2227 1577 2247 verae
1606 2219 1746 2254 scientite(
1768 2219 1796 2246 id
1817 2223 1871 2253 est,

232 2270 328 2305 λόγος
342 2270 410 2298 οὐδὲ
423 2271 488 2306 μιᾶς
502 2270 608 2305 ἡμέρας
625 2270 808 2306 ἀποστολικὴν
824 2271 963 2305 θεολογίαν
977 2272 1024 2298 καὶ

233 2316 334 2352 πρᾶξιν
358 2315 470 2350 θεοτελῆ
507 2315 609 2343 δύναιτ’
636 2316 671 2343 ἀν
697 2317 775 2350 λόγος
812 2317 852 2348 είς
878 2317 1024 2352 ἀκρίϐειαν

231 2361 359 2393 διειπεῖν,
375 2361 414 2397 μὴ
441 2361 483 2388 ὅτι
508 2369 540 2395 γε
569 2361 658 2389 πάντα
681 2361 800 2396 καθεξῆς
827 2361 957 2397 ὑμνῆσαι,
973 2363 1025 2391 ὅσα

233 2408 353 2444 μακροῖς
369 2407 461 2435 ἐτεσιν
474 2408 503 2434 εν
515 2407 555 2443 τῷ
569 2407 743 2443 Παρακλήτῳ
758 2408 973 2443 κατειργάσατο.

266 2530 300 2547 ⁶’·
321 2531 393 2560 Psal.
411 2532 489 2564 mt‘,
501 2531 548 2560 20.
584 2532 607 2549 ⁸³
621 2530 708 2561 Eccli.
730 2540 751 2568 I,
769 2534 799 2562 2.

267 2619 324 2657 (29)
331 2619 400 2657 -τάς
413 2620 651 2657 ἀκαταςγτασίας.
670 2621 748 2649 Alius
760 2628 826 2649 usus
837 2621 921 2657 huius
933 2621 1020 2657 vocis,

232 2654 318 2690 Paulo
331 2655 342 2682 Ι
355 2655 420 2683 Cor.
442 2663 499 2687 τιν.
508 2656 543 2683 55
553 2665 560 2683 :
569 2656 608 2682 Οὐ
628 2656 683 2690 γάρ
697 2657 770 2683 ἐστιν
788 2654 992 2688 ἀκαταστασίας
1005 2657 1020 2684 ό

232 2689 309 2726 Θεος,
326 2690 385 2716 ἀλλ’
398 2691 521 2726 είρῆνης.
535 2691 613 2726 Vulg.
625 2689 685 2718 Non
699 2695 737 2718 at
755 2692 925 2719 dissensioni:
938 2691 1019 2725 Deus,

230 2725 506 2767 scripta-ianFit-astu2
524 2725 683 2767 confgsio’pis
712 2730 824 2767 auctor.“
839 2726 1018 2767 turbationis,

232 2760 534 2801 perturbati'ordinis.
574 2760 597 2788 ll
630 2760 693 2801 (lor.
721 2769 768 2791 xu,
790 2761 836 2791 20.
861 2761 1018 2801 ἀκαταστα-

234 2793 308 2829 σίαι,
331 2794 491 2825 seditiones,
515 2795 589 2829 quod
614 2800 698 2823 etiam
716 2795 824 2823 Erasm.
843 2795 944 2822 reddit.
969 2795 1020 2822 llic

234 2828 330 2863 magis,
342 2829 419 2894 vaqis
429 2828 543 2870 sediblis
554 2830 729 2871 jactationes,
743 2838 805 2870 cuum
816 2834 933 2870 propter
948 2830 1021 2870 peri-

234 2862 297 2891 ulla
314 2871 371 2893 uno
393 2869 602 2893 ococonsistere
627 2864 730 2894 Christi
756 2864 897 2901 discipulis
907 2872 963 2892 non
983 2865 1019 2893 lt-

1077 2267 1207 2304 pietatis)
1222 2267 1304 2294 verba
1322 2266 1447 2301 factaque
1459 2273 1550 2293 sermo
1562 2270 1645 2300 queat
1653 2265 1821 2300 explanare?
1833 2265 1872 2292 Ne

1077 2312 1121 2341 vel
1148 2312 1231 2339 unius
1254 2310 1309 2338 diei
1331 2311 1509 2346 apostolicam
1528 2310 1752 2345 praedicationem
1766 2310 1871 2345 Deique

1077 2365 1193 2387 munere
1214 2357 1362 2393 perfectam
1376 2357 1512 2384 actionem
1530 2361 1659 2384 accurate
1679 2357 1765 2392 possit
1777 2357 1868 2385 oratio

1077 2411 1217 2435 enarrare,
1243 2402 1344 2430 nedum
1366 2408 1466 2430 cuncta
1489 2402 1597 2435 ordine,
1627 2403 1708 2439 longa
1732 2411 1868 2431 annorum

1077 2449 1150 2482 serie
1167 2449 1206 2477 illi
1221 2449 1249 2478 in
1264 2449 1405 2477 Paracleto
1419 2453 1506 2485 gesta,
1522 2449 1646 2478 laudare.

1071 2626 1159 2655 ceret,
1186 2621 1235 2650 sed
1258 2629 1372 2650 necesse
1396 2628 1470 2651 esset
1496 2630 1530 2650 ex
1557 2622 1611 2650 alia
1626 2622 1653 2650 in
1665 2623 1747 2650 aliam
1767 2622 1865 2657 fugem

1071 2657 1223 2693 civitatem,
1235 2665 1297 2693 quae
1310 2657 1367 2692 ipsa
1379 2657 1442 2693 fuga
1455 2663 1484 2686 et
1494 2658 1608 2693 jactatio
1619 2658 1646 2693 in
1659 2658 1797 2693 Evangelii
1809 2665 1867 2685 rem

1072 2692 1219 2728 maximam
1233 2691 1358 2728 cedebat.
1374 2691 1440 2720 dum
1461 2691 1510 2728 per
1531 2701 1592 2720 eam
1610 2692 1712 2725 ubique
1737 2691 1867 2728 Christus

1070 2726 1296 2754 annuntiabatur.
1325 2727 1371 2755 Sic
1400 2726 1589 2758 ἀκατάστατος
1602 2745 1610 2757 ,
1626 2727 1731 2753 certoin
1750 2726 1806 2753 loco
1821 2735 1868 2755 εει

1072 2765 1144 2788 statu
1157 2769 1209 2787 non
1223 2763 1377 2789 consistens.
1406 2761 1627 2795 Eleutheropolis
1643 2761 1675 2787 ad
1693 2761 1867 2791 Palzestinam

1073 2800 1190 2831 spectat,
1209 2796 1325 2831 aliaeque
1347 2797 1431 2824 urbes
1449 2797 1494 2823 hic
1518 2799 1687 2831 memoratae,
1712 2800 1774 2830 post
1796 2804 1867 2831 quas

1071 2829 1190 2871 Jacobus
1205 2830 1232 2857 in
1245 2829 1391 2895 {Epzptum
1411 2831 1560 2865 profectus,
1570 2830 1598 2858 in
1613 2829 1675 2867 ejus
1688 2829 1757 2861 urbe
1773 2829 1868 2861 οέιην

1072 2873 1134 2894 cum
1146 2870 1280 2895 martyrio
1306 2871 1406 2894 unctus
1413 2870 1465 2895 est.

1072 2873 1134 2894 ctua
1146 2870 1280 2902 martyrio
1294 2870 1406 2895 tmtetus
1413 2870 1465 2895 εει.
