2078 3154
196 151 245 185 161

557 153 698 185 ORATIO
716 154 798 185 VIII.
813 153 903 185 -ῙΝ
922 153 1080 186 LAUDEM
1100 155 1130 187 S.
1148 157 1277 188 JACOBI
1297 158 1458 189 ALPH/EI.

1797 161 1848 194 162

197 208 405 244 κηρυγμένην·
429 210 478 236 καὶ
494 209 553 244 τὴν
569 211 742 244 σταύρωσιν
760 210 932 244 ὁμολογεῖν,
948 219 986 237 κα

1049 220 1152 240 crucem
1164 213 1354 247 conﬁtendam,
1367 215 1640 250 resurrectionemqne
1654 216 1850 253 laudibucpro-

194 255 252 288 τὴν
270 254 446 281 ἀνάστασιν
459 254 653 289 δοξολογεῖν,
676 255 725 280 καὶ
751 254 809 287 τὴν
833 254 992 288 ἀνάληψιν

194 301 393 337 προσκυνεῖν,
415 301 456 334 ὡς
473 300 529 335 τῆς
546 300 640 334 ἄκρας
655 300 749 327 αὐτοῦ
767 301 995 335 φιλανθρωπίας

196 349 247 376 καὶ
264 348 419 382 δυνάμεως
435 348 637 382 γνωρίσματα·
648 347 687 379 ὡς
703 347 853 380 σωτηρίας
867 346 927 381 μὲν
946 346 998 374 καὶ

205 394 281 428 ζωῆς
304 393 428 421 αιωνίου
456 392 590 427 πρόξενα
610 392 673 425 τοῖς
694 393 730 418 ἐν
746 393 845 419 πίστει
870 391 997 419 καταδε-

195 440 356 476 χομένοις·
378 439 584 473 κατακρίσεως
615 437 650 465 δὲ
677 437 726 465 καὶ
755 437 911 472 κολάσεως
933 438 996 472 τοῖς

195 486 338 519 ἀπίστοις
353 486 555 520 γενησόμενα.

230 532 411 568 Παρήγγελλε
426 531 454 558 δὲ
474 530 573 566 μηκέτι
589 531 644 558 τῶν
659 529 737 562 ζώων
751 530 785 557 τὰ
806 530 934 565 εὐπρεπῆ
948 529 994 556 δόρ-

196 578 279 612 ξαντα
305 579 449 604 θεοποιεῖν·
472 576 609 612 κτηνῶδες
623 577 678 611 γὰρ
695 576 741 602 καὶ
762 576 859 610 ἄλογον
874 575 973 611 κομιδῇ
987 583 995 591 ·

197 624 260 659 μηδ’
279 623 396 658 ἀψύχοις
428 624 548 658 μορφαῖς
573 622 642 654 ὅλως
666 621 817 658 ἀνθρώπων
846 622 863 657 ἢ
890 621 994 657 θηρίων

194 671 343 706 προσέχειν
366 670 412 696 τὸν
442 668 520 696 νοῦν·
551 669 717 704 ἀναίσθητον
743 668 798 704 γὰρ
816 668 864 694 καὶ
892 668 995 703 σφόδρα

193 716 328 752 θηριῶδές
345 724 375 742 τε
395 716 443 742 καὶ
465 714 548 750 παχύ·
568 714 636 741 ἀλλᾶ
661 714 729 749 μηδὲ
744 716 802 746 τοῖς
829 714 929 741 πάθεσι
945 714 995 749 τῆς

192 763 293 798 ψυχῆς,
309 761 455 797 ἐπιθυμίᾳ,
470 761 553 797 φημὶ,
564 760 611 787 καὶ
623 761 702 795 θυμῷ
712 761 928 796 προστετηκέναι
945 769 997 787 πε-

194 810 328 846 ριπαθῶς·
351 809 419 845 μηδὲ
438 809 472 835 δι’
492 808 648 851 ὑπερϐολὴν
678 807 845 842 φιληδονίας,
860 808 918 838 τοῖς
941 807 996 833 ἀπὸ

192 856 243 890 τῆς
261 855 327 890 ὕλης
344 854 414 881 αὐτὰ
427 854 611 888 δελεάσμασιν
627 852 665 884 ὡς
677 852 891 887 ὑπεκκαύμασιν
910 853 996 878 ἐκπυ-

1051 259 1224 294 sequendam,
1235 263 1315 291 atque
1326 260 1382 293 eius
1394 261 1421 287 in
1435 260 1527 288 avium
1544 262 1718 296 receptionem
1728 264 1848 291 adoran-

1051 305 1132 337 dum;
1149 309 1278 340 tanquam
1291 306 1417 333 nimirum
1424 315 1535 334 summa:
1545 308 1627 342 ipsius
1639 307 1808 343 benignitatis
1817 318 1849 337 ac

1052 353 1176 387 potentia:
1199 357 1271 379 certa
1291 353 1468 380 documenta:
1491 357 1519 380 ut
1535 353 1588 380 illis
1609 355 1714 390 quidem
1733 356 1778 390 qui
1795 355 1849 390 ﬁde

1052 398 1208 433 suscipiant,
1219 397 1334 425 salntem
1345 398 1478 433 uitamque
1493 398 1630 432 allatura;
1647 404 1677 426 ut
1685 409 1746 428 vero
1761 401 1848 428 incre-

1052 442 1133 476 dulis,
1147 443 1243 478 judicii
1257 447 1282 470 et
1294 443 1518 471 condemnationis
1534 445 1624 479 futura
1640 453 1731 473 causa.

1089 535 1262 563 Admonebat
1275 540 1366 563 autem
1388 536 1413 563 id
1432 543 1518 571 genus
1533 537 1671 570 animalia,
1690 546 1751 573 qua:
1763 539 1847 567 deco-

1054 592 1115 612 rum
1140 585 1244 619 aliquid
1268 593 1300 611 ac
1320 584 1473 612 formosum
1494 585 1597 612 habere
1622 585 1768 614 videantur
1792 594 1848 614 non

1055 630 1175 664 amplius
1190 630 1216 657 iu
1230 630 1298 658 deos
1314 631 1510 658 consecranda.
1530 631 1598 658 Rem
1613 632 1687 658 enim
1707 633 1784 660 valde
1800 640 1849 667 pe-

1054 673 1163 700 cuinam
1179 682 1211 701 ac
1222 682 1237 701 a
1253 675 1360 702 ratione
1374 675 1569 703 abhorrentem
1581 684 1652 704 esse.
1666 677 1754 704 Nullis
1768 685 1847 712 pror-

1054 725 1102 744 sus
1122 718 1280 745 inanimatis
1314 719 1411 747 formis
1441 720 1585 747 hominum
1615 726 1663 748 aut
1697 721 1847 750 bestiarum

1053 760 1252 788 attendendum
1267 761 1390 788 animum
1402 771 1409 789 :
1428 762 1455 789 id
1467 762 1542 790 enim
1556 771 1652 790 eorum
1662 771 1723 791 esse
1736 765 1782 799 qui
1796 765 1848 792 hu—

1053 805 1195 834 manitatis
1206 807 1281 834 omni
1302 815 1384 834 sensu
1402 812 1527 841 careant,
1547 809 1680 844 valdeque
1696 818 1728 837 ex
1744 803 1844 838 bestia.-

1053 858 1114 878 rum
1129 851 1222 879 indole
1236 859 1427 887 crassumque.
1445 853 1517 887 Quin
1534 862 1585 881 nec
1597 855 1743 883 ali‘ectibus
1761 857 1847 884 animi

194 901 310 937 ροῦντας
327 901 473 928 Θεοποιεῖν,
501 899 619 926 ’Δτοπον
640 899 694 934 γὰρ
707 899 756 925 καὶ
770 898 900 930 ἐπιεικῶς
913 897 989 932 Λίγύη

1050 897 1060 933 (
1072 898 1216 933 cupiditati
1224 899 1328 926 scilicet
1341 903 1369 926 et
1382 899 1430 927 ira:
1441 899 1450 935 )
1462 900 1611 928 libidinose
1630 901 1844 934 adhaarendum;

193 956 273 974 πτιον
288 949 336 975 καὶ
363 947 513 983 δαιμόνιον·
534 947 669 982 Σώφρονι
696 946 730 973 δὲ
757 945 893 981 λογισμῷ
916 946 992 979 πρὸς

192 994 248 1019 τὸν
270 994 314 1026 είς
327 993 408 1028 ὑμᾶς
418 993 674 1028 εὐαγγελισθὲν-τα
690 992 787 1026 Λόγον
800 991 992 1026 ἀναγόμενοι,

193 1039 242 1066 καὶ
258 1038 299 1071 τῷ
321 1039 417 1066 αὑτοῦ
430 1040 510 1074 λόγῳ
524 1039 573 1066 καὶ
588 1040 669 1073 νόμῳ
687 1038 881 1072 τυπούμενοι,
898 1037 993 1069 οὕτως

192 1081 232 1110 ἃν
256 1084 312 1117 τῆς
336 1084 566 1118 ἐπηγγελμένης
587 1083 785 1110 ἐπιλαϐέσθαι
816 1081 992 1116 δυνήσεσθε

191 1129 277 1164 ζωῆς,
294 1130 329 1157 ἐν
349 1131 467 1164 Χριστῷ
493 1131 600 1164 Ἰησοῦ.
623 1129 726 1165 Ἀμήν.

1048 952 1100 972 nec
1117 945 1345 976 committendum
1364 952 1393 974 ut
1405 946 1529 974 libidinis
1542 948 1747 982 exsuperantia,
1758 953 1846 976 terre-

1048 990 1092 1017 nis
1113 989 1252 1017 illecebris
1274 995 1402 1026 tanquam
1427 992 1576 1020 incentivis
1596 1001 1744 1022 succenses
1769 995 1845 1030 ejus—

1047 1035 1122 1063 modi
1147 1036 1262 1064 affeetus
1291 1044 1323 1064 ac
1348 1038 1582 1072 perturbationes,
1608 1040 1675 1067 deos
1695 1040 1841 1069 faciamus.

1047 1082 1154 1118 Quippe
1170 1091 1227 1110 rem
1247 1083 1394 1110 absurdam
1407 1089 1434 1112 et
1448 1085 1529 1119 plane
1541 1082 1728 1121 Egyptiaeam
1740 1087 1843 1115 damo-

1046 1135 1169 1163 numque
1194 1128 1354 1162 propriam;
1377 1130 1423 1156 sed
1448 1129 1510 1156 dum
1534 1131 1620 1158 sobrio
1639 1133 1734 1159 mentis
1754 1141 1843 1167 sensu,

191 1178 292 1209 aiebat,
315 1178 351 1204 ad
364 1179 479 1213 suntqui
491 1178 526 1205 ad
556 1187 600 1206 vos
616 1179 775 1213 prwdicatus
790 1183 839 1211 est,
874 1179 1027 1207 Sermonem
1046 1179 1162 1211 subvehi,
1184 1178 1307 1214 illiusque
1326 1179 1447 1207 doctrina
1467 1189 1499 1208 ac
1521 1180 1576 1216 lege
1596 1181 1677 1210 imbni
1695 1184 1844 1220 contigerit,

191 1225 272 1250 vitam
287 1224 448 1259 promissam
471 1225 588 1250 nancisci
616 1224 711 1256 licebit,
734 1225 762 1251 in
780 1224 886 1252 Christo
904 1225 977 1252 Iesu.
996 1225 1091 1252 Amen.

197 1272 199 1274 ’
226 1268 373 1300 Τοιαύταις
391 1269 446 1294 τῶν
463 1268 551 1303 λόγων
565 1268 685 1304 ὁμιλίαις
700 1270 715 1295 ὁ
739 1270 993 1305 ἁξιοϐαυμαστότα-

191 1323 236 1346 τος
250 1314 398 1350 ἄνθρωπος
408 1314 601 1350 ὲμφιλοσοφῶν
617 1315 664 1342 τοῦ
683 1315 782 1351 Ἰησοῦ,
799 1316 847 1342 καὶ
856 1316 903 1342 ἐπὶ
919 1316 988 1343 πολὺ

191 1361 327 1396 στηρίζων
350 1361 415 1393 τοὺς
432 1361 612 1396 παρεστῶτας
636 1361 690 1388 ἀπὸ
718 1362 764 1389 τοῦ
789 1363 921 1398 σταυροῦ,
942 1362 988 1389 ἐπ’

189 1407 264 1442 αὐτῷ
288 1406 338 1442 μὲν
355 1407 532 1442 ἀνιωμένους,
551 1408 613 1439 ταῖς
639 1408 834 1443 ἐμφιλοσόφοις
855 1417 986 1444 παραμυ-

190 1451 321 1486 θούμενος
340 1452 516 1488 θεηγορίαιςο
531 1452 587 1479 τῶν
604 1453 820 1487 ὲσταυρωκότων
840 1452 869 1480 δὲ
885 1461 984 1479 κατευ-

191 1498 316 1533 μεγεθῶν
336 1498 375 1530 ὡς
395 1498 563 1533 εὐεργετεῖν,
579 1498 639 1525 ἀλλ’
650 1498 680 1525 οὺ
703 1498 863 1534 δυναμένων
878 1499 985 1528 λυπεῖν.

1082 1271 1256 1306 Ejuscemodi
1285 1271 1502 1300 fabulationibus
1518 1294 1526 1306 ,
1549 1272 1632 1301 homo
1657 1274 1739 1306 Jesu,
1756 1274 1844 1302 admi-

1044 1316 1150 1343 ratione
1178 1317 1355 1352 dignissimus
1374 1319 1505 1352 praeclare
1518 1319 1729 1354 philosopharis,
1758 1321 1842 1356 inque

1040 1361 1137 1397 longas
1161 1362 1243 1389 horas
1269 1367 1416 1390 astantese
1440 1372 1522 1391 cruce
1542 1365 1726 1398 conﬁrmans;
1751 1371 1837 1401 atque

1037 1415 1085 1435 eos
1102 1408 1223 1443 quidem,
1239 1415 1309 1444 quos
1324 1409 1438 1436 moleste
1452 1410 1572 1438 habebat
1587 1411 1625 1438 tui
1638 1412 1695 1439 haec
1703 1413 1832 1447 supplicii

1040 1452 1205 1486 immanitas,
1236 1454 1448 1489 sapientissimis
1475 1455 1577 1484 divinis
1596 1457 1841 1492 praedicationibus

1042 1499 1188 1527 consolans
1200 1520 1206 1532 ,
1228 1507 1277 1527 eos
1289 1507 1355 1527 vero
1371 1501 1418 1535 qui
1434 1501 1461 1528 in
1475 1509 1586 1529 crucem
1601 1504 1772 1531 sustulerant
1784 1512 1842 1532 ma-

189 1543 267 1576 Εἶτα,
285 1544 340 1572 τῶν
360 1545 411 1580 μὲν
423 1545 705 1580 ἀποσιωπησάμενος,
723 1545 814 1580 ἡσυχῆ
829 1545 858 1571 δὲ
874 1545 913 1580 τῷ
933 1546 989 1572 Ku-

1043 1544 1187 1579 gnitudine
1205 1546 1290 1573 animi
1310 1553 1452 1581 superans,
1474 1551 1605 1583 tanquam
1624 1549 1669 1584 qui
1688 1549 1839 1584 demereri,

189 1590 241 1626 ρίῳ
260 1589 518 1625 ἐξομολογούμενος,
538 1590 680 1626 ὲξεδήμεις
708 1591 758 1626 μὲν
785 1590 916 1623 ὲπιδόξως
937 1591 985 1618 τοῦ

189 1636 328 1672 σώματος,
341 1637 390 1664 καὶ
404 1636 478 1672 μάλα
498 1637 644 1672 προσηνῶς
657 1637 705 1664 καὶ
720 1638 806 1673 ἡδέως
831 1637 986 1673 ἀπολυόμε-

187 1691 245 1714 νος’
258 1683 401 1719 ἐνεδήμεις
415 1683 445 1710 δὲ
467 1684 496 1710 ὲν
512 1682 589 1718 τόπῳ
604 1683 709 1719 σκηνῆς
735 1683 915 1719 Θαυμαστῆς,
933 1684 988 1716 ἕως

186 1729 236 1755 τοῦ
250 1730 326 1756 οἴκου
343 1730 390 1757 τοῦ
411 1729 490 1757 Θεοῦ·
505 1729 554 1757 καὶ
578 1730 609 1756 ὲν
625 1730 701 1766 φωνῇ
714 1729 904 1764 ἀγαλλιάσεως
917 1730 985 1766 ηχου

187 1775 383 1810 ἑορταζόντων,
400 1778 469 1813 πρὸς
487 1777 533 1804 τὸν
558 1777 729 1813 ὑπερουσίως
757 1778 986 1813 ἀναλαμϐανόμε-

187 1821 234 1848 νόν
265 1830 294 1848 σε
317 1824 388 1857 μετὰ
405 1825 492 1858 χαρᾶς
510 1823 696 1860 ἀνεκλαλήτου
723 1824 770 1851 καὶ
790 1823 988 1861 διδοξασμένης

187 1867 314 1901 εἰσῆλθες
330 1868 460 1903 Χριστόν.

1042 1597 1098 1617 non
1111 1590 1219 1626 injuria:
1243 1591 1348 1626 aliquid
1372 1597 1420 1619 aut
1434 1593 1566 1620 molestiae
1587 1594 1688 1622 inferre
1709 1600 1838 1630 possent:

1043 1639 1156 1670 tumque
1174 1636 1209 1663 ab
1231 1636 1352 1664 humano
1374 1645 1485 1664 cessans
1509 1638 1657 1673 colloquio,
1676 1647 1708 1668 ac
1727 1640 1839 1667 silentio

1042 1681 1158 1709 Domino
1173 1683 1318 1716 conﬁtens,
1340 1683 1493 1711 excedebas
1511 1684 1630 1719 gloriose
1646 1693 1661 1713 e
1677 1694 1792 1721 corpore
1805 1687 1838 1720 “,

1043 1728 1121 1755 valde
1136 1729 1244 1764 placida
1257 1735 1338 1764 atque
1358 1730 1431 1757 dulci
1448 1731 1629 1766 resolutione,
1646 1732 1730 1767 inque
1744 1733 1837 1761 locum

1041 1773 1212 1802 tabernaculi
1226 1775 1396 1804 admirabilis
1410 1777 1620 1812 commigrabas.
1635 1786 1722 1813 usque
1738 1780 1771 1806 ad
1785 1780 1837 1807 do-

1042 1828 1116 1847 mum
1126 1820 1174 1848 Dei
1185 1821 1217 1837 "‘
1228 1830 1235 1849 :
1248 1826 1329 1856 atque
1343 1821 1370 1848 in
1382 1829 1449 1850 voce
1459 1824 1653 1852 exsultationis
1665 1825 1724 1852 soni
1737 1825 1836 1853 festum

1041 1867 1194 1901 agentium,
1208 1867 1242 1894 ad
1254 1875 1317 1894 eum
1332 1868 1380 1903 qui
1391 1868 1492 1896 eximia
1505 1870 1624 1904 quadam
1639 1872 1745 1899 ratione
1759 1879 1838 1899 assus

1040 1916 1139 1944 meret,
1167 1919 1229 1940 cum
1254 1913 1434 1941 inenarrabili
1457 1919 1486 1942 et
1501 1915 1655 1950 gloriﬁcato
1678 1917 1779 1952 gaudio
1801 1918 1835 1946 ad

982 1961 986 1964 ‘
1038 1957 1178 1985 Christum
1189 1958 1330 1993 ingressus
1345 1967 1375 1987 es
1392 1960 1424 1986 ⁸⁸.

222 1997 311 2034 Χαῖρε
324 1998 427 2032 τοίνυν,
442 1997 466 2028 ὧ
489 2001 583 2037 μάκαρ
608 2002 719 2030 Ἰάκωϐε
729 2022 738 2035 ,
754 2003 802 2031 καὶ
818 2003 913 2039 ἄριστε
937 2003 984 2032 τοῦ

185 2044 275 2079 Λόγου
288 2046 336 2072 καὶ
352 2046 460 2083 ἀοίδιμε
486 2048 607 2083 μαθητά.
624 2050 680 2076 Καὶ
699 2050 755 2086 γὰρ
769 2050 875 2086 χαίρεις
889 2050 985 2084 ὅντως,

185 2091 226 2123 ὡς
241 2093 292 2127 τῆς
304 2093 450 2130 ἀδιαδόχου
471 2095 520 2122 καὶ
540 2096 673 2131 ἀληθινῆς
687 2097 735 2124 καὶ
751 2097 888 2132 μυστικῆς
904 2097 985 2132 ἐκγο-

185 2145 233 2168 νος
243 2139 340 2173 χαρᾶς
355 2138 395 2170 ὡς
410 2139 467 2166 τῶν
481 2139 570 2175 Εργων
590 2140 659 2168 Θεοῦ
675 2141 723 2168 καὶ
734 2141 833 2175 ,λόγων
857 2142 984 2177 ἱεροφάν-

184 2191 249 2219 της,
262 2184 310 2210 καὶ
337 2185 480 2221 ίερουργὸς
500 2187 547 2213 καὶ
564 2188 757 2223 μυσταγωγός·
774 2188 812 2219 ὡς
827 2189 876 2224 τῆς
891 2188 985 2224 τιμίας

1075 2003 1156 2032 Salve
1175 2004 1258 2039 igitur
1275 2012 1307 2032 ac
1325 2005 1414 2040 gaude
1425 2027 1432 2038 ,
1451 2006 1533 2034 beate
1549 2007 1663 2041 Jacobe,
1680 2010 1835 2043 prmstanti-

1032 2042 1108 2077 lsime
1132 2050 1235 2085 pariter
1257 2055 1338 2086 atque
1362 2051 1462 2087 inclyte
1485 2052 1567 2080 Verbi
1583 2042 1729 2088 discipule.
1753 2055 1835 2082 Plane

1036 2095 1139 2123 etenim
1164 2096 1276 2131 gaudes,
1308 2103 1437 2133 tanquam
1472 2099 1636 2127 immortalis
1661 2101 1775 2136 verique
1802 2109 1835 2129 ac

1038 2141 1147 2176 mystici
1156 2142 1248 2177 gaudii
1262 2143 1363 2177 proles,
1379 2147 1509 2178 tanquam
1526 2144 1573 2171 Dei
1593 2152 1709 2180 operum
1729 2154 1834 2174 sermo-

1038 2194 1161 2222 numque
1183 2195 1261 2215 sacer
1285 2188 1433 2224 interpres,
1458 2190 1640 2229 ministerque
1664 2199 1695 2219 ac
1720 2192 1832 2226 doctor;

185 2229 236 2256 καὶ
242 2230 333 2265 ’ἱερᾶς
355 2218 404 2257 καὶ
414 2218 528 2267 ⁷οίεειιττῆς
541 2218 691 2265 διῦδεκάδος
704 2218 768 2260 ’τιῦν
791 2218 901 2270 ὑψηλῶν

1043 2236 1168 2267 tanquam
1186 2234 1232 2268 qui
1254 2235 1441 2262 venerabilem
1459 2240 1488 2263 et
1504 2243 1613 2269 sacrum
1624 2228 1832 2273 colendumque

186 2274 290 2302 στόλων
308 2276 422 2312 συμπλη
427 2278 527 2314 ρωτής.

221 2366 322 2401 Χαῖρε,
338 2366 391 2400 ὅτι,
402 2367 460 2399 υῑὺς
475 2367 514 2395 ὢν
535 2368 691 2404 ἀνθρώπου,
704 2370 751 2397 καὶ
781 2370 839 2402 υἱὸς
853 2370 921 2398 Θεοῦ
934 2371 984 2399 οὐκ

185 2411 303 2439 ἀκοῦσαι
328 2412 420 2447 μόνον,
436 2413 506 2441 ἀλλὰ
529 2415 577 2441 καὶ
605 2415 733 2449 γενέσθαι
754 2416 939 2451 κατηξίωσαι·
954 2417 985 2444 τὸ

187 2456 239 2492 μὲν
255 2457 348 2493 φύσει,
378 2459 408 2486 τὸ
435 2460 464 2486 δὲ
479 2460 565 2487 θέσει·
583 2461 630 2488 καὶ
643 2461 674 2488 τὸ
692 2462 752 2497 μὲν,
767 2463 840 2489 κατὰ
853 2463 903 2498 τὴν
916 2463 985 2499 πρὸς

186 2504 293 2536 πάντας
312 2505 475 2540 ἀνθρώπους
492 2507 652 2542 ὁμοιότητα,
665 2508 696 2535 τὸ
709 2509 737 2535 δὲ
752 2508 901 2544 ἐξαίρετον,
914 2511 985 2545 μετὰ

185 2550 242 2577 τῶν
257 2551 421 2587 ὑπερτάτων
436 2553 485 2580 τοῦ
500 2555 588 2588 Λόγου
609 2555 797 2592 κληρούμενος
809 2557 929 2587 ὀπαδῶν.

223 2642 323 2678 Χαῖρε,
339 2642 468 2679 ἄνθρωπε
493 2644 541 2671 τοῦ
559 2644 638 2672 Θεοῦ.
660 2646 695 2672 Σὲ
709 2646 773 2681 γὰρ,
787 2646 880 2679 καθὼς
900 2648 914 2674 ὁ
934 2657 984 2683 με-

188 2688 413 2723 γαλοφωνότατος
439 2689 554 2722 Ἡσαΐας
578 2692 672 2726 φησὶν,
703 2693 760 2724 τοῖς
785 2693 948 2727 Αἰγυπτίοις
968 2695 983 2721 ὁ

190 2733 294 2769 Κύριος
322 2734 526 2769 ἐξαποστέλλει,
559 2736 599 2772 Τῇ
613 2737 719 2773 ἡμέρᾳ,
741 2738 839 2774 λέγων,
864 2740 981 2776 ἐκείνῃ,

186 2779 275 2813 ἔσται
297 2782 518 2817 θυσιαστήριον
545 2782 586 2816 τῷ
608 2785 705 2818 Κυρίῳ
733 2785 767 2811 ἐν
791 2786 870 2820 χώρᾳ
896 2787 983 2821 Αιγυ-

227 2870 252 2887 ⁸⁸
263 2869 286 2898 ll
299 2869 362 2900 Cor.
375 2880 403 2905 ν,
421 2872 446 2900 8.
480 2872 514 2889 ⁸⁸⁴
526 2872 598 2900 Psal.
611 2880 664 2906 xu,
678 2873 704 2901 5.
743 2874 765 2891 ⁶⁶
776 2874 786 2902 Ι
798 2874 871 2903 Petr.
888 2875 914 2908 l,
926 2875 953 2903 8.

1036 2278 1176 2313 compleas
1211 2279 1414 2308 duodenarium
1442 2282 1607 2310 sublimium
1645 2285 1833 2319 aposlolorum

1036 2323 1165 2351 chorum.

1071 2369 1164 2398 Gaude
1186 2372 1278 2406 quod,
1303 2379 1364 2400 cum
1384 2374 1472 2402 Filius
1487 2374 1607 2403 hominis
1626 2383 1711 2409 esses,
1730 2377 1833 2405 nedum

1038 2420 1067 2444 ut
1081 2417 1192 2445 audires
1207 2418 1253 2446 Dei
1266 2418 1362 2451 Filius,
1384 2420 1433 2448 sed
1453 2425 1482 2448 ut
1497 2421 1581 2448 etiam
1595 2421 1744 2450 elIicereris
1765 2431 1834 2451 con-

1026 2468 1150 2491 secutus
1163 2472 1207 2497 es;
1223 2464 1340 2492 alterum
1354 2466 1477 2500 quidem,
1494 2471 1608 2501 natura;
1621 2468 1738 2495 alterum
1755 2477 1831 2502 vero,

1036 2509 1130 2544 gratia:
1146 2517 1278 2538 munere:
1293 2516 1374 2546 atque
1387 2512 1514 2545 alterum,
1531 2521 1585 2548 qua
1596 2516 1704 2541 cunctis
1718 2516 1833 2550 perinde

1036 2556 1196 2584 hominibus
1212 2557 1311 2585 similis
1323 2566 1370 2592 es;
1387 2559 1504 2586 alterum
1518 2567 1581 2586 cum
1592 2563 1728 2596 supremis
1737 2567 1835 2589 nactus

1036 2602 1119 2629 Verbi
1131 2602 1277 2639 discipulis
1290 2611 1321 2632 ae
1335 2606 1533 2634 sectatoribus.

1070 2647 1128 2676 Ave
1153 2649 1202 2681 sis,
1226 2648 1308 2677 homo
1336 2650 1394 2677 Dei.
1418 2651 1457 2678 Te
1490 2651 1564 2679 cnim
1598 2650 1833 2687 quemadmodum

1036 2695 1227 2723 vocalissimus
1244 2696 1440 2731 prophetarum
1454 2697 1539 2725 Isaias
1553 2698 1601 2730 ait,
1615 2697 1746 2724 Dominus
1754 2695 1834 2731 [Egy-

1035 2740 1102 2775 ptiis
1114 2741 1209 2768 mittit.
1226 2741 1258 2769 In
1272 2743 1315 2769 die
1324 2742 1373 2770 illa
1386 2763 1392 2775 ,
1410 2743 1510 2778 inquit,
1522 2744 1571 2770 erit
1584 2743 1671 2770 altare
1682 2741 1792 2768 Domino
1803 2743 1835 2769 in

1035 2787 1141 2823 regione
1156 2787 1264 2824 Egypti
1272 2811 1279 2824 ,
1291 2794 1316 2817 et
1331 2791 1415 2818 mittet
1432 2791 1468 2818 eis
1482 2790 1609 2818 Dominus
1623 2789 1754 2817 hominem
1768 2809 1774 2821 ,
1787 2789 1836 2826 qui
