2078 3154
245 160 299 195 16⁷1

848 156 997 188 NICET/E
1015 153 1282 186 PAPHLAGONIS

1837 155 1889 188 168

245 216 336 253 palam
352 214 568 250 designaverunt
578 213 679 246 fontes,
695 212 729 240 ad
750 219 821 248 quos
835 212 942 247 pridem
962 210 1039 238 Israel

1099 209 1192 244 σαφῶς
1207 209 1236 236 αἱ
1250 208 1323 236 κατὰ
1340 208 1390 243 τὴν
1412 208 1516 244 ἔρημον
1528 208 1632 236 δώδεκα
1650 206 1817 245 “post-5mm;
1839 218 1883 246 πη-

245 266 454 290 castrametatus
464 265 516 293 est,
528 268 590 288 cum
602 260 772 287 Pharaonem
781 263 867 292 atque
894 257 1041 292 [Egyptum

244 308 406 344 fugisset”.
417 307 471 334 Hos
482 314 591 342 quoque
603 304 805 333 lsraelisfontes
817 304 906 331 dictos
914 303 1044 335 arbitror,

245 361 280 382 ex
298 353 401 388 quibus
420 353 448 380 in
462 352 592 380 Ecciesiis
606 351 692 378 Deum
707 349 873 378 benedicere
884 349 964 384 jubet
975 348 1041 376 bea-

247 404 291 427 tus
305 399 389 427 David
414 399 447 425 ⁷¹.
466 398 554 426 Nullis
569 397 644 424 enim
658 395 751 423 verbis
767 394 924 430 explicabili
941 394 1042 422 mentis

246 444 392 472 altitudine
413 452 443 471 ac
454 443 617 478 eapacitate,
630 442 663 469 ad
675 441 816 469 fontanum
826 440 915 476 ipsum
923 439 1041 467 nnicun-

246 495 300 522 que
315 487 480 522 spiritalium
495 493 628 520 aquarum
643 484 808 520 principium
821 483 944 516 deducti,
962 483 1041 510 inde-

246 540 300 567 que
308 532 409 568 jugiter
425 531 452 558 in
472 538 520 558 eos
541 537 655 557 manans
673 528 878 556 illuminatricis
894 527 1038 563 theologis

246 579 380 605 ﬂuentum
396 577 589 611 suscipientes,
603 580 686 610 atque
701 582 735 602 eo
749 574 853 602 aﬂ'atim
869 573 976 608 repleti,
991 574 1039 610 ju-

247 627 308 658 gem
326 622 457 650 omnibus
471 620 815 655 sitientibusvuberemque
831 619 965 647 medelam
979 626 1040 646 sca-

247 668 366 696 turiunt.

281 714 321 742 Ad
332 714 400 742 tales
411 714 493 749 igitur
506 713 595 740 fontes
605 719 738 747 aquarum
750 711 888 739 desiderio
905 711 1037 745 feramur,

245 767 446 794 cervorumque
461 759 489 786 in
503 766 609 786 morem
623 757 768 785 ardentius
786 757 921 785 siticulosi
931 757 1038 784 huncce

244 798 353 833 laticem
366 805 493 832 ineuntes
500 809 582 840 atque
588 804 687 839 gaudio
695 804 905 836 haurientes”,
912 807 1036 831 nostrum

244 860 277 879 ex
293 852 347 879 illis
357 851 523 879 desiderium
538 851 701 886 impleamus
718 851 750 877 ".
764 850 803 877 Ne
818 855 907 877 tamen
925 850 1039 884 ingratis

1100 256 1157 290 ταὶ,
1174 253 1218 288 αἷς
1246 257 1260 282 ὁ
1283 254 1391 290 Ἰσραὴλ
1405 254 1489 281 πάλαι
1505 254 1606 290 Φαραὼ
1628 255 1676 282 καὶ
1689 255 1738 290 τὴν
1753 255 1891 289 Αἰγυπτον

1098 301 1285 337 παρενέσαλεν
1304 300 1441 335 ἐκφυγών.
1457 300 1576 332 Τούτους
1596 301 1718 336 ἠγοῦμαι
1732 300 1779 327 καὶ
1797 301 1891 336 πηγὰς

1098 346 1225 381 είρῆσθαι
1238 345 1286 372 τοῦ
1305 344 1424 381 Ἰσραὴλ,
1440 345 1469 378 ἐξ
1483 341 1520 372 ὧν
1539 344 1569 372 ἐν
1594 344 1755 380 ἐκκλησίαις
1769 345 1890 380 εὐλογεῖν

1096 392 1144 419 τὸν
1160 392 1238 424 Θεὸν,
1263 393 1279 418 ὁ
1302 392 1439 427 μακάριος
1452 391 1604 426 προτρέπει
1623 391 1718 418 Δασίδ.
1743 391 1890 427 Ἀφράστῳ

1097 438 1152 474 γὰρ
1166 437 1285 470 διανοίας
1300 437 1387 473 βάθει,
1406 438 1475 472 πρὸς
1489 436 1575 473 αὐτὴν
1588 437 1644 464 τῶν
1667 437 1771 472 νοητῶν
1785 437 1890 464 ὑδάτων

1095 484 1146 518 τὴν
1161 483 1282 519 πηγαίαν
1302 483 1349 510 καὶ
1374 482 1440 518 μίαν
1463 483 1550 519 ἀρχὴν
1569 483 1804 518 ἀναστομούμενοι
1822 483 1891 518 Χρι-

1097 529 1170 563 στὸν,
1190 529 1318 557 κάκεῖθεν
1336 528 1522 560 ἀνεκλείπτως
1534 529 1565 556 τὸ
1583 529 1633 563 τῆς
1647 529 1815 564 φωτιστικῆς
1828 530 1889 556 Θεο-

1095 575 1188 610 λογίας
1203 575 1311 611 ῥεῖθρον
1325 573 1368 602 ἐπ’
1381 574 1479 606 αὐτοὺς
1495 574 1535 601 Ξὺν
1547 574 1741 610 ὑποδεχόμενοι
1756 575 1804 601 καὶ
1817 575 1889 610 πληο

1097 623 1235 660 ρούμενοι,
1256 622 1368 650 ἀένναόν
1393 631 1423 649 τε
1448 623 1516 649 πᾶσι
1544 623 1592 649 καὶ
1608 621 1724 657 ἄφθονον
1748 622 1819 657 ῐαμα
1831 623 1888 654 τοῖς

1095 670 1209 705 διψῶσιν
1220 669 1428 701 ἀναϐλύζουσιν.

1131 714 1237 741 Οὔκοῠν
1256 714 1470 749 ἐπιποθήσωμεν
1485 713 1531 740 ἐπὶ
1546 714 1596 745 τὰς
1611 714 1740 745 τοιαύτας
1756 713 1811 740 τῶν
1823 713 1888 740 ὑδά-

1094 768 1148 787 των
1165 759 1267 795 πηγὰς,
1281 760 1328 786 καὶ
1342 760 1412 787 κατὰ
1425 760 1474 792 τὰς
1486 759 1769 795 ἱλάφους,διψητικῶς
1783 759 1887 796 σφόδρα

1093 805 1173 831 τοῦτο
1197 805 1228 831 τὸ
1255 805 1331 839 νάμα
1360 805 1516 840 μετιόντες,
1543 806 1592 832 καὶ
1623 806 1683 840 μετ’
1713 804 1886 840 εὐφροσύνης

1095 850 1303 883 ἀπαντλοῦντες,
1329 849 1360 882 ἐξ
1382 849 1465 877 αὐτοῦ
1480 850 1530 885 τὴν
1545 850 1623 885 ἡμῶν
1639 849 1885 884 ἀποπληρὼσωμεν

245 897 374 924 moribus
392 904 423 924 ae
439 897 586 923 brutorum
605 895 720 928 similes,
739 895 851 931 ingenui
866 895 949 922 animi
966 894 1039 922 nulla

1095 895 1253 931 ἐπιθυμίαν.
1276 896 1357 922 Ἀλλὰ
1380 896 1418 931 μὴ
1439 882 1595 930 exagitatis;
1609 895 1659 930 τῆς
1673 882 1797 930 δωρεές,
1817 882 1885 930 pqae

249 942 387 977 probitate
404 941 506 968 donum
523 940 657 975 ejusmodi
672 945 756 975 atque
771 940 937 968 beneficium
952 947 1044 967 suma-

245 995 306 1015 mus
320 987 382 1014 :sed
395 987 492 1021 repleti
502 994 571 1021 aqua
582 986 642 1013 viva
651 986 694 1018 7",
704 986 842 1014 viventem
849 986 965 1014 hostiam
976 993 1041 1013 san-

244 1038 327 1064 ctam,
348 1032 511 1059 rationabile
534 1032 698 1067 obsequium
721 1036 859 1065 nostrum,
873 1032 986 1059 honoris
1001 1031 1036 1058 ti-

250 1078 308 1105 tulo
320 1077 358 1105 illi
374 1077 605 1112 rependamus";
623 1085 721 1112 nempe
733 1077 864 1104 continue
875 1077 955 1112 (quos
971 1076 1038 1110 dixi)

247 1124 344 1151 vitales
361 1123 550 1150 benedicendo
566 1123 672 1156 fontes;
685 1131 717 1150 ac
730 1131 778 1158 per
790 1124 862 1155 illos,
875 1123 909 1150 ad
923 1123 1040 1150 divinis-

249 1169 350 1196 simum
371 1169 448 1196 illum
465 1175 605 1202 unumque
629 1168 822 1196 universorum
847 1168 963 1201 fontem,
981 1169 1040 1195 lau-

250 1214 312 1242 dem
329 1214 459 1241 ferentes.

281 1260 381 1286 Natura
393 1259 504 1295 quidem
514 1261 648 1288 indivisus
660 1260 880 1295 indissectusque
910 1260 1038 1288 sacratis-

248 1306 335 1334 simus
349 1306 493 1334 duodenus
504 1307 690 1341 apostolorum
706 1307 827 1338 chorus;
842 1314 874 1333 ac
886 1306 958 1333 sicut
970 1314 1042 1334 unus

249 1351 392 1385 Dominus,
404 1360 513 1387 unaque
526 1352 594 1380 ﬁdes
604 1357 632 1380 et
641 1353 725 1388 gloria
736 1357 764 1380 et
776 1353 862 1387 gratia
874 1352 930 1379 illis
941 1352 1040 1384 inerat,

245 1397 287 1424 sic
301 1402 330 1424 et
345 1397 393 1432 ipsi
412 1405 495 1424 unum
505 1397 607 1425 Christi
625 1405 726 1432 corpus
742 1398 908 1424 exstiterunt
921 1398 972 1424 7":
989 1398 1043 1425 sic-

245 1450 298 1478 que
310 1443 392 1470 unius
404 1443 474 1475 laus,
486 1443 640 1470 communis
653 1443 846 1470 universorum
861 1443 984 1470 laudatio
994 1451 1042 1470 ex-

245 1488 336 1520 stitit,
349 1489 581 1523 quemadmodum
594 1489 675 1516 etiam
689 1489 784 1516 eadem
797 1496 867 1524 pene
882 1496 978 1516 omnes
988 1488 1043 1515 vir-

1092 939 1195 973 τρόπον
1216 939 1332 973 ἀλόγων,
1347 940 1513 974 ἀγνωμόνως
1535 940 1587 974 τῆς
1603 939 1732 973 τοιαύτης
1744 939 1886 974 μετάσχω.

1096 993 1144 1020 μεν
1156 985 1333 1020 εὐεργεσίαςυ
1356 985 1542 1021 πληρούμενοι
1566 985 1594 1011 δὲ
1609 984 1657 1011 τοῦ
1672 984 1773 1016 ζῶντος
1788 984 1885 1016 ὕδατος

1093 1031 1183 1064 ζῶσαν
1211 1032 1307 1058 θυσίαν
1318 1052 1325 1064 ,
1341 1032 1432 1066 ἁγίαν,
1458 1031 1508 1066 τὴν
1523 1032 1636 1066 λογικὴν
1651 1031 1729 1066 ἡμῶν
1743 1030 1882 1066 λατρείαν.

1092 1079 1132 1109 είς
1145 1078 1224 1111 λόγον
1237 1077 1382 1112 ἀποδῶμεν
1397 1077 1495 1113 τιμῆς’
1512 1077 1653 1112 προσεχῶς
1669 1077 1718 1112 μὲν
1745 1076 1793 1108 τὰς
1809 1077 1885 1111 εἰρη-

1093 1124 1177 1158 μένας
1198 1123 1349 1157 ζωογόνους
1366 1123 1541 1156 εὐλογοῦντες
1563 1123 1670 1158 πηγάς”
1684 1123 1718 1150 δι’
1738 1123 1830 1149 αὐτῶν
1854 1121 1883 1148 δὲ

1091 1170 1141 1204 τὴν
1158 1169 1263 1196 αῐνεσιν
1278 1169 1345 1205 πρὸς
1369 1169 1417 1205 τὴν
1435 1169 1666 1204 ζωαρχικωτάτην
1682 1170 1730 1196 καὶ
1745 1169 1811 1204 μίαν
1828 1168 1883 1195 τῶν

1090 1215 1159 1244 ὅλων
1174 1216 1357 1251 ἀναφέροντες
1375 1216 1477 1252 πηγήν.

1139 1260 1305 1295 ’Δδιαίρετος
1322 1261 1372 1295 μὲν
1390 1261 1436 1287 οὖν
1459 1261 1529 1288 κατὰ
1554 1261 1634 1295 φύσιν
1650 1261 1698 1288 καὶ
1719 1261 1841 1296 ἄτμητος
1864 1261 1881 1296 ἡ

1091 1305 1145 1333 τῶν
1157 1307 1315 1333 ἀποστόλων
1335 1307 1493 1343 πανευαγὴς
1508 1307 1628 1338 δωδεκὰς
1640 1316 1647 1323 ·
1664 1307 1712 1334 καὶ
1734 1307 1829 1342 ὥσπερ
1843 1304 1884 1339 εἷς

1092 1353 1205 1389 Κύριος,
1221 1353 1250 1379 ἓν
1266 1352 1390 1388 Πνεῦμα,
1407 1353 1456 1388 μία
1476 1362 1506 1379 τε
1523 1353 1613 1384 πίστις
1633 1353 1680 1379 καὶ
1698 1352 1761 1385 δόξα
1778 1352 1824 1379 καὶ
1835 1352 1884 1387 χά-

1093 1407 1134 1434 ρις
1150 1399 1252 1431 αὐτοῖς,
1274 1399 1360 1430 οὕτως
1381 1398 1410 1425 ἓν
1432 1398 1514 1434 σῶμα
1540 1399 1658 1433 Χριστοῦ
1685 1399 1821 1433 πεφήνασι
1835 1398 1884 1425 καὶ

1091 1444 1179 1478 αὐτοὶ,
1195 1443 1267 1470 οὕτω
1280 1444 1327 1471 καὶΙ
1339 1444 1353 1471 ὸ
1367 1444 1414 1470 τοῦ
1436 1444 1495 1475 ἑνὸς
1510 1443 1605 1479 ὕμνος,
1625 1444 1713 1475 κοινὸς
1731 1444 1786 1470 τῶν
1815 1443 1885 1470 ὅλων

1092 1491 1176 1523 ἐστὶν,
1193 1491 1287 1526 ὥσπερ
1308 1491 1325 1526 ἡ
1353 1491 1415 1517 κατ’
1433 1490 1534 1526 ἀρετὴν
1559 1490 1734 1525 εὐδοκίμησις
1755 1490 1885 1517 ἁπάντων

245 1537 302 1561 tute
317 1535 485 1561 claruerunt.
502 1534 570 1562 Cum
597 1540 688 1562 tamen
704 1536 839 1570 cujusque
855 1535 970 1562 seorsim
988 1542 1033 1562 sa-

1092 1536 1212 1571 σχεδὸνή
1232 1536 1314 1571 αὐτή.
1332 1535 1401 1563 Ἀλλ’
1415 1536 1501 1570 ὅμως,
1517 1535 1571 1562 ἰδία
1587 1534 1691 1562 τούτων
1707 1535 1822 1562 ἑκάστου
1835 1534 1886 1569 τὴν

244 1586 319 1606 cram
327 1580 488 1607 memoriam
497 1580 680 1611 celebremus,
690 1588 721 1607 ac
730 1581 805 1607 velut
816 1579 1038 1607 diversisChristi

245 1625 387 1658 membris,
404 1626 563 1660 personantes
574 1633 670 1653 eorum
687 1625 872 1660 proprietates
885 1625 1039 1661 distingua-

279 1725 306 1762 ’ξ
320 1725 406 1762 Exod.
422 1735 465 1762 xv,
479 1726 524 1754 27.
563 1726 669 1762 “_Psal.
681 1735 760 1759 LXVII,
770 1728 815 1754 27.

244 1760 384 1796 "’Ephes.
403 1769 439 1793 Iv,
456 1761 482 1789 5.

244 1866 292 1890 aut
305 1861 440 1888 translatae
454 1860 533 1896 fidem
551 1860 725 1895 astringeret,
739 1861 855 1896 ejusque
870 1861 918 1888 'rei
943 1860 1036 1888 subsi-

245 1897 292 1924 dio
308 1896 420 1923 aﬂ‘erret
439 1897 505 1929 (uno
519 1895 652 1931 duntaxat
669 1895 750 1922 allato
776 1895 916 1931 Dienysio,
931 1903 991 1931 cap.
1007 1896 1035 1927 5.

244 1932 283 1958 De
297 1931 391 1958 divinis
406 1931 528 1965 nomin.),
540 1930 591 1957 alia
607 1930 698 1957 omnia
719 1930 907 1962 monumenta,
927 1930 1036 1965 ut’ipse

244 1967 318 1994 clare
346 1966 490 2001 profitetur
516 1967 542 1992 in
567 1966 740 2001 orationibus
761 1966 868 2000 pridem
885 1966 1035 2001 Lipomano

244 2000 352 2032 Latine,
369 2000 434 2027 mihi
452 2004 569 2035 utraque
589 2000 692 2035 lingua.
711 2000 916 2035 repraesentatis
933 2001 1036 2028 auctis-

243 2044 307 2070 que.
323 2035 400 2069 Quod
417 2040 506 2062 tamen
532 2036 591 2062 leve
608 2035 765 2070 pnesidium
781 2036 806 2062 ci
831 2036 904 2070 quod
921 2043 1038 2070 praeser-

244 2072 293 2099 tim
307 2071 443 2097 Maximus
457 2070 587 2106 Dionysii
611 2070 773 2097 scholiastes
797 2071 986 2105 gravissimus,
1002 2070 1038 2098 de

243 2106 371 2140 sepulcro
387 2105 528 2132 Dominico
540 2105 672 2139 exponat,
690 2106 717 2132 in
734 2113 789 2139 quo
804 2105 845 2132 sic
860 2106 917 2133 vita
942 2113 1038 2134 susce-

243 2139 302 2175 pta,
318 2148 350 2168 ac
361 2140 435 2174 quod
454 2140 517 2167 inde
532 2139 681 2170 vivificum,
697 2140 768 2175 quod
787 2140 959 2168 Dominieum
975 2149 1038 2168 cor-

244 2174 307 2211 pus
321 2175 498 2211 suscepisset.
521 2175 599 2209 isque
629 2174 692 2201 inde
713 2175 857 2203 triduanus
881 2183 1037 2211 resurgens,

243 2209 324 2236 nobis
338 2210 420 2245 vitam
443 2209 642 2245 incorruptam.
658 2213 685 2236 et
708 2217 762 2245 qua
774 2211 832 2244 ipse
848 2209 971 2245 praeivit,
982 2211 1035 2237 ini—

248 2244 352 2280 tiasset.
374 2244 454 2271 Certe
469 2244 495 2270 in
509 2251 543 2280 eo
560 2244 679 2280 maxime
701 2244 828 2280 elucebat
844 2244 1037 2280 {poterantque

244 2279 398 2314 intelligere
410 2279 527 2313 apostoli
540 2278 649 2313 virique
673 2279 827 2313 apostolici)
848 2278 960 2313 ira/inita:
982 2278 1038 2307 uir-

244 2315 306 2340 tutis
323 2314 475 2343 ἀσθένειαν.
492 2319 522 2340 ιιι
539 2313 641 2340 habent
656 2321 751 2340 omnes
767 2314 846 2342 codd.
867 2314 1037 2342 imbecillita-

244 2353 308 2384 (em,
326 2356 392 2380 non,
411 2348 484 2382 quod
506 2348 603 2384 redditi
620 2348 702 2380 Bibl.,
724 2351 880 2384 potentiam,
903 2350 1037 2384 quidquid

244 2383 356 2410 tandem
372 2384 397 2409 in
412 2391 462 2410 suo
477 2384 539 2411 cod.
561 2383 700 2414 habuerit.
726 2383 770 2410 vel
794 2384 833 2411 illi
855 2383 1011 2418 obrepserit
1030 2393 1036 2411 :

245 2418 304 2446 haec
321 2418 451 2445 nimirum
470 2418 562 2445 divina
580 2419 742 2449 exinanitio,
755 2419 835 2446 nobis
847 2428 861 2446 ιι
875 2418 958 2445 Paulo
968 2427 1037 2453 prte-

245 2453 343 2489 dicata.
366 2453 450 2487 quue
463 2453 542 2484 adeo,
556 2454 579 2480 si
593 2453 731 2489 quarﬁdes
748 2454 829 2489 hujus
843 2454 976 2489 Dionysii,
989 2454 1034 2481 cui

245 2487 314 2515 nihil
331 2495 443 2515 necesse
458 2489 529 2515 istud
547 2488 580 2515 de
593 2488 684 2516 Mari-.e
697 2487 836 2523 exsequiis
858 2487 970 2520 addere,
988 2496 1038 2516 eo-

244 2531 298 2557 que
314 2530 425 2558 gravare
437 2524 509 2557 quod
524 2522 606 2550 nullis
627 2528 750 2550 veterum
769 2522 957 2551 monumentis
971 2531 1038 2550 con-

245 2563 337 2590 sonat,
351 2558 510 2594 respuitque
529 2559 586 2593 ipse
601 2559 759 2594 Baronsan.
770 2558 814 2585 52.
826 2558 880 2586 Sed
899 2558 1040 2594 lueejusto

245 2594 334 2628 plura.
351 2593 391 2620 Ad
409 2601 466 2619 rem
484 2599 615 2620 nostram.
627 2593 671 2621 Uti
685 2593 855 2628 Magdalena,
872 2594 912 2621 sic
926 2593 1037 2628 queque

244 2636 305 2663 quae
322 2628 459 2663 llicrapoli
478 2628 594 2663 Philippi
607 2628 669 2655 lilia
688 2628 808 2663 virgines
820 2634 1038 2661 consenuerunt,

244 2668 272 2690 et
286 2664 323 2690 ibi
336 2663 452 2698 sepulta:
466 2669 539 2696 sunt,
555 2663 607 2690 alia
619 2671 652 2690 ex
672 2670 753 2690 causa
772 2663 809 2690 ibi
827 2663 977 2698 hospitium
990 2664 1038 2692 de-

244 2698 370 2733 legerint,
383 2706 464 2733 quam
488 2703 516 2725 ut
532 2703 608 2733 patre
624 2699 792 2730 fruerentur,
811 2699 857 2733 qui
875 2698 946 2726 forte
965 2699 1039 2726 diem

245 2734 362 2769 obierat.
380 2738 408 2760 ut
421 2738 450 2761 et
465 2733 606 2768 Philippus
632 2733 691 2768 ipse
710 2733 790 2768 primi
810 2734 917 2769 ordinis
932 2738 1041 2769 aposto-

245 2768 298 2798 lus.
312 2773 459 2803 antequam
481 2769 534 2796 illa:
547 2769 573 2794 in
595 2768 687 2794 Asiam
715 2769 810 2802 pedem
828 2768 961 2796 inferrent
979 2778 985 2795 :
1000 2769 1040 2796 sic

246 2810 311 2829 vero
324 2803 461 2837 Hierapoli
478 2807 690 2835 consummatas,
708 2803 817 2837 pietatis
837 2803 958 2830 fidelium
975 2803 1038 2836 fuit,

247 2841 275 2862 ut
290 2845 373 2877 prope
395 2837 525 2877 Philippi
545 2838 687 2877 tumulum
707 2837 833 2877 religiose
856 2838 1038 2877 deponerent,

246 2872 381 2909 qua-.ipsaa
398 2872 476 2902 inter
483 2872 573 2909 prima
585 2872 803 2901 Christianitatis
820 2872 923 2901 Iumina
943 2880 1040 2903 cense-
1051 2911 1076 2914 γ’.

1093 1581 1169 1616 ἱερὰν
1180 1581 1321 1613 τελοῦντες
1336 1581 1527 1616 μνημοσύνην,
1547 1582 1595 1607 καὶ
1609 1580 1654 1608 οἶα
1668 1581 1806 1615 διαφόροις
1818 1581 1885 1616 Χρι-

1092 1625 1156 1653 στοῦ
1171 1625 1275 1661 μέλεσι,
1291 1625 1340 1658 τὰς
1353 1625 1424 1653 κατὰ
1439 1626 1488 1661 τὴν
1503 1625 1652 1653 ὑπόστασιν
1675 1625 1767 1653 αὐτῶν
1784 1625 1884 1661 ἰδιότη-

869 1727 888 1743 ¹·
902 1726 972 1754 Psal.
989 1735 1040 1761 xu,
1053 1727 1082 1755 2.
1114 1726 1138 1743 '"
1150 1726 1221 1754 Psal.
1237 1734 1313 1754 cxxvr
1329 1726 1355 1754 5.
1383 1726 1418 1742 ’ν
1433 1726 1559 1759 Joan.iv,
1574 1726 1617 1754 10.
1652 1726 1675 1742 ⁷³
1691 1726 1773 1754 Rom.
1793 1734 1842 1759 xu,
1858 1726 1884 1754 Ι.

1091 1865 1198 1894 rentur,
1215 1866 1244 1889 et
1267 1869 1384 1896 quarum
1407 1861 1435 1889 in
1463 1861 1606 1896 Scriptura
1628 1866 1789 1890 consecrata
1812 1868 1886 1890 esset

1091 1897 1241 1929 memoria;
1262 1904 1377 1931 quarum
1406 1897 1472 1931 ipsa:
1492 1896 1593 1931 prioris
1619 1897 1798 1924 habitationis
1817 1897 1884 1924 azdi-

1090 1931 1160 1959 culae
1173 1931 1303 1973 σπεεξηες
1317 1932 1524 1973 venerationem
1539 1932 1685 1973 haberent,
1700 1932 1885 1973 quaslliero-

1091 1974 1190 2002 nymus
1200 1974 1263 1994 cum
1273 1967 1364 2002 Paula
1387 1971 1527 1994 exstantes
1546 1967 1636 1994 adhuc
1664 1967 1801 1994 inviserit.
1822 1967 1884 1995 Haec

1090 2001 1162 2029 forte
1178 2002 1254 2036 justo
1267 2001 1365 2029 fusius.
1380 2002 1471 2029 Unum
1487 2002 1554 2029 mihi
1572 2002 1646 2029 istud
1667 2002 1816 2029 observare
1833 2010 1883 2036 po-

1092 2036 1178 2064 tuisse
1198 2036 1226 2064 in
1241 2043 1292 2064 suo
1305 2037 1426 2064 Eusebio
1440 2036 1550 2064 videtur
1568 2038 1611 2064 vir
1628 2037 1655 2064 in
1674 2045 1708 2064 eo
1728 2037 1884 2064 versatissi—

1090 2079 1162 2104 mus,
1175 2071 1216 2099 sic
1231 2079 1294 2099 eum
1318 2071 1460 2099 historiam
1478 2071 1628 2106 primorum
1652 2072 1762 2098 illorum
1778 2076 1884 2106 tempo-

1090 2115 1152 2133 rum
1168 2107 1299 2138 texuisse,
1315 2111 1345 2133 ut
1360 2107 1385 2133 ei
1403 2106 1535 2134 duntaxat
1558 2107 1775 2140 insereret,qu:e
1791 2107 1834 2134 vel
1849 2114 1883 2134 ex

1091 2141 1245 2176 Scriptura,
1260 2143 1302 2168 vel
1318 2149 1352 2168 ex
1363 2142 1447 2168 certis
1463 2141 1666 2176 theologorum.
1683 2148 1754 2174 quos
1777 2141 1882 2173 laudat,

1091 2175 1276 2203 monumentis
1295 2176 1420 2206 haberet.
1445 2183 1500 2202 non
1517 2183 1578 2207 qua:
1594 2175 1635 2202 vel
1654 2175 1725 2202 fama
1746 2176 1882 2211 vulgaret,

1091 2212 1135 2238 vel
1157 2211 1271 2238 incertis
1292 2211 1452 2237 auctoribus
1473 2210 1630 2244 conscripta
1657 2215 1806 2237 exstarent.
1822 2212 1883 2244 Quo

1090 2245 1192 2273 factum
1212 2250 1251 2275 ut,
1269 2245 1359 2272 tacitis
1371 2245 1453 2272 rebus
1469 2245 1562 2273 Jacobi
1574 2245 1688 2280 Alphaei,
1705 2246 1732 2272 in
1747 2246 1831 2273 rebus
1839 2247 1884 2273 Ja-

1089 2280 1270 2316 eobirfratris
1289 2280 1398 2316 Domini
1422 2284 1544 2316 moratus
1573 2280 1626 2312 sit,
1650 2288 1684 2307 ex
1708 2288 1763 2315 quo
1785 2289 1881 2316 parum

1091 2315 1192 2346 cautis,
1216 2315 1286 2351 alter
1305 2315 1383 2342 alteri
1406 2315 1583 2351 substitutus,
1602 2315 1812 2351 expunctusque
1833 2316 1881 2351 qui

1092 2357 1157 2377 vere
1169 2350 1309 2384 apostolus
1325 2356 1352 2377 et
1368 2351 1463 2385 major.
1480 2350 1553 2384 quod
1569 2350 1603 2377 de
1623 2350 1769 2378 duodecim
1783 2359 1790 2377 :
1810 2350 1882 2378 unus

1089 2389 1216 2412 servatus
1237 2385 1284 2419 qui
1308 2392 1342 2412 ex
1359 2385 1548 2420 septuaginta,
1567 2385 1640 2420 quod
1663 2387 1723 2420 ejus
1748 2393 1801 2417 res,
1826 2393 1880 2412 non

1090 2420 1164 2447 illius
1184 2420 1337 2455 scripserit
1362 2419 1550 2455 Hegesippus,
1573 2419 1662 2455 exque
1680 2419 1732 2447 illo
1756 2421 1882 2447 retulerit

1089 2454 1235 2482 Eusebius.
1262 2455 1310 2482 Vel
1338 2454 1413 2483 ergo
1431 2463 1545 2482 summm
1585 2456 1737 2483 oseitantiae
1763 2455 1880 2482 notandi

1087 2489 1186 2526 Clem..
1203 2489 1352 2526 Polycrat.,
1373 2489 1481 2526 Papias,
1508 2490 1556 2524 qui
1580 2499 1648 2525 quas
1676 2490 1817 2524 Scriptum
1843 2491 1882 2518 sic

1092 2525 1181 2560 palam
1198 2524 1268 2561 filias
1286 2524 1417 2561 Philippo
1441 2525 1488 2552 dat
1510 2524 1696 2561 evangelista},
1716 2525 1763 2552 uni
1783 2532 1816 2561 ex
1839 2533 1883 2552 se-

1091 2559 1326 2594 ptem-dederint
1337 2560 1475 2594 Philippo,
1488 2561 1535 2587 uni
1552 2559 1754 2591 ex'duodeeim,
1768 2560 1811 2586 vel
1825 2560 1883 2594 ipse

1089 2595 1235 2630 Eusebius,
1251 2595 1322 2630 qui,
1338 2595 1431 2622 relatis
1451 2603 1547 2622 eorum
1566 2595 1742 2626 testimoniis,
1759 2595 1792 2622 de
1816 2595 1881 2622 Phi-

1088 2629 1164 2664 lippo
1177 2629 1381 2664 primi’ordinis
1395 2630 1532 2664 apostolo,
1549 2630 1706 2657 subdiderit
1718 2629 1795 2664 quasi
1813 2637 1882 2656 con-

1089 2664 1253 2692 firmationis
1266 2671 1348 2692 causa
1364 2665 1453 2692 locum
1477 2665 1607 2692 Actorum
1623 2665 1658 2692 de
1679 2664 1798 2699 Philippi
1823 2664 1883 2691 dia-

1089 2700 1152 2726 coni
1166 2700 1284 2727 ﬁliabus.
1297 2699 1375 2732 Quod
1391 2707 1454 2726 cum
1471 2699 1572 2726 durum
1595 2701 1630 2727 sit
1652 2699 1809 2730 admittere,
1826 2707 1884 2726 ma-

1089 2734 1137 2761 lim
1166 2734 1412 2769 Christophorsoni
1441 2739 1504 2768 post
1537 2735 1666 2761 liulinum
1693 2734 1881 2762 emendationi

1089 2774 1279 2810 starehquam
1301 2769 1409 2796 Valesio
1427 2777 1531 2810 morem
1554 2777 1666 2810 gerere...
1678 2769 1880 2810 _|Iieronymu_s.

1090 2809 1120 2831 ut
1136 2804 1189 2831 sibi
1209 2804 1266 2839 ipse
1283 2812 1336 2831 non
1352 2804 1552 2836 committatur,
1568 2804 1615 2831 alii
1641 2804 1763 2831 viderint
1779 2812 1786 2830 :
1804 2808 1882 2831 certe

1089 2839 1152 2872 aliis
1171 2838 1254 2866 etiam
1277 2839 1347 2866 locis
1373 2847 1470 2874 parum
1493 2840 1536 2866 sui
1560 2846 1722 2871 memorem,
1744 2838 1883 2866 contraria

1088 2874 1213 2902 locutum
1228 2874 1336 2909 liquet;
1349 2882 1412 2909 quae
1426 2882 1483 2903 non
1495 2878 1538 2904 est
1554 2874 1676 2913 instituti
1690 2880 1800 2911 urgere.
