2078 3154
197 137 250 172 169

573 135 713 166 ORATIO
729 134 782 164 IX.
797 146 829 151 -
841 133 881 164 IN
901 132 1054 164 LAUDEM
1075 134 1104 163 S.
1126 134 1293 164 PHILIPPI
1310 135 1435 164 APOST.

1762 136 1814 168 170

198 205 244 227 τας
269 193 459 229 ἀφοριζόμενοι
472 213 479 224 ,
499 192 568 222 ίδίως
586 192 691 225 ἑκάστῳ
711 191 759 218 καὶ
772 190 817 216 τὸν
838 189 916 223 λόγον
928 189 978 224 τῆς

1031 196 1099 220 mus.
1118 189 1227 224 proprie
1244 188 1326 216 etiam
1352 190 1451 224 cuique
1466 189 1643 218 laudatoriam
1659 192 1812 220 oralionem

197 241 335 275 εὐφημίας
351 239 536 273 ἀποδώσομεν.

238 287 278 316 ll;
300 286 346 311 οὖν
365 285 453 311 αὐτῶν
478 286 551 310 ἐστιν
564 285 578 310 6
593 284 640 310 νῦν
655 284 700 310 τὸν
721 284 799 318 λόγον
820 285 888 320 ἡμῖν
910 284 980 319 πρὸς

198 333 247 368 τὴν
264 332 367 358 οίκείαν
381 331 519 366 εὐφημίαν
538 329 712 365 ξεναγαγώνς
729 330 777 362 Τίς
792 331 806 357 6
820 330 890 365 μετὰ
905 330 981 365 πρῶ-

200 386 244 404 τον
266 377 347 403 ὕπνον
373 376 453 408 εὐθὺς
480 375 525 410 ἀφ’
544 376 662 411 ἑσπέρας
678 376 762 411 αὐτῆς
784 375 911 409 ἀνιστῶν,
933 375 980 402 καὶ

201 425 248 458 τὴν
260 423 389 459 ὀκνηρίαν
408 421 661 457 ἀποσκευαζόμενος
676 422 730 449 τῶν
746 422 850 458 ψυχῶν,
875 423 922 449 καὶ
934 423 981 450 ἄλο

200 470 243 496 λον
267 468 415 503 ἀλλαχόθεν
433 467 500 504 πρὸς
516 468 578 499 τοὺς
600 468 654 494 τῶν
671 468 756 502 ἁγίων
775 468 864 499 οἴκους
892 469 980 503 ἱεροὺς

201 515 347 550 ωγκινῶν,
363 515 411 541 καὶ
427 514 494 549 πρὸς
510 513 663 548 δοξολογίαν
678 513 753 540 θείαν
770 514 981 550 προθυμοποιῶν

199 562 245 589 καὶ
260 560 440 596 ἁναπτερῶνς
457 561 493 586 Ἢ
510 560 575 587 πᾶσι
590 559 684 594 δῆλον,
701 561 739 591 ὡς
752 560 766 587 6
783 560 870 595 μέγας
887 560 982 587 Φίλιπ-

199 616 248 638 πσς
260 607 309 642 τὴν
320 607 402 633 αὑτοῦ
418 607 537 641 σήμερον
553 606 683 632 ἐσάλπισε
700 607 822 641 μνήμην,
835 608 881 633 καὶ
892 606 982 638 πάσας

198 655 226 680 ὲν
241 654 310 688 αὐτῇ
337 653 390 679 τῶν
407 652 528 679 εὖσεὸῶν
552 652 701 687 ἐκκλησίας
728 653 797 688 πρὸς
821 653 900 686 δόξαν
914 653 981 680 Θεοῦ

199 700 353 734 συγκροτεῖ.
369 696 420 725 Οἷα
435 698 463 724 δὲ
476 697 525 733 τὴν
540 698 673 733 πολυτελῆ
688 698 849 726 πανδαισίαν
866 700 913 726 καὶ
933 708 983 734 μυ-

199 744 303 780 στικὴν,
319 744 354 771 τὰ
367 745 455 770 οἰκεῖα
471 744 521 778 τῆς
536 743 636 779 ἀρετῆς
659 744 894 780 ἀνδραγαθήματα
916 754 984 780 προ-

199 790 370 824 ϐαλλόμενος,
384 789 487 820 τούτοις
504 788 637 820 δεξιοῦται
651 789 714 820 τοὺς
726 789 808 816 αὑτοῦ
821 781 983 825 δαιτυμόνας

200 838 245 864 καὶ
261 837 388 872 ἐραστάς.
401 837 543 866 Φίλιππος,
563 835 576 861 6
595 835 722 866 ἐκλεκτὸς
740 835 786 862 καὶ
810 835 922 870 δόκιμος
936 836 983 862 καὶ

202 882 293 913 πιστὸς
304 883 387 911 ὅντως
399 881 445 907 τοῦ
461 882 547 914 Λόγου
567 880 701 916 μαθητὴς,
718 881 732 907 6
747 880 792 907 τὸν
808 880 981 916 περιώνυμον

200 930 249 962 τῆς
265 927 410 958 δωδεκάδος
435 927 514 962 χορὸν
530 926 716 961 συμπληρῶν·
732 927 746 952 6
763 926 851 961 τίμιος
867 926 950 959 λίθος,
967 927 982 953 6

200 973 349 1007 πάγκαλος,
370 973 384 998 6
395 974 562 1006 πανώραιος,
577 972 592 997 6
614 971 738 1007 διαυγὴς,
754 972 768 997 6
780 972 950 1007 χρυσοειδὴς,
964 973 981 1008 ἢ

198 1018 368 1054 χριστοειδής
379 1026 387 1034 ”
407 1019 424 1044 6
440 1017 581 1053 λαμπραῖς
597 1017 688 1043 ἀκτῖσι
707 1018 756 1052 τῆς
772 1018 881 1052 χάριτος
897 1017 982 1052 ὑπερ-

199 1064 272 1098 φυῶς
288 1064 485 1099 διηνθισμένος.
509 1063 653 1095 Φίλιππος,
666 1063 680 1088 6
696 1062 771 1089 κάτω
790 1063 839 1097 μὲν
854 1063 981 1097 πατρίδα,

197 1110 247 1145 τὴν
264 1109 400 1143 Βηθσαϊδὰ
413 1129 420 1142 ,
436 1108 513 1134 πόλιν
542 1107 667 1142 Ἀνδρέου
692 1108 738 1134 καὶ
754 1107 858 1143 Πέτρου
874 1107 964 1143 λαχών
974 1116 980 1124 ·

200 1156 256 1183 ἄνω
278 1155 307 1182 δὲ
329 1155 379 1191 τὴν
411 1154 576 1191 μητρόπολιν
603 1154 693 1189 αὐχῶν
722 1154 908 1190 Ἰερουσαλὴμ,
933 1154 983 1190 τὴν

197 1201 328 1237 οὐρανίαν
354 1201 401 1228 καὶ
430 1201 536 1235 ζῶσαν,
565 1201 613 1229 καὶ
641 1201 810 1229 ἁκατάλυτον
839 1201 916 1228 πόλιν
937 1200 983 1227 τοῦ

199 1248 266 1274 Θεοῦ
271 1269 278 1275 .

233 1383 320 1415 οὗτος
341 1382 387 1409 οὖν
408 1384 423 1409 6
438 1383 711 1418 τρισμακαριώτατος
725 1381 805 1417 ἀνὴρ,
829 1380 923 1416 ὥσπερ
937 1381 983 1408 τοῦ

199 1428 282 1455 αὑτοῦ
297 1429 393 1462 γένους
409 1429 457 1455 καὶ
475 1428 524 1462 τῆς
541 1428 626 1462 αὐτῆς
650 1427 780 1462 πατρίδος
804 1426 859 1453 τῶν
875 1426 985 1462 ὑψηλῶν

200 1475 330 1511 ἐτύγχανε
352 1474 493 1509 μαθητῶν,
510 1474 581 1501 οὕτω
597 1475 644 1500 καὶ
657 1473 770 1508 γνώμης
784 1473 823 1499 ὢν
834 1473 885 1507 τῆς
900 1473 984 1509 αὐτῆς

1000 861 1021 889 Β

1031 235 1192 262 reddamus.

1064 280 1131 313 Quis
1144 280 1228 315 igitur
1244 288 1277 308 ex
1293 285 1401 308 sacrato
1417 281 1463 308 illo
1478 289 1593 309 numero
1605 286 1657 315 est,
1672 283 1718 317 qui
1734 284 1814 311 nobis

1031 326 1275 361 imprmsentiarum
1297 326 1331 353 ad
1352 334 1415 354 suas
1437 327 1629 362 depangendas
1651 329 1747 356 laudes
1763 337 1815 356 no—

1030 376 1114 400 stram
1139 373 1292 400 orationem
1313 372 1427 400 ductat?
1448 372 1513 405 Quis
1539 373 1585 401 ille
1605 374 1652 409 qui
1667 375 1712 402 vix
1726 375 1815 410 primo

1031 425 1127 445 somno
1141 418 1284 453 degustato
1302 418 1336 445 ab
1352 419 1410 453 ipsa
1427 419 1519 446 statim
1535 427 1649 455 vespera
1663 421 1739 456 iubet
1754 429 1815 448 sur—

1031 471 1105 499 gere,
1117 464 1287 499 decussaque
1298 464 1451 492 animorum
1462 465 1587 500 segnitie.
1599 466 1664 493 hinc
1674 467 1737 494 inde
1749 467 1816 495 alios

1032 510 1155 545 aliosque
1172 511 1204 538 ad
1223 515 1381 538 sanctorum
1395 511 1468 538 aedes
1483 518 1574 538 sacras
1589 512 1716 544 concitat,
1735 518 1816 547 atque

1032 556 1065 583 ad
1079 555 1186 583 divinas
1198 556 1297 583 animis
1307 557 1411 584 alacres
1421 557 1501 592 erigit
1513 557 1617 589 laudes,
1630 565 1661 584 ac
1674 558 1748 585 velut
1758 559 1816 587 alas

1032 602 1130 630 addit?
1149 602 1247 629 Annon
1260 602 1388 630 omnibus
1399 603 1495 637 liquet,
1510 610 1641 638 magnum
1659 604 1815 639 Philippum

1032 649 1106 675 velut
1122 649 1263 684 clangente
1281 649 1346 676 tuba
1368 657 1445 676 suam
1468 649 1551 677 hodie
1564 649 1694 677 indixisse
1711 659 1816 678 memo-

1033 695 1111 728 riam,
1129 701 1296 730 cunctasque
1314 697 1341 723 in
1357 702 1388 723 ea
1403 696 1512 731 piorum
1530 701 1635 724 mentes
1656 697 1690 724 ad
1705 697 1752 724 Dci
1768 705 1816 724 co-

1033 746 1095 773 gere
1115 739 1244 773 gloriam,
1261 740 1403 774 ipsumque
1426 740 1499 767 haud
1521 747 1600 767 secus
1616 748 1647 768 ac
1662 741 1745 776 dapes
1759 742 1817 768 lau-

1034 784 1152 812 tissimus
1172 789 1253 819 atque
1270 785 1409 821 mysticus,
1431 786 1560 821 praeclara
1573 794 1621 813 sua
1633 792 1816 821 apponentem

1033 829 1142 857 virtutis
1151 830 1281 862 facinora;
1297 831 1339 858 his
1357 838 1421 858 suos
1438 832 1636 867 praemagniﬁce
1645 832 1774 860 convivas
1785 840 1818 860 ac

1034 879 1171 903 amatores
1185 877 1334 912 excipere?
1348 876 1504 912 Philippum
1529 885 1637 913 nempe,
1650 878 1768 906 electum
1785 879 1818 906 il-

1032 921 1099 954 lum,
1115 922 1262 956 probatum
1280 931 1313 950 ac
1340 931 1404 951 vere
1419 923 1527 951 ﬁdelem
1541 923 1625 952 Verbi
1639 925 1816 960 discipulum,

1032 968 1214 996 clarissimum
1226 969 1301 996 illum
1317 970 1499 1005 complentcm
1512 970 1670 997 duodenum
1682 970 1796 998 chorum
1808 980 1815 998 :

1032 1015 1148 1050 lapidem
1159 1016 1320 1050 pretiosum,
1331 1016 1573 1051 elegantissimum,
1588 1017 1815 1052 pulcherrimum,

1032 1061 1209 1095 pellucidum,
1219 1062 1311 1089 aureis
1321 1063 1467 1090 micantem
1478 1062 1641 1098 fulgoribus,
1650 1071 1698 1091 seu
1706 1064 1817 1092 Christo

1033 1107 1166 1140 similem;
1179 1108 1331 1142 splendidis
1344 1109 1439 1144 gratiae
1457 1110 1541 1137 radiis
1556 1110 1756 1144 praemagniliee
1772 1111 1816 1137 in-

1033 1154 1206 1181 terstinctum
1229 1159 1311 1190 atque
1329 1155 1490 1189 ﬂorentem;
1509 1156 1674 1191 Philippum,
1695 1156 1816 1191 inquam,

1033 1200 1061 1227 in
1080 1201 1161 1228 terris
1187 1201 1298 1236 quidem
1320 1201 1467 1230 Bethsaida
1491 1206 1602 1229 nactum
1615 1202 1741 1237 patriam,
1758 1202 1817 1230 An-

1033 1245 1106 1274 dreae
1120 1251 1148 1274 et
1170 1247 1244 1274 Petri
1272 1247 1426 1280 civitatem;
1441 1247 1488 1275 sed
1504 1248 1551 1282 qui
1566 1248 1594 1275 in
1609 1248 1697 1279 ctelis,
1708 1248 1819 1276 Jerusa-

1033 1290 1086 1318 lem
1102 1292 1206 1319 cmlesti
1230 1292 1346 1327 vivaque
1360 1292 1516 1328 metropoli,
1549 1293 1746 1328 insolubilique
1768 1293 1817 1322 Dei

1034 1336 1144 1365 civitate
1155 1338 1299 1373 glorietur.

1072 1383 1123 1412 Hic
1140 1384 1232 1419 itaque
1253 1385 1296 1412 vir
1306 1389 1349 1412 ter
1362 1385 1548 1416 beatissimus,
1569 1385 1607 1412 uti
1625 1385 1721 1412 eadem
1742 1389 1817 1412 satus

1033 1430 1169 1465 prosapia.
1191 1431 1341 1466 eademque
1356 1436 1436 1459 natus
1453 1431 1539 1466 patria
1553 1438 1585 1458 ac
1599 1431 1720 1466 praecelsi
1736 1431 1819 1458 disci-

1034 1475 1102 1510 puli,
1115 1476 1156 1503 sic
1167 1475 1291 1511 ejusdem
1305 1483 1414 1511 quoque
1437 1475 1519 1503 animi
1544 1483 1577 1503 ac
1599 1476 1739 1503 sententiae
1754 1483 1817 1503 cum

200 1521 249 1547 καὶ
262 1521 390 1551 διανοίας,
405 1521 452 1546 καὶ
467 1519 535 1554 πρὸς
554 1519 599 1545 τδν
615 1519 681 1545 θεὸν
695 1519 724 1545 δὲ
742 1518 921 1554 συνειδήσεως
935 1518 981 1545 καὶ

1033 1526 1115 1552 esset,
1130 1521 1176 1548 ubi
1190 1525 1294 1548 tantum
1307 1521 1399 1548 Jesum
1415 1520 1577 1552 invenisset;
1591 1520 1657 1555 quin
1670 1521 1759 1555 potius
1770 1521 1817 1548 illo

199 1566 330 1600 γνώσεως
346 1566 396 1600 τῆς
416 1565 510 1599 αὐτῆς,
527 1565 564 1596 ὼς
587 1564 666 1599 μόνον
691 1564 772 1591 αὐτὸν
787 1561 849 1600 εὗρε
861 1563 907 1591 τὸν
932 1564 982 1600 ’1η-

198 1612 263 1639 σοῦν
276 1621 283 1627 ·
302 1611 402 1646 μᾶλλον
416 1611 444 1637 δὲ
462 1611 556 1637 τοῦτον
576 1611 590 1637 6
606 1610 708 1646 Κύριος
723 1609 821 1646 εὑρὼν,
843 1610 983 1637 Ἀκολού-

198 1661 242 1686 θει
253 1667 315 1693 μοι,
327 1658 469 1693 προσεῖπε,
486 1657 575 1692 πάσης
600 1655 701 1687 εὐθέως
718 1656 849 1692 ῥήγνυται
864 1655 983 1691 σχέσεως

199 1704 359 1739 σωματικῆς
368 1712 376 1721 ·
393 1703 482 1738 πάσης
493 1711 525 1729 πε
530 1702 672 1738 ρικοσμίου
682 1701 868 1737 προσπαθείας
877 1702 909 1728 ἀθ
915 1702 982 1737 ρόως

197 1749 354 1781 ἀπολυθεὶς,
372 1750 440 1784 πρὸς
457 1748 641 1784 ὖπερκόσμιον
658 1748 808 1782 ἐπιθυμίαν
836 1748 981 1782 ἀνεφλέγη.

204 1796 356 1829 Ὴθέλησε,
371 1794 463 1830 φησὶν,
482 1796 498 1822 ὁ
519 1795 638 1828 Ἰησοῦς
650 1794 786 1827 ἐξελθεῖν
799 1795 842 1827 εἰς
859 1794 915 1828 τὴν
926 1795 983 1821 Γα-

197 1842 321 1869 λιλαίαν
332 1849 339 1856 ·
356 1842 405 1868 καὶ
417 1841 549 1875 εὑρίσκει
565 1841 724 1873 Φίλιππον,
736 1840 784 1867 καὶ
792 1840 873 1874 λέγει
886 1838 965 1872 αὐτῷ
974 1848 981 1854 ·

202 1888 375 1915 Ἀκολούθει
388 1896 449 1922 μοι.
468 1886 505 1913 Οὐ
527 1887 640 1922 μακρῶν
652 1887 746 1921 ἐδέησε
763 1886 831 1922 πρὸς
852 1885 901 1921 τὴν
915 1885 980 1921 κλῆ-

199 1944 242 1961 σιν
253 1935 457 1969 παραινέσεων·
470 1935 501 1960 οὐ
515 1934 656 1969 προέτεινε
667 1933 771 1967 δωρεάς
780 1940 787 1948 ·
805 1933 853 1968 οὐχ
868 1932 983 1968 ὑποσχέ-

198 1989 267 2008 σεων
283 1981 393 2016 μνήμην
420 1981 582 2016 ἐποιήσατο·
609 1980 639 2006 οὐ
664 1980 776 2015 μισθοὺς
798 1979 848 2014 τῆς
868 1979 982 2006 ἀκολου-

198 2027 304 2063 θήσεως
318 2027 496 2062 προύϐάλετο.
518 2026 575 2053 Ἑνὶ
595 2027 698 2062 ῥήματι
714 2026 787 2061 μόνῳ
809 2025 877 2060 πρὸς
896 2025 979 2060 μαθη-

196 2073 272 2100 τείαν
286 2073 472 2104 ἐπεσπάσατο,
496 2073 668 2100 Ἀκολούθει
690 2081 751 2107 μοι,
774 2072 820 2098 καὶ
832 2070 870 2106 τῷ
887 2070 982 2106 βραχεῖ

196 2118 284 2153 τούτῳ
297 2119 400 2153 ῥήματι
415 2118 514 2152 φίλτρα
525 2117 625 2152 γονέων
639 2116 814 2151 εὐθὺςέσὸη·
832 2116 980 2149 συγγενῶν,

197 2164 293 2198 φίλων,
307 2163 414 2189 οἰκείων
434 2162 580 2193 διαθέσεως
596 2162 742 2197 ὲπελήσθη,
762 2162 809 2188 καὶ
826 2161 918 2196 κτῆμα
935 2161 981 2187 καὶ

195 2211 303 2246 χρῆμα,
332 2211 380 2236 καὶ
399 2211 473 2236 πᾶσα
497 2208 545 2236 τοῦ
569 2209 626 2243 βίου
653 2209 831 2244 παραφαῦλον
856 2208 980 2242 ἐλογίσθη
997 2198 1018 2225 D

196 2256 369 2289 κατασκευὴ.
395 2255 443 2281 καὶ
459 2254 577 2290 σαρκικὴ
594 2254 668 2281 πᾶσα
688 2253 882 2289 κατεμαράνθη
908 2262 985 2289 στορ-

195 2301 231 2335 γή
243 2308 251 2315 ·
267 2300 335 2333 ἄλλη
347 2300 376 2327 δὲ
400 2299 502 2335 βλάστη
516 2299 659 2334 φιλότητος
676 2299 724 2325 καὶ
735 2298 805 2334 ἔρως
817 2298 922 2325 ἔνδοθεν
937 2298 985 2325 ἄλ-

194 2345 251 2377 λος.
266 2346 402 2380 οὐράνιος,
421 2344 501 2376 asto;
512 2345 641 2372 ἀνέθαλλε
661 2345 708 2371 καὶ
720 2344 911 2379 πνευματικός.

231 2391 326 2423 "Ama
341 2391 389 2418 τοῦ
403 2391 491 2425 Λόγου
508 2391 659 2425 φωνοῦντος
676 2391 791 2426 ἤκουσεν
812 2391 826 2416 6
840 2390 981 2422 Φίλιππος,

200 2439 373 2465 Ἀκολούθει
379 2447 441 2473 μοι,
457 2439 505 2465 καὶ
520 2438 565 2465 τὸν
581 2438 668 2473 ἀληθῆ
685 2438 861 2473 καθηγεμόνα
877 2437 915 2473 τῷ
936 2439 979 2464 ὲν-

193 2485 312 2519 τάλματι
326 2484 418 2518 γνοὺς,
436 2484 485 2510 οὐκ
499 2483 610 2518 ἔϐλεψεν
624 2484 664 2515 εἰς
677 2483 711 2510 τὰ
720 2483 808 2510 ὀπίσω
817 2484 919 2515 λοιπὸν,
930 2483 979 2509 οὐκ

193 2531 318 2557 ὲδίστασε
332 2530 383 2564 τὴν
395 2529 495 2564 ψυχὴν,
510 2530 560 2564 τὴν
582 2528 760 2563 ἁκολούθησιν
773 2529 822 2555 οὐκ
836 2528 978 2563 ἐψεύσατο,

192 2575 248 2601 οὐδ’
263 2574 358 2609 ὥσπερ
379 2574 514 2600 Ἐλισσαιὲ
531 2574 598 2609 πρὸς
615 2573 706 2600 Ἠλιοῦ
720 2573 896 2609 καλούμενος,
913 2574 979 2609 πρό-

191 2629 271 2654 τερον
287 2620 332 2646 τὸν
348 2620 455 2651 πατέρα
480 2621 526 2646 καὶ
542 2620 591 2655 τὴν
609 2621 713 2655 μητέρα
726 2620 876 2655 παρεκάλει
892 2628 976 2646 κατα-

193 2665 292 2699 φιλεῖν,
310 2665 427 2695 καὶτοῖς
444 2664 554 2696 οἰκείοις
572 2665 783 2700 συνταξάμενος,
801 2664 888 2697 οὕτως
908 2665 974 2692 ἁκο-

191 2709 307 2736 λουθείν.
325 2710 417 2743 Ἔγνω
431 2709 476 2735 τὸν
493 2709 574 2736 καλὸν
589 2711 705 2745 ποιμένα
722 2710 752 2737 τὺ
772 2710 916 2746 πρόϐατον,
929 2710 976 2737 καὶ

191 2757 296 2792 σπουδῇ
312 2757 367 2784 τῶν
392 2756 541 2793 ἀλλοτρίων
557 2757 830 2792 ἁπαλλοτριούμενος,
846 2757 879 2784 δι’
893 2758 974 2784 αὑτοῦ

230 2847 253 2865 ’⁵
264 2849 343 2877 Joan.
362 2849 434 2882 1,45.
464 2850 487 2866 "
506 2849 540 2885 ιιι
556 2850 623 2885 Reg.
636 2858 690 2883 xix,
710 2849 754 2877 50.
790 2849 811 2865 ⁷⁵
827 2848 906 2877 Joan.
923 2858 950 2883 x,
968 2850 1008 2878 Η.

316 2897 452 2925 ΡΑτιιοι.
478 2897 533 2926 Gtt.
562 2897 625 2927 CV.

1032 1565 1164 1593 Dominus
1186 1566 1312 1598 invento,
1335 1565 1448 1601 Sequere
1469 1574 1509 1592 me
1529 1565 1660 1599 dixisset,
1686 1565 1720 1592 ab
1742 1565 1818 1593 omni

1032 1612 1123 1639 statim
1149 1612 1283 1647 corporali
1308 1612 1438 1647 abreptus
1451 1611 1665 1645 necessitudine,
1688 1612 1817 1647 omnique

1033 1664 1145 1694 repente
1163 1659 1269 1687 solutus
1293 1664 1403 1686 terrena
1420 1658 1574 1691 allectione,
1593 1659 1818 1693 supramundana

1033 1704 1182 1739 cupiditate
1195 1704 1306 1732 exarsit.
1321 1703 1417 1737 Voluit,
1430 1704 1527 1739 inquit.
1542 1704 1618 1731 Jcsus
1628 1698 1819 1733 exirein‘Guli-

1033 1748 1122 1781 lmam,
1133 1754 1157 1776 et
1166 1749 1264 1776 inuenit
1282 1749 1443 1784 Philippum,
1453 1753 1477 1775 et
1485 1749 1547 1775 dicit
1556 1749 1590 1781 ei,
1605 1748 1717 1784 Sequere
1728 1757 1768 1777 me
1782 1750 1817 1777 ⁷⁵.

1022 1794 1091 1827 ,Νοη
1110 1795 1215 1829 prolixa
1240 1794 1431 1822 adhortatione
1443 1799 1472 1821 ut
1486 1794 1508 1822 is
1520 1794 1628 1822 vocanti
1647 1794 1818 1829 obtempera-

1033 1846 1083 1874 ret,
1098 1841 1216 1876 indiguit
1232 1851 1239 1868 :
1254 1849 1306 1868 non
1330 1849 1444 1872 munera
1469 1841 1568 1868 obtulit
1585 1850 1592 1867 :
1608 1849 1662 1868 non
1680 1841 1817 1876 pollicita-

1033 1888 1139 1915 tionum
1154 1888 1315 1916 memoriam
1336 1889 1440 1924 injecit,
1456 1896 1513 1915 non
1528 1888 1682 1915 mercedem
1701 1896 1732 1916 ac
1747 1896 1818 1924 prae-

1032 1935 1086 1962 mia
1101 1934 1145 1961 his
1155 1934 1202 1969 qui
1219 1939 1401 1969 sequerentur
1409 1934 1512 1966 dedita,
1532 1934 1559 1961 in
1570 1933 1691 1961 medium
1713 1934 1815 1961 attulit.

1031 1980 1091 2008 Uno
1107 1981 1238 2008 duntaxat
1250 1980 1289 2008 illi
1304 1980 1399 2010 verbo,
1422 1979 1535 2015 Sequere
1557 1988 1608 2012 me,
1625 1980 1677 2007 sibi
1692 1980 1816 2015 discipu-

1031 2027 1088 2054 lum
1103 2026 1224 2059 addixit;
1244 2026 1377 2063 brevique
1394 2026 1445 2053 hac
1458 2025 1554 2053 vocula
1566 2030 1708 2060 parentum
1725 2025 1818 2053 statim

1032 2074 1133 2100 amoris
1157 2073 1212 2100 vim
1228 2073 1368 2101 exstinxit.
1385 2072 1580 2107 Cognatornm,
1595 2072 1757 2104 amicorum,
1769 2079 1818 2099 ne-

1031 2119 1212 2147 cessariorum
1220 2119 1323 2147 oblitus
1330 2118 1482 2146 aﬂ‘ectionis
1489 2122 1530 2145 est
1546 2117 1671 2153 :prmdia,
1682 2117 1817 2153 pecuniae.

1032 2166 1174 2201 omnisque
1183 2166 1245 2193 vitae
1254 2170 1362 2201 spretus
1375 2169 1536 2200 apparatus;
1552 2164 1668 2192 carnalis
1678 2165 1767 2192 omnis
1781 2164 1817 2191 li-

1034 2211 1099 2239 bido
1112 2212 1243 2247 elanguit,
1259 2219 1425 2246 germenque
1440 2210 1515 2238 aliud
1536 2210 1674 2242 amicitiae,
1690 2218 1722 2237 ac
1741 2217 1816 2237 amor

1034 2257 1115 2289 alius,
1129 2257 1249 2284 ctelestis
1262 2257 1318 2289 ille,
1327 2256 1395 2284 nihil
1408 2260 1535 2284 terrenus
1551 2263 1584 2284 ac
1593 2255 1727 2291 spiritalis
1742 2256 1817 2284 intus

1034 2302 1126 2330 animo
1139 2302 1273 2330 reﬂoruit.

1068 2390 1158 2418 Semel
1180 2390 1262 2418 Verbi
1284 2397 1379 2417 vocem
1402 2389 1508 2417 audivit
1524 2388 1681 2424 Philippus,
1701 2388 1817 2425 Sequere

1028 2444 1078 2468 me,
1087 2444 1204 2471 veroque
1215 2440 1383 2471 praeceptore
1394 2443 1427 2463 ex
1434 2435 1557 2470 jussione
1567 2435 1669 2470 agnito,
1681 2442 1736 2462 non
1745 2435 1816 2462 ultra

1026 2482 1132 2516 aspexit
1152 2487 1237 2515 retro,
1262 2489 1317 2508 non
1344 2481 1428 2508 animi
1452 2489 1553 2515 anceps
1575 2481 1637 2514 fuit,
1659 2489 1715 2508 non
1735 2489 1815 2516 sequi

1026 2528 1128 2561 renuit,
1142 2536 1197 2556 non
1212 2528 1284 2556 sicut
1305 2528 1417 2555 Elisaeus
1438 2532 1552 2555 vocante
1573 2527 1631 2554 Elia
1658 2528 1773 2563 rogavit,
1785 2531 1816 2554 ut

1027 2574 1103 2608 prius
1120 2574 1215 2602 ambos
1227 2578 1354 2609 parentes
1362 2574 1584 2610 osculariliceret
1592 2574 1631 2606 "‘;
1644 2581 1676 2601 ac
1687 2581 1813 2601 necessa-

1029 2619 1077 2646 riis
1090 2619 1149 2646 vale
1161 2619 1247 2651 dicto,
1259 2619 1299 2646 sic
1317 2623 1487 2654 sequeretur.
1500 2618 1698 2654 Cognovitovis
1712 2618 1815 2645 bonum

1028 2664 1169 2693 Pastorem
1177 2666 1209 2699 ⁷⁸,
1223 2666 1332 2701 citoque
1344 2666 1477 2694 liberatus
1484 2666 1518 2693 ab
1529 2666 1635 2698 alienis,
1646 2673 1695 2700 per
1706 2672 1767 2691 eum
1779 2663 1813 2690 ad

1027 2719 1173 2746 supernam
1184 2719 1216 2739 ac
1226 2712 1366 2747 mysticam
1376 2712 1493 2739 festinus
1508 2711 1689 2739 contendebat
1697 2709 1812 2736 caulam.

1028 2757 1087 2790 Quo
1110 2757 1193 2785 etiam
1224 2757 1338 2793 posthac
1364 2761 1477 2787 auctore
1502 2757 1619 2785 salutem
1648 2758 1814 2783 consecuth

1632 2891 1648 2921 6
