2078 3154
254 141 303 174 171

849 135 994 168 ΝΙΟΕΤιΕ
1011 135 1106 165 ΡΑΡΗ
1111 134 1272 165 LAGONIS

1816 131 1870 165 1791

252 197 426 233 sempiterna:
452 196 512 223 vitae
534 201 562 224 ct
600 203 698 230 pascua
739 195 837 223 insedit
863 199 890 222 ct
916 193 975 221 loca
1000 199 1038 219 se-

1093 192 1161 228 πρὸς
1173 192 1223 227 τὴν
1238 191 1294 219 ἄνω
1308 191 1355 218 καὶ
1369 191 1501 227 μυστικὴν
1522 190 1650 225 ἠπείγετο
1664 189 1749 226 αὐλήν
1759 198 1767 206 ’
1781 190 1815 217 δι’
1838 186 1870 218 οὖ

251 244 364 280 desque.

277 336 340 364 Haec
351 335 480 371 Philippi,
495 343 548 371 qua
561 334 725 370 discipulum
740 333 880 369 professus
891 336 941 363 est,
955 339 1036 360 exor-

251 383 305 410 dia.
315 383 378 410 “(BC
387 381 620 410 vocationisillius
646 387 678 406 ac
704 379 848 406 electionis
861 386 953 406 causa.
973 378 1037 405 [nde

253 427 303 454 toti
315 427 462 454 crucifixus
476 426 588 457 mundo,
601 425 654 452 soli
667 424 790 451 confixus
797 423 873 451 cruci
885 427 944 450 erat
956 422 1036 450 Chri-

252 478 294 500 sto
305 473 338 499 ".
349 471 603 506 Discipulorumque
615 469 780 505 pritnoribus
796 470 835 504 lac
854 469 931 496 chori
942 468 1037 503 capiti-

252 519 314 550 bus,
328 525 378 545 ceu
390 517 447 552 pari
461 517 515 544 illis
525 517 628 543 honore
655 515 881 548 succenturiatus,
897 515 930 542 ad
949 515 1036 542 solum

252 561 374 597 Magistri
389 565 487 588 nutum
510 568 570 587 sese
586 559 762 591 extendebat,
785 559 846 594 ejus
872 558 930 586 solo
942 565 1036 586 amore

252 608 407 639 roboratus,
423 610 504 642 atque
519 606 551 633 ad
564 606 673 633 virtutis
686 605 814 632 decorem
833 605 978 637 formatus,
989 612 1034 631 re-

251 653 352 688 gnique
379 652 571 688 mysteriorum
595 651 696 686 dignus
713 650 824 678 habitus
842 653 965 685 :quanta
986 649 1036 677 de-

251 706 327 726 mum
343 698 458 725 facultas
475 697 564 725 Verbo
581 699 766 724 sacro-sancte
786 695 893 723 doctori
910 695 1035 728 vinctus,

251 745 332 780 eique
346 744 444 772 similis
454 743 578 771 effectus.

286 790 343 818 Nec
358 790 416 826 ipse
435 789 546 824 quidem
563 795 626 816 eum
652 787 678 814 in
696 786 807 814 modum
822 786 895 813 bono
908 784 1035 821 perfrue-

253 835 344 869 batur,
361 835 480 870 idipsum
491 841 556 862 vero
572 832 705 869 proximis
718 831 872 859 occultabat
889 840 896 858 :
912 831 959 858 sed
971 838 1032 858 cum

253 882 326 910 bono
342 882 424 910 animi
443 881 584 916 proposito
609 888 641 908 ac
655 880 796 907 voluntate
814 878 944 914 praeclare
967 877 1037 905 nite-
1050 865 1074 895 Β

253 932 304 961 ret,
322 935 384 955 cum
399 927 460 954 aliis
478 933 588 962 quoque
600 925 703 953 bonum
721 924 921 957 communicat;
940 923 1036 951 inven-

253 980 335 1009 toque
347 974 466 1009 primunt
488 971 665 1004 Natltanacle,
679 971 738 1006 ejus
752 970 798 1005 qui
808 974 941 998 venturus
954 973 1037 1002 esset,

253 1021 400 1048 adventum
414 1019 453 1046 illi
464 1017 609 1045 nuntiavit.
628 1015 689 1043 Non
702 1016 757 1049 iam
768 1015 891 1050 amplius,
902 1014 999 1050 inquit,
1011 1015 1039 1042 in

252 1075 297 1102 spe
307 1070 344 1093 est
354 1065 461 1092 Israelis
472 1063 553 1091 salus.
570 1062 627 1090 Non
638 1062 750 1097 amplius
762 1061 830 1097 quod
842 1061 956 1088 nondum
968 1069 1037 1095 pra:-

253 1121 312 1140 sens
326 1112 444 1143 exsistat,
460 1115 588 1145 tanquam
599 1111 728 1144 laturum,
740 1108 844 1134 obscure
857 1107 940 1134 animi
956 1107 1039 1134 ratio-

254 1159 328 1185 nibus
338 1160 566 1192 reprwsentamus.
581 1155 661 1182 Adest
671 1154 751 1186 enim,
764 1161 795 1180 ac
812 1161 888 1188 quem
901 1152 965 1179 olim
978 1160 1038 1179 ma-

253 1212 320 1240 gnus
345 1202 427 1231 Moses
449 1206 475 1229 et
493 1201 626 1236 propheta:
645 1200 738 1235 spiritu
751 1199 936 1234 prwviderunt,
954 1202 1038 1225 extre-

255 1250 354 1284 misque
369 1247 526 1283 temporibus
545 1245 641 1273 Israeli
663 1244 829 1272 Sulvatorem
857 1243 1037 1270 suscitandum

254 1295 442 1332 pradizcrunt,
454 1301 513 1320 cum
523 1292 699 1319 invenerimus
709 1290 808 1326 (Iesum
835 1289 932 1317 scilicet
950 1299 966 1316 a
982 1289 1038 1316 Na-

253 1342 355 1376 zaretlt)
368 1340 519 1372 eximiisque
527 1339 583 1373 ejus
594 1336 713 1372 operibus
728 1335 829 1363 inducti
839 1335 1036 1366 crediderimus,

254 1395 312 1414 cum
327 1394 357 1413 eo
376 1385 553 1412 lubentissime
565 1382 672 1414 morati,
692 1382 800 1416 ejusque
812 1381 853 1408 usi
869 1379 1037 1407 contubernio

253 1441 344 1460 sumus
351 1432 384 1459 ⁷⁸.
395 1431 444 1459 His
453 1431 544 1465 itaque
553 1429 660 1464 penitus
670 1427 967 1461 sermonibuscaptum,
977 1429 1037 1452 tan-

254 1487 335 1514 quam
346 1477 563 1513 pulcherrimum
575 1479 703 1502 venatum
714 1467 796 1508 atque
806 1471 938 1506 opimum,
948 1470 1036 1497 virum

253 1511 318 1550 .l-esu
333 1511 460 1553 adducit;
477 1519 584 1553 hocque
601 1517 719 1552 primum
738 1515 823 1542 animi
839 1522 905 1542 vere
921 1511 1037 1548 impensi

255 1569 364 1604 pignus.
375 1574 407 1595 ac
418 1566 532 1593 sincerae
539 1547 715 1591 fidei-certum
728 1563 918 1596 argumentum
928 1547 1037 1585 Cliristo
1052 1547 1073 1577 (ἶ

254 1612 389 1645 exhibuit,
405 1619 499 1640 verum
519 1610 593 1637 illum
618 1608 767 1636 lsraelitatn
791 1606 909 1633 fructum
922 1604 1023 1631 ferens.

288 1702 402 1730 Cunctis
415 1701 499 1735 igitur
509 1699 638 1733 deinceps
649 1697 742 1733 gratiae
756 1695 929 1724 sermonibus
941 1701 1035 1722 aurem

255 1749 390 1785 praebens,
409 1747 584 1779 omniumque
595 1744 653 1778 ipse
667 1742 754 1770 oculis
771 1740 936 1769 mirabilium
949 1742 1040 1774 inspe-

255 1800 315 1823 ctor
324 1794 422 1825 factus,
431 1798 569 1820 sacrarum
576 1789 688 1826 quidem
699 1787 885 1816 doctrinarum
893 1794 955 1821 ope,
964 1785 1038 1814 omni
1049 1809 1053 1816 ,

255 1840 330 1876 quod
344 1839 439 1875 dejicit
462 1837 645 1873 deprimitque
668 1839 750 1870 atque
777 1832 901 1868 infringit
916 1832 1037 1860 animum

256 1886 433 1922 purgabatur,
450 1884 594 1918 omnisque
609 1881 769 1917 ignorantiae
782 1879 897 1914 depulsa
911 1878 1038 1914 caligine,

257 1931 355 1959 divinae
375 1929 496 1958 scientiae
510 1927 692 1961 coelestisque,
705 1924 844 1960 sapientia
869 1923 930 1951 luce
955 1922 1039 1957 proli-

257 1978 343 2010 ciens,
359 1975 502 2011 magniﬁce
527 1972 732 2005 illustrabatur;
748 1971 826 1998 novis
839 1977 904 1998 vero
919 1977 951 1997 ac
962 1969 1039 1996 inau-

256 2023 321 2051 ditis
338 2021 469 2058 operibus
482 2020 610 2049 roborata
622 2017 685 2050 fide,
697 2025 729 2045 ac
739 2017 860 2052 quotidie
875 2016 903 2043 in
914 2015 1037 2043 interiori

256 2073 403 2098 renovatus
425 2067 536 2095 homine
551 2070 579 2094 et
595 2064 765 2092 confortatus
791 2062 820 2090 in
845 2062 935 2090 virum
950 2061 1038 2097 perfe-

255 2120 340 2147 ctum,
361 2115 389 2142 in
404 2119 560 2141 mensuram
583 2110 723 2138 crescebat
749 2109 837 2136 aetatis
860 2107 1038 2143 plenitudinis

255 2160 358 2189 Christi
373 2160 408 2186 ".

291 2206 410 2242 Hujusce
420 2202 594 2240 perfectionis
606 2206 712 2229 certum
725 2201 866 2232 indicium,
881 2204 982 2227 sancta:
992 2199 1036 2227 di-

255 2251 384 2280 lectionis
396 2248 580 2280 conlirmatio,
599 2254 682 2282 quam
697 2254 811 2282 magnus
832 2246 876 2273 ille
890 2245 1036 2280 Apostolus

256 2299 415 2335 perfectam,
430 2300 552 2324 sanctam
563 2295 689 2330 Magistro
700 2294 847 2326 devovens,
865 2300 959 2328 parem
974 2292 1037 2320 inde

255 2354 377 2374 amorem
391 2343 622 2380 consequebatur.
646 2342 786 2375 Quinimo,
802 2341 846 2368 ille
866 2341 976 2376 quidem
991 2340 1037 2367 bo-

255 2400 355 2421 norum
382 2395 488 2422 auctor.
510 2397 542 2417 ac
568 2389 616 2424 qui
633 2392 732 2416 natura
753 2387 863 2415 dilectio
884 2387 930 2419 sit,
947 2387 1037 2414 omnis

256 2446 365 2474 semper
382 2435 492 2465 virtutis
506 2435 675 2471 perfectione
690 2434 784 2470 pollet,
804 2433 961 2468 nullamque
975 2433 1036 2468 ejus

255 2491 367 2521 prorsus
375 2486 422 2510 aut
429 2481 638 2510 diminutionem
648 2480 767 2507 admittit
776 2484 822 2506 aut
833 2479 1014 2506 intensionem
1028 2487 1034 2505 :

255 2536 282 2559 at
293 2531 340 2566 qui
354 2529 559 2557 exercitationis
572 2527 659 2559 cultu,
671 2527 728 2554 sive
745 2526 897 2554 imitatione
912 2525 946 2553 ad
963 2525 1036 2552 illam

254 2577 411 2609 enituntur,
427 2582 476 2610 pro
488 2578 563 2602 certa
575 2573 714 2609 profectus
725 2581 759 2599 ex
774 2572 905 2599 virtutum
919 2571 979 2598 luce
993 2579 1036 2598 ra-

255 2624 340 2654 tione,
359 2622 442 2650 ctiam
458 2620 632 2656 perfectionis
646 2623 787 2653 compotes
801 2618 972 2650 efﬁciuntur;
989 2618 1036 2644 alii

254 2669 367 2703 quidem
393 2667 427 2695 ad
453 2666 571 2694 ﬁliorum
597 2670 679 2700 atque
695 2665 833 2692 hmrcdum
856 2664 1037 2699 provehentes

254 2713 369 2740 classem
384 2720 417 2739 ac
428 2711 603 2747 dignitatem;
619 2710 663 2738 alii
676 2717 752 2742 vero,
767 2709 898 2743 fidelium,
918 2709 965 2744 qui
977 2717 1037 2737 ser-

254 2759 298 2786 vis
324 2759 504 2794 deputantur,
518 2759 710 2785 nanciscentes
727 2756 862 2783 ordinem.

291 2858 313 2874 ""
325 2859 412 2886 Galat.
433 2866 462 2891 tt,
480 2860 522 2886 19.

561 2858 583 2875 ⁷⁸
594 2859 660 2886 Jozut
681 2865 710 2890 .t,
729 2857 772 2885 45.
811 2856 834 2872 ⁷⁸
852 2856 952 2891 Ephcs.
969 2864 1004 2889 tv,
1020 2855 1061 2883 15.

1052 2228 1074 2256 D

1088 238 1135 265 καὶ
1151 238 1247 269 σωθεὶς
1263 237 1331 272 μετὰ
1341 237 1437 268 ταῦτα,
1450 237 1504 264 τῶν
1523 236 1644 270 ἀειζώων
1662 235 1750 272 ἐπέϐη
1762 236 1811 263 καὶ
1825 245 1869 263 νο-

1089 282 1147 318 μῶν
1157 283 1204 309 καὶ
1218 282 1307 318 μονῶν

1122 329 1207 356 Τοῦτο
1220 328 1353 355 Φιλίππου
1380 329 1430 364 τῆς
1451 327 1600 364 μαθητείας
1624 328 1707 363 ἀρχή,
1730 327 1806 363 Δΰτη
1819 329 1870 364 τῆς

1088 376 1170 403 αὑτοῦ
1193 376 1315 411 κλήσεως
1329 377 1375 403 καὶ
1397 375 1512 410 ἐκλογῆς
1537 376 1553 411 ἡ
1572 375 1710 407 ὑπόθεσις.
1731 374 1871 404 Ἐντεῦθεν

1086 422 1139 457 ὅλῳ
1154 421 1353 457 σταυρούμενος
1373 421 1413 456 τῷ
1427 421 1531 456 κόσμῳ,
1561 421 1634 456 μόνῳ
1656 422 1871 458 συνεσταυροῦτο

1085 467 1207 503 Χριστῷ.
1222 467 1276 494 Καὶ
1285 468 1340 499 τοῖς
1350 467 1403 494 τῶν
1415 467 1543 503 μαθητῶν
1553 467 1766 503 κορυφαίοις,ὠς
1778 468 1871 502 ὁμότι-

1088 521 1137 548 μος
1151 513 1373 548 συντεταγμένος,
1387 513 1454 549 πρὸς
1471 513 1554 549 μόνην
1567 513 1663 540 ἑαυτὸν
1673 513 1720 540 τοῦ
1733 513 1868 540 Διδασκα-

1085 559 1132 586 λου
1145 560 1279 586 συνέτεινε
1289 559 1338 594 τὴν
1351 560 1448 594 ῥοπὴν,
1461 559 1533 595 μόνῳ
1549 559 1644 586 τούτου
1654 559 1693 594 τῷ
1708 559 1783 594 πόθῳ
1798 561 1868 594 ῥων-

1086 606 1211 641 νύμενος,
1222 607 1270 633 καὶ
1279 606 1347 642 πρὸς
1361 606 1391 632 τὸ
1405 606 1453 641 τῆς
1467 605 1568 642 ἀρετῆς
1581 606 1678 639 κάλλος
1690 607 1869 641 τυπούμενος,

1086 654 1134 679 καὶ
1152 653 1206 679 τῶν
1227 652 1276 687 τῆς
1302 652 1438 687 βασιλείας
1461 651 1618 687 μυστηρίων
1642 651 1868 686 καταξιούμενος,

1086 697 1134 724 καὶ
1145 697 1183 732 τῷ
1195 697 1368 732 μυσταγωγῷ
1381 696 1460 732 Λόγῳ
1472 696 1544 723 κατὰ
1558 695 1589 723 τὸ
1602 696 1714 732 ἐφικτὸν
1727 697 1871 732 ὲνούμινος

1087 742 1133 778 καὶ
1147 741 1363 777 ἐξομοιούμενος.

1122 788 1176 814 Kal.
1189 789 1238 814 οὐκ
1252 787 1333 818 αὐτὸς
1358 787 1407 822 μὲν
1433 785 1505 814 οὕτω
1517 787 1677 822 κατετρύφα
1694 787 1741 814 τοῦ
1754 787 1870 822 ἀγαθοῦ,

1087 829 1141 860 ἀπὸ
1154 833 1182 860 δὲ
1198 833 1252 860 τῶν
1267 833 1380 869 πλησίον
1395 833 1461 860 αὐτὸ
1475 833 1703 869 παρεκαλύψατο·
1721 835 1825 870 ἀγαθὸς
1843 835 1871 863 δὲ

1089 880 1185 915 κομιδῇ
1200 879 1249 915 τὴν
1269 880 1318 914 τῆς
1330 879 1420 916 ψυχῆς
1432 879 1560 915 πρόθεσιν
1570 880 1617 914 ὢν,
1634 882 1679 908 καὶ
1692 880 1761 916 πρὸς
1775 881 1871 914 ἄλλους

1091 927 1280 952 κοινοποιεῖται
1297 925 1328 951 τὸ
1349 924 1450 959 ἀγαθόν
1461 931 1469 940 ·
1487 925 1535 952 καὶ
1556 926 1663 960 πρῶτον
1678 926 1804 962 εὑρηκὼς
1826 926 1872 953 τὸν

1089 969 1246 1005 Ναθαναὴλ,
1270 970 1320 1005 τὴν
1337 970 1489 1005 παρουσίαν
1505 971 1700 1007 εὐηγγελίσατο
1725 971 1772 998 τοῦ
1791 973 1871 1008 ἐρχο-

1092 1017 1184 1052 μένου.
1207 1016 1323 1048 Οὐκέτι,
1352 1017 1445 1052 φησὶν,
1465 1019 1499 1044 ἐν
1519 1018 1640 1045 ἐλπίσιν
1658 1017 1700 1050 τῷ
1718 1017 1837 1053 Ἰσραὴλ
1851 1019 1871 1053 ἠ

1090 1064 1228 1097 σωτηρία.
1243 1063 1348 1090 οὐκέτι
1372 1063 1406 1090 τὸ
1419 1064 1508 1098 μήπω
1529 1065 1637 1099 παρὸν,
1661 1065 1701 1097 ὡς
1727 1065 1873 1099 ἐσόμενον

1090 1109 1226 1144 ἀμυδρῶς
1249 1109 1312 1142 ταῖς
1339 1109 1471 1143 ἐννοίαις
1501 1110 1714 1145 φανταζόμδθα.
1743 1110 1873 1146 Πάρεστι

1091 1154 1156 1190 γὰρ,
1169 1155 1228 1187 καὶ,
1247 1156 1301 1181 Ὃν
1322 1155 1415 1182 πάλαι
1430 1155 1542 1189 Μωσῆς
1556 1157 1572 1182 ό
1584 1156 1678 1190 μέγ-ας
1699 1155 1749 1183 καὶ
1762 1157 1789 1182 οι
1803 1163 1873 1189 προ-

1090 1199 1179 1235 φῆται
1194 1200 1235 1233 τῷ
1249 1201 1394 1235 πνεύματι
1403 1200 1593 1234 προείὸοσαν,
1609 1201 1659 1228 καὶ
1674 1200 1721 1227 ἐπ’
1735 1200 1874 1235 ἐσχάτων

1089 1245 1211 1280 Σωτῆρα
1230 1245 1270 1278 τῷ
1283 1246 1407 1280 Ἰσραὴλ
1432 1246 1658 1280 ἀναστήσεσθαι
1677 1246 1872 1280 προειποσαν.

1089 1291 1196 1318 τοῦτον
1203 1293 1342 1325 εὑρόντες
1355 1292 1449 1326 ἡμεῖς,
1466 1292 1520 1318 τὸν
1532 1292 1591 1319 ἀπὸ
1601 1291 1728 1326 Ναᾷιρὲτ
1746 1291 1872 1326 Ἰησοῦν,

1090 1336 1194 1369 καὶτῷ
1215 1336 1274 1363 τῶν
1295 1337 1389 1372 ἔργων
1415 1337 1508 1366 αὐτοῦ
1529 1337 1764 1370 πεπιστευκότες
1782 1338 1873 1371 ὑπερ-

1089 1383 1168 1418 φυεῖ,
1193 1383 1251 1418 τὴν
1271 1383 1336 1418 μετ’
1357 1383 1451 1410 αὑτοῦ
1475 1383 1668 1418 τρισάσμενοι
1689 1382 1873 1417 πεποιήμεθα

1090 1429 1281 1462 συνοίκησιν.
1298 1429 1408 1461 Τούτοις
1424 1429 1594 1464 κατακράτος
1617 1430 1674 1460 τοῖς
1687 1428 1776 1463 λόγοις
1792 1428 1873 1460 ἑλὼν,

1090 1474 1185 1510 ὥσπερ
1199 1474 1310 1510 θήραμα
1325 1473 1479 1506 κάλλιστον,
1497 1474 1632 1510 προσάγει
1654 1474 1692 1507 τῷ
1722 1473 1809 1508 Ἰησοῦ
1825 1474 1873 1500 τὸν

1090 1519 1190 1555 ἄνδρα·
1205 1519 1343 1547 καὶτοῦτο
1366 1520 1474 1556 πρῶτον
1495 1520 1601 1552 εὐνοίας
1624 1520 1751 1555 ἐνέχυρον
1775 1519 1872 1555 ἀληθι-

1089 1566 1147 1600 νῆς,
1163 1565 1209 1592 καὶ
1223 1564 1366 1601 γνώρισμα
1388 1565 1507 1597 πίστεως
1525 1565 1687 1601 εἰλικρινοῦς
1701 1557 1821 1600 παρέσχε
1833 1564 1872 1600 τῷ

1088 1611 1207 1647 Χριστῷ,
1222 1611 1268 1638 τὸν
1287 1611 1411 1647 ἀληθινὸν
1424 1612 1528 1638 ἐκεῖνον
1548 1611 1718 1648 Ἰσραηλίτην
1730 1619 1870 1648 καρποφο-

1089 1666 1153 1694 ρων.

1123 1705 1208 1731 Πᾶσιν
1224 1703 1271 1731 οὖν
1295 1703 1412 1739 καθεξῆς
1430 1705 1487 1736 τοῖς
1510 1703 1602 1738 λόγοις
1622 1705 1672 1740 τῆς
1686 1704 1798 1740 χάριτος
1821 1704 1872 1731 ὐπ-

1088 1750 1158 1786 ἑχων
1172 1750 1202 1778 τδ
1217 1750 1263 1783 οὓς
1273 1758 1281 1766 ”
1300 1751 1438 1786 αὐτόπτης
1454 1750 1484 1777 δὲ
1497 1751 1545 1778 καὶ
1559 1750 1615 1778 τῶν
1632 1751 1791 1786 θαυμασίων
1805 1752 1872 1778 πάν-

1087 1805 1142 1824 των
1167 1797 1322 1829 καθεστὼς,
1357 1797 1417 1829 ταῖς
1439 1797 1526 1832 ίεραῑς
1556 1797 1606 1832 μὲν
1634 1797 1756 1832 διδαχαῖς
1781 1797 1873 1832 πάσης

1090 1843 1236 1878 μειωτικῆς
1247 1843 1368 1878 ὑφέσεως
1376 1842 1571 1878 ἀνεκαθαίρετο
1582 1851 1589 1858 ·
1598 1843 1646 1870 καὶ
1656 1844 1748 1879 πάσης
1761 1843 1873 1878 ἀγνοίας

1088 1889 1339 1925 ἀποσκευαζόμενος
1349 1889 1398 1925 τὴν
1409 1889 1505 1924 ἀχλὺν.
1518 1890 1587 1924 φωτὶ
1602 1889 1668 1925 θείῳ
1679 1890 1809 1924 γνώσεως
1823 1889 1872 1916 καὶ

1088 1936 1215 1972 οὐρανίας
1245 1935 1342 1969 σοφίας
1376 1935 1539 1971 προκόπτων
1572 1935 1775 1970 κατελάμπετο.
1808 1935 1872 1966 Τοῖς

1088 1980 1249 2016 παραδόξοις
1263 1980 1291 2007 δὲ
1305 1980 1360 2008 τῶν
1371 1980 1459 2017 ἔργων
1482 1980 1530 2016 τὴν
1553 1981 1646 2008 πίστιν
1662 1980 1871 2016 βεὸαιούμενος,

1087 2025 1221 2060 ὁσημέραι
1243 2025 1272 2052 δὲ
1288 2026 1336 2052 καὶ
1352 2025 1398 2052 τὸν
1418 2025 1494 2057 ἐντὸς
1510 2026 1652 2060 ἄνθρωπον
1672 2025 1873 2060 ἀνακαινούμε-

1089 2080 1132 2103 vo;
1147 2072 1193 2098 καὶ
1206 2071 1429 2107 κραταιοὺμενος,
1439 2073 1480 2103 είς
1497 2071 1583 2107 ἄνδρα
1594 2071 1706 2103 τέλειον,
1719 2072 1760 2104 είς
1772 2071 1873 2107 μέτρον

1088 2117 1195 2152 ἡλικίας
1212 2116 1260 2143 τοῦ
1275 2117 1458 2152 πληρώματος
1469 2116 1546 2152 ἀνῄει
1561 2116 1692 2152 Χριστοῦ.

1123 2207 1230 2242 Ταύτης
1256 2207 1405 2241 τεκμήριον
1428 2205 1478 2240 τῆς
1495 2204 1676 2238 τελειότητος,
1692 2204 1771 2239 ήτῆς
1791 2203 1873 2238 ἁγίας

1087 2254 1252 2289 κραταίωσις
1265 2252 1387 2287 ἀγάπης,
1402 2251 1436 2286 ἠν
1449 2250 1463 2276 ὁ
1479 2251 1568 2285 μέγας
1587 2251 1691 2282 ἐκεῖνος
1712 2249 1873 2280 Ἀπόστολος

1085 2299 1198 2329 τελείαν,
1229 2297 1310 2332 ἁγίαν
1334 2295 1531 2331 ἀφιερούμενος
1560 2293 1599 2329 τῷ
1627 2294 1796 2329 Διδασκάλῳ,
1823 2293 1872 2329 τὴν

1087 2345 1147 2379 ἴσην
1160 2342 1264 2370 ἐκεῖθεν
1279 2341 1480 2376 ἁντελόιμδανεν
1491 2347 1498 2353 ·
1527 2339 1628 2374 μᾶλλον
1651 2339 1690 2370 δὲ,
1704 2339 1718 2365 ό
1741 2338 1791 2373 μὲν
1805 2338 1873 2372 ἁγα-

1086 2390 1205 2425 θοδότης,
1218 2389 1264 2416 καὶ
1278 2388 1373 2423 ἀγάπη
1388 2386 1458 2414 κατὰ
1472 2385 1552 2421 φύσιν
1563 2385 1612 2417 ὢν,
1623 2385 1667 2412 ἀεὶ
1681 2385 1710 2411 ὲν
1722 2384 1871 2420 τελειότητι

1086 2436 1176 2471 πάσης
1191 2435 1264 2461 ἐστὶν
1276 2435 1387 2470 ἀρετῆς,
1407 2432 1464 2460 οὗθ’
1477 2432 1573 2467 ὕφεσιν
1587 2432 1666 2464 ὃλως,
1681 2430 1737 2457 οὒτ’
1751 2430 1796 2457 οὖν
1811 2431 1872 2457 srri-

1087 2489 1164 2508 τασιν
1178 2480 1373 2516 προσιέμενος·
1390 2480 1416 2505 οἱ
1432 2479 1499 2514 πρὸς
1509 2477 1592 2504 αὑτὸν
1607 2477 1635 2504 δὲ
1658 2476 1692 2503 δι’
1716 2477 1870 2511 ἀσκήσεως,

1087 2527 1148 2563 ἢτοι
1175 2526 1318 2561 μιμήσεως
1343 2525 1554 2559 ἀνατεινόμενοι,
1581 2523 1641 2550 κατ’
1657 2522 1801 2556 ἀναλογίαν
1822 2521 1874 2555 τῆς

1088 2573 1133 2599 διὰ
1157 2572 1211 2599 τῶν
1237 2571 1343 2606 ἀρετῶν
1369 2570 1525 2606 προκοπῆς,
1554 2568 1602 2596 καὶ
1628 2567 1679 2603 τῆς
1705 2567 1874 2601 τελειότητος

1088 2617 1331 2654 κατευστοχοῦσιν·
1358 2617 1383 2643 οί
1410 2616 1474 2652 μὲν,
1491 2616 1530 2648 είς
1544 2615 1612 2641 υἱῶν
1626 2615 1672 2640 καὶ
1696 2613 1873 2649 κληρονόμων

1089 2665 1208 2696 ἀνιόντες
1226 2664 1317 2696 τάξιν·
1337 2664 1360 2690 οἱ
1379 2663 1418 2695 δὲ,
1444 2663 1484 2694 είς
1506 2661 1606 2688 δούλων
1627 2660 1813 2691 καταντῶντες
1827 2668 1871 2685 πι-

1089 2719 1169 2738 στων.
