2078 3154
245 133 295 166 175

843 136 989 167 ΝΙΟΕΤᾹΞ
1008 137 1267 168 PAPHLAGONIS

1813 141 1862 174 1‘16

239 191 286 226 qui
306 190 340 218 ad
354 196 438 219 Vitam
453 195 532 219 erant
557 191 687 224 ordinati,
703 198 774 219 vera:
790 191 852 219 vita:
874 199 923 227 per
945 191 1022 219 [idem

1077 193 1122 218 τὸν
1150 192 1229 227 λόγον
1253 193 1497 228 εὐαγγελιζόμενος
1515 194 1565 229 τῆς
1592 195 1683 230 ζωῆς-
1706 196 1809 227 πάντας
1835 197 1863 223 δὲ

237 237 403 270 concilians;
437 241 586 272 captosque
603 244 698 264 omnes
710 245 725 264 a
744 236 863 268 diabolo,
894 236 1023 263 innume-

242 283 336 318 risque
352 283 493 312 erroribus
509 291 541 311 ac
550 283 757 311 seductionibus
773 282 904 317 perditos,
917 284 1025 317 sapien-

238 329 283 356 tiae
297 328 397 356 divinae
419 329 590 356 sermonibus
614 327 849 362 hortamentisque
873 327 1023 362 captivans,
1044 320 1048 325 ’

236 381 268 401 ac
282 374 495 409 regenerationis
506 382 576 408 aqua
586 373 748 405 emundans,
762 373 909 408 gratiaeque
920 373 1024 408 Spiritu

235 419 392 446 illuminans
413 424 494 454 atque
510 426 713 451 consummans,
730 419 768 446 ita
782 419 913 447 nimirum
938 419 1022 451 Patri,

237 466 284 500 qui
299 466 328 492 in
339 465 416 492 cmlis
429 469 480 497 est,
495 464 566 492 ﬁlios
579 465 735 499 adoptabat.
755 464 877 493 Cunctos
892 472 958 493 vero
976 465 1023 500 qui

236 511 318 537 variis
331 510 503 544 passionibus
517 517 566 537 seu
591 509 695 537 morbis
711 510 887 544 tenebantur,
907 515 955 539 aut
973 511 1024 539 ob-

236 556 305 583 sessi
320 563 336 583 a
356 555 528 583 daemonibus
543 560 631 588 erant,
648 560 696 583 aut
712 556 810 591 quovis
830 557 885 584 alio
908 557 1023 585 sinistro

235 609 300 628 casu
309 601 519 634 alllictabantur,
532 602 658 637 maleque
669 602 818 635 habebant,
828 603 885 630 solo
896 610 1023 631 sermone

234 654 266 674 ac
280 654 364 674 sacrae
375 655 473 675 manus
498 652 626 675 contactu
649 648 773 675 sanabat.
790 648 829 676 Ac
844 648 954 684 quidem
970 649 1025 684 spi-

236 695 308 721 ritali
329 695 445 727 ratione,
474 695 718 730 inaspectabilium
734 697 854 725 hostium
872 698 955 726 facies
972 706 1024 726 ca:—

237 739 316 770 dens,
333 746 381 766 eos
396 738 536 772 elidebat;
552 739 585 767 ad
601 748 712 768 sensum
729 746 831 774 autem,
846 749 915 777 quos
925 742 964 769 illi
978 750 1022 770 se-

234 782 499 822 duxerantarguens,
506 783 661 818 increpans,
669 785 815 825 obsecrans
823 785 857 818 ⁸⁸,
866 785 1021 821 magniﬁca,

234 828 427 862 prmdicatione
459 829 702 864 prodigiorumque
740 830 884 865 stupendis
930 832 1024 867 operi-

1076 238 1140 270 τοὺς
1154 239 1194 270 εἰς
1208 238 1279 273 ζωὴν
1294 240 1486 274 τεταγμένους,
1498 240 1531 275 τῇ
1550 239 1663 276 ἀληθινῇ
1679 239 1724 267 διὰ
1745 241 1863 272 πίστεως

1077 284 1224 319 προσάγων
1240 284 1296 320 ζωῇ
1308 293 1314 300 '
1333 285 1380 312 καὶ
1396 286 1498 317 πάντας
1516 287 1565 320 μὲν
1590 286 1799 322 ἐζωγρημένους
1811 288 1863 314 ὑπὸ

1076 329 1123 355 τοῦ
1139 329 1277 361 διαὸόλου,
1293 331 1339 356 καὶ
1358 331 1466 365 μυρίαις
1482 332 1601 363 ἀπάταις
1630 332 1677 358 καὶ
1692 332 1806 364 πλάναις
1819 333 1863 366 ἐξ·

1077 376 1257 409 απολωλότας,
1282 376 1370 410 λόγοις
1396 377 1489 410 σοφίας
1517 377 1583 403 Θεοῦ
1608 378 1654 404 καὶ
1671 378 1864 412 παραινέσεσιν

1077 421 1294 456 αἰχμαλωτίζων,
1313 423 1359 448 καὶ
1374 423 1412 457 τῷ
1429 423 1477 457 τῆς
1494 423 1704 456 παλιγγενεσίας
1728 424 1803 450 ὕδατι
1816 433 1864 450 κα-

1077 465 1189 501 θαίρων,
1205 467 1253 493 καὶ
1279 466 1318 501 τῷ
1331 467 1381 501 τῆς
1398 468 1508 502 χάριτος
1530 468 1664 502 πνεύματι
1679 469 1803 502 φωτίζων
1817 469 1863 496 καὶ

1076 511 1346 547 τελετουργούμενος,
1361 511 1431 539 οὕτω
1446 513 1477 548 δὴ
1489 513 1528 548 τῷ
1541 514 1569 539 ἐν
1579 515 1635 545 τοῖς
1643 514 1766 546 οὐρανοῖς
1781 514 1865 540 uices-

1077 559 1149 584 τείτο
1166 558 1264 593 Πατρί.
1281 559 1387 590 Πάντας
1401 559 1429 585 δὲ
1442 560 1504 591 τοὺς
1520 559 1572 586 ὑπὸ
1595 560 1724 586 ποικίλων
1739 560 1863 592 ἐξεταζο-

1079 603 1174 638 μένους
1188 603 1281 630 παθῶν
1296 605 1312 640 ἢ
1335 605 1420 631 νόσων
1435 605 1658 640 πειραζομένους,
1684 606 1701 641 ἦ
1716 606 1863 641 δαιμονίων

1078 651 1354 687 παρενοχλουμένους,
1370 652 1386 687 ἢ
1404 653 1457 688 ὅτῳ
1484 652 1531 679 οὖν
1550 652 1660 688 πονηρῷ
1676 653 1863 688 κακουμένους

1078 698 1271 732 συναντήματι,
1286 697 1356 732 λόγῳ
1367 698 1439 732 μόνῳ
1454 698 1501 724 καὶ
1513 698 1603 733 χειρὸς
1617 698 1691 733 ἱερᾶς
1699 697 1864 733 ἐθεράπευεν

1077 743 1179 778 ἐπαφῇ.
1195 742 1249 769 Καὶ
1264 743 1366 778 νοητῶς
1385 743 1443 777 μὲν,
1462 743 1515 769 τῶν
1539 744 1662 777 ἀοράτων
1677 744 1711 770 τὰ
1731 744 1864 779 πρόσωπα

1078 788 1201 823 ῥαπίζων
1225 789 1415 824 κατέρρασσεν
1434 789 1554 824 ἐχθρῶν·
1581 789 1716 824 αἰσθητῶς
1736 789 1783 822 δὲ,
1801 791 1864 822 τοὺς

1078 834 1124 861 ὑπ’
1152 835 1264 862 ἐκείνων
1296 835 1508 870 πλανωμένους,
1537 835 1676 869 ἐλέγχων,
1712 835 1862 866 νουθετῶν,

234 874 296 906 bus,
304 874 337 901 ad
349 874 515 909 agnitionem
526 876 648 903 veritatis
658 876 788 910 paulatim
803 876 955 904 adducebat
967 877 1006 894 ⁸³*
1019 884 1022 902 :

1079 881 1258 917 παρακαλῶν,
1282 883 1315 917 τῇ
1335 882 1522 917 μεγαληγορίᾳ
1551 882 1598 908 τοῦ
1615 882 1793 917 κηρύγματος
1817 883 1864 908 καὶ

234 920 445 955 sacerdotesque
475 928 507 948 ac
535 922 667 956 praesules
696 922 823 950 ﬁdelibus
862 922 1024 958 praziiciens,

234 965 300 1007 quin
310 969 338 992 et
347 973 395 1000 per
403 965 462 993 loca
470 966 585 993 Domino
596 967 690 994 altaria
698 972 852 1000 exstruens,
863 975 1026 1003 sacrumque

234 1016 392 1039 sanctorum
424 1012 617 1048 mysteriorum
653 1014 738 1040 ritum
769 1013 890 1046 tradens,
919 1022 1027 1041 necnon

233 1058 429 1093 evangelicum,
447 1058 537 1093 quoad
553 1059 658 1092 liceret,
683 1060 724 1087 eis
747 1060 834 1095 legem
846 1060 1025 1092 constituens,

233 1104 261 1130 in
273 1111 335 1130 eum
351 1103 463 1130 modum
475 1103 592 1139 duplicis
602 1109 697 1132 auctor
708 1105 835 1133 beneﬁcii
848 1106 958 1141 (corpus
970 1106 1023 1133 sci-

234 1147 298 1174 licet
323 1146 490 1175 demerendo
513 1152 595 1183 atque
619 1148 753 1184 animum)
783 1148 826 1176 vir
850 1149 1026 1177 beatissimus

233 1192 407 1220 credentibus
419 1196 491 1220 erat.

267 1345 501 1380 Quemadmodum
534 1349 625 1373 autem
656 1346 753 1381 ingens
783 1353 928 1382 sagenatn
950 1355 1026 1375 mare

233 1392 324 1423 missa,
346 1396 448 1426 quanto
463 1392 581 1427 amplius
592 1392 671 1427 aquis
683 1392 855 1426 immoratur,
873 1397 949 1421 tanto
964 1401 1027 1420 ma-

231 1437 317 1472 iorem
337 1437 451 1472 piscium
467 1439 572 1473 copiam
592 1438 674 1465 trahit
691 1439 730 1471 ⁸³;
744 1438 784 1466 sic
804 1438 899 1474 utique
912 1446 1027 1474 magnus

231 1483 372 1518 Philippus
382 1492 468 1511 annos
479 1485 634 1518 complures
646 1491 708 1512 cum
720 1484 863 1519 gentilium
873 1484 966 1512 multis
981 1492 1028 1519 po—

231 1529 303 1564 pulis
316 1534 450 1561 versatus,
467 1530 546 1564 longe
555 1529 705 1557 confertam
716 1530 919 1556 multitudinem
926 1537 1022 1557 eorum
1036 1541 1057 1569 ρ

233 1575 326 1606 trahit,
354 1575 401 1609 qui
434 1574 507 1601 illius
530 1582 613 1609 opera
637 1582 738 1601 nomen
775 1574 885 1602 Christo
914 1575 1022 1602 darent.

232 1619 352 1647 Deeebat
370 1624 471 1651 autem,
492 1623 521 1646 ut
552 1623 679 1654 tanquam
693 1619 811 1654 Spiritus
826 1627 935 1654 sagena,
962 1627 1025 1647 san-

232 1670 339 1693 ctorum
362 1666 522 1701 angelorum
537 1666 674 1697 manibus,
687 1666 762 1693 velut
785 1674 818 1693 ex
829 1666 897 1692 mari
910 1665 937 1692 in
949 1666 1025 1693 littus

233 1713 273 1747 (in
295 1713 435 1740 caelestem
455 1712 559 1740 scilicet
582 1712 739 1746 stationem)
760 1712 886 1745 eductus,
909 1713 932 1740 si
958 1713 1024 1747 quid

232 1759 373 1786 Dominica
392 1758 533 1793 indignum
548 1766 640 1786 mensa
652 1758 691 1785 illi
702 1766 795 1785 comes
808 1763 891 1791 esset,
906 1758 933 1785 id
957 1766 1024 1786 vero

233 1804 388 1840 abjicerct;
418 1804 550 1839 quidquid
584 1808 676 1832 autem
701 1804 803 1831 bonum
826 1809 854 1832 et
878 1805 1024 1839 pulchrum

233 1858 265 1878 ac
286 1851 438 1885 pretiosum
461 1856 545 1883 esset,
571 1850 637 1886 Regi
648 1851 742 1886 gloriae
759 1858 822 1878 cum
852 1851 958 1878 honore
983 1850 1024 1878 of-

233 1896 327 1924 ferret.

268 1943 303 1970 At
326 1943 451 1977 quisnam
479 1943 603 1977 Apostoli
630 1942 805 1970 resolutionis
829 1942 949 1970 modus?
976 1943 1024 1971 Est

233 1987 355 2023 Pbrygim
367 1988 434 2015 urbs
442 1996 539 2022 magna
550 1992 631 2023 atque
643 1988 768 2021 illustris,
783 1997 866 2023 opum
877 1989 1021 2016 abundan-

234 2034 270 2061 tia
283 2034 430 2068 gloriazque
446 2034 554 2069 fastigio
577 2034 695 2069 superba
711 2034 886 2070 (Hierapolim
900 2034 1021 2069 vocant).

232 2080 334 2107 civium
350 2080 448 2108 robore
460 2088 492 2108 ac
508 2081 698 2114 multitudine,
709 2081 778 2108 nulli
804 2081 875 2108 forte
889 2085 955 2107 tunc
965 2088 1022 2107 ma—

232 2133 346 2160 gnarum
360 2133 410 2160 per
420 2125 560 2153 Orientem
577 2126 771 2161 metropolemn
788 2126 890 2161 primas
909 2126 1020 2153 cedens.

231 2170 273 2197 Ad
299 2170 370 2197 hanc
400 2178 515 2206 magnus
535 2171 679 2206 Philippus
715 2176 777 2206 post
799 2171 894 2207 longos
914 2171 1020 2198 viarum

1075 928 1135 959 ταῖς
1145 927 1198 954 τῶν
1223 928 1346 963 τεράτων
1363 928 1574 963 μεγαλουργίαις
1602 928 1726 960 ἐξιστῶν,
1742 930 1781 959 είς
1801 928 1863 954 ἐπί-

1075 981 1176 1008 γνωσιν
1195 971 1247 1009 ἦγε
1264 974 1334 1001 κατὰ
1355 975 1452 1009 μικρὸν
1474 975 1524 1008 τῆς
1552 974 1692 1009 ἀληθείας.
1718 975 1810 1009 Ὶερεῖς
1834 975 1863 1001 ὁὶ

1075 1020 1123 1045 καὶ
1141 1020 1270 1055 ίεράρχας
1291 1021 1348 1050 τοῖς
1368 1021 1472 1051 πιστοῖς
1494 1019 1643 1053 καθιστῶν,
1659 1020 1706 1046 καὶ
1719 1019 1864 1055 θυσιαστή-

1078 1074 1122 1100 ρια
1138 1066 1166 1092 δὲ
1181 1066 1252 1093 κατὰ
1271 1066 1371 1097 τόπους
1396 1065 1490 1100 Κυρίῳ
1516 1066 1799 1100 κατασκευαζόμενος,
1815 1067 1863 1092 καὶ

1075 1112 1124 1147 τὴν
1151 1112 1226 1148 ἱερὰν
1248 1113 1302 1139 τῶν
1318 1112 1403 1147 ἁγίων
1431 1113 1589 1147 μυστηρίων
1607 1112 1770 1147 παραδιδοὺς
1792 1113 1863 1138 τελε-

1077 1159 1205 1193 τουργίαν
1222 1158 1277 1193 (55)
1292 1167 1298 1173 ·
1315 1158 1419 1185 καὶτὸν
1442 1158 1619 1192 εὐαγγελικὺν
1643 1159 1724 1193 νόμον
1736 1158 1773 1190 ὡς
1789 1159 1862 1193 θεμι-

1075 1203 1121 1230 τὸν
1138 1204 1230 1235 αὐτοῖς
1250 1204 1446 1239 διατιθέμενος,
1472 1203 1543 1230 οὕτω
1569 1204 1665 1239 διπλῆς
1680 1205 1766 1236 αἴτιος
1783 1205 1860 1239 εὐερ-

1075 1250 1179 1282 γεσίας,
1196 1250 1356 1285 σωματικῆς
1375 1259 1404 1275 τε
1423 1250 1469 1276 καὶ
1484 1250 1613 1285 ψυχικῆς,
1626 1250 1639 1276 ὁ
1654 1250 1860 1285 μακαριώτατος

1076 1298 1131 1328 τοῖς
1143 1296 1301 1323 πιστεύουσι
1320 1297 1479 1324 καθίστατο.

1111 1343 1217 1378 ’Ὠσπερ
1232 1342 1261 1369 δὲ
1276 1344 1381 1378 σαγήνη
1397 1344 1501 1378 μεγάλη
1518 1343 1666 1378 καθιεμένη
1682 1344 1714 1378 τῇ
1728 1343 1859 1377 θαλάσσῃ,

1075 1389 1130 1424 ὅσῳ
1156 1388 1238 1416 πλέον
1266 1389 1420 1424 ἐγχρονίζει
1447 1391 1503 1420 τοῖς
1528 1389 1615 1422 ὕδασι,
1634 1390 1753 1425 τοσούτῳ
1778 1390 1862 1416 πλείω

1076 1436 1124 1463 καὶ
1139 1435 1188 1471 τὴν
1216 1435 1270 1462 ἀπὺ
1296 1436 1349 1461 τῶν
1382 1435 1480 1470 ἰχθύων
1509 1436 1651 1469 ἐφέλκεται
1683 1436 1859 1470 περιουσίαν-

1077 1481 1162 1513 οὕτως
1174 1483 1188 1508 ὁ
1204 1481 1291 1517 μέγας
1312 1481 1471 1512 Ἀπόστολος
1487 1483 1533 1508 ἐπὶ
1556 1482 1661 1516 χρόνοις
1679 1483 1783 1508 πλείοσι
1797 1482 1862 1508 πολ-

1076 1528 1130 1560 λοῖς
1147 1528 1252 1555 ἔθνεσιν
1271 1528 1491 1562 ἐμϐεϐλημένος,
1517 1528 1600 1554 πολὺν
1622 1528 1662 1553 ὅτι
1687 1528 1803 1562 μάλιστα
1827 1529 1861 1555 δι’

1075 1573 1157 1600 αὐτοῦ
1175 1573 1285 1609 Χριστῷ
1313 1574 1495 1599 πιστευόντων
1510 1574 1684 1600 ἐπεσπάσατο
1707 1582 1861 1609 περιουσια-

1076 1620 1154 1655 σμόν.
1171 1620 1286 1646 Ἐδειδὲ
1299 1619 1396 1646 τοῦτον
1421 1617 1465 1645 οἷα
1483 1620 1604 1654 σαγήνην
1628 1620 1691 1647 ὄντα
1711 1620 1757 1647 τοῦ
1778 1620 1860 1647 Ilva-5-

1076 1673 1170 1700 ματος,
1187 1664 1281 1700 χερσὶν
1308 1665 1430 1698 ἀγγέλων
1452 1664 1537 1698 ἁγίων
1554 1664 1647 1699 ὥσπερ
1666 1666 1698 1691 ὲκ
1726 1665 1859 1699 θαλάττης

1074 1711 1114 1742 εἰς
1139 1710 1272 1745 αἰγιαλὸν,
1300 1711 1344 1737 τὸν
1358 1710 1481 1745 οὐράνιον
1508 1711 1594 1745 χῶρον
1618 1710 1858 1745 ἀναϐιϐαζόμενον,

1074 1756 1251 1783 ἀποτίθεσθαι
1269 1757 1328 1791 μὲν,
1353 1757 1379 1782 εἴ
1394 1766 1420 1782 τι
1448 1757 1498 1790 τῆς
1527 1757 1694 1790 Δεσποτικῆς
1723 1757 1860 1792 τραπέζης

1074 1803 1184 1836 ἀνάξιον
1199 1802 1420 1838 ἐπηκολούθησεν
1430 1810 1437 1817 ·
1451 1802 1512 1829 ὅσον
1523 1802 1552 1829 δὲ
1563 1802 1645 1829 καλόν
1658 1811 1688 1829 τε
1701 1804 1747 1830 καὶ
1757 1803 1858 1837 τίμιον,

1075 1848 1145 1884 μετὰ
1158 1848 1241 1884 τιμῆς
1254 1848 1292 1883 τῷ
1305 1849 1356 1883 τῆς
1369 1848 1447 1883 δόξης
1464 1848 1667 1884 προσφέρεσθαι
1687 1848 1806 1876 Βασιλεῖ.

1114 1936 1196 1963 Ἀλλὰ
1211 1945 1254 1968 τις
1269 1944 1283 1963 ο
1307 1937 1357 1972 τῆς
1372 1936 1529 1968 ἀναλύσεως
1544 1937 1592 1964 τοῦ
1612 1937 1775 1965 ’Δποστόλου
1797 1938 1859 1973 τρό-

1074 1991 1145 2016 πος;
1165 1984 1244 2010 Ἐστι
1271 1983 1347 2015 πόλις
1374 1984 1444 2009 κατὰ
1465 1983 1513 2018 τὴν
1529 1983 1648 2018 Φρυγίαν
1680 1983 1784 2019 μεγάλη
1811 1984 1859 2011 καὶ

1072 2028 1235 2064 περιφανὴς,
1253 2027 1369 2054 πλούτου
1383 2028 1527 2063 περιουσίᾳ
1542 2028 1589 2055 καὶ
1606 2029 1685 2064 δόξης
1703 2030 1860 2064 καυχήματι

1072 2074 1247 2109 γαυρουμένη
1273 2074 1383 2109 πολλῷ”
1418 2073 1569 2109 Ἱεράπολις
1596 2074 1681 2109 ὄνομα
1706 2076 1739 2109 τῇ
1770 2074 1858 2107 πόλει,

1074 2121 1164 2156 ἰσχύος
1190 2120 1237 2147 καὶ
1263 2120 1488 2155 πολυανθρωπίας
1512 2120 1573 2145 τότε
1594 2120 1721 2154 μάλιστα,
1744 2120 1860 2156 οὐδεμιᾷ

1072 2167 1154 2202 τυχὸν
1168 2166 1223 2193 τῶν
1240 2165 1312 2193 κατὰ
1335 2166 1384 2200 τὴν
1400 2164 1531 2200 ἀνατολὴν
1559 2164 1753 2200 μητροπόλεων
1769 2173 1858 2200 παρα-

231 2216 373 2248 circuitus,
404 2220 464 2250 post
487 2216 577 2243 omnis
595 2216 705 2252 generis
730 2216 861 2251 pericula,
889 2215 997 2244 labores
1013 2236 1021 2248 ,

1074 2212 1201 2249 χωροῦσα
1216 2212 1251 2239 τὰ
1275 2211 1419 2247 πρεσϐεῖα.
1440 2211 1487 2242 Εἰς
1504 2211 1607 2246 ταύτην
1624 2212 1638 2238 ό
1659 2211 1745 2247 μέγας
1759 2212 1858 2240 Φίλιπ-

232 2269 385 2295 :erumnas,
413 2267 476 2297 post
505 2262 581 2289 varia
609 2262 749 2298 Evangelii
769 2270 852 2290 causa
879 2266 1015 2290 tormenta

269 2377 292 2392 ⁸⁸
312 2376 334 2403 ll
349 2376 420 2404 Tim.
443 2385 479 2409 IV,
491 2377 518 2404 2.
552 2377 594 2393 θ’*
613 2377 623 2403 l
638 2377 708 2404 Tim.
725 2385 756 2410 Il,
772 2378 798 2405 ι.
837 2378 860 2393 ⁸³
872 2377 967 2405 Matth.
988 2385 1046 2408 xm,

232 2480 312 2512 alios,
325 2479 373 2514 qui
389 2479 469 2507 nobis
492 2479 661 2515 Philippum
675 2480 830 2514 apostolum
852 2483 1016 2507 assererent.

231 2515 323 2542 Placet
337 2515 440 2551 Niceta:
454 2514 584 2551 castigata
601 2514 762 2551 moderatio,
786 2515 833 2549 qui
860 2514 1017 2551 probatiora

230 2551 319 2577 solum
329 2550 398 2585 stylo
408 2549 566 2578 exornan’da
578 2550 747 2585 susceperit,
769 2557 879 2584 sumque
901 2549 1018 2585 maxime

230 2584 362 2620 Ecclesiae
382 2593 432 2612 usu
456 2586 605 2620 explorata.
626 2584 788 2613 Accuratam
817 2585 955 2612 historica;
978 2584 1018 2611 rei

229 2620 398 2655 diligentiam
414 2620 441 2647 in
459 2625 539 2655 gente
558 2621 676 2655 Hispana
706 2621 752 2647 alii
773 2620 1012 2651 desideraverunt,

230 2656 298 2682 acin
315 2656 412 2690 primis
425 2655 537 2683 Godest.
555 2656 673 2683 ilensclt.
691 2659 758 2682 tom.
772 2655 873 2683 lFebr.
888 2655 1014 2682 Historiae

229 2696 398 2722 sanctorum,
416 2691 463 2718 ubi
480 2691 514 2718 de
528 2691 625 2725 primis
639 2691 732 2718 Jacobi
749 2691 901 2725 discipulis,
913 2690 1014 2725 quibus

229 2730 287 2752 sata
302 2726 404 2753 ﬁdesin
420 2725 558 2761 Hispania,
578 2726 616 2753 illi
632 2726 827 2753 sermoincidit
839 2735 846 2753 :
857 2733 1012 2761 quanquam

230 2768 282 2787 nec
296 2762 369 2795 quod
382 2761 416 2788 de
435 2760 554 2796 Philippi
571 2761 649 2788 obitu
661 2761 768 2796 Olymp.
783 2761 835 2787 207
856 2760 882 2788 in
902 2760 1014 2787 Eusebii

230 2796 362 2823 Chronico
377 2796 505 2828 habetur,
519 2797 610 2831 magni
623 2796 753 2830 ponderis
774 2796 941 2831 liaben‘dum
967 2796 1012 2826 sit,

231 2834 280 2857 aut
292 2835 367 2858 certa
377 2832 482 2866 epocba
498 2830 576 2859 illius
592 2831 726 2866 martyrii.
751 2838 813 2858 cum
825 2830 852 2857 in
876 2830 1014 2864 plerisque

232 2865 425 2903 manuscriptis
439 2867 622 2900 desideretur,
639 2865 670 2894 ut
682 2866 825 2894 etltiirzeus
837 2865 971 2898 omiserit,
986 2869 1014 2893 et

1071 2269 1120 2293 πος
1140 2258 1209 2295 μετὰ
1223 2257 1272 2290 τὰς
1290 2258 1399 2294 μακρὰς
1410 2257 1562 2292 περιόδους,
1588 2259 1656 2294 μετὰ
1673 2259 1736 2291 τοὺς
1757 2267 1858 2287 παντο-

1068 2376 1113 2403 47.

1070 2478 1212 2505 Pontanus
1227 2477 1339 2504 diverso
1354 2476 1511 2504 charactere
1541 2476 1678 2505 edendum
1699 2477 1856 2512 putaverit;

1071 2513 1150 2548 gravii
1161 2516 1235 2540 certe
1251 2512 1365 2545 indicio,
1386 2512 1558 2539 subdititium
1577 2513 1643 2548 quid
1666 2520 1737 2548 esse,
1756 2520 1811 2540 non
1823 2513 1858 2539 ab

1071 2547 1190 2575 Eusebio
1202 2548 1345 2582 scriptum,
1361 2555 1443 2582 quem
1461 2547 1577 2582 Philippi
1600 2547 1716 2582 apostoli
1749 2555 1793 2575 res
1814 2548 1857 2574 vi—

1072 2583 1173 2610 dentur
1200 2591 1314 2617 prorsus
1341 2583 1481 2610 latuisse:
1507 2591 1558 2609 nec
1584 2582 1755 2616 Sophronius
1781 2587 1858 2610 extra

1070 2618 1238 2654 martyrium
1246 2618 1337 2645 crucis
1345 2617 1484 2652 Hierapoli
1495 2617 1523 2644 in
1537 2618 1653 2652 Phrygia
1664 2617 1767 2652 aliquid
1784 2618 1858 2652 quod

1067 2653 1182 2681 adderet
1197 2653 1303 2681 habuit.

1104 2689 1160 2723 (55)
1174 2688 1235 2721 Τὴν
1249 2688 1331 2722 Ιερὰν
1344 2686 1404 2714 τῶν
1416 2687 1508 2720 ἁγίων
1522 2687 1858 2720 telerovpriar.1\empe

1067 2728 1226 2751 sanctorum
1255 2723 1446 2758 mysteriorum
1463 2726 1491 2748 et
1505 2723 1856 2758 urniversiimsacramento-

1067 2767 1129 2786 rum
1149 2759 1245 2792 ritum,
1261 2756 1313 2785 sub
1328 2764 1444 2792 quorum
1458 2757 1589 2792 symbolis
1604 2757 1707 2784 Christi
1735 2756 1856 2783 Ecclesia

1066 2793 1224 2831 adunatur.
1239 2798 1358 2831 suntque
1387 2792 1577 2831 quod_attin_et
1600 2792 1634 2819 ad
1662 2792 1857 2831 substantiam,

1067 2829 1167 2856 divinae
1184 2827 1373 2860 institutioins,
1388 2827 1477 2862 quoad
1494 2827 1605 2854 modum
1618 2834 1685 2855 vero
1695 2827 1854 2855 celebratio-

1066 2864 1110 2892 nis
1126 2869 1153 2892 et
1163 2868 1290 2892 ornatum
1308 2864 1463 2899 quemdam,
1481 2862 1645 2898 apostolicae.
