2078 3154
212 223 262 258 177

598 229 740 260 ORATIO
755 229 808 261 IX.
825 242 860 248 —
877 230 918 261 IN
937 230 1094 261 LAUDEM
1113 231 1142 261 S.
1161 231 1330 262 PHILIPPI
1349 231 1477 262 APOST.

1783 228 1837 262 178

210 284 313 316 δατξοὺς
330 284 481 318 κινδύνους,
498 285 562 318 τοὺς
584 286 694 320 πόνους,
716 287 779 318 τοὺς
802 287 913 320 κόπους,
933 287 1002 323 μετὰ

1056 288 1183 323 illataque
1197 288 1276 322 mala,
1295 289 1324 316 in
1335 295 1368 317 ea
1385 295 1495 325 quoque
1513 287 1652 317 Christum
1661 286 1839 317 annuntiatu—

211 329 261 361 τὰς
276 330 405 363 ποικίλας
425 330 495 367 ὑπὲρ
521 331 568 359 τοῦ
599 331 767 367 Εὐαγγελίου
792 332 925 368 βασάνους
953 334 1001 360 καὶ

214 375 326 411 θλίψεις,
342 377 391 404 καὶ
402 377 441 410 εἰς
454 378 556 415 ταύτην
568 378 615 406 τὸν
630 373 748 414 Χριστδῦ
771 379 876 415 Ἰησοῦν
887 379 1001 415 εὐαγγε-

212 419 354 456 λιούμενος
365 421 449 458 ἤγετο
464 422 503 458 τῷ
518 423 670 458 Πνεύματι.

256 467 330 494 Ἰδὼν
350 468 380 495 δὲ
396 468 446 504 τὴν
465 468 553 500 πόλιν,
569 469 600 496 οὐ
619 469 782 497 κατείδωλον
807 470 890 498 οὖσαν
910 471 1000 506 μόνον,

213 513 317 547 ξοάνοις
333 523 363 541 τε
374 515 477 549 κωφοῖς
495 515 544 541 καὶ
559 514 704 550 δαιμονίων
730 516 885 552 σεόάσμασι
902 525 1002 552 μεμια-

213 560 317 595 σμένην
328 567 335 575 ·
352 559 419 587 ἀλλὰ
433 560 466 595 δὴ
489 560 535 587 καὶ
561 560 674 593 ἰοϐόλοις
695 561 831 596 ἑρπετοῖς,
850 562 898 589 καὶ
910 564 1001 600 ἐχίδνῃ

211 606 267 633 τινί
282 605 429 640 τερατώδει
447 605 504 641 (56)
521 606 569 633 καὶ
584 606 710 642 ἀπευχτῇ
727 606 760 642 (ὦ
772 607 823 643 τῆς
842 608 897 635 τῶν
907 609 1001 636 κακῶν

212 652 366 688 ὑπερϐολῆς
378 652 398 687 l)
410 652 448 685 ὡς
465 651 525 687 Θεῷ
546 661 576 679 τε
594 653 819 688 προσανέχουσαν
833 655 882 682 καὶ
896 655 1002 688 θυσίαις

212 698 438 734 ἔξιλασκομένην,
463 698 537 734 ζήλῳ
557 698 608 733 μὲν
625 698 688 735 θείῳ
704 700 934 737 καταπίμπραται
953 702 1002 738 τὴν

212 745 321 781 ψυχήν·
350 746 516 780 προσευχαῖς
538 745 567 772 δὲ
582 746 806 779 συντονωτάταις,
824 748 872 774 xal.
898 747 1002 784 ῥήματι

214 790 402 826 παραγγελίας
425 790 493 817 Θεοῦ
524 790 636 824 ζῶντος,
661 792 709 819 καὶ
725 792 757 828 τῇ
784 793 928 828 ἐπικλήσει
954 794 1002 822 τοῦ

215 838 345 872 ὀνόματος
368 836 455 873 Ἰησοῦ
471 837 601 874 Χριστοῦ,
618 838 667 873 τὴν
694 839 869 875 ὀλεθροτόχον
897 840 1002 876 ἔχιδναν

216 884 321 918 ἐκείνην
349 882 525 916 ἀπεκτονὼς,
553 884 637 910 πᾶσιν
662 884 792 917 ἐπιεικῶς
813 887 828 912 ὁ
853 885 1003 922 Θαυμάσιος

217 928 340 964 παρῄνει,
356 929 405 956 καὶ
420 928 613 956 συνεϐούλευεν
628 929 668 961 εἰς
679 930 794 966 οὐρανὸν
810 931 1000 965 ἀνανεύοντας,

1052 342 1109 368 rus,
1128 334 1233 370 Spiritu
1252 335 1393 372 agebatur.

1087 467 1189 495 Videns
1220 468 1311 502 itaque
1327 467 1476 500 civitatem,
1504 467 1607 494 nedum
1628 465 1840 494 simulacrorum

1052 513 1240 548 superstitioni
1256 513 1465 546 deditissimam,
1482 513 1621 548 mutisque
1635 513 1732 540 statuis
1743 520 1774 540 ac
1789 512 1842 539 dac-

1052 565 1164 585 monum
1179 559 1350 586 caeremoniis
1365 559 1506 594 pollutam;
1521 566 1616 586 verum
1625 559 1707 585 etiam
1720 565 1840 585 venena-

1052 604 1087 632 tis
1101 604 1284 639 serpentibus,
1307 612 1339 632 ae
1357 608 1524 640 portentosa:
1545 604 1654 632 cuidam
1670 604 1841 638 infandaequc

1053 650 1155 685 vipcrre
1166 652 1193 686 (0
1205 651 1339 678 malorum
1350 650 1594 686 exsuperantiam!)
1607 655 1737 686 tanquam
1744 650 1800 677 Deo
1810 657 1842 676 ac

1052 695 1163 722 Numini
1175 696 1273 724 animis
1287 696 1435 728 addictam,
1452 703 1533 731 quam
1547 695 1668 723 dementi
1691 703 1772 723 sensu
1789 695 1826 722 ho

1052 743 1113 771 stiis
1129 743 1288 778 placandam
1299 743 1469 771 existimaret
1484 751 1492 776 ;
1511 742 1604 770 divina
1621 742 1713 770 animo
1728 742 1840 769 aemula-

1053 789 1129 816 tione
1144 788 1573 823 inardescit,ferventissimisque
1588 788 1728 823 precibus,
1738 787 1841 821 Deique

1053 836 1174 863 viventis
1191 836 1278 863 verbo
1308 841 1510 871 praeceptoque,
1535 842 1641 862 necnon
1661 833 1762 861 Christi
1778 833 1843 860 Jesu

1055 881 1183 909 invocato
1191 880 1312 913 nomine,
1322 884 1462 916 perempta
1479 879 1594 907 exitiosa
1608 879 1714 914 vipera,
1730 881 1844 906 cunctos

1053 926 1142 961 palam
1152 926 1195 953 vir
1202 925 1378 953 admirandus
1388 925 1560 956 hortabatur,
1569 928 1720 958 auctorque
1728 923 1844 951 consilio

214 974 260 1000 τὸν
274 973 321 1000 τοῦ
341 973 457 1009 οὐρανοῦ
475 974 615 1010 Δεσπότην
633 975 794 1009 ἐπιγνῶναι.
813 976 877 1010 Ὂς,
896 975 940 1003 ὢν
953 977 1000 1004 ἀεὶ

1056 977 1121 1005 erat,
1130 977 1161 999 ut
1172 972 1199 999 in
1211 972 1309 1000 caelum
1318 971 1492 1006 aspicientes,
1500 969 1562 997 cceli
1569 969 1846 1004 Dominumagnosce-

215 1018 289 1051 Θεὸς
301 1018 425 1051 τέλειος,
439 1018 580 1052 ἄναρχος,
592 1018 760 1053 ἀσώματος,
770 1019 982 1054 ἀκατάληπτος
991 1029 998 1036 ·

213 1063 378 1097 βουληθεὶς
390 1063 424 1090 δὲ
437 1063 513 1098 μετὰ
536 1064 590 1091 τὸν
606 1065 744 1099 ἀόρατον,
762 1065 812 1092 καὶ
823 1065 876 1092 τὸν
892 1065 1000 1100 ὁρώμε-

214 1118 270 1137 νον
288 1109 396 1136 τοῦτον
412 1109 529 1144 κόσμον
548 1110 586 1136 δι’
616 1110 801 1145 ἀγαθότητος
828 1111 1002 1146 ὑπερϐολὴν

215 1153 407 1190 παραγαγεῖν,
425 1154 557 1189 οὐρανὸν
576 1154 636 1189 μὲν
665 1155 776 1187 ἔξωθεν
803 1155 934 1188 πάντων,
955 1154 1003 1183 οἶά

215 1209 283 1227 τινα
316 1199 451 1234 σφαῖραν
472 1200 643 1234 ἀεικίνητον
671 1201 732 1228 τῶν
758 1200 837 1228 ὅλων
859 1201 1003 1236 σωμάτων

217 1247 408 1282 περιεκτικὴν
421 1247 664 1281 κατεσκευάσατο
673 1256 680 1263 ·
693 1247 752 1283 γῆν
768 1248 802 1274 δὲ
818 1248 1004 1283 μεσαιτάτην

217 1293 277 1320 τῶν
292 1293 382 1326 ὅλων,
393 1292 496 1327 ὣσπερ
509 1302 537 1320 τι
549 1293 677 1328 κέντρον
694 1294 748 1321 τοῦ
770 1294 883 1328 παντὸς
896 1294 931 1322 ὲν
940 1295 1005 1322 ἀκι-

217 1339 297 1374 νήτῳ
316 1339 431 1373 ιδρύσει
454 1339 505 1366 καί
525 1340 684 1374 ισορῤοπίᾳ
710 1340 931 1373 κατεστήσατο.
949 1341 1004 1367 Kal.

218 1386 251 1412 τὸ
268 1385 420 1412 ἀδύσσιον
430 1384 489 1420 μὲν
501 1384 550 1412 καί
566 1384 755 1420 στοιχειῶδες
770 1385 848 1420 ὕδωρ
864 1386 931 1420 περὶ
948 1385 1006 1420 τὴν

218 1431 294 1467 γῆν,
311 1431 369 1465 τὴν
383 1431 442 1467 γῆν
458 1431 493 1458 δὲ
507 1431 573 1466 περὶ
590 1432 623 1459 τὸ
636 1432 716 1467 ὕδωρ
734 1431 875 1466 στερεῶν,
893 1431 931 1459 δι’
949 1433 1005 1460 ἀλ-

219 1477 322 1511 λήλων
342 1477 429 1512 ἄμφω
449 1477 533 1504 ταυτί
553 1477 590 1504 τὰ
606 1477 741 1513 στοιχεῖα
755 1478 944 1513 ἐστηριξατο,
963 1479 1006 1512 εἰς

218 1524 289 1558 μίαν
303 1523 372 1550 τινὰ
386 1523 514 1557 δύναμιν
535 1522 678 1558 ἆρῤητον,
691 1524 750 1557 τὴν
763 1524 838 1551 κατὰ
855 1525 888 1551 τὸ
898 1524 1005 1559 μεσαί-

220 1577 309 1595 τατον
323 1569 377 1596 τοῦ
398 1568 512 1602 παντὸς
530 1568 672 1595 ἑστῶσαν
700 1568 860 1604 ὑπερφυῶς
884 1569 1007 1604 ἐκκορυ-

218 1615 355 1650 φούμενα
365 1623 373 1630 ·
389 1614 543 1650 ἑπομένως
558 1614 593 1641 δὲ
612 1615 740 1648 τούτοις,
763 1615 817 1642 τὸν
835 1616 1007 1643 πολύκενον

220 1661 409 1695 πανταχόθεν
439 1660 663 1696 ὑπερχεὰμενος
691 1661 780 1696 ἀέρα’,
805 1660 883 1695 ὑπὲρ
913 1660 1007 1689 αὑτὸν

218 1705 305 1739 αὖθις
328 1707 468 1742 ἐχόμενα,
492 1707 527 1734 τὸ
552 1707 682 1741 αἰθέριον
704 1707 794 1740 κῦτος
810 1707 1006 1742 περιήγαγεν·

219 1753 253 1785 ἐξ
277 1750 321 1780 ὧν
337 1752 418 1787 φυτὰ
438 1752 537 1779 πάντα
559 1752 610 1779 καί
639 1752 704 1785 ζῶα,
729 1753 806 1780 κατὰ
838 1753 1007 1788 ἰδιότροπον

219 1799 351 1826 ἕκαστον
361 1799 457 1834 φύσιν
473 1799 600 1834 ἐποίησε
619 1800 668 1827 καί
677 1800 810 1835 μορφήν.

254 1846 357 1872 Μόνον
379 1845 414 1871 δέ
434 1845 489 1872 τὸν
510 1845 685 1879 ἄνθρωπον,
703 1845 759 1880 τῆς
783 1846 861 1879 ἰδίας
885 1846 1008 1880 πλάσας

217 1890 566 1926 μεταλειότητοςείκόνα,
576 1890 631 1918 τοῦ
643 1890 828 1924 παραδείσου
842 1892 1008 1926 πεποίηκεν

219 1935 376 1969 οἰκήτορα·
397 1935 434 1962 ὃν
451 1935 510 1969 τὴν
534 1935 724 1970 Δεσποτικὴν
749 1935 880 1970 ἐντολὴν
904 1937 1009 1972 iidem-

219 1981 304 2013 κότα,
316 1980 367 2008 καί
381 1981 430 2008 διὰ
450 1981 539 2008 τοῦτο
555 1981 610 2016 τῆς
625 1981 700 2015 πρὸς
721 1981 816 2009 αὐτὸν
829 1983 1009 2017 οἰκειότητος

219 2026 420 2061 ὠλισθῃκότα,
441 2025 569 2060 θάνατος
589 2026 639 2053 καί
657 2027 762 2061 φθορὰ,
778 2027 815 2054 τὰ
827 2027 941 2062 ὀψώνια
953 2028 1009 2062 τῆς

221 2073 378 2108 ἁμαρτίας,
397 2071 552 2104 διεδέξατο
564 2080 572 2088 ⁸
588 2072 658 2100 ἀλλ’
678 2073 734 2100 οὐκ
750 2074 794 2105 εἰς
807 2074 894 2107 τέλος
905 2075 922 2101 ὁ
937 2074 1009 2109 ἀγα-

220 2119 273 2152 θὸς
288 2119 432 2154 ὠργίσθη,
447 2119 517 2146 οὐδὲ
533 2119 566 2146 τὸ
587 2119 699 2146 οἰκεῖον
724 2119 864 2154 παρεῖδεν
886 2121 930 2154 εἰς
955 2121 1008 2147 τὸν

219 2164 314 2192 αἰῶνα
343 2165 487 2199 πλάσμα·
517 2164 567 2191 διὰ
593 2165 688 2200 νόμου
712 2165 746 2192 δὲ
774 2165 823 2193 καὶ
848 2166 1008 2201 προφητῶν

221 2210 340 2244 πρῶτον
360 2211 454 2245 ἁγίων
477 2210 711 2246 παιδαγωγήσας
734 2211 810 2246 πρὸς
832 2212 1006 2239 εὐσέϐειαν·

219 2256 280 2283 νῦν
298 2255 333 2282 δὲ
347 2257 423 2284 κατὰ
447 2256 578 2291 τὴντῶν
600 2256 715 2284 αἰώνων
737 2257 928 2291 συντέλειαν,
953 2258 1008 2285 τὸν

1051 1023 1122 1046 rent.
1135 1018 1173 1050 Is,
1185 1017 1255 1045 Deus
1267 1025 1369 1053 semper
1377 1016 1515 1052 perfectus,
1529 1020 1654 1048 aeternus,
1665 1016 1844 1050 incorporeus,

1051 1063 1352 1100 incomprehensusmost
1364 1062 1440 1090 illum
1453 1062 1704 1094 invisibilem,etiam
1720 1061 1845 1088 mundum

1051 1111 1120 1138 hunc
1132 1109 1214 1138 oculis
1241 1110 1386 1145 subjectum
1408 1117 1462 1145 prae
1486 1109 1582 1136 eximia
1598 1108 1713 1135 bonitate
1735 1106 1845 1133 condere

1053 1164 1113 1183 cum
1131 1155 1277 1188 voluisset;
1305 1155 1418 1188 ccelum,
1441 1154 1543 1187 aiebat,
1571 1154 1670 1181 cunctis
1695 1157 1844 1184 externum,

1055 1201 1128 1228 haud
1147 1209 1220 1228 secus
1241 1209 1273 1228 ac
1296 1200 1401 1236 globum
1426 1205 1550 1236 perpetuo
1576 1199 1696 1227 mobilem
1724 1199 1846 1226 universa

1054 1256 1165 1283 corpora
1185 1248 1369 1280 continentem,
1401 1247 1546 1283 fabricatus
1568 1251 1605 1274 est
1632 1255 1641 1273 :
1668 1251 1767 1272 terram
1785 1252 1846 1272 vero

1055 1294 1173 1320 omnium
1189 1293 1312 1326 mediam,
1332 1293 1403 1320 velut
1434 1301 1523 1320 rerum
1538 1293 1656 1327 hujusce
1687 1291 1846 1318 universita-

1055 1340 1088 1366 tis
1112 1343 1230 1366 centrum
1252 1339 1384 1374 quoddam
1408 1338 1535 1366 immobili
1565 1338 1635 1370 sede,
1661 1346 1692 1364 ac
1710 1338 1763 1364 suis
1774 1345 1846 1372 irque

1057 1385 1180 1412 libratam
1198 1385 1353 1420 ponderibus
1375 1385 1522 1413 collocavit.
1544 1384 1646 1420 Abyssi,
1664 1392 1695 1410 ac
1717 1392 1770 1419 qua
1795 1383 1846 1410 ele-

1056 1436 1172 1459 mentum
1184 1433 1311 1464 consistit,
1324 1440 1432 1467 aquom,
1457 1431 1526 1458 circa
1539 1435 1639 1457 terram
1651 1438 1659 1463 ,'
1672 1433 1771 1456 terram
1786 1436 1847 1455 vero

1056 1478 1126 1505 circa
1146 1486 1244 1512 aquam
1257 1477 1384 1509 solidans,
1399 1476 1513 1504 alterum
1525 1475 1608 1503 altero
1622 1475 1778 1502 elementum
1789 1482 1847 1501 mu—

1058 1527 1155 1559 tuaque
1166 1525 1349 1551 communione
1361 1523 1479 1558 ﬁrmauit
1495 1530 1503 1549 :
1517 1530 1574 1558 qua:
1590 1522 1709 1549 videlicet
1724 1521 1752 1548 in
1766 1529 1847 1548 unam

1058 1579 1186 1598 arcanam
1198 1571 1260 1604 vim,
1274 1571 1303 1598 in
1315 1570 1429 1597 universi
1446 1568 1592 1596 meditullio
1606 1567 1762 1595 mirabiliter
1786 1575 1849 1594 con—

1019 1635 1040 1665 c
1057 1616 1188 1643 sistenlem
1197 1615 1332 1650 [imamque
1349 1614 1520 1651 explicentur.
1548 1613 1651 1641 Exinde
1676 1612 1848 1639 multicavum

1058 1662 1097 1690 his
1109 1663 1226 1698 undique
1237 1661 1428 1697 superfundens
1456 1668 1555 1692 aerem,
1568 1659 1740 1694 superipsum
1754 1666 1849 1685 rursus

1057 1708 1179 1734 continue
1192 1708 1332 1736 aetheream
1348 1705 1522 1734 circumduxit
1542 1705 1594 1733 late
1612 1705 1699 1740 fusam
1714 1705 1848 1739 capacita-
1899 1721 1904 1726 ε

1059 1757 1130 1780 tem:
1142 1761 1174 1780 ex
1190 1753 1283 1788 quibus
1295 1753 1404 1789 plantas
1422 1760 1512 1779 omnes
1524 1756 1548 1779 et
1560 1752 1709 1779 animantes
1721 1749 1846 1783 condidit,

1052 1799 1135 1835 juxta
1147 1799 1284 1834 propriam
1298 1799 1425 1834 cujusque
1437 1798 1553 1825 indolem
1566 1806 1596 1824 ac
1608 1797 1733 1832 formam.

1093 1844 1186 1872 Solum
1200 1849 1289 1872 autem
1301 1845 1431 1872 hominem
1442 1853 1496 1872 sum
1508 1845 1656 1880 majestatis
1672 1843 1847 1871 simulacrum

1058 1891 1187 1926 formans,
1203 1891 1322 1926 paradisi
1336 1891 1470 1918 constituit
1481 1892 1561 1918 civem
1575 1899 1680 1927 :-quem
1697 1891 1783 1926 ipsum
1793 1889 1848 1916 Do-

1060 1937 1148 1964 minici
1160 1941 1380 1973 transgressorem
1416 1937 1546 1970 mandati,
1565 1945 1674 1972 eamque
1692 1937 1722 1964 ob
1744 1945 1799 1963 rem
1816 1937 1847 1963 ab

1058 1983 1129 2010 illius
1142 1991 1246 2010 cassum
1263 1983 1460 2014 necessitudine.
1476 1991 1546 2010 mors
1560 1987 1583 2010 et
1595 1983 1727 2018 corruptio
1738 1981 1848 2017 (peccati

1058 2029 1156 2056 scilicet
1172 2029 1292 2064 obsonia)
1324 2033 1492 2064 exceperunt.
1518 2028 1597 2055 Haud
1609 2032 1699 2054 tamen
1716 2027 1849 2062 benignis-

1058 2076 1141 2102 simus
1154 2074 1199 2103 ille
1223 2076 1251 2102 in
1263 2075 1345 2109 ﬁnem
1363 2075 1448 2101 iratus
1461 2078 1514 2106 est,
1526 2078 1571 2100 aut
1587 2075 1614 2100 in
1629 2078 1782 2108 perpetuum
1801 2072 1848 2098 de-

1059 2121 1143 2156 spexit
1160 2121 1316 2156 ﬁgmentum
1329 2128 1407 2148 suum
1428 2127 1438 2148 :
1455 2120 1508 2149 sed,
1528 2128 1586 2146 cum
1606 2120 1678 2154 prius
1695 2127 1740 2155 per
1767 2117 1848 2154 legem

1059 2170 1214 2202 sanctosque
1228 2167 1367 2202 prophetas
1387 2164 1422 2195 ad
1446 2165 1568 2201 pietatem
1586 2165 1740 2191 instituisset
1753 2172 1762 2196 ;
1776 2172 1846 2190 nunc

1060 2211 1165 2238 tandem
1186 2211 1214 2238 in
1235 2210 1459 2238 consummatione
1491 2209 1660 2242 swrulorum,
1683 2208 1847 2243 unigenitum

1060 2258 1170 2294 parique
1182 2266 1272 2288 secum
1291 2258 1382 2285 robore
1401 2266 1433 2284 ac
1456 2257 1573 2291 ejusdem
1595 2260 1699 2284 natura;
1722 2256 1848 2286 Verbum.

218 2301 380 2337 μονογενῆ.
391 2302 446 2329 τὸν
457 2302 600 2337 ἰσοσθενῆ
614 2303 662 2330 καὶ
673 2303 791 2338 ὁμοφυᾶ
802 2304 910 2339 Λόγον,
922 2305 1005 2339 ὑπερ-

1061 2304 1151 2332 ιίὶυἱηα
1173 2304 1290 2340 quadam
1304 2304 1452 2339 eximioque
1462 2304 1575 2336 ratione,
1589 2311 1620 2330 ea:
1632 2301 1774 2330 venerabili
1785 2311 1847 2329 san-

220 2349 334 2381 ουσίως
364 2347 436 2383 ἡμῖν
451 2348 486 2376 ἐκ
506 2348 655 2383 παρθένου
680 2349 816 2384 σεμνῆς,
843 2349 892 2377 καὶ
924 2350 1010 2385 ἁγίας

260 2425 316 2462 (56)
331 2425 386 2462 ιξαί
407 2425 512 2460 ἐχίδνῃ
539 2425 598 2452 τινί
621 2425 786 2462 τερατώδει.
811 2426 939 2462 Perinde
954 2426 1011 2462 Me-

223 2460 314 2496 taphrL
334 2461 430 2488 Elevat
455 2466 550 2496 autem
566 2461 652 2496 icard.
683 2461 782 2488 Baron.
814 2461 913 2488 horum
928 2460 1009 2488 fidem

223 2495 268 2524 an.
286 2497 330 2526 5-4,
350 2504 377 2522 n.
391 2495 419 2527 5,
434 2503 467 2522 eo
480 2495 553 2530 quod
566 2495 714 2530 Hierapoli,
739 2503 794 2522 non
811 2496 944 2531 viperam,
961 2496 1009 2523 sed

223 2532 292 2558 alios
316 2531 383 2566 deos
405 2531 599 2566 colerenttex
629 2531 730 2558 Euseb.
767 2531 814 2558 lib.
847 2538 865 2557 ιι
890 2531 928 2558 De
942 2539 1011 2566 prie-

223 2570 313 2601 parat.
336 2565 439 2601 Evang.
453 2573 477 2593 c.
491 2566 519 2593 4.
539 2565 592 2593 Sed
611 2565 676 2593 nihil
694 2565 732 2592 ibi
751 2565 888 2601 Eusebius
903 2566 930 2592 in
942 2565 1010 2593 eam

224 2600 293 2628 rem.
310 2600 504 2628 Solum'enim
517 2608 551 2628 eo
571 2601 643 2627 libro
671 2605 796 2627 veterum
818 2600 1009 2628 theoloaorum

222 2636 295 2663 dicta
313 2635 408 2667 refert,
424 2636 526 2671 quibus
544 2635 706 2663 idololatriae
716 2635 849 2671 originem
860 2635 985 2663 traducat
1000 2645 1006 2663 :

221 2679 279 2698 non
297 2675 334 2706 ut”
343 2671 449 2706 singula
466 2671 579 2698 numina
593 2670 761 2705 singularum
784 2670 926 2698 civitatum
944 2679 1005 2706 ρτοι

222 2705 304 2741 ferat.
322 2705 399 2732 Bene
424 2705 497 2741 apud
525 2705 794 2741 Nicephorurm,cjus
811 2705 1007 2741 vulgator'hoc

223 2740 314 2775 ipsum
327 2741 431 2769 nostris
444 2740 625 2775 temporibus
637 2741 664 2767 in
679 2740 794 2767 Livonia
814 2745 843 2768 et
862 2740 1008 2776 Samogitia

223 2780 366 2809 repertum
379 2776 472 2804 tradit.
483 2776 517 2803 At
527 2776 653 2810 nequein
668 2775 755 2803 Gallia
770 2776 870 2802 desunt
882 2776 933 2803 viri
944 2775 1010 2803 sim-

222 2810 319 2845 plices,
333 2811 435 2846 quibus
452 2810 610 2846 hujusmodi
627 2811 728 2845 viperae
739 2818 772 2838 ac
785 2816 928 2846 serpentes
943 2811 1008 2838 boni

222 2846 324 2881 ominis
336 2846 537 2876 existimentur.
555 2846 713 2880 ubicunque
727 2847 837 2881 degant,
850 2847 905 2873 ruri
919 2847 962 2874 vel
979 2846 1006 2874 in

223 2880 307 2917 domo
317 2889 327 2917 ;
337 2880 502 2916 sinistraque
515 2881 607 2909 omnia
627 2880 802 2917 portendere,
813 2881 835 2908 si
851 2881 1006 2917 abigantur,

223 2915 267 2957 vel
285 2915 532 2957 etiam‘necentur;
544 2924 599 2957 quo
614 2915 642 2944 in
654 2924 753 2957 genere
781 2915 919 2957 singulare
940 2917 1006 2957 quid

224 2949 259 2978 de
276 2950 425 2979 domestica
435 2951 530 2984 vipera
541 2949 593 2980 sibi
609 2949 741 2979 accidisse
772 2949 865 2980 narrat
888 2949 1005 2979 Leo'Al-

1063 2354 1156 2386 ctaque
1172 2350 1286 2387 Virgine,
1301 2349 1399 2378 nullius
1421 2350 1574 2385 contagione
1587 2349 1684 2384 peccati
1695 2349 1793 2384 factum
1804 2348 1848 2375 ho-

1062 2427 1110 2454 lat.
1131 2434 1193 2455 cum
1210 2427 1370 2455 adolescens
1389 2430 1471 2458 esset,
1492 2426 1542 2453 lib.
1558 2425 1596 2453 De
1611 2426 1757 2461 peregrinis
1777 2425 1843 2453 Grai-

1062 2470 1153 2490 corum
1167 2462 1343 2497 opinionibus,
1356 2460 1615 2497 vaticinanterinde'
1631 2460 1722 2489 vetula
1737 2468 1798 2497 quae
1809 2460 1849 2497 illi

1062 2497 1129 2524 satis
1166 2495 1295 2532 prospera
1323 2503 1441 2524 evenere
1458 2515 1465 2528 ,
1502 2496 1650 2524 adventum
1666 2517 1673 2528 ,
1689 2495 1846 2532 proiectio

1061 2539 1136 2565 nem,
1147 2531 1214 2565 etc.,
1230 2531 1291 2567 quae
1309 2539 1364 2559 non
1377 2535 1490 2559 careant
1507 2531 1711 2566 superstitionis
1727 2531 1799 2558 labe.
1811 2531 1848 2557 Dc

1061 2567 1200 2602 Hierapoli
1213 2571 1241 2595 et
1254 2571 1414 2602 serpentum
1428 2567 1456 2594 in
1469 2574 1502 2594 ea
1523 2567 1599 2594 cultu
1630 2569 1793 2602 argumento
1807 2569 1848 2592 est

1061 2600 1462 2639 antiquum_civita‘tisnomen,
1485 2602 1560 2639 quod
1576 2600 1746 2639 tradit'apud
1760 2600 1845 2639 Mela:

1057 2636 1197 2699 ghraétem
1205 2637 1307 2672 Ioseph
1325 2637 1442 2664 Humilis
1454 2638 1580 2664 Oratione
1590 2637 1622 2663 in
1640 2636 1745 2663 laudem
1757 2636 1845 2660 sancti

1082 2672 1262 2699 artholonuei:
1277 2680 1376 2699 nemoe
1392 2672 1570 2699 Oohiorvma.
1597 2671 1675 2699 ouasi
1686 2670 1770 2699 dicas.
1787 2676 1845 2695 ser-

1082 2670 1376 2708 artholonueifnempe
1392 2672 1570 2708 Ophioryma,
1597 2671 1675 2708 quasi
1686 2670 1770 2708 dicas.
1787 2676 1846 2708 sef-

1058 2708 1151 2742 pentis
1163 2715 1195 2735 ac
1210 2703 1307 2742 anguis
1326 2703 1450 2735 tutam-en
1476 2703 1525 2735 seu
1549 2703 1726 2742 praesidium._
1746 2703 1847 2731 Confer

1059 2739 1153 2770 nostra
1168 2743 1225 2770 haec
1239 2739 1301 2770 c'um
1315 2742 1396 2770 dictis
1410 2743 1444 2770 ad
1458 2739 1597 2778 Hippolyti
1612 2739 1775 2778 _Synopsilg;
1797 2746 1848 2766 nec

1061 2781 1087 2804 te
1099 2778 1226 2805 censuris
1248 2778 1383 2813 ejusmodi
1415 2774 1621 2813 iacile"abd_uci
1634 2774 1724 2813 sinas.
1739 2774 1847 2813 Durum

1055 2820 1127 2851 sane
1152 2813 1234 2851 unius
1252 2809 1336 2841 ductu
1362 2813 1460 2840 calami
1480 2812 1547 2851 _novi
1564 2809 1691 2851 hominis
1715 2809 1846 2851 expungi.

1061 2848 1196 2882 quidquid
1227 2856 1334 2876 summa
1360 2847 1541 2875 consensione
1560 2849 1611 2882 tot_
1627 2848 1704 2872 retro
1727 2846 1847 2882 seculis,

1082 2880 1185 2946 rgbattis
1206 2885 1276 2912 actis
1289 2891 1320 2911 ac
1349 2882 1509 2910 auctoribus
1536 2880 1731 2917 consignatum
1764 2880 1846 2908 ﬁdem

1082 2926 1095 2946 a
1117 2927 1144 2946 ιιι
1159 2937 1167 2946 .

1081 2919 1167 2946 abuit.
