  <div class='ocr_page' id='page_1' title='image "/cluster/home/n/w/nwhite01/storage/ocr_20150623/105/njp.32101077772893/107.png"; bbox 0 0 2078 3154; ppageno 0'>
   <div class='ocr_carea' id='block_1_1' title="bbox 243 205 294 239">
    <p class='ocr_par' dir='ltr' id='par_1_1' title="bbox 243 205 294 239">
     <span class='ocr_line' id='line_1_1' title="bbox 243 205 294 239; baseline 0 0"><span class='ocrx_word' id='word_1_1' title='bbox 243 205 294 239; x_wconf 67' lang='lat'><strong><em>179</em></strong></span> 
     </span>
    </p>
   </div>
   <div class='ocr_carea' id='block_1_2' title="bbox 821 204 1249 237">
    <p class='ocr_par' dir='ltr' id='par_1_2' title="bbox 821 204 1249 237">
     <span class='ocr_line' id='line_1_2' title="bbox 821 204 1249 237; baseline -0.002 0"><span class='ocrx_word' id='word_1_2' title='bbox 821 206 967 237; x_wconf 68' lang='lat' dir='ltr'><strong><em>NICETE</em></strong></span> <span class='ocrx_word' id='word_1_3' title='bbox 985 204 1249 237; x_wconf 83' lang='lat' dir='ltr'><strong><em>PAPHLAGONIS</em></strong></span> 
     </span>
    </p>
   </div>
   <div class='ocr_carea' id='block_1_3' title="bbox 1804 208 1857 238">
    <p class='ocr_par' dir='ltr' id='par_1_3' title="bbox 1804 208 1857 238">
     <span class='ocr_line' id='line_1_3' title="bbox 1804 208 1857 238; baseline 0.019 -1"><span class='ocrx_word' id='word_1_4' title='bbox 1804 208 1857 238; x_wconf 80' lang='lat'><strong>180</strong></span> 
     </span>
    </p>
   </div>
   <div class='ocr_carea' id='block_1_4' title="bbox 240 260 1010 297">
    <p class='ocr_par' dir='ltr' id='par_1_4' title="bbox 240 260 1010 297">
     <span class='ocr_line' id='line_1_4' title="bbox 240 260 1010 297; baseline 0.001 -9"><span class='ocrx_word' id='word_1_5' title='bbox 240 262 348 295; x_wconf 86' lang='lat' dir='ltr'><strong><em>minem,</em></strong></span> <span class='ocrx_word' id='word_1_6' title='bbox 359 260 431 289; x_wconf 77' lang='lat' dir='ltr'><strong><em>nobis</em></strong></span> <span class='ocrx_word' id='word_1_7' title='bbox 454 261 571 297; x_wconf 76' lang='lat' dir='ltr'><strong><em>prtzbuit.</em></strong></span> <span class='ocrx_word' id='word_1_8' title='bbox 583 261 610 289; x_wconf 84' lang='lat' dir='ltr'><strong><em>Is</em></strong></span> <span class='ocrx_word' id='word_1_9' title='bbox 621 263 754 289; x_wconf 77' lang='lat' dir='ltr'><strong><em>hominum</em></strong></span> <span class='ocrx_word' id='word_1_10' title='bbox 764 261 857 289; x_wconf 79' lang='lat' dir='ltr'><strong><em>similis</em></strong></span> <span class='ocrx_word' id='word_1_11' title='bbox 879 269 1010 297; x_wconf 81' lang='lat' dir='ltr'><strong><em>apparens</em></strong></span> 
     </span>
    </p>
   </div>
   <div class='ocr_carea' id='block_1_5' title="bbox 1061 260 1857 297">
    <p class='ocr_par' dir='ltr' id='par_1_5' title="bbox 1073 260 1857 296">
     <span class='ocr_line' id='line_1_5' title="bbox 1073 260 1857 296; baseline 0 -7"><span class='ocrx_word' id='word_1_12' title='bbox 1073 261 1286 296; x_wconf 81' lang='grc' dir='ltr'><strong><em>ἀναμαρτήτως</em></strong></span> <span class='ocrx_word' id='word_1_13' title='bbox 1312 260 1568 296; x_wconf 78' lang='grc' dir='ltr'><em>ἀνθρωπιζόμενον</em></span> <span class='ocrx_word' id='word_1_14' title='bbox 1593 260 1770 295; x_wconf 73' lang='grc' dir='ltr'><em>παρέσχετο.</em></span> <span class='ocrx_word' id='word_1_15' title='bbox 1807 262 1857 295; x_wconf 77' lang='grc' dir='ltr'><em>ὀς</em></span> 
     </span>
    </p>
   </div>
   <div class='ocr_carea' id='block_1_6' title="bbox 239 307 1022 343">
    <p class='ocr_par' dir='ltr' id='par_1_6' title="bbox 239 307 1022 343">
     <span class='ocr_line' id='line_1_6' title="bbox 239 307 1022 343; baseline 0.001 -10"><span class='ocrx_word' id='word_1_16' title='bbox 239 307 357 334; x_wconf 77' lang='lat' dir='ltr'><strong><em>veritatis</em></strong></span> <span class='ocrx_word' id='word_1_17' title='bbox 387 308 547 334; x_wconf 78' lang='lat' dir='ltr'><strong><em>sermonibus</em></strong></span> <span class='ocrx_word' id='word_1_18' title='bbox 558 315 589 334; x_wconf 87' lang='lat' dir='ltr'><strong><em>ac</em></strong></span> <span class='ocrx_word' id='word_1_19' title='bbox 602 309 723 343; x_wconf 76' lang='lat' dir='ltr'><strong><em>potentiw</em></strong></span> <span class='ocrx_word' id='word_1_20' title='bbox 738 308 868 343; x_wconf 79' lang='lat' dir='ltr'><strong><em>operibus,</em></strong></span> <span class='ocrx_word' id='word_1_21' title='bbox 881 307 970 335; x_wconf 83' lang='lat' dir='ltr'><strong><em>Patris</em></strong></span> <span class='ocrx_word' id='word_1_22' title='bbox 981 309 1022 334; x_wconf 77' lang='lat' dir='ltr'><strong><em>sui</em></strong></span> 
     </span>
    </p>
   </div>
   <div class='ocr_carea' id='block_1_7' title="bbox 239 351 1021 388">
    <p class='ocr_par' dir='ltr' id='par_1_7' title="bbox 239 351 1021 388">
     <span class='ocr_line' id='line_1_7' title="bbox 239 351 1021 388; baseline 0.001 -9"><span class='ocrx_word' id='word_1_23' title='bbox 239 353 313 379; x_wconf 83' lang='lat' dir='ltr'><strong><em>nobis</em></strong></span> <span class='ocrx_word' id='word_1_24' title='bbox 330 351 443 388; x_wconf 77' lang='lat' dir='ltr'><strong><em>gloriam</em></strong></span> <span class='ocrx_word' id='word_1_25' title='bbox 454 361 486 380; x_wconf 85' lang='lat' dir='ltr'><strong><em>ac</em></strong></span> <span class='ocrx_word' id='word_1_26' title='bbox 498 353 631 385; x_wconf 73' lang='lat' dir='ltr'><strong><em>notitiam,</em></strong></span> <span class='ocrx_word' id='word_1_27' title='bbox 648 353 730 388; x_wconf 70' lang='lat' dir='ltr'><strong><em>affusa</em></strong></span> <span class='ocrx_word' id='word_1_28' title='bbox 749 353 850 380; x_wconf 74' lang='lat' dir='ltr'><strong><em>ewlitus</em></strong></span> <span class='ocrx_word' id='word_1_29' title='bbox 863 353 919 380; x_wconf 87' lang='lat' dir='ltr'><strong><em>luce</em></strong></span> <span class='ocrx_word' id='word_1_30' title='bbox 933 354 1021 380; x_wconf 87' lang='lat' dir='ltr'><strong><em>mani-</em></strong></span> 
     </span>
    </p>
   </div>
   <div class='ocr_carea' id='block_1_8' title="bbox 239 398 1020 434">
    <p class='ocr_par' dir='ltr' id='par_1_8' title="bbox 239 398 1020 434">
     <span class='ocr_line' id='line_1_8' title="bbox 239 398 1020 434; baseline 0 -9"><span class='ocrx_word' id='word_1_31' title='bbox 239 399 342 432; x_wconf 82' lang='lat' dir='ltr'><strong><em>festavit</em></strong></span> <span class='ocrx_word' id='word_1_32' title='bbox 354 407 364 431; x_wconf 88' lang='lat'><strong><em>;</em></strong></span> <span class='ocrx_word' id='word_1_33' title='bbox 384 399 480 434; x_wconf 86' lang='lat' dir='ltr'><strong><em>quique</em></strong></span> <span class='ocrx_word' id='word_1_34' title='bbox 502 399 534 425; x_wconf 88' lang='lat' dir='ltr'><strong><em>ab</em></strong></span> <span class='ocrx_word' id='word_1_35' title='bbox 558 399 629 425; x_wconf 87' lang='lat' dir='ltr'><strong><em>omni</em></strong></span> <span class='ocrx_word' id='word_1_36' title='bbox 650 398 775 425; x_wconf 84' lang='lat' dir='ltr'><strong><em>immunis</em></strong></span> <span class='ocrx_word' id='word_1_37' title='bbox 799 399 920 434; x_wconf 78' lang='lat' dir='ltr'><strong><em>passione</em></strong></span> <span class='ocrx_word' id='word_1_38' title='bbox 945 403 1020 430; x_wconf 88' lang='lat' dir='ltr'><strong><em>esset,</em></strong></span> 
     </span>
    </p>
   </div>
   <div class='ocr_carea' id='block_1_9' title="bbox 238 443 1021 478">
    <p class='ocr_par' dir='ltr' id='par_1_9' title="bbox 238 443 1021 478">
     <span class='ocr_line' id='line_1_9' title="bbox 238 443 1021 478; baseline 0.001 -9"><span class='ocrx_word' id='word_1_39' title='bbox 238 443 403 477; x_wconf 82' lang='lat' dir='ltr'><strong><em>passionibus</em></strong></span> <span class='ocrx_word' id='word_1_40' title='bbox 413 444 495 470; x_wconf 90' lang='lat' dir='ltr'><strong><em>nostri</em></strong></span> <span class='ocrx_word' id='word_1_41' title='bbox 502 451 592 474; x_wconf 83' lang='lat' dir='ltr'><strong><em>causa,</em></strong></span> <span class='ocrx_word' id='word_1_42' title='bbox 604 451 729 478; x_wconf 85' lang='lat' dir='ltr'><strong><em>cruceque</em></strong></span> <span class='ocrx_word' id='word_1_43' title='bbox 738 447 762 470; x_wconf 89' lang='lat' dir='ltr'><strong><em>et</em></strong></span> <span class='ocrx_word' id='word_1_44' title='bbox 775 447 857 470; x_wconf 89' lang='lat' dir='ltr'><strong><em>morte</em></strong></span> <span class='ocrx_word' id='word_1_45' title='bbox 869 444 1021 478; x_wconf 78' lang='lat' dir='ltr'><strong><em>perfunctus</em></strong></span> 
     </span>
    </p>
   </div>
   <div class='ocr_carea' id='block_1_10' title="bbox 237 487 1022 523">
    <p class='ocr_par' dir='ltr' id='par_1_10' title="bbox 237 487 1022 523">
     <span class='ocr_line' id='line_1_10' title="bbox 237 487 1022 523; baseline 0.001 -9"><span class='ocrx_word' id='word_1_46' title='bbox 237 493 317 523; x_wconf 87' lang='lat' dir='ltr'><strong><em>atque</em></strong></span> <span class='ocrx_word' id='word_1_47' title='bbox 330 489 357 515; x_wconf 86' lang='lat' dir='ltr'><strong><em>in</em></strong></span> <span class='ocrx_word' id='word_1_48' title='bbox 370 488 424 515; x_wconf 93' lang='lat' dir='ltr'><strong><em>illis</em></strong></span> <span class='ocrx_word' id='word_1_49' title='bbox 438 493 555 515; x_wconf 83' lang='lat' dir='ltr'><strong><em>versatus</em></strong></span> <span class='ocrx_word' id='word_1_50' title='bbox 573 487 680 523; x_wconf 77' lang='lat' dir='ltr'><strong><em>(quippe</em></strong></span> <span class='ocrx_word' id='word_1_51' title='bbox 689 489 764 515; x_wconf 83' lang='lat' dir='ltr'><strong><em>homo</em></strong></span> <span class='ocrx_word' id='word_1_52' title='bbox 775 497 834 515; x_wconf 86' lang='lat' dir='ltr'><strong><em>cum</em></strong></span> <span class='ocrx_word' id='word_1_53' title='bbox 845 489 921 523; x_wconf 83' lang='lat' dir='ltr'><strong><em>esset)</em></strong></span> <span class='ocrx_word' id='word_1_54' title='bbox 935 497 1022 516; x_wconf 84' lang='lat' dir='ltr'><strong><em>resur-</em></strong></span> 
     </span>
    </p>
   </div>
   <div class='ocr_carea' id='block_1_11' title="bbox 236 534 1021 569">
    <p class='ocr_par' dir='ltr' id='par_1_11' title="bbox 236 534 1021 569">
     <span class='ocr_line' id='line_1_11' title="bbox 236 534 1021 569; baseline 0.001 -9"><span class='ocrx_word' id='word_1_55' title='bbox 236 535 304 560; x_wconf 68' lang='lat' dir='ltr'><strong><em>rexit</em></strong></span> <span class='ocrx_word' id='word_1_56' title='bbox 316 535 392 560; x_wconf 76' lang='lat' dir='ltr'><strong><em>tertia</em></strong></span> <span class='ocrx_word' id='word_1_57' title='bbox 402 534 444 560; x_wconf 84' lang='lat' dir='ltr'><strong><em>die</em></strong></span> <span class='ocrx_word' id='word_1_58' title='bbox 455 543 486 561; x_wconf 80' lang='lat' dir='ltr'><strong><em>ac</em></strong></span> <span class='ocrx_word' id='word_1_59' title='bbox 499 542 526 560; x_wconf 91' lang='lat' dir='ltr'><strong><em>se</em></strong></span> <span class='ocrx_word' id='word_1_60' title='bbox 534 534 606 561; x_wconf 88' lang='lat' dir='ltr'><strong><em>nobis</em></strong></span> <span class='ocrx_word' id='word_1_61' title='bbox 616 534 783 569; x_wconf 84' lang='lat' dir='ltr'><strong><em>conspicuum</em></strong></span> <span class='ocrx_word' id='word_1_62' title='bbox 804 535 874 568; x_wconf 79' lang='lat' dir='ltr'><strong><em>fecit,</em></strong></span> <span class='ocrx_word' id='word_1_63' title='bbox 898 534 1021 567; x_wconf 73' lang='lat' dir='ltr'><strong><em>nobisque</em></strong></span> 
     </span>
    </p>
   </div>
   <div class='ocr_carea' id='block_1_12' title="bbox 235 577 1020 615">
    <p class='ocr_par' dir='ltr' id='par_1_12' title="bbox 235 577 1020 615">
     <span class='ocr_line' id='line_1_12' title="bbox 235 577 1020 615; baseline 0.003 -11"><span class='ocrx_word' id='word_1_64' title='bbox 235 578 400 605; x_wconf 82' lang='lat' dir='ltr'><strong><em>cernentibus</em></strong></span> <span class='ocrx_word' id='word_1_65' title='bbox 414 578 441 605; x_wconf 85' lang='lat' dir='ltr'><strong><em>in</em></strong></span> <span class='ocrx_word' id='word_1_66' title='bbox 464 577 556 605; x_wconf 73' lang='lat' dir='ltr'><strong><em>mlum</em></strong></span> <span class='ocrx_word' id='word_1_67' title='bbox 571 584 688 614; x_wconf 83' lang='lat' dir='ltr'><strong><em>receptus</em></strong></span> <span class='ocrx_word' id='word_1_68' title='bbox 703 584 740 606; x_wconf 89' lang='lat' dir='ltr'><strong><em>est</em></strong></span> <span class='ocrx_word' id='word_1_69' title='bbox 763 580 868 614; x_wconf 83' lang='lat' dir='ltr'><strong><em>(quippe</em></strong></span> <span class='ocrx_word' id='word_1_70' title='bbox 882 581 927 615; x_wconf 84' lang='lat' dir='ltr'><strong><em>qui</em></strong></span> <span class='ocrx_word' id='word_1_71' title='bbox 950 580 1020 607; x_wconf 83' lang='lat' dir='ltr'><strong><em>Dens</em></strong></span> 
     </span>
    </p>
   </div>
   <div class='ocr_carea' id='block_1_13' title="bbox 233 624 1017 662">
    <p class='ocr_par' dir='ltr' id='par_1_13' title="bbox 233 624 1017 662">
     <span class='ocr_line' id='line_1_13' title="bbox 233 624 1017 662; baseline 0.004 -11"><span class='ocrx_word' id='word_1_72' title='bbox 233 627 321 659; x_wconf 86' lang='lat' dir='ltr'><strong><em>esset).</em></strong></span> <span class='ocrx_word' id='word_1_73' title='bbox 337 624 419 657; x_wconf 83' lang='lat' dir='ltr'><strong><em>Quem</em></strong></span> <span class='ocrx_word' id='word_1_74' title='bbox 429 629 454 652; x_wconf 88' lang='lat' dir='ltr'><strong><em>et</em></strong></span> <span class='ocrx_word' id='word_1_75' title='bbox 469 633 559 652; x_wconf 81' lang='lat' dir='ltr'><strong><em>rursus</em></strong></span> <span class='ocrx_word' id='word_1_76' title='bbox 576 631 714 653; x_wconf 82' lang='lat' dir='ltr'><strong><em>venturum</em></strong></span> <span class='ocrx_word' id='word_1_77' title='bbox 724 635 737 652; x_wconf 88' lang='lat' dir='ltr'><strong><em>e</em></strong></span> <span class='ocrx_word' id='word_1_78' title='bbox 750 626 819 654; x_wconf 70' lang='lat' dir='ltr'><strong><em>uelis</em></strong></span> <span class='ocrx_word' id='word_1_79' title='bbox 830 631 1017 662; x_wconf 72' lang='lat' dir='ltr'><strong><em>exspectamus.</em></strong></span> 
     </span>
    </p>
   </div>
   <div class='ocr_carea' id='block_1_14' title="bbox 233 670 1019 707">
    <p class='ocr_par' dir='ltr' id='par_1_14' title="bbox 233 670 1019 707">
     <span class='ocr_line' id='line_1_14' title="bbox 233 670 1019 707; baseline 0.003 -11"><span class='ocrx_word' id='word_1_80' title='bbox 233 678 280 704; x_wconf 85' lang='lat' dir='ltr'><strong><em>pro</em></strong></span> <span class='ocrx_word' id='word_1_81' title='bbox 290 677 320 696; x_wconf 91' lang='lat' dir='ltr'><strong><em>eo</em></strong></span> <span class='ocrx_word' id='word_1_82' title='bbox 336 678 366 697; x_wconf 87' lang='lat' dir='ltr'><strong><em>ac</em></strong></span> <span class='ocrx_word' id='word_1_83' title='bbox 376 670 506 705; x_wconf 77' lang='lat' dir='ltr'><strong><em>pollicitus</em></strong></span> <span class='ocrx_word' id='word_1_84' title='bbox 517 675 565 703; x_wconf 85' lang='lat' dir='ltr'><strong><em>est,</em></strong></span> <span class='ocrx_word' id='word_1_85' title='bbox 582 676 608 697; x_wconf 90' lang='lat' dir='ltr'><strong><em>ut</em></strong></span> <span class='ocrx_word' id='word_1_86' title='bbox 628 673 774 698; x_wconf 77' lang='lat' dir='ltr'><strong><em>Imntanum</em></strong></span> <span class='ocrx_word' id='word_1_87' title='bbox 793 680 869 698; x_wconf 89' lang='lat' dir='ltr'><strong><em>omne</em></strong></span> <span class='ocrx_word' id='word_1_88' title='bbox 881 680 963 707; x_wconf 83' lang='lat' dir='ltr'><strong><em>genus</em></strong></span> <span class='ocrx_word' id='word_1_89' title='bbox 979 680 1019 698; x_wconf 80' lang='lat' dir='ltr'><strong><em>ea:-</em></strong></span> 
     </span>
    </p>
   </div>
   <div class='ocr_carea' id='block_1_15' title="bbox 232 715 1020 752">
    <p class='ocr_par' dir='ltr' id='par_1_15' title="bbox 232 715 1020 752">
     <span class='ocr_line' id='line_1_15' title="bbox 232 715 1020 752; baseline 0.004 -11"><span class='ocrx_word' id='word_1_90' title='bbox 232 715 348 748; x_wconf 81' lang='lat' dir='ltr'><strong><em>suscitet,</em></strong></span> <span class='ocrx_word' id='word_1_91' title='bbox 358 716 509 751; x_wconf 76' lang='lat' dir='ltr'><strong><em>judicetque</em></strong></span> <span class='ocrx_word' id='word_1_92' title='bbox 535 725 565 743; x_wconf 87' lang='lat' dir='ltr'><strong><em>ac</em></strong></span> <span class='ocrx_word' id='word_1_93' title='bbox 576 717 668 743; x_wconf 83' lang='lat' dir='ltr'><strong><em>reddat</em></strong></span> <span class='ocrx_word' id='word_1_94' title='bbox 679 717 817 752; x_wconf 82' lang='lat' dir='ltr'><strong><em>unicuique</em></strong></span> <span class='ocrx_word' id='word_1_95' title='bbox 827 725 873 752; x_wconf 87' lang='lat' dir='ltr'><strong><em>pro</em></strong></span> <span class='ocrx_word' id='word_1_96' title='bbox 884 725 912 743; x_wconf 89' lang='lat' dir='ltr'><strong><em>eo</em></strong></span> <span class='ocrx_word' id='word_1_97' title='bbox 921 725 952 744; x_wconf 86' lang='lat' dir='ltr'><strong><em>ac</em></strong></span> <span class='ocrx_word' id='word_1_98' title='bbox 962 725 1020 752; x_wconf 80' lang='lat' dir='ltr'><strong><em>ges-</em></strong></span> 
     </span>
    </p>
   </div>
   <div class='ocr_carea' id='block_1_16' title="bbox 231 761 1017 798">
    <p class='ocr_par' dir='ltr' id='par_1_16' title="bbox 231 761 1017 798">
     <span class='ocr_line' id='line_1_16' title="bbox 231 761 1017 798; baseline 0.003 -10"><span class='ocrx_word' id='word_1_99' title='bbox 231 762 275 788; x_wconf 89' lang='lat' dir='ltr'><strong><em>sit.</em></strong></span> <span class='ocrx_word' id='word_1_100' title='bbox 290 761 377 794; x_wconf 75' lang='lat' dir='ltr'><strong><em>Hunc,</em></strong></span> <span class='ocrx_word' id='word_1_101' title='bbox 401 763 552 795; x_wconf 81' lang='lat' dir='ltr'><strong><em>hortamur,</em></strong></span> <span class='ocrx_word' id='word_1_102' title='bbox 572 764 712 798; x_wconf 81' lang='lat' dir='ltr'><strong><em>agnoscite.</em></strong></span> <span class='ocrx_word' id='word_1_103' title='bbox 729 763 816 796; x_wconf 86' lang='lat' dir='ltr'><strong><em>Hunc,</em></strong></span> <span class='ocrx_word' id='word_1_104' title='bbox 836 763 1017 796; x_wconf 80' lang='lat' dir='ltr'><strong><em>obsecramus,</em></strong></span> 
     </span>
    </p>
   </div>
   <div class='ocr_carea' id='block_1_17' title="bbox 230 807 1018 844">
    <p class='ocr_par' dir='ltr' id='par_1_17' title="bbox 230 807 1018 844">
     <span class='ocr_line' id='line_1_17' title="bbox 230 807 1018 844; baseline 0.003 -11"><span class='ocrx_word' id='word_1_105' title='bbox 230 807 326 840; x_wconf 83' lang='lat' dir='ltr'><strong><em>colite;</em></strong></span> <span class='ocrx_word' id='word_1_106' title='bbox 337 812 361 835; x_wconf 88' lang='lat' dir='ltr'><strong><em>et</em></strong></span> <span class='ocrx_word' id='word_1_107' title='bbox 374 808 401 835; x_wconf 85' lang='lat' dir='ltr'><strong><em>in</em></strong></span> <span class='ocrx_word' id='word_1_108' title='bbox 417 809 521 835; x_wconf 82' lang='lat' dir='ltr'><strong><em>nomine</em></strong></span> <span class='ocrx_word' id='word_1_109' title='bbox 535 809 591 844; x_wconf 80' lang='lat' dir='ltr'><strong><em>ejus</em></strong></span> <span class='ocrx_word' id='word_1_110' title='bbox 613 809 749 844; x_wconf 77' lang='lat' dir='ltr'><strong><em>baptizati,</em></strong></span> <span class='ocrx_word' id='word_1_111' title='bbox 772 809 804 836; x_wconf 90' lang='lat' dir='ltr'><strong><em>ab</em></strong></span> <span class='ocrx_word' id='word_1_112' title='bbox 830 809 901 836; x_wconf 88' lang='lat' dir='ltr'><strong><em>omni</em></strong></span> <span class='ocrx_word' id='word_1_113' title='bbox 922 808 1018 836; x_wconf 83' lang='lat' dir='ltr'><strong><em>scelere</em></strong></span> 
     </span>
    </p>
   </div>
   <div class='ocr_carea' id='block_1_18' title="bbox 230 852 1019 890">
    <p class='ocr_par' dir='ltr' id='par_1_18' title="bbox 230 852 1019 890">
     <span class='ocr_line' id='line_1_18' title="bbox 230 852 1019 890; baseline 0.004 -11"><span class='ocrx_word' id='word_1_114' title='bbox 230 852 387 889; x_wconf 84' lang='lat' dir='ltr'><strong><em>impuraque</em></strong></span> <span class='ocrx_word' id='word_1_115' title='bbox 402 855 473 881; x_wconf 85' lang='lat' dir='ltr'><strong><em>omni</em></strong></span> <span class='ocrx_word' id='word_1_116' title='bbox 494 856 649 882; x_wconf 78' lang='lat' dir='ltr'><strong><em>cwrernonia</em></strong></span> <span class='ocrx_word' id='word_1_117' title='bbox 665 855 862 888; x_wconf 84' lang='lat' dir='ltr'><strong><em>emundamini;</em></strong></span> <span class='ocrx_word' id='word_1_118' title='bbox 883 854 1019 890; x_wconf 82' lang='lat' dir='ltr'><strong><em>omnisque</em></strong></span> 
     </span>
    </p>
   </div>
   <div class='ocr_carea' id='block_1_19' title="bbox 229 899 1017 936">
    <p class='ocr_par' dir='ltr' id='par_1_19' title="bbox 229 899 1017 936">
     <span class='ocr_line' id='line_1_19' title="bbox 229 899 1017 936; baseline 0.003 -11"><span class='ocrx_word' id='word_1_119' title='bbox 229 899 323 934; x_wconf 66' lang='lat' dir='ltr'><strong><em>gratia</em></strong></span> <span class='ocrx_word' id='word_1_120' title='bbox 334 900 475 935; x_wconf 80' lang='lat' dir='ltr'><strong><em>participes</em></strong></span> <span class='ocrx_word' id='word_1_121' title='bbox 487 901 577 935; x_wconf 77' lang='lat' dir='ltr'><strong><em>effecti,</em></strong></span> <span class='ocrx_word' id='word_1_122' title='bbox 593 905 671 936; x_wconf 88' lang='lat' dir='ltr'><strong><em>atque</em></strong></span> <span class='ocrx_word' id='word_1_123' title='bbox 689 900 762 928; x_wconf 86' lang='lat' dir='ltr'><strong><em>illius</em></strong></span> <span class='ocrx_word' id='word_1_124' title='bbox 779 905 910 928; x_wconf 81' lang='lat' dir='ltr'><strong><em>consortes</em></strong></span> <span class='ocrx_word' id='word_1_125' title='bbox 917 901 1017 928; x_wconf 80' lang='lat' dir='ltr'><strong><em>sancti-</em></strong></span> 
     </span>
    </p>
   </div>
   <div class='ocr_carea' id='block_1_20' title="bbox 232 945 1014 983">
    <p class='ocr_par' dir='ltr' id='par_1_20' title="bbox 232 945 1014 983">
     <span class='ocr_line' id='line_1_20' title="bbox 232 945 1014 983; baseline 0.005 -14"><span class='ocrx_word' id='word_1_126' title='bbox 232 945 302 977; x_wconf 81' lang='lat' dir='ltr'><strong><em>tatis,</em></strong></span> <span class='ocrx_word' id='word_1_127' title='bbox 320 946 379 972; x_wconf 76' lang='lat' dir='ltr'><strong><em>uiue</em></strong></span> <span class='ocrx_word' id='word_1_128' title='bbox 393 950 498 974; x_wconf 65' lang='lat' dir='ltr'><strong><em>(eterna:</em></strong></span> <span class='ocrx_word' id='word_1_129' title='bbox 511 955 541 973; x_wconf 86' lang='lat' dir='ltr'><strong><em>ac</em></strong></span> <span class='ocrx_word' id='word_1_130' title='bbox 550 948 623 982; x_wconf 83' lang='lat' dir='ltr'><strong><em>regni</em></strong></span> <span class='ocrx_word' id='word_1_131' title='bbox 634 947 811 975; x_wconf 66' lang='lat' dir='ltr'><strong><em>hareditatem</em></strong></span> <span class='ocrx_word' id='word_1_132' title='bbox 817 946 1014 983; x_wconf 85' lang='lat' dir='ltr'><strong><em>consequimini,</em></strong></span> 
     </span>
    </p>
   </div>
   <div class='ocr_carea' id='block_1_21' title="bbox 229 988 571 1019">
    <p class='ocr_par' dir='ltr' id='par_1_21' title="bbox 229 988 571 1019">
     <span class='ocr_line' id='line_1_21' title="bbox 229 988 571 1019; baseline 0.006 -3"><span class='ocrx_word' id='word_1_133' title='bbox 229 989 257 1016; x_wconf 86' lang='lat' dir='ltr'><strong><em>in</em></strong></span> <span class='ocrx_word' id='word_1_134' title='bbox 272 988 374 1017; x_wconf 76' lang='lat' dir='ltr'><strong><em>Christo</em></strong></span> <span class='ocrx_word' id='word_1_135' title='bbox 389 990 462 1018; x_wconf 78' lang='lat' dir='ltr'><strong><em>Iesu.</em></strong></span> <span class='ocrx_word' id='word_1_136' title='bbox 476 991 571 1019; x_wconf 83' lang='lat' dir='ltr'><strong><em>Amen.</em></strong></span> 
     </span>
    </p>
   </div>
   <div class='ocr_carea' id='block_1_22' title="bbox 264 1121 1014 1159">
    <p class='ocr_par' dir='ltr' id='par_1_22' title="bbox 264 1121 1014 1159">
     <span class='ocr_line' id='line_1_22' title="bbox 264 1121 1014 1159; baseline 0.001 -9"><span class='ocrx_word' id='word_1_137' title='bbox 264 1121 457 1158; x_wconf 74' lang='lat' dir='ltr'><strong><em>Huiuscemodi</em></strong></span> <span class='ocrx_word' id='word_1_138' title='bbox 482 1122 524 1150; x_wconf 91' lang='lat' dir='ltr'><strong><em>vir</em></strong></span> <span class='ocrx_word' id='word_1_139' title='bbox 535 1122 711 1151; x_wconf 88' lang='lat' dir='ltr'><strong><em>beatissimus</em></strong></span> <span class='ocrx_word' id='word_1_140' title='bbox 723 1122 826 1151; x_wconf 81' lang='lat' dir='ltr'><strong><em>divinis</em></strong></span> <span class='ocrx_word' id='word_1_141' title='bbox 839 1123 1014 1159; x_wconf 61' lang='lat' dir='ltr'><strong><em>praedicatio-</em></strong></span> 
     </span>
    </p>
   </div>
   <div class='ocr_carea' id='block_1_23' title="bbox 227 1168 1014 1205">
    <p class='ocr_par' dir='ltr' id='par_1_23' title="bbox 227 1168 1014 1205">
     <span class='ocr_line' id='line_1_23' title="bbox 227 1168 1014 1205; baseline 0.001 -9"><span class='ocrx_word' id='word_1_142' title='bbox 227 1169 311 1196; x_wconf 90' lang='lat' dir='ltr'><strong><em>nibus</em></strong></span> <span class='ocrx_word' id='word_1_143' title='bbox 322 1168 482 1202; x_wconf 87' lang='lat' dir='ltr'><strong><em>admonens,</em></strong></span> <span class='ocrx_word' id='word_1_144' title='bbox 499 1169 648 1197; x_wconf 86' lang='lat' dir='ltr'><strong><em>adhortans</em></strong></span> <span class='ocrx_word' id='word_1_145' title='bbox 659 1169 841 1205; x_wconf 84' lang='lat' dir='ltr'><strong><em>privatimque</em></strong></span> <span class='ocrx_word' id='word_1_146' title='bbox 859 1177 892 1197; x_wconf 90' lang='lat' dir='ltr'><strong><em>ac</em></strong></span> <span class='ocrx_word' id='word_1_147' title='bbox 902 1170 1014 1205; x_wconf 83' lang='lat' dir='ltr'><strong><em>publica</em></strong></span> 
     </span>
    </p>
   </div>
   <div class='ocr_carea' id='block_1_24' title="bbox 228 1213 1015 1249">
    <p class='ocr_par' dir='ltr' id='par_1_24' title="bbox 228 1213 1015 1249">
     <span class='ocr_line' id='line_1_24' title="bbox 228 1213 1015 1249; baseline 0.001 -8"><span class='ocrx_word' id='word_1_148' title='bbox 228 1213 361 1241; x_wconf 84' lang='lat' dir='ltr'><strong><em>concione</em></strong></span> <span class='ocrx_word' id='word_1_149' title='bbox 370 1213 521 1241; x_wconf 83' lang='lat' dir='ltr'><strong><em>doctrinam</em></strong></span> <span class='ocrx_word' id='word_1_150' title='bbox 530 1214 641 1249; x_wconf 63' lang='lat' dir='ltr'><strong><em>iustitiae</em></strong></span> <span class='ocrx_word' id='word_1_151' title='bbox 656 1214 777 1248; x_wconf 84' lang='lat' dir='ltr'><strong><em>tradens,</em></strong></span> <span class='ocrx_word' id='word_1_152' title='bbox 791 1215 900 1242; x_wconf 84' lang='lat' dir='ltr'><strong><em>turbam</em></strong></span> <span class='ocrx_word' id='word_1_153' title='bbox 915 1222 1015 1242; x_wconf 80' lang='lat' dir='ltr'><strong><em>nume—</em></strong></span> 
     </span>
    </p>
   </div>
   <div class='ocr_carea' id='block_1_25' title="bbox 227 1259 1013 1294">
    <p class='ocr_par' dir='ltr' id='par_1_25' title="bbox 227 1259 1013 1294">
     <span class='ocr_line' id='line_1_25' title="bbox 227 1259 1013 1294; baseline 0.003 -9"><span class='ocrx_word' id='word_1_154' title='bbox 227 1266 259 1286; x_wconf 89' lang='lat' dir='ltr'><strong><em>ro</em></strong></span> <span class='ocrx_word' id='word_1_155' title='bbox 274 1259 444 1293; x_wconf 88' lang='lat' dir='ltr'><strong><em>superiorem</em></strong></span> <span class='ocrx_word' id='word_1_156' title='bbox 476 1266 617 1287; x_wconf 86' lang='lat' dir='ltr'><strong><em>assensum</em></strong></span> <span class='ocrx_word' id='word_1_157' title='bbox 637 1259 816 1294; x_wconf 72' lang='lat' dir='ltr'><strong><em>praebentem,</em></strong></span> <span class='ocrx_word' id='word_1_158' title='bbox 834 1260 942 1287; x_wconf 83' lang='lat' dir='ltr'><strong><em>veritati</em></strong></span> <span class='ocrx_word' id='word_1_159' title='bbox 964 1260 1013 1287; x_wconf 87' lang='lat' dir='ltr'><strong><em>ad-</em></strong></span> 
     </span>
    </p>
   </div>
   <div class='ocr_carea' id='block_1_26' title="bbox 225 1303 1013 1340">
    <p class='ocr_par' dir='ltr' id='par_1_26' title="bbox 225 1303 1013 1340">
     <span class='ocr_line' id='line_1_26' title="bbox 225 1303 1013 1340; baseline 0.003 -9"><span class='ocrx_word' id='word_1_160' title='bbox 225 1303 324 1340; x_wconf 72' lang='lat' dir='ltr'><strong><em>iunxit.</em></strong></span> <span class='ocrx_word' id='word_1_161' title='bbox 342 1303 451 1339; x_wconf 85' lang='lat' dir='ltr'><strong><em>Hosque</em></strong></span> <span class='ocrx_word' id='word_1_162' title='bbox 464 1303 532 1332; x_wconf 77' lang='lat' dir='ltr'><strong><em>adeo</em></strong></span> <span class='ocrx_word' id='word_1_163' title='bbox 548 1312 597 1340; x_wconf 86' lang='lat' dir='ltr'><strong><em>per</em></strong></span> <span class='ocrx_word' id='word_1_164' title='bbox 621 1312 720 1339; x_wconf 86' lang='lat' dir='ltr'><strong><em>aquam</em></strong></span> <span class='ocrx_word' id='word_1_165' title='bbox 741 1311 769 1333; x_wconf 89' lang='lat' dir='ltr'><strong><em>et</em></strong></span> <span class='ocrx_word' id='word_1_166' title='bbox 780 1304 912 1340; x_wconf 87' lang='lat' dir='ltr'><strong><em>Spiritum</em></strong></span> <span class='ocrx_word' id='word_1_167' title='bbox 936 1313 1013 1340; x_wconf 78' lang='lat' dir='ltr'><strong><em>rege-</em></strong></span> 
     </span>
    </p>
   </div>
   <div class='ocr_carea' id='block_1_27' title="bbox 226 1350 1009 1387">
    <p class='ocr_par' dir='ltr' id='par_1_27' title="bbox 226 1350 1009 1387">
     <span class='ocr_line' id='line_1_27' title="bbox 226 1350 1009 1387; baseline 0.003 -10"><span class='ocrx_word' id='word_1_168' title='bbox 226 1358 336 1383; x_wconf 79' lang='lat' dir='ltr'><strong><em>nerans,</em></strong></span> <span class='ocrx_word' id='word_1_169' title='bbox 351 1358 383 1378; x_wconf 85' lang='lat' dir='ltr'><strong><em>ac</em></strong></span> <span class='ocrx_word' id='word_1_170' title='bbox 396 1351 443 1385; x_wconf 85' lang='lat' dir='ltr'><strong><em>qui</em></strong></span> <span class='ocrx_word' id='word_1_171' title='bbox 461 1350 489 1377; x_wconf 89' lang='lat' dir='ltr'><strong><em>in</em></strong></span> <span class='ocrx_word' id='word_1_172' title='bbox 501 1351 556 1378; x_wconf 89' lang='lat' dir='ltr'><strong><em>illis</em></strong></span> <span class='ocrx_word' id='word_1_173' title='bbox 572 1351 669 1387; x_wconf 86' lang='lat' dir='ltr'><strong><em>majori</em></strong></span> <span class='ocrx_word' id='word_1_174' title='bbox 694 1351 831 1386; x_wconf 84' lang='lat' dir='ltr'><strong><em>pollerent</em></strong></span> <span class='ocrx_word' id='word_1_175' title='bbox 852 1351 1009 1387; x_wconf 88' lang='lat' dir='ltr'><strong><em>prudentia,</em></strong></span> 
     </span>
    </p>
   </div>
   <div class='ocr_carea' id='block_1_28' title="bbox 225 1397 1012 1433">
    <p class='ocr_par' dir='ltr' id='par_1_28' title="bbox 225 1397 1012 1433">
     <span class='ocr_line' id='line_1_28' title="bbox 225 1397 1012 1433; baseline 0.001 -9"><span class='ocrx_word' id='word_1_176' title='bbox 225 1397 412 1432; x_wconf 76' lang='lat' dir='ltr'><strong><em>maioremque</em></strong></span> <span class='ocrx_word' id='word_1_177' title='bbox 424 1401 516 1424; x_wconf 86' lang='lat' dir='ltr'><strong><em>essent</em></strong></span> <span class='ocrx_word' id='word_1_178' title='bbox 535 1397 653 1425; x_wconf 84' lang='lat' dir='ltr'><strong><em>assecuti</em></strong></span> <span class='ocrx_word' id='word_1_179' title='bbox 674 1397 790 1433; x_wconf 78' lang='lat' dir='ltr'><strong><em>gratiam</em></strong></span> <span class='ocrx_word' id='word_1_180' title='bbox 804 1417 811 1430; x_wconf 96' lang='lat'><strong><em>,</em></strong></span> <span class='ocrx_word' id='word_1_181' title='bbox 832 1397 860 1424; x_wconf 91' lang='lat' dir='ltr'><strong><em>in</em></strong></span> <span class='ocrx_word' id='word_1_182' title='bbox 874 1397 1012 1426; x_wconf 80' lang='lat' dir='ltr'><strong><em>antistites</em></strong></span> 
     </span>
    </p>
   </div>
   <div class='ocr_carea' id='block_1_29' title="bbox 225 1442 1011 1477">
    <p class='ocr_par' dir='ltr' id='par_1_29' title="bbox 225 1442 1011 1477">
     <span class='ocr_line' id='line_1_29' title="bbox 225 1442 1011 1477; baseline 0 -7"><span class='ocrx_word' id='word_1_183' title='bbox 225 1450 257 1470; x_wconf 84' lang='lat' dir='ltr'><strong><em>ac</em></strong></span> <span class='ocrx_word' id='word_1_184' title='bbox 271 1442 427 1469; x_wconf 88' lang='lat' dir='ltr'><strong><em>sacerdotes</em></strong></span> <span class='ocrx_word' id='word_1_185' title='bbox 440 1442 603 1477; x_wconf 69' lang='lat' dir='ltr'><strong><em>praeﬁciens,</em></strong></span> <span class='ocrx_word' id='word_1_186' title='bbox 616 1442 767 1470; x_wconf 87' lang='lat' dir='ltr'><strong><em>Ecclesiam</em></strong></span> <span class='ocrx_word' id='word_1_187' title='bbox 778 1446 899 1471; x_wconf 87' lang='lat' dir='ltr'><strong><em>sanctam</em></strong></span> <span class='ocrx_word' id='word_1_188' title='bbox 913 1442 1011 1470; x_wconf 89' lang='lat' dir='ltr'><strong><em>imma-</em></strong></span> 
     </span>
    </p>
   </div>
   <div class='ocr_carea' id='block_1_30' title="bbox 225 1487 593 1515">
    <p class='ocr_par' dir='ltr' id='par_1_30' title="bbox 225 1487 593 1515">
     <span class='ocr_line' id='line_1_30' title="bbox 225 1487 593 1515; baseline 0 0"><span class='ocrx_word' id='word_1_189' title='bbox 225 1488 343 1515; x_wconf 84' lang='lat' dir='ltr'><strong><em>culatam</em></strong></span> <span class='ocrx_word' id='word_1_190' title='bbox 359 1487 460 1515; x_wconf 83' lang='lat' dir='ltr'><strong><em>excitat</em></strong></span> <span class='ocrx_word' id='word_1_191' title='bbox 472 1487 593 1515; x_wconf 82' lang='lat' dir='ltr'><strong><em>Christo.</em></strong></span> 
     </span>
    </p>
   </div>
   <div class='ocr_carea' id='block_1_31' title="bbox 257 1533 1012 1570">
    <p class='ocr_par' dir='ltr' id='par_1_31' title="bbox 257 1533 1012 1570">
     <span class='ocr_line' id='line_1_31' title="bbox 257 1533 1012 1570; baseline 0 -9"><span class='ocrx_word' id='word_1_192' title='bbox 257 1534 293 1561; x_wconf 80' lang='lat' dir='ltr'><strong><em>At</em></strong></span> <span class='ocrx_word' id='word_1_193' title='bbox 308 1541 363 1561; x_wconf 93' lang='lat' dir='ltr'><strong><em>non</em></strong></span> <span class='ocrx_word' id='word_1_194' title='bbox 385 1533 457 1565; x_wconf 86' lang='lat' dir='ltr'><strong><em>tulit,</em></strong></span> <span class='ocrx_word' id='word_1_195' title='bbox 477 1536 507 1561; x_wconf 80' lang='lat' dir='ltr'><strong><em>ut</em></strong></span> <span class='ocrx_word' id='word_1_196' title='bbox 523 1535 666 1561; x_wconf 86' lang='lat' dir='ltr'><strong><em>veritatem</em></strong></span> <span class='ocrx_word' id='word_1_197' title='bbox 679 1534 719 1562; x_wconf 87' lang='lat' dir='ltr'><strong><em>sic</em></strong></span> <span class='ocrx_word' id='word_1_198' title='bbox 742 1539 950 1570; x_wconf 83' lang='lat' dir='ltr'><strong><em>prosperantcm</em></strong></span> <span class='ocrx_word' id='word_1_199' title='bbox 970 1534 1012 1562; x_wconf 84' lang='lat' dir='ltr'><strong><em>vi—</em></strong></span> 
     </span>
    </p>
   </div>
   <div class='ocr_carea' id='block_1_32' title="bbox 223 1578 1011 1615">
    <p class='ocr_par' dir='ltr' id='par_1_32' title="bbox 223 1578 1011 1615">
     <span class='ocr_line' id='line_1_32' title="bbox 223 1578 1011 1615; baseline 0.003 -9"><span class='ocrx_word' id='word_1_200' title='bbox 223 1578 311 1611; x_wconf 86' lang='lat' dir='ltr'><strong><em>deret,</em></strong></span> <span class='ocrx_word' id='word_1_201' title='bbox 327 1579 374 1614; x_wconf 88' lang='lat' dir='ltr'><strong><em>qui</em></strong></span> <span class='ocrx_word' id='word_1_202' title='bbox 399 1579 473 1606; x_wconf 88' lang='lat' dir='ltr'><strong><em>illius</em></strong></span> <span class='ocrx_word' id='word_1_203' title='bbox 487 1579 661 1607; x_wconf 88' lang='lat' dir='ltr'><strong><em>adversarius</em></strong></span> <span class='ocrx_word' id='word_1_204' title='bbox 678 1585 720 1607; x_wconf 86' lang='lat' dir='ltr'><strong><em>est</em></strong></span> <span class='ocrx_word' id='word_1_205' title='bbox 739 1589 745 1606; x_wconf 89' lang='lat'>:</span> <span class='ocrx_word' id='word_1_206' title='bbox 760 1580 826 1615; x_wconf 88' lang='lat' dir='ltr'><strong><em>quin</em></strong></span> <span class='ocrx_word' id='word_1_207' title='bbox 843 1580 1011 1615; x_wconf 82' lang='lat' dir='ltr'><strong><em>potentiores</em></strong></span> 
     </span>
    </p>
   </div>
   <div class='ocr_carea' id='block_1_33' title="bbox 223 1624 1010 1661">
    <p class='ocr_par' dir='ltr' id='par_1_33' title="bbox 223 1624 1010 1661">
     <span class='ocr_line' id='line_1_33' title="bbox 223 1624 1010 1661; baseline 0.004 -11"><span class='ocrx_word' id='word_1_208' title='bbox 223 1631 255 1650; x_wconf 82' lang='lat' dir='ltr'><strong><em>ac</em></strong></span> <span class='ocrx_word' id='word_1_209' title='bbox 272 1624 406 1659; x_wconf 85' lang='lat' dir='ltr'><strong><em>primores</em></strong></span> <span class='ocrx_word' id='word_1_210' title='bbox 425 1624 545 1652; x_wconf 85' lang='lat' dir='ltr'><strong><em>civitatis</em></strong></span> <span class='ocrx_word' id='word_1_211' title='bbox 560 1625 633 1652; x_wconf 88' lang='lat' dir='ltr'><strong><em>illius</em></strong></span> <span class='ocrx_word' id='word_1_212' title='bbox 659 1624 810 1658; x_wconf 84' lang='lat' dir='ltr'><strong><em>incessens,</em></strong></span> <span class='ocrx_word' id='word_1_213' title='bbox 841 1625 1010 1661; x_wconf 61' lang='lat' dir='ltr'><strong><em>ﬂammaeque</em></strong></span> 
     </span>
    </p>
   </div>
   <div class='ocr_carea' id='block_1_34' title="bbox 223 1670 1010 1707">
    <p class='ocr_par' dir='ltr' id='par_1_34' title="bbox 223 1670 1010 1707">
     <span class='ocr_line' id='line_1_34' title="bbox 223 1670 1010 1707; baseline 0.005 -11"><span class='ocrx_word' id='word_1_214' title='bbox 223 1670 310 1696; x_wconf 86' lang='lat' dir='ltr'><strong><em>instar</em></strong></span> <span class='ocrx_word' id='word_1_215' title='bbox 323 1670 525 1697; x_wconf 74' lang='lat' dir='ltr'><strong><em>aemulationem</em></strong></span> <span class='ocrx_word' id='word_1_216' title='bbox 535 1671 562 1697; x_wconf 89' lang='lat' dir='ltr'><strong><em>in</em></strong></span> <span class='ocrx_word' id='word_1_217' title='bbox 581 1671 622 1698; x_wconf 88' lang='lat' dir='ltr'><strong><em>eis</em></strong></span> <span class='ocrx_word' id='word_1_218' title='bbox 629 1671 808 1704; x_wconf 85' lang='lat' dir='ltr'><strong><em>succendens,</em></strong></span> <span class='ocrx_word' id='word_1_219' title='bbox 821 1672 1010 1707; x_wconf 81' lang='lat' dir='ltr'><strong><em>apparitorum</em></strong></span> 
     </span>
    </p>
   </div>
   <div class='ocr_carea' id='block_1_35' title="bbox 224 1715 1009 1751">
    <p class='ocr_par' dir='ltr' id='par_1_35' title="bbox 224 1715 1009 1751">
     <span class='ocr_line' id='line_1_35' title="bbox 224 1715 1009 1751; baseline 0.005 -10"><span class='ocrx_word' id='word_1_220' title='bbox 224 1719 336 1749; x_wconf 88' lang='lat' dir='ltr'><strong><em>repente</em></strong></span> <span class='ocrx_word' id='word_1_221' title='bbox 351 1722 432 1742; x_wconf 81' lang='lat' dir='ltr'><strong><em>malm</em></strong></span> <span class='ocrx_word' id='word_1_222' title='bbox 445 1722 509 1742; x_wconf 88' lang='lat' dir='ltr'><strong><em>eum</em></strong></span> <span class='ocrx_word' id='word_1_223' title='bbox 532 1715 657 1750; x_wconf 86' lang='lat' dir='ltr'><strong><em>corripit,</em></strong></span> <span class='ocrx_word' id='word_1_224' title='bbox 675 1715 809 1751; x_wconf 62' lang='lat' dir='ltr'><strong><em>saevisque</em></strong></span> <span class='ocrx_word' id='word_1_225' title='bbox 839 1717 1009 1745; x_wconf 85' lang='lat' dir='ltr'><strong><em>conscissum</em></strong></span> 
     </span>
    </p>
   </div>
   <div class='ocr_carea' id='block_1_36' title="bbox 223 1761 1010 1792">
    <p class='ocr_par' dir='ltr' id='par_1_36' title="bbox 223 1761 1010 1792">
     <span class='ocr_line' id='line_1_36' title="bbox 223 1761 1010 1792; baseline 0.005 -5"><span class='ocrx_word' id='word_1_226' title='bbox 223 1761 394 1792; x_wconf 85' lang='lat' dir='ltr'><strong><em>verberibus,</em></strong></span> <span class='ocrx_word' id='word_1_227' title='bbox 403 1761 464 1788; x_wconf 90' lang='lat' dir='ltr'><strong><em>diro</em></strong></span> <span class='ocrx_word' id='word_1_228' title='bbox 481 1768 590 1789; x_wconf 86' lang='lat' dir='ltr'><strong><em>carcere</em></strong></span> <span class='ocrx_word' id='word_1_229' title='bbox 604 1761 730 1789; x_wconf 90' lang='lat' dir='ltr'><strong><em>includit.</em></strong></span> <span class='ocrx_word' id='word_1_230' title='bbox 758 1762 827 1789; x_wconf 90' lang='lat' dir='ltr'><strong><em>Tum</em></strong></span> <span class='ocrx_word' id='word_1_231' title='bbox 844 1763 973 1791; x_wconf 82' lang='lat' dir='ltr'><strong><em>funiculis</em></strong></span> <span class='ocrx_word' id='word_1_232' title='bbox 993 1772 1010 1791; x_wconf 90' lang='lat' dir='ltr'><strong><em>c</em></strong></span> 
     </span>
    </p>
   </div>
   <div class='ocr_carea' id='block_1_37' title="bbox 222 1806 1011 1837">
    <p class='ocr_par' dir='ltr' id='par_1_37' title="bbox 222 1806 1011 1837">
     <span class='ocr_line' id='line_1_37' title="bbox 222 1806 1011 1837; baseline 0.005 -4"><span class='ocrx_word' id='word_1_233' title='bbox 222 1806 358 1834; x_wconf 85' lang='lat' dir='ltr'><strong><em>calcaneis</em></strong></span> <span class='ocrx_word' id='word_1_234' title='bbox 377 1807 499 1834; x_wconf 89' lang='lat' dir='ltr'><strong><em>vinctum</em></strong></span> <span class='ocrx_word' id='word_1_235' title='bbox 517 1807 545 1834; x_wconf 93' lang='lat' dir='ltr'><strong><em>in</em></strong></span> <span class='ocrx_word' id='word_1_236' title='bbox 564 1806 674 1836; x_wconf 87' lang='lat' dir='ltr'><strong><em>sublimi</em></strong></span> <span class='ocrx_word' id='word_1_237' title='bbox 686 1815 767 1835; x_wconf 91' lang='lat' dir='ltr'><strong><em>verso</em></strong></span> <span class='ocrx_word' id='word_1_238' title='bbox 798 1808 826 1835; x_wconf 90' lang='lat' dir='ltr'><strong><em>in</em></strong></span> <span class='ocrx_word' id='word_1_239' title='bbox 844 1813 946 1836; x_wconf 81' lang='lat' dir='ltr'><strong><em>terram</em></strong></span> <span class='ocrx_word' id='word_1_240' title='bbox 967 1817 1011 1837; x_wconf 83' lang='lat' dir='ltr'><strong><em>ca-</em></strong></span> 
     </span>
    </p>
   </div>
   <div class='ocr_carea' id='block_1_38' title="bbox 223 1854 1010 1891">
    <p class='ocr_par' dir='ltr' id='par_1_38' title="bbox 223 1854 1010 1891">
     <span class='ocr_line' id='line_1_38' title="bbox 223 1854 1010 1891; baseline 0.003 -11"><span class='ocrx_word' id='word_1_241' title='bbox 223 1854 289 1888; x_wconf 83' lang='lat' dir='ltr'><strong><em>pite,</em></strong></span> <span class='ocrx_word' id='word_1_242' title='bbox 306 1854 510 1890; x_wconf 89' lang='lat' dir='ltr'><strong><em>virumjustum</em></strong></span> <span class='ocrx_word' id='word_1_243' title='bbox 524 1855 706 1890; x_wconf 85' lang='lat' dir='ltr'><strong><em>suspendunt.</em></strong></span> <span class='ocrx_word' id='word_1_244' title='bbox 723 1855 844 1891; x_wconf 85' lang='lat' dir='ltr'><strong><em>Eratque</em></strong></span> <span class='ocrx_word' id='word_1_245' title='bbox 857 1856 951 1883; x_wconf 88' lang='lat' dir='ltr'><strong><em>videre</em></strong></span> <span class='ocrx_word' id='word_1_246' title='bbox 966 1864 1010 1882; x_wconf 89' lang='lat' dir='ltr'><strong><em>ve-</em></strong></span> 
     </span>
    </p>
   </div>
   <div class='ocr_carea' id='block_1_39' title="bbox 222 1901 1008 1936">
    <p class='ocr_par' dir='ltr' id='par_1_39' title="bbox 222 1901 1008 1936">
     <span class='ocr_line' id='line_1_39' title="bbox 222 1901 1008 1936; baseline -0.001 -7"><span class='ocrx_word' id='word_1_247' title='bbox 222 1901 264 1929; x_wconf 91' lang='lat' dir='ltr'><strong><em>lut</em></strong></span> <span class='ocrx_word' id='word_1_248' title='bbox 278 1909 376 1936; x_wconf 84' lang='lat' dir='ltr'><strong><em>agnum</em></strong></span> <span class='ocrx_word' id='word_1_249' title='bbox 393 1901 597 1933; x_wconf 87' lang='lat' dir='ltr'><strong><em>immaculatum</em></strong></span> <span class='ocrx_word' id='word_1_250' title='bbox 614 1902 669 1929; x_wconf 89' lang='lat' dir='ltr'><strong><em>alte</em></strong></span> <span class='ocrx_word' id='word_1_251' title='bbox 682 1902 708 1929; x_wconf 90' lang='lat' dir='ltr'><strong><em>in</em></strong></span> <span class='ocrx_word' id='word_1_252' title='bbox 725 1910 788 1929; x_wconf 83' lang='lat' dir='ltr'><strong><em>aere</em></strong></span> <span class='ocrx_word' id='word_1_253' title='bbox 805 1902 954 1930; x_wconf 90' lang='lat' dir='ltr'><strong><em>sublatum.</em></strong></span> <span class='ocrx_word' id='word_1_254' title='bbox 969 1903 1008 1929; x_wconf 81' lang='lat' dir='ltr'><strong><em>Ac</em></strong></span> 
     </span>
    </p>
   </div>
   <div class='ocr_carea' id='block_1_40' title="bbox 221 1946 1007 1991">
    <p class='ocr_par' dir='ltr' id='par_1_40' title="bbox 221 1946 1007 1991">
     <span class='ocr_line' id='line_1_40' title="bbox 221 1946 1007 1991; baseline 0.003 -18"><span class='ocrx_word' id='word_1_255' title='bbox 221 1946 306 1981; x_wconf 83' lang='lat' dir='ltr'><strong><em>pedes</em></strong></span> <span class='ocrx_word' id='word_1_256' title='bbox 319 1947 428 1991; x_wconf 58' lang='lat' dir='ltr'><strong><em>qpidem</em></strong></span> <span class='ocrx_word' id='word_1_257' title='bbox 444 1955 563 1980; x_wconf 87' lang='lat' dir='ltr'><strong><em>sursum,</em></strong></span> <span class='ocrx_word' id='word_1_258' title='bbox 577 1947 706 1975; x_wconf 86' lang='lat' dir='ltr'><strong><em>deorsum</em></strong></span> <span class='ocrx_word' id='word_1_259' title='bbox 733 1955 799 1975; x_wconf 89' lang='lat' dir='ltr'><strong><em>vero</em></strong></span> <span class='ocrx_word' id='word_1_260' title='bbox 820 1947 1007 1975; x_wconf 86' lang='lat' dir='ltr'><strong><em>venerandum</em></strong></span> 
     </span>
    </p>
   </div>
   <div class='ocr_carea' id='block_1_41' title="bbox 221 1993 1008 2028">
    <p class='ocr_par' dir='ltr' id='par_1_41' title="bbox 221 1993 1008 2028">
     <span class='ocr_line' id='line_1_41' title="bbox 221 1993 1008 2028; baseline 0.003 -9"><span class='ocrx_word' id='word_1_261' title='bbox 221 1996 303 2027; x_wconf 85' lang='lat' dir='ltr'><strong><em>caput</em></strong></span> <span class='ocrx_word' id='word_1_262' title='bbox 327 1993 454 2026; x_wconf 85' lang='lat' dir='ltr'><strong><em>habebat,</em></strong></span> <span class='ocrx_word' id='word_1_263' title='bbox 465 2001 553 2028; x_wconf 88' lang='lat' dir='ltr'><strong><em>eoque</em></strong></span> <span class='ocrx_word' id='word_1_264' title='bbox 566 1993 663 2020; x_wconf 84' lang='lat' dir='ltr'><strong><em>habitu</em></strong></span> <span class='ocrx_word' id='word_1_265' title='bbox 680 1993 782 2021; x_wconf 87' lang='lat' dir='ltr'><strong><em>mentis</em></strong></span> <span class='ocrx_word' id='word_1_266' title='bbox 803 1994 831 2021; x_wconf 92' lang='lat' dir='ltr'><strong><em>in</em></strong></span> <span class='ocrx_word' id='word_1_267' title='bbox 847 1994 1008 2022; x_wconf 72' lang='lat' dir='ltr'><strong><em>ctelumitcr</em></strong></span> 
     </span>
    </p>
   </div>
   <div class='ocr_carea' id='block_1_42' title="bbox 220 2038 820 2074">
    <p class='ocr_par' dir='ltr' id='par_1_42' title="bbox 220 2038 820 2074">
     <span class='ocr_line' id='line_1_42' title="bbox 220 2038 820 2074; baseline 0.003 -9"><span class='ocrx_word' id='word_1_268' title='bbox 220 2045 252 2065; x_wconf 83' lang='lat' dir='ltr'><strong><em>ac</em></strong></span> <span class='ocrx_word' id='word_1_269' title='bbox 268 2038 525 2074; x_wconf 83' lang='lat' dir='ltr'><strong><em>contemplationem</em></strong></span> <span class='ocrx_word' id='word_1_270' title='bbox 538 2039 613 2067; x_wconf 88' lang='lat' dir='ltr'><strong><em>velut</em></strong></span> <span class='ocrx_word' id='word_1_271' title='bbox 627 2039 820 2067; x_wconf 79' lang='lat' dir='ltr'><strong><em>adumbrabat.</em></strong></span> 
     </span>
    </p>
   </div>
   <div class='ocr_carea' id='block_1_43' title="bbox 256 2125 1006 2163">
    <p class='ocr_par' dir='ltr' id='par_1_43' title="bbox 256 2125 1006 2163">
     <span class='ocr_line' id='line_1_43' title="bbox 256 2125 1006 2163; baseline 0.003 -10"><span class='ocrx_word' id='word_1_272' title='bbox 256 2125 335 2154; x_wconf 79' lang='lat' dir='ltr'><strong><em>[laud</em></strong></span> <span class='ocrx_word' id='word_1_273' title='bbox 356 2130 447 2154; x_wconf 85' lang='lat' dir='ltr'><strong><em>tamen</em></strong></span> <span class='ocrx_word' id='word_1_274' title='bbox 459 2134 523 2154; x_wconf 90' lang='lat' dir='ltr'><strong><em>eum</em></strong></span> <span class='ocrx_word' id='word_1_275' title='bbox 535 2127 669 2155; x_wconf 89' lang='lat' dir='ltr'><strong><em>Dominus</em></strong></span> <span class='ocrx_word' id='word_1_276' title='bbox 685 2127 882 2155; x_wconf 87' lang='lat' dir='ltr'><strong><em>consolationis</em></strong></span> <span class='ocrx_word' id='word_1_277' title='bbox 906 2135 1006 2163; x_wconf 83' lang='lat' dir='ltr'><strong><em>exper—</em></strong></span> 
     </span>
    </p>
   </div>
   <div class='ocr_carea' id='block_1_44' title="bbox 221 2171 1007 2208">
    <p class='ocr_par' dir='ltr' id='par_1_44' title="bbox 221 2171 1007 2208">
     <span class='ocr_line' id='line_1_44' title="bbox 221 2171 1007 2208; baseline 0.001 -9"><span class='ocrx_word' id='word_1_278' title='bbox 221 2176 275 2199; x_wconf 77' lang='lat' dir='ltr'><strong><em>tem</em></strong></span> <span class='ocrx_word' id='word_1_279' title='bbox 296 2171 417 2207; x_wconf 87' lang='lat' dir='ltr'><strong><em>reliquit.</em></strong></span> <span class='ocrx_word' id='word_1_280' title='bbox 433 2172 615 2208; x_wconf 85' lang='lat' dir='ltr'><strong><em>Propensiore</em></strong></span> <span class='ocrx_word' id='word_1_281' title='bbox 637 2181 756 2208; x_wconf 87' lang='lat' dir='ltr'><strong><em>namque</em></strong></span> <span class='ocrx_word' id='word_1_282' title='bbox 780 2174 897 2201; x_wconf 83' lang='lat' dir='ltr'><strong><em>mitioris</em></strong></span> <span class='ocrx_word' id='word_1_283' title='bbox 912 2173 1007 2208; x_wconf 88' lang='lat' dir='ltr'><strong><em>provi—</em></strong></span> 
     </span>
    </p>
   </div>
   <div class='ocr_carea' id='block_1_45' title="bbox 219 2217 1004 2254">
    <p class='ocr_par' dir='ltr' id='par_1_45' title="bbox 219 2217 1004 2254">
     <span class='ocr_line' id='line_1_45' title="bbox 219 2217 1004 2254; baseline 0.004 -10"><span class='ocrx_word' id='word_1_284' title='bbox 219 2217 319 2245; x_wconf 57' lang='lat' dir='ltr'><strong><em>dentia}</em></strong></span> <span class='ocrx_word' id='word_1_285' title='bbox 340 2218 466 2250; x_wconf 83' lang='lat' dir='ltr'><strong><em>consilio,</em></strong></span> <span class='ocrx_word' id='word_1_286' title='bbox 497 2218 606 2246; x_wconf 90' lang='lat' dir='ltr'><strong><em>divinus</em></strong></span> <span class='ocrx_word' id='word_1_287' title='bbox 634 2227 743 2254; x_wconf 88' lang='lat' dir='ltr'><strong><em>quoque</em></strong></span> <span class='ocrx_word' id='word_1_288' title='bbox 780 2219 1004 2252; x_wconf 75' lang='lat' dir='ltr'><strong><em>Bnrtholomteus,</em></strong></span> 
     </span>
    </p>
   </div>
   <div class='ocr_carea' id='block_1_46' title="bbox 1072 305 1858 341">
    <p class='ocr_par' dir='ltr' id='par_1_46' title="bbox 1072 305 1858 341">
     <span class='ocr_line' id='line_1_46' title="bbox 1072 305 1858 341; baseline -0.001 -8"><span class='ocrx_word' id='word_1_289' title='bbox 1072 306 1107 333; x_wconf 82' lang='grc' dir='ltr'><em>ἐν</em></span> <span class='ocrx_word' id='word_1_290' title='bbox 1124 305 1282 341; x_wconf 82' lang='grc' dir='ltr'><strong><em>ὁμοιώματι</em></strong></span> <span class='ocrx_word' id='word_1_291' title='bbox 1301 305 1467 340; x_wconf 78' lang='grc' dir='ltr'><em>ἀνθρώπων</em></span> <span class='ocrx_word' id='word_1_292' title='bbox 1481 306 1648 340; x_wconf 77' lang='grc' dir='ltr'><em>ἐπιφανεὶς,</em></span> <span class='ocrx_word' id='word_1_293' title='bbox 1661 307 1765 340; x_wconf 75' lang='grc' dir='ltr'><em>λόγοις</em></span> <span class='ocrx_word' id='word_1_294' title='bbox 1783 307 1858 340; x_wconf 69' lang='grc' dir='ltr'><em>(Μην-</em></span> 
     </span>
    </p>
   </div>
   <div class='ocr_carea' id='block_1_47' title="bbox 1072 350 1857 385">
    <p class='ocr_par' dir='ltr' id='par_1_47' title="bbox 1072 350 1857 385">
     <span class='ocr_line' id='line_1_47' title="bbox 1072 350 1857 385; baseline 0 -8"><span class='ocrx_word' id='word_1_295' title='bbox 1072 351 1152 382; x_wconf 86' lang='grc' dir='ltr'><em>θείας</em></span> <span class='ocrx_word' id='word_1_296' title='bbox 1166 351 1214 377; x_wconf 78' lang='grc' dir='ltr'><strong><em>καὶ</em></strong></span> <span class='ocrx_word' id='word_1_297' title='bbox 1233 351 1331 385; x_wconf 76' lang='grc' dir='ltr'><em>ἔργοις</em></span> <span class='ocrx_word' id='word_1_298' title='bbox 1343 351 1507 384; x_wconf 80' lang='grc' dir='ltr'><em>δυνάμεως,</em></span> <span class='ocrx_word' id='word_1_299' title='bbox 1533 350 1591 384; x_wconf 75' lang='grc' dir='ltr'><em>τὴν</em></span> <span class='ocrx_word' id='word_1_300' title='bbox 1604 350 1753 385; x_wconf 80' lang='grc' dir='ltr'><em>πατρικὴν</em></span> <span class='ocrx_word' id='word_1_301' title='bbox 1763 351 1857 378; x_wconf 86' lang='grc' dir='ltr'><em>αὑτοῦ</em></span> 
     </span>
    </p>
   </div>
   <div class='ocr_carea' id='block_1_48' title="bbox 1071 393 1858 430">
    <p class='ocr_par' dir='ltr' id='par_1_48' title="bbox 1071 393 1858 430">
     <span class='ocr_line' id='line_1_48' title="bbox 1071 393 1858 430; baseline -0.003 -8"><span class='ocrx_word' id='word_1_302' title='bbox 1071 394 1166 427; x_wconf 81' lang='grc' dir='ltr'><em>δόξαν</em></span> <span class='ocrx_word' id='word_1_303' title='bbox 1179 395 1229 421; x_wconf 76' lang='grc' dir='ltr'><em>καὶ</em></span> <span class='ocrx_word' id='word_1_304' title='bbox 1241 394 1366 430; x_wconf 71' lang='grc' dir='ltr'><em>γνῶσιν,</em></span> <span class='ocrx_word' id='word_1_305' title='bbox 1380 394 1552 428; x_wconf 77' lang='grc' dir='ltr'><em>ἐνέλιιμψεν</em></span> <span class='ocrx_word' id='word_1_306' title='bbox 1566 394 1653 428; x_wconf 75' lang='grc' dir='ltr'><em>ἡμῖν·</em></span> <span class='ocrx_word' id='word_1_307' title='bbox 1669 393 1718 420; x_wconf 77' lang='grc' dir='ltr'><em>καὶ</em></span> <span class='ocrx_word' id='word_1_308' title='bbox 1729 393 1858 420; x_wconf 80' lang='grc' dir='ltr'><em>πάθεσιν</em></span> 
     </span>
    </p>
   </div>
   <div class='ocr_carea' id='block_1_49' title="bbox 1071 439 1857 474">
    <p class='ocr_par' dir='ltr' id='par_1_49' title="bbox 1071 439 1857 474">
     <span class='ocr_line' id='line_1_49' title="bbox 1071 439 1857 474; baseline -0.003 -7"><span class='ocrx_word' id='word_1_309' title='bbox 1071 442 1088 467; x_wconf 81' lang='lat' dir='ltr'><strong><em>d</em></strong></span> <span class='ocrx_word' id='word_1_310' title='bbox 1107 440 1236 474; x_wconf 85' lang='grc' dir='ltr'><em>ἀπαθὴς,</em></span> <span class='ocrx_word' id='word_1_311' title='bbox 1253 440 1304 467; x_wconf 79' lang='grc' dir='ltr'><strong><em>καὶ</em></strong></span> <span class='ocrx_word' id='word_1_312' title='bbox 1319 439 1439 474; x_wconf 81' lang='grc' dir='ltr'><strong><em>σταυρῷ</em></strong></span> <span class='ocrx_word' id='word_1_313' title='bbox 1453 440 1504 466; x_wconf 78' lang='grc' dir='ltr'><em>καὶ</em></span> <span class='ocrx_word' id='word_1_314' title='bbox 1521 439 1638 473; x_wconf 81' lang='grc' dir='ltr'><strong><em>θανάτῳ</em></strong></span> <span class='ocrx_word' id='word_1_315' title='bbox 1666 440 1857 473; x_wconf 83' lang='grc' dir='ltr'><em>προσωμιλη-</em></span> 
     </span>
    </p>
   </div>
   <div class='ocr_carea' id='block_1_50' title="bbox 1069 483 1856 524">
    <p class='ocr_par' dir='ltr' id='par_1_50' title="bbox 1069 483 1856 524">
     <span class='ocr_line' id='line_1_50' title="bbox 1069 483 1856 524; baseline -0.004 -11"><span class='ocrx_word' id='word_1_316' title='bbox 1069 486 1129 519; x_wconf 85' lang='grc' dir='ltr'><em>κὼς</em></span> <span class='ocrx_word' id='word_1_317' title='bbox 1144 487 1220 520; x_wconf 81' lang='grc' dir='ltr'><em>ὑπὲρ</em></span> <span class='ocrx_word' id='word_1_318' title='bbox 1232 486 1316 521; x_wconf 72' lang='grc' dir='ltr'><em>ἡμῶν</em></span> <span class='ocrx_word' id='word_1_319' title='bbox 1343 486 1510 520; x_wconf 81' lang='grc' dir='ltr'><em>(ἅνθρωπος</em></span> <span class='ocrx_word' id='word_1_320' title='bbox 1530 485 1585 520; x_wconf 71' lang='grc' dir='ltr'><em>γὰρ</em></span> <span class='ocrx_word' id='word_1_321' title='bbox 1599 485 1660 520; x_wconf 75' lang='grc' dir='ltr'><em>ἦν),</em></span> <span class='ocrx_word' id='word_1_322' title='bbox 1680 484 1803 524; x_wconf 38' lang='grc' dir='ltr'><em>ἀνέστη.</em></span> <span class='ocrx_word' id='word_1_323' title='bbox 1818 483 1856 518; x_wconf 79' lang='grc' dir='ltr'><em>τῇ</em></span> 
     </span>
    </p>
   </div>
   <div class='ocr_carea' id='block_1_51' title="bbox 1070 530 1854 566">
    <p class='ocr_par' dir='ltr' id='par_1_51' title="bbox 1070 530 1854 566">
     <span class='ocr_line' id='line_1_51' title="bbox 1070 530 1854 566; baseline -0.004 -7"><span class='ocrx_word' id='word_1_324' title='bbox 1070 532 1166 566; x_wconf 78' lang='grc' dir='ltr'><em>ἡμέρᾳ</em></span> <span class='ocrx_word' id='word_1_325' title='bbox 1180 532 1219 566; x_wconf 81' lang='grc' dir='ltr'><em>τῇ</em></span> <span class='ocrx_word' id='word_1_326' title='bbox 1242 533 1337 566; x_wconf 82' lang='grc' dir='ltr'><em>τρίτῃ,</em></span> <span class='ocrx_word' id='word_1_327' title='bbox 1357 532 1406 559; x_wconf 80' lang='grc' dir='ltr'><em>καὶ</em></span> <span class='ocrx_word' id='word_1_328' title='bbox 1426 531 1609 566; x_wconf 70' lang='grc' dir='ltr'><em>ἐνεφάνισεν</em></span> <span class='ocrx_word' id='word_1_329' title='bbox 1640 530 1712 566; x_wconf 72' lang='grc' dir='ltr'><em>ἡμῖν</em></span> <span class='ocrx_word' id='word_1_330' title='bbox 1729 530 1854 557; x_wconf 64' lang='grc' dir='ltr'><strong><em>ιιέαυινόν⁸</em></strong></span> 
     </span>
    </p>
   </div>
   <div class='ocr_carea' id='block_1_52' title="bbox 1069 575 1856 612">
    <p class='ocr_par' dir='ltr' id='par_1_52' title="bbox 1069 575 1856 612">
     <span class='ocr_line' id='line_1_52' title="bbox 1069 575 1856 612; baseline -0.003 -8"><span class='ocrx_word' id='word_1_331' title='bbox 1069 577 1119 605; x_wconf 77' lang='grc' dir='ltr'><strong><em>καὶ</em></strong></span> <span class='ocrx_word' id='word_1_332' title='bbox 1129 578 1310 610; x_wconf 76' lang='grc' dir='ltr'><strong><em>βλεπόντων</em></strong></span> <span class='ocrx_word' id='word_1_333' title='bbox 1323 578 1419 612; x_wconf 75' lang='grc' dir='ltr'><em>ἡμῶν.</em></span> <span class='ocrx_word' id='word_1_334' title='bbox 1429 577 1585 612; x_wconf 72' lang='grc' dir='ltr'><em>ἀνελήφθη</em></span> <span class='ocrx_word' id='word_1_335' title='bbox 1600 577 1644 609; x_wconf 81' lang='grc' dir='ltr'><strong><em>είς</em></strong></span> <span class='ocrx_word' id='word_1_336' title='bbox 1660 576 1712 603; x_wconf 84' lang='grc' dir='ltr'><em>τὸν</em></span> <span class='ocrx_word' id='word_1_337' title='bbox 1727 575 1856 610; x_wconf 80' lang='grc' dir='ltr'><em>οὐρανὸν</em></span> 
     </span>
    </p>
   </div>
   <div class='ocr_carea' id='block_1_53' title="bbox 1070 619 1856 659">
    <p class='ocr_par' dir='ltr' id='par_1_53' title="bbox 1070 619 1856 659">
     <span class='ocr_line' id='line_1_53' title="bbox 1070 619 1856 659; baseline -0.003 -9"><span class='ocrx_word' id='word_1_338' title='bbox 1070 624 1154 657; x_wconf 83' lang='grc' dir='ltr'><strong><em>(Θεὸς</em></strong></span> <span class='ocrx_word' id='word_1_339' title='bbox 1169 624 1225 659; x_wconf 80' lang='grc' dir='ltr'><strong><em>τὰρ</em></strong></span> <span class='ocrx_word' id='word_1_340' title='bbox 1240 622 1300 659; x_wconf 83' lang='grc' dir='ltr'><strong><em>ἦν).</em></strong></span> <span class='ocrx_word' id='word_1_341' title='bbox 1326 625 1381 650; x_wconf 81' lang='grc' dir='ltr'><em>’ον</em></span> <span class='ocrx_word' id='word_1_342' title='bbox 1400 624 1449 650; x_wconf 78' lang='grc' dir='ltr'><em>καὶ</em></span> <span class='ocrx_word' id='word_1_343' title='bbox 1472 622 1688 658; x_wconf 82' lang='grc' dir='ltr'><strong><em>προσδοκῶμεν</em></strong></span> <span class='ocrx_word' id='word_1_344' title='bbox 1708 622 1794 655; x_wconf 74' lang='grc' dir='ltr'><em>ἥξειν</em></span> <span class='ocrx_word' id='word_1_345' title='bbox 1805 619 1856 649; x_wconf 77' lang='grc' dir='ltr'><strong><em>αὖ·</em></strong></span> 
     </span>
    </p>
   </div>
   <div class='ocr_carea' id='block_1_54' title="bbox 1073 668 1855 704">
    <p class='ocr_par' dir='ltr' id='par_1_54' title="bbox 1073 668 1855 704">
     <span class='ocr_line' id='line_1_54' title="bbox 1073 668 1855 704; baseline -0.004 -6"><span class='ocrx_word' id='word_1_346' title='bbox 1073 673 1130 704; x_wconf 71' lang='grc' dir='ltr'><em>θος,</em></span> <span class='ocrx_word' id='word_1_347' title='bbox 1149 671 1190 704; x_wconf 85' lang='grc' dir='ltr'><em>ὡς</em></span> <span class='ocrx_word' id='word_1_348' title='bbox 1206 668 1301 702; x_wconf 75' lang='grc' dir='ltr'><em>εἶπεν,</em></span> <span class='ocrx_word' id='word_1_349' title='bbox 1323 670 1358 697; x_wconf 82' lang='grc' dir='ltr'><em>ὲκ</em></span> <span class='ocrx_word' id='word_1_350' title='bbox 1371 669 1431 698; x_wconf 84' lang='grc' dir='ltr'><em>τῶν</em></span> <span class='ocrx_word' id='word_1_351' title='bbox 1444 669 1590 704; x_wconf 76' lang='grc' dir='ltr'><strong><em>οὐρανῶν,</em></strong></span> <span class='ocrx_word' id='word_1_352' title='bbox 1608 669 1662 696; x_wconf 89' lang='grc' dir='ltr'><em>τοῦ</em></span> <span class='ocrx_word' id='word_1_353' title='bbox 1683 668 1855 702; x_wconf 83' lang='grc' dir='ltr'><em>ἀναστῆσαι</em></span> 
     </span>
    </p>
   </div>
   <div class='ocr_carea' id='block_1_55' title="bbox 1069 713 1855 750">
    <p class='ocr_par' dir='ltr' id='par_1_55' title="bbox 1069 713 1855 750">
     <span class='ocr_line' id='line_1_55' title="bbox 1069 713 1855 750; baseline -0.004 -7"><span class='ocrx_word' id='word_1_354' title='bbox 1069 716 1193 750; x_wconf 82' lang='grc' dir='ltr'><strong><em>σύμπαν</em></strong></span> <span class='ocrx_word' id='word_1_355' title='bbox 1218 716 1251 743; x_wconf 84' lang='grc' dir='ltr'><em>τὸ</em></span> <span class='ocrx_word' id='word_1_356' title='bbox 1269 716 1405 750; x_wconf 82' lang='grc' dir='ltr'><em>πλάσμα,</em></span> <span class='ocrx_word' id='word_1_357' title='bbox 1432 715 1482 742; x_wconf 80' lang='grc' dir='ltr'><em>καὶ</em></span> <span class='ocrx_word' id='word_1_358' title='bbox 1508 715 1604 750; x_wconf 77' lang='grc' dir='ltr'><em>κρῖναι</em></span> <span class='ocrx_word' id='word_1_359' title='bbox 1623 714 1670 742; x_wconf 75' lang='grc' dir='ltr'><em>καὶ</em></span> <span class='ocrx_word' id='word_1_360' title='bbox 1690 713 1855 741; x_wconf 79' lang='grc' dir='ltr'><em>ἀποδοῦναι</em></span> 
     </span>
    </p>
   </div>
   <div class='ocr_carea' id='block_1_56' title="bbox 1068 760 1854 795">
    <p class='ocr_par' dir='ltr' id='par_1_56' title="bbox 1068 760 1854 795">
     <span class='ocr_line' id='line_1_56' title="bbox 1068 760 1854 795; baseline -0.003 -7"><span class='ocrx_word' id='word_1_361' title='bbox 1068 761 1185 794; x_wconf 81' lang='grc' dir='ltr'><strong><em>ἑκάστῳ</em></strong></span> <span class='ocrx_word' id='word_1_362' title='bbox 1193 762 1268 788; x_wconf 77' lang='grc' dir='ltr'><em>κατὰ</em></span> <span class='ocrx_word' id='word_1_363' title='bbox 1279 761 1337 795; x_wconf 81' lang='grc' dir='ltr'><em>τὴν</em></span> <span class='ocrx_word' id='word_1_364' title='bbox 1344 761 1455 795; x_wconf 80' lang='grc' dir='ltr'><em>πρᾶξιν</em></span> <span class='ocrx_word' id='word_1_365' title='bbox 1463 761 1568 788; x_wconf 83' lang='grc' dir='ltr'><em>αὑτοῦ.</em></span> <span class='ocrx_word' id='word_1_366' title='bbox 1580 760 1689 788; x_wconf 82' lang='grc' dir='ltr'><em>Τοῦτον</em></span> <span class='ocrx_word' id='word_1_367' title='bbox 1699 760 1854 795; x_wconf 72' lang='grc' dir='ltr'><em>ἐπίγνωτε,</em></span> 
     </span>
    </p>
   </div>
   <div class='ocr_carea' id='block_1_57' title="bbox 1071 804 1852 842">
    <p class='ocr_par' dir='ltr' id='par_1_57' title="bbox 1071 804 1852 842">
     <span class='ocr_line' id='line_1_57' title="bbox 1071 804 1852 842; baseline -0.003 -9"><span class='ocrx_word' id='word_1_368' title='bbox 1071 806 1285 842; x_wconf 78' lang='grc' dir='ltr'><strong><em>παραινοῦμεν.</em></strong></span> <span class='ocrx_word' id='word_1_369' title='bbox 1302 807 1411 834; x_wconf 79' lang='grc' dir='ltr'><em>Τοῦτον</em></span> <span class='ocrx_word' id='word_1_370' title='bbox 1420 807 1597 840; x_wconf 82' lang='grc' dir='ltr'><em>σεϐάσθητε,</em></span> <span class='ocrx_word' id='word_1_371' title='bbox 1612 804 1852 840; x_wconf 74' lang='grc' dir='ltr'><strong><em>παρακαλοῦμεν⁶</em></strong></span> 
     </span>
    </p>
   </div>
   <div class='ocr_carea' id='block_1_58' title="bbox 1068 851 1854 887">
    <p class='ocr_par' dir='ltr' id='par_1_58' title="bbox 1068 851 1854 887">
     <span class='ocr_line' id='line_1_58' title="bbox 1068 851 1854 887; baseline -0.004 -8"><span class='ocrx_word' id='word_1_372' title='bbox 1068 852 1116 879; x_wconf 77' lang='grc' dir='ltr'><em>καὶ</em></span> <span class='ocrx_word' id='word_1_373' title='bbox 1130 853 1165 879; x_wconf 82' lang='grc' dir='ltr'><em>ἐν</em></span> <span class='ocrx_word' id='word_1_374' title='bbox 1179 852 1220 885; x_wconf 83' lang='grc' dir='ltr'><em>τῷ</em></span> <span class='ocrx_word' id='word_1_375' title='bbox 1237 852 1360 887; x_wconf 82' lang='grc' dir='ltr'><em>ὀνόματι</em></span> <span class='ocrx_word' id='word_1_376' title='bbox 1374 852 1482 879; x_wconf 85' lang='grc' dir='ltr'><em>τούτου</em></span> <span class='ocrx_word' id='word_1_377' title='bbox 1496 851 1717 886; x_wconf 70' lang='grc' dir='ltr'><em>βαπτιζόμενοι,</em></span> <span class='ocrx_word' id='word_1_378' title='bbox 1735 851 1854 884; x_wconf 81' lang='grc' dir='ltr'><em>καθαρι-</em></span> 
     </span>
    </p>
   </div>
   <div class='ocr_carea' id='block_1_59' title="bbox 1067 895 1853 933">
    <p class='ocr_par' dir='ltr' id='par_1_59' title="bbox 1067 895 1853 933">
     <span class='ocr_line' id='line_1_59' title="bbox 1067 895 1853 933; baseline -0.003 -9"><span class='ocrx_word' id='word_1_379' title='bbox 1067 897 1221 931; x_wconf 79' lang='grc' dir='ltr'><em>σθησεσθε</em></span> <span class='ocrx_word' id='word_1_380' title='bbox 1233 898 1292 933; x_wconf 77' lang='grc' dir='ltr'><em>μὲν</em></span> <span class='ocrx_word' id='word_1_381' title='bbox 1317 897 1420 932; x_wconf 82' lang='grc' dir='ltr'><em>πάσης</em></span> <span class='ocrx_word' id='word_1_382' title='bbox 1434 897 1561 932; x_wconf 69' lang='grc' dir='ltr'><em>ἐναγοῦς</em></span> <span class='ocrx_word' id='word_1_383' title='bbox 1580 897 1628 924; x_wconf 82' lang='grc' dir='ltr'><em>καὶ</em></span> <span class='ocrx_word' id='word_1_384' title='bbox 1642 895 1751 931; x_wconf 86' lang='grc' dir='ltr'><em>μιαρᾶς</em></span> <span class='ocrx_word' id='word_1_385' title='bbox 1772 897 1853 922; x_wconf 81' lang='grc' dir='ltr'><em>τελε-</em></span> 
     </span>
    </p>
   </div>
   <div class='ocr_carea' id='block_1_60' title="bbox 1066 941 1853 979">
    <p class='ocr_par' dir='ltr' id='par_1_60' title="bbox 1066 941 1853 979">
     <span class='ocr_line' id='line_1_60' title="bbox 1066 941 1853 979; baseline -0.005 -8"><span class='ocrx_word' id='word_1_386' title='bbox 1066 944 1138 977; x_wconf 83' lang='grc' dir='ltr'><em>τῆς·</em></span> <span class='ocrx_word' id='word_1_387' title='bbox 1157 943 1259 978; x_wconf 82' lang='grc' dir='ltr'><em>πάσης</em></span> <span class='ocrx_word' id='word_1_388' title='bbox 1282 943 1318 971; x_wconf 81' lang='grc' dir='ltr'><em>δὲ</em></span> <span class='ocrx_word' id='word_1_389' title='bbox 1340 943 1461 979; x_wconf 82' lang='grc' dir='ltr'><em>χάριτος</em></span> <span class='ocrx_word' id='word_1_390' title='bbox 1486 943 1617 978; x_wconf 84' lang='grc' dir='ltr'><em>μέτοχοι,</em></span> <span class='ocrx_word' id='word_1_391' title='bbox 1641 943 1691 970; x_wconf 78' lang='grc' dir='ltr'><em>καὶ</em></span> <span class='ocrx_word' id='word_1_392' title='bbox 1715 941 1853 969; x_wconf 67' lang='grc' dir='ltr'><em>κοινωνοὶ</em></span> 
     </span>
    </p>
   </div>
   <div class='ocr_carea' id='block_1_61' title="bbox 1065 989 1852 1024">
    <p class='ocr_par' dir='ltr' id='par_1_61' title="bbox 1065 989 1852 1024">
     <span class='ocr_line' id='line_1_61' title="bbox 1065 989 1852 1024; baseline -0.003 -8"><span class='ocrx_word' id='word_1_393' title='bbox 1065 989 1119 1023; x_wconf 79' lang='grc' dir='ltr'><em>τῆς</em></span> <span class='ocrx_word' id='word_1_394' title='bbox 1141 989 1235 1016; x_wconf 81' lang='grc' dir='ltr'><em>αὑτοῦ</em></span> <span class='ocrx_word' id='word_1_395' title='bbox 1268 990 1423 1024; x_wconf 72' lang='grc' dir='ltr'><em>γενόμενοι</em></span> <span class='ocrx_word' id='word_1_396' title='bbox 1459 989 1641 1024; x_wconf 79' lang='grc' dir='ltr'><em>ἁγιωσύνης,</em></span> <span class='ocrx_word' id='word_1_397' title='bbox 1669 989 1852 1022; x_wconf 73' lang='grc' dir='ltr'><em>κληρονόμοι</em></span> 
     </span>
    </p>
   </div>
   <div class='ocr_carea' id='block_1_62' title="bbox 1064 1034 1851 1071">
    <p class='ocr_par' dir='ltr' id='par_1_62' title="bbox 1064 1034 1851 1071">
     <span class='ocr_line' id='line_1_62' title="bbox 1064 1034 1851 1071; baseline -0.003 -8"><span class='ocrx_word' id='word_1_398' title='bbox 1064 1036 1139 1071; x_wconf 80' lang='grc' dir='ltr'><em>ζωῆς</em></span> <span class='ocrx_word' id='word_1_399' title='bbox 1165 1036 1287 1063; x_wconf 70' lang='grc' dir='ltr'><em>αἰωνίου</em></span> <span class='ocrx_word' id='word_1_400' title='bbox 1314 1036 1364 1063; x_wconf 81' lang='grc' dir='ltr'><em>καὶ</em></span> <span class='ocrx_word' id='word_1_401' title='bbox 1386 1036 1549 1070; x_wconf 73' lang='grc' dir='ltr'><em>,Βασιλείας</em></span> <span class='ocrx_word' id='word_1_402' title='bbox 1577 1034 1851 1069; x_wconf 76' lang='grc' dir='ltr'><em>καταξιωθήσεσθε,</em></span> 
     </span>
    </p>
   </div>
   <div class='ocr_carea' id='block_1_63' title="bbox 1064 1082 1486 1117">
    <p class='ocr_par' dir='ltr' id='par_1_63' title="bbox 1064 1082 1486 1117">
     <span class='ocr_line' id='line_1_63' title="bbox 1064 1082 1486 1117; baseline 0.002 -8"><span class='ocrx_word' id='word_1_403' title='bbox 1064 1083 1098 1110; x_wconf 80' lang='grc' dir='ltr'><em>ἐν</em></span> <span class='ocrx_word' id='word_1_404' title='bbox 1115 1082 1231 1117; x_wconf 85' lang='grc' dir='ltr'><em>Χριστῷ</em></span> <span class='ocrx_word' id='word_1_405' title='bbox 1249 1082 1363 1117; x_wconf 83' lang='grc' dir='ltr'><em>Ἰησοῦ.</em></span> <span class='ocrx_word' id='word_1_406' title='bbox 1383 1082 1486 1117; x_wconf 78' lang='grc' dir='ltr'><em>Ἀμήν.</em></span> 
     </span>
    </p>
   </div>
   <div class='ocr_carea' id='block_1_64' title="bbox 1100 1127 1851 1164">
    <p class='ocr_par' dir='ltr' id='par_1_64' title="bbox 1100 1127 1851 1164">
     <span class='ocr_line' id='line_1_64' title="bbox 1100 1127 1851 1164; baseline -0.004 -8"><span class='ocrx_word' id='word_1_407' title='bbox 1100 1128 1247 1161; x_wconf 84' lang='grc' dir='ltr'><em>Τοιαύταις</em></span> <span class='ocrx_word' id='word_1_408' title='bbox 1259 1129 1274 1156; x_wconf 84' lang='grc' dir='ltr'><strong><em>ὁ</em></strong></span> <span class='ocrx_word' id='word_1_409' title='bbox 1294 1128 1505 1164; x_wconf 83' lang='grc' dir='ltr'><em>μακαριώτατος</em></span> <span class='ocrx_word' id='word_1_410' title='bbox 1523 1128 1679 1163; x_wconf 82' lang='grc' dir='ltr'><em>θεηγορῑαις</em></span> <span class='ocrx_word' id='word_1_411' title='bbox 1706 1127 1851 1158; x_wconf 82' lang='grc' dir='ltr'><em>νουθετῶν,</em></span> 
     </span>
    </p>
   </div>
   <div class='ocr_carea' id='block_1_65' title="bbox 1063 1173 1851 1210">
    <p class='ocr_par' dir='ltr' id='par_1_65' title="bbox 1063 1173 1851 1210">
     <span class='ocr_line' id='line_1_65' title="bbox 1063 1173 1851 1210; baseline -0.001 -8"><span class='ocrx_word' id='word_1_412' title='bbox 1063 1175 1215 1210; x_wconf 75' lang='grc' dir='ltr'><em>παραινῶν,</em></span> <span class='ocrx_word' id='word_1_413' title='bbox 1236 1175 1289 1210; x_wconf 70' lang='grc' dir='ltr'><em>ἰδίᾳ</em></span> <span class='ocrx_word' id='word_1_414' title='bbox 1299 1183 1330 1202; x_wconf 79' lang='grc' dir='ltr'><strong><em>τε</em></strong></span> <span class='ocrx_word' id='word_1_415' title='bbox 1349 1174 1397 1202; x_wconf 81' lang='grc' dir='ltr'><em>καὶ</em></span> <span class='ocrx_word' id='word_1_416' title='bbox 1408 1175 1528 1210; x_wconf 83' lang='grc' dir='ltr'><em>δημοσίᾳ</em></span> <span class='ocrx_word' id='word_1_417' title='bbox 1541 1174 1586 1201; x_wconf 81' lang='grc' dir='ltr'><em>τὸν</em></span> <span class='ocrx_word' id='word_1_418' title='bbox 1599 1174 1679 1209; x_wconf 82' lang='grc' dir='ltr'><em>λόγον</em></span> <span class='ocrx_word' id='word_1_419' title='bbox 1691 1173 1851 1208; x_wconf 75' lang='grc' dir='ltr'><em>πρεσϐεύων</em></span> 
     </span>
    </p>
   </div>
   <div class='ocr_carea' id='block_1_66' title="bbox 1061 1219 1850 1257">
    <p class='ocr_par' dir='ltr' id='par_1_66' title="bbox 1061 1219 1850 1257">
     <span class='ocr_line' id='line_1_66' title="bbox 1061 1219 1850 1257; baseline -0.004 -9"><span class='ocrx_word' id='word_1_420' title='bbox 1061 1222 1112 1257; x_wconf 84' lang='grc' dir='ltr'><em>τῆς</em></span> <span class='ocrx_word' id='word_1_421' title='bbox 1124 1220 1308 1257; x_wconf 81' lang='grc' dir='ltr'><em>δικαιοσύνης,</em></span> <span class='ocrx_word' id='word_1_422' title='bbox 1335 1220 1539 1256; x_wconf 85' lang='grc' dir='ltr'><em>ἀναριθμήτους</em></span> <span class='ocrx_word' id='word_1_423' title='bbox 1563 1220 1614 1255; x_wconf 78' lang='grc' dir='ltr'><em>μὲν</em></span> <span class='ocrx_word' id='word_1_424' title='bbox 1639 1219 1741 1246; x_wconf 84' lang='grc' dir='ltr'><em>πείθων</em></span> <span class='ocrx_word' id='word_1_425' title='bbox 1766 1227 1850 1255; x_wconf 84' lang='grc' dir='ltr'><em>προσ-</em></span> 
     </span>
    </p>
   </div>
   <div class='ocr_carea' id='block_1_67' title="bbox 1062 1264 1849 1302">
    <p class='ocr_par' dir='ltr' id='par_1_67' title="bbox 1062 1264 1849 1302">
     <span class='ocr_line' id='line_1_67' title="bbox 1062 1264 1849 1302; baseline -0.003 -9"><span class='ocrx_word' id='word_1_426' title='bbox 1062 1267 1145 1302; x_wconf 81' lang='grc' dir='ltr'><em>ήγετο</em></span> <span class='ocrx_word' id='word_1_427' title='bbox 1158 1268 1192 1302; x_wconf 84' lang='grc' dir='ltr'><em>τῇ</em></span> <span class='ocrx_word' id='word_1_428' title='bbox 1207 1265 1334 1302; x_wconf 79' lang='grc' dir='ltr'><strong><em>ἀληθείᾳ·</em></strong></span> <span class='ocrx_word' id='word_1_429' title='bbox 1352 1266 1385 1292; x_wconf 81' lang='grc' dir='ltr'><em>δι’</em></span> <span class='ocrx_word' id='word_1_430' title='bbox 1400 1265 1496 1298; x_wconf 79' lang='grc' dir='ltr'><em>ὕδατος</em></span> <span class='ocrx_word' id='word_1_431' title='bbox 1507 1265 1535 1292; x_wconf 82' lang='grc' dir='ltr'><em>δὲ</em></span> <span class='ocrx_word' id='word_1_432' title='bbox 1548 1265 1595 1292; x_wconf 76' lang='grc' dir='ltr'><em>καὶ</em></span> <span class='ocrx_word' id='word_1_433' title='bbox 1612 1265 1771 1300; x_wconf 84' lang='grc' dir='ltr'><em>Πνεύματος</em></span> <span class='ocrx_word' id='word_1_434' title='bbox 1786 1264 1849 1292; x_wconf 85' lang='grc' dir='ltr'><em>τού-</em></span> 
     </span>
    </p>
   </div>
   <div class='ocr_carea' id='block_1_68' title="bbox 1061 1310 1847 1347">
    <p class='ocr_par' dir='ltr' id='par_1_68' title="bbox 1061 1310 1847 1347">
     <span class='ocr_line' id='line_1_68' title="bbox 1061 1310 1847 1347; baseline -0.004 -8"><span class='ocrx_word' id='word_1_435' title='bbox 1061 1321 1124 1344; x_wconf 86' lang='grc' dir='ltr'><em>τους</em></span> <span class='ocrx_word' id='word_1_436' title='bbox 1139 1312 1305 1347; x_wconf 83' lang='grc' dir='ltr'><em>ἀναγεννῶν,</em></span> <span class='ocrx_word' id='word_1_437' title='bbox 1324 1311 1372 1339; x_wconf 74' lang='grc' dir='ltr'><em>καὶ</em></span> <span class='ocrx_word' id='word_1_438' title='bbox 1386 1312 1449 1343; x_wconf 83' lang='grc' dir='ltr'><em>τοὺς</em></span> <span class='ocrx_word' id='word_1_439' title='bbox 1465 1310 1665 1346; x_wconf 76' lang='grc' dir='ltr'><em>συνετωτέρους</em></span> <span class='ocrx_word' id='word_1_440' title='bbox 1691 1311 1721 1337; x_wconf 87' lang='grc' dir='ltr'><em>ὲν</em></span> <span class='ocrx_word' id='word_1_441' title='bbox 1746 1310 1847 1343; x_wconf 76' lang='grc' dir='ltr'><em>αὐτοῖς,</em></span> 
     </span>
    </p>
   </div>
   <div class='ocr_carea' id='block_1_69' title="bbox 1062 1354 1849 1392">
    <p class='ocr_par' dir='ltr' id='par_1_69' title="bbox 1062 1354 1849 1392">
     <span class='ocr_line' id='line_1_69' title="bbox 1062 1354 1849 1392; baseline -0.005 -8"><span class='ocrx_word' id='word_1_442' title='bbox 1062 1357 1110 1384; x_wconf 72' lang='grc' dir='ltr'><em>καὶ</em></span> <span class='ocrx_word' id='word_1_443' title='bbox 1120 1356 1231 1392; x_wconf 82' lang='grc' dir='ltr'><em>χάριτος</em></span> <span class='ocrx_word' id='word_1_444' title='bbox 1247 1354 1369 1391; x_wconf 79' lang='grc' dir='ltr'><em>μείζονος</em></span> <span class='ocrx_word' id='word_1_445' title='bbox 1387 1355 1565 1390; x_wconf 79' lang='grc' dir='ltr'><em>ἠξιωμένους,</em></span> <span class='ocrx_word' id='word_1_446' title='bbox 1579 1355 1620 1386; x_wconf 84' lang='grc' dir='ltr'><strong><em>είς</em></strong></span> <span class='ocrx_word' id='word_1_447' title='bbox 1633 1354 1791 1390; x_wconf 80' lang='grc' dir='ltr'><em>ἀρχιερέας,</em></span> <span class='ocrx_word' id='word_1_448' title='bbox 1810 1354 1849 1386; x_wconf 86' lang='grc' dir='ltr'><em>ὡς</em></span> 
     </span>
    </p>
   </div>
   <div class='ocr_carea' id='block_1_70' title="bbox 1063 1399 1847 1437">
    <p class='ocr_par' dir='ltr' id='par_1_70' title="bbox 1063 1399 1847 1437">
     <span class='ocr_line' id='line_1_70' title="bbox 1063 1399 1847 1437; baseline -0.003 -9"><span class='ocrx_word' id='word_1_449' title='bbox 1063 1401 1153 1437; x_wconf 80' lang='grc' dir='ltr'><em>θέμις,</em></span> <span class='ocrx_word' id='word_1_450' title='bbox 1165 1402 1213 1428; x_wconf 77' lang='grc' dir='ltr'><em>καὶ</em></span> <span class='ocrx_word' id='word_1_451' title='bbox 1227 1401 1318 1437; x_wconf 75' lang='grc' dir='ltr'><em>ἱερέας</em></span> <span class='ocrx_word' id='word_1_452' title='bbox 1329 1400 1558 1436; x_wconf 76' lang='grc' dir='ltr'><em>προϐαλλόμενος,</em></span> <span class='ocrx_word' id='word_1_453' title='bbox 1575 1399 1738 1435; x_wconf 82' lang='grc' dir='ltr'><em>Ἐκκλησίαν</em></span> <span class='ocrx_word' id='word_1_454' title='bbox 1755 1399 1847 1433; x_wconf 80' lang='grc' dir='ltr'><em>ἁγίαν,</em></span> 
     </span>
    </p>
   </div>
   <div class='ocr_carea' id='block_1_71' title="bbox 1061 1446 1427 1483">
    <p class='ocr_par' dir='ltr' id='par_1_71' title="bbox 1061 1446 1427 1483">
     <span class='ocr_line' id='line_1_71' title="bbox 1061 1446 1427 1483; baseline -0.003 -8"><span class='ocrx_word' id='word_1_455' title='bbox 1061 1447 1179 1483; x_wconf 83' lang='grc' dir='ltr'><em>ἄμωμον</em></span> <span class='ocrx_word' id='word_1_456' title='bbox 1189 1448 1285 1483; x_wconf 78' lang='grc' dir='ltr'><em>ἀνίστη</em></span> <span class='ocrx_word' id='word_1_457' title='bbox 1304 1446 1427 1482; x_wconf 71' lang='grc' dir='ltr'><em>Χριστῷ.</em></span> 
     </span>
    </p>
   </div>
   <div class='ocr_carea' id='block_1_72' title="bbox 1103 1532 1847 1570">
    <p class='ocr_par' dir='ltr' id='par_1_72' title="bbox 1103 1532 1847 1570">
     <span class='ocr_line' id='line_1_72' title="bbox 1103 1532 1847 1570; baseline -0.004 -8"><span class='ocrx_word' id='word_1_458' title='bbox 1103 1535 1174 1562; x_wconf 68' lang='grc' dir='ltr'><em>Ἀλλ’</em></span> <span class='ocrx_word' id='word_1_459' title='bbox 1188 1536 1239 1562; x_wconf 81' lang='grc' dir='ltr'><em>οὐκ</em></span> <span class='ocrx_word' id='word_1_460' title='bbox 1251 1534 1351 1570; x_wconf 63' lang='grc' dir='ltr'><em>ἤνεγκε</em></span> <span class='ocrx_word' id='word_1_461' title='bbox 1368 1534 1475 1569; x_wconf 84' lang='grc' dir='ltr'><em>βλεπων</em></span> <span class='ocrx_word' id='word_1_462' title='bbox 1491 1533 1579 1565; x_wconf 79' lang='grc' dir='ltr'><em>οὕτως</em></span> <span class='ocrx_word' id='word_1_463' title='bbox 1602 1532 1781 1569; x_wconf 81' lang='grc' dir='ltr'><em>εὔοδουμένην</em></span> <span class='ocrx_word' id='word_1_464' title='bbox 1797 1532 1847 1568; x_wconf 82' lang='grc' dir='ltr'><em>τὴν</em></span> 
     </span>
    </p>
   </div>
   <div class='ocr_carea' id='block_1_73' title="bbox 1061 1579 1845 1616">
    <p class='ocr_par' dir='ltr' id='par_1_73' title="bbox 1061 1579 1845 1616">
     <span class='ocr_line' id='line_1_73' title="bbox 1061 1579 1845 1616; baseline -0.001 -9"><span class='ocrx_word' id='word_1_465' title='bbox 1061 1580 1202 1616; x_wconf 83' lang='grc' dir='ltr'><em>αλήθειαν,</em></span> <span class='ocrx_word' id='word_1_466' title='bbox 1218 1582 1232 1608; x_wconf 83' lang='grc' dir='ltr'>ὁ</span> <span class='ocrx_word' id='word_1_467' title='bbox 1255 1580 1358 1616; x_wconf 85' lang='grc' dir='ltr'><em>ταύτης</em></span> <span class='ocrx_word' id='word_1_468' title='bbox 1382 1580 1493 1616; x_wconf 79' lang='grc' dir='ltr'><em>ἐχθρός·</em></span> <span class='ocrx_word' id='word_1_469' title='bbox 1509 1580 1573 1612; x_wconf 85' lang='grc' dir='ltr'><em>τοὺς</em></span> <span class='ocrx_word' id='word_1_470' title='bbox 1590 1579 1794 1611; x_wconf 83' lang='grc' dir='ltr'><em>δυνατωτάτους</em></span> <span class='ocrx_word' id='word_1_471' title='bbox 1818 1579 1845 1606; x_wconf 83' lang='grc' dir='ltr'><em>δὲ</em></span> 
     </span>
    </p>
   </div>
   <div class='ocr_carea' id='block_1_74' title="bbox 1061 1625 1846 1663">
    <p class='ocr_par' dir='ltr' id='par_1_74' title="bbox 1061 1625 1846 1663">
     <span class='ocr_line' id='line_1_74' title="bbox 1061 1625 1846 1663; baseline -0.001 -10"><span class='ocrx_word' id='word_1_472' title='bbox 1061 1627 1108 1653; x_wconf 71' lang='grc' dir='ltr'><em>καὶ</em></span> <span class='ocrx_word' id='word_1_473' title='bbox 1130 1626 1258 1663; x_wconf 81' lang='grc' dir='ltr'><em>πρώτους</em></span> <span class='ocrx_word' id='word_1_474' title='bbox 1280 1626 1389 1662; x_wconf 75' lang='grc' dir='ltr'><em>ἐκείνης</em></span> <span class='ocrx_word' id='word_1_475' title='bbox 1402 1628 1451 1661; x_wconf 85' lang='grc' dir='ltr'><em>τῆς</em></span> <span class='ocrx_word' id='word_1_476' title='bbox 1480 1626 1584 1658; x_wconf 82' lang='grc' dir='ltr'><em>πόλεως</em></span> <span class='ocrx_word' id='word_1_477' title='bbox 1607 1626 1718 1658; x_wconf 75' lang='grc' dir='ltr'><em>ὑποδὺς,</em></span> <span class='ocrx_word' id='word_1_478' title='bbox 1733 1626 1780 1652; x_wconf 75' lang='grc' dir='ltr'><em>καὶ</em></span> <span class='ocrx_word' id='word_1_479' title='bbox 1802 1625 1846 1652; x_wconf 77' lang='grc' dir='ltr'><em>τὸν</em></span> 
     </span>
    </p>
   </div>
   <div class='ocr_carea' id='block_1_75' title="bbox 1060 1671 1846 1708">
    <p class='ocr_par' dir='ltr' id='par_1_75' title="bbox 1060 1671 1846 1708">
     <span class='ocr_line' id='line_1_75' title="bbox 1060 1671 1846 1708; baseline -0.001 -10"><span class='ocrx_word' id='word_1_480' title='bbox 1060 1671 1141 1708; x_wconf 78' lang='grc' dir='ltr'><em>ζῆλον</em></span> <span class='ocrx_word' id='word_1_481' title='bbox 1153 1673 1182 1699; x_wconf 80' lang='grc' dir='ltr'><em>ὲν</em></span> <span class='ocrx_word' id='word_1_482' title='bbox 1199 1672 1293 1703; x_wconf 88' lang='grc' dir='ltr'><em>αὐτοῖς</em></span> <span class='ocrx_word' id='word_1_483' title='bbox 1311 1671 1464 1706; x_wconf 76' lang='grc' dir='ltr'><em>ἀναφλέξας</em></span> <span class='ocrx_word' id='word_1_484' title='bbox 1479 1671 1516 1703; x_wconf 84' lang='grc' dir='ltr'><em>ὡς</em></span> <span class='ocrx_word' id='word_1_485' title='bbox 1528 1671 1596 1707; x_wconf 84' lang='grc' dir='ltr'><em>πῦρ,</em></span> <span class='ocrx_word' id='word_1_486' title='bbox 1614 1671 1782 1706; x_wconf 82' lang='grc' dir='ltr'><em>συναρπάζει</em></span> <span class='ocrx_word' id='word_1_487' title='bbox 1797 1675 1846 1706; x_wconf 71' lang='grc' dir='ltr'><em>μὲν</em></span> 
     </span>
    </p>
   </div>
   <div class='ocr_carea' id='block_1_76' title="bbox 1061 1715 1847 1752">
    <p class='ocr_par' dir='ltr' id='par_1_76' title="bbox 1061 1715 1847 1752">
     <span class='ocr_line' id='line_1_76' title="bbox 1061 1715 1847 1752; baseline -0.003 -8"><span class='ocrx_word' id='word_1_488' title='bbox 1061 1717 1143 1744; x_wconf 73' lang='grc' dir='ltr'><em>αὑτὸν</em></span> <span class='ocrx_word' id='word_1_489' title='bbox 1161 1716 1278 1750; x_wconf 80' lang='grc' dir='ltr'><em>ὲξάπινα</em></span> <span class='ocrx_word' id='word_1_490' title='bbox 1302 1717 1375 1752; x_wconf 80' lang='grc' dir='ltr'><em>χειρὶ</em></span> <span class='ocrx_word' id='word_1_491' title='bbox 1399 1718 1600 1752; x_wconf 66' lang='grc' dir='ltr'><em>στρατιωτικῇθ</em></span> <span class='ocrx_word' id='word_1_492' title='bbox 1620 1717 1746 1751; x_wconf 86' lang='grc' dir='ltr'><em>μαστιγοῖ</em></span> <span class='ocrx_word' id='word_1_493' title='bbox 1760 1715 1789 1743; x_wconf 82' lang='grc' dir='ltr'><em>δὲ</em></span> <span class='ocrx_word' id='word_1_494' title='bbox 1803 1725 1847 1742; x_wconf 81' lang='grc' dir='ltr'><em>πι-</em></span> 
     </span>
    </p>
   </div>
   <div class='ocr_carea' id='block_1_77' title="bbox 1059 1761 1847 1798">
    <p class='ocr_par' dir='ltr' id='par_1_77' title="bbox 1059 1761 1847 1798">
     <span class='ocr_line' id='line_1_77' title="bbox 1059 1761 1847 1798; baseline -0.003 -9"><span class='ocrx_word' id='word_1_495' title='bbox 1059 1763 1144 1798; x_wconf 76' lang='grc' dir='ltr'><em>κρῶς,</em></span> <span class='ocrx_word' id='word_1_496' title='bbox 1159 1762 1336 1797; x_wconf 80' lang='grc' dir='ltr'><em>καθείργνυσι</em></span> <span class='ocrx_word' id='word_1_497' title='bbox 1352 1761 1380 1788; x_wconf 79' lang='grc' dir='ltr'><em>δὲ</em></span> <span class='ocrx_word' id='word_1_498' title='bbox 1402 1762 1497 1793; x_wconf 83' lang='grc' dir='ltr'><em>δεινῶς</em></span> <span class='ocrx_word' id='word_1_499' title='bbox 1507 1769 1515 1777; x_wconf 81' lang='grc'><strong><em>³</em></strong></span> <span class='ocrx_word' id='word_1_500' title='bbox 1540 1762 1610 1796; x_wconf 84' lang='grc' dir='ltr'><strong><em>μετά</em></strong></span> <span class='ocrx_word' id='word_1_501' title='bbox 1626 1761 1713 1788; x_wconf 86' lang='grc' dir='ltr'><em>ταῦτα</em></span> <span class='ocrx_word' id='word_1_502' title='bbox 1728 1761 1757 1788; x_wconf 76' lang='grc' dir='ltr'><em>δὲ</em></span> <span class='ocrx_word' id='word_1_503' title='bbox 1773 1770 1847 1796; x_wconf 88' lang='grc' dir='ltr'><em>σχοι-</em></span> 
     </span>
    </p>
   </div>
   <div class='ocr_carea' id='block_1_78' title="bbox 1058 1806 1846 1843">
    <p class='ocr_par' dir='ltr' id='par_1_78' title="bbox 1058 1806 1846 1843">
     <span class='ocr_line' id='line_1_78' title="bbox 1058 1806 1846 1843; baseline -0.003 -8"><span class='ocrx_word' id='word_1_504' title='bbox 1058 1810 1125 1840; x_wconf 84' lang='grc' dir='ltr'><em>νίοις</em></span> <span class='ocrx_word' id='word_1_505' title='bbox 1144 1809 1295 1843; x_wconf 72' lang='grc' dir='ltr'><em>ἐξάψαντες</em></span> <span class='ocrx_word' id='word_1_506' title='bbox 1319 1808 1392 1834; x_wconf 86' lang='grc' dir='ltr'><strong><em>κατά</em></strong></span> <span class='ocrx_word' id='word_1_507' title='bbox 1418 1808 1472 1835; x_wconf 87' lang='grc' dir='ltr'><em>τῶν</em></span> <span class='ocrx_word' id='word_1_508' title='bbox 1498 1807 1679 1843; x_wconf 80' lang='grc' dir='ltr'><em>ἀστραγάλων</em></span> <span class='ocrx_word' id='word_1_509' title='bbox 1702 1806 1772 1842; x_wconf 82' lang='lat'><strong><em>(37),</em></strong></span> <span class='ocrx_word' id='word_1_510' title='bbox 1799 1807 1846 1833; x_wconf 81' lang='grc' dir='ltr'><strong><em>ἐπὶ</em></strong></span> 
     </span>
    </p>
   </div>
   <div class='ocr_carea' id='block_1_79' title="bbox 1060 1853 1846 1889">
    <p class='ocr_par' dir='ltr' id='par_1_79' title="bbox 1060 1853 1846 1889">
     <span class='ocr_line' id='line_1_79' title="bbox 1060 1853 1846 1889; baseline 0 -9"><span class='ocrx_word' id='word_1_511' title='bbox 1060 1854 1197 1889; x_wconf 84' lang='grc' dir='ltr'><em>μετεώρου</em></span> <span class='ocrx_word' id='word_1_512' title='bbox 1212 1855 1257 1881; x_wconf 85' lang='grc' dir='ltr'><em>τὸν</em></span> <span class='ocrx_word' id='word_1_513' title='bbox 1270 1854 1374 1881; x_wconf 86' lang='grc' dir='ltr'><em>δίκαιον</em></span> <span class='ocrx_word' id='word_1_514' title='bbox 1386 1853 1543 1889; x_wconf 81' lang='grc' dir='ltr'><em>ὲκκρεμῶσι</em></span> <span class='ocrx_word' id='word_1_515' title='bbox 1562 1853 1632 1880; x_wconf 70' lang='grc' dir='ltr'><em>κατὰ</em></span> <span class='ocrx_word' id='word_1_516' title='bbox 1646 1853 1776 1888; x_wconf 83' lang='grc' dir='ltr'><em>κεφαλῆς.</em></span> <span class='ocrx_word' id='word_1_517' title='bbox 1790 1853 1846 1880; x_wconf 78' lang='grc' dir='ltr'><strong><em>Καὶ</em></strong></span> 
     </span>
    </p>
   </div>
   <div class='ocr_carea' id='block_1_80' title="bbox 1057 1897 1845 1935">
    <p class='ocr_par' dir='ltr' id='par_1_80' title="bbox 1057 1897 1845 1935">
     <span class='ocr_line' id='line_1_80' title="bbox 1057 1897 1845 1935; baseline -0.001 -9"><span class='ocrx_word' id='word_1_518' title='bbox 1057 1898 1092 1934; x_wconf 83' lang='grc' dir='ltr'><em>ἦν</em></span> <span class='ocrx_word' id='word_1_519' title='bbox 1106 1900 1201 1926; x_wconf 82' lang='grc' dir='ltr'><em>τοῦτον</em></span> <span class='ocrx_word' id='word_1_520' title='bbox 1224 1900 1290 1935; x_wconf 81' lang='grc' dir='ltr'><strong><em>ὀρᾷν</em></strong></span> <span class='ocrx_word' id='word_1_521' title='bbox 1316 1899 1443 1935; x_wconf 85' lang='grc' dir='ltr'><em>καθάπερ</em></span> <span class='ocrx_word' id='word_1_522' title='bbox 1471 1898 1586 1935; x_wconf 81' lang='grc' dir='ltr'><em>ἄμωμον</em></span> <span class='ocrx_word' id='word_1_523' title='bbox 1610 1899 1714 1935; x_wconf 82' lang='grc' dir='ltr'><em>ἀρνίον,</em></span> <span class='ocrx_word' id='word_1_524' title='bbox 1730 1899 1774 1926; x_wconf 75' lang='grc' dir='ltr'><em>διὰ</em></span> <span class='ocrx_word' id='word_1_525' title='bbox 1797 1897 1845 1925; x_wconf 79' lang='grc' dir='ltr'><em>τοῦ</em></span> 
     </span>
    </p>
   </div>
   <div class='ocr_carea' id='block_1_81' title="bbox 1058 1945 1846 1981">
    <p class='ocr_par' dir='ltr' id='par_1_81' title="bbox 1058 1945 1846 1981">
     <span class='ocr_line' id='line_1_81' title="bbox 1058 1945 1846 1981; baseline -0.001 -9"><span class='ocrx_word' id='word_1_526' title='bbox 1058 1946 1138 1981; x_wconf 77' lang='grc' dir='ltr'><em>ἀέρος</em></span> <span class='ocrx_word' id='word_1_527' title='bbox 1149 1945 1366 1981; x_wconf 67' lang='grc' dir='ltr'><em>ἀπῃωρημένονι</em></span> <span class='ocrx_word' id='word_1_528' title='bbox 1385 1946 1433 1972; x_wconf 71' lang='grc' dir='ltr'><em>καὶ</em></span> <span class='ocrx_word' id='word_1_529' title='bbox 1446 1945 1503 1972; x_wconf 78' lang='grc' dir='ltr'><em>ἄνω</em></span> <span class='ocrx_word' id='word_1_530' title='bbox 1516 1946 1565 1980; x_wconf 82' lang='grc' dir='ltr'><em>μὲν</em></span> <span class='ocrx_word' id='word_1_531' title='bbox 1582 1947 1646 1977; x_wconf 82' lang='grc' dir='ltr'><em>τοὺς</em></span> <span class='ocrx_word' id='word_1_532' title='bbox 1661 1945 1754 1978; x_wconf 88' lang='grc' dir='ltr'><em>πόδας,</em></span> <span class='ocrx_word' id='word_1_533' title='bbox 1771 1945 1846 1972; x_wconf 82' lang='grc' dir='ltr'><em>κάτω</em></span> 
     </span>
    </p>
   </div>
   <div class='ocr_carea' id='block_1_82' title="bbox 1057 1990 1844 2027">
    <p class='ocr_par' dir='ltr' id='par_1_82' title="bbox 1057 1990 1844 2027">
     <span class='ocr_line' id='line_1_82' title="bbox 1057 1990 1844 2027; baseline 0 -10"><span class='ocrx_word' id='word_1_534' title='bbox 1057 1992 1086 2018; x_wconf 75' lang='grc' dir='ltr'><em>δὲ</em></span> <span class='ocrx_word' id='word_1_535' title='bbox 1103 1991 1152 2026; x_wconf 85' lang='grc' dir='ltr'><em>τὴν</em></span> <span class='ocrx_word' id='word_1_536' title='bbox 1171 1991 1323 2026; x_wconf 75' lang='grc' dir='ltr'><em>σεϐασμίαν</em></span> <span class='ocrx_word' id='word_1_537' title='bbox 1342 1991 1439 2027; x_wconf 75' lang='grc' dir='ltr'><em>ἔχοντα</em></span> <span class='ocrx_word' id='word_1_538' title='bbox 1462 1991 1584 2027; x_wconf 81' lang='grc' dir='ltr'><em>κεφαλήν</em></span> <span class='ocrx_word' id='word_1_539' title='bbox 1596 2000 1604 2009; x_wconf 69' lang='grc' dir='ltr'>α</span> <span class='ocrx_word' id='word_1_540' title='bbox 1628 1991 1731 2026; x_wconf 79' lang='grc' dir='ltr'><em>καὶτῷ</em></span> <span class='ocrx_word' id='word_1_541' title='bbox 1750 1990 1844 2027; x_wconf 76' lang='grc' dir='ltr'><em>τοιῷδε</em></span> 
     </span>
    </p>
   </div>
   <div class='ocr_carea' id='block_1_83' title="bbox 1058 2036 1843 2073">
    <p class='ocr_par' dir='ltr' id='par_1_83' title="bbox 1058 2036 1843 2073">
     <span class='ocr_line' id='line_1_83' title="bbox 1058 2036 1843 2073; baseline -0.003 -9"><span class='ocrx_word' id='word_1_542' title='bbox 1058 2038 1176 2072; x_wconf 74' lang='grc' dir='ltr'><em>σχήματι</em></span> <span class='ocrx_word' id='word_1_543' title='bbox 1204 2037 1253 2073; x_wconf 85' lang='grc' dir='ltr'><em>τὴν</em></span> <span class='ocrx_word' id='word_1_544' title='bbox 1275 2037 1382 2072; x_wconf 78' lang='grc' dir='ltr'><em>ἰθυτενῆ</em></span> <span class='ocrx_word' id='word_1_545' title='bbox 1401 2037 1470 2072; x_wconf 76' lang='grc' dir='ltr'><em>πρὸς</em></span> <span class='ocrx_word' id='word_1_546' title='bbox 1482 2037 1517 2064; x_wconf 85' lang='grc' dir='ltr'><em>τὰ</em></span> <span class='ocrx_word' id='word_1_547' title='bbox 1531 2038 1588 2065; x_wconf 80' lang='grc' dir='ltr'><em>ἄνω</em></span> <span class='ocrx_word' id='word_1_548' title='bbox 1606 2037 1653 2064; x_wconf 79' lang='grc' dir='ltr'><em>τοῦ</em></span> <span class='ocrx_word' id='word_1_549' title='bbox 1670 2036 1716 2064; x_wconf 84' lang='grc' dir='ltr'><em>νοῦ</em></span> <span class='ocrx_word' id='word_1_550' title='bbox 1730 2036 1843 2072; x_wconf 80' lang='grc' dir='ltr'><em>πορείαν</em></span> 
     </span>
    </p>
   </div>
   <div class='ocr_carea' id='block_1_84' title="bbox 1057 2083 1460 2119">
    <p class='ocr_par' dir='ltr' id='par_1_84' title="bbox 1057 2083 1460 2119">
     <span class='ocr_line' id='line_1_84' title="bbox 1057 2083 1460 2119; baseline 0 -10"><span class='ocrx_word' id='word_1_551' title='bbox 1057 2083 1104 2109; x_wconf 72' lang='grc' dir='ltr'><em>καὶ</em></span> <span class='ocrx_word' id='word_1_552' title='bbox 1124 2083 1240 2118; x_wconf 83' lang='grc' dir='ltr'><em>θεωρίαν</em></span> <span class='ocrx_word' id='word_1_553' title='bbox 1258 2083 1460 2119; x_wconf 79' lang='grc' dir='ltr'><em>ὑπογράφοντα.</em></span> 
     </span>
    </p>
   </div>
   <div class='ocr_carea' id='block_1_85' title="bbox 1098 2128 1842 2164">
    <p class='ocr_par' dir='ltr' id='par_1_85' title="bbox 1098 2128 1842 2164">
     <span class='ocr_line' id='line_1_85' title="bbox 1098 2128 1842 2164; baseline -0.003 -10"><span class='ocrx_word' id='word_1_554' title='bbox 1098 2128 1169 2155; x_wconf 82' lang='grc' dir='ltr'><em>Ἀλλ’</em></span> <span class='ocrx_word' id='word_1_555' title='bbox 1180 2129 1229 2155; x_wconf 83' lang='grc' dir='ltr'><em>οὐκ</em></span> <span class='ocrx_word' id='word_1_556' title='bbox 1245 2129 1351 2164; x_wconf 81' lang='grc' dir='ltr'><em>ἀφῆκεν</em></span> <span class='ocrx_word' id='word_1_557' title='bbox 1365 2129 1446 2155; x_wconf 82' lang='grc' dir='ltr'><em>αὑτὸν</em></span> <span class='ocrx_word' id='word_1_558' title='bbox 1459 2131 1473 2155; x_wconf 86' lang='grc' dir='ltr'>ὁ</span> <span class='ocrx_word' id='word_1_559' title='bbox 1489 2129 1590 2163; x_wconf 83' lang='grc' dir='ltr'><em>Κύριος</em></span> <span class='ocrx_word' id='word_1_560' title='bbox 1611 2129 1824 2163; x_wconf 80' lang='grc' dir='ltr'><em>ἀπαρηγόρητον</em></span> <span class='ocrx_word' id='word_1_561' title='bbox 1834 2137 1842 2144; x_wconf 94' lang='grc'><strong>·</strong></span> 
     </span>
    </p>
   </div>
   <div class='ocr_carea' id='block_1_86' title="bbox 1056 2172 1844 2210">
    <p class='ocr_par' dir='ltr' id='par_1_86' title="bbox 1056 2172 1844 2210">
     <span class='ocr_line' id='line_1_86' title="bbox 1056 2172 1844 2210; baseline -0.003 -9"><span class='ocrx_word' id='word_1_562' title='bbox 1056 2174 1198 2210; x_wconf 73' lang='grc' dir='ltr'><em>οἰκονομίᾳ</em></span> <span class='ocrx_word' id='word_1_563' title='bbox 1227 2174 1255 2200; x_wconf 79' lang='grc' dir='ltr'><em>δὲ</em></span> <span class='ocrx_word' id='word_1_564' title='bbox 1279 2175 1416 2210; x_wconf 82' lang='grc' dir='ltr'><em>κρείττονι</em></span> <span class='ocrx_word' id='word_1_565' title='bbox 1441 2175 1487 2201; x_wconf 78' lang='grc' dir='ltr'><em>καὶ</em></span> <span class='ocrx_word' id='word_1_566' title='bbox 1516 2173 1716 2208; x_wconf 80' lang='grc' dir='ltr'><em>Βαρθολομαῖος</em></span> <span class='ocrx_word' id='word_1_567' title='bbox 1738 2173 1753 2199; x_wconf 84' lang='grc' dir='ltr'><strong>ὀ</strong></span> <span class='ocrx_word' id='word_1_568' title='bbox 1772 2172 1844 2206; x_wconf 78' lang='grc' dir='ltr'><em>θεῖος</em></span> 
     </span>
    </p>
   </div>
   <div class='ocr_carea' id='block_1_87' title="bbox 1057 2218 1845 2255">
    <p class='ocr_par' dir='ltr' id='par_1_87' title="bbox 1057 2218 1845 2255">
     <span class='ocr_line' id='line_1_87' title="bbox 1057 2218 1845 2255; baseline 0 -9"><span class='ocrx_word' id='word_1_569' title='bbox 1057 2220 1206 2251; x_wconf 79' lang='grc' dir='ltr'><em>ἀπόστολος</em></span> <span class='ocrx_word' id='word_1_570' title='bbox 1224 2219 1313 2255; x_wconf 81' lang='grc' dir='ltr'><em>τούτῳ</em></span> <span class='ocrx_word' id='word_1_571' title='bbox 1331 2220 1546 2254; x_wconf 74' lang='grc' dir='ltr'><em>συνεπαύρωτο.</em></span> <span class='ocrx_word' id='word_1_572' title='bbox 1568 2219 1675 2246; x_wconf 82' lang='grc' dir='ltr'><em>Ἐκεῖσε</em></span> <span class='ocrx_word' id='word_1_573' title='bbox 1693 2218 1749 2255; x_wconf 86' lang='grc' dir='ltr'><strong><em>γὰρ</em></strong></span> <span class='ocrx_word' id='word_1_574' title='bbox 1763 2219 1845 2246; x_wconf 72' lang='grc' dir='ltr'><em>αὑτὸν</em></span> 
     </span>
    </p>
   </div>
   <div class='ocr_carea' id='block_1_88' title="bbox 219 2263 1010 2302">
    <p class='ocr_par' dir='ltr' id='par_1_88' title="bbox 219 2263 1006 2302">
     <span class='ocr_line' id='line_1_88' title="bbox 219 2263 1006 2302; baseline 0.005 -13"><span class='ocrx_word' id='word_1_575' title='bbox 219 2264 279 2298; x_wconf 84' lang='lat' dir='ltr'><strong><em>pari</em></strong></span> <span class='ocrx_word' id='word_1_576' title='bbox 296 2263 440 2291; x_wconf 87' lang='lat' dir='ltr'><strong><em>damnatus</em></strong></span> <span class='ocrx_word' id='word_1_577' title='bbox 465 2264 590 2298; x_wconf 83' lang='lat' dir='ltr'><strong><em>patibulo</em></strong></span> <span class='ocrx_word' id='word_1_578' title='bbox 615 2265 762 2299; x_wconf 85' lang='lat' dir='ltr'><strong><em>pendebat.</em></strong></span> <span class='ocrx_word' id='word_1_579' title='bbox 786 2265 908 2302; x_wconf 78' lang='lat' dir='ltr'><strong><em>Contigit</em></strong></span> <span class='ocrx_word' id='word_1_580' title='bbox 930 2265 1006 2295; x_wconf 85' lang='lat' dir='ltr'><strong><em>enim</em></strong></span> 
     </span>
    </p>
   </div>
   <div class='ocr_carea' id='block_1_89' title="bbox 1061 2263 1844 2302">
    <p class='ocr_par' dir='ltr' id='par_1_89' title="bbox 1061 2264 1844 2302">
     <span class='ocr_line' id='line_1_89' title="bbox 1061 2264 1844 2302; baseline 0 -10"><span class='ocrx_word' id='word_1_581' title='bbox 1061 2266 1182 2301; x_wconf 64' lang='grc' dir='ltr'><em>ἐνδημεῖν</em></span> <span class='ocrx_word' id='word_1_582' title='bbox 1194 2285 1202 2298; x_wconf 88' lang='grc'><strong><em>,</em></strong></span> <span class='ocrx_word' id='word_1_583' title='bbox 1215 2267 1263 2293; x_wconf 81' lang='grc' dir='ltr'><em>καὶ</em></span> <span class='ocrx_word' id='word_1_584' title='bbox 1273 2265 1368 2302; x_wconf 85' lang='grc' dir='ltr'><em>ὥσπερ</em></span> <span class='ocrx_word' id='word_1_585' title='bbox 1379 2265 1426 2293; x_wconf 80' lang='grc' dir='ltr'><em>τοῦ</em></span> <span class='ocrx_word' id='word_1_586' title='bbox 1442 2266 1609 2300; x_wconf 79' lang='grc' dir='ltr'><em>Εὐαγγελίου</em></span> <span class='ocrx_word' id='word_1_587' title='bbox 1625 2266 1763 2298; x_wconf 85' lang='grc' dir='ltr'><em>κοινωνὸς,</em></span> <span class='ocrx_word' id='word_1_588' title='bbox 1772 2264 1844 2292; x_wconf 81' lang='grc' dir='ltr'><em>οὕτω</em></span> 
     </span>
    </p>
   </div>
   <div class='ocr_carea' id='block_1_90' title="bbox 219 2310 1003 2347">
    <p class='ocr_par' dir='ltr' id='par_1_90' title="bbox 219 2310 1003 2347">
     <span class='ocr_line' id='line_1_90' title="bbox 219 2310 1003 2347; baseline 0.004 -10"><span class='ocrx_word' id='word_1_589' title='bbox 219 2316 283 2337; x_wconf 91' lang='lat' dir='ltr'><strong><em>eum</em></strong></span> <span class='ocrx_word' id='word_1_590' title='bbox 294 2314 359 2338; x_wconf 89' lang='lat' dir='ltr'><strong><em>tunc</em></strong></span> <span class='ocrx_word' id='word_1_591' title='bbox 370 2310 410 2337; x_wconf 87' lang='lat' dir='ltr'><strong><em>ibi</em></strong></span> <span class='ocrx_word' id='word_1_592' title='bbox 423 2310 538 2342; x_wconf 85' lang='lat' dir='ltr'><strong><em>versari,</em></strong></span> <span class='ocrx_word' id='word_1_593' title='bbox 555 2318 587 2339; x_wconf 90' lang='lat' dir='ltr'><strong><em>ac</em></strong></span> <span class='ocrx_word' id='word_1_594' title='bbox 602 2311 674 2339; x_wconf 87' lang='lat' dir='ltr'><strong><em>sicut</em></strong></span> <span class='ocrx_word' id='word_1_595' title='bbox 685 2312 896 2347; x_wconf 69' lang='lat' dir='ltr'><strong><em>praedicationis,</em></strong></span> <span class='ocrx_word' id='word_1_596' title='bbox 914 2312 955 2340; x_wconf 88' lang='lat' dir='ltr'><strong><em>sic</em></strong></span> <span class='ocrx_word' id='word_1_597' title='bbox 974 2317 1003 2340; x_wconf 88' lang='lat' dir='ltr'><strong><em>et</em></strong></span> 
     </span>
    </p>
   </div>
   <div class='ocr_carea' id='block_1_91' title="bbox 219 2355 1002 2393">
    <p class='ocr_par' dir='ltr' id='par_1_91' title="bbox 219 2355 1002 2393">
     <span class='ocr_line' id='line_1_91' title="bbox 219 2355 1002 2393; baseline 0.003 -10"><span class='ocrx_word' id='word_1_598' title='bbox 219 2356 356 2390; x_wconf 80' lang='lat' dir='ltr'><strong><em>passionis</em></strong></span> <span class='ocrx_word' id='word_1_599' title='bbox 367 2355 472 2383; x_wconf 87' lang='lat' dir='ltr'><strong><em>socium</em></strong></span> <span class='ocrx_word' id='word_1_600' title='bbox 487 2355 567 2384; x_wconf 86' lang='lat' dir='ltr'><strong><em>ellici.</em></strong></span> <span class='ocrx_word' id='word_1_601' title='bbox 582 2356 678 2392; x_wconf 85' lang='lat' dir='ltr'><strong><em>Neque</em></strong></span> <span class='ocrx_word' id='word_1_602' title='bbox 692 2357 720 2385; x_wconf 92' lang='lat' dir='ltr'><strong><em>id</em></strong></span> <span class='ocrx_word' id='word_1_603' title='bbox 734 2357 827 2390; x_wconf 88' lang='lat' dir='ltr'><strong><em>modo,</em></strong></span> <span class='ocrx_word' id='word_1_604' title='bbox 841 2357 890 2385; x_wconf 88' lang='lat' dir='ltr'><strong><em>sed</em></strong></span> <span class='ocrx_word' id='word_1_605' title='bbox 903 2362 932 2385; x_wconf 90' lang='lat' dir='ltr'><strong><em>et</em></strong></span> <span class='ocrx_word' id='word_1_606' title='bbox 943 2358 1002 2393; x_wconf 89' lang='lat' dir='ltr'><strong><em>ipsa</em></strong></span> 
     </span>
    </p>
   </div>
   <div class='ocr_carea' id='block_1_92' title="bbox 251 2444 1003 2481">
    <p class='ocr_par' dir='ltr' id='par_1_92' title="bbox 251 2444 1003 2481">
     <span class='ocr_line' id='line_1_92' title="bbox 251 2444 1003 2481; baseline 0.004 -10"><span class='ocrx_word' id='word_1_607' title='bbox 251 2444 308 2479; x_wconf 84' lang='grc'><strong><em>(57)</em></strong></span> <span class='ocrx_word' id='word_1_608' title='bbox 315 2446 337 2472; x_wconf 94' lang='grc' dir='ltr'><strong><em>Σ</em></strong></span> <span class='ocrx_word' id='word_1_609' title='bbox 339 2444 460 2478; x_wconf 79' lang='grc' dir='ltr'><em>χοινίοις</em></span> <span class='ocrx_word' id='word_1_610' title='bbox 472 2444 640 2479; x_wconf 69' lang='grc' dir='ltr'><em>ἐξάψαντες</em></span> <span class='ocrx_word' id='word_1_611' title='bbox 647 2446 723 2473; x_wconf 78' lang='grc' dir='ltr'><em>κατὰ</em></span> <span class='ocrx_word' id='word_1_612' title='bbox 730 2446 789 2474; x_wconf 81' lang='grc' dir='ltr'><em>τῶν</em></span> <span class='ocrx_word' id='word_1_613' title='bbox 796 2446 1003 2481; x_wconf 70' lang='grc' dir='ltr'><em>ἀστραγάλων.</em></span> 
     </span>
    </p>
   </div>
   <div class='ocr_carea' id='block_1_93' title="bbox 219 2481 1004 2516">
    <p class='ocr_par' dir='ltr' id='par_1_93' title="bbox 219 2481 1004 2516">
     <span class='ocr_line' id='line_1_93' title="bbox 219 2481 1004 2516; baseline 0.001 -8"><span class='ocrx_word' id='word_1_614' title='bbox 219 2481 265 2508; x_wconf 86' lang='lat' dir='ltr'><strong><em>Sic</em></strong></span> <span class='ocrx_word' id='word_1_615' title='bbox 289 2481 553 2516; x_wconf 21' lang='lat' dir='ltr'><strong><em>quoquerMetaphr.</em></strong></span> <span class='ocrx_word' id='word_1_616' title='bbox 581 2488 688 2508; x_wconf 86' lang='lat' dir='ltr'><strong><em>necnon</em></strong></span> <span class='ocrx_word' id='word_1_617' title='bbox 714 2481 833 2515; x_wconf 68' lang='lat' dir='ltr'><strong><em>Menam,</em></strong></span> <span class='ocrx_word' id='word_1_618' title='bbox 858 2482 885 2508; x_wconf 90' lang='lat' dir='ltr'><strong><em>in</em></strong></span> <span class='ocrx_word' id='word_1_619' title='bbox 903 2481 1004 2516; x_wconf 79' lang='lat' dir='ltr'><strong><em>quibus</em></strong></span> 
     </span>
    </p>
   </div>
   <div class='ocr_carea' id='block_1_94' title="bbox 219 2515 1005 2551">
    <p class='ocr_par' dir='ltr' id='par_1_94' title="bbox 219 2515 1005 2551">
     <span class='ocr_line' id='line_1_94' title="bbox 219 2515 1005 2551; baseline -0.001 -8"><span class='ocrx_word' id='word_1_620' title='bbox 219 2515 377 2550; x_wconf 74' lang='lat' dir='ltr'><strong><em>expressius</em></strong></span> <span class='ocrx_word' id='word_1_621' title='bbox 391 2515 511 2551; x_wconf 84' lang='lat' dir='ltr'><strong><em>aliquid:</em></strong></span> <span class='ocrx_word' id='word_1_622' title='bbox 535 2516 594 2543; x_wconf 74' lang='grc' dir='ltr'><strong><em>Ἐπὶ</em></strong></span> <span class='ocrx_word' id='word_1_623' title='bbox 620 2518 667 2551; x_wconf 81' lang='grc' dir='ltr'><em>τῆς</em></span> <span class='ocrx_word' id='word_1_624' title='bbox 679 2517 809 2548; x_wconf 83' lang='grc' dir='ltr'><em>πλατείας</em></span> <span class='ocrx_word' id='word_1_625' title='bbox 830 2515 932 2551; x_wconf 76' lang='grc' dir='ltr'><em>συρεὶς,</em></span> <span class='ocrx_word' id='word_1_626' title='bbox 945 2515 1005 2543; x_wconf 85' lang='grc' dir='ltr'><em>εἶτα</em></span> 
     </span>
    </p>
   </div>
   <div class='ocr_carea' id='block_1_95' title="bbox 218 2551 1003 2587">
    <p class='ocr_par' dir='ltr' id='par_1_95' title="bbox 218 2551 1003 2587">
     <span class='ocr_line' id='line_1_95' title="bbox 218 2551 1003 2587; baseline 0.003 -11"><span class='ocrx_word' id='word_1_627' title='bbox 218 2551 282 2587; x_wconf 70' lang='grc' dir='ltr'><em>τους</em></span> <span class='ocrx_word' id='word_1_628' title='bbox 309 2551 498 2587; x_wconf 59' lang='grc' dir='ltr'><em>ἀστραγρλους</em></span> <span class='ocrx_word' id='word_1_629' title='bbox 515 2551 675 2587; x_wconf 72' lang='grc' dir='ltr'><em>τρυπηθεὶς,</em></span> <span class='ocrx_word' id='word_1_630' title='bbox 691 2553 738 2578; x_wconf 73' lang='grc' dir='ltr'><em>ὲπ),</em></span> <span class='ocrx_word' id='word_1_631' title='bbox 753 2551 800 2578; x_wconf 80' lang='grc' dir='ltr'><em>τοῦ</em></span> <span class='ocrx_word' id='word_1_632' title='bbox 821 2551 899 2583; x_wconf 82' lang='grc' dir='ltr'><em>ξύλου</em></span> <span class='ocrx_word' id='word_1_633' title='bbox 917 2552 1003 2587; x_wconf 82' lang='grc' dir='ltr'><em>ἀνηρ-</em></span> 
     </span>
    </p>
   </div>
   <div class='ocr_carea' id='block_1_96' title="bbox 218 2585 1005 2621">
    <p class='ocr_par' dir='ltr' id='par_1_96' title="bbox 218 2585 1005 2621">
     <span class='ocr_line' id='line_1_96' title="bbox 218 2585 1005 2621; baseline 0.001 -9"><span class='ocrx_word' id='word_1_634' title='bbox 218 2586 308 2621; x_wconf 57' lang='grc' dir='ltr'><em>τήθηῇ</em></span> <span class='ocrx_word' id='word_1_635' title='bbox 329 2586 378 2612; x_wconf 75' lang='grc' dir='ltr'><em>καὶ</em></span> <span class='ocrx_word' id='word_1_636' title='bbox 399 2585 490 2621; x_wconf 21' lang='grc' dir='ltr'><em>οὕτως,</em></span> <span class='ocrx_word' id='word_1_637' title='bbox 517 2585 684 2621; x_wconf 78' lang='grc' dir='ltr'><em>εὖξάμενος,</em></span> <span class='ocrx_word' id='word_1_638' title='bbox 709 2587 747 2620; x_wconf 88' lang='grc' dir='ltr'><em>τῷ</em></span> <span class='ocrx_word' id='word_1_639' title='bbox 762 2587 820 2620; x_wconf 83' lang='grc' dir='ltr'><strong><em>Θεῷ</em></strong></span> <span class='ocrx_word' id='word_1_640' title='bbox 841 2587 871 2613; x_wconf 85' lang='grc' dir='ltr'><em>τὸ</em></span> <span class='ocrx_word' id='word_1_641' title='bbox 896 2585 1005 2620; x_wconf 73' lang='grc' dir='ltr'><em>πνεῦμα.</em></span> 
     </span>
    </p>
   </div>
   <div class='ocr_carea' id='block_1_97' title="bbox 217 2619 1004 2658">
    <p class='ocr_par' dir='ltr' id='par_1_97' title="bbox 217 2619 1004 2658">
     <span class='ocr_line' id='line_1_97' title="bbox 217 2619 1004 2658; baseline 0.001 -10"><span class='ocrx_word' id='word_1_642' title='bbox 217 2619 376 2658; x_wconf 67' lang='grc' dir='ltr'><em>παρέθετο·</em></span> <span class='ocrx_word' id='word_1_643' title='bbox 395 2619 446 2658; x_wconf 62' lang='lat' dir='ltr'><strong><em>Per</em></strong></span> <span class='ocrx_word' id='word_1_644' title='bbox 462 2619 713 2655; x_wconf 50' lang='lat' dir='ltr'><strong><em>plateam&#39;traotus,</em></strong></span> <span class='ocrx_word' id='word_1_645' title='bbox 732 2619 838 2658; x_wconf 82' lang='lat' dir='ltr'><strong><em>tumque</em></strong></span> <span class='ocrx_word' id='word_1_646' title='bbox 864 2619 1004 2658; x_wconf 65' lang='lat' dir='ltr'><strong><em>perforatis</em></strong></span> 
     </span>
    </p>
   </div>
   <div class='ocr_carea' id='block_1_98' title="bbox 216 2655 1006 2692">
    <p class='ocr_par' dir='ltr' id='par_1_98' title="bbox 216 2655 1006 2692">
     <span class='ocr_line' id='line_1_98' title="bbox 216 2655 1006 2692; baseline 0.003 -10"><span class='ocrx_word' id='word_1_647' title='bbox 216 2656 346 2692; x_wconf 77' lang='lat' dir='ltr'><strong><em>calconeis</em></strong></span> <span class='ocrx_word' id='word_1_648' title='bbox 354 2657 381 2683; x_wconf 87' lang='lat' dir='ltr'><strong><em>in</em></strong></span> <span class='ocrx_word' id='word_1_649' title='bbox 399 2655 469 2690; x_wconf 86' lang='lat' dir='ltr'><strong><em>ligno</em></strong></span> <span class='ocrx_word' id='word_1_650' title='bbox 487 2664 626 2690; x_wconf 83' lang='lat' dir='ltr'><strong><em>suspensus</em></strong></span> <span class='ocrx_word' id='word_1_651' title='bbox 644 2663 692 2689; x_wconf 86' lang='lat' dir='ltr'><strong><em>est,</em></strong></span> <span class='ocrx_word' id='word_1_652' title='bbox 705 2661 730 2684; x_wconf 87' lang='lat' dir='ltr'><strong><em>et</em></strong></span> <span class='ocrx_word' id='word_1_653' title='bbox 743 2659 780 2684; x_wconf 85' lang='lat' dir='ltr'><strong><em>sic</em></strong></span> <span class='ocrx_word' id='word_1_654' title='bbox 793 2655 884 2692; x_wconf 75' lang='lat' dir='ltr'><strong><em>passus</em></strong></span> <span class='ocrx_word' id='word_1_655' title='bbox 895 2657 1006 2684; x_wconf 87' lang='lat' dir='ltr'><strong><em>Domino</em></strong></span> 
     </span>
    </p>
   </div>
   <div class='ocr_carea' id='block_1_99' title="bbox 217 2691 1005 2727">
    <p class='ocr_par' dir='ltr' id='par_1_99' title="bbox 217 2691 1005 2727">
     <span class='ocr_line' id='line_1_99' title="bbox 217 2691 1005 2727; baseline 0.003 -10"><span class='ocrx_word' id='word_1_656' title='bbox 217 2691 327 2727; x_wconf 73' lang='lat' dir='ltr'><strong><em>tradidit</em></strong></span> <span class='ocrx_word' id='word_1_657' title='bbox 344 2691 487 2727; x_wconf 79' lang='lat' dir='ltr'><strong><em>spiritum:</em></strong></span> <span class='ocrx_word' id='word_1_658' title='bbox 501 2692 603 2726; x_wconf 88' lang='lat' dir='ltr'><strong><em>quibus</em></strong></span> <span class='ocrx_word' id='word_1_659' title='bbox 627 2697 757 2720; x_wconf 84' lang='lat' dir='ltr'><strong><em>constans</em></strong></span> <span class='ocrx_word' id='word_1_660' title='bbox 779 2691 830 2724; x_wconf 78' lang='lat' dir='ltr'><strong><em>est,</em></strong></span> <span class='ocrx_word' id='word_1_661' title='bbox 848 2693 1005 2727; x_wconf 87' lang='lat' dir='ltr'><strong><em>Philippum</em></strong></span> 
     </span>
    </p>
   </div>
   <div class='ocr_carea' id='block_1_100' title="bbox 217 2726 1006 2762">
    <p class='ocr_par' dir='ltr' id='par_1_100' title="bbox 217 2726 1006 2762">
     <span class='ocr_line' id='line_1_100' title="bbox 217 2726 1006 2762; baseline 0.003 -9"><span class='ocrx_word' id='word_1_662' title='bbox 217 2726 306 2762; x_wconf 80' lang='lat' dir='ltr'><strong><em>capite</em></strong></span> <span class='ocrx_word' id='word_1_663' title='bbox 335 2727 465 2754; x_wconf 89' lang='lat' dir='ltr'><strong><em>deorsum</em></strong></span> <span class='ocrx_word' id='word_1_664' title='bbox 493 2734 585 2762; x_wconf 84' lang='lat' dir='ltr'><strong><em>verso,</em></strong></span> <span class='ocrx_word' id='word_1_665' title='bbox 610 2732 639 2754; x_wconf 89' lang='lat' dir='ltr'><strong><em>et</em></strong></span> <span class='ocrx_word' id='word_1_666' title='bbox 653 2727 764 2762; x_wconf 86' lang='lat' dir='ltr'><strong><em>quidem</em></strong></span> <span class='ocrx_word' id='word_1_667' title='bbox 782 2728 843 2755; x_wconf 83' lang='lat' dir='ltr'><strong><em>talis</em></strong></span> <span class='ocrx_word' id='word_1_668' title='bbox 858 2728 898 2755; x_wconf 89' lang='lat' dir='ltr'><strong><em>sic</em></strong></span> <span class='ocrx_word' id='word_1_669' title='bbox 914 2726 1006 2762; x_wconf 79' lang='lat' dir='ltr'><strong><em>perlo-</em></strong></span> 
     </span>
    </p>
   </div>
   <div class='ocr_carea' id='block_1_101' title="bbox 216 2761 1003 2797">
    <p class='ocr_par' dir='ltr' id='par_1_101' title="bbox 216 2761 1003 2797">
     <span class='ocr_line' id='line_1_101' title="bbox 216 2761 1003 2797; baseline 0.003 -9"><span class='ocrx_word' id='word_1_670' title='bbox 216 2761 401 2797; x_wconf 32' lang='lat' dir='ltr'><strong><em>ratiststipiti</em></strong></span> <span class='ocrx_word' id='word_1_671' title='bbox 416 2769 448 2789; x_wconf 83' lang='lat' dir='ltr'><strong><em>ac</em></strong></span> <span class='ocrx_word' id='word_1_672' title='bbox 459 2761 537 2789; x_wconf 85' lang='lat' dir='ltr'><strong><em>cruci</em></strong></span> <span class='ocrx_word' id='word_1_673' title='bbox 561 2761 701 2796; x_wconf 79' lang='lat' dir='ltr'><strong><em>alligatum</em></strong></span> <span class='ocrx_word' id='word_1_674' title='bbox 718 2763 879 2797; x_wconf 86' lang='lat' dir='ltr'><strong><em>pependisse</em></strong></span> <span class='ocrx_word' id='word_1_675' title='bbox 896 2761 1003 2797; x_wconf 21' lang='lat' dir='ltr'><strong><em>:iquam</em></strong></span> 
     </span>
    </p>
   </div>
   <div class='ocr_carea' id='block_1_102' title="bbox 216 2795 1003 2830">
    <p class='ocr_par' dir='ltr' id='par_1_102' title="bbox 216 2795 1003 2830">
     <span class='ocr_line' id='line_1_102' title="bbox 216 2795 1003 2830; baseline 0.004 -9"><span class='ocrx_word' id='word_1_676' title='bbox 216 2795 286 2822; x_wconf 79' lang='lat' dir='ltr'><strong><em>forte</em></strong></span> <span class='ocrx_word' id='word_1_677' title='bbox 299 2795 384 2830; x_wconf 78' lang='lat' dir='ltr'><strong><em>ipsam</em></strong></span> <span class='ocrx_word' id='word_1_678' title='bbox 398 2804 510 2824; x_wconf 86' lang='lat' dir='ltr'><strong><em>crucem</em></strong></span> <span class='ocrx_word' id='word_1_679' title='bbox 526 2795 618 2823; x_wconf 78' lang='lat' dir='ltr'><strong><em>velint</em></strong></span> <span class='ocrx_word' id='word_1_680' title='bbox 627 2795 760 2824; x_wconf 63' lang='lat' dir='ltr'><strong><em>Romanae</em></strong></span> <span class='ocrx_word' id='word_1_681' title='bbox 775 2798 884 2829; x_wconf 67' lang='lat' dir='ltr'><strong><em>tabulm,</em></strong></span> <span class='ocrx_word' id='word_1_682' title='bbox 905 2795 938 2824; x_wconf 75' lang='lat' dir='ltr'><strong><em>et</em></strong></span> <span class='ocrx_word' id='word_1_683' title='bbox 948 2798 1003 2824; x_wconf 89' lang='lat' dir='ltr'><strong><em>Eu-</em></strong></span> 
     </span>
    </p>
   </div>
   <div class='ocr_carea' id='block_1_103' title="bbox 217 2830 1002 2867">
    <p class='ocr_par' dir='ltr' id='par_1_103' title="bbox 217 2830 1002 2867">
     <span class='ocr_line' id='line_1_103' title="bbox 217 2830 1002 2867; baseline 0.004 -11"><span class='ocrx_word' id='word_1_684' title='bbox 217 2830 461 2867; x_wconf 81' lang='lat' dir='ltr'><strong><em>sebianiChrouici</em></strong></span> <span class='ocrx_word' id='word_1_685' title='bbox 472 2832 662 2866; x_wconf 83' lang='lat' dir='ltr'><strong><em>interpolator,</em></strong></span> <span class='ocrx_word' id='word_1_686' title='bbox 679 2840 711 2859; x_wconf 84' lang='lat' dir='ltr'><strong><em>ex</em></strong></span> <span class='ocrx_word' id='word_1_687' title='bbox 726 2840 781 2867; x_wconf 86' lang='lat' dir='ltr'><strong><em>quo</em></strong></span> <span class='ocrx_word' id='word_1_688' title='bbox 801 2833 859 2867; x_wconf 88' lang='lat' dir='ltr'><strong><em>ipso</em></strong></span> <span class='ocrx_word' id='word_1_689' title='bbox 873 2837 1002 2867; x_wconf 79' lang='lat' dir='ltr'><strong><em>tanquam</em></strong></span> 
     </span>
    </p>
   </div>
   <div class='ocr_carea' id='block_1_104' title="bbox 217 2866 1002 2901">
    <p class='ocr_par' dir='ltr' id='par_1_104' title="bbox 217 2866 1002 2901">
     <span class='ocr_line' id='line_1_104' title="bbox 217 2866 1002 2901; baseline 0.004 -10"><span class='ocrx_word' id='word_1_690' title='bbox 217 2872 252 2891; x_wconf 80' lang='lat' dir='ltr'><strong><em>ex</em></strong></span> <span class='ocrx_word' id='word_1_691' title='bbox 269 2872 333 2892; x_wconf 87' lang='lat' dir='ltr'><strong><em>vero</em></strong></span> <span class='ocrx_word' id='word_1_692' title='bbox 356 2866 477 2893; x_wconf 80' lang='lat' dir='ltr'><strong><em>Eusebio</em></strong></span> <span class='ocrx_word' id='word_1_693' title='bbox 499 2868 668 2901; x_wconf 85' lang='lat' dir='ltr'><strong><em>acceperint,</em></strong></span> <span class='ocrx_word' id='word_1_694' title='bbox 683 2866 742 2901; x_wconf 32' lang='lat' dir='ltr'><strong><em>qui’</em></strong></span> <span class='ocrx_word' id='word_1_695' title='bbox 757 2866 867 2895; x_wconf 79' lang='lat' dir='ltr'><strong><em>easdem</em></strong></span> <span class='ocrx_word' id='word_1_696' title='bbox 896 2868 1002 2895; x_wconf 85' lang='lat' dir='ltr'><strong><em>tabulas</em></strong></span> 
     </span>
    </p>
   </div>
   <div class='ocr_carea' id='block_1_105' title="bbox 217 2902 1001 2938">
    <p class='ocr_par' dir='ltr' id='par_1_105' title="bbox 217 2902 1001 2938">
     <span class='ocr_line' id='line_1_105' title="bbox 217 2902 1001 2938; baseline 0.008 -14"><span class='ocrx_word' id='word_1_697' title='bbox 217 2905 366 2938; x_wconf 44' lang='lat' dir='ltr'><strong><em>{luserim}.</em></strong></span> <span class='ocrx_word' id='word_1_698' title='bbox 390 2908 538 2938; x_wconf 84' lang='lat' dir='ltr'><strong><em>nova_sque_</em></strong></span> <span class='ocrx_word' id='word_1_699' title='bbox 556 2907 780 2938; x_wconf 74' lang='lat' dir='ltr'><strong><em>composuerunt.</em></strong></span> <span class='ocrx_word' id='word_1_700' title='bbox 798 2902 916 2937; x_wconf 85' lang='lat' dir='ltr'><strong><em>Lapides</em></strong></span> <span class='ocrx_word' id='word_1_701' title='bbox 938 2902 1001 2930; x_wconf 81' lang='lat' dir='ltr'><strong><em>addi</em></strong></span> 
     </span>
    </p>
   </div>
   <div class='ocr_carea' id='block_1_106' title="bbox 218 2931 1002 2972">
    <p class='ocr_par' dir='ltr' id='par_1_106' title="bbox 218 2931 1002 2972">
     <span class='ocr_line' id='line_1_106' title="bbox 218 2931 1002 2972; baseline 0.008 -12"><span class='ocrx_word' id='word_1_702' title='bbox 218 2931 298 2962; x_wconf 80' lang='lat' dir='ltr'><strong><em>facile</em></strong></span> <span class='ocrx_word' id='word_1_703' title='bbox 312 2934 366 2963; x_wconf 83' lang='lat' dir='ltr'><strong><em>fuit</em></strong></span> <span class='ocrx_word' id='word_1_704' title='bbox 380 2931 564 2964; x_wconf 62' lang='lat' dir='ltr'><strong><em>tumultuaria</em></strong></span> <span class='ocrx_word' id='word_1_705' title='bbox 575 2931 806 2970; x_wconf 71' lang='lat' dir='ltr'><strong><em>illicrucilixioni.</em></strong></span> <span class='ocrx_word' id='word_1_706' title='bbox 825 2931 904 2972; x_wconf 76' lang='lat' dir='ltr'><strong><em>plebe</em></strong></span> <span class='ocrx_word' id='word_1_707' title='bbox 919 2940 947 2966; x_wconf 88' lang='lat' dir='ltr'><strong><em>in</em></strong></span> <span class='ocrx_word' id='word_1_708' title='bbox 962 2938 1002 2965; x_wconf 70' lang='lat' dir='ltr'><strong><em>l&#39;u&lt;</em></strong></span> 
     </span>
    </p>
   </div>
   <div class='ocr_carea' id='block_1_107' title="bbox 1055 2311 1845 2348">
    <p class='ocr_par' dir='ltr' id='par_1_107' title="bbox 1055 2311 1845 2348">
     <span class='ocr_line' id='line_1_107' title="bbox 1055 2311 1845 2348; baseline -0.001 -9"><span class='ocrx_word' id='word_1_709' title='bbox 1055 2311 1088 2348; x_wconf 78' lang='grc' dir='ltr'><em>δὴ</em></span> <span class='ocrx_word' id='word_1_710' title='bbox 1099 2312 1145 2339; x_wconf 77' lang='grc' dir='ltr'><em>καὶ</em></span> <span class='ocrx_word' id='word_1_711' title='bbox 1158 2312 1205 2339; x_wconf 83' lang='grc' dir='ltr'><em>τοῦ</em></span> <span class='ocrx_word' id='word_1_712' title='bbox 1217 2312 1319 2344; x_wconf 82' lang='grc' dir='ltr'><em>πάθους</em></span> <span class='ocrx_word' id='word_1_713' title='bbox 1334 2312 1508 2347; x_wconf 73' lang='grc' dir='ltr'><em>ἐγνωρίζετο.</em></span> <span class='ocrx_word' id='word_1_714' title='bbox 1521 2312 1559 2339; x_wconf 81' lang='grc' dir='ltr'><strong><em>Οὐ</em></strong></span> <span class='ocrx_word' id='word_1_715' title='bbox 1573 2312 1654 2347; x_wconf 88' lang='grc' dir='ltr'><em>μόνον</em></span> <span class='ocrx_word' id='word_1_716' title='bbox 1665 2312 1704 2342; x_wconf 73' lang='grc' dir='ltr'><strong><em>δὲ.</em></strong></span> <span class='ocrx_word' id='word_1_717' title='bbox 1716 2312 1783 2338; x_wconf 91' lang='grc' dir='ltr'><strong><em>ἀλλά</em></strong></span> <span class='ocrx_word' id='word_1_718' title='bbox 1798 2312 1845 2338; x_wconf 79' lang='grc' dir='ltr'><em>καὶ</em></span> 
     </span>
    </p>
   </div>
   <div class='ocr_carea' id='block_1_108' title="bbox 1056 2356 1844 2393">
    <p class='ocr_par' dir='ltr' id='par_1_108' title="bbox 1056 2356 1844 2393">
     <span class='ocr_line' id='line_1_108' title="bbox 1056 2356 1844 2393; baseline 0 -10"><span class='ocrx_word' id='word_1_719' title='bbox 1056 2357 1126 2393; x_wconf 79' lang='grc' dir='ltr'><em>αὑτὴ</em></span> <span class='ocrx_word' id='word_1_720' title='bbox 1144 2356 1262 2393; x_wconf 74' lang='grc' dir='ltr'><em>Μαριὰμ</em></span> <span class='ocrx_word' id='word_1_721' title='bbox 1279 2357 1298 2392; x_wconf 77' lang='grc' dir='ltr'><strong>ἡ</strong></span> <span class='ocrx_word' id='word_1_722' title='bbox 1317 2356 1452 2384; x_wconf 79' lang='grc' dir='ltr'><em>Φιλίππου</em></span> <span class='ocrx_word' id='word_1_723' title='bbox 1468 2357 1571 2392; x_wconf 82' lang='grc' dir='ltr'><em>ἀδελφή</em></span> <span class='ocrx_word' id='word_1_724' title='bbox 1592 2357 1664 2393; x_wconf 73' lang='grc'><strong><em>(58)*</em></strong></span> <span class='ocrx_word' id='word_1_725' title='bbox 1679 2356 1782 2393; x_wconf 82' lang='grc' dir='ltr'><em>ἀδελφὴ</em></span> <span class='ocrx_word' id='word_1_726' title='bbox 1795 2357 1844 2392; x_wconf 87' lang='grc' dir='ltr'><em>τὴν</em></span> 
     </span>
    </p>
   </div>
   <div class='ocr_carea' id='block_1_109' title="bbox 1055 2445 1843 2481">
    <p class='ocr_par' dir='ltr' id='par_1_109' title="bbox 1055 2445 1843 2481">
     <span class='ocr_line' id='line_1_109' title="bbox 1055 2445 1843 2481; baseline 0.001 -8"><span class='ocrx_word' id='word_1_727' title='bbox 1055 2454 1146 2474; x_wconf 88' lang='lat' dir='ltr'><strong><em>rorem</em></strong></span> <span class='ocrx_word' id='word_1_728' title='bbox 1165 2451 1225 2474; x_wconf 85' lang='lat' dir='ltr'><strong><em>acta</em></strong></span> <span class='ocrx_word' id='word_1_729' title='bbox 1242 2446 1374 2474; x_wconf 80' lang='lat' dir='ltr'><strong><em>adversus</em></strong></span> <span class='ocrx_word' id='word_1_730' title='bbox 1389 2445 1531 2481; x_wconf 82' lang='lat' dir='ltr'><strong><em>Sanctum,</em></strong></span> <span class='ocrx_word' id='word_1_731' title='bbox 1541 2446 1630 2474; x_wconf 89' lang='lat' dir='ltr'><strong><em>donec</em></strong></span> <span class='ocrx_word' id='word_1_732' title='bbox 1641 2450 1798 2474; x_wconf 72' lang='lat' dir='ltr'><strong><em>terraemotu</em></strong></span> <span class='ocrx_word' id='word_1_733' title='bbox 1811 2455 1843 2474; x_wconf 84' lang='lat' dir='ltr'><strong><em>ac</em></strong></span> 
     </span>
    </p>
   </div>
   <div class='ocr_carea' id='block_1_110' title="bbox 1056 2481 1843 2517">
    <p class='ocr_par' dir='ltr' id='par_1_110' title="bbox 1056 2481 1843 2517">
     <span class='ocr_line' id='line_1_110' title="bbox 1056 2481 1843 2517; baseline 0 -9"><span class='ocrx_word' id='word_1_734' title='bbox 1056 2481 1147 2509; x_wconf 87' lang='lat' dir='ltr'><strong><em>hiatus</em></strong></span> <span class='ocrx_word' id='word_1_735' title='bbox 1164 2481 1286 2517; x_wconf 85' lang='lat' dir='ltr'><strong><em>periculo</em></strong></span> <span class='ocrx_word' id='word_1_736' title='bbox 1305 2481 1357 2509; x_wconf 85' lang='lat' dir='ltr'><strong><em>fuit</em></strong></span> <span class='ocrx_word' id='word_1_737' title='bbox 1384 2482 1526 2510; x_wconf 85' lang='lat' dir='ltr'><strong><em>deterrita.</em></strong></span> <span class='ocrx_word' id='word_1_738' title='bbox 1548 2482 1640 2510; x_wconf 86' lang='lat' dir='ltr'><strong><em>Mitior</em></strong></span> <span class='ocrx_word' id='word_1_739' title='bbox 1665 2482 1759 2509; x_wconf 50' lang='lat' dir='ltr'><strong><em>fuerit.</em></strong></span> <span class='ocrx_word' id='word_1_740' title='bbox 1778 2482 1843 2508; x_wconf 88' lang='lat' dir='ltr'><strong><em>Bar-</em></strong></span> 
     </span>
    </p>
   </div>
   <div class='ocr_carea' id='block_1_111' title="bbox 1057 2517 1842 2550">
    <p class='ocr_par' dir='ltr' id='par_1_111' title="bbox 1057 2517 1842 2550">
     <span class='ocr_line' id='line_1_111' title="bbox 1057 2517 1842 2550; baseline 0 -7"><span class='ocrx_word' id='word_1_741' title='bbox 1057 2517 1195 2544; x_wconf 63' lang='lat' dir='ltr'><strong><em>tholommi</em></strong></span> <span class='ocrx_word' id='word_1_742' title='bbox 1211 2524 1279 2544; x_wconf 81' lang='lat' dir='ltr'><strong><em>crux</em></strong></span> <span class='ocrx_word' id='word_1_743' title='bbox 1292 2521 1321 2544; x_wconf 88' lang='lat' dir='ltr'><strong><em>et</em></strong></span> <span class='ocrx_word' id='word_1_744' title='bbox 1334 2517 1426 2544; x_wconf 64' lang='lat' dir='ltr'><strong><em>Mariae</em></strong></span> <span class='ocrx_word' id='word_1_745' title='bbox 1453 2518 1574 2550; x_wconf 82' lang='lat' dir='ltr'><strong><em>sororis,</em></strong></span> <span class='ocrx_word' id='word_1_746' title='bbox 1602 2517 1660 2545; x_wconf 85' lang='lat' dir='ltr'><strong><em>sive</em></strong></span> <span class='ocrx_word' id='word_1_747' title='bbox 1686 2517 1842 2544; x_wconf 78' lang='lat' dir='ltr'><strong><em>Mariamnze</em></strong></span> 
     </span>
    </p>
   </div>
   <div class='ocr_carea' id='block_1_112' title="bbox 1056 2551 1836 2587">
    <p class='ocr_par' dir='ltr' id='par_1_112' title="bbox 1056 2551 1836 2587">
     <span class='ocr_line' id='line_1_112' title="bbox 1056 2551 1836 2587; baseline 0 -9"><span class='ocrx_word' id='word_1_748' title='bbox 1056 2553 1098 2586; x_wconf 91' lang='lat' dir='ltr'><strong><em>(ut</em></strong></span> <span class='ocrx_word' id='word_1_749' title='bbox 1114 2552 1214 2580; x_wconf 75' lang='lat' dir='ltr'><strong><em>Menses</em></strong></span> <span class='ocrx_word' id='word_1_750' title='bbox 1232 2551 1339 2585; x_wconf 86' lang='lat' dir='ltr'><strong><em>vocant)</em></strong></span> <span class='ocrx_word' id='word_1_751' title='bbox 1366 2556 1395 2579; x_wconf 89' lang='lat' dir='ltr'><strong><em>ut</em></strong></span> <span class='ocrx_word' id='word_1_752' title='bbox 1410 2552 1520 2580; x_wconf 84' lang='lat' dir='ltr'><strong><em>licuerit</em></strong></span> <span class='ocrx_word' id='word_1_753' title='bbox 1549 2552 1650 2587; x_wconf 90' lang='lat' dir='ltr'><strong><em>deponi</em></strong></span> <span class='ocrx_word' id='word_1_754' title='bbox 1671 2559 1704 2579; x_wconf 90' lang='lat' dir='ltr'><strong><em>ac</em></strong></span> <span class='ocrx_word' id='word_1_755' title='bbox 1718 2551 1836 2586; x_wconf 83' lang='lat' dir='ltr'><strong><em>supervi-</em></strong></span> 
     </span>
    </p>
   </div>
   <div class='ocr_carea' id='block_1_113' title="bbox 1054 2587 1693 2622">
    <p class='ocr_par' dir='ltr' id='par_1_113' title="bbox 1054 2587 1693 2622">
     <span class='ocr_line' id='line_1_113' title="bbox 1054 2587 1693 2622; baseline -0.002 -8"><span class='ocrx_word' id='word_1_756' title='bbox 1054 2595 1131 2618; x_wconf 80' lang='lat' dir='ltr'><strong><em>vere.</em></strong></span> <span class='ocrx_word' id='word_1_757' title='bbox 1145 2595 1207 2614; x_wconf 89' lang='lat' dir='ltr'><strong><em>cum</em></strong></span> <span class='ocrx_word' id='word_1_758' title='bbox 1219 2587 1275 2622; x_wconf 86' lang='lat' dir='ltr'><strong><em>jam</em></strong></span> <span class='ocrx_word' id='word_1_759' title='bbox 1292 2587 1433 2622; x_wconf 87' lang='lat' dir='ltr'><strong><em>Philippus</em></strong></span> <span class='ocrx_word' id='word_1_760' title='bbox 1447 2587 1520 2615; x_wconf 88' lang='lat' dir='ltr'><strong><em>diem</em></strong></span> <span class='ocrx_word' id='word_1_761' title='bbox 1538 2587 1693 2615; x_wconf 83' lang='lat' dir='ltr'><strong><em>clausisset.</em></strong></span> 
     </span>
    </p>
   </div>
   <div class='ocr_carea' id='block_1_114' title="bbox 1093 2621 1842 2657">
    <p class='ocr_par' dir='ltr' id='par_1_114' title="bbox 1093 2621 1842 2657">
     <span class='ocr_line' id='line_1_114' title="bbox 1093 2621 1842 2657; baseline 0 -8"><span class='ocrx_word' id='word_1_762' title='bbox 1093 2622 1148 2656; x_wconf 79' lang='lat'><strong><em>(58)</em></strong></span> <span class='ocrx_word' id='word_1_763' title='bbox 1163 2621 1246 2655; x_wconf 80' lang='grc' dir='ltr'><strong><em>Αὐτὴ</em></strong></span> <span class='ocrx_word' id='word_1_764' title='bbox 1259 2621 1389 2656; x_wconf 62' lang='grc' dir='ltr'><em>Μαριὰμ,</em></span> <span class='ocrx_word' id='word_1_765' title='bbox 1403 2623 1422 2657; x_wconf 72' lang='grc' dir='ltr'>ἡ</span> <span class='ocrx_word' id='word_1_766' title='bbox 1439 2623 1588 2650; x_wconf 80' lang='grc' dir='ltr'><em>Φιλίππου</em></span> <span class='ocrx_word' id='word_1_767' title='bbox 1604 2621 1731 2657; x_wconf 74' lang='grc' dir='ltr'><em>ἀδελφή.</em></span> <span class='ocrx_word' id='word_1_768' title='bbox 1742 2621 1842 2649; x_wconf 61' lang='lat' dir='ltr'><strong><em>Menam</em></strong></span> 
     </span>
    </p>
   </div>
   <div class='ocr_carea' id='block_1_115' title="bbox 1058 2631 1837 2692">
    <p class='ocr_par' dir='ltr' id='par_1_115' title="bbox 1058 2631 1837 2692">
     <span class='ocr_line' id='line_1_115' title="bbox 1093 2631 1837 2657; baseline 0 -8"><span class='ocrx_word' id='word_1_769' title='bbox 1093 2631 1148 2656; x_wconf 69' lang='grc' dir='ltr'><strong><em>(οδ)</em></strong></span> <span class='ocrx_word' id='word_1_770' title='bbox 1163 2631 1246 2655; x_wconf 67' lang='lat' dir='ltr'><strong><em>Auni</em></strong></span> <span class='ocrx_word' id='word_1_771' title='bbox 1259 2631 1387 2656; x_wconf 81' lang='grc' dir='ltr'><em>Μαριαμ.</em></span> <span class='ocrx_word' id='word_1_772' title='bbox 1403 2631 1422 2657; x_wconf 82' lang='grc' dir='ltr'><strong><em>η</em></strong></span> <span class='ocrx_word' id='word_1_773' title='bbox 1439 2631 1588 2650; x_wconf 69' lang='grc' dir='ltr'><em>φιλίππου</em></span> <span class='ocrx_word' id='word_1_774' title='bbox 1604 2631 1678 2649; x_wconf 60' lang='lat' dir='ltr'><strong><em>aven</em></strong></span> <span class='ocrx_word' id='word_1_775' title='bbox 1702 2631 1731 2654; x_wconf 87' lang='grc' dir='ltr'><em>η.</em></span> <span class='ocrx_word' id='word_1_776' title='bbox 1743 2631 1837 2649; x_wconf 67' lang='lat' dir='ltr'><strong><em>mensa:</em></strong></span> 
     </span>
     <span class='ocr_line' id='line_1_116' title="bbox 1058 2631 1837 2692; baseline -0.001 -8"><span class='ocrx_word' id='word_1_777' title='bbox 1058 2657 1223 2692; x_wconf 79' lang='grc' dir='ltr'><em>Μαριάμνην</em></span> <span class='ocrx_word' id='word_1_778' title='bbox 1234 2678 1241 2690; x_wconf 85' lang='grc'><strong><em>,</em></strong></span> <span class='ocrx_word' id='word_1_779' title='bbox 1259 2665 1314 2692; x_wconf 87' lang='lat' dir='ltr'><strong><em>quo</em></strong></span> <span class='ocrx_word' id='word_1_780' title='bbox 1326 2659 1408 2684; x_wconf 86' lang='lat' dir='ltr'><strong><em>etiam</em></strong></span> <span class='ocrx_word' id='word_1_781' title='bbox 1430 2658 1512 2684; x_wconf 90' lang='lat' dir='ltr'><strong><em>modo</em></strong></span> <span class='ocrx_word' id='word_1_782' title='bbox 1526 2657 1659 2690; x_wconf 86' lang='lat' dir='ltr'><strong><em>Metaphr.</em></strong></span> <span class='ocrx_word' id='word_1_783' title='bbox 1676 2631 1784 2691; x_wconf 43' lang='lat' dir='ltr'><strong><em>fuitque</em></strong></span> <span class='ocrx_word' id='word_1_784' title='bbox 1803 2656 1837 2684; x_wconf 79' lang='lat' dir='ltr'><strong><em>fa-</em></strong></span> 
     </span>
    </p>
   </div>
   <div class='ocr_carea' id='block_1_116' title="bbox 1057 2692 1842 2728">
    <p class='ocr_par' dir='ltr' id='par_1_116' title="bbox 1057 2692 1842 2728">
     <span class='ocr_line' id='line_1_117' title="bbox 1057 2692 1842 2728; baseline 0 -8"><span class='ocrx_word' id='word_1_785' title='bbox 1057 2693 1110 2720; x_wconf 84' lang='lat' dir='ltr'><strong><em>cile</em></strong></span> <span class='ocrx_word' id='word_1_786' title='bbox 1126 2693 1186 2728; x_wconf 88' lang='lat' dir='ltr'><strong><em>ejus</em></strong></span> <span class='ocrx_word' id='word_1_787' title='bbox 1201 2692 1277 2728; x_wconf 80' lang='lat' dir='ltr'><strong><em>vocis</em></strong></span> <span class='ocrx_word' id='word_1_788' title='bbox 1286 2692 1415 2728; x_wconf 83' lang='lat' dir='ltr'><strong><em>ultimam</em></strong></span> <span class='ocrx_word' id='word_1_789' title='bbox 1423 2693 1554 2728; x_wconf 84' lang='lat' dir='ltr'><strong><em>syllabam</em></strong></span> <span class='ocrx_word' id='word_1_790' title='bbox 1569 2693 1726 2727; x_wconf 88' lang='lat' dir='ltr'><strong><em>antiquario</em></strong></span> <span class='ocrx_word' id='word_1_791' title='bbox 1740 2692 1842 2728; x_wconf 54' lang='lat' dir='ltr'><strong><em>Maior.</em></strong></span> 
     </span>
    </p>
   </div>
   <div class='ocr_carea' id='block_1_117' title="bbox 1057 2727 1838 2756">
    <p class='ocr_par' dir='ltr' id='par_1_117' title="bbox 1057 2727 1838 2756">
     <span class='ocr_line' id='line_1_118' title="bbox 1057 2727 1838 2756; baseline -0.001 -1"><span class='ocrx_word' id='word_1_792' title='bbox 1057 2727 1195 2756; x_wconf 84' lang='lat' dir='ltr'><strong><em>excidere.</em></strong></span> <span class='ocrx_word' id='word_1_793' title='bbox 1212 2727 1396 2755; x_wconf 86' lang='lat' dir='ltr'><strong><em>Consentiunt</em></strong></span> <span class='ocrx_word' id='word_1_794' title='bbox 1410 2727 1468 2754; x_wconf 67' lang='lat' dir='ltr'><strong><em>haec</em></strong></span> <span class='ocrx_word' id='word_1_795' title='bbox 1484 2732 1556 2754; x_wconf 84' lang='lat' dir='ltr'><strong><em>tanta</em></strong></span> <span class='ocrx_word' id='word_1_796' title='bbox 1573 2728 1607 2754; x_wconf 84' lang='lat' dir='ltr'><strong><em>de</em></strong></span> <span class='ocrx_word' id='word_1_797' title='bbox 1623 2727 1705 2754; x_wconf 77' lang='lat' dir='ltr'><strong><em>Maria</em></strong></span> <span class='ocrx_word' id='word_1_798' title='bbox 1719 2735 1767 2754; x_wconf 85' lang='lat' dir='ltr'><strong><em>seu</em></strong></span> <span class='ocrx_word' id='word_1_799' title='bbox 1785 2727 1838 2754; x_wconf 86' lang='lat' dir='ltr'><strong><em>Ma-</em></strong></span> 
     </span>
    </p>
   </div>
   <div class='ocr_carea' id='block_1_118' title="bbox 1057 2761 1841 2797">
    <p class='ocr_par' dir='ltr' id='par_1_118' title="bbox 1057 2761 1841 2797">
     <span class='ocr_line' id='line_1_119' title="bbox 1057 2761 1841 2797; baseline -0.001 -8"><span class='ocrx_word' id='word_1_800' title='bbox 1057 2764 1174 2795; x_wconf 82' lang='lat' dir='ltr'><strong><em>riamna,</em></strong></span> <span class='ocrx_word' id='word_1_801' title='bbox 1189 2770 1284 2790; x_wconf 87' lang='lat' dir='ltr'><strong><em>sorore</em></strong></span> <span class='ocrx_word' id='word_1_802' title='bbox 1302 2763 1430 2797; x_wconf 80' lang='lat' dir='ltr'><strong><em>Philippi.</em></strong></span> <span class='ocrx_word' id='word_1_803' title='bbox 1447 2770 1501 2790; x_wconf 87' lang='lat' dir='ltr'><strong><em>non</em></strong></span> <span class='ocrx_word' id='word_1_804' title='bbox 1529 2763 1618 2790; x_wconf 87' lang='lat' dir='ltr'><strong><em>solum</em></strong></span> <span class='ocrx_word' id='word_1_805' title='bbox 1641 2762 1768 2797; x_wconf 82' lang='lat' dir='ltr'><strong><em>spiritali.</em></strong></span> <span class='ocrx_word' id='word_1_806' title='bbox 1794 2761 1841 2789; x_wconf 87' lang='lat' dir='ltr'><strong><em>sed</em></strong></span> 
     </span>
    </p>
   </div>
   <div class='ocr_carea' id='block_1_119' title="bbox 1055 2797 1839 2832">
    <p class='ocr_par' dir='ltr' id='par_1_119' title="bbox 1055 2797 1839 2832">
     <span class='ocr_line' id='line_1_120' title="bbox 1055 2797 1839 2832; baseline -0.003 -8"><span class='ocrx_word' id='word_1_807' title='bbox 1055 2798 1138 2825; x_wconf 80' lang='lat' dir='ltr'><strong><em>etiam</em></strong></span> <span class='ocrx_word' id='word_1_808' title='bbox 1153 2798 1255 2825; x_wconf 82' lang='lat' dir='ltr'><strong><em>carnali</em></strong></span> <span class='ocrx_word' id='word_1_809' title='bbox 1266 2817 1273 2829; x_wconf 83' lang='lat'><strong><em>,</em></strong></span> <span class='ocrx_word' id='word_1_810' title='bbox 1291 2798 1333 2824; x_wconf 88' lang='lat' dir='ltr'><strong><em>his</em></strong></span> <span class='ocrx_word' id='word_1_811' title='bbox 1344 2805 1404 2832; x_wconf 63' lang='lat' dir='ltr'><strong><em>quae</em></strong></span> <span class='ocrx_word' id='word_1_812' title='bbox 1420 2797 1503 2824; x_wconf 83' lang='lat' dir='ltr'><strong><em>refert</em></strong></span> <span class='ocrx_word' id='word_1_813' title='bbox 1518 2797 1617 2825; x_wconf 87' lang='lat' dir='ltr'><strong><em>Paulus</em></strong></span> <span class='ocrx_word' id='word_1_814' title='bbox 1629 2797 1662 2825; x_wconf 89' lang='lat' dir='ltr'><strong><em>de</em></strong></span> <span class='ocrx_word' id='word_1_815' title='bbox 1672 2797 1803 2832; x_wconf 86' lang='lat' dir='ltr'><strong><em>apostolis</em></strong></span> <span class='ocrx_word' id='word_1_816' title='bbox 1813 2801 1839 2823; x_wconf 88' lang='lat' dir='ltr'><strong><em>el</em></strong></span> 
     </span>
    </p>
   </div>
   <div class='ocr_carea' id='block_1_120' title="bbox 1054 2833 1841 2867">
    <p class='ocr_par' dir='ltr' id='par_1_120' title="bbox 1054 2833 1841 2867">
     <span class='ocr_line' id='line_1_121' title="bbox 1054 2833 1841 2867; baseline -0.003 -7"><span class='ocrx_word' id='word_1_817' title='bbox 1054 2833 1280 2867; x_wconf 63' lang='lat' dir='ltr'><strong><em>prtedicatoribus</em></strong></span> <span class='ocrx_word' id='word_1_818' title='bbox 1295 2833 1425 2864; x_wconf 59' lang='lat' dir='ltr'><strong><em>llcbragis,</em></strong></span> <span class='ocrx_word' id='word_1_819' title='bbox 1437 2833 1706 2860; x_wconf 82' lang='lat' dir='ltr'><strong><em>circumducenlibus</em></strong></span> <span class='ocrx_word' id='word_1_820' title='bbox 1718 2839 1841 2859; x_wconf 88' lang='lat' dir='ltr'><strong><em>sororem</em></strong></span> 
     </span>
    </p>
   </div>
   <div class='ocr_carea' id='block_1_121' title="bbox 1055 2867 1840 2902">
    <p class='ocr_par' dir='ltr' id='par_1_121' title="bbox 1055 2867 1840 2902">
     <span class='ocr_line' id='line_1_122' title="bbox 1055 2867 1840 2902; baseline -0.001 -8"><span class='ocrx_word' id='word_1_821' title='bbox 1055 2868 1208 2900; x_wconf 80' lang='lat' dir='ltr'><strong><em>mulierem,</em></strong></span> <span class='ocrx_word' id='word_1_822' title='bbox 1236 2876 1311 2895; x_wconf 89' lang='lat' dir='ltr'><strong><em>more</em></strong></span> <span class='ocrx_word' id='word_1_823' title='bbox 1335 2868 1422 2902; x_wconf 76' lang='lat' dir='ltr'><strong><em>gentis</em></strong></span> <span class='ocrx_word' id='word_1_824' title='bbox 1449 2867 1464 2895; x_wconf 87' lang='grc' dir='ltr'><em>Ι</em></span> <span class='ocrx_word' id='word_1_825' title='bbox 1484 2867 1545 2895; x_wconf 89' lang='lat' dir='ltr'><strong><em>Cor.</em></strong></span> <span class='ocrx_word' id='word_1_826' title='bbox 1559 2876 1594 2900; x_wconf 74' lang='lat' dir='ltr'><strong><em>ut,</em></strong></span> <span class='ocrx_word' id='word_1_827' title='bbox 1620 2868 1652 2901; x_wconf 81' lang='lat'><strong>5;</strong></span> <span class='ocrx_word' id='word_1_828' title='bbox 1667 2875 1721 2902; x_wconf 86' lang='lat' dir='ltr'><strong><em>qua</em></strong></span> <span class='ocrx_word' id='word_1_829' title='bbox 1751 2872 1840 2893; x_wconf 81' lang='lat' dir='ltr'><strong><em>tamen</em></strong></span> 
     </span>
    </p>
   </div>
   <div class='ocr_carea' id='block_1_122' title="bbox 1055 2902 1840 2938">
    <p class='ocr_par' dir='ltr' id='par_1_122' title="bbox 1055 2902 1840 2938">
     <span class='ocr_line' id='line_1_123' title="bbox 1055 2902 1840 2938; baseline -0.004 -8"><span class='ocrx_word' id='word_1_830' title='bbox 1055 2903 1203 2930; x_wconf 21' lang='lat' dir='ltr'><strong><em>isticentia</em></strong></span> <span class='ocrx_word' id='word_1_831' title='bbox 1218 2903 1330 2930; x_wconf 90' lang='lat' dir='ltr'><strong><em>minime</em></strong></span> <span class='ocrx_word' id='word_1_832' title='bbox 1354 2910 1420 2930; x_wconf 89' lang='lat' dir='ltr'><strong><em>usus</em></strong></span> <span class='ocrx_word' id='word_1_833' title='bbox 1431 2902 1475 2936; x_wconf 87' lang='lat' dir='ltr'><strong><em>sit,</em></strong></span> <span class='ocrx_word' id='word_1_834' title='bbox 1496 2911 1530 2930; x_wconf 87' lang='lat' dir='ltr'><strong><em>uc</em></strong></span> <span class='ocrx_word' id='word_1_835' title='bbox 1555 2911 1637 2938; x_wconf 87' lang='lat' dir='ltr'><strong><em>quam</em></strong></span> <span class='ocrx_word' id='word_1_836' title='bbox 1660 2902 1840 2938; x_wconf 65' lang='lat' dir='ltr'><strong><em>oliensionem</em></strong></span> 
     </span>
    </p>
   </div>
   <div class='ocr_carea' id='block_1_123' title="bbox 1055 2937 1841 2974">
    <p class='ocr_par' dir='ltr' id='par_1_123' title="bbox 1055 2937 1841 2974">
     <span class='ocr_line' id='line_1_124' title="bbox 1055 2937 1841 2974; baseline -0.001 -8"><span class='ocrx_word' id='word_1_837' title='bbox 1055 2942 1170 2972; x_wconf 83' lang='lat' dir='ltr'><strong><em>poneret</em></strong></span> <span class='ocrx_word' id='word_1_838' title='bbox 1199 2938 1348 2973; x_wconf 73' lang='lat' dir='ltr'><strong><em>gentibus,</em></strong></span> <span class='ocrx_word' id='word_1_839' title='bbox 1369 2938 1470 2974; x_wconf 88' lang='lat' dir='ltr'><strong><em>quibus</em></strong></span> <span class='ocrx_word' id='word_1_840' title='bbox 1493 2937 1660 2973; x_wconf 84' lang='lat' dir='ltr'><strong><em>peculiarius</em></strong></span> <span class='ocrx_word' id='word_1_841' title='bbox 1687 2937 1841 2965; x_wconf 80' lang='lat' dir='ltr'><strong><em>dcstinatul</em></strong></span> 
     </span>
    </p>
   </div>
  </div>
