2078 3154
206 193 255 226 181

591 195 732 226 ORATIO
751 195 847 226 IX.-
862 195 903 226 IN
919 196 1078 227 LAUDEM
1097 197 1129 228 S.
1149 197 1318 228 PHILIPPI
1337 198 1463 230 APOST.

1778 201 1830 234 182

205 251 298 286 φύσιν,
314 249 426 286 ’ἀδελφὴ
449 250 498 285 τὴν
511 250 619 278 πίστιν·
632 251 679 278 τὸν
704 250 800 286 ζῆλον,
820 251 986 287 ὁμότροπος·

1051 252 1124 285 bitu-ia
1161 252 1278 288 Philippi
1309 261 1408 288 soror,
1438 261 1537 289 nempe
1562 261 1641 283 soror
1668 259 1767 285 natura
1796 266 1828 286 ac

205 297 256 332 τὴν
284 297 411 332 ἀγάπην,
441 296 621 332 δμόγνωμος·
649 298 784 333 παρθένος
812 298 861 334 τὴν
887 298 987 334 ψυχὴν,

209 343 340 380 παρθένος
363 343 396 370 τδ
418 343 515 379 σῶμα,
539 343 587 379 ὅλη
611 344 770 380 τετρωμένη
803 344 852 379 τῆς
880 345 989 379 ἀγάπης

208 389 337 424 Χριστοῦ.
354 389 483 425 Μαριὰμ,
497 389 597 424 γνησία
612 389 731 425 Χριστοῦ
744 390 913 425 θεραπαινὶς,
927 390 990 423 ἀξία

207 434 274 461 Θεοῦ
298 435 433 471 θυγάτηρ,
450 435 499 470 ὅλη
520 435 567 462 τοῦ
584 435 717 472 παναγίου
727 435 886 471 Πνεύματος
904 444 990 471 μεμε-

209 479 346 514 στωμένη,
358 479 442 515 πιστὴ
457 479 505 506 τοῦ
517 479 682 514 Εὐαγγελίου
698 480 845 517 μαθήτρια,
860 480 991 508 σπουδαία

206 525 261 552 τῶν
276 525 435 552 ἀποστόλων
461 525 596 559 διάκονος,
613 526 660 553 καὶ
689 526 843 562 θερμοτάτη
861 526 928 562 πρὸς
942 526 992 558 τὰς

214 571 370 608 Ἑλληνίδας
385 572 433 599 τοῦ
449 572 539 608 Ἰησοῦ
554 573 774 609 εὐαγγελίστρια.
794 573 915 601 Ἀνωθεν
923 572 992 608 αὕτη

207 617 426 653 προσεκαρτέρει
436 617 475 653 τῷ
488 617 624 654 Φιλίππῳ,
635 617 667 651 ἐξ
677 616 707 646 οῦ
717 619 764 645 τὸν
778 618 880 654 κλῆρον
896 618 993 654 εἴληφε

207 664 258 699 τῆς
276 663 430 698 ἀποστολῆς
443 671 450 679 ·
469 663 517 691 καὶ
540 664 653 696 τοῦτον,
679 664 718 696 ὡς
743 664 857 699 ἀδελφὸν
887 665 935 699 μὲν
965 664 995 691 τὺ

210 709 300 746 σῶμα,
316 709 424 745 πατέρα
450 709 480 737 δὲ
495 710 526 737 τὺ
543 710 652 744 πνεῦμα
667 711 788 746 τιμῶσα,
808 711 855 738 καὶ
871 710 908 744 ὡς
929 710 995 746 δρα-

210 756 321 791 στήριος
334 755 543 792 ὑπηρετουμὲνη
559 756 723 793 θεράπαινα,
739 757 847 793 πλήρης
861 757 911 791 τῆς
927 757 995 783 ἀπο-

212 801 338 837 στολικῆς
351 803 400 829 καὶ
419 803 489 837 αὐτὴ
506 803 648 839 δυνάμεως
663 801 708 839 ἦν.
725 804 806 831 Ὅθεν
822 803 995 838 εὐαγγελιζο-

213 847 285 884 μένῳ
294 848 475 883 συνεργοῦσα,
482 849 705 885 καθειργνυμενῳ
714 858 746 876 συ
750 849 995 886 μπαρομαρτοῦσα,

214 895 261 921 καὶ
272 895 333 921 τότε
356 894 389 930 δὴ
419 895 589 933 κρεμαμένῳ
611 896 801 932 συνανιωμὲνη
815 904 846 923 τε
867 897 915 923 καὶ
936 904 998 922 συν-

1039 298 1091 325 ﬁde
1115 306 1214 333 soror;
1233 299 1293 335 pari
1319 308 1427 328 morum
1456 301 1640 335 aemulatione,
1653 303 1830 333 consentiens

1039 344 1182 377 charitate,
1200 345 1277 381 virgo
1293 346 1395 379 animo,
1415 346 1491 382 virgo
1505 355 1627 382 corpore,
1643 351 1699 376 tota
1724 347 1826 376 Christi

1039 390 1182 418 vulnerata
1206 391 1341 420 charitate
1353 392 1386 419 ⁸⁵.
1402 392 1495 426 Maria,
1512 401 1575 421 vera
1598 393 1699 421 Christi
1718 394 1829 424 ancilla.

1041 436 1122 472 digna
1148 438 1194 464 Dei
1223 438 1287 471 ﬁlia,
1300 442 1355 466 tota
1385 439 1489 474 Spiritu
1514 444 1608 467 sancto
1632 440 1722 475 plena,
1739 439 1830 470 ﬁdelis

1041 482 1179 519 Evangelii
1210 483 1362 519 discipula,
1392 484 1487 512 sedula
1523 493 1662 520 gnavaque
1693 485 1831 520 apostolo-

1042 536 1103 556 rum
1132 528 1307 562 administra,
1324 529 1481 557 ﬁdelissima
1507 529 1541 557 ad
1569 529 1675 557 Graecas
1699 530 1830 558 mulieres

1043 573 1108 602 Iesu
1124 582 1213 610 praeco
1226 594 1234 601 .
1250 574 1313 603 Haec
1339 575 1404 603 olim
1431 575 1558 610 Philippo
1579 575 1699 608 assidua,
1715 583 1769 610 quo
1797 582 1830 602 ex

1043 624 1168 654 tempore
1179 620 1357 655 apostolicum
1368 628 1468 649 munus
1496 621 1596 648 inierat
1611 629 1618 655 ;
1637 628 1710 653 eum,
1735 625 1766 648 ut
1776 620 1830 648 fra-

1045 669 1115 694 trem
1127 665 1239 700 quidem
1247 673 1371 701 corpore,
1380 670 1410 694 ut
1424 674 1488 694 vero
1500 667 1608 694 Patrem
1622 666 1719 702 spiritu
1725 667 1828 699 colens,

1045 716 1073 739 et
1085 717 1115 740 ut
1126 712 1224 739 ancilla
1232 711 1327 740 sedulo
1339 711 1457 740 olIiciosa
1467 711 1637 744 ministrans,
1651 711 1709 747 ipsa
1720 719 1830 747 quoque

1046 758 1195 794 apostolica
1205 758 1286 794 plena
1309 757 1412 786 virtute
1427 762 1496 785 erat.
1518 757 1701 791 Quamobrem
1730 757 1830 793 praedi-

1046 810 1154 833 cantem
1166 805 1308 840 adiuvans,
1320 804 1468 839 clausoque
1484 811 1593 832 carcere
1604 811 1695 831 comes
1721 804 1829 836 etl‘ecta,

1048 855 1115 878 tunc
1126 858 1235 886 quoque
1250 849 1379 877 nimirum
1395 857 1528 885 suspenso
1540 849 1700 883 condolens,
1714 849 1830 884 diroque

1048 896 1123 924 illius
1138 896 1261 924 cruciatu
1272 903 1408 927 mmrens,
1425 895 1499 923 omni
1510 896 1592 923 modo
1607 895 1764 933 beatissima
1788 895 1832 923 fe-

213 940 380 976 οδυνωμένη.
396 942 486 970 πάντα
505 931 608 978 τρόπον
623 931 793 978 συνέπασχεν
810 944 828 978 ὴ
854 951 996 979 μακαριω-

1051 942 1121 970 mina
1133 941 1236 970 Christi
1251 942 1325 970 socia
1340 941 1498 977 passionum
1514 946 1583 969 erat.

212 987 280 1023 τάτη
298 987 419 1023 Χριστῷ.

246 1032 356 1060 Γίνεται
382 1033 411 1060 δὲ
437 1033 500 1061 τότε
521 1033 612 1070 θέαμα
634 1033 719 1069 ξένον,
743 1035 845 1072 φρίκης
861 1043 892 1062 τε
907 1034 998 1070 πάσης

213 1078 261 1105 καὶ
277 1078 398 1114 ἀγωνίας
412 1079 506 1115 γόμον.
519 1080 626 1108 Σείεται
641 1081 692 1116 μὲν
710 1080 842 1117 ἐξαίφνης
860 1081 878 1117 ή
895 1081 931 1116 γῆ
952 1082 999 1108 καὶ

213 1125 273 1157 δλος
285 1125 300 1151 6
312 1125 392 1161 χορὸς
403 1126 506 1158 ἐκεῖνος
520 1126 700 1163 ὲκτιναχθεὶς,
729 1128 771 1160 είς
786 1127 869 1163 βάθος
897 1127 995 1154 ὑπενό-

213 1180 283 1204 στει,
297 1172 328 1198 ὲν
339 1170 362 1206 ᾧ
375 1173 452 1200 πᾶσα
467 1173 566 1210 μικροῦ
580 1174 635 1201 δεῖν
645 1175 662 1210 ἡ
675 1174 753 1206 πόλις
768 1175 861 1211 εκείνη
878 1182 997 1210 συναγη-

212 1218 344 1254 γερμένη,
359 1218 472 1254 θέατρον
485 1219 603 1247 ἐποιεῖτο
617 1220 681 1252 τοὺς
693 1220 847 1257 άνθρώτους
873 1219 921 1248 τοῦ
945 1220 998 1256 Ἰη-

214 1263 280 1291 σοῦ-
297 1265 506 1299 συγκατεσπᾶτο
518 1265 547 1292 δὲ
568 1265 608 1301 τῷ
633 1266 725 1301 ἐδάφει
738 1267 792 1299 πᾶς
813 1267 828 1294 ὁ
848 1266 923 1300 λαὸς,
952 1267 1000 1294 καὶ

214 1310 309 1343 δεινῶς
322 1311 686 1345 ἀπολέσθαικινδυνεύοντες,
700 1314 763 1345 τοὺς
776 1313 840 1349 περὶ
849 1313 896 1340 τὸν
906 1313 1000 1340 Φίλιπ-

214 1366 265 1384 πον
279 1357 435 1385 ὲπεὸοῶντο
446 1366 454 1374 ·
470 1359 518 1385 καὶ
533 1358 619 1394 ταύτῃ
640 1367 670 1393 γε
683 1359 732 1394 τῆς
744 1359 848 1395 πλάνης
870 1359 918 1394 μὲν
931 1359 999 1386 ἀπο-

216 1404 373 1439 στήσεσθαι,
388 1404 429 1440 τῷ
451 1405 501 1440 τῆς
516 1405 644 1440 ἀληθείας
656 1405 686 1433 δὲ
712 1405 855 1432 πιστεῦσαι
889 1405 994 1433 καθυπ-

218 1449 356 1485 ισχνοῦντο
364 1450 434 1485 Θεῷ.
445 1451 514 1483 Τοὺς
520 1452 549 1479 δὲ
560 1452 711 1488 ἱκετηρίαις
722 1452 771 1487 μὲν
779 1451 916 1479 ὲκτενέσιν
923 1452 1002 1484 ἆξεν·

219 1496 373 1531 μενίζεσθαι
383 1496 429 1524 τὸν
454 1497 530 1529 Θεὸν,
543 1498 649 1534 ἀθρόως
663 1498 692 1526 δὲ
707 1499 753 1526 τὸν
766 1498 867 1534 Κύριον
886 1507 1002 1535 προσευ-

219 1542 342 1578 χομένοις
356 1543 448 1576 αὐτοῖς
472 1544 637 1579 ἐπιφανῆναι
653 1552 660 1559 ·
676 1545 724 1571 καὶ
751 1544 928 1580 στηριχθῆναι
953 1544 1002 1580 μὲν

215 1590 318 1622 εὐθέως
332 1590 383 1626 τὴν
397 1590 450 1626 γῆν
461 1591 509 1626 τῆς
521 1591 568 1617 ἐπὶ
578 1591 609 1618 τδ
622 1591 756 1623 κάταντες
783 1591 1002 1626 ὑποχωρήσεως⁸
1015 1604 1037 1635 C

215 1637 330 1672 δὺναμιν
342 1636 371 1663 δὲ
385 1635 461 1663 θείαν
484 1636 619 1672 κλίμακος
646 1636 746 1673 τρόπον
763 1638 820 1669 τοῖς
848 1636 1001 1671 ἀπολλυμέ-

217 1690 274 1713 νοις
286 1681 515 1718 θποτεινομένην,
534 1681 604 1716 πρὸς
620 1681 758 1718 σωτηρίαν
786 1682 929 1709 ὁδοποιεῖν.
947 1681 1003 1708 Αὖ-

217 1735 252 1763 τη
267 1727 371 1761 γίνεται
383 1727 503 1760 πίστεως
514 1727 572 1759 τοῖς
587 1727 713 1760 ἀπίστοις
733 1727 857 1763 ἀφορμή.
869 1727 955 1754 Τοῦτο
970 1727 1003 1762 δὴ

217 1773 250 1800 τὸ
267 1773 419 1809 θαυμάσιον
447 1773 497 1809 τὴν
516 1773 595 1801 πόλιν
609 1774 718 1809 ἐκείνην
737 1774 829 1808 ὀλίγου
840 1773 897 1800 δεῖν
912 1773 1003 1800 πᾶσαν

216 1820 258 1855 τῷ
273 1819 321 1847 τοῦ
345 1819 477 1848 Φιλίππου
490 1821 613 1856 προσῆγε
627 1820 696 1855 Θεῷ.
715 1819 853 1847 Ἐντεῦθεν
867 1819 941 1846 λύειν
955 1818 1004 1854 μὲν

217 1867 282 1899 τοῦς
292 1866 411 1903 Χριστοῦ
424 1867 551 1903 δεσμίους
565 1867 590 1894 οἱ
609 1867 792 1902 σεσωσμένοι,
812 1866 861 1894 καὶ
888 1865 936 1892 τοῦ
959 1865 1004 1897 ξύ-

219 1913 266 1940 λου
280 1913 401 1940 καθεῖναι
411 1913 565 1949 προσῄεσαν
580 1913 681 1949 σπουδῇ
691 1921 698 1928 ·
717 1912 857 1947 ἐπείχοντο
882 1911 923 1943 δὲ,
955 1910 1004 1946 τὴν

220 1959 286 1994 περὶ
295 1958 384 1985 αὐτῶν
395 1959 543 1994 γενομένην
557 1959 659 1986 ἀνωθεν
669 1959 819 1994 ἐγνωκότες
832 1958 939 1994 βουλήν.

257 2004 293 2031 Σὺ
312 2004 361 2041 μὲν
370 2004 436 2040 γὰρ,
446 2001 469 2032 ὦ
479 2004 737 2040 τρισμακαριώτατε
757 2004 812 2031 τῶν
835 2004 1003 2038 ἀποστόλων,

222 2050 349 2086 ἀνεθῆναι
363 2050 401 2086 μὴ
413 2049 629 2085 καταδεξάμενος
641 2050 696 2078 τῶν
705 2050 823 2085 δεσμῶν,
848 2051 1005 2086 ἐπισκήψας

221 2097 252 2124 δὲ
269 2098 303 2133 τῇ
319 2106 350 2124 τε
361 2097 438 2125 πόλει
450 2097 490 2125 ἰτά
506 2097 611 2130 δέοντα,
638 2097 686 2125 καὶ
708 2098 765 2128 τοῖς
788 2097 913 2132 ἀδελφοῖς
938 2098 1006 2125 πᾶσι

222 2143 387 2180 προσμένειν
403 2144 437 2179 τῇ
450 2143 541 2170 πίστει
552 2143 599 2170 τοῦ
618 2142 718 2178 Ἰησοῦ,
736 2142 787 2169 καλ⁵
799 2143 861 2175 ταῖς
886 2142 1007 2174 ἐντολαῖς

222 2189 485 2225 παρεηυησάμενος
495 2189 701 2225 προσλιπαρεῖνο
714 2186 786 2222 εἶτα,
807 2188 899 2224 δέησιν
914 2189 1006 2224 ἱκετή-

223 2236 283 2272 ρίον
293 2244 324 2263 τε
340 2236 401 2271 ἅμα
422 2235 471 2263 καὶ
496 2235 716 2272 εὐχαριστήριον,
741 2235 952 2271 ὲμφανιζομένῳ
967 2243 1007 2262 σοι

1082 1032 1202 1068 Contigit
1230 1039 1297 1060 vero
1330 1039 1431 1060 novum
1472 1031 1608 1067 quoddam
1635 1031 1830 1067 spectaculum,

1048 1079 1215 1107 horrendum
1222 1086 1288 1107 sane
1301 1078 1528 1114 tremendumque
1541 1086 1573 1106 ac
1583 1078 1696 1106 terroris
1709 1079 1831 1114 plenum.

1048 1123 1217 1153 Tememotu
1237 1124 1330 1152 subito
1359 1125 1438 1152 locus
1468 1125 1610 1160 quatitur,
1634 1127 1762 1159 totusque
1786 1123 1832 1151 ille

1048 1177 1196 1199 succussus
1207 1170 1308 1198 chorus
1319 1170 1374 1198 alta
1390 1170 1519 1206 voragine
1531 1169 1700 1202 subsidebat,
1715 1177 1770 1204 quo
1776 1173 1831 1196 tota

1049 1216 1107 1244 fere
1121 1216 1226 1249 civitas,
1243 1217 1307 1245 Jesu
1321 1217 1447 1245 homines
1463 1217 1571 1244 theatro
1582 1216 1752 1248 traductura,
1764 1223 1831 1243 con-

1049 1267 1186 1296 cesserat;
1210 1270 1376 1298 omnemque
1391 1263 1522 1298 populum
1548 1270 1619 1290 unus
1627 1270 1688 1290 cum
1705 1262 1762 1290 solo
1774 1261 1833 1288 bia-

1049 1312 1095 1336 tus
1108 1308 1282 1336 absorbebat.
1304 1308 1363 1336 Jam
1385 1308 1477 1343 itaque
1493 1308 1568 1344 gravi
1597 1307 1693 1335 salutis
1716 1307 1833 1342 vitaeque

1050 1354 1175 1389 pulsante
1192 1354 1324 1389 periculo,
1341 1354 1495 1389 Philippum
1519 1361 1581 1382 cum
1597 1354 1680 1382 sociis
1702 1352 1833 1380 inclama-

1050 1399 1137 1434 bant;
1158 1405 1239 1435 atque
1253 1408 1285 1427 ea
1303 1407 1333 1428 se
1347 1400 1453 1428 ratione
1473 1399 1507 1427 ab
1526 1407 1619 1427 errore
1646 1399 1832 1432 abscessuros,

1050 1453 1171 1481 veroque
1182 1445 1236 1473 Deo
1246 1445 1410 1477 credituros,
1428 1445 1511 1473 etiam
1523 1449 1605 1480 atque
1619 1444 1702 1472 etiam
1717 1444 1833 1480 pollice-

1051 1492 1161 1520 bantur.
1175 1491 1211 1519 At
1230 1491 1374 1527 Philippus
1401 1491 1525 1526 sociique
1549 1490 1722 1519 ferventibus
1748 1491 1833 1518 Deum

1052 1538 1296 1574 supplicationibus
1310 1538 1420 1573 placare
1434 1546 1442 1571 ;
1466 1537 1609 1565 orantibus
1621 1536 1753 1564 Dominus
1767 1543 1834 1563 con-

1052 1584 1142 1612 festim
1158 1592 1299 1620 apparere,
1315 1591 1433 1619 moxque
1459 1583 1570 1617 terram,
1600 1590 1635 1611 ne
1664 1587 1835 1618 mergeretur

1053 1632 1184 1666 hiatuque
1195 1630 1359 1662 subsideret,
1384 1629 1551 1663 confulcire;
1565 1629 1592 1656 vi
1609 1629 1727 1664 denique
1743 1629 1835 1656 divina

1052 1677 1138 1705 instar
1153 1676 1231 1704 scalae
1242 1675 1421 1711 pereuntibus
1450 1675 1596 1708 submissa,
1616 1675 1654 1702 ita
1671 1674 1705 1702 ad
1718 1675 1834 1702 salutem

1052 1723 1170 1751 munire.
1201 1722 1264 1750 Haec
1286 1721 1436 1750 incredulis
1452 1721 1517 1749 ﬁdei
1534 1721 1652 1750 occasio.
1675 1721 1835 1748 Miraculum

1053 1769 1115 1803 hoc,
1129 1777 1237 1797 omnem
1250 1768 1306 1796 fere
1322 1769 1395 1796 illam
1407 1768 1544 1795 civitatem
1570 1767 1693 1803 adiunxit
1716 1766 1835 1805 Philippi

1053 1815 1119 1842 Deo.
1135 1814 1204 1842 Hinc
1217 1813 1340 1850 periculo
1355 1813 1500 1849 redempti,
1515 1812 1617 1841 Christi
1640 1813 1747 1840 vinctos
1761 1812 1836 1840 solu-

1054 1865 1111 1888 tum
1123 1860 1250 1895 lignoque
1262 1859 1417 1894 depositum
1443 1859 1562 1894 prompti
1578 1858 1726 1891 accedere;
1751 1861 1779 1885 at
1790 1865 1838 1884 co—

1054 1907 1230 1939 hibebantur,
1251 1906 1299 1942 qui
1321 1913 1471 1941 supernum
1494 1905 1528 1933 de
1555 1905 1610 1933 illis
1632 1904 1779 1933 consilium
1796 1904 1838 1932 ἤια

1055 1953 1222 1987 telligerent.

1092 1998 1134 2026 Tu
1160 1997 1282 2033 quidem,
1309 1997 1495 2032 apostolorum
1518 2000 1561 2024 ter
1582 1996 1749 2031 beatissime,
1775 2003 1837 2023 cum

1055 2045 1125 2073 solvi
1144 2043 1413 2076 vinculisnoluisses,
1427 2050 1460 2071 ac
1471 2050 1534 2078 qua:
1545 2041 1628 2070 ollicii
1644 2046 1722 2069 erant
1733 2042 1838 2069 civitati

1056 2092 1228 2124 mandasses,
1257 2091 1419 2126 cunctisque
1447 2089 1580 2118 fratribus
1605 2093 1635 2117 ut
1653 2089 1682 2116 in
1698 2088 1750 2116 {ide
1774 2088 1838 2116 Jcsu

1058 2142 1267 2175 perseverarent
1293 2145 1328 2165 ac
1359 2136 1495 2164 mandatis
1520 2135 1624 2163 assidui
1652 2138 1754 2167 essent,
1772 2141 1839 2169 pra:-

1057 2185 1177 2220 eepisses
1194 2193 1201 2211 :
1217 2188 1330 2219 tumque
1341 2182 1519 2218 supplicantis
1530 2181 1615 2209 animi
1625 2181 1734 2215 ipariter
1758 2184 1840 2215 atque

1057 2231 1157 2267 gratias
1167 2229 1273 2266 agentis
1284 2229 1446 2261 orationem,
1469 2228 1525 2256 Deo
1541 2231 1600 2260 tuo,
1616 2226 1683 2261 Regi
1700 2231 1747 2253 tuo
1760 2225 1841 2255 Chri-

221 2281 324 2318 νοερῶς
338 2282 385 2308 καὶ
408 2281 600 2317 ὑπερκοσμίως
621 2280 729 2316 τῷΘεῷ
752 2289 799 2308 σου
827 2282 875 2308 καὶ
903 2282 1002 2317 βασιλεῖ

1058 2282 1102 2305 sto
1117 2275 1164 2311 qui
1177 2279 1350 2310 apparuerat,
1366 2273 1467 2301 mentis
1492 2280 1584 2304 sensu,
1610 2280 1642 2299 ac
1656 2279 1736 2307 supra
1759 2279 1840 2306 quam

222 2336 271 2355 σου
286 2327 476 2363 προσλαλῆσας
488 2327 607 2363 Χριστῷ,
620 2328 661 2359 είς
673 2328 767 2363 χεῖρας
778 2326 852 2362 αὐτῷ
865 2327 914 2362 τὴν
937 2336 1007 2354 παν-

221 2373 316 2401 ολὸίαν
338 2373 438 2401 ἀπέδου
464 2373 571 2409 ψυχήν
601 2373 648 2400 καὶ
667 2374 696 2400 ὲν
724 2374 799 2408 φωνῇ
823 2373 1008 2407 ἀγαλλιάσεως

223 2421 272 2448 καὶ
283 2420 515 2455 ὲξομολογήσεως,
530 2421 560 2447 ὲν
575 2420 633 2455 ἤχῳ
649 2419 833 2455 ἑορταζόντων
846 2428 888 2446 νοε
893 2419 946 2455 ρῶν
959 2421 1007 2447 καὶ

224 2466 307 2494 θείων
322 2466 479 2502 Δυνάμεων,
499 2465 568 2501 πρὸς
584 2465 633 2497 τὰς
643 2465 771 2501 οὐρανίας
782 2465 856 2500 αὐτῷ
865 2466 914 2493 καὶ
923 2465 1005 2500 ὑπερ-

224 2514 381 2551 φυεστάτας
397 2512 599 2548 συνανελήφθης
611 2513 706 2548 μονάς.

262 2613 286 2630 ³⁵
298 2613 378 2642 Cant.
393 2621 425 2647 ιι,
436 2614 464 2642 6.
500 2613 525 2630 ⁸⁸
537 2613 608 2642 Psal.
619 2621 662 2640 xu
688 2613 715 2641 5.

225 2684 287 2716 erat
298 2679 470 2716 praedicator,
483 2678 598 2716 saniora
613 2679 681 2712 haec,
699 2687 781 2714 quam
801 2678 845 2716 il_l_a
861 2677 963 2708 Abdiae,
978 2677 1012 2705 de

226 2713 335 2756 duabus
351 2715 467 2750 apostoli
489 2714 609 2755 ﬁliabus,
624 2722 691 2755 qua
701 2713 774 2776 Irost
799 2713 953 2754 aiiquantos
964 2719 1013 2753 ari-

226 2759 278 2776 nos
291 2759 321 2776 1n
336 2751 472 2776 tumulum
484 2754 571 2776 Datns
586 2754 614 2776 et
624 2757 688 2776 Ipsa?
700 2758 707 2776 l
721 2750 781 2776 latin
801 2752 866 2776 smt.
880 2756 894 2774 a
909 2747 1013 2774 dextris

225 2759 278 2779 nos
291 2750 321 2778 in
336 2747 472 2778 tuinulum
484 2750 577 2785 patris
586 2754 614 2777 et
624 2747 688 2785 ipsa)
700 2747 866 2785 illataensint,
880 2756 894 2774 a
909 2747 1013 2774 dextris

224 2791 254 2814 et
268 2793 284 2813 a
300 2785 419 2813 sinistris
436 2783 512 2820 illius
521 2784 616 2820 positae
634 2783 814 2820 acmiraculis
827 2783 924 2820 clam};
935 2790 1012 2820 quas

225 2821 379 2857 ementitus
397 2817 530 2857 scriptor'
539 2827 606 2857 non_
612 2819 732 2857 advertit
756 2818 869 2857 alterius
892 2817 1011 2857 Phiiippi

228 2856 299 2884 ﬁlias
312 2853 468 2889 exstitisse,
493 2855 521 2883 id
536 2860 578 2882 est
591 2854 697 2890 diaconi
710 2863 718 2887 ;
734 2853 877 2890 quzefertc
893 2853 1011 2890 Philippi

229 2891 345 2926 apostoli
366 2887 470 2923 amore,
488 2895 515 2919 et
526 2887 845 2926 quodhceiebris'civitas
858 2887 1012 2926 erathiul-

230 2922 327 2962 tesque
337 2925 366 2955 in
380 2933 412 2954 ea
429 2922 572 2962 Philippus
594 2924 702 2953 Christo
722 2923 894 2960 acquisierat,
924 2922 1011 2951 Palae-

1060 2322 1159 2350 decore
1168 2321 1346 2355 honesteque,
1358 2319 1518 2355 prolocutus
1525 2326 1610 2350 esses,
1624 2318 1651 2345 iu
1666 2317 1842 2344 manusillius

1060 2367 1245 2396 beatissimam
1270 2366 1389 2393 animam
1420 2364 1557 2392 tradidisti
1574 2372 1581 2390 :
1598 2363 1681 2398 inque
1708 2369 1776 2390 voce
1798 2369 1844 2390 ex-

1059 2414 1215 2442 sultationis
1233 2417 1262 2440 et
1282 2410 1462 2440 confessionis
1474 2410 1503 2438 in
1517 2417 1586 2437 sono
1616 2409 1748 2437 mentium
1774 2416 1844 2443 epu-

1059 2459 1197 2487 lantium“
1208 2457 1415 2491 divinarumque
1426 2456 1603 2487 Potestatum,
1615 2454 1642 2481 in
1656 2454 1779 2482 caelestes
1787 2453 1845 2481 exi-

1059 2506 1183 2540 miasque
1204 2512 1235 2532 ac
1247 2504 1363 2536 divinas,
1379 2503 1426 2530 illo
1437 2506 1561 2534 auctore,
1578 2505 1707 2536 receptus
1721 2508 1752 2528 es
1765 2507 1844 2527 man-

1061 2555 1160 2582 siones.

1062 2676 1134 2703 stina
1146 2674 1309 2711 arRomanis
1319 2678 1434 2711 vastata,
1452 2674 1501 2702 illo
1513 2674 1781 2711 commigrarant,_ac
1793 2669 1847 2711 ito-

1063 2711 1146 2746 spitiii
1161 2710 1251 2737 locum
1273 2709 1312 2737 ibi
1327 2705 1507 2746 delegerant._
1525 2709 1603 2746 Quod
1614 2705 1723 2746 'etiam"
1733 2705 1847 2746 Mariam

1062 2741 1110 2782 seu
1124 2745 1299 2782 Mariamnem
1309 2744 1359 2771 τοῦ
1379 2741 1466 2782 Ἰησοῦ
1482 2741 1685 2782 εὺμὴελίστριαν
1697 2741 1764 2782 dicit
1776 2741 1846 2782 πρὸς

1061 2781 1110 2813 τὰς
1133 2780 1296 2817 Ἑλληνίδας,
1311 2775 1486 2817 annuntians
1502 2775 1591 2805 Iesum
1608 2775 1760 2817 ῃὶιιίῐενὶίιιιδ
1773 2775 1847 2817 (ξι-ω-

1060 2811 1191 2849 cis,sexui
1203 2811 1503 2851 convenientissimum,
1515 2820 1566 2851 nec
1574 2811 1849 2851 privatamexcedens

1065 2847 1227 2881 doctrinam,
1243 2858 1296 2885 qua
1316 2849 1384 2877 nihil
1395 2852 1468 2877 vetat
1478 2847 1617 2885 mulieres,
1636 2847 1720 2885 etiam
1733 2847 1849 2875 summis

1065 2886 1195 2923 apostolis
1206 2881 1352 2922 adiutrices
1359 2891 1420 2913 esse
1432 2882 1588 2918 evangelica
1601 2881 1753 2910 functione.
