2078 3154
261 205 312 240 183

837 207 982 238 NlCET/E
1002 208 1264 240 PAPHLAGONIS

1825 209 1874 242 184

295 266 509 295 Βοτιὴοιοῐηωυε
524 270 616 294 autem
634 274 650 295 e
664 266 788 302 patibulo
797 266 950 301 depositus,
971 274 1041 294 una-

1129 267 1333 303 Βαρθολομαῖος
1345 268 1373 295 δε
1389 267 1435 295 τοῦ
1455 267 1534 300 ξύλου
1550 267 1734 304 καθαιρεθεὶς,
1750 268 1797 295 καὶ
1819 269 1876 304 ἅμα

259 319 312 348 que
333 312 534 346 sapientissima
553 312 646 345 Maria,
676 319 738 340 cum
757 311 949 340 Ghristil‘erum
971 312 1038 340 illud

260 358 466 386 tabernaculum
485 362 643 387 reverenter
659 358 846 394 sepeliendum
859 364 1040 387 curassentac

258 405 408 432 Ecclesiam
423 405 638 438 conﬁrmassent,
661 411 764 440 eosque
794 404 840 440 qui
862 406 1041 434 accessissent

259 451 477 484 illuminassent;
501 459 533 479 ac
547 451 569 478 si
594 451 659 485 quid
688 451 824 486 reliquum
847 451 880 478 ad
903 450 1041 487 Evangelii

259 496 427 524 {unctionem
437 496 593 530 videbatur,
605 496 800 532 complessent,
823 503 900 524 suam
925 497 1041 532 quisque

257 543 329 570 viam
342 549 497 577 perrexere.

293 589 333 616 Tu
346 596 420 622 vero,
433 595 539 615 summe
557 588 655 624 inclyte
673 596 705 615 ac
721 588 813 615 divine
829 588 877 616 Dei
891 596 970 624 puer,
986 595 1035 617 cce

257 634 341 662 lesles
365 634 480 662 icstivus
496 642 560 662 axes
575 633 740 662 inscendens
761 634 916 669 chorosque
933 642 1018 670 agens
1034 654 1041 668 ,

257 687 289 706 ac
302 686 364 706 cum
375 679 504 714 magistro
518 683 601 713 atque
612 678 728 706 Domino
740 679 767 705 in
773 682 907 706 :eternum
918 686 1042 712 versans,

257 724 345 759 gaude
357 732 388 752 ac
396 725 486 752 lauare
508 728 635 759 tanquam
650 724 698 751 De‘i
710 723 782 751 illius
795 724 953 759 adoptione,
963 724 1044 759 quipc

258 778 291 805 pe
306 771 353 806 qui
375 771 427 798 hoc
440 774 537 798 nactus
550 770 598 802 sis,
612 774 643 798 ut
658 777 720 798 cum
735 777 768 798 eo
788 770 833 805 qui
845 775 943 798 natura
958 770 1045 798 Filius

258 820 309 847 est,
327 823 423 851 regnes
437 816 578 850 vivasque,
596 819 625 843 et
640 808 881 850 in‘sempiternum
893 816 995 844 laeteris
1011 823 1044 843 ac

258 862 402 896 pncsentia
418 862 527 889 fruaris.

293 908 397 941 Gaude,
414 909 487 944 quod
505 909 611 936 Patrem
637 908 772 941 luminum
796 908 891 936 videre
905 908 1017 943 cupiisti
1035 917 1043 942 ;

258 962 376 989 eumque
390 955 486 982 videns
493 955 526 986 ⁸⁸,
536 960 713 990 prototypum
728 955 757 982 in
776 954 857 988 Filio,
870 963 902 983 ac
915 960 1043 990 tanquam

259 997 286 1024 in
301 997 417 1032 imagine
431 997 540 1030 vidisti;
557 998 685 1032 velutque
697 998 724 1025 in
744 997 831 1032 radio,
844 998 964 1026 solemin
975 998 1043 1026 Uni-

258 1043 360 1079 genito,
384 1043 541 1072 Genitorem
558 1044 722 1079 intelligens,
737 1052 810 1072 verm
839 1045 936 1079 plenus
955 1044 1024 1072 lucis
1035 1064 1042 1076 ,

258 1091 335 1125 quasi
351 1090 504 1119 ﬂliuslucis
525 1095 607 1126 atque
618 1099 684 1119 vere
712 1091 769 1126 ipse
794 1091 841 1119 lux
869 1090 1005 1119 cnituisti.

294 1180 398 1212 Gaude,
413 1180 515 1208 Christi
529 1188 663 1216 equorum
691 1180 892 1208 ferventissime
906 1187 938 1207 ac
952 1179 1045 1215 perni-

260 1228 380 1259 cissime,
392 1235 473 1262 quem
493 1227 539 1255 ille
557 1228 757 1260 conscendens,
771 1235 802 1255 ac
817 1227 846 1254 in
875 1234 950 1254 mare
970 1227 1044 1262 quod

260 1279 351 1301 mente
367 1274 539 1309 intelligitur,
568 1273 713 1306 inducens,
736 1274 861 1308 miraque
877 1274 981 1301 ratione
997 1282 1044 1300 re-

260 1327 336 1356 gens.
352 1319 451 1346 multas
464 1327 549 1354 aquas
565 1323 610 1346 tua
617 1327 701 1354 opera
719 1319 849 1354 (absurda
861 1319 966 1347 scilicet
977 1327 1044 1354 gen-

260 1365 329 1393 tium
342 1373 421 1392 sensa
428 1373 461 1392 ac
475 1364 600 1400 consilia)
613 1364 790 1392 conturbavit
805 1364 839 1391 ⁸⁷.

294 1411 398 1443 Gaude.
416 1411 490 1446 quod
509 1411 674 1446 spiritalium
687 1411 736 1439 Dei
746 1419 880 1447 equorum
897 1411 1045 1447 (angelica-

260 1466 322 1485 rum
346 1458 453 1486 scilicet
466 1457 644 1494 potestatum)
661 1458 801 1486 volatilem
828 1458 948 1486 indolem
963 1464 1045 1493 atque

258 1505 371 1538 agilem,
383 1506 528 1540 acremque
544 1513 576 1532 ac
584 1505 702 1532 alacrem
717 1505 860 1532 aemulatus
875 1509 956 1540 atque
971 1512 1046 1532 amo-

259 1559 288 1578 re
305 1555 475 1584 prosccutus,
488 1558 538 1585 pro
546 1550 665 1578 nominis
677 1550 776 1578 merito
787 1550 894 1577 ratione
904 1549 1045 1584 Philippus

1089 314 1122 349 τῆ
1141 315 1285 351 σοφωτάτῃ
1302 314 1430 350 Μαριὰμ,
1457 315 1489 341 τὸ
1504 315 1690 349 Χριστοφόρον
1721 313 1876 350 σεῦασμίως

1090 360 1187 395 κεκηὸε
1191 360 1285 392 υκότες
1293 360 1401 395 σκῆνος,
1410 359 1456 387 καὶ
1463 360 1512 396 τὴν
1520 359 1683 395 Ἐκκλησίαν
1690 353 1876 395 στηρίξαντες,

1090 405 1211 437 καὶτοὺς
1228 405 1389 441 προσιόντας
1404 405 1572 439 φωτίσαντες
1585 425 1593 438 ,
1623 405 1670 432 καὶ
1690 405 1716 431 ei
1735 414 1761 431 τι
1785 405 1877 432 λεῖπον

1090 451 1139 486 τῆς
1157 451 1312 486 ἱερουργίας
1324 451 1372 477 τοῦ
1394 450 1560 485 Εὐαγγελίου
1583 450 1811 484 συντετελεκότες,
1830 450 1876 477 οὖ-

1091 505 1132 524 τω
1148 497 1215 533 πρὸς
1226 498 1275 533 τὴν
1290 497 1351 524 κατ’
1369 497 1467 529 αὐτοὺς
1479 496 1599 532 ἐχώρουν
1612 495 1682 524 ὁδόν.

1128 586 1164 613 Σὺ
1180 586 1208 613 δέ
1222 595 1278 622 μοι,
1291 587 1451 622 παναοίδιμε
1466 587 1514 614 καὶ
1526 587 1652 614 θεσπέσιε
1667 585 1714 613 τοῦ
1733 585 1801 612 Θεοῦ
1815 587 1876 618 παῖ,

1092 633 1142 666 τὰς
1153 633 1280 668 οὐρανίας
1292 634 1382 666 ἑστίας
1390 633 1555 669 χοροσατῶν,
1567 635 1617 660 καὶ
1627 633 1667 669 τῷ
1676 632 1828 667 διδασκάλῳ
1841 632 1876 659 δι’

1093 679 1190 713 αἰῶνος
1205 679 1253 707 καὶ
1272 680 1368 716 Κυρίῳ
1385 681 1482 713 συνὼν,
1515 681 1605 716 χαῖρε,
1632 679 1679 706 καὶ
1702 678 1876 714 κατατέρπου

1093 726 1131 757 ὡς
1152 725 1209 758 uio:
1222 725 1288 752 Θεοῦ
1306 725 1389 760 θέσει,
1403 726 1443 762 τῷ
1472 726 1541 753 κατὰ
1557 726 1637 760 φύσιν
1661 725 1718 761 Υίῷ
1745 726 1878 761 συμὸασι-

1094 770 1183 798 λεύειν
1198 770 1298 806 λαχὼν,
1307 771 1356 798 καὶ
1369 771 1458 804 συζῶν
1471 772 1517 798 καὶ
1532 771 1795 807 συνευφραινόμενος
1814 771 1878 806 ἄλη-

1096 826 1148 844 κτα
1163 817 1211 845 καὶ
1225 817 1387 853 συνομιλῶν.

1130 909 1227 944 Χαῖρε,
1254 908 1296 936 ὅτι
1313 908 1359 936 τδν
1375 908 1485 944 Πατέρα
1502 908 1557 936 τῶν
1580 907 1679 944 φώτων
1701 909 1880 944 ἐπεθύμησας

1061 939 1081 968 Β
1094 939 1225 988 κατιδείν,
1241 955 1288 982 καὶ
1310 954 1403 982 τοῦτον
1420 939 1502 990 ὁρῶν,
1529 939 1672 990 ὲδιδάχθης
1698 956 1727 982 ὲν
1755 939 1796 991 si};

1095 1001 1142 1028 καὶ
1169 1002 1207 1034 ὠς
1231 1002 1260 1028 ὲν
1275 1001 1404 1028 εικόνιτδ
1420 1001 1589 1038 ἀρχέτυπον·
1614 1001 1662 1028 καὶ
1685 1001 1722 1033 ὡς
1737 1002 1768 1029 ὲν
1792 1002 1880 1029 ἀπαυ-

1095 1047 1283 1083 γάσματι,τδν
1296 1048 1386 1084 ἥλιον·
1406 1049 1435 1074 ὲν
1461 1048 1501 1083 τῷ
1528 1048 1689 1083 Μονογενεῐ,
1713 1048 1759 1076 τὸν
1781 1049 1879 1084 γεννή-

1094 1101 1161 1129 τορα
1176 1093 1327 1126 κατανοῶν,
1343 1094 1453 1130 πλήρης
1478 1093 1504 1121 εἷ
1524 1094 1613 1129 φωτὸς
1629 1094 1756 1130 ἀληθοῦς,
1770 1094 1808 1126 ὡς
1824 1095 1881 1126 υίὸς

1100 1140 1194 1174 ρωτδς,
1211 1141 1257 1167 καὶ
1270 1140 1394 1174 αὐτοφῶς
1409 1139 1549 1176 πεφηνώς.

1130 1187 1227 1221 Χαῖρε,
1263 1186 1329 1214 ἴππε
1352 1186 1470 1221 Χριστοῦ
1497 1187 1649 1222 θερμότατε
1669 1186 1717 1213 καὶ
1733 1186 1879 1222 ταχύτατε,

1097 1233 1127 1259 ὃν
1143 1232 1241 1264 ἐπιϐὰς
1255 1233 1368 1264 ἐκεῖνος,
1381 1233 1429 1259 καὶ
1440 1233 1480 1264 είς
1491 1232 1542 1268 τὴν
1555 1233 1654 1268 νοητὴν
1667 1232 1805 1260 θάλασσαν
1818 1233 1879 1260 ἐπι-

1097 1278 1193 1311 6ι6ὦν,
1208 1279 1257 1306 καὶ
1285 1279 1444 1314 Θαυμασίως
1469 1279 1597 1315 ἡνιοχῶν,
1614 1279 1698 1306 ὕδατα
1725 1279 1812 1306 πολλά
1837 1280 1881 1307 διὰ

1097 1324 1155 1357 σοῦ,
1171 1325 1205 1352 τὰ
1220 1325 1308 1352 ἄτοπα
1319 1326 1443 1361 νοήματα
1461 1325 1642 1361 συνετάραξεν
1658 1325 1714 1352 τῶν
1728 1325 1824 1353 ἐθνῶν.

1133 1415 1231 1449 Χαιρε,
1249 1421 1290 1441 οτι
1308 1414 1362 1441 τῶν
1374 1415 1478 1450 νοητῶν
1493 1414 1539 1442 τοῦ
1553 1414 1622 1442 Θεοῦ
1636 1414 1726 1441 ῐππων
1736 1435 1744 1447 ,
1774 1415 1823 1442 εἰτ’
1836 1414 1881 1442 οῦν

1097 1461 1252 1495 ἁγγελικῶν
1267 1461 1409 1496 δυνάμεων
1433 1461 1482 1496 τὴν
1510 1461 1616 1496 πτηνὴν
1643 1460 1723 1494 φύσιν
1744 1462 1791 1487 καὶ
1815 1469 1882 1496 γορ-

1083 1506 1160 1541 λγὴν,
1193 1507 1240 1534 καὶ
1267 1506 1430 1542 δραστήριον
1460 1506 1605 1542 ἐζηλωκὼς
1633 1508 1680 1535 καὶ
1712 1506 1882 1543 πεφιληκὼς,

1101 1551 1215 1583 εἰκότως
1244 1551 1376 1583 Φίλιππος
1397 1553 1631 1588 προσηγορεύθης,
1649 1552 1697 1580 καὶ
1723 1553 1798 1588 ἅρμα
1813 1551 1881 1579 Θεοῦ

258 1596 410 1632 appelialus
422 1604 462 1628 es,
473 1597 575 1631 Deique
591 1603 698 1628 currus,
715 1599 745 1622 ut
761 1595 901 1630 Scriptura
913 1595 1045 1630 loquitur,

1102 1597 1300 1632 μυριοπλάσιον
1315 1598 1484 1633 ἀνεδείχθης,
1512 1598 1584 1626 κατά
1605 1599 1654 1634 τὴν
1677 1598 1797 1634 Γραφὴν,
1812 1599 1841 1625 ὲν
1858 1594 1882 1632 ᾧ

258 1643 352 1670 decem
367 1643 490 1670 millibus
505 1641 647 1677 multiplex
668 1641 820 1674 eﬂ'ectus“;
836 1641 863 1668 in
883 1649 938 1677 quo
962 1640 1047 1668 millia

257 1695 364 1719 eorum,
376 1688 422 1723 qui
434 1692 458 1715 te
467 1692 578 1715 auct0re
589 1686 911 1722 crediderunt(Ecclesi.-e
921 1686 1047 1721 scilicet),

258 1734 430 1761 abundantes
449 1735 505 1762 Deo
522 1733 641 1762 Sabaoth
657 1734 770 1769 gloriam
782 1734 941 1761 concinnat.

295 1778 375 1806 Salve
391 1779 438 1810 sis,
456 1783 484 1806 et
500 1779 607 1814 exsulta
627 1787 659 1806 ac
684 1779 783 1806 choros
817 1779 919 1811 ducito.
945 1779 992 1814 qui
1019 1778 1047 1806 in

259 1825 352 1853 medio
366 1826 571 1860 coryphaaorum
584 1833 715 1853 consessu
731 1825 860 1852 thronum
882 1825 975 1861 gloria:
989 1832 1049 1851 sor-

260 1872 327 1899 titus
337 1879 377 1903 es,
389 1879 420 1899 ac
432 1872 529 1907 primis
537 1871 667 1906 apostolis
677 1874 892 1898 connumeratus
904 1880 911 1898 :
927 1872 1045 1906 primum

260 1917 380 1952 denique
396 1917 469 1952 apud
484 1924 644 1952 supremum
658 1917 780 1944 omnium
788 1917 901 1952 Regem,
914 1917 1047 1944 honorem

261 1968 436 1991 consecutus.

295 2008 374 2036 Salve
392 2009 554 2044 gaudeque,
572 2016 603 2036 ac
628 2007 708 2035 nobis
735 2015 844 2043 quoque
869 2007 976 2034 amictis
999 2015 1048 2034 ex—

260 2054 372 2082 sultatio
385 2058 413 2082 et
426 2054 520 2082 laetitia
539 2058 568 2081 et
584 2053 713 2089 gaudium
725 2057 795 2080 esto.
817 2053 973 2089 Panperum
987 2060 1047 2079 mo-

259 2100 353 2128 lestias
367 2100 426 2128 leva
442 2109 449 2133 ;
464 2099 594 2127 Ecclesiis
606 2107 700 2134 pacein
709 2098 834 2129 restitue.
847 2106 879 2126 ac
892 2098 1048 2133 tranquillis

260 2145 385 2173 moribus
404 2146 534 2180 pietatem
549 2153 556 2172 :
569 2149 746 2179 nostramque
762 2144 834 2170 hanc
851 2144 976 2180 exiguam
985 2145 1046 2171 lau—

259 2192 398 2220 dationem
409 2195 550 2226 acceptam
566 2190 682 2223 habens,
712 2190 869 2219 beatissime
895 2196 923 2218 tu
944 2190 1047 2225 Deique

259 2245 374 2265 munere
396 2237 564 2268 felicissime,
602 2236 677 2271 quod
696 2243 731 2263 ex
756 2236 918 2264 Christianae
937 2235 1048 2271 pietatis

1098 1643 1215 1679 χιλιάδες
1230 1644 1283 1670 τῶν
1295 1644 1339 1671 διὰ
1353 1644 1399 1670 σοῦ
1414 1644 1524 1680 Χριστῷ
1537 1643 1749 1676 πιστευσάντων,
1769 1644 1796 1671 αἱ
1820 1644 1881 1670 Ἐκ-

1099 1688 1209 1724 κλησίαι
1227 1688 1400 1724 εὐθηνοῦσαι,
1422 1689 1500 1723 δόξαν
1527 1689 1725 1725 ἀνακρούονταί
1758 1688 1798 1725 τῷ
1822 1688 1882 1724 Θεῷ

1099 1735 1222 1762 Σαϐαὼθ.

1134 1781 1222 1816 Χαῖρε
1239 1789 1283 1816 μοι
1301 1781 1349 1808 καὶ
1364 1781 1464 1816 σκίρτα
1477 1781 1524 1808 καὶ
1553 1781 1660 1817 χόρευε,
1681 1781 1777 1816 θρόνου
1802 1781 1882 1816 δόξης

1099 1825 1128 1852 ὲν
1148 1825 1223 1860 μέσῳ
1241 1825 1294 1852 τῶν
1307 1826 1464 1860 κορυφαίων
1475 1825 1658 1862 εὐμοιρηκὼς,
1673 1826 1790 1856 καὶτοῖς
1807 1825 1883 1859 πρώ-

1099 1879 1155 1902 τοις
1161 1871 1215 1897 τῶν
1223 1871 1380 1898 ἀποστόλων
1392 1871 1504 1907 συνηριθ
1508 1881 1544 1907 μη
1550 1871 1639 1907 μένος,
1654 1871 1759 1906 καὶτῆς
1772 1871 1883 1906 πρώτης

1100 1916 1176 1953 παρὰ
1191 1917 1230 1952 τῷ
1245 1917 1417 1953 Παμὸασιλεϊ
1433 1917 1638 1953 κατηξιωμένος
1648 1917 1742 1953 τιμῆς.

1134 2007 1231 2042 Χαῖρε,
1259 2006 1327 2033 ἀλλὰ
1360 2006 1407 2033 καὶ
1439 2007 1506 2042 ἡμῖν
1530 2006 1698 2042 θλιϐομένοις
1724 2005 1883 2040 ἀγαλλίασις

1100 2053 1176 2087 γίνου
1190 2053 1238 2079 καὶ
1254 2053 1409 2088 εὐφροσύνη
1427 2053 1474 2079 καὶ
1487 2052 1568 2088 χαρά.
1585 2053 1647 2085 Τοῖς
1674 2052 1799 2087 πένησιν,
1821 2052 1882 2078 ἑπι-

1100 2097 1229 2132 κούφισον
1243 2099 1292 2131 τὰς
1303 2099 1460 2134 δυσχερείας
1471 2106 1478 2113 ·
1487 2100 1547 2130 ταῖς
1563 2098 1736 2133 Ἐκκλησίαις
1745 2098 1884 2124 ἀποκατά-

1101 2153 1200 2180 στησον
1214 2145 1262 2180 τὴν
1287 2146 1399 2180 είρήνην
1425 2145 1473 2171 καὶ
1490 2144 1540 2180 τὴν
1561 2143 1708 2178 εὐνομίαν·
1736 2143 1784 2170 καὶ
1805 2143 1885 2178 ἡμῶν

1098 2191 1149 2226 τὴν
1160 2191 1253 2226 ὀλίγην
1267 2191 1370 2226 ταύτην
1383 2191 1485 2217 αῐνεσιν
1499 2190 1709 2224 ἀποδεξάμενος,
1726 2189 1883 2225 πλήρωσον,

1099 2231 1122 2262 ὦ
1138 2234 1273 2269 τρισόλϐιε
1300 2235 1346 2260 καὶ
1360 2234 1570 2269 θεομακάριστε,
1596 2233 1647 2268 τὴν
1672 2233 1742 2260 κατά
1765 2233 1884 2268 Χριστὸν

259 2282 412 2309 rationibus
426 2287 478 2314 est,
498 2281 667 2309 desiderium
682 2280 914 2316 imple,bonaeque
929 2282 1047 2309 etbene-

1100 2280 1247 2315 ἐπιθυμίαν
1259 2289 1266 2296 ·
1288 2281 1334 2307 καὶ
1350 2280 1418 2315 πρὸς
1430 2280 1460 2307 τὸ
1472 2280 1573 2315 ἀγαθὸν
1600 2281 1648 2307 καὶ
1674 2281 1820 2316 εὐάρεστον
1837 2281 1884 2307 καὶ

259 2326 378 2359 placenti
392 2330 474 2360 atque
490 2325 617 2360 perfecta;
638 2329 735 2359 aptans
761 2324 868 2352 Domini
892 2325 1043 2356 voluntati.

260 2372 436 2400 inconfusum
448 2372 503 2398 Deo
517 2371 641 2399 exhibet:
668 2371 696 2397 in
716 2370 828 2398 Christo
842 2371 909 2398 Jesu
929 2370 1046 2398 Domino

260 2421 367 2450 nostro,
379 2416 514 2452 euigloria
523 2421 551 2444 et
562 2415 709 2451 imperium
720 2415 749 2442 in
763 2415 860 2443 macula
872 2415 1045 2444 saeculorum.

261 2464 357 2492 Amen.

421 2529 462 2557 Ex
480 2530 614 2557 miraculis
628 2529 744 2565 Philippi
761 2527 883 2564 apostoli.

298 2586 511 2614 Lucidissimum
546 2587 622 2616 sidus
653 2587 705 2614 hoc
737 2594 906 2621 magnusque
938 2584 1048 2613 Domini

263 2633 418 2670 apostolus,
430 2642 492 2662 cum
510 2635 537 2662 in
554 2634 691 2662 Galilaeam
709 2634 762 2662 iret
776 2633 944 2669 praedicans,
958 2632 1049 2660 adhuc

1099 2326 1200 2353 τέλειον
1216 2325 1322 2361 θέλημα
1338 2326 1384 2352 τοῦ
1409 2327 1544 2354 Δεσπότου
1571 2328 1752 2363 συμσισάσας,
1768 2327 1883 2355 ἁκαταί-

1101 2379 1214 2407 σχυντον
1231 2371 1408 2408 παράστησον
1419 2373 1458 2408 τῷ
1470 2373 1540 2409 Θεῷ·
1556 2374 1585 2400 ὲν
1601 2374 1712 2410 Χριστῷ
1732 2374 1820 2409 Ἰησοῦ
1844 2375 1884 2409 τῷ

1100 2417 1196 2452 Κυρίῳ
1208 2416 1297 2452 ἡμῶν,
1313 2414 1336 2451 ᾧ
1351 2417 1441 2453 ὴδόξα
1457 2418 1504 2445 καὶ
1519 2418 1549 2445 τδ
1564 2419 1663 2455 κράτος
1680 2420 1721 2451 είς
1738 2419 1803 2450 τοὺς
1815 2418 1884 2447 αἰῶ-

1101 2471 1149 2493 νας
1165 2462 1218 2490 τῶν
1231 2463 1348 2490 αίώνων.
1365 2464 1462 2500 ’Δμήν.

1177 2529 1228 2556 Ἐκ
1244 2529 1303 2557 τῶν
1317 2530 1474 2566 θαυμάτων
1490 2531 1544 2558 τοῦ
1559 2531 1734 2559 ἀποστόλου
1751 2530 1820 2566 (59).

1136 2582 1220 2617 Οὗτος
1240 2587 1255 2613 ό
1276 2587 1450 2621 φαεινότατος
1466 2588 1554 2623 ἀστὴρ
1575 2588 1622 2614 καὶ
1645 2587 1730 2623 μέγας
1751 2587 1798 2613 τοῦ
1827 2588 1884 2614 Κυ-

1103 2631 1162 2668 ρίου
1181 2633 1346 2666 ἀπόστολος,
1370 2634 1407 2666 ib;
1432 2635 1475 2661 ἐπ’
1500 2634 1585 2669 αὐτὴν
1609 2633 1652 2669 ᾔει
1668 2633 1717 2669 τὴν
1738 2633 1885 2661 Γαλιλαίαν

297 2726 321 2742 ⁸⁸
335 2726 524 2759 Joan.xnv,8.
561 2727 583 2744 ³⁷
613 2727 715 2756 Hahae.
741 2735 781 2761 III,
804 2728 830 2755 8.
869 2728 892 2743 ⁸⁸
906 2728 978 2756 Psal.
1002 2735 1083 2758 vau.
1100 2727 1144 2754 18.

300 2805 355 2841 (59)
375 2806 501 2834 Narratio
528 2807 596 2839 haec,
613 2807 653 2833 sic
669 2806 826 2833 Cra-corum
851 2806 960 2834 Mcnmis
984 2814 1049 2833 con-

264 2846 380 2876 secrata,
407 2843 552 2869 maximam
574 2841 669 2876 procul
683 2841 767 2868 dubio
792 2841 850 2868 veri
866 2842 983 2876 speciem
1001 2841 1050 2868 ha—

265 2875 323 2907 bet.
340 2875 608 2904 consentientissitna
631 2876 693 2904 aliis
723 2883 783 2911 qua:
795 2876 823 2903 in
840 2875 900 2904 Act.
917 2876 1050 2904 adversus

265 2911 405 2946 apostolos
415 2916 488 2945 gesta
503 2912 628 2946 legimus,
649 2912 692 2939 vcl
717 2919 777 2946 qua:
799 2911 882 2937 etiam
895 2919 911 2938 a
927 2911 1049 2946 probatis

263 2945 422 2973 auctoribus
440 2945 606 2975 rcferuntur.
627 2945 731 2975 Nomen
745 2946 872 2975 Archelai
894 2946 1050 2981 Obrepsisse

1103 2805 1283 2841 typographo,
1295 2805 1358 2841 sive
1370 2805 1454 2832 etiam
1474 2805 1638 2840 antiquario,
1654 2812 1687 2833 ex
1701 2813 1756 2840 quo
1772 2805 1818 2833 ille
1835 2813 1885 2832 ex-

1123 2840 1402 2873 rcssit,'manifestum
1428 2845 1489 2873 est;
1510 2849 1563 2868 nec
1583 2841 1656 2867 enim
1673 2841 1767 2868 tandiu
1782 2841 1886 2868 Arche-

1113 2883 1162 2903 ans
1190 2873 1328 2910 superstes
1351 2875 1411 2908 fuit,
1441 2879 1488 2903 aut
1503 2876 1573 2903 alius
1583 2876 1642 2911 ejus
1658 2875 1777 2902 nominis
1790 2875 1818 2902 in
1837 2875 1886 2911 .lu-

1102 2911 1171 2942 dzea,
1183 2918 1216 2946 ea
1228 2915 1387 2946 tempestate
1402 2918 1450 2938 rex
1466 2911 1527 2942 iuit,
1544 2910 1590 2946 qui
1607 2911 1654 2946 jus
1677 2911 1740 2937 vita:
1759 2919 1791 2946 ac
1811 2910 1887 2938 necis

1101 2946 1155 2974 sibi
1171 2945 1333 2981 indulgeret,
1347 2945 1375 2974 in
1389 2954 1438 2974 eos
1450 2947 1497 2981 qui
1515 2945 1637 2974 Mosaica:
1652 2946 1718 2981 legis
1738 2945 1887 2973 violatores
