2078 3154
188 213 237 246 185

559 212 699 243 ORATIO
715 212 767 243 IX.
783 225 818 230 -
831 211 874 243 ΙΝ
890 211 1045 243 LAUDEM
1064 213 1094 242 S.
1112 211 1281 243 PHILIPPI
1299 212 1426 243 APOST.

1756 213 1806 246 186

183 272 344 308 κηρύσσων,
360 271 400 299 ἔτι
416 272 455 308 τῷ
469 272 518 308 βίῳ
533 274 636 309 περιὼν
646 295 654 307 ,
667 274 777 309 γύναιον
794 275 868 310 αὐτῷ
883 284 967 310 προσ-

1022 275 1083 303 vitze
1101 280 1256 310 superstes,
1271 274 1371 302 mulier
1394 273 1517 310 quaedam
1536 274 1575 302 illi
1591 273 1699 302 obviam
1714 273 1805 306 vertit,

182 319 305 354 υπαντᾷ,
333 318 479 353 ἐκκομίζου
497 319 603 346 παιδίον
623 320 772 355 τεθνηκός·
793 321 839 348 καὶ
854 319 897 348 οἶα
916 321 968 356 μή-

181 374 253 399 τηρ,
279 364 405 399 ἀμέτρως
429 365 570 392 ἐκόπτετο.
585 366 693 401 Ταύτην
715 368 729 392 ὁ
741 366 887 401 κηρύσσων
901 375 968 392 κατ-

181 411 334 445 οικτείρας,
356 411 403 436 καὶ
417 411 466 446 τὴν
487 411 576 443 δεξιὰν
602 412 641 447 τῷ
653 412 795 447 τεθνηκότι
813 413 968 447 προτείνας.

183 457 315 490 Ἔγειρε,
336 456 452 482 κελεύει
468 464 518 483 σοι
535 458 551 483 d
571 457 622 483 ὑπ’
639 457 712 492 ἐμοῦ
734 458 967 492 κηρυττόμενος,

180 501 293 536 ἔφησεν,
320 501 441 533 Ἰησοῦς
461 503 478 528 d
493 503 621 536 Χριστός
632 511 639 518 ·
655 503 701 529 καὶ
720 504 734 530 ό
756 503 834 537 λόγος
851 503 969 539 ζωτικὴν

179 546 256 581 αὐτῷ
272 546 372 572 ἔδωκεν
382 546 534 582 ἀνέγερσιν,
547 547 594 574 καὶ
608 549 641 583 τῇ
668 549 802 584 πενθούσῃ
818 549 969 584 βακτηρίαν

181 592 227 618 τὸν
240 592 394 619 ἀναστάντα
405 592 533 626 γενέσθαι
546 594 615 629 πρὸς
632 594 680 630 τὴν
694 595 782 621 οἰκίαν
799 598 970 631 παρεσκεύα-

181 646 238 664 σεν.
259 637 292 664 Ἦ
306 638 345 668 δὲ,
356 638 410 664 τῶν
426 639 506 673 ῐχνων
516 638 563 665 τοῦ
579 638 789 674 θαυματουργοῦ
801 640 967 675 δραξαμένη,

182 683 238 709 Ὃν
258 683 448 716 ἀνέστησας,
467 683 542 718 ἔλεγε
553 703 561 716 ,
576 684 614 711 δι’
632 685 741 718 ὕδατος
762 685 970 720 ἀναγέννησον

179 728 243 755 σὺν
266 728 342 762 ἐμοί.
371 729 425 755 Καὶ
453 730 574 764 τυχοῦσα
598 732 647 765 τῆς
669 731 795 765 χάριτος,
809 731 970 762 ’ἀπόστολος

180 774 313 807 ἐγεγόνει,
331 775 414 801 πᾶσιν
427 775 660 812 εὐαγγελιζομένη
682 776 729 803 τοῦ
745 777 802 804 υῑοῦ
822 778 906 813 αὐτῆς
919 778 969 813 τὴν

180 820 340 848 ἀνάστασιν.

215 863 287 897 Ἦγε
314 865 343 892 δὲ
368 866 462 893 τοῦτον
491 867 538 894 καὶ
568 867 612 893 ἐπ’
642 867 797 904 Ἀθήνῃσιν.
828 869 912 896 Ἔνθα
939 869 970 896 τὸ

180 911 283 938 ἁπλοῦν
295 911 343 938 τοῦ
357 912 438 946 λόγου
456 912 507 939 κᾶν
524 913 671 945 εὐτελίζειν
685 914 709 940 οἱ
733 914 869 949 Ἀθηναῖοι
889 915 968 942 ἐϐού-

180 957 266 988 λοντο,
281 959 298 993 ἡ
316 958 415 992 πρᾶξις
433 959 487 985 τῶν
501 959 661 994 παραδόξων
676 960 781 992 τούτοις
796 961 967 996 ἀντεπισχεῖν

179 1004 282 1032 ἔπειθε.
309 1005 364 1031 Καὶ
389 1004 493 1037 λοιπὸν,
524 1006 555 1032 Tl
574 1005 612 1039 δὴ
629 1005 768 1039 πράττειν
790 1006 966 1041 ὀφείλομεν,

179 1050 282 1084 ἔλεγον,
297 1050 382 1085 ἡμεῖς
398 1052 426 1078 οι
442 1051 509 1085 περὶ
521 1051 592 1083 τοὺς
609 1051 720 1085 λόγους
735 1051 966 1086 ἐσπουδακότες,

180 1097 289 1123 τούτου
316 1097 379 1129 τοῖς
406 1099 509 1132 λόγοις
536 1097 721 1131 damnarat;
744 1098 797 1125 Καὶ
828 1099 883 1133 γὰρ
894 1105 910 1130 ,κ
928 1100 967 1132 ὡς

179 1141 282 1176 ὁρᾶτε,
307 1142 446 1175 ἄπροικος
469 1141 558 1175 οὗτος
580 1143 628 1169 καὶ
654 1142 780 1177 ἄπολις,
803 1144 837 1170 ἐνν
853 1144 886 1170 δὲ
906 1145 967 1178 τοῖς

179 1188 278 1222 ἔργοις
295 1188 379 1223 ἡμῶν
397 1188 546 1223 ἐγκρατὴς
560 1189 609 1215 καὶ
630 1190 797 1223 περιμανὴς
817 1189 968 1217 ἐνδείκνυ-

179 1243 237 1261 ται.
269 1235 429 1268 Τοιγαροῦν
454 1234 490 1261 δι’
519 1235 684 1270 ἐπιστολῆς
712 1236 908 1271 σημανοῦμεν
929 1236 969 1270 τῷ

179 1280 414 1314 ἀρχιπραμματεῖ
430 1279 491 1306 τῶν
520 1281 668 1308 Ἰουδαίων
685 1282 720 1309 ἐν
750 1282 949 1318 Ἰερουσαλήμ
960 1292 967 1298 ·

180 1327 228 1353 καὶ
243 1326 275 1352 τὺ
291 1327 371 1360 δόξαν
389 1322 462 1353 οὗτοι
476 1327 670 1362 κρατύναντες,
687 1329 778 1356 ἱκανὸν
799 1329 866 1365 πρὸς
882 1330 913 1357 τὸ
927 1331 970 1357 λέ-

181 1382 240 1407 γειν
254 1373 508 1405 ἐξαποστέλλουσιν.
529 1374 557 1399 Ὀ
571 1373 636 1407 γοῦν
653 1374 832 1408 ἀποσταλεὶς,
847 1375 901 1402 ἔσω
920 1377 969 1411 τῆς

186 1419 364 1454 Ἰερουσαλὴμ.
381 1419 516 1453 γεγονὼς,
541 1420 610 1454 μετὰ
629 1420 678 1456 τὴν
695 1421 816 1447 ἐπίδοσιν
831 1421 880 1456 τῆς
901 1430 968 1456 γρα-

181 1466 245 1499 φῆς,
269 1465 312 1491 διὰ
328 1465 416 1498 λόγων
430 1466 487 1496 τοῖς
511 1465 640 1501 ἄρχουσιν
662 1468 836 1502 ὲπετράνωσε
862 1468 896 1494 τὰ
920 1468 970 1503 τῆς

181 1511 300 1547 γραφῆς,
314 1510 413 1544 λέγων·
429 1512 562 1546 Τοῦνομα
575 1512 724 1545 Φίλιππος
737 1513 770 1539 ἐκ
783 1513 842 1540 τῶν
852 1510 911 1540 ὦδέ
926 1522 970 1546 τις

180 1556 278 1590 λέγων
291 1555 383 1589 εἶναι,
411 1556 535 1591 ἀφίκετο
551 1558 626 1591 πρὸς
651 1557 750 1592 ἡμᾶς·
774 1558 808 1591 ὃς
830 1558 971 1593 ἄγροικον

1020 329 1080 357 qua:
1098 320 1185 347 lilium
1203 328 1284 347 suum
1299 319 1460 348 defunctum
1477 320 1588 347 etl'erret
1604 329 1612 347 τ
1630 323 1807 353 maternaque

1019 367 1120 402 pietate
1138 374 1169 393 ac
1192 373 1274 393 sensu
1309 373 1393 400 supra
1412 365 1523 392 modum
1545 364 1701 400 plangebat.
1719 363 1807 399 Hujus

1019 412 1120 440 Christi
1138 419 1227 447 prmco
1242 411 1382 443 misertus,
1397 411 1550 446 dextraque
1565 411 1694 438 defuncto
1706 418 1806 445 expor-

1019 465 1093 486 recta
1108 468 1114 485 :
1128 457 1223 493 Surge,
1234 457 1413 493 inquit,jubet
1427 457 1471 484 tibi
1486 458 1531 492 qui
1546 465 1562 483 a
1580 465 1620 483 me
1633 456 1805 492 prwdicatur,

1018 504 1094 532 Iesus
1109 503 1228 532 Christus
1241 512 1250 530 :
1263 503 1383 538 fecitque
1398 510 1500 535 sermo,
1516 507 1545 530 ut
1560 510 1628 537 puer
1640 503 1720 530 vivus
1733 502 1807 530 exci-

1019 555 1141 584 taretur;
1163 555 1191 578 et
1213 554 1243 577 ut
1263 550 1310 586 qui
1332 549 1480 577 suscitatus
1503 553 1578 581 erat,
1595 549 1698 584 lugenti
1724 549 1805 576 matri

1019 597 1136 625 baculus
1161 596 1347 624 sustentanda:
1369 595 1664 624 domuitredderetur.
1686 595 1721 622 At
1744 595 1804 627 illa,

1019 645 1080 680 ejus
1104 644 1151 679 qui
1179 643 1342 670 miraculum
1369 645 1490 677 patrarat
1513 641 1636 675 vestigiis
1663 640 1771 668 admota
1797 649 1805 668 :

1020 690 1102 723 Quem
1115 690 1257 722 suscitasti,
1268 689 1368 721 aiebat,
1380 697 1434 715 una
1448 696 1549 714 mecum
1562 695 1608 722 per
1623 695 1721 721 aquam
1735 694 1808 721 rege-

1022 744 1098 764 nera.
1117 735 1271 770 Munusque
1290 738 1451 766 consecuta,
1468 733 1608 768 apostolus
1624 733 1723 766 evasit,
1740 732 1806 760 dum

1020 781 1069 809 ﬁlii
1085 781 1291 809 suscitationem
1307 779 1415 807 cunctis
1430 779 1582 806 annuntiat.

1054 868 1137 896 Duxit
1149 876 1215 896 vero
1227 873 1255 895 et
1269 868 1391 896 Athenas
1406 868 1570 902 apostolum.
1585 868 1637 902 lbi,
1649 876 1805 903 quanquam

1019 922 1053 942 eo
1070 914 1161 942 animo
1178 919 1256 942 erant
1271 914 1454 942 Athenienses
1470 919 1501 942 ut
1516 923 1567 950 pro
1586 915 1722 943 sermonis
1738 916 1806 943 sim-

1021 961 1143 996 plicitate
1154 965 1372 993 contemnerent,
1382 961 1577 996 stupendarum
1590 966 1681 990 tamen
1692 970 1723 990 ac
1733 962 1808 990 inau-

1022 1007 1140 1034 ditarum
1152 1015 1244 1034 rerum
1257 1007 1386 1042 patratio.
1398 1007 1487 1034 obniti
1502 1015 1551 1034 eos
1563 1007 1695 1036 doctrinae
1708 1009 1807 1036 suade-

1021 1052 1077 1080 bat.
1093 1051 1131 1080 Ac
1146 1053 1256 1080 demum
1273 1061 1281 1080 :
1298 1052 1442 1086 Quidnam.
1460 1053 1579 1086 aiebant,
1596 1054 1691 1088 facturi
1706 1063 1806 1088 sumus,

1021 1107 1068 1126 nos
1084 1100 1128 1132 qui
1147 1099 1300 1134 eloquentia
1318 1108 1349 1126 ac
1365 1099 1489 1126 doctrinis
1506 1107 1613 1134 operam
1630 1101 1733 1134 damus,
1748 1109 1808 1128 eum

1020 1145 1098 1179 hujus
1122 1144 1284 1170 sermonibus
1312 1143 1470 1171 vincamur?
1495 1144 1621 1177 Etenim,
1643 1149 1672 1171 ut
1699 1145 1806 1178 videtis,

1020 1191 1131 1217 rusticus
1149 1191 1198 1217 iste
1214 1191 1370 1225 incertisque
1386 1191 1487 1217 sedibus
1505 1199 1601 1226 vagus,
1619 1199 1727 1226 operum
1752 1191 1810 1218 luce

1022 1237 1104 1262 nostri
1125 1244 1228 1271 compos
1247 1236 1410 1271 illustrisque
1429 1237 1546 1271 efficitur.
1565 1237 1730 1273 Quapropter
1746 1247 1810 1265 con-

1020 1283 1118 1317 scripta
1144 1281 1255 1317 epistola
1280 1282 1456 1317 signiﬁcemus
1481 1282 1633 1310 Scribarum
1659 1284 1810 1312 Iuda-orum

1022 1328 1212 1363 Hierosolymis
1225 1329 1347 1364 principi.
1359 1328 1480 1356 Firmata
1493 1337 1575 1361 porro
1591 1329 1647 1356 illis
1662 1330 1809 1363 sententia,

1022 1375 1068 1410 qui
1092 1375 1131 1402 rei
1154 1375 1315 1409 eloquendze
1333 1375 1449 1402 idoneus
1470 1379 1553 1406 esset.
1568 1376 1689 1403 mittunt.
1705 1376 1730 1403 Is
1746 1384 1812 1404 vero

1022 1428 1084 1448 cum
1102 1420 1317 1456 Hierosolymam
1332 1420 1465 1452 venisset,
1482 1420 1589 1448 reddita
1606 1422 1731 1456 epistola,
1746 1429 1811 1449 ver-

1023 1467 1067 1495 bis
1082 1466 1246 1502 explanabat
1262 1475 1322 1501 qua:
1340 1466 1385 1493 illa
1402 1466 1619 1499 continerentur,
1634 1467 1729 1494 dicens
1746 1475 1753 1494 :
1767 1467 1811 1495 Vir

1023 1514 1146 1548 quidam,
1163 1513 1207 1548 qui
1223 1520 1251 1539 se
1268 1513 1418 1548 Philippum
1435 1514 1523 1540 vocari
1539 1513 1623 1544 dicat,
1640 1513 1674 1540 ad
1691 1522 1736 1540 nos
1753 1514 1811 1541 hinc

1023 1559 1151 1594 profectus
1166 1564 1212 1586 est.
1223 1559 1272 1586 Est
1286 1558 1332 1586 ille
1344 1559 1448 1593 quidem
1464 1559 1523 1586 rudi
1541 1560 1688 1594 rusticaque
1699 1559 1812 1594 eloquio.

181 1601 237 1636 μὲν
255 1601 426 1635 ἐπιφέρεται
453 1601 506 1627 τὸν
533 1602 645 1636 λόγον,
676 1603 712 1629 οὺ
730 1603 838 1637 μικρὸν
856 1603 890 1629 δὲ
914 1602 969 1636 τὴν

1024 1612 1074 1639 quo
1104 1609 1193 1631 tamen
1221 1612 1273 1631 non
1300 1612 1396 1639 parum
1423 1604 1502 1631 corda
1528 1608 1620 1631 nostra
1645 1605 1811 1640 patriamque

180 1645 266 1681 ἡμῶν
281 1647 452 1673 camelos-ta
466 1645 524 1680 τὴν
539 1647 665 1680 καρδίαν
683 1647 731 1674 καὶ
746 1648 889 1682 πατρίδα,
907 1657 969 1676 και-

180 1692 236 1718 νὸν
251 1691 438 1726 διαγγέλλων
452 1693 556 1727 ὄνομα,
575 1693 706 1727 Ἰησοῦν,
719 1690 743 1727 ᾧ
759 1694 805 1720 καὶ
818 1695 970 1729 χρώμενος

180 1738 230 1765 ἐπὶ
253 1737 406 1772 γλώττης,
436 1738 641 1773 ἀποτρόπαιον
664 1739 727 1772 ἔχει
749 1739 897 1772 δαιμόνων
921 1740 970 1766 καὶ

180 1782 363 1817 νοσημάτων
378 1782 587 1809 παντοδαπῶν.
611 1782 704 1809 Ἀλλά
719 1791 752 1817 γε
767 1782 828 1809 σὺν
842 1783 968 1815 τούτοις,

181 1829 231 1855 καὶ
246 1829 280 1855 τὸ
295 1828 489 1862 κατέπριιξεν.
510 1827 676 1856 Ἀπολιπώτ
691 1837 737 1860 τις
753 1828 806 1855 τὸν
821 1828 903 1861 βίον.
920 1828 969 1855 καὶ

181 1874 258 1909 πρὸς
269 1874 323 1901 τεν
335 1874 433 1909 χῶρον
445 1874 503 1901 τῶν
514 1874 682 1901 τεθνεώτων
693 1874 920 1909 μεταχωρήσας,
933 1873 969 1909 τῇ

181 1919 236 1946 τοῦ
261 1919 363 1952 Ἰησοῦ
376 1921 561 1954 προσηγορίᾳ
575 1919 738 1953 ἀνέστησε.
763 1921 899 1947 Λείπεται
918 1929 970 1947 τοι-

180 1965 295 2000 ταροῢν
311 1965 448 1999 οἶχε-σθαι
462 1966 498 1992 τὰ
511 1965 611 2000 ἡμῶν,
628 1965 678 1992 καὶ
697 1965 734 1992 τὰ
754 1967 862 1993 τούτου
877 1966 970 1998 αὐξά-

180 2013 286 2038 νεσθαι
296 2032 302 2043 ,
316 2011 395 2046 εἰμὴ
410 2012 514 2046 τάχιόν
531 2020 576 2044 τις
590 2011 665 2045 πρὸς
679 2010 756 2046 ἡμᾶς
770 2011 804 2043 ἐξ
816 2010 899 2046 ὑμῶν
913 2018 969 2038 πα-

180 2057 345 2091 ρατένοιτο.

219 2103 273 2129 Καὶ
299 2103 331 2138 δὴ
356 2102 472 2137 ἐξαυτῆς
496 2103 565 2137 μετὰ
587 2103 705 2138 σοϐαρᾶς
730 2103 778 2129 καὶ
805 2101 968 2137 ἀλαζονικῆς

180 2147 332 2182 φαντασίας
344 2147 394 2183 τὴν
413 2147 525 2174 Ἐλλάδα
539 2149 553 2174 ὁ
569 2148 815 2183 ἀρχιγραμματεὺς
827 2147 969 2182 καταλαμ-

180 2194 271 2227 ὕάνει,
286 2193 356 2220 κατὰ.
369 2193 502 2220 Φιλίππου
515 2194 616 2230 σφόδρα
633 2194 803 2229 χαλεπαίνων
813 2202 819 2209 ’
837 2193 883 2220 καὶ
901 2195 968 2228 μήτε

181 2241 265 2275 ἄρτου
291 2239 459 2274 γευσάμενος
489 2241 559 2276 μήτε
585 2240 658 2273 τινος
681 2239 762 2267 ἄλλου
785 2239 839 2267 τῶν
863 2239 968 2274 σώματι

1023 1653 1193 1681 commoveat,
1207 1650 1270 1676 dum
1286 1657 1381 1676 novum
1396 1657 1490 1676 nomen
1505 1648 1603 1684 (Iesum
1618 1649 1725 1684 scilicet)
1742 1659 1811 1685 prte-

1024 1695 1110 1727 dicat;
1124 1703 1200 1730 quem
1216 1699 1240 1721 et
1252 1695 1280 1721 in
1297 1694 1387 1729 lingua
1403 1694 1509 1726 habens,
1521 1694 1661 1727 daemones,
1677 1695 1811 1730 omnisque

1022 1740 1123 1774 generis
1140 1740 1243 1766 morbos
1258 1739 1389 1766 deturbat.
1399 1738 1450 1766 Sed
1465 1744 1488 1765 et
1501 1747 1560 1765 eum
1574 1739 1642 1771 istis,
1654 1747 1709 1766 rem
1720 1744 1811 1774 patra-

1022 1785 1067 1815 vit.
1082 1793 1140 1820 quia
1155 1789 1289 1819 stuporem
1306 1784 1421 1817 iniiciat.
1439 1783 1568 1810 Humanis
1581 1785 1711 1819 quispiam
1724 1792 1811 1811 exem-

1023 1835 1081 1866 ptus
1097 1835 1164 1863 erat,
1176 1835 1255 1866 atque
1269 1830 1303 1857 ad
1318 1829 1499 1865 defunctorum
1512 1829 1597 1857 tociun
1611 1820 1811 1866 commigrarat.

1022 1877 1097 1904 Hunc
1115 1877 1159 1904 ille
1177 1877 1312 1904 suscitavit
1333 1877 1453 1904 invocato
1474 1876 1537 1903 Jesu
1556 1878 1670 1904 nomine.
1687 1877 1811 1912 Superest

1022 1924 1110 1958 itaque
1126 1927 1154 1949 ut
1172 1928 1262 1950 nostra
1280 1922 1359 1957 plane
1375 1921 1532 1949 aboleantur
1548 1928 1573 1949 et
1588 1923 1735 1956 intereant;
1753 1931 1811 1959 qua:

1022 1976 1082 1995 vero
1094 1968 1167 1995 illius
1178 1972 1251 2001 sunt,
1264 1972 1422 2004 augeantur,
1435 1969 1485 1995 nisi
1498 1969 1573 1996 citius
1587 1977 1619 1996 ea:
1630 1969 1700 1996 vobis
1715 1968 1810 2006 aliquis

1023 2014 1058 2040 ad
1073 2022 1118 2041 nos
1131 2014 1229 2041 ueniat.

1057 2101 1154 2129 Statim
1173 2109 1239 2136 ergo
1263 2101 1344 2136 pleno
1364 2100 1466 2134 fastus,
1484 2101 1658 2136 superboque
1677 2106 1809 2136 apparatu

1023 2147 1180 2175 Scribarum
1199 2147 1327 2182 princeps
1343 2146 1475 2175 Graeciam
1496 2147 1580 2182 petit,
1595 2147 1726 2175 adversus
1742 2147 1808 2174 Phi:

1021 2193 1126 2228 lippum
1139 2193 1218 2220 valde
1232 2188 1396 2228 indignans;
1414 2201 1445 2220 ac
1461 2201 1550 2227 neque
1567 2200 1637 2228 pane
1653 2193 1807 2228 degustato,

1022 2248 1112 2275 neque
1129 2240 1186 2268 ullo
1202 2239 1266 2272 alio,
1281 2239 1354 2275 quod
1371 2239 1479 2274 corpori
1494 2239 1679 2275 indulgeatur,
1691 2239 1808 2268 sublime

182 2338 356 2375 viderentur,
367 2343 395 2375 et
409 2340 443 2366 ab
455 2347 486 2366 ea
503 2339 628 2366 homines
643 2347 767 2367 avocare.
788 2340 844 2367 Hoc
858 2340 968 2368 nomine
987 2341 1007 2369 D
1022 2348 1083 2375 qua:
1100 2339 1157 2374 ipsa
1167 2339 1282 2367 Athenis
1294 2338 1417 2375 snliieere
1429 2339 1559 2374 Apostolo
1572 2343 1688 2374 poterat,
1703 2343 1733 2366 ut
1746 2347 1807 2367 mo-

175 2374 274 2401 tlarus
291 2374 413 2410 Herodes
431 2375 533 2409 junior,
547 2376 594 2409 qui
608 2375 739 2402 Iacobum
754 2375 854 2402 occidit
869 2375 969 2410 gladio,

182 2409 324 2444 voluitque
337 2409 464 2437 occidere
472 2415 500 2437 et
512 2411 633 2441 Petrum,
658 2410 710 2437 etsi
730 2410 832 2438 Iudaeis
846 2409 880 2436 in’
891 2410 970 2437 Chri-

182 2445 462 2480 tumreligiosiorme
473 2453 506 2472 ea
531 2452 599 2472 nece
626 2445 742 2473 foedaret
767 2445 968 2472 solemnitatem

184 2479 481 2515 paschalem,’distulit
502 2485 564 2514 post
593 2480 652 2507 dies
672 2487 840 2515 azymorum,
857 2480 968 2514 quando

185 2520 214 2541 et
227 2515 326 2542 Petrus
338 2514 373 2550 ab
385 2515 481 2549 angelo
495 2516 628 2543 liberatus
636 2519 687 2542 est.
704 2514 836 2550 Agrippas
846 2523 966 2550 quoque,

183 2550 243 2584 ipse
259 2549 286 2576 in
298 2549 440 2577 Judaismo
465 2550 693 2585 religiosissimus,
710 2549 846 2585 regnoque
869 2549 970 2578 Iudaeae

183 2585 300 2618 aliisque
319 2585 469 2619 provinciis
497 2585 682 2612 Romanorum
708 2585 899 2612 benevolentia
923 2593 972 2612 au-

184 2619 302 2649 ctus,sic
309 2619 400 2654 potuit
410 2620 436 2646 in
451 2620 588 2654 apostolos
595 2620 804 2651 excandescere,
815 2628 971 2655 quanquam

188 2656 216 2681 in
234 2655 349 2681 Paulum
361 2655 454 2682 mitior
464 2655 600 2687 videatur,
615 2662 677 2682 cum
690 2655 824 2682 dicentem
839 2655 971 2685 audisset.

183 2690 238 2724 jam
255 2690 389 2722 vinctum,
405 2690 453 2720 sed
477 2691 523 2725 qui
543 2691 677 2717 Caesarem
702 2690 873 2724 appellasset.
884 2698 971 2724 eaque

185 2725 294 2751 ratione
306 2732 362 2760 nec
376 2725 484 2760 abillo,
517 2733 592 2752 ncca
607 2725 686 2752 Festo
706 2725 822 2759 praeside
852 2725 969 2760 judicari

185 2763 289 2795 posset.
304 2759 386 2786 Trahi
402 2759 614 2795 Hierosolymam
626 2768 659 2786 ex
674 2759 735 2786 aliis
750 2759 845 2794 procul
855 2767 972 2794 synago-

186 2794 242 2830 gisﬂ
255 2794 396 2830 religionis
427 2803 500 2824 reos.
514 2794 571 2830 ipsa
592 2794 667 2822 Pauli
701 2795 799 2829 legatio
813 2795 973 2821 Damascum

188 2829 292 2856 indicio
304 2835 357 2861 est,
369 2837 431 2856 cum
458 2829 561 2857 irartim
592 2830 689 2864 plenus
702 2837 734 2857 ac
755 2830 843 2856 minas
865 2830 978 2864 spirans

189 2864 217 2890 in
224 2864 374 2898 discipulos
382 2865 490 2892 Domini
501 2865 605 2900 (utique
612 2873 644 2892 ex
651 2865 752 2891 ludatis
758 2864 919 2898 conversos)
928 2864 978 2891 fer-

191 2904 277 2928 retur.
284 2900 379 2933 quales
386 2905 415 2926 et
424 2900 451 2927 hi
458 2900 638 2927 Athenienses
644 2899 873 2929 videntur-luisse.
881 2907 912 2925 ac
923 2907 978 2925 mu-

194 2933 245 2961 lier
258 2935 337 2967 cuius
353 2935 439 2963 lilium
454 2935 482 2962 in
491 2936 600 2963 Galilcca
616 2935 760 2970 Apostolus
777 2936 958 2962 suscitaverat
971 2943 976 2961 :

1024 2374 1061 2402 ris
1073 2379 1133 2402 erat
1145 2374 1378 2408 Judaeissumptus
1386 2374 1476 2402 lacere
1489 2375 1546 2401 suis
1563 2374 1715 2409 magistris:
1726 2383 1808 2409 quam

1022 2410 1149 2437 Christus
1163 2409 1391 2437 consuetudinem
1406 2417 1461 2436 non
1478 2409 1600 2439 sustulit.
1615 2409 1664 2437 sed
1687 2410 1810 2444 discipu-

1022 2445 1056 2472 lis
1070 2446 1127 2472 suis
1144 2445 1258 2472 liberam
1272 2445 1344 2480 tccit.
1360 2444 1411 2477 Qui
1430 2444 1511 2471 toties
1523 2444 1645 2479 pontifex
1666 2445 1809 2480 ἀρχιερεὺς

1021 2485 1049 2507 et
1063 2480 1308 2514 ἁρχιγραμματεὺς
1320 2479 1431 2509 dicitur.
1446 2487 1506 2514 non,
1517 2479 1574 2514 ipse
1600 2487 1724 2506 summus
1740 2488 1808 2514 pon-

1023 2515 1088 2542 life:
1104 2513 1280 2542 Hebrzeorum
1298 2514 1445 2550 putandus,
1461 2513 1508 2541 sed
1528 2513 1617 2548 quem
1649 2513 1807 2550 synedrium

1024 2550 1300 2585 Hierosolymitanum
1337 2549 1485 2585 ἀπόστολον
1509 2550 1646 2581 mitteret,
1667 2549 1698 2576 et
1726 2550 1804 2583 quasi

1024 2585 1136 2619 ἔξαρχον
1149 2584 1157 2617 ζ
1175 2585 1265 2611 virum
1293 2584 1399 2611 scilicet
1412 2584 1523 2619 generis
1534 2584 1710 2611 sacerdotalis
1725 2589 1753 2611 et
1768 2584 1807 2610 le—

1042 2618 1196 2655 ispcritum,
1207 2619 1328 2654 legisque
1337 2619 1537 2646 :emulationem
1552 2619 1709 2649 habentem,
1719 2618 1808 2652 qualis

1036 2654 1076 2682 uit
1099 2655 1199 2682 Paulus
1226 2655 1326 2681 missus
1346 2654 1378 2680 ad
1407 2662 1556 2689 synagogas
1580 2655 1606 2681 in
1634 2655 1807 2689 Damascum,

1024 2697 1182 2725 quanquam
1213 2689 1266 2716 hoc
1276 2689 1318 2725 illi
1345 2687 1448 2725 deerat.
1463 2687 1492 2716 ut
1509 2687 1582 2725 esset
1596 2697 1633 2725 ex_
1644 2687 1807 2725 sacerdotali

1025 2721 1223 2760 prosapiagquj
1236 2723 1332 2760 seipse
1352 2724 1385 2760 de
1414 2725 1486 2751 tribu
1516 2721 1807 2760 Benjainimatlirrnat.

1025 2756 1084 2786 Nec
1102 2756 1315 2786 iiiodo‘l'lehraiis
1345 2759 1445 2786 desunt
1476 2758 1589 2793 apostoli
1608 2765 1639 2783 ac
1659 2756 1809 2793 disciplinae

1028 2795 1095 2829 legis
1105 2794 1236 2828 prrefecti,
1249 2801 1317 2829 quos
1328 2801 1360 2821 ex
1375 2791 1502 2829 synodi-io
1511 2792 1552 2829 vel
1563 2791 1809 2826 llierosolymitano

1027 2830 1071 2856 vel
1087 2828 1262 2865 Babylonico
1275 2830 1385 2865 mittant
1407 2829 1439 2855 ad
1458 2828 1594 2865 subjectos
1615 2834 1765 2861 synagogas
1778 2835 1808 2854 ac

1029 2865 1133 2901 plebes,
1143 2861 1191 2901 qui
1203 2865 1325 2901 severius
1339 2864 1365 2901 in
1379 2864 1464 2898 legem
1478 2861 1633 2901 commissa,
1647 2866 1675 2888 et
1691 2870 1808 2896 quorum

1029 2898 1225 2934 indulgentiam
1242 2907 1294 2926 non
1319 2898 1432 2934 habent»
1450 2905 1498 2931 per
1518 2898 1639 2934 gentium
1653 2905 1808 2932 pressuram

1029 2942 1064 2962 ex
1078 2932 1136 2963 suis
1147 2934 1321 2970 legispcritis,
1336 2932 1482 2960 cmendent
1499 2939 1529 2959 ac
1544 2932 1668 2967 puniant.
