2078 3154
271 212 322 245 187

865 208 1012 239 ΝΙΩΕΤιΕ
1030 207 1254 241 PAPHLAGON
1258 207 1293 239 IS

1842 208 1893 241 188

269 269 321 296 sibi
335 267 458 295 tribunal
472 266 563 302 parari
577 265 672 302 jubet;
690 265 892 300 mutatoriaque
908 263 1058 299 pontiﬁcali

1109 263 1315 299 χαριζομένων,
1341 263 1443 300 ὑψηλὸν
1459 264 1532 300 αὐτῷ
1546 264 1672 299 γενέσθαι
1692 264 1767 301 βῆμα
1786 272 1894 300 παρηγ-

268 313 413 348 chlamyde
425 316 574 347 assumpta,
586 311 714 346 superbia
726 315 844 343 tumens,
853 310 950 345 judicii
963 310 1056 338 sedem

268 359 443 390 conscendit,
466 358 573 385 cunctis
594 358 654 392 ejus
679 356 775 392 patriae
798 356 934 389 eruditis,
956 363 989 384 ac
1009 356 1057 392 qui

267 410 400 433 venerant
416 413 478 432 cum
497 413 545 436 eo,
565 403 660 430 timore
682 403 844 431 astantibus.
863 403 980 431 Vocatus
1004 403 1057 430 ita-

267 461 321 487 que
337 452 486 487 apostolus,
500 450 607 478 medius
621 449 706 482 stetit,
719 449 842 484 pontilici
858 457 1053 484 responsurus.

268 499 308 525 Ad
322 505 405 533 quem
425 496 548 532 pontifex
565 497 593 523 in
611 496 670 523 haec
685 496 768 523 verba
785 499 964 531 percontatur
977 506 983 523 :
998 495 1058 522 Non

267 546 333 572 satis
357 545 456 574 visum,
475 547 629 570 cunctorum
654 543 799 569 miserrime
823 543 972 574 hominum,
989 541 1058 577 quod

267 590 368 618 Iudae:
395 595 419 616 et
450 589 569 617 Galilazte
597 594 620 616 et
647 588 778 616 Samaria".
804 590 934 624 pravitate
964 589 1058 615 mentis

269 637 426 671 obrepseris,
451 635 674 671 simplicioresque
689 636 717 662 in
733 635 770 662 eis
787 643 875 662 errore
887 635 1057 667 dementaris,

268 683 313 710 sed
329 686 353 709 et
368 683 530 710 Athenarum
547 682 618 709 urbis
634 682 764 717 sapientes
781 685 882 709 tentare
898 681 1003 708 molitus
1019 689 1058 712 es,

269 729 425 755 existimans
442 728 567 754 nimirum
584 727 653 754 viros
670 730 742 754 catos
759 730 837 762 atque
855 726 994 762 prudentes
1013 726 1058 753 abs

270 763 295 801 te
306 775 442 802 seductum
456 774 499 801 iri.
517 774 554 801 Ac
570 774 673 808 quidem
687 777 722 805 te,
736 773 806 800 velut
819 774 864 808 qui
879 781 967 800 errore
981 773 1060 800 sedu-

270 825 327 847 ctus
346 820 392 852 sis,
407 819 441 846 ad
461 827 573 854 prmscns
595 820 691 845 omisso
711 822 857 854 spretoque,
873 818 907 845 ad
925 819 993 845 viros
1012 826 1058 845 sa-

270 867 380 900 pientes,
391 873 449 900 qua:
460 869 512 892 tum
523 865 653 900 opinionis
664 868 736 898 sunt,
748 864 903 898 edisserens,
912 873 1059 892 sermonem

270 911 379 938 habebo.

308 1042 374 1077 Ejus
404 1043 544 1077 magister,
570 1043 722 1076 auditores,
747 1052 806 1071 cum
836 1045 981 1073 evertenda!
1008 1045 1060 1081 legi

270 1086 392 1114 Mosaicte
406 1088 481 1115 daret
497 1096 615 1124 operam,
624 1089 702 1123 justa
720 1098 736 1116 a
752 1091 824 1117 nobis
842 1090 896 1126 lege
914 1096 942 1118 ut
957 1100 1060 1119 crucem

272 1133 361 1167 ferret,
375 1133 516 1160 damnatus
532 1138 586 1161 est.
600 1134 736 1170 nudusque
750 1135 805 1162 alto
819 1136 907 1171 stipite
920 1144 1060 1171 suspensus

271 1178 419 1212 derelictus,
432 1179 462 1206 ob
477 1179 528 1206 diei
544 1180 729 1214 celebritatem,
741 1181 840 1214 Pilato,
852 1181 957 1217 Iosephi
970 1183 1062 1217 cujus-

271 1224 334 1251 dam
345 1224 394 1251 viri
405 1224 491 1251 divitis
502 1225 694 1260 supplicatione
705 1225 823 1257 inducto,
833 1225 977 1260 sepulturae
988 1226 1060 1253 tradi

271 1269 413 1302 permissus
428 1273 476 1296 est.
491 1269 672 1305 Amicitiazque
689 1269 745 1305 lege
762 1278 821 1297 cum
839 1274 990 1297 tenerentur
1004 1270 1061 1305 ejus

271 1313 404 1349 discipuli,
419 1315 517 1342 occulte
531 1316 688 1350 intempesta
701 1320 775 1343 nocte
787 1324 846 1343 eum
861 1316 1001 1351 furantur,-
1013 1317 1061 1344 hoc

272 1367 363 1395 nempe
372 1365 517 1388 commento
529 1360 620 1396 vulgus
631 1361 753 1389 seducere
764 1366 900 1397 parantes.
910 1362 1061 1398 Sparsaque

270 1405 365 1441 ubique
385 1406 469 1441 fama,
484 1415 544 1434 eum
566 1416 582 1434 a
605 1409 714 1435 mortuis
733 1409 886 1442 surrexisse,
903 1410 1061 1444 magistrum

270 1451 319 1478 sibi
344 1456 422 1488 atque
443 1453 575 1481 doctorem
598 1454 730 1481 hominem
754 1459 891 1490 arrogant.
909 1455 951 1482 Ea:
970 1464 1061 1483 eorum

271 1497 380 1534 collegio
393 1507 460 1526 unus
472 1504 509 1526 est
520 1504 544 1526 et
555 1499 692 1535 Philippus
707 1501 764 1532 iste,
775 1501 849 1535 cujus
862 1509 907 1527 rex
917 1501 1061 1528 Archelaus

271 1543 404 1571 desiderat
424 1550 569 1580 compotem
589 1545 665 1579 ﬁeri,
683 1546 832 1573 ulciscenda
854 1547 925 1581 vulgi
943 1547 1060 1582 injuria,

272 1590 346 1616 mala
368 1598 429 1617 eum
446 1596 530 1618 morte
546 1593 697 1626 perditurus
715 1601 723 1620 :
741 1600 818 1628 quem
832 1593 855 1620 si
871 1592 965 1627 vultis,
980 1601 1059 1629 quam

272 1635 322 1662 cito
335 1636 449 1664 vinctum
466 1636 674 1674 Hierosolymam
691 1638 819 1666 abducite.

310 1770 349 1797 Ac
362 1778 440 1803 vero,
457 1774 580 1798 cessante
596 1770 671 1806 loqui
687 1770 816 1806 pontiﬁce
833 1775 953 1800 astantes
967 1772 1059 1800 inten-

275 1817 310 1845 tis
325 1817 413 1844 oculis
430 1817 458 1844 in
475 1817 632 1852 Philippum
651 1821 745 1849 erant,
762 1817 827 1852 quid
844 1818 954 1846 demum
972 1819 1017 1846 ille
1033 1819 1059 1846 ei

275 1861 466 1896 responderet.
475 1861 583 1890 Sensim
597 1862 689 1897 itaque
703 1863 847 1899 leniusque
857 1863 958 1898 apertis
968 1864 1058 1896 labiis,

274 1908 416 1943 Philippus
440 1907 477 1935 ita
487 1908 609 1943 pontiﬁci
634 1909 695 1936 inﬁt
712 1918 719 1936 :
735 1909 787 1937 Fili
808 1910 932 1943 hominis,
947 1915 977 1937 ut
998 1911 1060 1946 quid

274 1954 362 1990 diligis
375 1955 520 1982 vanitatem
532 1959 557 1982 et
571 1955 683 1991 loqueris
699 1956 885 1983 mendacium?
899 1956 932 1984 Ut
942 1957 1004 1992 quid
1016 1966 1061 1984 cor

275 2006 347 2027 tuum
365 2009 460 2036 gravas
477 2001 505 2028 in
520 2001 660 2028 vanitate?
675 2001 770 2028 Nonne
790 2006 818 2028 tu
839 2010 905 2029 auro
923 2003 1060 2029 custodum

275 2055 368 2073 manus
388 2047 518 2082 implesti,
531 2052 560 2073 ut
579 2048 788 2080 resurrectionis,
805 2049 891 2083 aﬁicta
910 2048 1060 2082 calumnia,

273 2093 352 2128 ﬁdem
373 2093 528 2120 abolerent?
549 2093 638 2120 Nescis
659 2101 717 2128 qua:
735 2093 872 2129 signacula
894 2098 1061 2121 monumento

275 2140 441 2175 apposuisti?
462 2139 524 2166 Herc
548 2140 674 2166 nimirum
699 2140 728 2166 in
749 2140 790 2166 die
809 2140 858 2167 ira:
881 2144 954 2167 tuum
977 2140 1061 2168 scelus

274 2186 418 2221 ignominia
437 2185 583 2212 lraducent.

1107 311 1207 344 γυᾶτο·
1222 310 1270 337 καὶ
1288 310 1338 346 τὴν
1352 310 1461 343 ἐξαλλον
1477 311 1527 346 τῆς
1553 311 1749 347 ἀρχιερατικῆς
1772 311 1895 346 χλαμύδα

1108 354 1275 390 περιϐαλὼν,
1290 356 1331 387 είς
1350 356 1395 383 τὸν
1411 356 1567 383 δικαστικὸν
1583 357 1790 392 πεφυσιωμένος
1807 357 1895 384 ἄνεισι

1108 400 1219 436 θρόνον,
1244 401 1352 429 πάντων
1373 401 1428 428 τῶν
1442 401 1593 437 ἐλλογίμων
1606 402 1656 437 τῆς
1681 402 1828 437 πατρίδος,
1849 404 1895 429 καὶ

1107 447 1163 474 τῶν
1189 449 1237 475 σὺν
1259 447 1333 483 αὐτῷ
1360 449 1610 484 παραγενομένων,
1636 448 1705 484 μετὰ
1731 448 1806 480 δέους
1826 457 1895 484 παρ-

1109 493 1274 528 εστηκότων.
1291 493 1384 528 Ὅμως
1401 493 1584 528 προσκληθεὶς
1597 494 1611 519 ό
1626 493 1783 526 ἀπόστολος,
1801 492 1893 528 μέσον,

1107 539 1146 574 τῷ
1164 540 1289 575 ἀρχιερεῖ
1309 539 1546 579 ἀπολογησόμενος
1570 539 1681 566 ἵστατο⁴
1699 539 1747 566 καὶ
1762 539 1831 574 πρὸς
1848 539 1894 565 τὸν

1108 584 1255 611 ἀπόστολον
1278 585 1292 610 ὁ
1305 585 1450 620 ἀρχιερεὺς
1472 583 1543 611 οὕτω
1559 585 1722 620 προσήρετο’
1744 585 1806 619 Οὐχ
1830 585 1894 612 ικα-

1107 631 1168 664 νῶς
1190 630 1272 666 ἔχειν
1285 630 1388 664 ἔδοξε,
1410 630 1445 658 τὸ
1460 629 1616 666 μοχθηρῶς
1631 631 1826 659 ὑπεισελθεῖν
1840 639 1894 664 σε,

1108 677 1270 705 ἀθλιώτατε
1289 676 1411 704 πάντων
1434 676 1613 711 ἀνθρώπων.
1638 676 1676 712 τῇ
1698 677 1822 711 Ἰουδαίᾳ
1845 678 1895 704 καὶ

1109 723 1257 757 Γαλιλαίᾳ
1285 723 1336 750 καὶ
1360 722 1525 757 Σαμαρείᾳ,
1552 723 1600 749 καὶ
1622 723 1693 755 τοὺς
1717 723 1763 749 ἐπ’
1790 723 1894 756 αὑταῖς

1109 768 1356 804 ἀσφαλεστέρους
1381 768 1616 802 ἀποπλανῆσαι,
1643 768 1725 796 ἀλλὰ
1748 769 1797 796 καὶ
1823 769 1895 802 τοὺς

1109 815 1225 849 σοφοὺς
1250 814 1309 841 τῶν
1337 814 1465 848 Ἀθηνῶν
1486 814 1660 849 ὐπενοήσω,
1688 815 1894 850 μεμελετηκὼς

1109 861 1166 895 τὴν
1186 861 1321 895 ἀπάτην,
1349 860 1603 895 πεπυκνωμένους
1624 860 1736 895 ἄνδρας
1761 862 1896 896 οἰόμενος

1109 905 1238 941 ἀπατᾶν.
1250 906 1305 934 Kal.
1324 907 1364 939 ὼς
1377 905 1582 941 ἠπατημένου,
1597 906 1772 941 καταφρονῶ
1788 914 1846 935 σου
1863 907 1896 934 τὸ

1108 953 1221 986 παρόν·
1239 953 1288 979 ἐπὶ
1308 952 1342 979 δὲ
1360 952 1432 986 τοὺς
1446 952 1580 987 σοφοὺς,
1599 952 1754 980 διδάσκων
1767 953 1804 980 τὰ
1821 953 1898 981 κατὰ

1109 999 1156 1032 σὲ,
1171 1000 1224 1025 τὸν
1237 999 1331 1034 λόγον
1344 997 1520 1033 ⁸ποιήσομαι.

1150 1045 1181 1071 '0
1196 1045 1304 1071 τούτου
1328 1043 1514 1077 διδάσκαλος
1526 1063 1534 1077 ,
1550 1041 1574 1071 ὧ
1593 1043 1719 1079 ἄνδρες,
1734 1044 1783 1072 ἐπὶ
1802 1052 1897 1079 παρα-

1108 1090 1205 1125 τροπῇ
1219 1090 1272 1117 τοῦ
1284 1089 1446 1117 Μωσατιιοῦ
1460 1090 1555 1124 νόμου
1567 1091 1738 1125 γενόμενος,
1752 1090 1803 1125 ὑφ’
1814 1090 1898 1126 ἡμῶν

1109 1136 1229 1171 σταυρῷ
1248 1136 1387 1164 τεθνάναι
1411 1136 1526 1171 εὐλόγῳ
1542 1136 1622 1171 νόμῳ
1645 1137 1803 1170 κατεκρίθη
1816 1145 1823 1152 ⁸
1847 1138 1897 1165 καὶ

1109 1182 1223 1217 γυμνὸς
1248 1181 1288 1215 τῷ
1315 1181 1398 1215 ξύλῳ
1427 1181 1643 1216 ἀπῃωρημένος
1669 1182 1896 1216 καταλειφθεὶς,

1109 1226 1159 1254 διὰ
1172 1226 1206 1254 τὸ
1228 1226 1285 1261 τῆς
1296 1226 1409 1262 ἡμέρας
1425 1226 1586 1261 ἐπίσημον,
1601 1226 1654 1254 τοῦ
1667 1226 1810 1260 Πιλάτου,
1836 1228 1897 1255 Ἰω-

1109 1272 1175 1308 σήφ
1204 1281 1287 1306 τινος
1308 1272 1461 1300 πλουσίου
1484 1271 1617 1306 ικετηρίᾳ
1641 1272 1897 1308 ἐπικαμφθέντος,

1110 1318 1193 1354 τάφῳ
1209 1318 1443 1354 συγκεχώρηται.
1467 1317 1522 1345 Καὶ
1535 1319 1615 1353 νόμῳ
1629 1319 1731 1353 φιλίας
1743 1320 1770 1346 ol
1789 1319 1897 1346 τούτου

1110 1366 1303 1401 κρατούμενοι
1310 1364 1450 1400 μαθηταὶ,
1462 1364 1611 1398 λαθραίως
1622 1364 1693 1398 ἀωρὶ
1705 1364 1813 1392 τοῦτον
1827 1365 1898 1391 ἀπο-

1110 1411 1273 1442 συλοῦσιν,
1289 1411 1332 1443 εις
1343 1409 1469 1437 πολλῶν
1475 1409 1605 1443 ἀπάτην,
1615 1409 1898 1444 ἐπιτεχνευσάμενοι

1110 1457 1216 1484 τοῦτο·
1236 1455 1285 1483 καὶ
1305 1455 1462 1489 πανταχοῦ
1483 1455 1712 1490 ἐπισπείραντες
1733 1455 1767 1482 ἐκ
1784 1455 1899 1489 νεκρῶν

1111 1501 1284 1537 ἑγηγέρθαι,
1306 1502 1360 1529 τὸν
1378 1501 1495 1529 ἑαυτῶν
1514 1501 1725 1536 ὲπιφημίζουσι
1751 1502 1897 1530 διδάσκα-

1111 1549 1178 1576 λον.
1204 1547 1252 1579 'EE
1266 1546 1367 1574 αὐτῶν
1383 1544 1427 1580 εἷς
1442 1546 1508 1574 ἐστι
1523 1547 1573 1575 καὶ
1589 1549 1605 1574 d
1624 1548 1774 1582 Φίλιππος
1789 1546 1879 1582 οὗτος
1889 1570 1896 1581 ,

1112 1591 1149 1622 οὗ
1174 1593 1354 1627 περικρατὴς
1378 1594 1395 1620 d
1419 1593 1570 1627 βασιλεὺς
1593 1593 1734 1628 ἐπιθυμεῖ
1759 1595 1897 1629 γενέσθαι

1119 1639 1292 1674 Ἀρχέλαος,
1326 1640 1370 1672 εις
1396 1639 1521 1666 πολλῶν
1551 1639 1711 1673 ἐκδίκησιν
1738 1640 1897 1668 ἀπολέσων

1108 1686 1202 1713 αὐτόν
1214 1694 1221 1701 -
1238 1685 1330 1719 ὅνπερ
1345 1686 1370 1712 sl
1384 1685 1548 1718 βούλεσθε,
1564 1685 1638 1720 πρὸς
1652 1684 1745 1712 αὐτὸν
1761 1685 1794 1713 τὸ
1807 1684 1896 1720 τάχος

1108 1731 1237 1766 δέσμιον
1249 1733 1293 1765 εὶς
1313 1731 1514 1766 Ἰερουσαλὴμ
1526 1731 1705 1766 ἀπαγάγετε.

1145 1779 1199 1805 Καὶ
1216 1777 1249 1813 δὴ
1278 1778 1325 1804 τοῦ
1339 1777 1491 1814 ἀρχιερέως
1510 1777 1664 1809 ’καύσαντος
1681 1775 1729 1805 τοῦ
1755 1777 1854 1812 λόγου,
1872 1778 1898 1805 ol

1109 1823 1284 1858 παρεστῶτες
1300 1821 1454 1858 ὲνητένιζον
1470 1821 1509 1857 τῷ
1527 1822 1663 1858 Φιλίππῳ,
1675 1822 1702 1849 τί
1723 1822 1792 1858 πρὸς
1812 1823 1894 1850 αὐτὸν

1112 1868 1229 1903 ἀντερεῖ.
1253 1867 1359 1903 Ἦρέμα
1382 1867 1411 1894 δέ
1434 1876 1493 1898 πως
1507 1868 1563 1900 τοῖς
1585 1868 1703 1903 χείλεσιν
1716 1868 1864 1902 ὖπανοίξας
1880 1869 1894 1895 ό

1109 1913 1242 1944 Φίλιππος
1261 1913 1301 1948 τῷ
1320 1913 1447 1948 ἀρχιερεῖ
1466 1913 1566 1948 ἔφησεν
1585 1913 1694 1940 οὐτωσι’
1716 1913 1765 1941 Υίὲ
1787 1914 1897 1948 ἀνθρὼ-

1110 1967 1186 1990 που,
1207 1959 1258 1985 ἵνα
1292 1958 1321 1985 τι
1356 1957 1476 1992 ἀγαπᾷς
1499 1959 1697 1993 ματαιότητα,
1721 1959 1771 1987 καί
1794 1959 1896 1992 λαλεῖς

1110 2004 1240 2038 ψεῦδος;
1255 2004 1318 2030 Ἵνα
1330 2004 1359 2031 τί
1369 2003 1419 2030 ἐπὶ
1431 2004 1547 2039 ματαίῳ
1559 2004 1616 2039 τὴν
1627 2004 1752 2039 καρδίαν
1768 2012 1827 2032 σου
1842 2005 1894 2037 ,βα-

1107 2050 1227 2085 ρύνεις;
1246 2050 1287 2077 οὐ
1305 2050 1422 2084 χρυσοῦ
1436 2050 1477 2077 σὺ
1492 2050 1550 2077 τῶν
1565 2050 1710 2085 φυλάκων
1729 2052 1782 2084 τὰς
1797 2051 1895 2086 χεῷας

1109 2096 1249 2130 ἕπλησας
1257 2115 1265 2128 ,
1278 2095 1322 2129 εἰς
1335 2095 1370 2122 τὸ
1386 2095 1562 2123 πλάσασθαι
1576 2094 1632 2129 τῆς
1645 2095 1791 2129 ἐγέρσεως
1804 2102 1898 2123 συκο-

1110 2142 1260 2176 φαντίαν;
1276 2141 1333 2168 οὐκ
1353 2138 1438 2174 οἶδας
1451 2140 1488 2174 ἃς
1506 2139 1654 2167 ἐναπέθου
1672 2139 1839 2174 σφραγίδας
1857 2138 1899 2173 τῷ

1111 2187 1263 2222 μνήματι;
1277 2183 1367 2214 αὗταί
1383 2192 1442 2213 σου
1460 2186 1495 2213 ἐν
1519 2184 1615 2220 ἡμέρᾳ
1628 2184 1719 2220 ὀργῆς
1738 2185 1898 2219 στηλιτεῦ-

1110 2240 1203 2260 σουσι
1217 2232 1251 2259 τὸ
1267 2232 1416 2267 ἀνόμημα.

310 2285 359 2312 llis
373 2284 495 2319 pontifex
511 2285 638 2320 majorem
656 2284 683 2311 iu
700 2285 810 2312 modum
830 2286 966 2318 turbatus,
981 2285 1059 2313 furo-

1147 2288 1239 2315 Ταῦτα
1256 2287 1302 2314 τὸν
1316 2286 1446 2323 ἀρχιερέα
1460 2287 1585 2323 μεγάλως
1601 2287 1750 2323 ἐτάραξαν·
1773 2287 1897 2323 θυμικῶς

275 2337 360 2367 reque
372 2331 481 2358 irruens
494 2334 524 2357 ut
539 2330 662 2365 apostolo
675 2338 771 2358 manus
783 2330 908 2363 inferret,
923 2340 981 2359 rem
992 2340 1061 2367 prae-

275 2379 351 2402 stare
369 2382 424 2402 non
442 2374 543 2410 potuit.
562 2375 657 2402 Statim
676 2376 749 2402 enim
765 2376 825 2411 ejus
840 2377 951 2411 pupilla:
966 2377 1060 2404 oculo-

275 2428 336 2450 rum
357 2420 508 2448 obscuratae.
530 2424 606 2452 sunt.
625 2428 658 2448 ac
678 2429 779 2456 corpus
799 2422 937 2457 reliquum
962 2422 1060 2450 inutile

274 2466 423 2494 redditum.
439 2467 503 2494 Visa
521 2475 564 2494 res
581 2467 725 2502 praestigias
736 2488 744 2501 ,
760 2468 804 2495 his
819 2468 866 2503 qui
884 2468 1010 2496 aderant.
1026 2469 1061 2496 Ut

274 2517 365 2541 tamen
390 2514 418 2541 in
440 2514 595 2549 apostolum
619 2514 752 2550 impetum
777 2515 918 2549 fecerunt,
935 2516 1059 2551 ejusdem

274 2560 327 2596 ipsi
352 2561 483 2588 caecitatis
508 2561 660 2596 periculum
688 2566 874 2597 sumpserunt.
894 2562 971 2595 Quod
995 2570 1061 2590 vero

274 2607 414 2641 apostolus
435 2615 489 2634 non
510 2608 629 2635 nesciret
651 2608 761 2635 illorum
784 2608 1002 2636 incredulitatem
1029 2616 1062 2636 ac

274 2651 550 2686 .gnorantiam,quod
559 2652 600 2679 vis
608 2652 762 2679 daemonum
773 2652 800 2679 in
813 2652 867 2679 illis
878 2652 1060 2687 praepolleret,

273 2705 334 2724 eam
352 2697 380 2727 in
395 2704 454 2724 rem
470 2697 573 2733 ingenti
592 2698 693 2733 gemitu
713 2707 720 2725 :
738 2698 802 2731 Tua,
815 2698 939 2726 Domine.
956 2698 1061 2730 aiebat,

274 2744 438 2779 benignitas,
459 2743 517 2779 ipsa
541 2747 565 2770 te
587 2748 706 2776 moveat,
730 2752 872 2779 eorumque
893 2745 1061 2771 contritiones

273 2796 353 2820 sana,
366 2793 390 2815 et
407 2792 435 2815 ut
452 2792 476 2816 te
493 2793 638 2824 agnoscant
653 2789 824 2825 credantque,
837 2788 944 2816 illorum
960 2790 1065 2817 animos

275 2833 397 2861 immuta.

313 2877 333 2904 E
361 2879 441 2906 terris
467 2879 559 2915 itaque
584 2880 707 2915 apostolo
734 2879 888 2906 orationem
912 2879 1059 2912 fundente,

280 2921 385 2952 indulta
399 2932 414 2952 e
427 2926 513 2959 cmlis,
526 2925 627 2961 bisqui
640 2925 764 2961 percussi
779 2925 898 2959 fuerant,
913 2925 1016 2953 sanitas
1031 2933 1063 2953 ac

1109 2335 1138 2362 δὲ
1161 2333 1310 2370 διορμήσας
1333 2333 1553 2369 διαχειρίσασθαι
1579 2333 1625 2361 τὸν
1649 2333 1817 2366 ἀπόστολον,
1847 2335 1897 2360 οὖν

1109 2380 1240 2416 ἠδυνήθη.
1271 2378 1397 2414 Παρευθὺ
1429 2379 1483 2414 γὰρ
1508 2380 1536 2406 αἱ
1565 2380 1645 2414 κόραι
1668 2379 1722 2407 τῶν
1748 2379 1896 2415 ὀφθαλμῶν

1110 2425 1192 2452 αὑτοῦ
1215 2424 1478 2461 ἀπημαυρώθησαν,
1500 2426 1549 2453 καὶ
1578 2427 1610 2453 τὸ
1631 2426 1789 2462 περίλοιπον
1813 2426 1893 2460 σῶμα

1109 2471 1245 2507 ἄχρηστον
1267 2471 1399 2506 ἐγεγόνει.
1427 2471 1495 2499 Τότε
1519 2473 1576 2505 τοῖς
1592 2472 1779 2508 παρατυχοῦσι
1795 2472 1826 2498 τδ
1847 2480 1896 2506 γε-

1109 2517 1187 2551 γονδς
1209 2517 1322 2552 γοητεία
1344 2517 1540 2553 προσεδοκᾶτο.
1560 2518 1657 2553 Ὅμως
1673 2519 1745 2545 κατὰ
1760 2517 1807 2544 τοῦ
1829 2518 1895 2545 ἀπο-

1111 2563 1204 2590 στόλου
1219 2564 1399 2599 ὁρμήσαντες,
1416 2565 1463 2591 καὶ
1481 2565 1558 2591 αὐτοὶ
1575 2565 1625 2600 τῆς
1643 2565 1728 2600 αὐτῆς
1744 2564 1896 2600 πηρώσεως

1110 2608 1206 2642 πεῖραν
1218 2607 1324 2636 ἔλαϐον.
1344 2608 1416 2635 Ἀλλ’
1430 2608 1492 2635 ἐπεὶ
1505 2608 1556 2636 οὐκ
1566 2609 1690 2644 ἠγνοεῖτο
1702 2607 1742 2643 τῷ
1755 2608 1896 2644 ἀποστόλῳ

1110 2654 1128 2690 ἠ
1143 2654 1260 2680 ἀπιστία
1285 2654 1332 2681 καὶ
1354 2655 1371 2690 ή
1388 2654 1495 2689 ἄγνοια,
1518 2655 1559 2681 ὅτι
1582 2655 1743 2690 ἐπικράτεια
1762 2654 1897 2688 δαιμόνων

1110 2697 1198 2725 ἔνεστι
1216 2698 1338 2731 τούτοις,
1355 2698 1400 2724 ἐπὶ
1416 2698 1504 2734 τούτῳ
1516 2698 1637 2732 οἰμώξας
1654 2698 1736 2733 μέγα,
1751 2697 1897 2730 Δυσωπή-

1111 2745 1178 2778 θητι
1192 2744 1252 2770 ὑπὸ
1270 2743 1327 2778 τῆς
1340 2743 1399 2778 σῆς
1413 2743 1606 2778 ἀγαθότητος,
1625 2744 1723 2778 Κύριε,
1741 2743 1829 2777 ἔλεγε,
1848 2742 1897 2768 καὶ

1110 2789 1283 2824 ἀμφοτέρων
1298 2790 1382 2816 ἴασαι
1400 2789 1436 2816 τὰ
1448 2790 1665 2824 συντρίμματα,
1681 2789 1731 2816 καὶ
1745 2788 1820 2823 πρὸς
1839 2787 1897 2821 τὴν

1110 2835 1173 2869 σὴν
1188 2835 1352 2870 ἐπίγνωσιν
1365 2834 1477 2868 αὐτοὺς
1487 2835 1704 2870 μεταποίησον.

1147 2880 1276 2906 Κάτωθεν
1300 2880 1347 2907 οὖν
1370 2880 1418 2907 τοῦ
1441 2881 1590 2907 ἀποστόλου
1615 2880 1664 2916 τὴν
1685 2880 1769 2916 εὐχὴν
1786 2879 1895 2906 ποιοῦν-

1111 2934 1167 2959 τος,
1184 2926 1329 2962 οὐρανόθεν
1351 2927 1367 2962 ὴ
1387 2926 1470 2963 ρὦις
1490 2927 1546 2959 τοῖς
1570 2926 1714 2963 πληγεῖσιν
1731 2926 1894 2963 ἐχαρίζετο’
