2078 3154
292 206 341 242 191

888 209 1034 240 ΝΙΕΕΤΕ
1052 207 1316 240 PAPHLAGONIS

1862 207 1914 240 192

290 263 492 298 vit.Validaque
506 267 666 298 tempestate
678 263 780 299 iactata
791 262 965 296 navi,lucida
982 263 1074 291 statim
1087 290 1089 293 ,

1140 262 1247 294 Αζωτρν
1259 261 1336 287 ἔπλει
1352 260 1414 296 νηὸς
1427 261 1524 294 ἐπιϐάς
1536 268 1544 276 ⁸
1560 262 1607 288 καὶ
1626 261 1744 298 σφοδρᾶς
1756 262 1912 297 καταιγιδος

289 310 380 338 erucis
402 309 487 345 ﬁgura
511 309 546 337 ab
572 310 631 344 ipso
655 310 764 346 navigio
785 310 880 338 aﬂ‘usis
904 310 1077 345 fulgoribus,

292 355 381 382 noctis
403 354 546 390 caliginem
568 355 707 382 lustravit.
725 355 847 390 Navique
868 350 1076 387 exscen'dentes,

288 401 322 428 ab
343 400 457 427 Azolide
478 400 596 436 quodam
621 401 649 428 in
673 401 888 428 mediterraneas
909 400 984 427 illius
1006 400 1079 428 aedes

290 447 425 474 deductus
437 448 587 482 apostolus,
601 447 645 475 die
658 447 713 482 jam
729 448 755 474 in
769 454 909 482 vesperam
923 447 1078 478 desinente,

291 500 388 527 preces
402 493 582 527 producebat.
603 492 724 528 llospitis
736 493 827 527 itaque
841 492 894 519 lilia
908 500 993 527 prope
1005 492 1081 519 lene-

292 542 378 565 stram
395 546 409 565 e
426 538 520 565 vicino
539 543 630 572 stans,
647 540 719 566 oculi
736 540 831 567 dolore
847 538 1078 568 discruciabatur.

291 583 338 611 Sic
352 588 442 611 tamen
459 585 576 619 apostoli
589 585 682 612 verbis
696 586 834 613 lenocinio
845 586 963 621 quodam
978 587 1081 614 mulce-

291 630 383 663 batur,
401 635 432 657 ut
452 631 507 658 vim
534 631 619 666 ipsam
647 632 751 659 doloris
771 632 989 660 oblivisceretur.
1006 632 1076 659 Tum

293 676 339 703 illa
356 676 389 703 ad
404 680 510 710 patrem
523 677 668 711 accedens,
679 678 752 704 oculi
767 678 898 712 probrum
912 685 974 705 cum
987 677 1082 706 dolore

293 722 473 756 coniunctum
492 724 696 757 expostulabat,
714 728 744 751 ut
760 724 841 759 cujus
858 725 929 752 serio
944 732 1010 751 cura
1026 732 1081 751 non

291 772 428 802 ageretur.
445 768 485 795 Ad
501 777 582 803 quant
600 774 676 804 pater
693 779 700 796 :
716 769 770 797 Pro
785 775 809 796 te
825 770 947 805 forsitan,
960 769 1029 804 ﬁlia,
1042 769 1083 797 vel

292 814 388 848 ipsam,
399 813 498 848 inquit,
509 813 590 841 libens
604 815 723 841 animum
735 823 901 850 exponerem,
911 815 933 841 si
944 816 1001 850 quis
1015 815 1083 842 oculi

294 861 332 886 tui
343 860 461 892 dedecus,
474 860 608 896 labemque
619 865 704 895 posset
715 861 828 895 auferre.
838 860 888 888 Cui
901 860 954 888 lilia
966 861 1083 896 gratiose

294 905 419 932 arridens
441 914 447 932 :
469 905 528 937 Est,
545 910 630 940 pater,
645 907 721 932 modo
736 905 809 938 velis,
823 907 868 941 qui
884 911 908 933 et
924 906 1041 933 dolorem
1058 910 1083 932 et

294 950 379 978 labem
391 959 485 977 curare
501 951 589 986 possit.
605 951 716 979 Ubinam
729 960 799 982 vero,
809 952 857 984 ait,
867 952 946 986 ﬁlia?
959 952 991 979 In
1005 953 1085 979 medi-
1099 939 1122 969 Β

295 998 426 1024 terraueis
448 997 562 1029 atdibus,
580 997 723 1032 respondit
741 998 802 1030 illa,
824 1006 901 1033 quem
920 999 975 1025 heri
996 1007 1053 1025 sero
1072 1007 1085 1025 ο

295 1043 399 1078 navigio
425 1043 494 1070 domi
515 1045 661 1078 suscepisti.
694 1043 809 1079 Moxque
832 1045 985 1079 apostolum
1007 1045 1087 1080 jubet

295 1088 434 1115 accersiri.
447 1088 605 1123 lnserlaque
620 1089 666 1123 qui
678 1089 829 1116 accersitus
843 1093 912 1121 erat,
926 1089 999 1120 dulci
1011 1089 1086 1116 veri-

297 1134 362 1160 tatis
375 1133 510 1166 doctrina,
522 1142 648 1161 sermone
662 1134 791 1162 delinitos
805 1142 867 1162 cum
880 1135 954 1162 omni
967 1135 1081 1167 familia,

296 1179 433 1214 baptismo
448 1179 567 1207 intinxit.
580 1179 703 1214 Cumque
713 1180 800 1215 puella
815 1188 850 1207 ex
865 1185 942 1215 patre
951 1181 1023 1208 oculi
1033 1189 1083 1208 cu-

297 1225 432 1252 rationem
442 1225 609 1260 exquireret,
626 1225 663 1252 ait
681 1226 820 1260 apostolus
831 1235 837 1253 :
848 1226 969 1254 Sanandi
987 1235 1081 1254 munus

297 1270 343 1297 tibi
355 1272 481 1304 tribuam,
492 1273 641 1307 cunctisque
654 1273 698 1306 qui
711 1272 876 1307 baptismatis
891 1273 988 1300 donum
999 1281 1085 1300 susce-

296 1317 391 1352 perint.
403 1316 480 1344 Mone
490 1318 578 1352 itaque
588 1326 707 1352 surgens,
719 1326 733 1344 ο
747 1317 846 1353 puella,
858 1319 977 1345 invocato
988 1318 1085 1346 Christi

295 1363 411 1394 nomine,
427 1361 560 1390 laboranti
582 1362 656 1389 oculo
676 1372 785 1390 manum
806 1365 919 1399 impone,
935 1365 1085 1400 integerque

296 1416 327 1435 ac
340 1417 432 1442 sanus,
446 1410 490 1444 qui
505 1409 581 1436 [orsus
598 1412 646 1442 est,
660 1409 748 1436 oculus
764 1410 863 1437 evadet.
878 1410 955 1443 Quod
971 1419 1032 1437 cum
1049 1411 1085 1438 ita

294 1454 418 1485 fecisset.
428 1460 458 1482 ut
470 1456 598 1491 magister
609 1456 798 1488 admonuerat,
807 1456 996 1491 aegritudinem
1009 1464 1086 1483 suam

296 1501 412 1528 curavit.
424 1501 484 1534 Quo
497 1509 529 1528 ex
544 1506 667 1535 tempore
679 1502 787 1536 sapiens
799 1501 950 1534 Charitina,
962 1501 1087 1537 adjutore

295 1551 375 1582 patre
396 1554 447 1574 suo
466 1547 606 1579 Nicolide,
622 1548 777 1581 apostolum
796 1551 892 1574 secuta
910 1551 953 1574 est
971 1554 1033 1574 cum
1053 1554 1086 1575 eo

296 1591 412 1620 laudans
425 1600 457 1620 ac
470 1592 637 1620 benedicens
652 1593 749 1620 Deum.

1130 306 1345 342 κλυδωνιζούσης
1367 307 1416 342 τὴν
1438 304 1514 340 ναῦν,
1533 308 1695 344 φωτοφανὴς
1713 308 1813 335 αὐτίκα
1834 317 1915 335 σταυ-

1131 354 1177 389 poi]
1192 354 1275 385 τύπος
1291 353 1337 380 ὑπ’
1352 353 1422 389 [ἀπ’]
1439 353 1524 390 αὐτῆς
1545 355 1595 390 τῆς
1616 355 1727 386 ὁλκάδος
1745 354 1797 390 τῆς
1819 355 1916 387 νυκτὸς

1130 399 1160 426 τὸ
1187 398 1305 433 ζοφῶδες
1323 399 1465 435 ἐπέλαμψε
1478 407 1485 415 °
1507 400 1553 427 καὶ
1568 400 1719 432 ἀποϐάντες
1735 400 1782 428 τοῦ
1803 400 1895 427 πλοίου
1907 422 1916 434 ,

1131 445 1176 471 ὑπ’
1196 444 1339 477 Ἀςωτίδος
1352 445 1422 477 τινὸς
1434 446 1463 472 ἐν
1474 446 1613 481 μεσογαίῳ
1626 447 1757 481 οἰκήματι
1768 446 1918 482 καταχθεὶς

1130 491 1145 517 ὁ
1161 490 1319 522 ἀπόστολος,
1334 492 1384 526 τῆς
1401 491 1508 527 ἡμέρας
1527 492 1577 527 ἤδη
1594 491 1662 528 πρὸς
1682 492 1801 527 ἑσπέραν
1822 492 1918 527 διαλη-

1131 537 1250 573 γούσης,
1267 537 1316 572 τὴν
1331 537 1414 573 εὐχὴν
1436 537 1590 572 παρέτεινε.
1620 538 1657 564 Τὸ
1678 537 1744 572 γοῦν
1772 538 1919 574 θυγάτριον

1131 583 1178 610 τοῦ
1191 582 1329 618 ξενοδόχου
1343 583 1371 610 ἐν
1384 583 1442 618 χρῷ
1455 583 1505 619 τῆς
1516 583 1650 618 σύνεγγυς
1663 583 1771 619 θυρίδος
1787 584 1920 613 καθιστά-

1133 637 1214 664 μενον
1226 648 1234 661 ,
1249 628 1369 656 ὠδυνᾶτο
1382 629 1428 656 τὸν
1443 629 1593 665 ὀφθαλμόν.
1614 629 1692 657 Οὖτω
1708 629 1736 656 δὲ
1754 631 1809 662 τοῖς
1828 631 1919 665 λόγοις

1132 674 1179 700 τοῦ
1197 674 1346 701 ἀποστόλου
1364 673 1490 709 ἡδύνετο,
1508 674 1546 706 ὡς
1563 674 1610 702 καὶ
1626 675 1657 701 τὸ
1676 675 1726 709 τῆς
1740 675 1837 711 ὀδύνης
1858 677 1919 703 ἐπι-

1132 720 1272 747 λαθέσθαι.
1299 718 1365 747 Εἶτα
1384 720 1572 756 προσελθοῦσα
1586 721 1626 757 τῷ
1647 721 1741 757 οἰκείῳ
1757 722 1851 757 πατρὶ,
1871 723 1918 749 τοῦ

1133 766 1272 801 ὁφθσλμοῦ
1285 767 1334 801 τὴν
1347 766 1478 802 αἰσχύνην
1490 767 1538 794 σὺν
1552 769 1584 802 τῇ
1597 767 1688 803 ὀδύνῃ,
1702 767 1739 799 ὡς
1752 768 1920 804 ἀμεληθεῖσα

1134 813 1338 848 προσενεκάλει.
1359 812 1388 839 '0
1403 812 1432 839 δὲ
1448 813 1516 848 πρὸς
1531 813 1615 848 αὐτὴν
1625 834 1634 846 ,
1655 813 1746 848 Ὑπὲρ
1762 814 1820 841 σοῦ
1834 813 1919 849 τάχα,

1133 857 1250 890 τέκνον,
1267 857 1330 892 ἔφη,
1343 858 1498 893 προθύμως
1511 858 1550 885 ἂν
1566 858 1616 885 καὶ
1630 858 1687 892 τὴν
1703 859 1811 894 ψυχὴν
1823 860 1921 894 προτέ-

1132 913 1209 939 μην,
1225 905 1250 932 εί
1265 903 1317 931 τοῦ
1330 904 1387 931 σοῦ
1404 904 1560 938 ὀφθαλμοῦ
1575 905 1609 932 τὸ
1627 904 1766 938 δυσειδὲς
1790 905 1922 939 ἠδύνατό

1136 959 1181 983 τις
1205 949 1435 984 διορθώσασθαι.
1465 951 1522 977 Kal.
1547 951 1565 986 ἡ
1590 951 1656 982 παῖς
1679 950 1920 986 χαριεντιζομένη,

1135 995 1253 1028 Ἔστιν,
1269 995 1372 1029 πάτερ,
1386 996 1412 1022 ει
1422 995 1547 1029 βούλει,
1571 997 1588 1022 d
1606 995 1661 1030 τῆς
1680 995 1791 1030 ὀδύνης
1807 996 1855 1023 καὶ
1868 996 1922 1023 τοῦ

1134 1041 1248 1073 πάθους
1271 1040 1466 1075 θεραπευτής.
1484 1041 1540 1068 Καὶ
1556 1041 1615 1069 ποῦ
1635 1041 1759 1074 τέκνον,
1783 1041 1854 1076 Eon;
1875 1041 1924 1068 Ἐν

1134 1087 1175 1120 τῷ
1191 1087 1342 1122 μεσογαίῳ
1360 1087 1507 1122 οἰκήματι,
1526 1088 1542 1123 ή
1566 1088 1630 1119 παῖς
1648 1087 1808 1122 ἀντεπάγει,
1832 1087 1868 1114 ὃν
1887 1088 1922 1114 ὲκ

1135 1134 1190 1161 τοῦ
1204 1134 1314 1161 πλοίου
1334 1132 1372 1168 τῇ
1387 1133 1460 1169 χθὲς
1472 1133 1636 1168 ὀψιαθέντα
1650 1133 1851 1166 καθυπεδέξω.
1868 1134 1924 1161 Καὶ

1136 1179 1259 1214 παρευοὺ
1276 1179 1321 1206 τὸν
1340 1178 1489 1206 ἀπόστολον
1508 1179 1714 1215 προσ-κληθῆναι
1736 1179 1850 1207 κελεύει.
1870 1179 1925 1206 Καὶ

1136 1226 1242 1256 τούτοις
1256 1225 1301 1252 τὸν
1317 1224 1383 1260 ἡδὺν
1402 1225 1452 1259 τῆς
1469 1224 1599 1260 ἀληθείας
1621 1226 1636 1252 ό
1655 1225 1836 1261 προσκληθεὶς
1853 1226 1924 1251 ἐνει-

1140 1272 1256 1308 ράμενος
1271 1271 1362 1305 λόγον,
1386 1271 1496 1297 πανοικὶ
1516 1270 1686 1304 καταθέλξας
1709 1271 1850 1299 ἐδάπτισε.
1868 1270 1924 1306 Τῆς

1138 1319 1166 1344 δὲ
1191 1318 1293 1353 κόρης,
1319 1317 1366 1344 τοῦ
1393 1316 1534 1352 ὀφθαλμοῦ
1562 1317 1757 1352 ἐπιζητοῦντος
1782 1317 1832 1352 τὴν
1854 1316 1925 1343 iactv

1137 1363 1186 1391 τοῦ
1202 1364 1305 1400 πατρὸς
1319 1364 1416 1397 αὐτῆς,
1434 1363 1486 1399 ἔφη
1508 1364 1522 1390 ὁ
1537 1363 1685 1396 ἀπόστολος
1698 1370 1704 1377 ·
1724 1363 1773 1390 Σοὶ
1792 1363 1850 1397 τὴν
1861 1363 1925 1389 ἐπι-

1139 1409 1259 1444 στήμην
1284 1409 1340 1443 τῆς
1364 1409 1467 1444 ὑγείας
1496 1408 1657 1443 χαρίσωμαι
1679 1409 1729 1436 καὶ
1758 1407 1834 1436 πᾶσι
1863 1407 1926 1441 τοῖς

1140 1455 1398 1489 προσδεξαμένοις
1424 1454 1458 1481 τὸ
1481 1454 1615 1490 χάρισμα
1632 1454 1686 1482 τοῦ
1702 1454 1924 1490 βαπτίσματος.

1138 1502 1253 1536 Πρωτας
1277 1500 1455 1532 ἀναστᾶσα,
1477 1498 1501 1528 ὦ
1522 1501 1612 1535 κόρη,
1637 1500 1677 1534 τῷ
1699 1500 1850 1536 πάσχοντι
1875 1501 1926 1535 ὀφ-

1140 1546 1242 1582 θαλμῷ
1267 1546 1322 1573 τὸν
1336 1546 1466 1581 Χριστὸν
1480 1546 1659 1581 ὀνομάσασα
1682 1546 1736 1580 τὴν
1762 1546 1845 1582 χεῖμα
1860 1546 1926 1573 ἐπι-

1140 1593 1201 1624 θες,
1218 1591 1267 1618 καὶ
1283 1590 1383 1625 ἄρτιος
1405 1592 1422 1618 ό
1438 1591 1649 1626 βεϐλημμένος
1670 1592 1822 1626 ὀφθαλμὸς
1837 1591 1925 1626 γενή-

297 1646 392 1666 σεται.
405 1637 498 1670 Οὕτως
510 1639 527 1673 ἡ
544 1638 680 1673 μαθήτρια
695 1639 833 1673 ποιήσασα
845 1637 882 1669 ὡς
896 1638 911 1663 ὁ
924 1637 1083 1669 διδάσκαλος
1099 1636 1229 1669 ὑπέθετο,
1254 1635 1284 1662 τὸ
1304 1636 1403 1662 οἰκεῖον
1433 1635 1600 1671 ἐθεράπευσε
1625 1635 1721 1668 πάθος.
1747 1636 1802 1663 Kal.
1833 1636 1926 1664 ἔκτοτε

297 1686 314 1721 ἡ
334 1684 402 1721 σοφὴ
422 1685 566 1720 Χαριτίνα,
587 1684 731 1720 συνεργείᾳ
746 1684 794 1711 τοῦ
814 1685 918 1720 πατρὸς
952 1685 1036 1719 αὐτῆς
1059 1683 1242 1717 Νικολείδους,
1270 1683 1370 1715 ὀπαδδς
1384 1683 1431 1710 τοῦ
1461 1684 1611 1711 ἀποστόλου
1646 1684 1765 1718 ἐγένετο,
1781 1683 1928 1717 δοξάζουσα

298 1733 348 1761 σὺν
363 1732 437 1767 αὐτῷ
450 1732 497 1759 καὶ
512 1731 661 1766 εὑλογοῦσα
676 1731 721 1759 τὸν
735 1732 812 1760 Θεόν.

333 1779 453 1807 Veniens
472 1783 563 1806 autem
582 1779 723 1814 apostolus
741 1779 885 1814 Philippus
905 1779 1089 1814 Hierapolim,

1177 1779 1233 1814 Τὴν
1250 1778 1279 1805 δέ
1304 1779 1455 1814 Ἰεράπολιν
1468 1777 1630 1806 καταλαϐὼν
1644 1779 1658 1806 ὁ
1672 1777 1820 1810 ἀπόστολος
1836 1777 1932 1804 Φίλιπ-

299 1824 429 1852 monebat
449 1825 495 1859 qui
517 1829 596 1851 erant
616 1825 740 1857 comites,
754 1832 789 1852 ne
811 1825 1009 1852 tentationibus
1028 1825 1090 1852 ani-

300 1877 374 1896 mum
395 1869 606 1903 desponderent.
623 1870 697 1897 Inter
717 1877 778 1905 quae
798 1869 933 1905 indigena:
953 1874 983 1897 ut
1003 1870 1092 1905 impo-

301 1920 401 1942 storem
426 1914 489 1942 dolo
514 1923 615 1943 necare
638 1916 784 1947 volebant,
807 1924 843 1943 ne
870 1915 976 1943 scilicet
997 1923 1092 1943 eorum

301 1967 413 1992 uxores,
428 1960 503 1987 velut
522 1961 604 1987 etiam
625 1961 742 1988 aliorum
763 1961 925 1992 multorum,
938 1961 1092 1988 seduceret.

302 2005 417 2039 Quidam
437 2014 503 2034 vero
524 2007 621 2040 lleros,
639 2007 756 2043 ingenua
778 2016 834 2042 prae
854 2007 969 2042 reliquis
987 2007 1093 2035 civibus

303 2051 426 2083 fortuna.
441 2053 595 2087 apostolum
608 2061 642 2080 ne
654 2053 824 2088 lapidaretnr
836 2053 947 2081 liberari
962 2053 1092 2085 studens,

305 2099 333 2126 in
353 2099 410 2126 lucc
431 2099 488 2126 fere
506 2100 590 2127 verba
617 2100 723 2127 sodales
741 2100 932 2135 probabilibus
952 2107 1095 2135 aggressus

306 2148 358 2172 est.
373 2145 427 2172 Viri
449 2146 525 2178 cives,
538 2154 623 2172 meum
646 2146 783 2172 consilium
805 2145 911 2172 noscite.
926 2145 1000 2172 Nihil
1022 2145 1094 2173 nobis

305 2191 433 2227 injustam
449 2200 508 2218 cum
527 2193 663 2227 peregrino
679 2193 730 2219 isto
747 2193 850 2219 homine
869 2201 878 2219 :
896 2191 956 2225 sed,
968 2193 992 2219 si
1009 2192 1094 2224 lubet,

307 2237 379 2264 illius
392 2238 572 2264 examinemus
587 2238 744 2269 doctrinam.
759 2245 822 2264 num
837 2237 872 2264 ad
887 2238 970 2265 animi
982 2238 1096 2265 salutem

309 2282 410 2318 aliquid
433 2285 560 2319 conferat.
582 2285 650 2311 Cum
674 2292 755 2312 nemo
779 2284 861 2312 lleroi
888 2286 1004 2321 (quippe
1029 2293 1095 2314 vero

309 2327 423 2362 illustri)
439 2329 629 2357 contradicere
641 2338 725 2357 ausus
738 2335 821 2364 esset,
836 2331 942 2365 primus
959 2331 1016 2366 ipse
1031 2339 1097 2366 apo-

309 2374 372 2401 stoli
402 2375 487 2410 pedes
514 2377 691 2411 complexus,
716 2382 841 2404 sanctum
868 2377 982 2412 rogabat
1008 2382 1039 2404 ut
1067 2377 1095 2404 in

309 2419 421 2447 domum
446 2429 522 2448 suam
544 2422 705 2450 diverteret.
725 2422 858 2458 Ingressis
882 2423 952 2455 illis,
971 2423 1096 2451 Marcella

310 2465 408 2494 llerois
425 2475 492 2494 uxor
512 2468 649 2503 indignari
668 2468 800 2496 adversus
816 2467 920 2501 virum,
932 2469 1096 2504 divortiique

310 2511 432 2539 libellum
449 2513 558 2546 offerre,
569 2519 597 2541 et
608 2519 638 2542 ut
650 2515 700 2542 dos
714 2515 748 2542 ad
764 2515 852 2549 ipsam
866 2519 1030 2547 revertatur,
1042 2515 1094 2543 nisi

311 2556 335 2583 is
357 2557 514 2593 Philippum
537 2559 618 2587 domo
639 2560 746 2596 cjiciat,
768 2560 841 2589 serio
861 2568 970 2597 rogare.
991 2560 1095 2589 Videns

312 2645 426 2683 {tantum
441 2652 566 2683 ivenertt,
583 2647 752 2675 Charitinam
776 2655 839 2676 cum
864 2653 942 2683 patre
957 2652 984 2675 et
994 2648 1097 2676 familia

311 2680 421 2720 gltristo
440 2682 597 2720 lucraturus
606 2683 786 2720 ?»__chuentia
799 2680 883 2711 etiam
900 2684 933 2711 de
946 2684 1096 2720 Hierapoli.

314 2715 384 2743 forte
408 2721 536 2754 spectent
560 2718 593 2754 ad
617 2715 782 2752 Hierapolim
814 2720 910 2754 Syria,
934 2715 1100 2746 itinere-de.-

313 2751 506 2792 cem'dierurn
534 2760 554 2792 ah
581 2751 728 2792 Damasci),
763 2751 860 2781 urbem
893 2755 1016 2792 arcbiep.
1047 2754 1099 2792 sub

315 2786 470 2823 patriarcha
491 2787 682 2823 Antiocheno,
712 2786 795 2816 tinam
818 2797 851 2816 ex
875 2786 1021 2823 praecipuis
1049 2789 1101 2816 im-

316 2822 385 2860 perii
415 2822 536 2860 Turcici,
553 2822 601 2860 ubi
627 2823 718 2860 lamis
738 2824 791 2850 illis
816 2822 938 2860 patratis,
961 2822 988 2852 in
1012 2825 1100 2860 Phry-

315 2855 388 2890 giam
401 2861 429 2884 et
441 2857 605 2893 Lycaoniam
627 2859 733 2894 venerit
745 2879 752 2890 ,
782 2855 872 2886 υιῚιίο
890 2855 1007 2892 dicitur;
1024 2855 1102 2894 post—

318 2898 395 2930 remo
414 2892 620 2920 consummatus
646 2892 942 2930 llierapolidPhrygim,
965 2892 1101 2929 quae—om-

320 2928 397 2953 nium
424 2932 532 2963 recepta
548 2928 684 2956 sententia
709 2932 761 2957 est.
785 2928 858 2962 liae,
868 2928 1004 2964 quantum
1027 2937 1102 2958 asso-

1143 1834 1203 1856 πος,
1220 1825 1342 1852 ἐδίδασκε
1357 1824 1421 1856 τοὺς
1436 1824 1634 1859 συνεπομένους
1651 1824 1725 1860 αὐτῷ
1741 1824 1779 1860 μὴ
1802 1824 1930 1850 ἑκκακεῖν

1143 1872 1200 1902 τοῖς
1223 1872 1397 1906 πειρασμοῖς.
1422 1871 1476 1896 Καὶ
1491 1870 1538 1897 ἐπὶ
1563 1870 1651 1905 τούτῳ
1675 1871 1699 1897 οἱ
1715 1870 1842 1906 ἐγχώριοι
1857 1869 1930 1896 δολο-

1143 1916 1261 1951 φονῆσαι
1281 1916 1373 1944 τοῦτον
1396 1916 1537 1944 ἐϐούλοντο
1549 1916 1587 1948 ὡς
1612 1916 1770 1949 ἀπατεῶνα,
1795 1915 1930 1951 προφάσει

1146 1962 1183 1998 μὴ
1199 1963 1246 1989 καὶ
1258 1962 1308 1994 τὰς
1322 1962 1414 1989 αὐτῶν
1428 1963 1562 1997 γυναῖκας
1577 1962 1761 1998 ἀπατηθῆναι,
1779 1962 1871 1998 ὥσπερ
1886 1961 1932 1988 καὶ

1144 2009 1232 2037 ἄλλων
1248 2008 1365 2036 πολλῶν.
1388 2009 1483 2045 ’Ἥρως
1499 2009 1528 2036 δέ
1543 2018 1597 2042 τις,
1615 2008 1669 2035 τῶν
1688 2008 1804 2035 πολιτῶν
1819 2008 1867 2043 τὴν
1883 2007 1932 2034 τύ-

1144 2064 1196 2091 χην
1209 2055 1431 2091 αὶδεσιμώτερος,
1447 2054 1543 2089 ἐξᾶραι
1563 2055 1649 2081 θέλων
1665 2054 1711 2081 τοῦ
1739 2053 1871 2088 λιθασμοῦ
1886 2053 1933 2080 τὸν

1144 2101 1292 2128 ἀπόστολον
1306 2121 1313 2134 ,
1329 2101 1398 2136 πρὸς
1412 2100 1475 2132 τοὺς
1492 2100 1541 2126 σὺν
1561 2098 1635 2134 αύτῷ
1650 2099 1913 2134 πιθανολογούμενος
1923 2119 1932 2131 ,

1144 2146 1216 2173 οὕτω
1228 2154 1287 2178 πως
1299 2146 1361 2181 ἔφη·
1382 2146 1503 2180 Ἄνδρες
1518 2145 1648 2177 πολῖται,
1662 2145 1695 2172 τὸ
1708 2145 1758 2172 ὑπ’
1773 2145 1846 2179 ἐμοῦ
1855 2146 1934 2176 ,βου-

1145 2193 1312 2227 λευόμενον
1336 2191 1456 2227 μάθετε.
1475 2191 1579 2224 Μηδὲν
1603 2191 1676 2226 ἡμῖν
1692 2191 1798 2218 ἄδικον
1819 2191 1869 2218 καὶ
1894 2190 1935 2224 τῷ

1146 2238 1222 2271 ξένῳ
1240 2238 1346 2272 ἀνδρί·
1364 2237 1432 2265 ἀλλ’
1451 2238 1476 2264 εί
1496 2237 1587 2270 δοκεῖ,
1604 2237 1662 2271 τὴν
1681 2237 1775 2264 αὑτοῦ
1789 2237 1935 2265 διδασκα-

1145 2285 1217 2313 λίαν
1237 2284 1464 2319 δοκιμάσωμεν,
1479 2284 1541 2319 atq-8
1560 2285 1603 2318 εις
1621 2283 1758 2319 ψυχικὴν
1780 2285 1935 2318 περιποίη-

1146 2339 1199 2358 σιν
1221 2330 1316 2358 ἔσται.
1337 2331 1393 2358 Kal.
1418 2330 1456 2363 ὡς
1478 2331 1608 2367 ἐπισήμῳ
1628 2331 1668 2366 τῷ
1688 2331 1778 2366 ’Ἦρωῖ
1798 2331 1936 2358 ἀντειπεῖν

1146 2376 1196 2403 οὐκ
1218 2375 1381 2411 ἐτόλμησαν,
1399 2376 1447 2403 καὶ
1472 2376 1554 2408 αὐτὸς
1578 2377 1685 2412 πρῶτος
1702 2377 1756 2404 τῶν
1776 2376 1864 2403 ποδῶν
1886 2376 1935 2403 τοῦ

1147 2422 1297 2449 ἀποστόλου
1313 2422 1481 2458 δραξάμενος
1492 2443 1500 2456 ,
1518 2422 1652 2450 ἐδυσώπει
1675 2423 1722 2450 τὸν
1736 2422 1812 2457 ἂῩιον
1832 2423 1871 2454 εἰς
1885 2422 1936 2458 τὴν

1148 2469 1236 2496 οίκίαν
1258 2468 1341 2496 αὐτοῦ
1364 2469 1526 2497 καταλῦσαι.
1547 2469 1603 2497 Καὶ
1615 2469 1777 2504 ἀμφοτέρων
1800 2469 1936 2504 ἀφικομέ-

1148 2523 1212 2548 νων,
1224 2515 1372 2551 Μάρκελλα
1383 2517 1399 2550 ἡ
1412 2515 1460 2543 τοῦ
1470 2516 1580 2551 ’Ἥρωος
1591 2515 1698 2551 γαμετὴ
1711 2515 1853 2550 ἐδυσφόρει
1866 2515 1937 2542 κατὰ

1148 2560 1196 2588 τοῦ
1214 2561 1352 2594 συνεύνου,
1368 2561 1445 2589 λύσιν
1470 2562 1518 2589 τοῦ
1543 2562 1712 2589 συνοικεσίου
1733 2561 1852 2596 ζητοῦσα
1868 2561 1935 2597 (42),

1151 2649 1198 2685 qui
1210 2650 1284 2682 licet,
1303 2651 1330 2677 in
1343 2658 1372 2678 re
1381 2650 1420 2678 sic
1428 2651 1551 2685 antiqua,
1565 2650 1696 2684 nulloque
1710 2655 1842 2685 praeterea
1860 2655 1938 2678 certo

1152 2690 1221 2712 teste
1237 2685 1430 2720 comprobata:
1456 2693 1612 2720 quanquam
1638 2685 1711 2713 favet
1735 2686 1802 2713 illud
1821 2686 1856 2713 de
1873 2686 1938 2713 Phi-

1152 2720 1227 2755 lippo
1255 2720 1381 2751 diacono.
1402 2721 1448 2755 qui
1472 2721 1513 2748 sic
1528 2720 1664 2755 baptizato
1694 2721 1722 2747 in
1737 2721 1781 2748 via
1808 2722 1937 2748 eunucho

1152 2755 1286 2791 Candaeis
1298 2756 1397 2791 reginae
1407 2756 1577 2790 Ethiopum,
1594 2755 1659 2783 dum
1681 2757 1785 2785 rediret
1808 2757 1936 2789 Azotum,

1154 2798 1170 2817 a
1196 2790 1299 2825 Spiritu
1326 2790 1420 2826 raptus
1446 2795 1498 2824 est,
1519 2791 1580 2818 Aet.
1601 2799 1661 2823 vm,
1689 2792 1741 2824 2'7;
1760 2792 1832 2826 quod
1856 2799 1939 2825 argu—

1155 2831 1248 2853 mento
1264 2830 1316 2857 est,
1326 2825 1410 2853 fuisse
1422 2826 1480 2854 loca
1503 2826 1569 2853 satis
1596 2827 1696 2857 vicina.
1714 2825 1777 2861 quai
1788 2827 1827 2854 sic
1844 2827 1938 2853 conti-

1154 2868 1209 2897 nue
1226 2860 1368 2897 Philippus
1394 2861 1534 2896 apostolus
1557 2862 1680 2897 potuerit
1696 2860 1788 2889 divina
1806 2862 1939 2896 praedica-

1155 2895 1231 2922 tione
1242 2895 1369 2923 lustrare.

1192 2930 1247 2965 (42)
1272 2931 1369 2958 Λύσιν
1397 2931 1449 2959 τσῦ
1468 2931 1663 2960 orm-amatrici;
1679 2930 1818 2965 ᾰιτοῦσα.
1843 2930 1940 2964 Quan—
