2078 3154
150 149 201 182 193

535 147 675 179 ORATIO
694 148 746 178 lX.
761 160 794 166 -
812 148 853 179 ΙΝ
873 149 1031 181 LAUDEM
1047 150 1077 181 S.
1098 148 1268 180 PHILIPPI
1286 149 1414 180 APOST.

1728 147 1780 181 194

147 210 194 236 καὶ
212 207 262 242 τὴν
287 204 469 241 ἀντιστροφὴν
483 204 534 239 τῆς
551 205 674 240 προικὸς,
692 206 717 232 εί
734 205 772 240 μὴ
787 205 836 241 τῆς
851 205 940 238 οῑκίας

994 207 1084 243 itaque
1107 207 1247 242 apostolus
1267 206 1332 234 inde
1364 207 1456 234 animo
1477 205 1605 239 anxium,
1621 210 1652 234 ut
1675 207 1704 234 in
1727 207 1780 235 ﬁde

147 253 200 286 ἔξω
213 252 306 288 βάλλει
322 252 369 278 τὸν
384 251 527 277 Φίλιππον.
547 250 624 277 Ἐπεὶ
636 250 665 277 δὲ
680 250 826 285 ἐναγώνιον
839 252 853 278 ὁ
869 251 937 279 ἀπό-

148 299 241 330 στολος
264 298 309 325 τδν
334 297 431 332 Ἦρωα
456 297 594 332 ἑωράκει,
624 297 705 323 αὑτὸν
732 297 940 333 παρεθάρρυνεν

147 345 288 379 ἐπιμένειν
302 346 335 380 τῇ
355 344 456 370 πίστει.
473 343 559 374 Αὐτὸς
573 343 600 370 δὲ
615 344 776 378 γονυκλίνας
789 344 836 370 καὶ
853 353 939 379 προσ-

148 391 306 425 ευξάμενος,
329 389 380 424 τὴν
403 389 458 424 πρὸ
473 388 572 424 μικροῦ
595 389 823 424 χαλεπαίνουσαν,
855 390 940 417 ίκέτιν

148 437 196 464 τοῦ
210 436 311 472 ταύτης
327 436 424 471 ἀνδρὸς
446 435 664 471 παρεσκεύασεν,
688 434 726 463 Ὦ
745 436 816 471 ἄνερ
830 437 941 472 γλυκύ-

147 491 227 516 rate,
241 482 372 517 λέγουσα,
393 481 487 510 πόθεν
502 483 518 509 ὀ
531 482 704 516 θαυμαστὸς
722 481 810 515 οὗτος
822 483 940 518 ἐγένετο

146 530 324 564 ἇνθρωπος;
349 530 398 562 Ὠς
417 528 495 562 ἡδὺς
511 530 527 556 ὁ
540 528 649 556 τούτου
663 529 755 564 λόγος
779 530 828 556 καὶ
847 530 866 563 ἡ
881 529 942 556 τῶν

146 575 225 610 ἠθῶν
240 574 447 607 κατάστασις]
457 574 597 609 Μεγάλου
607 574 692 606 Θεοῦ,
706 575 720 601 ὸ
735 575 829 610 Ἥρως
843 575 940 611 ἔφησε,

147 620 353 655 καταγγελεὺς
374 618 474 653 οὗτος,
488 617 513 647 ὦ
527 621 626 655 γύναι,
645 620 695 647 καὶ
714 621 834 648 αἰωνίου
846 621 938 653 ,βασι-

147 666 233 698 λείας
259 664 448 700 προξενητής
459 673 467 681 ι
485 664 535 692 καὶ
553 665 580 691 εί
600 663 700 697 δοκεῖ,
717 665 939 700 ἀνενδοιάστως

148 711 364 746 προσέλθωμεν
380 710 420 744 τῷ
434 711 544 738 τούτου
565 710 626 744 Θεῷ
637 719 645 727 ·
660 711 708 738 καὶ
721 711 804 745 ἄμφω
817 720 940 747 προσπε-

988 258 1117 281 constans
1137 257 1330 288 perseveraret
1349 253 1495 280 excitabat.
1512 252 1581 280 Tum
1605 253 1663 287 ipse
1683 253 1779 287 positis

987 299 1104 334 genibus
1132 307 1229 331 orans,
1254 307 1314 326 eam
1341 307 1402 334 qua:
1431 299 1513 334 paulo
1541 303 1604 325 ante
1631 299 1776 332 indignans

987 345 1175 380 obstrepebat,
1188 345 1248 371 viro
1263 345 1415 379 supplicem
1436 344 1511 372 fecit.
1531 344 1552 372 0
1567 346 1606 371 vir
1621 343 1780 378 dulcissime,

988 391 1094 423 aiebat,
1109 391 1177 418 unde
1197 392 1266 418 venit
1282 390 1411 418 mirabilis
1428 391 1468 417 hic
1481 391 1576 417 homo?
1591 390 1678 423 Quam
1693 400 1781 418 suavis

989 437 1062 465 illius
1076 446 1161 464 sermo
1173 446 1328 472 morumque
1339 438 1508 464 constitutio!
1521 437 1611 472 Magni
1623 437 1680 468 Dei,
1692 438 1782 464 aiebat

991 483 1097 515 Heros,
1118 491 1133 509 ο
1155 482 1263 514 mulier,
1287 483 1394 509 nuntius
1419 487 1456 508 est
1482 490 1512 508 ac
1536 489 1636 516 prtem,
1658 482 1782 516 regnique

991 529 1102 556 ccelestis
1126 529 1241 564 parandi
1264 533 1364 556 auctor.
1383 528 1434 561 Ac,
1451 529 1474 555 si
1497 528 1572 560 libet,
1589 529 1655 554 citra
1679 536 1782 555 omnem

991 574 1181 602 dubitationem
1195 575 1349 601 accedamus
1364 573 1437 600 illius
1453 574 1524 606 Deo;
1542 574 1676 608 amboque
1692 574 1781 608 proci-

992 620 1089 648 dentes
1106 621 1241 656 apostolo,
1257 621 1494 656 regenerationem
1513 628 1574 655 quae
1594 628 1628 647 ex
1651 627 1720 654 aqua
1741 624 1783 647 est

992 671 1021 695 et
1043 666 1159 702 Spiritu,
1175 667 1316 702 accipiunt
1335 674 1397 694 cum
1420 670 1476 693 tota
1494 666 1587 693 domo.
1604 665 1663 699 Quo
1681 668 1782 693 iactum

993 717 1045 746 est,
1058 718 1089 740 ut
1100 717 1129 740 et
1141 713 1226 740 vicini
1241 712 1320 740 multi
1335 712 1369 739 ad
1384 712 1530 740 Dominum
1543 711 1701 738 transirent.

149 760 240 792 σόντες
256 759 408 794 ἀποστόλῳ,
425 759 535 786 πανοικὶ
548 759 715 795 λαμβάνουσι
731 759 782 795 τὴν
797 759 827 794 ἒξ
840 759 936 792 ὓδατος
954 761 1001 788 καὶ
1025 760 1185 797 Πνεύματος
1209 759 1400 796 ἀναγὲννησιν.
1425 759 1473 786 Ἐκ
1502 759 1531 785 δὲ
1562 758 1666 791 τούτου,
1691 757 1784 784 πολλοὶ

147 805 197 841 τῆς
213 805 379 840 περιοικίδας
396 806 464 840 πρὸς
480 805 582 841 Κύριον
600 805 792 841 μετετάξαντο.

189 851 259 877 Ἀλλ’
282 852 296 877 ὁ
312 851 363 886 τῆς
381 850 482 882 κακίας
505 850 666 886 ὲφευρετὴς,
680 851 718 883 ὡς
734 851 830 878 ἑαυτὸν
845 851 933 886 ἡττώ-

1021 852 1123 879 Verum
1140 851 1252 879 malitiae
1266 854 1373 883 auctor,
1394 854 1425 877 ut
1438 857 1468 878 se
1481 849 1555 877 vinci
1569 849 1649 883 vidit,
1664 858 1783 886 suosque

150 906 230 934 μενον
245 895 310 929 εἶδε,
324 896 373 922 καὶ
390 898 453 928 τοὺς
466 897 563 923 ἑαυτοῦ
577 897 630 923 ὑπὸ
642 897 689 924 τοῦ
704 896 856 924 ἀποστόλου
874 897 942 929 ὲζω-

148 943 325 979 γρημένους,
355 941 529 977 πυρπολῆσαι
555 941 605 978 τὴν
635 942 723 969 οἰκίαν
751 943 799 970 τοῦ
833 943 941 978 Ἥρωος

148 991 253 1024 ἤγειρε.
270 989 328 1014 Καὶ
340 988 423 1021 γνοὺς
438 987 478 1022 τῷ
501 987 638 1024 πνεύματι
653 990 667 1015 ό
681 988 841 1021 ἀπόστολος,
860 989 941 1024 ἀτρό-

151 1042 208 1069 pro;
232 1032 318 1066 ἔξεισι
333 1032 402 1067 πρὸς
417 1032 516 1063 αὐτούς
528 1041 536 1048 ·
551 1032 580 1059 ὃν
601 1033 749 1068 ἀνημέρως
768 1034 942 1068 ὲπικαυχῶν-

149 1088 205 1111 τες,
221 1079 262 1110 εἰς
274 1078 305 1105 τὸ
317 1078 473 1105 δικαστικὸν
487 1077 679 1114 βουλευτήριον
691 1079 805 1114 ἧγαγον.
828 1079 942 1114 Ἐμϐρι-

149 1125 203 1156 θῶς
227 1124 256 1151 δὲ
279 1124 319 1159 τῷ
350 1124 493 1159 ἀποστόλῳ
524 1124 702 1159 Ἀρίσταρχος
722 1124 736 1150 ό
758 1124 873 1159 ἔξαρχος
893 1124 941 1151 τοῦ

150 1170 343 1206 βουλευτηρίου
370 1170 509 1206 προσχὼν,
533 1168 606 1197 οἶδά
619 1178 656 1197 σε
667 1170 732 1204 ταῖς
740 1171 880 1206 μαγείαις
894 1171 942 1198 ὲν-

148 1217 365 1252 αόρυνόμενον,
381 1216 458 1251 ἔλεγε
470 1224 478 1232 '
494 1216 564 1244 ἀλλ’
576 1217 602 1244 εί
614 1216 657 1251 μὴ
669 1217 856 1252 ἀποθέμενος
872 1218 942 1245 ταύ-

150 1271 205 1295 τας
221 1262 280 1296 ἔσῃ
292 1283 299 1294 ,
323 1261 461 1296 λιθασμῷ
485 1261 579 1296 πικρῷ
596 1269 634 1289 σε
655 1262 807 1290 ἀπολέσω.
827 1262 865 1290 Τὰ
888 1264 943 1298 γὰρ

150 1309 218 1344 περὶ
236 1309 290 1336 τοῦ
303 1307 528 1342 σταυρωθέντπ
546 1308 620 1335 Θεοῦ
635 1314 695 1335 σου
719 1309 865 1343 εὐκαίρως
878 1310 942 1336 ἐπι-

152 1355 331 1389 ᾇιτήσομεν,
348 1354 433 1389 λέγει,
449 1355 498 1381 καὶ
511 1354 562 1390 τῆς
576 1355 762 1389 ἀποστολικῆς
776 1355 943 1391 δραξάμενος

152 1400 261 1435 κόμης,
284 1400 364 1427 ὠθῶν
388 1399 470 1427 αὑτὸν
488 1400 738 1436 προσεπηλάκιζεν.
765 1401 943 1437 Ἀριστάρχου

152 1446 182 1473 δὲ
197 1446 229 1473 τδ
246 1446 364 1473 ἄτακτον
378 1446 641 1481 ὲπιτεχνευσάμενος
657 1446 834 1482 σωφρονῆσαι
857 1447 871 1473 ό
890 1455 943 1482 μα-

154 1493 252 1527 κάριος
266 1492 411 1523 Φίλιππος,
431 1492 495 1524 ἴσως
512 1491 559 1519 καὶ
577 1492 622 1519 διὰ
637 1493 701 1524 τοὺς
719 1493 943 1528 παρατυγχάνον-

153 1547 215 1569 τας,
228 1538 271 1564 ἴνα
283 1538 383 1572 γνῶσιν
396 1538 437 1564 ὅτι
447 1537 560 1565 δυνατοῦ
573 1538 641 1565 Θεοῦ
655 1539 729 1566 ἐστιν
741 1539 891 1575 ὑπηρέτης,
905 1540 944 1571 εις
956 1529 979 1560 C

157 1585 277 1620 ἐπήκοον
292 1584 402 1611 πάντων
416 1584 488 1611 οὕτω
497 1593 557 1616 πως
567 1584 750 1621 ἐξεφώνησεν,
765 1585 797 1612 '0
809 1586 863 1618 τὰς
875 1595 946 1621 καρ-

156 1629 223 1663 δίας
241 1629 326 1665 ἡμῶν
345 1629 467 1663 πλάσας
482 1631 664 1666 καταμόνας,
681 1631 796 1664 καὶτὰς
809 1632 947 1665 κινήσεις

156 1676 258 1704 αὐτῶν
268 1676 344 1710 πρὸς
363 1677 545 1703 ὁπωσανοῦν
560 1678 752 1711 τρεπόμενος,
768 1677 822 1704 τὸν
836 1677 869 1704 ἐκ
890 1677 946 1711 τῆς

156 1721 232 1756 ἐμῆς
261 1721 385 1756 καρδίας
407 1722 447 1754 ὡς
472 1721 565 1757 ὀργῆς
586 1722 736 1757 ἀμέτοχον
759 1722 946 1757 ἀναγόμενον

155 1771 250 1804 ,λόγον
262 1768 338 1803 ἔργῳ
356 1768 531 1803 πλήρωσον,
544 1769 642 1802 Κύριε,
658 1768 707 1795 καὶ
724 1768 859 1803 γενέσθω
871 1768 947 1796 πᾶσι

157 1815 380 1850 σωφρονισμός,
404 1815 440 1841 'H
461 1814 644 1849 προταθεῖσα
662 1815 728 1849 χεὶρ
757 1815 807 1842 ἐπὶ
825 1814 883 1849 τὴν
896 1816 946 1842 κό-

157 1869 231 1895 μην,
256 1858 294 1895 ἧς
313 1860 445 1895 ἠγίασας
467 1860 618 1895 κεφαλῆς,
636 1861 800 1894 παρεθήτω.
830 1861 946 1896 Ἑπηκο-

157 1905 247 1933 λούθει
267 1906 296 1932 δὲ
320 1906 359 1941 τῷ
383 1906 455 1942 λόγῳ
483 1907 501 1942 ὴ
525 1906 572 1934 τοῦ
592 1907 710 1934 ἀτάκτου
727 1907 876 1943 διαστροφὴ
892 1908 946 1934 τῶν

159 1950 259 1985 μελῶν.
275 1950 402 1986 Παρευθὺ
415 1951 469 1986 γὰρ
483 1952 501 1986 ἡ
516 1950 612 1978 τούτου
626 1951 803 1987 ἀπεξηράνθη
820 1953 881 1988 χεὶρ
899 1952 946 1979 καὶ

156 1997 172 2022 ὁ
188 1996 258 2031 πρὸς
272 1996 358 2032 αὐτὴν
367 1996 507 2032 ὀφθαλμὸς
521 1997 711 2032 ἀπετύφλωτο,
724 1998 772 2024 καὶ
786 1999 847 2025 κατ’
862 1999 946 2034 ἄμφω

156 2041 309 2075 κεκώφωτο
322 2042 389 2073 ,τοῖς
401 2041 462 2069 ὠσί.
480 2042 565 2069 Τοῦτο
578 2043 641 2074 τοὺς
657 2043 882 2078 συνειλεγμένους
903 2044 947 2077 ἑξ-

156 2087 268 2122 ἐστησε,
283 2087 331 2114 καὶ
348 2088 419 2123 μετὰ
435 2087 512 2120 δέους
529 2088 650 2115 ἱκέτευον
664 2088 757 2115 δοῦναι
778 2088 945 2124 συγγνώμην

155 2132 196 2167 τῷ
210 2132 451 2168 πλημμελήσαντι.
471 2133 528 2160 Καὶ
541 2134 555 2160 ὁ
577 2133 726 2165 ἀπόστολος
748 2133 817 2169 πρὸς
833 2133 943 2165 αὐτούς·

155 2180 193 2206 At
208 2179 269 2206 τῶν
280 2178 383 2229 μελῶν
395 2179 572 2215 διαστροφαὶ
591 2180 783 2214 ἀνθρωπίνης
801 2180 946 2229 βοηθείας
958 2199 985 2229 D

155 2224 378 2259 ἐπαποροῦσιν.
402 2225 433 2252 '0
445 2226 500 2260 γὰρ
529 2226 643 2252 τούτων
667 2224 828 2259 διορθωτὴς
848 2222 892 2257 εἷς
915 2222 946 2251 ἑὲ

154 2279 238 2303 στιν,
255 2273 272 2299 ὁ
283 2271 318 2298 ἐκ
334 2271 406 2306 χοὸς
413 2272 562 2306 κατάρχας
575 2271 755 2307 διαρθρώσας
768 2272 821 2298 τὸν
837 2271 948 2305 ἄνθρω-

156 2325 229 2344 πον.
250 2317 299 2350 Ὧς
314 2319 341 2344 ει
355 2317 399 2352 μὴ
418 2318 616 2352 προσέλθητε,
632 2318 682 2345 καὶ
695 2318 788 2351 αὐτὸς
801 2319 818 2343 ὁ
833 2317 946 2349 παθὼν,

156 2364 194 2390 οὺ
205 2362 327 2394 τεύξει-ε
340 2363 396 2397 τῆς
413 2363 530 2397 ἰάσεως.

194 2410 250 2436 Καὶ
266 2409 338 2444 πρὸς
348 2409 445 2445 τούτῳ,
464 2410 582 2442 τεθνεώς
609 2419 651 2442 τις
681 2409 854 2445 ἐξεκομίζετο
879 2409 948 2445 πρὸς

155 2455 247 2491 ταφήν
260 2463 268 2470 ·
283 2456 329 2482 καὶ
349 2456 530 2492 κατασχόντες
537 2457 588 2492 τὴν
603 2456 697 2492 κλίνην
709 2456 734 2483 οἱ
754 2455 946 2491 συμπαρόντες

157 2543 239 2570 quam
268 2535 386 2570 apostoli
415 2534 561 2563 consilium
583 2538 652 2570 erat,
678 2541 712 2561 ne
727 2539 860 2569 susceptae
883 2534 946 2562 ﬁdei

156 2569 240 2598 causa
265 2569 367 2598 uirores
383 2577 398 2597 a
419 2570 487 2597 viris
512 2569 697 2601 discederent,
724 2570 767 2596 vel
790 2569 873 2597 etiam
891 2570 945 2597 viri

158 2613 261 2633 uxores
291 2605 490 2640 relinquerent,
519 2604 529 2631 Ι
555 2604 618 2631 Cor.
639 2612 689 2635 vn,
716 2604 760 2636 1‘2,
777 2603 883 2632 theris
900 2613 946 2640 ego

156 2641 225 2675 dico,
239 2649 292 2667 non
305 2639 434 2667 Dominus
447 2649 456 2667 :
468 2639 497 2667 Si
511 2641 569 2675 quis
587 2639 670 2674 frater
691 2647 800 2666 uxorem
813 2639 890 2675 liabet
903 2639 946 2667 in-

156 2674 274 2708 ﬁdelem,
292 2680 358 2707 etc.,
369 2676 462 2710 plures
480 2680 570 2702 tamen
584 2675 664 2701 simul
679 2679 805 2709 suscepta
819 2674 882 2707 ﬁde,
898 2683 946 2702 ca-

157 2710 261 2737 stitatis
286 2711 457 2746 propositum
483 2710 730 2746 amplectebantur,
756 2710 860 2746 quibus
875 2718 946 2737 non-

157 2746 301 2785 nunquam
314 2780 319 2785 _
332 2746 448 2780 apostoli
469 2745 629 2785 annuebant
639 2753 646 2770 :
656 2745 838 2785 “quandoque
860 2746 944 2785 etiam

158 2779 210 2814 ipsi
227 2779 362 2812 inﬁdeles,
387 2785 516 2814 suscepto
546 2779 609 2807 ﬁdei
629 2779 704 2813 odio,
734 2780 882 2807 divortium
903 2781 944 2807 ia-

158 2815 283 2847 ciebant,
296 2820 328 2842 ut
338 2815 383 2843 hic
403 2815 529 2842 Marcella
544 2819 665 2842 tentasse
686 2815 862 2847 describitur,
890 2816 945 2843 nisi

158 2850 370 2890 vir‘apostolica
379 2850 595 2890 gestigiadomo
625 2850 746 2890 eliceret.
766 2850 945 2890 Proindeje-

162 2884 218 2913 reri
233 2880 363 2920 poterant
379 2880 565 2921 Hierapolim,
593 2893 627 2914 ne
634 2880 750 2914 illorum
766 2893 866 2913 uxores
880 2886 944 2913 Phi-

992 897 1149 932 apostolicis
1166 902 1260 932 captos
1277 897 1401 924 cassibus
1420 896 1557 931 cognovit,
1572 900 1602 923 ut
1621 896 1718 924 Herois
1733 897 1783 923 do-

991 951 1067 970 mum
1087 943 1267 971 incenderent
1281 943 1421 970 excitavit.
1438 942 1508 969 Tum
1527 942 1667 977 apostolus
1686 943 1783 976 spiritu

993 998 1051 1017 rem
1067 989 1233 1025 intelligens,
1246 989 1280 1016 ad
1295 996 1343 1016 eos
1356 989 1510 1024 intrepidus
1523 989 1555 1015 iit
1571 997 1578 1015 :
1592 996 1673 1023 quem
1689 988 1785 1016 imma—

992 1034 1067 1062 niter
1080 1034 1248 1066 insultando,
1265 1034 1299 1061 ad
1317 1034 1422 1061 curiam
1442 1033 1619 1068 tribunalque
1634 1033 1784 1060 duxerunt.

992 1080 1151 1115 Aspereque
1166 1087 1198 1106 ac
1214 1079 1360 1106 minaciter
1374 1078 1499 1114 apostolo
1526 1078 1702 1105 Aristarchus
1716 1086 1785 1112 prm—

992 1125 1081 1153 fectus
1095 1126 1180 1152 curiae
1196 1133 1301 1160 praeses
1317 1134 1324 1152 :
1340 1125 1407 1152 Novi
1423 1130 1457 1157 te,
1472 1125 1573 1157 aiebat,
1587 1125 1682 1159 magiw
1700 1125 1786 1151 virtu-

992 1171 1060 1198 tibus
1075 1170 1201 1207 gloriari;
1216 1175 1254 1203 at,
1270 1172 1320 1198 nisi
1335 1179 1378 1198 eas
1393 1172 1530 1206 abjeeeris,
1549 1171 1642 1198 acerbo
1659 1175 1683 1197 te
1701 1171 1785 1198 imbre

994 1217 1112 1251 lapidum
1131 1216 1251 1252 perdam.
1271 1215 1337 1248 Qua!
1357 1217 1426 1244 enim
1448 1216 1483 1242 ad
1501 1216 1585 1243 Deum
1607 1220 1682 1242 tuum
1700 1216 1785 1242 cruei-

992 1261 1077 1296 ﬁzum
1103 1267 1236 1298 spectant,
1258 1266 1405 1297 opportune
1432 1262 1656 1295 eraniinabimus,
1679 1262 1784 1296 inquit,

993 1315 1125 1343 comaque
1134 1308 1335 1343 apprehensum
1351 1309 1503 1343 apostolum
1517 1329 1524 1340 ,
1533 1308 1646 1335 trudens
1660 1308 1787 1343 suggilla-

993 1353 1051 1381 bat.
1067 1353 1186 1381 Studens
1204 1358 1296 1380 autem
1310 1354 1353 1380 vir
1368 1353 1464 1380 beatus
1491 1353 1644 1380 Aristarchi
1663 1353 1785 1380 insolen~

995 1401 1061 1427 tiam
1074 1400 1217 1435 castigare,
1231 1399 1302 1428 forte
1317 1407 1381 1428 vero
1395 1400 1478 1427 etiam
1492 1402 1605 1435 propter
1616 1407 1663 1427 eos
1676 1400 1722 1434 qui
1738 1399 1786 1427 ad-

994 1451 1084 1479 erant,
1100 1453 1132 1473 ut
1148 1446 1335 1481 intelligerent
1349 1446 1470 1480 potentis
1485 1446 1533 1473 Dei
1548 1453 1611 1473 eum
1625 1446 1785 1473 ministrum

995 1498 1069 1523 esse,
1085 1490 1193 1518 cunctis
1214 1491 1391 1518 audientibus
1414 1490 1442 1518 in
1465 1490 1539 1518 hunc
1560 1491 1672 1519 modum
1690 1499 1786 1519 vocem

994 1536 1103 1564 extulit.
1117 1536 1169 1569 Qui
1181 1537 1296 1564 omnium
1309 1541 1428 1564 nostrum
1441 1537 1578 1572 sigillatim
1592 1537 1672 1564 corda
1686 1537 1787 1572 forma-

995 1583 1190 1618 sti,eorumque
1200 1584 1228 1609 in
1239 1583 1341 1618 quosvis
1351 1584 1431 1610 vertis
1442 1588 1575 1613 θηρίοισι
1586 1591 1643 1610 meo
1653 1591 1785 1618 erumpenv

997 1635 1048 1657 tem
1063 1630 1140 1657 corde
1155 1638 1312 1663 sermonem,
1328 1629 1422 1665 quippe
1438 1630 1485 1656 ἕνα
1502 1634 1646 1664 expertem,
1661 1628 1786 1662 Domine,

996 1686 1073 1713 opere
1084 1677 1210 1713 adimple,
1218 1678 1302 1713 sitque
1313 1677 1432 1704 omnibus
1441 1677 1524 1712 justw
1536 1676 1644 1703 ultionis
1658 1675 1786 1711 exemplo.

997 1723 1062 1757 Qua:
1073 1725 1101 1751 in
1112 1732 1214 1751 comam
1225 1724 1283 1759 ejus
1293 1724 1397 1759 capitis,
1407 1723 1476 1759 quod
1488 1722 1670 1756 sanctiﬁcasti,
1680 1727 1786 1749 extensa

997 1779 1092 1798 manus
1112 1775 1165 1804 est,
1184 1770 1354 1797 dissolvatur.
1371 1770 1497 1803 Dixerat,
1515 1770 1623 1805 virique
1642 1769 1786 1797 insolentis

997 1817 1186 1845 membrorum
1209 1817 1337 1844 distortio
1359 1821 1481 1844 actutum
1504 1816 1589 1844 verba
1614 1820 1707 1844 secuta
1732 1820 1784 1843 est.

997 1861 1097 1890 Statim
1116 1863 1190 1890 enim
1208 1863 1268 1898 ejus
1286 1870 1383 1890 manus
1397 1862 1524 1895 exaruit;
1539 1862 1659 1896 positum
1677 1861 1709 1888 ad
1724 1869 1786 1889 eam

998 1908 1109 1935 oculum
1124 1907 1224 1936 invasit
1237 1908 1356 1939 caecitas,
1369 1915 1505 1942 auresque
1524 1908 1610 1935 amba:
1630 1907 1784 1934 obsurdue-

997 1959 1074 1981 runt.
1089 1954 1127 1981 Ea
1145 1961 1201 1987 res,
1216 1961 1264 1982 eos
1279 1954 1326 1990 qui
1341 1953 1497 1989 congregati
1511 1957 1591 1980 erant
1605 1953 1634 1980 in
1647 1957 1786 1988 stuporem

997 1999 1063 2034 egit,
1077 2003 1208 2033 metuque
1227 2007 1259 2026 ac
1276 2003 1395 2026 tremore
1413 1998 1505 2026 delicti
1524 2006 1572 2025 reo
1588 1998 1696 2025 veniam
1715 2006 1786 2033 pra:-

997 2044 1064 2072 stari
1088 2044 1289 2080 supplicabant.
1305 2044 1347 2072 Ad
1370 2051 1439 2079 quos
1464 2044 1612 2078 Apostolus
1635 2051 1641 2070 :
1667 2043 1786 2070 Distarta

997 2090 1126 2122 membra,
1140 2091 1257 2117 humana
1273 2098 1320 2125 ope
1336 2098 1387 2116 non
1402 2089 1490 2116 ualent
1506 2089 1638 2124 reparari.
1654 2088 1704 2121 Qui
1717 2089 1785 2115 enim

998 2137 1121 2163 restituat
1134 2140 1212 2172 atque
1224 2136 1364 2169 instauret,
1376 2143 1443 2162 unus
1458 2139 1505 2167 est,
1521 2135 1565 2169 qui
1581 2143 1597 2161 α
1614 2134 1741 2170 principio
1755 2141 1785 2161 επ

999 2181 1103 2214 pulvere
1119 2182 1251 2208 hominem
1270 2182 1307 2208 sic
1325 2180 1449 2208 membris
1468 2181 1625 2207 instructum
1644 2180 1786 2214 fabricatus

997 2231 1045 2255 est.
1060 2227 1234 2260 Quamobrem
1250 2227 1300 2254 nisi
1314 2226 1485 2257 accesseritis,
1500 2226 1573 2261 isque
1585 2226 1641 2261 ipse
1653 2224 1696 2260 qui
1712 2223 1784 2251 labo-

995 2278 1050 2307 rat,
1063 2274 1205 2301 sanitatem
1220 2281 1272 2300 non
1287 2272 1484 2308 consequimini.

1042 2409 1159 2441 Interea,
1182 2408 1304 2436 defuncti
1328 2407 1471 2443 cujusdam
1496 2406 1579 2433 funus
1602 2405 1783 2440 eﬂ'erebatur;

997 2459 1176 2491 tenentesque
1199 2455 1330 2482 feretrum
1352 2454 1399 2489 qui
1420 2453 1528 2481 sodales
1549 2452 1708 2480 Aristarcho
1734 2452 1784 2480 ad-

1000 2533 1100 2574 l‘ippus.
1117 2530 1449 2574 seduceretz'adducendo
1475 2530 1509 2574 ad
1522 2529 1614 2574 ﬁdem,
1627 2530 1718 2574 "unde
1738 2530 1783 2574 illa

1000 2565 1119 2595 diuortia
1136 2568 1241 2594 ﬁerent.
1258 2567 1303 2594 Sic
1329 2566 1460 2593 nimirum
1480 2566 1556 2593 venit
1578 2566 1710 2592 Dominus
1724 2565 1783 2599 gla-

1000 2604 1075 2631 dium
1104 2603 1221 2633 mittere,
1238 2601 1333 2629 Matth.
1365 2609 1390 2631 x.
1407 2601 1451 2633 35,
1467 2609 1516 2628 nec
1538 2605 1580 2628 est
1604 2600 1651 2628 illo
1674 2601 1782 2635 dignus,

1000 2639 1047 2670 qui
1075 2639 1118 2665 vel
1142 2646 1266 2670 uxorem,
1294 2637 1337 2664 vel
1365 2637 1448 2664 alium
1466 2644 1631 2672 quemquam
1658 2635 1783 2672 plusillo

1001 2669 1091 2705 amat;
1105 2673 1177 2708 quod
1192 2674 1287 2707 utique
1301 2672 1376 2704 facit,
1395 2672 1451 2708 qui,
1469 2669 1606 2708 consentit
1635 2669 1696 2698 cum
1721 2669 1782 2708 infi-

1000 2709 1053 2736 deli
1066 2705 1225 2745 cohabitare
1241 2705 1302 2735 cum
1325 2705 1426 2745 iniuria
1440 2707 1597 2745 salvatoris,
1623 2713 1682 2745 qua)
1697 2705 1781 2745 plane

1000 2745 1027 2771 in
1040 2744 1153 2779 proclivi
1167 2747 1218 2775 est,
1235 2751 1297 2770 cum
1312 2743 1539 2779 alwrconjuguin
1559 2741 1645 2779 errori
1661 2741 1780 2773 pristino

998 2787 1029 2807 ac
1040 2776 1229 2814 superstitioni
1245 2783 1337 2806 manet
1357 2776 1617 2814 addictior._Mo_duli
1645 2782 1676 2814 ac
1689 2781 1780 2814 canon

998 2808 1098 2849 praeter
1111 2815 1296 2849 apostolorum
1321 2820 1489 2849 communes
1503 2811 1597 2849 laudes
1614 2814 1641 2837 et
1655 2808 1779 2849 labores,

998 2844 1030 2878 ac
1042 2844 1159 2884 Philippi
1174 2857 1296 2882 crucem,
1310 2848 1384 2885 quod
1394 2847 1516 2876 historia:
1527 2846 1616 2874 lucem
1635 2844 1717 2872 ullam
1737 2845 1780 2872 at~

999 2885 1079 2918 ferat,
1096 2885 1166 2913 nihil
1183 2885 1294 2913 habent.
