2078 3154
242 205 293 240 179

820 206 965 237 NICETAZ
984 204 1247 236 PAPHLAGONIS

1802 207 1855 238 180

239 262 347 295 minem,
358 260 430 288 nobis
453 261 570 297 praebuit.
583 261 608 289 Is
620 263 753 289 hominum
763 262 856 289 similis
877 269 1009 297 apparens

1071 261 1284 296 ἀναμαρτήτως
1310 260 1566 295 ἀνθρωπιζόμενον
1592 259 1768 295 παρέσχετο.
1806 261 1856 294 ὀς

238 307 356 334 veritatis
386 307 546 334 sermonibus
557 315 588 334 ac
601 309 721 343 potentias
737 307 866 342 operibus,
880 308 969 334 Patris
979 309 1021 334 sui

239 353 312 379 nobis
329 351 442 387 gloriam
453 361 485 380 ac
497 353 630 385 notitiam,
647 353 729 388 affusa
748 353 848 380 salitus
861 353 918 380 luce
932 354 1019 380 mani-

238 399 363 433 festam't;
383 400 479 434 quique
501 399 533 425 ab
557 399 628 425 omni
649 398 773 425 immunis
798 400 918 434 passione
943 403 1018 431 esset,

236 443 402 478 passionibus
412 444 493 469 nostri
501 451 591 474 causa,
603 451 728 478 cruceque
737 447 760 470 et
774 447 856 470 morte
868 444 1019 478 perfunctus

236 493 316 523 atque
329 489 356 515 in
369 488 422 515 illis
437 492 554 514 versatus
572 487 678 523 (quippe
688 489 763 515 homo
774 497 833 515 cum
844 489 920 524 esset)
933 497 1019 515 resur-

235 535 302 561 rexit
315 535 391 560 tertia
401 534 442 560 die
454 542 484 561 ac
497 542 525 560 se
533 533 605 560 nobis
615 534 781 569 conspicuum
802 535 873 568 fecit,
896 535 1019 568 nobisque

234 578 398 605 cernentibus
412 578 440 605 in
462 577 555 605 uelum
570 584 687 614 receptus
701 584 739 606 est
762 580 866 615 (quippe
881 581 925 615 qui
948 579 1018 607 Deus

233 628 320 659 esset).
335 624 417 657 Quem
428 629 453 652 et
468 633 558 652 rursus
575 630 713 653 venturum
723 635 736 652 ο
748 626 818 654 caelis
828 631 1016 662 exspectamus.

231 678 279 704 pro
289 678 318 697 eo
334 678 365 697 ac
374 670 505 705 pollicitus
516 675 564 703 est,
581 675 608 698 ut
627 673 773 698 humanum
792 680 868 698 omne
880 680 961 707 genus
977 680 1018 699 ea;-

231 715 347 748 suscitet,
357 716 508 751 judicetque
533 725 564 743 ac
575 717 667 743 reddat
678 717 816 752 unicuique
825 725 872 752 pro
882 725 911 744 eo
920 726 950 744 ac
961 725 1018 752 ges-

229 762 274 788 sit.
288 762 375 794 Hunc,
399 763 550 795 hortamur,
571 764 711 798 agnoscite.
728 763 814 796 Hunc,
834 763 1016 796 obsecramus,

229 807 359 840 colite;et
373 808 400 835 in
415 809 519 835 nomine
533 809 589 844 ejus
612 809 748 844 baptizati,
770 809 802 836 ab
828 809 899 836 omni
921 808 1017 835 scelere

229 852 386 889 impuraque
401 856 472 881 omni
492 856 647 882 cwremom'a
664 855 860 888 emundamini;
882 854 1017 890 omnisque

228 900 322 934 gratim
334 901 474 935 participes
486 901 576 936 effecti,
591 905 670 936 atque
688 901 760 928 illius
777 905 908 928 consortes
916 901 1016 928 sancti—

231 945 301 977 tatis,
319 946 378 972 vita:
391 951 496 973 aeternae
509 955 540 973 ac
549 948 621 982 regni
632 947 810 975 hereditatem
816 947 1013 982 consequimini,

228 989 256 1016 in
271 988 373 1017 Christo
388 990 461 1019 Jesu.
475 991 570 1019 Amen.

262 1122 456 1158 Huiuscemodi
480 1122 523 1150 vir
534 1122 710 1151 beatissimus
723 1122 824 1152 divinis
838 1123 1013 1159 praedicatio-

227 1169 309 1196 nibus
321 1169 481 1202 admonens,
498 1169 647 1198 adhortans
658 1170 839 1205 privatimque
858 1177 891 1197 ac
901 1170 1013 1205 publica

226 1214 359 1242 concione
369 1213 520 1241 doctrinam
529 1214 641 1249 iustitiae
656 1214 776 1248 tradens,
791 1215 898 1242 turbam
914 1222 1014 1242 nume-

226 1266 258 1287 ro
273 1259 443 1294 superiorem
475 1266 616 1287 assensum
636 1259 814 1294 praebentem,
832 1260 941 1287 veritati
963 1259 1012 1287 ad-

224 1303 323 1340 iunxit.
341 1304 450 1339 ﬂosque
463 1303 532 1332 adeo
547 1313 596 1340 per
620 1312 719 1340 aquam
740 1311 769 1333 et
779 1304 910 1340 Spiritum
935 1313 1012 1340 rege-

225 1358 335 1383 nerans,
350 1358 382 1378 ac
395 1351 442 1386 qui
460 1351 488 1378 in
501 1351 555 1378 illis
571 1351 668 1387 majori
693 1351 830 1386 pollerent
851 1351 1008 1387 prudentia,

225 1397 411 1432 majoremque
423 1401 515 1424 essent
535 1397 652 1425 assecuti
673 1397 789 1433 gratiam
802 1417 810 1430 ,
831 1397 859 1424 in
873 1397 1011 1426 antistites

224 1450 257 1470 ac
270 1442 426 1470 sacerdotes
439 1442 603 1477 przeiiciens,
616 1442 766 1471 Ecclesiam
776 1446 899 1471 sanctam
912 1442 1010 1470 imma-

224 1488 342 1516 culatam
357 1487 459 1515 excitat
471 1487 592 1515 Christo.

257 1534 292 1562 At
307 1542 362 1562 non
384 1534 457 1565 tulit,
476 1537 506 1561 ut
522 1534 665 1561 veritatem
678 1534 718 1562 sic
741 1539 949 1570 prosperantem
969 1534 1011 1562 vi-

223 1579 311 1612 deret,
327 1580 373 1614 qui
398 1579 472 1607 illius
486 1579 661 1607 adversarius
677 1585 719 1607 est
738 1589 744 1606 :
759 1580 825 1615 quin
841 1580 1011 1615 potentiores

223 1631 255 1650 ac
271 1624 405 1659 primores
424 1624 544 1652 civitatis
559 1624 632 1652 illius
658 1624 809 1658 incessens,
840 1625 1009 1662 ﬂammaeque

223 1670 309 1696 instar
323 1670 524 1698 aemulationem
534 1671 561 1697 iu
581 1671 621 1698 eis
628 1671 807 1704 succendens,
820 1672 1009 1707 apparitorum

223 1719 335 1749 repente
350 1722 432 1742 manu
444 1723 508 1742 eum
531 1715 656 1750 corripit,
675 1716 808 1751 saevisque
838 1718 1008 1745 conscissum

222 1760 393 1792 verberibus.
403 1761 464 1788 diro
480 1768 590 1789 carcere
604 1761 729 1789 includit.
757 1762 826 1789 Tum
843 1762 972 1792 funiculis
993 1772 1009 1791 e

222 1806 357 1834 calcaneis
376 1807 499 1834 vinctum
517 1807 545 1834 in
563 1806 674 1835 sublimi
685 1815 767 1835 verso
797 1808 824 1835 iu
844 1813 945 1836 terram
966 1817 1010 1837 ca-

222 1854 289 1888 pite,
305 1854 396 1882 virum
405 1855 509 1890 justum
524 1855 705 1890 suspendunt.
723 1855 843 1890 Eratque
856 1856 950 1883 videre
965 1864 1009 1883 ve-

222 1902 263 1929 lut
277 1909 376 1937 agnum
392 1901 596 1933 immaculatum
614 1902 668 1929 alte
681 1902 708 1929 in
724 1910 787 1929 aere
804 1902 953 1930 sublatum.
968 1903 1007 1930 Ac

221 1946 305 1982 pedes
319 1947 427 1992 quidem
443 1955 563 1981 sursum,
576 1947 705 1975 deorsum
733 1955 798 1975 vero
819 1948 1006 1975 venerandum

220 1997 303 2028 caput
326 1993 453 2026 habebat,
465 2001 552 2028 eoque
566 1993 662 2020 habitu
679 1994 781 2021 mentis
801 1994 830 2020 in
846 1994 1008 2022 ccelumiter

220 2045 252 2066 ac
267 2038 525 2074 contemplationem
537 2039 613 2067 velut
626 2039 819 2067 adumbrabat.

256 2125 334 2154 [laud
356 2131 447 2154 tamen
459 2134 522 2154 eum
534 2127 668 2155 Dominus
684 2127 882 2156 consolationis
905 2135 1005 2163 exper-

220 2176 275 2200 tem
295 2172 416 2207 reliquit.
433 2173 614 2208 Propensiore
636 2181 755 2208 namque
779 2174 897 2202 mitioris
912 2174 1007 2208 provi-

219 2218 319 2245 dentia:
340 2218 466 2250 consilio,
497 2218 606 2246 divinus
633 2227 742 2254 quoque
779 2219 1003 2252 Bartliolomaaus,

1070 306 1105 333 ἐν
1122 305 1280 341 ὁμοιώματι
1300 305 1465 340 ἀνθρώπων
1480 305 1646 340 ἐπιφανεὶς,
1659 307 1762 340 λόγοις
1781 306 1857 340 ἁλη-

1070 351 1151 382 θειας
1165 351 1213 377 καὶ
1231 351 1329 385 ἔργοις
1341 351 1505 384 δυνάμεως.
1531 350 1589 384 τὴν
1602 350 1751 385 πατρικὴν
1761 351 1855 378 αὑτοῦ

1069 395 1164 427 δόξαν
1177 395 1227 421 καὶ
1239 394 1364 430 γνῶσιν,
1379 394 1550 429 ἐνέλαμψεν
1563 394 1636 428 ἡμῖν
1645 402 1651 410 ι
1667 393 1716 420 καὶ
1727 393 1856 420 πάθεσιν

1069 442 1086 468 ό
1105 440 1235 475 ἀπαθὴς,
1252 441 1302 467 καὶ
1317 439 1437 474 σταυρῷ
1452 440 1502 466 καὶ
1519 439 1636 473 θανάτῳ
1664 440 1855 473 προσωμιλη-

1068 486 1127 519 κὼς
1143 487 1219 520 ὑπὲρ
1231 486 1315 521 ἡμῶν
1342 486 1508 520 (ἅνθρωπος
1529 485 1583 520 γὰρ
1597 485 1658 520 ἦν),
1679 484 1802 524 ἀνέστη,
1816 483 1855 518 τῇ

1068 532 1165 566 ἡμέρᾳ
1178 532 1217 567 τῇ
1241 533 1335 566 τρίτῃ,
1356 532 1404 559 καὶ
1424 531 1607 566 ἐνεφάνισεν
1638 531 1710 566 ἡμῖν
1728 530 1852 557 ἑαυτόν·

1067 578 1117 605 καί
1128 578 1309 610 βλεπόντων
1321 578 1417 612 ἡμῶν,
1428 577 1584 612 ἀνελήφθη
1598 577 1642 609 είς
1658 576 1711 603 τὸν
1725 575 1855 610 οὐρανὸν

1068 624 1153 657 (Θεὸς
1168 624 1224 659 γὰρ
1239 622 1299 659 ἦν).
1324 625 1379 650 Ὃν
1398 623 1448 650 καὶ
1470 621 1686 658 προσδοκῶμεν
1706 622 1793 656 ἥξειν
1804 619 1855 649 αὖ·

1071 673 1128 704 θις,
1148 671 1189 704 ὡς
1205 669 1300 702 εἶπεν,
1321 670 1356 697 ἐκ
1369 669 1429 698 τῶν
1442 670 1589 704 οὐρανῶν,
1606 669 1660 696 τοῦ
1681 667 1854 703 ἀναστῆσαι

1067 717 1192 750 σύμπαν
1216 716 1249 743 τὸ
1267 716 1404 750 πλάσμα,
1430 715 1481 742 καὶ
1506 715 1602 750 κρῖναι
1621 714 1668 742 καὶ
1689 713 1854 741 ἀποδοῦναι

1067 761 1184 794 ἑκάστῳ
1191 762 1266 788 κατὰ
1278 762 1335 796 τὴν
1343 761 1453 795 πρᾶξιν
1461 761 1566 788 αὑτοῦ.
1578 760 1688 788 Τοῦτον
1698 760 1852 795 ἑπίγνωτε,

1070 806 1284 841 παραινοῦμεν.
1300 807 1409 834 Τοῦτον
1419 807 1596 840 σεϐἀσθητε,
1611 804 1851 839 παρακαλοῦμεν·

1067 852 1115 879 καὶ
1129 852 1164 879 ἐν
1178 852 1218 885 τῷ
1236 852 1359 886 ὀνόματι
1373 852 1481 879 τούτου
1495 851 1716 886 βαπτιζόμενοι,
1734 852 1852 884 καθαρι-

1066 897 1220 931 σθήσεσθε
1231 898 1290 933 μὲν
1316 897 1419 932 πάσης
1432 897 1559 932 ἐναγοῦς
1578 896 1627 924 καὶ
1641 895 1751 932 μιαρᾶς
1771 897 1852 922 τελε-

1028 930 1137 977 Βτῆς·
1155 930 1258 978 πάσης
1281 943 1317 970 δὲ
1339 930 1460 978 χάριτος
1485 930 1616 977 μέτοχοι,
1640 930 1690 970 καὶ
1715 941 1851 969 κοινωνοὶ

1064 989 1118 1023 τῆς
1140 989 1234 1017 αὑτοῦ
1267 990 1422 1024 γενόμενοι
1458 989 1640 1024 ἁγιωσύνης,
1667 989 1851 1022 κληρονόμοι

1063 1036 1138 1071 ζωῆς
1164 1036 1286 1063 αἰωνίου
1313 1035 1363 1063 καὶ
1385 1036 1548 1069 βασιλείας
1576 1034 1849 1069 καταξιωθήσεσθε,

1062 1083 1097 1110 ἐν
1114 1082 1230 1116 Χριστῷ
1248 1082 1361 1117 Ἰησοῦ.
1382 1082 1485 1117 Ἀμήν.

1099 1128 1246 1161 Τοιαύταις
1258 1129 1272 1155 ὁ
1293 1128 1504 1164 μακαριώτατος
1522 1128 1678 1163 θεηγορίαις
1705 1126 1849 1157 νουθετῶν,

1061 1175 1214 1210 παραινῶν,
1235 1175 1288 1210 ἰδίᾳ
1298 1183 1329 1202 τε
1348 1174 1396 1202 καὶ
1408 1175 1527 1210 δημοσίᾳ
1539 1174 1585 1201 τὸν
1598 1174 1678 1208 λόγον
1690 1173 1850 1208 πρεσὸεύων

1060 1221 1111 1257 τῆς
1123 1220 1307 1257 δικαιοσύνης,
1334 1220 1538 1256 ἀναριθμήτους
1563 1220 1613 1255 μὲν
1638 1219 1739 1246 πείθων
1765 1227 1849 1254 προσ-

1061 1266 1144 1302 ήγετο
1157 1267 1191 1302 τῇ
1207 1265 1333 1302 ἀληθείᾳ·
1350 1266 1384 1293 δι’
1399 1265 1495 1297 ὕδατος
1506 1265 1534 1292 δὲ
1547 1266 1594 1292 καὶ
1611 1265 1770 1299 Πνεύματος
1785 1264 1848 1291 τού-

1060 1321 1124 1345 τους
1138 1312 1304 1347 ἀναγεννῶν,
1323 1311 1370 1338 καὶ
1385 1311 1448 1343 τοὺς
1464 1310 1664 1346 συνετωτέρους
1690 1310 1719 1336 ὲν
1745 1310 1846 1342 αὐτοῖς,

1061 1357 1108 1384 καὶ
1119 1356 1230 1392 χάριτος
1246 1355 1368 1391 μείζονος
1387 1355 1564 1390 ἠξιωμένους,
1578 1355 1619 1386 είς
1633 1353 1790 1389 ἀρχιερέας,
1809 1354 1848 1385 ὠς

1061 1401 1152 1438 θέμις,
1164 1402 1212 1428 καὶ
1227 1401 1317 1437 ἱερέας
1328 1400 1557 1436 προϐαλλόμενος,
1574 1399 1737 1434 Ἐκκλησίαν
1754 1399 1846 1433 ἁγίαν,

1060 1447 1177 1484 ἄμωμον
1188 1448 1284 1483 ἀνίστη
1303 1446 1426 1483 Χριστῷ.

1102 1535 1173 1562 ’Δλλ’
1187 1536 1238 1562 οὐκ
1249 1535 1350 1570 ἧνεγκε
1367 1534 1474 1569 βλέπων
1490 1533 1578 1565 οὕτως
1601 1532 1780 1568 εὐοδουμένην
1797 1532 1846 1568 τὴν

1060 1581 1201 1616 αλήθειαν,
1217 1582 1232 1608 ὁ
1254 1580 1357 1615 ταύτης
1381 1580 1492 1616 ἐχθρός·
1508 1580 1572 1612 τοὺς
1589 1579 1794 1611 δυνατωτάτους
1817 1579 1845 1605 δὲ

1060 1627 1108 1654 καὶ
1129 1626 1257 1662 πρώτους
1279 1627 1388 1662 ἐκείνης
1401 1628 1451 1661 τῆς
1480 1626 1583 1658 πόλεως
1606 1625 1717 1657 ὑποδὺς,
1732 1626 1780 1652 καὶ
1801 1625 1846 1652 τὸν

1060 1672 1140 1708 ζῆλον
1152 1673 1181 1699 ὲν
1199 1673 1293 1704 αὐτοῖς
1310 1671 1464 1706 ἀναφλέξας
1479 1671 1516 1703 ὼς
1527 1671 1595 1707 πῦρ,
1613 1671 1782 1706 συναρπάζει
1797 1674 1846 1706 μὲν

1060 1717 1142 1744 αὐτὸν
1161 1716 1278 1750 ἐξάπινα
1301 1716 1374 1752 χειρὶ
1398 1718 1599 1752 στρατιωτικῇ·
1619 1716 1745 1751 μαστιγοῖ
1759 1715 1788 1743 δὲ
1802 1724 1847 1741 πι-

1058 1763 1144 1798 κρῶς,
1158 1762 1336 1797 καθείργνυσι
1351 1761 1380 1788 δὲ
1401 1761 1514 1793 δεινῶς·
1539 1761 1609 1796 μετά
1625 1760 1712 1788 ταῦτα
1728 1761 1756 1788 δὲ
1772 1769 1847 1796 σχοι-

1058 1810 1124 1840 νίοις
1143 1808 1295 1843 ἐξάψαντες
1319 1807 1391 1834 κατά
1418 1807 1472 1834 τῶν
1497 1807 1678 1842 ἀστραγάλων
1702 1806 1772 1842 (37),
1799 1806 1846 1833 ἐπὶ

1059 1854 1196 1889 μετεώρου
1212 1854 1256 1880 τὸν
1270 1853 1373 1880 δίκαιον
1386 1853 1543 1889 ὲκκρεμῶσι
1561 1853 1632 1879 κατὰ
1646 1853 1776 1888 κεφαλῆς.
1790 1853 1845 1880 Καὶ

1057 1897 1091 1934 ἦν
1106 1900 1200 1926 τοῦτον
1223 1900 1290 1934 ὁρᾷν
1315 1898 1443 1934 καθάπερ
1471 1898 1586 1934 ἄμωμον
1610 1899 1713 1934 ἀρνίον,
1729 1899 1774 1925 διὰ
1797 1897 1845 1925 τοῦ

1057 1946 1137 1981 ἀέρος
1149 1945 1366 1981 ἀπῃωρημένον·
1385 1945 1433 1972 καὶ
1446 1944 1502 1971 ἀνω
1515 1945 1565 1979 μὲν
1581 1946 1645 1976 τοὺς
1661 1944 1754 1977 πόδας,
1770 1945 1846 1971 κάτω

1057 1992 1085 2018 δὲ
1102 1991 1151 2026 τὴν
1171 1991 1322 2026 σεδασμίαν
1342 1990 1440 2026 ἔχοντα
1462 1990 1584 2027 κεφαλήν
1596 2000 1604 2008 ·
1628 1991 1676 2018 καὶ
1691 1990 1730 2025 τῷ
1750 1989 1844 2026 τοιῷδε

1058 2037 1176 2072 σχήματι
1204 2037 1252 2072 τὴν
1274 2036 1382 2072 ίθυτενῆ
1401 2037 1469 2072 πρὸς
1482 2037 1517 2064 τὰ
1530 2037 1587 2065 ἄνω
1605 2036 1652 2064 τοῦ
1670 2035 1716 2063 νοῦ
1729 2035 1844 2072 πορείαν

1057 2083 1104 2109 καὶ
1123 2082 1240 2118 θεωρίαν
1257 2082 1460 2119 ὑπογράφοντα.

1097 2128 1168 2154 Ἀλλ’
1179 2129 1229 2155 οὐκ
1245 2129 1351 2164 ἀφῆκεν
1365 2129 1446 2155 αὐτὸν
1459 2130 1473 2155 ὁ
1489 2128 1589 2163 Κύριος
1610 2127 1824 2162 ἀπαρηγόρητον
1834 2136 1842 2144 ·

1056 2174 1197 2210 οἰκονομίᾳ
1226 2174 1254 2200 δὲ
1279 2175 1416 2210 κρείττονι
1441 2175 1487 2200 καὶ
1515 2172 1716 2207 Βαρθολομαῖος
1738 2172 1753 2198 ὁ
1772 2171 1844 2205 θεῖος

1056 2220 1206 2251 ἀπόστολος
1224 2219 1313 2254 τούτῳ
1331 2219 1546 2253 συνεσταύρωτο.
1567 2218 1674 2245 Ἐκεῖσε
1692 2217 1748 2254 γὰρ
1763 2218 1845 2246 αὑτὸν

219 2264 279 2298 pari
295 2263 440 2291 damnatus
464 2264 589 2298 patibulo
615 2265 762 2300 pendebat.
786 2265 907 2302 Contigit
930 2265 1006 2294 enim

1060 2265 1182 2301 ἐνδημεῖν
1194 2285 1202 2298 ,
1216 2266 1263 2292 καὶ
1273 2264 1368 2301 ὥσπερ
1379 2265 1425 2292 τοῦ
1442 2265 1609 2299 Εὑαγγελίου
1624 2265 1763 2296 κοινωνὸς,
1772 2263 1844 2291 οὕτω

218 2316 283 2338 eum
294 2314 359 2338 tunc
370 2310 409 2338 ibi
422 2310 537 2342 versari,
555 2319 587 2338 ac
602 2312 674 2339 sicut
684 2311 896 2347 praedicationis,
913 2311 954 2340 sic
973 2317 1003 2339 et

219 2356 355 2390 passionis
367 2355 472 2383 socium
486 2355 566 2384 eiiici.
582 2356 677 2392 Neque
692 2357 719 2385 id
734 2357 826 2390 modo,
841 2357 889 2385 sed
903 2362 931 2385 et
943 2357 1002 2393 ipsa

251 2444 308 2478 (57)
314 2444 460 2481 Σχοινιοις
471 2443 640 2479 ἐξάψαντες
648 2446 722 2473 κατὰ
729 2446 789 2473 τῶν
796 2446 1003 2481 ἀστραγάλων.

219 2480 265 2508 Sic
289 2487 398 2515 quoque
419 2480 553 2514 Metapbr.
582 2488 688 2508 necnon
714 2481 833 2514 Menam,
858 2480 1004 2515 inquibus

218 2515 377 2550 expressius
391 2515 511 2551 aliquid:
535 2516 594 2542 Ἐπὶ
620 2517 668 2550 τῆς
679 2517 809 2548 πλατείας
830 2514 932 2551 συρεὶς,
945 2514 1005 2542 εἶτα

218 2551 282 2595 τους
309 2551 499 2595 ἀστραγέλους
515 2551 676 2595 τρυγηθεὶς,
691 2552 741 2592 ἐπὶ
753 2551 900 2595 τρῦ-ξύλου
917 2552 1003 2591 ἀνῃρ-

217 2586 308 2621 τήθην·
329 2586 377 2612 καὶ
400 2585 491 2621 οὕτως⁸
518 2585 684 2621 εὐξάμενος,
709 2587 747 2620 τῷ
762 2586 821 2620 Θεῴ
841 2587 871 2613 τὸ
896 2585 1005 2620 πνεῦμα

217 2619 353 2657 παρέθετο
369 2629 377 2636 ι
394 2619 447 2657 [fer
463 2619 592 2655 plateam
603 2626 713 2653 tractus,
732 2619 838 2657 tumque
864 2622 1004 2657 perforatis

216 2656 346 2692 calcaneis
355 2657 383 2683 in
399 2655 469 2690 ligno
487 2664 626 2692 suspensus
644 2662 693 2688 est,
706 2661 730 2684 et
743 2658 780 2684 sic
793 2655 884 2692 passus
895 2657 1006 2684 Domino

217 2691 328 2727 tradidit
345 2691 487 2727 spiritum:
502 2691 604 2725 quibus
627 2697 757 2720 constans
778 2697 830 2724 est,
848 2692 1005 2727 Philippum

217 2726 307 2762 capite
336 2727 466 2754 deorsum
494 2734 585 2762 verso,
611 2732 639 2754 et
653 2727 764 2762 quidem
782 2727 844 2754 talis
858 2728 898 2754 sic
915 2726 1006 2762 perfo-

217 2761 401 2797 ratis,‘stipiti
417 2769 449 2789 ac
459 2761 536 2789 cruci
561 2761 702 2797 alligatum
718 2763 880 2797 pependisse
896 2761 1004 2796 {quam

217 2794 287 2830 forte
300 2794 384 2830 ipsam
398 2804 509 2824 crucem
526 2794 760 2824 velint'Romauas'
776 2798 884 2828 tabulas,
905 2794 938 2824 et
948 2798 1003 2824 Eu-

218 2829 322 2857 sebiani
332 2832 461 2867 chronici
472 2833 662 2866 interpolator,
679 2840 712 2859 ex
726 2840 781 2867 quo
801 2833 859 2867 ipso
873 2837 1002 2866 tanquam

218 2871 252 2890 ex
270 2872 334 2891 vero
357 2866 477 2894 Eusebio
499 2868 669 2901 acceperint,
683 2866 741 2900 qui’
757 2869 868 2894 easdem
895 2868 1003 2894 tabulas

219 2904 366 2937 quaerunt,
391 2908 537 2937 novasque
556 2907 781 2936 composuerunt.
798 2902 916 2936 Lapides
938 2902 1002 2929 addi

219 2931 299 2962 facile
312 2934 366 2962 fuit
381 2931 564 2964 tumultuariae
575 2931 806 2969 illi-cruciﬁxioui,
824 2931 904 2972 plebe
919 2938 947 2966 in
962 2937 1003 2964 fu-

1055 2311 1087 2348 δὴ
1099 2312 1145 2338 καὶ
1158 2311 1205 2338 τοῦ
1217 2311 1320 2343 πάθους
1334 2311 1508 2346 ὲγνωρίζετο.
1521 2311 1558 2338 Οὐ
1573 2311 1653 2346 μόνον
1665 2311 1703 2341 δὲ,
1715 2311 1783 2338 ἀλλὰ
1797 2311 1844 2338 καὶ

1056 2356 1126 2392 αὑτὴ
1144 2356 1263 2392 Μαριὰμ
1279 2357 1297 2392 ἠ
1317 2355 1451 2383 Φιλίππου
1468 2356 1571 2391 ἀδελφή
1592 2355 1664 2392 (58)·
1679 2356 1781 2392 ἀδελφὴ
1795 2357 1844 2391 τὴν

1055 2454 1146 2473 rorem
1165 2451 1226 2473 acta
1242 2445 1374 2473 adversus
1390 2445 1531 2479 Sanctum,
1542 2446 1630 2473 donec
1641 2449 1798 2473 terraamotu
1811 2453 1843 2474 ac

1056 2480 1147 2508 hiatus
1164 2481 1286 2516 periculo
1305 2480 1357 2508 fuit
1384 2481 1526 2509 deterrita.
1548 2481 1640 2508 Mitior
1664 2481 1758 2508 fuerit-
1778 2481 1842 2508 Bar-

1057 2517 1195 2544 tholomaai
1211 2524 1279 2543 crux
1293 2520 1321 2543 et
1335 2516 1426 2543 Maria
1454 2517 1574 2548 sororis,
1602 2516 1660 2544 sive
1686 2516 1842 2543 Mariamna:

1057 2552 1098 2585 (ut
1114 2552 1214 2579 Menaea
1231 2550 1340 2584 vocant)
1366 2555 1395 2578 ut
1411 2551 1521 2579 licuerit
1550 2551 1650 2586 deponi
1671 2558 1703 2578 ac
1718 2551 1836 2586 supervi-

1055 2594 1131 2617 vere,
1146 2595 1207 2614 cum
1219 2587 1275 2621 jam
1292 2586 1434 2621 Philippus
1448 2586 1520 2614 diem
1538 2587 1693 2614 clausisset.

1094 2622 1148 2655 (58)
1164 2620 1246 2654 Αὐτὴ
1259 2620 1389 2655 Μαριὰμ,
1403 2622 1423 2655 ἠ
1440 2622 1588 2649 Φιλίππου
1604 2620 1731 2655 ἀδελφή.
1742 2621 1842 2649 Mensae

1059 2657 1242 2692 Μαριάμνην,
1259 2664 1315 2691 quo
1326 2658 1408 2684 etiam
1431 2657 1512 2683 modo
1526 2656 1659 2692 Metapbr.
1676 2656 1784 2692 fuitque
1803 2656 1837 2683 fa-

1057 2692 1110 2719 cile
1127 2692 1186 2727 ejus
1201 2692 1278 2727 vocis
1286 2691 1554 2727 ultimamsyllabam
1570 2691 1726 2727 arntirquario
1741 2691 1842 2727 Masar.

1057 2726 1196 2755 excidere.
1212 2726 1396 2754 Consentium
1412 2726 1469 2753 haec
1484 2731 1556 2753 tanta
1574 2726 1607 2753 de
1623 2726 1705 2753 Maria
1719 2734 1767 2753 seu
1785 2726 1838 2752 illa-

1057 2763 1174 2794 riainna,
1190 2769 1284 2789 sorore
1302 2761 1431 2796 Philippi.
1448 2769 1501 2788 nou
1522 2761 1619 2796 (solum
1642 2761 1768 2796 spiritali.
1793 2760 1841 2788 sed

1055 2797 1139 2824 etiam
1154 2797 1256 2824 carnali
1266 2816 1274 2829 ,
1291 2797 1333 2823 his
1344 2795 1404 2831 quae
1420 2796 1504 2823 refert
1518 2795 1618 2823 Paulus
1629 2795 1663 2823 de
1673 2796 1803 2830 apostolis
1813 2800 1839 2822 et

1054 2832 1281 2867 praedicatoribus
1295 2831 1426 2863 Hebraeis,
1438 2831 1706 2867 circumducenlibus
1718 2838 1841 2857 sororem

1055 2868 1209 2899 mulierem,
1236 2875 1311 2894 more
1335 2866 1423 2901 gentis
1450 2866 1464 2893 I
1485 2866 1546 2894 Cor.
1561 2875 1596 2898 ix,
1621 2867 1652 2899 5;
1668 2874 1720 2901 qua
1750 2871 1840 2892 tamen

1056 2902 1204 2929 isiccntia
1218 2902 1331 2929 minime
1354 2909 1421 2928 usus
1431 2901 1476 2934 sit,
1497 2910 1531 2929 ne
1556 2909 1638 2936 quam
1661 2901 1840 2936 oti'eusioncm

1055 2941 1171 2972 poneret
1199 2937 1348 2972 gentibus,
1369 2937 1470 2972 quibus
1494 2935 1661 2972 peculiaria:
1687 2935 1841 2964 destinatus
