2078 3154
203 193 252 226 181

587 195 728 226 ORATIO
748 194 844 225 IX.—
858 194 900 224 IN
916 194 1074 226 LAUDEM
1094 196 1126 226 S.
1146 195 1314 227 PHILIPPI
1333 197 1459 228 APOST.

1774 199 1826 232 182

202 251 296 286 φύσιν,
311 249 423 286 ’ἀδελφὴ
445 249 494 285 τὴν
508 249 616 277 πίστιν·
629 250 676 277 τὸν
700 249 797 285 ζῆλον,
816 250 982 286 ὁμότροπος·
999 275 1000 279 η

1049 250 1121 283 uaria
1157 251 1275 286 Philippi
1305 259 1405 286 soror,
1435 260 1534 288 nempe
1559 260 1637 281 soror
1665 257 1764 282 natura
1792 263 1824 284 ac

201 297 254 331 τὴν
281 296 408 332 ἀγάπην,
438 296 618 332 ὸμὸγνωμος·
646 297 781 332 παρθένος
808 297 858 333 τὴν
884 297 984 332 ψυχὴν,

205 343 337 380 παρθένος
360 342 392 369 τὸ
415 342 512 378 σῶμα,
536 343 584 378 ὅλη
608 343 767 378 τετρωμένη
800 343 849 378 τῆς
877 344 986 378 ἀγάπης

205 389 334 424 Χριστοῦ.
351 389 480 424 Μαριὰμ,
494 388 594 424 γνησία
609 388 728 424 Χριστοῦ
741 389 910 425 θεραπαινὶς,
924 389 987 421 ἀξία

204 434 271 461 Θεοῦ
296 434 430 471 Θυγάτηρ,
448 434 496 469 ὅλη
517 434 564 461 τοῦ
581 435 713 472 παναγίου
724 434 882 470 Πνεύματος
901 443 987 470 μεμε-

206 479 343 514 στωμένη,
355 478 439 515 πιστὴ
455 478 502 506 τοῦ
514 478 679 514 Εὐαγγελίου
695 479 842 516 μαθήτρια,
857 479 988 506 σπουδαία

203 525 258 552 τῶν
274 525 432 552 ἀποστόλων
458 525 592 558 διάκονος,
610 526 657 552 καὶ
686 525 841 561 θερμοτάτη
857 525 925 560 πρὸς
939 525 989 556 τὰς

211 571 367 608 Ἑλληνίδας
382 571 430 599 τοῦ
446 572 535 608 Ἰησοῦ
551 572 771 608 εὐαγγελίστρια.
790 572 912 600 Ἀνωθεν
920 571 989 607 αὓτη

203 617 423 653 προσεκαρτέρει
434 617 472 653 τῷ
485 617 621 653 Φιλίππῳ,
633 616 664 650 ἐξ
675 615 705 645 οὗ
715 617 761 644 τὺν
775 617 877 653 κλῆρον
893 617 990 652 εἴληφε

204 664 255 698 τῆς
274 663 427 698 ἀποστολῆς
440 671 447 678 ·
466 663 515 690 καὶ
538 663 651 694 τοῦτον,
676 663 714 695 ὡς
741 663 854 698 ἀδελφὸν
884 663 932 698 μὲν
962 662 992 690 τὸ

206 709 298 745 σῶμα,
313 709 421 745 πατέρα
448 709 477 737 δὲ
493 709 523 736 τὺ
540 709 650 744 πνεῦμα
665 710 785 745 τιμῶσα,
805 710 852 737 καὶ
868 709 905 742 ὡς
926 709 992 744 δρα-

206 756 318 791 στήριος
331 755 540 791 ὑπηρετουμένη
557 755 720 792 θεράπαινα,
737 756 844 791 πλήρης
858 756 908 790 τῆς
924 756 993 782 ἀπο-

209 801 335 837 στολικῆς
349 802 397 829 καὶ
417 802 486 837 αὑτὴ
503 802 645 838 δυνάμεως
660 800 706 838 ἦν.
722 803 803 830 Ὅθεν
819 802 993 837 εὐαγγελιζο-

211 847 283 884 μένῳ
292 848 473 883 συνεργοῦσα,
479 848 703 884 καθειργνυμενῳ
712 857 743 875 συ
748 848 993 885 μπαρομαρτοῦσα,

212 894 259 921 καὶ
270 894 331 921 τότε
354 894 387 930 δὴ
417 895 586 931 κρεμαμένῳ
609 895 798 931 συνανιωμένη
813 903 844 922 τε
865 895 912 922 καὶ
933 903 996 921 συν-

1036 296 1088 324 ﬁde
1112 304 1211 331 soror;
1230 297 1289 333 pari
1316 306 1423 326 morum
1453 299 1637 333 aemulatione,
1649 301 1826 330 consentiens

1035 343 1179 375 charitate,
1197 343 1274 379 virgo
1290 344 1392 377 animo,
1411 344 1488 380 virgo
1501 353 1624 380 corpore,
1639 349 1696 373 tota
1721 345 1823 374 Christi

1036 389 1179 416 vulnerata
1203 390 1337 418 charitate
1349 391 1383 417 ³⁸.
1399 391 1491 424 Maria,
1509 399 1572 419 vera
1595 391 1696 419 Christi
1715 392 1826 421 ancilla.

1038 435 1118 470 digna
1144 436 1192 463 Dei
1219 436 1283 470 ﬁlia,
1296 441 1352 464 tota
1382 437 1486 472 Spiritu
1510 442 1605 465 sancto
1629 438 1719 472 plena,
1736 437 1827 468 ﬁdelis

1038 481 1176 517 Evangelii
1207 482 1359 517 discipula,
1389 483 1484 510 sedula
1520 490 1659 518 gnavaque
1690 482 1828 518 apostolo—

1038 535 1100 554 rum
1128 527 1304 560 administra,
1322 527 1478 555 ﬁdelissima
1504 528 1538 555 ad
1565 527 1672 555 Graecas
1696 527 1827 555 mulieres

1040 572 1105 601 Iesu
1121 580 1210 608 praeco
1223 593 1231 600 .
1246 572 1310 601 Ηέεο
1336 573 1401 601 olim
1427 573 1554 608 Philippo
1575 573 1696 606 assidua,
1712 581 1766 608 quo
1794 580 1827 600 ex

1040 623 1165 654 tempore
1176 619 1355 654 apostolicum
1365 626 1466 647 munus
1493 619 1593 646 inierat
1608 627 1615 653 ;
1634 626 1707 651 eum,
1732 623 1763 645 ut
1773 618 1828 646 tra-

1042 668 1112 692 trem
1125 663 1236 699 quidem
1244 672 1368 700 corpore,
1377 668 1408 692 ut
1420 672 1485 692 vero
1497 665 1605 692 Patrem
1618 664 1717 700 spiritu
1723 665 1825 697 colens,

1041 714 1070 738 et
1082 715 1112 738 ut
1124 711 1222 738 ancilla
1230 709 1325 738 sedqu
1336 710 1455 738 oﬁiciosa
1465 709 1634 742 ministrans,
1648 709 1706 744 ipsa
1717 717 1827 745 quoque

1043 757 1192 792 apostolica
1203 757 1284 792 plena
1306 756 1409 784 virtute
1424 760 1494 783 erat.
1515 755 1698 789 Quamobrem
1727 755 1827 791 pracdi-

1043 809 1151 832 cantem
1164 803 1305 838 adiuvans,
1318 802 1465 837 clausoque
1481 809 1590 830 carcere
1601 809 1692 829 comes
1718 801 1826 834 eﬂ‘eeta,

1045 853 1112 877 tunc
1124 856 1232 884 quoque
1247 848 1376 876 nimirum
1393 855 1525 883 suspenso
1537 847 1697 880 condolens,
1711 847 1827 882 diroque

1046 895 1120 923 illius
1136 895 1259 923 cruciatu
1269 901 1405 926 maerens,
1422 894 1497 922 omni
1508 894 1589 921 modo
1605 893 1762 922 beatissima
1785 893 1829 921 fe-

211 940 377 976 οδυνωμένη,
393 941 484 970 πάντα
503 930 605 977 τρόπον
620 941 790 978 συνέπασχεν
807 943 826 977 ή
852 950 994 978 μακαριω-

1049 941 1118 969 mina
1131 940 1233 968 Christi
1249 940 1322 969 socia
1338 940 1496 976 passionum
1511 944 1581 967 erat.

209 987 278 1023 τάτη
295 986 416 1022 Χριστῷ.

244 1032 354 1059 Γίνεται
380 1033 409 1059 δὲ
435 1032 498 1060 τότε
519 1033 609 1069 θέαμα
631 1032 717 1068 ξένον,
740 1034 842 1071 φρίκης
859 1042 889 1061 τε
904 1033 996 1068 πάσης

210 1077 259 1105 καὶ
274 1077 395 1113 ἀγωνίας
409 1078 503 1115 γέμον.
516 1079 623 1107 Σείεται
639 1079 690 1116 μὲν
708 1079 839 1116 ἐξαίφνης
858 1080 875 1116 ή
892 1079 929 1116 γῆ
950 1080 996 1107 καὶ

210 1125 271 1157 ὅλος
283 1125 298 1151 ό
310 1125 390 1161 χορὸς
401 1126 504 1158 ἐκεῖνος
517 1126 698 1162 ἐκτιναχθεὶς,
727 1127 769 1159 είς
784 1126 866 1162 βάθος
895 1126 993 1154 ὑπενό-

211 1180 281 1204 στει,
295 1172 325 1198 ἐν
337 1169 360 1206 ᾧ
373 1172 450 1200 πᾶσα
464 1172 564 1209 μικροῦ
578 1173 633 1200 δεῖν
643 1174 660 1209 ὴ
673 1173 751 1206 πόλις
766 1174 859 1210 ἐκείνη
875 1181 994 1209 συναγη-

210 1217 342 1253 γερμένη,
357 1218 469 1254 θέατρον
482 1218 601 1246 ἐποιεῖτο
615 1220 679 1252 τοὺς
691 1219 846 1256 ἀνθρὼτους
871 1218 919 1247 τοῦ
943 1219 996 1254 ’1η-

212 1262 278 1291 606-
295 1265 504 1298 συγκατεσπᾶτο
516 1265 545 1292 δὲ
566 1265 606 1300 τῷ
631 1265 724 1300 ἐδάφει
737 1266 790 1298 πᾶς
811 1266 826 1293 ό
847 1266 921 1299 λαὸς,
950 1266 998 1293 καὶ

212 1310 306 1342 δεινῶς
319 1310 684 1344 ἀπολέσθαικινδυνεύοντες,
698 1313 762 1344 τοὺς
774 1313 838 1348 περὶ
848 1312 894 1339 τὸν
904 1311 998 1339 Φίλιπ-

213 1365 263 1384 πον
277 1357 434 1385 ἐπεϐοῶντο
444 1365 452 1374 '
468 1358 516 1385 καὶ
531 1357 617 1394 ταύτῃ
638 1366 669 1392 γε
682 1358 731 1393 τῆς
742 1358 847 1394 πλάνης
868 1358 917 1393 μὲν
929 1358 997 1385 ἀπο-

214 1403 371 1439 στήσεσθαι,
386 1404 426 1440 τῷ
450 1405 499 1439 τῆς
514 1405 642 1439 ἀληθείας
655 1405 684 1432 δὲ
711 1404 854 1431 πιστεῦσαι
887 1404 992 1431 καθυπ-

216 1449 354 1485 ισχνοῦντο
363 1450 433 1484 Θεῷ.
443 1450 512 1482 Τοὺς
518 1451 547 1478 δὲ
558 1451 710 1487 ἱκετηρίαις
720 1451 770 1486 μὲν
778 1450 914 1478 ἐκτενέσιν
922 1450 999 1483 ὲξευ·

217 1496 372 1531 μενίζεσθαι
381 1496 427 1523 τὸν
452 1497 528 1528 Θεὸν.
542 1497 647 1533 ἀθρόως
663 1497 691 1524 δὲ
705 1497 751 1525 τὸν
764 1497 866 1533 Κύριον
885 1506 1001 1533 προσευ-

217 1542 340 1578 χομένοις
354 1543 446 1575 αὐτοῖς
470 1543 636 1579 ἐπιφανῆναι
651 1551 658 1558 ·
675 1543 723 1570 καὶ
749 1543 926 1579 στηριχθῆναι
951 1543 1001 1578 μὲν

214 1590 316 1621 εὐθέως
330 1590 381 1626 τὴν
396 1590 448 1625 γῆν
459 1590 508 1625 τῆς
520 1591 566 1617 ἐπὶ
577 1590 608 1617 τδ
621 1589 754 1622 κάταντες
781 1590 982 1625 ὑποχωρήσεως
991 1597 1000 1606 ·
1013 1602 1035 1633 c

213 1636 328 1671 δὺναμιν
340 1635 369 1662 δὲ
384 1635 460 1663 θείαν
483 1636 618 1672 κλίμακος
645 1635 745 1672 τρόπον
761 1637 818 1667 τοῖς
846 1634 1000 1670 ἀπολλυμέ-

216 1690 272 1713 νοις
284 1681 514 1718 ὐποτεινομένην,
533 1681 603 1716 πρὸς
619 1680 756 1716 σωτηρίαν
784 1681 927 1708 ὁδοποιεῖν.
946 1679 1002 1706 Αὖ-

215 1735 251 1763 τη
266 1727 369 1762 γίνεται
382 1727 501 1759 πίστεως
513 1727 570 1759 τοῖς
586 1726 712 1759 ἀπίστοις
732 1726 856 1762 ἀφορμή.
867 1725 954 1752 Τοῦτο
968 1725 1001 1761 δὴ

216 1773 248 1800 τὸ
266 1773 418 1808 θαυμάσιον
445 1773 496 1808 τὴν
515 1772 593 1800 πόλιν
608 1773 717 1808 ἐκείνην
735 1772 827 1807 ὀλίγου
838 1772 896 1799 δεῖν
911 1772 1002 1799 πᾶσαν

215 1820 256 1855 τῷ
272 1819 318 1847 τοῦ
343 1819 475 1847 Φιλίππου
489 1820 611 1855 προσῆγε
626 1819 695 1854 Θεῷ.
713 1818 852 1846 Ἐντεῦθεν
865 1817 940 1845 λύειν
954 1817 1003 1853 μὲν

216 1867 280 1898 τοὺς
291 1866 409 1902 Χριστοῦ
423 1866 550 1902 δεσμίους
564 1867 589 1893 οι
608 1867 791 1901 σεσωσμένοι,
811 1865 860 1892 καὶ
887 1864 936 1891 τοῦ
957 1863 1002 1897 ξύ-

219 1912 266 1939 λου
278 1912 400 1940 καθεῖναι
410 1912 564 1948 προσῄεσαν
578 1912 680 1948 σπουδῇ
690 1920 697 1927 ·
716 1911 856 1946 ἐπείχοντο
881 1910 922 1942 δὲ.
953 1909 1003 1944 τὴν

219 1958 284 1993 περὶ
293 1957 383 1985 αὐτῶν
394 1958 542 1993 γενομένην
556 1958 658 1985 ἀνωθεν
668 1958 817 1993 ἐγνωκότες
831 1956 938 1992 βουλήν.

255 2004 292 2030 Σὺ
311 2004 359 2041 μὲν
370 2003 435 2039 γὰρ,
445 2001 468 2030 ὢ
478 2003 736 2040 τρισμακαριὼτατε
756 2003 811 2030 τῶν
834 2003 1002 2036 ἀποστόλων,

222 2049 347 2085 ἀνεθῆναι
361 2049 400 2086 μὴ
411 2048 628 2084 καταδεξάμενος
640 2049 695 2076 τῶν
705 2048 822 2084 δεσμῶν,
847 2050 1005 2085 ἐπισκήψας

221 2096 251 2124 δὲ
269 2098 301 2133 τῇ
318 2105 348 2124 τε
359 2097 438 2125 πόλει
450 2096 489 2124 Ξτά
504 2096 610 2129 δέοντα,
637 2097 685 2124 καὶ
707 2097 764 2128 τοῖς
787 2096 912 2131 ἀδελφοῖς
937 2097 1006 2124 πᾶσι

222 2142 387 2179 προσμένειν
401 2143 436 2178 τῇ
448 2142 540 2169 πίστει
551 2142 599 2169 τοῦ
618 2141 718 2177 Ἰησοῦ,
735 2142 786 2168 καὶ
798 2142 860 2174 ταῖς
885 2141 1006 2174 ἐντολαῖς

222 2188 484 2224 πρεγγυησάμενος
494 2188 700 2224 προσλιπαρεῖν
713 2185 784 2220 εἶτα,
806 2187 898 2223 δέησιν
913 2187 1006 2223 ἱκετή-

224 2235 282 2271 ριον
291 2244 323 2262 τι
339 2235 399 2270 ἅμα
421 2234 471 2262 καὶ
495 2234 715 2271 εὐχαριστήριον,
740 2233 951 2270 ἐμφανιζομένῳ
966 2242 1006 2261 σοι

1079 1031 1200 1067 Contigit
1228 1037 1295 1058 vero
1327 1038 1428 1058 novum
1469 1029 1605 1066 quoddam
1634 1029 1828 1065 spectaculum,

1046 1077 1213 1105 horrendum
1220 1084 1286 1105 sane
1299 1076 1526 1112 tremendumque
1539 1084 1571 1104 ac
1581 1076 1694 1104 terroris
1707 1076 1828 1111 plenum.

1046 1123 1215 1152 Ternemotu
1235 1123 1327 1151 subito
1357 1123 1435 1150 locus
1465 1123 1607 1158 quatitur,
1631 1125 1760 1157 totusque
1783 1121 1830 1149 ille

1046 1176 1194 1197 succussus
1205 1169 1307 1197 chorus
1317 1169 1371 1196 alla
1387 1168 1517 1203 voragine
1529 1167 1698 1199 subsidebat,
1713 1171 1830 1202 quotota

1047 1215 1105 1243 fere
1118 1215 1224 1247 civitas,
1241 1215 1305 1244 Jesu
1319 1215 1444 1243 homines
1460 1214 1568 1242 theatro
1579 1214 1750 1246 traductura,
1761 1220 1828 1241 con-

1047 1265 1184 1295 cesserat;
1208 1269 1374 1296 omnemque
1389 1261 1519 1296 populum
1545 1268 1617 1288 unus
1625 1268 1686 1288 cum
1703 1259 1760 1288 solo
1772 1259 1831 1286 hia-

1047 1311 1093 1334 tus
1106 1306 1279 1334 absorbebat.
1301 1306 1361 1334 Jam
1382 1306 1475 1341 itaque
1490 1306 1566 1342 gravi
1595 1305 1691 1333 salutis
1714 1305 1830 1340 vitaeque

1048 1352 1173 1388 pulsante
1190 1352 1322 1388 periculo,
1339 1353 1493 1387 Philippum
1517 1359 1579 1379 cum
1595 1351 1678 1380 sociis
1700 1350 1831 1378 inclama-

1048 1398 1136 1432 bant;
1156 1403 1237 1433 atque
1250 1406 1283 1426 ea
1301 1406 1330 1426 se
1345 1399 1451 1426 ratione
1471 1398 1506 1425 ab
1524 1405 1617 1425 errore
1644 1397 1830 1429 abscessuros,

1048 1451 1169 1479 veroque
1180 1444 1234 1472 Deo
1244 1443 1408 1476 credituros,
1426 1443 1509 1471 etiam
1521 1447 1603 1478 atque
1617 1442 1699 1470 etiam
1715 1441 1831 1478 pollice-

1049 1490 1159 1518 bantur.
1173 1489 1210 1518 At
1228 1489 1372 1525 Philippus
1400 1489 1523 1524 sociique
1547 1488 1720 1518 ferventibus
1745 1488 1832 1516 Deum

1051 1536 1294 1572 supplicationibus
1308 1536 1418 1571 placare
1432 1544 1440 1569 ;
1465 1535 1608 1563 erantibus
1619 1534 1751 1562 Dominus
1765 1541 1832 1561 con-

1050 1583 1141 1611 festim
1156 1590 1297 1618 apparere,
1313 1589 1432 1617 moxque
1457 1581 1569 1615 terram,
1598 1588 1634 1609 ne
1663 1585 1833 1616 mergeretur

1051 1630 1182 1664 hiatuque
1193 1629 1357 1661 subsideret,
1383 1628 1549 1661 confulcire;
1563 1627 1590 1654 vi
1607 1627 1726 1662 denique
1741 1626 1833 1654 divina

1050 1675 1137 1703 instar
1151 1674 1230 1703 scalae
1240 1674 1420 1709 pereuntibus
1449 1673 1594 1706 submissa,
1614 1673 1652 1700 ita
1669 1672 1704 1700 ad
1717 1673 1832 1700 salutem

1051 1722 1168 1749 munire.
1199 1721 1262 1749 Haec
1284 1720 1435 1749 incredulis
1451 1719 1515 1747 ﬁdei
1532 1719 1651 1748 occasio.
1673 1719 1833 1746 Miraculum

1052 1768 1114 1801 hoc,
1128 1775 1236 1795 omnem
1249 1767 1305 1794 fere
1320 1767 1394 1794 illam
1406 1766 1542 1794 civitatem
1568 1765 1691 1801 adiunxit
1714 1764 1834 1803 Philippi

1051 1813 1117 1841 Deo.
1134 1813 1203 1840 Hinc
1215 1811 1339 1848 periculo
1354 1811 1498 1847 redempti,
1514 1810 1616 1839 Christi
1639 1810 1746 1838 vinctos
1760 1809 1834 1837 solu-

1053 1864 1109 1887 tum
1122 1859 1249 1894 lignoque
1261 1857 1416 1892 depositum
1441 1857 1560 1892 prompti
1577 1856 1724 1888 accedere;
1750 1859 1777 1882 at
1788 1862 1836 1882 co-

1053 1905 1229 1937 hibebantur,
1250 1904 1297 1940 qui
1319 1911 1470 1939 supernum
1493 1903 1527 1931 de
1554 1903 1609 1931 illis
1631 1902 1777 1930 consilium
1795 1902 1836 1930 ius

1054 1951 1221 1986 telligerent.

1091 1997 1132 2024 Tu
1158 1996 1281 2031 quidem,
1308 1995 1494 2031 apostolorum
1516 1998 1560 2022 ter
1581 1994 1748 2029 beatissime,
1773 2001 1835 2021 cum

1055 2043 1124 2071 solvi
1142 2041 1412 2075 vinculisnoluisses,
1425 2048 1458 2069 ac
1470 2048 1533 2075 quae
1544 2039 1626 2068 cilicii
1642 2044 1721 2068 erant
1732 2040 1836 2067 civitati

1055 2090 1226 2122 mandasses,
1255 2089 1418 2125 cunctisque
1446 2087 1579 2116 fratribus
1604 2091 1634 2114 ut
1652 2087 1680 2114 in
1697 2086 1749 2114 ﬁde
1773 2086 1837 2114 Jesu

1056 2140 1266 2173 perseverarent
1292 2143 1326 2163 ac
1357 2134 1494 2163 mandatis
1519 2133 1623 2161 assidui
1651 2135 1753 2165 essent,
1771 2139 1838 2166 prae-

1056 2183 1176 2219 cepisses
1192 2191 1200 2209 :
1216 2186 1329 2217 tumque
1341 2180 1517 2216 supplicantis
1529 2179 1614 2207 animi
1624 2178 1733 2213 ipariter
1757 2182 1839 2212 atque

1056 2229 1156 2265 gratias
1166 2228 1271 2264 agentis
1283 2227 1445 2259 orationem,
1467 2226 1524 2253 Deo
1540 2229 1599 2258 tuo,
1616 2224 1682 2259 Regi
1698 2228 1746 2251 tuo
1759 2222 1840 2253 Chri-

221 2281 324 2317 νοιρῶς
337 2281 384 2308 καὶ
407 2280 600 2316 ὑπερκοσμίως
620 2279 728 2315 τῷΘεῷ
751 2288 798 2307 σου
826 2281 874 2307 καὶ
902 2281 1000 2315 βασιλεῑ

1058 2280 1101 2303 sto
1116 2274 1163 2310 qui
1177 2278 1349 2309 apparuerat,
1365 2272 1466 2300 mentis
1492 2278 1583 2302 sensu,
1609 2278 1641 2297 ac
1655 2277 1736 2305 supra
1758 2276 1839 2304 quam

222 2335 270 2354 σου
285 2326 475 2363 προσλαλήσας
487 2326 606 2362 Χριστῷ,
620 2327 660 2358 εἰς
672 2327 766 2362 χεῖρας
777 2325 851 2361 αὺτῷ
864 2326 913 2361 τὴν
937 2334 1006 2353 παν-

221 2372 315 2400 ολσίαν
337 2372 437 2400 ἀπέδου
464 2372 570 2408 ψυχήν·
600 2371 647 2400 καὶ
667 2373 696 2398 ἐν
723 2373 799 2408 φωνῇ
823 2371 1007 2406 ἀγαλλιάσεως

223 2420 272 2447 καὶ
282 2419 515 2455 ἐξομολογήσεως,
530 2419 560 2446 ἐν
574 2419 633 2454 ήχῳ
649 2418 832 2454 ἑορταζόντων
845 2418 946 2454 νοερῶν
958 2419 1006 2445 καὶ

224 2465 306 2493 θείων
321 2465 478 2501 Δυνάμεων,
498 2464 568 2500 πρὸς
583 2464 633 2496 τὰς
643 2464 771 2499 οὐρανίας
782 2464 855 2499 αὐτῷ
865 2465 914 2491 καὶ
922 2464 1005 2498 ὑπερ-

224 2513 380 2548 φυεστάτας
396 2511 598 2546 συνανελήφθης
610 2512 706 2546 μονάς.

261 2613 285 2630 ⁸⁸
297 2612 377 2641 Cant.
393 2620 424 2646 ll,
436 2613 464 2641 6.
500 2612 524 2630 ⁸⁸
537 2612 607 2641 Psal.
619 2620 662 2639 xu
688 2612 715 2640 5.

225 2684 284 2708 erat
297 2678 469 2715 praedicator.
483 2677 598 2715 Saniora
613 2678 681 2710 hac,
699 2686 782 2713 quam
801 2677 845 2715 illa
861 2676 963 2707 Abdiae,
978 2675 1012 2703 de

226 2712 334 2744 duab'us
350 2714 467 2750 apostoli
489 2714 609 2750 ﬁliabus,
624 2721 691 2750 quae
701 2712 774 2750 post
799 2712 953 2750 aliquantos
964 2718 1013 2750 an-

226 2758 277 2778 nos
291 2750 320 2778 in
335 2746 472 2777 tumulum
484 2749 614 2784 patrisret
623 2746 688 2784 ipsa:
700 2746 866 2784 illatzensint,
880 2755 895 2773 a
909 2746 1013 2773 dextris

224 2790 254 2814 et
267 2793 284 2813 a
300 2785 419 2813 sinistris
436 2782 512 2812 illius
520 2783 616 2819 positae
634 2782 815 2819 acmiraculis
828 2782 924 2819 clara};
935 2789 1012 2819 quas

226 2820 375 2848 ementitus
400 2816 733 2855 scriptor‘nonﬂadvertit
756 2817 869 2855 alterius

228 2855 298 2883 ﬁlias
311 2851 467 2888 exstitisse;
493 2854 520 2882 id
536 2859 579 2882 est
591 2853 697 2882 diaconi
711 2862 718 2886 ;
734 2860 799 2889 qum
807 2852 878 2879 forte
893 2851 1011 2889 Philippi

229 2890 345 2926 apostoli
366 2886 516 2926 amorepet
526 2886 845 2926 quod__ce_lebris'civitas
859 2886 1012 2926 eratLiuul-

231 2921 328 2962 tesque
337 2925 365 2955 in
379 2932 412 2954 ea
428 2921 572 2961 Philippus
594 2924 702 2953 Christo
722 2923 895 2959 acquisierat,
925 2921 1011 2950 Palic-

1059 2321 1158 2348 decore
1167 2319 1344 2353 honesteque,
1358 2317 1518 2353 prolocutus
1524 2324 1609 2348 esses,
1623 2316 1650 2343 in
1666 2315 1841 2342 manusillius

1059 2365 1244 2394 beatissimam
1269 2364 1389 2392 animam
1419 2361 1556 2390 tradidisti
1574 2370 1581 2388 :
1597 2361 1681 2396 inque
1708 2367 1776 2388 voce
1797 2367 1843 2388 ex-

1059 2412 1214 2441 sultationis
1233 2415 1261 2439 et
1281 2409 1461 2438 confessionis
1473 2408 1502 2436 in
1517 2415 1585 2436 sono
1615 2407 1748 2434 mentium
1773 2413 1843 2441 epu-

1058 2457 1196 2485 lantium"
1207 2456 1414 2489 divinarumque
1425 2454 1603 2485 Potestatum,
1614 2451 1642 2479 in
1655 2451 1779 2479 caalestes
1787 2451 1844 2478 exi-

1059 2504 1183 2538 miasque
1203 2510 1235 2530 ac
1246 2502 1363 2533 divinas,
1378 2501 1425 2528 illo
1436 2504 1560 2532 auctore,
1577 2502 1707 2534 receptus
1721 2505 1751 2526 es
1765 2505 1844 2525 man-

1060 2560 1160 2580 8101188-

1062 2674 1134 2702 stina
1145 2681 1160 2700 a
1172 2672 1303 2700 Romanis
1319 2676 1434 2704 vastata,
1452 2671 1501 2699 illo
1512 2671 1782 2706 commigrarant,_ac
1793 2667 1847 2706 ho-

1062 2709 1138 2744 spitii
1160 2708 1251 2736 locum
1273 2707 1311 2735 ibi
1327 2703 1507 2744 delegerant._
1524 2706 1603 2744 Quod
1614 2703 1847 2744 'etiamblaria‘m

1061 2738 1110 2772 seu
1124 2744 1300 2771 Mariamnem
1309 2742 1359 2769 τοῦ
1379 2738 1466 2776 Ἰησοῦ
1482 2738 1686 2776 εὐαγελίστριαν
1697 2738 1764 2776 dicit
1776 2739 1846 2776 πρὸς

1061 2779 1110 2812 τὰς
1133 2778 1296 2812 Ἑλληνίδας,
1314 2773 1486 2805 annuttiiaase
1501 2773 1591 2803 Iesum
1608 2773 1760 2812 mulieribus
1773 2773 1848 2812 (ζῆ-ατ-

1060 2809 1108 2848 cis,
1116 2814 1191 2842 sexui
1203 2809 1503 2848 convenientissimum,
1515 2819 1566 2848 nec
1574 2810 1707 2848 privatam
1713 2809 1849 2848 excedens

1065 2844 1227 2879 doctrinam.
1243 2856 1296 2883 qua
1315 2847 1385 2875 nihil
1395 2850 1468 2875 vetat
1478 2844 1617 2883 mulieres,
1637 2844 1720 2883 etiam
1733 2845 1850 2873 summis

1065 2885 1195 2921 apostolis
1207 2879 1352 2920 adjutrices
1359 2889 1420 2911 esse
1433 2880 1588 2916 evangelica
1602 2879 1754 2908 iunctione.
