2078 3154
249 201 301 236 183

826 203 971 234 NICET/E
990 204 1252 236 PAPIILAGONIS

1814 205 1864 238 184

283 263 498 291 Bartholornmus
512 265 605 291 autem
623 270 638 291 e
653 262 776 298 patibulo
786 262 939 297 depositus,
960 270 1029 289 una-

1118 263 1321 299 Βαρθολομαῖος
1333 264 1362 291 δε
1377 263 1423 291 τοῦ
1444 263 1523 296 ξύλου
1539 263 1723 300 καθαιρεθεὶς,
1739 264 1786 291 καὶ
1807 265 1865 300 ἃμα

247 315 300 343 que
322 308 523 343 sapientissima
541 309 634 341 Maria,
665 315 727 336 eum
745 307 937 336 Gliristiferum
959 308 1027 336 illud

247 354 455 382 tabernaculum
473 359 632 383 reverenter
647 354 834 390 sepeliendum
848 360 1028 383 eurassentac

247 400 396 428 Ecclesiam
411 401 627 434 confirmassent,
650 407 752 436 eosque
782 400 829 436 qui
850 401 1030 430 accessissent

247 447 465 480 illuminassent;
490 455 521 475 ac
535 447 558 474 si
582 447 648 482 quid
676 447 813 482 reliquum
836 447 868 474 ad
892 446 1029 483 Evangelii

247 492 415 520 funetionem
425 493 581 526 videbatur,
594 492 788 528 complessent,
811 500 888 521 suam
913 493 1029 528 quisque

246 538 318 566 viam
330 545 486 573 perrexere.

282 584 322 612 Tu
334 592 409 618 vero,
422 591 528 612 summe
545 584 643 621 inclyte
661 592 694 612 ac
709 584 800 612 divine
817 584 865 612 Dei
880 593 958 620 puer,
975 591 1023 613 cm-

245 630 330 658 lesles
353 630 468 658 festivus
484 638 548 658 axes
563 629 728 658 inscendens
749 630 904 665 chorosque
921 638 1006 666 agens
1022 651 1030 663 ,

246 683 278 702 ac
291 682 352 702 cum
364 675 493 709 magistro
507 679 588 709 atque
600 675 716 702 Domino
728 675 895 702 imeternum
907 682 1029 707 versans,

245 720 333 755 gaude
345 721 475 748 aclmtare
497 724 624 755 tanquam
639 720 686 747 De’i
698 719 770 747 illius
783 720 941 755 adoptione,
952 720 1032 755 quip-

246 774 280 800 pe
294 767 342 801 qui
364 767 415 794 hoc
428 770 526 794 nactus
539 767 586 798 sis,
601 770 632 793 ut
647 773 709 794 cum
723 773 756 793 eo
776 765 821 801 qui
833 771 931 794 natura
946 766 1033 794 Filius

246 816 297 843 est,
315 819 411 846 regnes
425 812 567 846 vivasque,
585 815 613 839 et
627 805 869 846 in‘sempiternum
881 811 983 840 laeteris
1000 820 1032 839 ac

246 857 390 892 praesentia
406 858 516 885 fruaris.

281 904 386 937 Gaude,
403 904 475 939 quod
493 905 600 932 Patrem
625 904 761 937 luminum
784 904 879 932 videre
893 904 1005 940 cupiisti
1024 913 1031 938 ;

246 957 364 985 eumque
378 951 474 978 videns
481 951 514 983 ⁸⁵,
524 955 701 986 prototypum
717 951 745 978 in
764 950 845 984 Filio,
857 959 890 979 ac
902 956 1031 986 tanquam

247 993 274 1019 in
289 992 405 1028 imagine
420 993 529 1026 vidisti;
545 994 674 1028 velutque
685 993 713 1021 in
732 994 819 1028 radio,
831 994 916 1022 solem
924 995 952 1021 in
963 994 1031 1022 Uni-

246 1039 348 1074 genito,
372 1039 530 1067 Genitorem
546 1039 710 1075 intelligens,
725 1048 798 1068 verte
827 1041 924 1075 plenus
943 1040 1012 1068 lucis
1023 1060 1031 1073 ,

246 1086 323 1121 quasi
338 1085 492 1114 filiuslueis
513 1091 595 1122 atque
607 1094 672 1115 vere
699 1086 757 1122 ipse
782 1087 829 1114 lux
857 1086 992 1115 enituisti.

282 1176 386 1208 Gaude,
402 1175 504 1204 Christi
518 1184 651 1211 equorum
679 1176 880 1204 ferventissime
894 1183 926 1203 ac
940 1176 1032 1211 perni-

248 1224 369 1255 cissime,
380 1231 461 1258 quem
482 1223 527 1251 ille
545 1223 745 1256 conscendens,
759 1231 790 1250 ac
806 1223 834 1250 in
863 1230 938 1250 mare
958 1223 1031 1258 quod

249 1274 339 1296 mente
356 1269 527 1305 intelligitur,
556 1269 701 1301 inducens,
724 1269 849 1304 miraque
864 1269 969 1297 ratione
986 1277 1032 1297 re-

248 1322 325 1351 gens,
340 1315 439 1342 multas
452 1323 536 1350 aquas
553 1318 597 1342 tua
605 1322 689 1349 opera
708 1315 837 1350 (absurda
849 1314 954 1343 scilicet
965 1323 1032 1350 gen-

248 1361 317 1388 tium
329 1368 409 1388 sensa
416 1368 449 1388 ae
463 1359 588 1396 consilia)
601 1360 777 1387 conturbavit
793 1360 827 1387 ⁸⁷.

282 1407 386 1439 Gaude,
404 1407 478 1442 quod
497 1407 662 1442 spiritalium
676 1407 724 1434 Dei
734 1414 867 1442 equorum
885 1407 1033 1443 (angelica-

248 1462 310 1481 rum
335 1453 441 1481 scilicet
455 1453 632 1489 potestatum)
649 1454 789 1482 volatilem
816 1454 936 1482 indolem
951 1460 1033 1489 atque

247 1500 359 1534 agilem,
371 1501 516 1535 acremque
532 1508 564 1528 ac
572 1501 690 1528 alacrem
705 1501 847 1528 aemulatus
863 1505 944 1535 atque
958 1508 1034 1528 amo-

247 1554 277 1573 re
292 1550 463 1580 prosecutus,
477 1554 526 1581 pro
533 1545 653 1573 nominis
665 1546 764 1573 merito
775 1545 881 1573 ratione
891 1545 1033 1580 Philippus

1078 311 1111 345 τῆ
1129 311 1273 347 σοφωτάτῃ
1290 311 1418 346 Μαριὰμ,
1445 311 1477 338 τὸ
1492 310 1679 345 Χριστοφόρον
1710 310 1865 346 σεϐασμίως

1079 356 1274 390 κεκηδευκότες
1282 356 1389 391 σκῆνος,
1398 355 1444 383 καὶ
1452 355 1500 391 τὴν
1508 355 1672 391 Ἐκκλησίαν
1679 356 1865 391 στηρίξαντες,

1079 401 1200 433 καὶτοὺς
1217 401 1378 437 προσιόντας
1392 401 1561 435 φωτίσαντες
1574 421 1582 433 ,
1611 401 1659 427 καὶ
1679 401 1706 428 ετ
1724 410 1750 428 τι
1774 402 1866 429 λεῖπον

1079 447 1128 482 τῆς
1145 447 1301 482 ἱερουργίας
1313 446 1360 474 τοῦ
1382 446 1548 481 Εὐαγγελίου
1572 446 1800 480 συντετελεκότες,
1818 447 1865 474 οὖ-

1080 501 1120 520 τιι)
1136 493 1204 528 πρὸς
1214 493 1263 528 τὴν
1279 493 1339 520 κατ’
1357 492 1455 525 αὐτοὺς
1467 492 1588 528 ἐχώρουν
1600 491 1671 520 ὀδόν.

1116 582 1152 609 Σὺ
1168 582 1196 609 δέ
1210 591 1266 618 μοι,
1280 583 1440 618 παναοίδιμε
1454 583 1502 610 καὶ
1515 583 1641 610 θεσπέσιε
1656 582 1703 609 τοῦ
1722 582 1790 609 Θεοῦ
1804 583 1864 614 παῖ,

1080 629 1130 661 τὰς
1141 629 1268 664 οὐρανίας
1280 630 1370 662 ἑστίας
1379 629 1543 665 χοροσατῶν,
1555 631 1605 656 καὶ
1616 629 1655 665 τῷ
1664 629 1817 663 διδασκάλῳ
1830 629 1864 656 δι’

1081 676 1178 709 αἰῶνος
1193 675 1241 703 καὶ
1260 676 1356 712 Κυρίῳ
1373 676 1470 709 συνὼν,
1503 677 1593 712 χαῖρε,
1620 676 1668 703 καὶ
1691 675 1865 710 κατατέρπου

1082 722 1119 753 ὡς
1141 721 1197 753 υίὸς
1210 721 1276 748 Θεοῦ
1294 721 1376 755 θέσει,
1391 722 1431 758 τῷ
1460 722 1530 749 κατά
1545 722 1625 756 φύσιν
1649 722 1707 758 Υἱῷ
1734 722 1866 757 συμϐασι-

1082 766 1171 794 λεύειν
1186 766 1286 802 λαχὼν,
1296 767 1344 794 καὶ
1357 767 1446 800 συζῶν
1458 768 1505 794 καὶ
1520 768 1784 804 συνευφραινὸμενος
1802 767 1867 803 ἁλη-

1083 822 1136 840 κτα
1151 813 1199 841 καὶ
1213 813 1375 848 συνομιλῶν.

1119 905 1215 940 Χαῖρε,
1242 905 1284 932 ὅτι
1301 904 1347 932 τὸν
1363 905 1473 940 Πατέρα
1490 904 1545 932 τῶν
1568 905 1667 940 φώτων
1690 905 1868 941 ἐπεθύμησας

1082 951 1212 984 κατιδεῖν,
1230 951 1276 978 καὶ
1297 950 1391 978 τοῦτον
1408 951 1490 986 δρῶν,
1517 951 1660 987 ἐδιδάχθης
1687 953 1716 979 ὲν
1744 952 1784 987 τῷ
1811 953 1869 988 Υίῷ

1083 998 1130 1024 καὶ
1157 998 1195 1030 ὡς
1219 998 1248 1024 ὲν
1263 997 1392 1024 είκόνιτδ
1408 997 1577 1034 ἀρχέτυπονο
1602 997 1650 1024 καὶ
1674 997 1711 1030 ὼς
1726 998 1756 1025 ἐν
1780 999 1868 1026 ἀπαυ-

1082 1042 1271 1079 γάσματι,τδν
1284 1044 1374 1080 ἥλιον·
1394 1044 1424 1071 ἐν
1449 1044 1489 1079 τῷ
1516 1044 1677 1079 Μονογενεῖ,
1701 1045 1747 1072 τὺν
1769 1045 1868 1080 γεννή-

1082 1097 1149 1125 τορα
1163 1089 1315 1122 κατανοῶν,
1331 1090 1441 1126 πλήρης
1466 1089 1492 1117 εἷ
1512 1090 1601 1125 φωτὸς
1617 1090 1744 1126 ἀληθοῦς,
1758 1091 1796 1123 ὡς
1812 1091 1869 1123 υίὸς

1087 1136 1182 1170 ρωτὺς,
1198 1136 1245 1163 καὶ
1258 1136 1382 1170 αὑτοφῶς
1397 1136 1537 1172 πεφηνώς.

1118 1182 1214 1217 Χαῖρε,
1251 1182 1317 1209 ἴππε
1340 1182 1458 1217 Χριστοῦ
1485 1183 1637 1218 θερμότατε
1657 1183 1705 1210 καὶ
1722 1183 1867 1218 ταχύτατε,

1084 1228 1114 1254 δν
1131 1228 1229 1260 ἐπιϐὰς
1243 1229 1356 1261 ἐκεῖνος,
1369 1229 1417 1255 καὶ
1428 1229 1468 1260 είς
1479 1228 1529 1264 τὴν
1543 1228 1642 1264 νοητὴν
1656 1228 1793 1256 θάλασσαν
1807 1230 1867 1256 ἐπι-

1085 1274 1181 1307 ϐιϐῶν,
1196 1275 1245 1302 καὶ
1273 1275 1432 1310 θαυμασίως
1458 1275 1585 1311 ἡνιοχῶν,
1603 1275 1686 1302 ὕδατα
1713 1276 1800 1303 πολλὰ
1825 1276 1868 1303 διὰ

1085 1321 1143 1353 σοῦ,
1159 1321 1193 1347 τά
1208 1321 1295 1348 ἄτοπα
1306 1322 1431 1357 νοήματα
1449 1321 1630 1358 συνετάραξεν
1646 1321 1702 1348 τῶν
1716 1321 1812 1350 ἐθνῶν.

1121 1410 1219 1446 Χαιρε,
1236 1417 1277 1437 οτι
1296 1410 1350 1437 τῶν
1362 1411 1466 1446 νοητῶν
1480 1410 1527 1438 τοῦ
1541 1411 1609 1438 Θεοῦ
1623 1410 1714 1438 ἵππων
1724 1431 1732 1444 ,
1762 1411 1811 1438 εἴτ’
1824 1410 1870 1438 οὖν

1084 1456 1240 1491 ἀγγελικῶν
1255 1457 1396 1492 δυνάμεων
1421 1457 1470 1492 τὴν
1498 1458 1604 1493 πτηνὴν
1631 1456 1711 1490 φύσιν
1732 1458 1779 1484 καὶ
1803 1465 1869 1492 γορ-

1071 1502 1148 1537 λγὴν.
1181 1503 1227 1530 καὶ
1255 1502 1418 1538 δραστήριον
1448 1502 1593 1538 ἐζηλωκὼς
1621 1505 1668 1532 καὶ
1700 1503 1870 1539 πεφιληκὼς,

1089 1547 1203 1578 εἰκότως
1231 1547 1363 1579 Φίλιππος
1385 1549 1619 1585 προσηγορεύθης,
1637 1549 1685 1576 καὶ
1710 1549 1786 1584 ἆρμα
1801 1548 1870 1575 Θεοῦ

246 1592 398 1627 appellatus
410 1599 450 1623 es,
461 1592 563 1626 Deique
579 1599 686 1624 currus,
703 1595 733 1618 ut
748 1591 889 1626 Scriptura
901 1591 1033 1626 loquitur,

1090 1593 1288 1629 μυριοπλάσιον
1303 1594 1472 1630 ἀνεδείχθης,
1500 1594 1572 1622 κατά
1593 1595 1642 1630 τὴν
1665 1595 1786 1630 Γραφὴν,
1800 1596 1829 1621 ὲν
1847 1591 1870 1628 ᾧ

246 1638 340 1665 decem
356 1638 478 1665 millibus
492 1637 635 1673 multiplex
656 1637 808 1670 effectus“;
824 1637 851 1664 in
871 1645 926 1673 quo
949 1636 1035 1664 millia

245 1690 352 1715 eorum,
364 1684 411 1719 qui
422 1688 446 1711 te
455 1688 566 1710 auctore
576 1683 754 1711 crediderunt
761 1682 898 1719 (Ecclesia:
908 1682 1035 1717 scilicet),

247 1730 418 1757 abundantes
437 1730 493 1757 Deo
509 1729 629 1757 Sabaoth
645 1729 758 1765 gloriam
770 1730 929 1757 concinnat.

283 1774 363 1802 Salve
379 1775 426 1807 sis,
444 1779 472 1802 et
488 1775 595 1810 exsulta
615 1782 647 1802 ac
671 1775 771 1802 choros
805 1775 907 1807 ducito,
932 1775 979 1810 qui
1007 1774 1035 1801 in

247 1820 340 1848 medio
353 1821 559 1856 coryphaeorum
572 1829 703 1848 consessu
719 1821 848 1848 thronum
870 1821 963 1856 gloriae
976 1828 1036 1847 sor-

248 1868 315 1895 titus
325 1875 364 1899 es,
377 1874 408 1895 ac
420 1867 516 1902 primis
524 1867 655 1902 apostolis
665 1870 880 1894 connumeratus
893 1875 899 1894 :
914 1868 1033 1902 primum

248 1912 368 1948 denique
384 1913 457 1948 apud
472 1920 631 1948 supremum
645 1913 768 1939 omnium
776 1913 888 1947 Regem,
901 1913 1034 1940 honorem

248 1964 424 1986 consecutus.

283 2004 362 2032 Salve
380 2004 542 2040 gaudeqne.
559 2011 591 2032 ac
616 2003 695 2031 nobis
723 2010 832 2039 quoque
857 2003 964 2030 afflictis
987 2011 1035 2030 ex-

248 2049 360 2077 sultatio
372 2054 400 2077 et
414 2050 507 2077 laetitia
527 2053 555 2077 et
571 2049 700 2085 gaudium
712 2053 782 2076 esto.
804 2049 961 2085 Panperum
974 2056 1035 2075 mo-

246 2095 340 2123 lestias
354 2096 414 2123 leva
430 2104 437 2129 ;
451 2095 581 2123 Ecclesiis
594 2103 687 2130 pacem
697 2094 822 2125 restitue,
835 2102 866 2122 ac
880 2094 1035 2129 tranquillis

248 2141 372 2168 moribus
391 2141 521 2176 pietatem
537 2149 543 2167 :
557 2145 734 2174 nostramque
749 2140 821 2166 hanc
838 2140 963 2176 exiguam
973 2140 1033 2167 lau-

247 2187 386 2216 dationem
397 2191 537 2222 acceptam
554 2187 669 2219 habens,
699 2187 857 2214 beatissime
882 2191 911 2214 tu
931 2186 1035 2221 Deique

247 2241 362 2260 munere
384 2232 552 2264 felicissime,
589 2232 664 2266 quod
684 2240 718 2259 ex
744 2232 906 2260 Christianae.
925 2231 1034 2267 pietatis

1085 1639 1202 1675 χιλιάδες
1218 1640 1270 1666 τῶν
1283 1640 1327 1667 διὰ
1341 1640 1387 1667 σοῦ
1402 1640 1512 1676 Χριστῷ
1525 1640 1736 1673 πιστευσάντων,
1756 1641 1784 1667 αἱ
1807 1641 1869 1666 Ἐκ-

1087 1685 1197 1720 χλησίαι
1215 1684 1388 1721 εὐθηνοῦσαι,
1409 1686 1488 1720 δόξαν
1515 1686 1713 1722 ἀνακρούονται
1746 1685 1785 1721 τῷ
1809 1685 1870 1720 Θεῷ

1087 1731 1209 1758 Σαϐαὼθ.

1121 1777 1210 1812 Χαῖρέ
1227 1785 1271 1812 μοι
1289 1777 1337 1804 καὶ
1352 1777 1451 1813 σκίρτα
1465 1778 1511 1804 καὶ
1540 1777 1648 1813 χόρευε,
1669 1777 1765 1813 θρόνου
1790 1777 1869 1812 δόξης

1087 1821 1116 1847 ὲν
1136 1821 1210 1856 μέσῳ
1229 1821 1282 1848 τῶν
1295 1822 1451 1856 κορυφαίων
1463 1821 1645 1858 εὖμοιρηκὼς,
1661 1823 1778 1853 καὶτοῖς
1795 1822 1871 1856 πρώ-

1086 1875 1143 1898 τοις
1149 1866 1203 1893 τῶν
1211 1867 1368 1894 ἀποστόλων
1380 1867 1532 1903 συνηριθμη
1537 1868 1627 1903 μένος,
1642 1868 1746 1902 καὶτῆς
1759 1867 1871 1903 πρώτης

1088 1912 1164 1949 παρὰ
1179 1913 1218 1948 τῷ
1233 1913 1405 1949 Παμὸασιλεϊ
1421 1913 1625 1949 κατηξιωμένος
1635 1914 1730 1949 τιμῆς.

1121 2002 1219 2038 Χαῖρε,
1246 2002 1315 2029 ἀλλά
1348 2002 1395 2029 καὶ
1427 2003 1494 2038 ἡμῖν
1518 2003 1685 2038 θλιϐομένοις
1712 2001 1871 2036 ἀγαλλίασις

1087 2048 1163 2082 γίνου
1178 2049 1225 2075 καὶ
1242 2049 1397 2084 εὐφροσύνη
1414 2049 1461 2076 καὶ
1474 2049 1556 2085 χαρά.
1573 2050 1635 2081 Τοῖς
1662 2049 1787 2084 πένησιν,
1808 2048 1870 2074 ὲπι-

1087 2093 1216 2128 κούφισον
1230 2094 1279 2126 τὰς
1291 2095 1448 2130 δυσχερείας
1458 2103 1466 2110 ·
1475 2096 1535 2126 ταῖς
1551 2094 1724 2129 Ἐκκληαίαις
1732 2094 1872 2121 ἀποκατά-

1088 2149 1187 2176 στησον
1201 2141 1250 2176 τὴν
1275 2142 1387 2176 είρήνην
1413 2141 1461 2167 καὶ
1478 2141 1527 2176 τὴν
1550 2140 1696 2175 εὐνομίαν·
1724 2140 1771 2166 καὶ
1793 2140 1872 2174 ἡμῶν

1086 2188 1136 2223 τὴν
1147 2187 1240 2222 ὀλίγην
1254 2187 1357 2222 ταύτην
1371 2187 1473 2213 αῐνεσιν
1487 2186 1696 2221 ἀποδεξάμενος,
1713 2186 1870 2221 πλήρωσον,

1087 2227 1109 2258 ὦ
1125 2230 1261 2265 τρισόλόιε
1287 2231 1334 2256 καὶ
1348 2230 1558 2265 Θεομακάριστε,
1584 2229 1635 2265 τὴν
1659 2229 1729 2256 κατά
1753 2230 1871 2265 Χριστὸν

247 2278 400 2305 rationibus
413 2282 466 2310 est,
486 2277 654 2305 desiderium
670 2277 901 2312 imple,bonzeque
916 2278 1033 2305 etbene-

1087 2277 1235 2312 ἐπιθυμίαν
1246 2285 1253 2292 ·
1275 2278 1322 2303 καὶ
1337 2277 1406 2311 πρὸς
1418 2277 1448 2303 τὸ
1459 2277 1561 2311 ἀγαθὸν
1587 2277 1635 2304 καὶ
1661 2277 1807 2312 εὐάρεστον
1823 2277 1872 2304 καὶ

247 2321 365 2355 placenti
380 2325 461 2356 atque
478 2321 604 2356 perfectae
625 2325 722 2355 aptans
748 2320 856 2348 Domini
879 2320 1030 2352 voluntati,

248 2368 424 2395 ineonfusum
435 2368 490 2394 Deo
505 2366 628 2394 exhibty:
656 2366 683 2393 in
703 2366 816 2394 Christo
830 2367 897 2394 Jesu
916 2366 1033 2394 Domino

247 2418 354 2446 nostro,
367 2412 501 2448 cuigloria
510 2417 539 2439 et
550 2411 696 2446 imperium
707 2411 737 2438 in
750 2411 848 2439 saeula
859 2411 1032 2439 surculorum.

248 2460 345 2488 Amen.

408 2525 450 2553 Ex
467 2526 601 2553 miraculis
616 2525 731 2561 Philippi
748 2523 871 2560 apostoli.

285 2582 498 2610 Lucidissimum
533 2584 610 2612 sidus
640 2583 693 2610 hoc
724 2589 894 2618 magnusque
925 2579 1035 2609 Domini

251 2629 405 2666 apostolus,
417 2638 479 2658 cum
497 2631 524 2658 in
542 2631 679 2658 Galilaeam
696 2630 749 2657 iret
763 2629 931 2665 prtedicans,
945 2628 1035 2656 adhuc

285 2722 308 2738 "
322 2722 405 2751 Joan.
417 2731 472 2754 xw.
484 2722 511 2750 8.
548 2724 570 2740 ⁵⁷
601 2723 703 2752 Hahae.
727 2732 768 2757 In,
791 2724 817 2751 8.
856 2724 879 2740 ⁸⁸
893 2724 965 2752 Psal.
988 2731 1070 2754 van,

288 2801 343 2837 ('59)
363 2802 489 2830 Narratio
515 2802 584 2835 haec,
600 2803 640 2829 sic
656 2802 814 2829 Grmcorum
838 2802 947 2830 Menaeis
971 2809 1036 2830 con-

251 2842 368 2872 secrata,
395 2838 540 2865 maximam
562 2837 754 2872 proculdubio
779 2837 838 2864 veri
853 2838 970 2872 speciem
988 2837 1037 2865 ha-

251 2871 309 2903 bet,
327 2871 596 2900 consentientissinia
619 2872 681 2900 aliis
710 2879 771 2907 qua:
782 2872 810 2899 in
827 2871 887 2900 Aci.
904 2873 1037 2900 adversus

252 2907 392 2943 apostolos
402 2912 476 2942 gesta
490 2908 615 2943 legimus,
637 2908 679 2935 vel
704 2906 765 2942 qua:
787 2906 868 2934 etiam
882 2915 898 2934 a
914 2907 1036 2942 probatis

250 2941 410 2969 auctoribus
427 2941 593 2971 referuntur.
614 2941 720 2971 Nomen
732 2942 858 2971 Archelai
881 2941 1037 2977 Obrepsisse

1086 2322 1188 2349 τέλειον
1203 2321 1310 2358 θέλημα
1325 2322 1372 2349 τοῦ
1397 2323 1532 2350 Δεσπότου
1559 2324 1740 2359 συμσιὸάσας,
1755 2324 1870 2351 ἀκαται-

1088 2376 1202 2403 σχυντον
1219 2368 1395 2404 παράστησον
1406 2369 1446 2404 τῷ
1458 2369 1527 2405 Θεῷ·
1543 2371 1573 2396 ὲν
1588 2370 1699 2406 Χριστῷ
1719 2370 1807 2406 Ἰησοῦ
1832 2372 1871 2405 τῷ

1087 2413 1184 2448 Κυρίῳ
1196 2413 1285 2448 ἡμῶν,
1301 2411 1324 2448 ᾧ
1338 2414 1429 2449 ὴδόξα
1445 2415 1492 2442 καὶ
1507 2415 1536 2442 rb
1551 2415 1650 2451 κράτος
1667 2416 1708 2447 εἰς
1725 2415 1790 2447 τοὺς
1803 2414 1872 2444 alti:-

1088 2467 1137 2489 νας
1152 2459 1205 2486 τῶν
1219 2459 1335 2487 αἰώνων.
1352 2460 1450 2496 Ἀμήν.

1164 2525 1215 2552 Ἐκ
1232 2525 1291 2553 τῶν
1304 2526 1462 2562 θαυμάτων
1477 2527 1531 2554 τοῦ
1547 2528 1721 2555 ἀποστόλου
1739 2526 1807 2562 (59).

1123 2578 1208 2614 Οὗτος
1228 2583 1242 2609 ὁ
1263 2583 1437 2618 φαεινότατος
1453 2584 1541 2619 ἀστὴρ
1563 2585 1609 2610 καὶ
1633 2584 1718 2619 μέγας
1738 2583 1785 2610 τοῦ
1815 2584 1872 2610 Κυ-

1090 2628 1149 2664 ρίου
1168 2629 1334 2663 ἀπόστολος,
1357 2630 1394 2662 ὡς
1420 2631 1463 2657 ἐπ’
1488 2630 1572 2665 αὐτὴν
1596 2630 1640 2666 ᾔει
1655 2629 1704 2665 τὴν
1726 2629 1872 2657 Γαλιλαίαν

1087 2723 1131 2751 18.

1091 2802 1270 2837 typographo,
1288 2801 1345 2829 sive
1357 2802 1441 2829 etiam
1461 2801 1626 2836 antiquario,
1642 2809 1675 2829 ex
1688 2810 1743 2837 quo
1760 2802 1805 2829 ille
1822 2809 1872 2828 ex-

1110 2838 1200 2869 ressit,
1216 2837 1389 2874 manifestum
1415 2841 1476 2870 est;
1497 2845 1550 2874 nec
1570 2837 1643 2874 enim
1660 2837 1754 2874 tandiu
1769 2837 1874 2874 arche-

1100 2880 1149 2900 aus
1177 2871 1315 2907 superstes
1337 2872 1398 2905 fuit,
1428 2875 1476 2899 aut
1490 2872 1560 2899 alius
1570 2873 1629 2907 ejus
1645 2872 1764 2899 nominis
1778 2872 1805 2898 in
1824 2871 1874 2899 Ju-

1089 2907 1158 2939 dzea,
1171 2915 1203 2934 ea
1215 2911 1374 2941 tempestate
1389 2915 1437 2934 rex
1453 2907 1514 2938 fuit,
1532 2907 1578 2942 qui
1595 2907 1641 2942 jus
1664 2907 1727 2934 vite
1746 2915 1778 2934 ac
1798 2907 1874 2934 necis

1089 2942 1142 2970 sibi
1157 2942 1320 2977 indulgeret,
1335 2942 1362 2970 in
1377 2950 1425 2970 eos
1437 2943 1484 2977 qui
1502 2943 1625 2971 Mosaicae
1640 2942 1705 2978 legis
1726 2942 1875 2970 violatores
