2078 3154
187 217 237 250 185

560 215 700 246 ORATIO
716 215 768 245 IX.
785 227 819 233 —
832 213 874 245 IN
891 213 1046 244 LAUDEM
1065 215 1096 244 S.
1113 213 1282 244 PHILIPPI
1300 213 1427 243 APOST.

1757 213 1808 246 186

183 275 345 312 κηρύσσων,
361 274 402 302 ἔτι
417 275 456 311 τῷ
470 275 519 311 βιῳ
534 276 637 312 περιὼν
647 298 654 310 ,
669 277 778 312 γύναιον
795 277 869 312 αὐτῷ
885 286 968 312 προσ-

1026 277 1084 304 vitae
1102 282 1257 311 superstes,
1273 275 1372 302 mulier
1395 274 1518 310 quietiam
1538 274 1577 302 illi
1593 273 1700 302 obviam
1715 273 1806 306 venit,

182 323 307 358 υπαντᾷ,
334 321 480 357 ἐκκομίζου
498 322 604 349 παιδίον
624 323 774 357 τεθνηκός·
793 323 840 350 καὶ
856 321 899 350 οἷα
917 323 969 358 μή-

182 377 254 402 τηρ,
280 368 406 403 ἀμέτρως
431 368 572 395 ὲκόπτετο.
586 369 695 403 Ταύτην
716 370 730 395 ὁ
742 368 888 404 κηρύσσων
903 377 970 394 κατ-

183 415 336 448 οικτείρας,
358 415 404 440 καὶ
419 414 467 449 τὴν
489 414 578 446 δεξιὰν
604 415 642 450 τῷ
655 414 796 450 τεθνηκότι
815 415 969 449 προτείνας,

185 461 317 493 Ἔγειρε,
337 459 454 486 κελεύει
469 467 519 486 σοι
537 461 553 486 ὀ
572 459 624 486 ὑπ’
641 460 714 494 ἐμοῦ
736 460 970 494 κηρυττόμενος,

182 504 295 539 ἔφησεν,
321 504 443 537 Ἰησοῦς
463 506 480 531 ὁ
495 505 623 539 Χριστός
634 514 641 520 ·
657 505 703 532 καὶ
722 507 736 532 ὁ
758 505 836 540 λόγος
853 506 971 541 ζωτικὴν

182 550 258 585 αὐτῷ
274 550 373 576 ἔδωκεν
384 549 536 585 ἀνέγερσιν,
549 550 596 576 καὶ
610 551 643 585 τῇ
670 551 804 586 πενθούσῃ
820 551 971 586 βακτηρίαν

184 595 229 622 τὸν
242 595 396 622 ἀναστάντα
408 595 535 630 γενέσθαι
549 596 617 631 πρὸς
634 597 682 632 τὴν
696 597 784 624 οἰκίαν
802 600 972 633 παρεσκεύα-

183 650 240 668 σεν.
261 641 294 667 Ἦ
308 641 347 671 δὲ,
358 641 413 667 τῶν
429 641 508 676 ἵχνων
519 640 565 668 τοῦ
581 641 791 676 θαυματουργοῦ
804 641 970 677 δραξαμένη,

185 687 240 713 ‘Or
260 687 451 720 ἀνέστησας,
469 686 545 721 ἔλεγε
556 705 563 718 ,
579 687 615 713 δι’
635 687 744 720 ὓδατος
764 687 972 722 ἀναγέννησον

182 732 245 759 σὺν
268 732 344 766 ἐμοί.
373 733 428 758 Καὶ
456 733 577 767 τυχοῦσα
600 734 650 768 τῆς
671 733 798 767 χάριτος,
812 733 973 764 ’ἀπόστολος

183 778 315 811 ἐγεγόνει,
333 778 416 804 πᾶσιν
429 777 663 814 εὐαγγελιζομένη
685 779 731 805 τοῦ
747 779 805 806 υἱοῦ
824 780 908 816 αὐτῆς
922 780 972 815 τὴν

183 824 342 851 ἀνάστασιν.

219 867 290 901 Ἦγε
317 869 345 896 δὲ
371 869 465 896 τοῦτον
493 870 541 897 καὶ
571 870 614 896 ἐπ’
645 870 800 906 Ἀθήνῃσιν.
831 871 915 898 Ἔνθα
943 871 972 898 τὸ

183 914 286 942 ἁπλοῦν
297 915 345 941 τοῦ
360 915 440 949 λόγου
459 915 510 942 κᾶν
527 916 674 947 εὐτελίζειν
689 917 713 943 οἱ
736 916 873 951 Ἀθηναῖοι
892 917 971 943 ἐϐού-

183 961 269 992 λοντο,
284 962 301 996 ή
318 961 418 996 πρᾶξις
436 962 490 988 τῶν
504 962 664 997 παραδόξων
679 962 785 994 τούτοις
799 963 970 999 ἀντεπισχεῐν

182 1007 286 1035 ἔπειθε.
312 1008 367 1034 Καὶ
393 1008 496 1040 λοιπὸν,
527 1009 558 1035 τι
577 1008 614 1042 δὴ
632 1008 771 1042 πράττειν
793 1009 969 1043 ὀφείλομεν,

182 1053 286 1088 ἔλεγον,
300 1054 386 1088 ἡμεῖς
401 1056 429 1081 οὶ
445 1054 512 1088 περὶ
523 1054 595 1086 τοὺς
613 1054 724 1088 λόγους
738 1053 969 1088 ἐσπουδακότες,

183 1101 293 1127 τούτου
320 1100 383 1132 τοῖς
410 1102 512 1135 λόγοις
539 1100 724 1134 ﬂanimeum,-
748 1101 801 1127 Kal
831 1101 914 1135 γὰρ,“
932 1101 971 1134 ὡς

182 1146 286 1180 δρᾶτε,
310 1146 450 1179 ἄγροικος
472 1143 561 1178 οὗτος
583 1146 632 1172 καὶ
657 1145 762 1178 ἄπολις
776 1167 783 1179 ,
806 1146 841 1173 ἐν
857 1146 890 1172 δὲ
910 1147 971 1179 τοῖς

181 1192 281 1226 ἔργοις
298 1191 382 1226 ήμῶν
401 1191 549 1226 ἐγκρατὴς
563 1191 613 1217 καὶ
634 1192 801 1226 περιφανὴς
820 1191 972 1219 ἐνδείκνυ-

182 1246 241 1265 ται.
273 1238 432 1271 Τοιγαροῦν
457 1237 494 1264 δι’
522 1237 688 1272 ἐπιστολῆς
716 1239 912 1273 σημανοῦμεν
933 1238 973 1271 τῷ

183 1283 419 1318 ἁρχιγιοαμματεῒ
435 1283 494 1309 τῶν
524 1284 672 1311 Ἰουδαίων
689 1285 724 1312 ἐν
754 1285 953 1320 Ἰερουσαλήμ
964 1294 971 1300 ·

183 1331 232 1356 καὶ
247 1330 279 1356 τὸ
295 1330 375 1363 δόξαν
393 1326 466 1357 οὗτοι
480 1330 674 1366 κρατύναντες,
691 1331 782 1358 ἱκανὸν
803 1332 869 1367 πρὸς
886 1333 917 1359 τὸ
931 1333 974 1359 λέ-

184 1385 244 1411 γειν
258 1376 512 1409 ἐξαποστέλλουσιν.
533 1377 562 1402 '0
576 1376 641 1410 γοῦν
657 1377 836 1411 ἀποσταλεὶς,
852 1377 906 1404 ἔσω
924 1378 974 1414 τῆς

189 1422 368 1457 Ἰερουσαλὴμ
385 1423 521 1456 γεγονὼς.
545 1423 614 1457 μετὰ
634 1423 682 1458 τὴν
700 1423 820 1450 ἐπίδοσιν
835 1423 884 1459 τῆς
906 1432 973 1459 γρα-

185 1470 250 1503 φῆς,
273 1469 316 1494 διὰ
332 1468 420 1502 λόγων
435 1470 491 1499 τοῖς
515 1468 644 1504 ἄρχουσιν
666 1470 840 1505 ὲπετράνωσε
867 1470 901 1496 τὰ
925 1470 974 1505 τῆς

184 1515 304 1551 γραφῆς,
319 1514 418 1548 λέγων·
434 1515 566 1549 Τοῠνομα
579 1515 728 1548 Φίλιππος
742 1516 775 1542 ἐκ
787 1515 847 1542 τῶν
857 1512 915 1542 ὦδέ
930 1524 974 1548 τις

184 1560 283 1594 λέγων
296 1558 388 1592 εἶναι,
416 1560 540 1594 ἀφίκετο
556 1561 630 1593 πρὸς
655 1560 754 1594 ἡμᾶς·
779 1561 813 1593 ὃς
835 1560 975 1595 ἄγροικον

1021 331 1082 358 qua:
1099 322 1186 349 tilium
1205 329 1285 348 suum
1300 321 1461 348 defunctum
1478 320 1589 348 etl‘crret
1605 329 1613 347 :
1631 323 1809 353 maternaque

1020 368 1122 403 pietate
1139 375 1171 394 ac
1193 374 1276 394 sensu
1310 373 1394 400 supra
1413 365 1524 392 modum
1547 364 1702 400 plangebat.
1720 363 1808 398 Hujus

1020 414 1121 441 Christi
1139 420 1229 448 przeco
1243 413 1384 443 misertus,
1398 411 1552 445 dextraque
1567 411 1696 438 defuncto
1707 418 1808 445 expor-

1021 466 1095 488 recta
1110 469 1116 487 Ζ
1130 459 1225 494 Surge,
1235 458 1334 493 inquit,
1342 458 1416 493 jubet
1429 458 1474 484 tibi
1488 458 1532 493 qui
1547 466 1563 484 a
1581 465 1621 484 me
1635 456 1807 492 praedicatur,

1020 506 1095 533 Iesus
1111 505 1230 534 Christus
1243 513 1252 531 :
1264 504 1385 539 fecitque
1400 511 1502 536 sermo,
1517 506 1547 530 ut
1562 510 1630 537 puer
1642 502 1721 530 vivus
1735 502 1808 529 exci—

1021 556 1143 585 taretur;
1165 556 1193 579 et
1215 555 1245 578 ut
1265 551 1312 586 qui
1334 550 1482 578 suscitatus
1505 554 1579 582 erat,
1597 549 1700 584 lugenti
1726 548 1807 575 matri

1021 599 1138 626 baculus
1163 597 1349 626 sustentandae
1371 595 1666 625 domuicredderetur.
1688 594 1722 622 At
1747 595 1807 627 illa,

1022 647 1082 681 ejus
1106 645 1153 680 qui
1181 644 1344 671 miraculum
1371 645 1492 678 patrarat
1515 641 1638 676 vestigiis
1665 640 1773 668 admota
1799 649 1807 667 :

1023 691 1104 724 Quem
1118 691 1260 722 suscitasti,
1270 689 1371 722 aiebat,
1382 697 1436 715 una
1449 696 1551 715 mecum
1565 695 1611 722 per
1625 695 1723 722 aquam
1737 693 1810 721 rege-

1024 746 1101 765 nera.
1119 737 1273 771 Munusque
1292 739 1454 767 consecuta,
1470 733 1610 769 apostolus
1627 732 1726 766 evasit,
1742 732 1808 760 dum

1022 782 1072 811 ﬁlii
1087 782 1294 811 suscitationem
1310 780 1418 808 cunctis
1432 779 1585 807 annuntiat.

1057 870 1140 898 Duxit
1151 877 1218 897 vero
1230 873 1258 896 et
1271 869 1394 897 Athenas
1409 869 1572 903 apostolum.
1587 868 1640 902 lbi,
1653 876 1808 904 quanquam

1023 923 1056 943 eo
1072 915 1164 943 animo
1180 920 1259 943 erant
1273 915 1456 943 Athenienses
1473 920 1503 942 ut
1519 923 1570 950 pro
1589 915 1725 943 sermonis
1741 915 1809 943 sim—

1024 963 1147 998 plicitate
1157 965 1375 994 contemnerent,
1385 962 1580 997 stupendarum
1593 966 1684 990 tamen
1695 970 1726 990 ac
1736 962 1811 989 inau-

1026 1008 1143 1035 ditarum
1155 1016 1247 1035 rerum
1260 1008 1389 1043 patratio,
1401 1007 1490 1035 obniti
1505 1015 1554 1035 eos
1566 1008 1698 1036 doctrinae
1711 1008 1810 1036 suade-

1024 1053 1080 1081 bat.
1096 1053 1135 1080 Ac
1149 1054 1259 1080 demum
1277 1061 1284 1080 :
1302 1053 1446 1086 Quidnam,
1463 1054 1582 1086 aiebant,
1599 1054 1694 1088 facturi
1710 1063 1809 1088 sumus,

1024 1108 1071 1127 nos
1087 1101 1132 1134 qui
1151 1100 1304 1135 eloquentia!
1321 1109 1353 1127 ac
1368 1100 1492 1127 doctrinis
1509 1107 1617 1135 operam
1634 1101 1736 1134 damus,
1752 1109 1811 1128 cum

1024 1146 1102 1180 hujus
1126 1145 1288 1172 sermonibus
1315 1144 1473 1172 vincamur?
1499 1144 1625 1177 Etenim,
1646 1149 1675 1170 ut
1702 1145 1810 1177 videtis,

1025 1192 1135 1218 rusticus
1153 1192 1201 1219 iste
1217 1192 1374 1226 incertisque
1389 1191 1490 1218 sedibus
1508 1200 1605 1226 vagus,
1623 1199 1731 1226 operum
1756 1191 1813 1218 luce

1025 1238 1108 1264 nostri
1129 1246 1232 1273 compos
1251 1237 1414 1272 illustrisque
1433 1237 1550 1272 efﬁcitur.
1569 1237 1734 1272 Quapropter
1750 1247 1814 1265 con-

1024 1284 1122 1318 scripta
1148 1283 1259 1319 epistola
1284 1283 1459 1319 signiﬁcemus
1486 1282 1637 1310 Scribarum
1663 1283 1814 1311 Iudworum

1026 1329 1216 1365 Hierosolymis
1229 1330 1352 1365 principi.
1363 1329 1483 1356 Firmata
1497 1337 1579 1362 porro
1595 1329 1651 1356 illis
1666 1329 1813 1362 sententia,

1026 1376 1073 1411 qui
1096 1376 1136 1403 rei
1158 1376 1319 1410 eloquendaa
1337 1375 1453 1403 idoneus
1474 1379 1557 1406 esset,
1572 1376 1693 1403 mittunt.
1709 1375 1734 1403 Is
1749 1383 1815 1404 vero

1026 1430 1088 1450 cum
1106 1421 1322 1457 Hierosolymam
1337 1421 1469 1453 venisset.
1487 1421 1593 1448 reddita
1611 1421 1735 1456 epistola,
1750 1429 1815 1448 ver-

1027 1469 1071 1496 bis
1086 1467 1250 1503 explanabat
1267 1475 1327 1502 qua:
1344 1467 1389 1494 illa
1406 1467 1623 1499 continerentur,
1638 1467 1734 1494 dicens
1750 1475 1757 1493 :
1771 1466 1815 1494 Vir

1027 1515 1151 1550 quidam,
1167 1515 1211 1549 qui
1228 1520 1255 1541 se
1272 1513 1423 1549 Philippum
1439 1514 1527 1541 vocari
1543 1514 1627 1545 dicat,
1644 1513 1679 1540 ad
1695 1522 1741 1540 nos
1757 1514 1816 1541 hinc

1027 1561 1156 1596 profectus
1170 1565 1217 1587 est.
1227 1560 1276 1587 Est
1291 1559 1337 1586 ille
1348 1560 1453 1594 quidem
1469 1559 1528 1586 rudi
1545 1560 1692 1594 rusticoque
1703 1559 1816 1593 eloquio,

185 1605 242 1640 μὲν
261 1604 430 1638 ἐπιφέρεται
458 1605 511 1630 τὸν
538 1605 649 1638 λόγον,
681 1605 716 1631 οὺ
734 1605 842 1639 μικρὸν
861 1605 895 1631 δὲ
919 1604 974 1637 τὴν

1029 1614 1079 1641 quo
1108 1610 1198 1632 tamen
1226 1613 1278 1632 non
1305 1613 1400 1640 parum
1428 1605 1507 1631 corda
1533 1608 1624 1631 nostra
1650 1605 1816 1640 patriamque

185 1649 271 1684 ἡμῶν
286 1650 457 1676 ἐπισείοντα
471 1649 528 1683 τὴν
545 1649 670 1683 καρδίαν
688 1650 736 1676 καὶ
751 1650 894 1684 πατρίδα.
912 1659 974 1677 και-

185 1696 242 1722 νὸν
257 1695 443 1729 διαγγέλλων
457 1696 561 1730 ὄνομα,
579 1696 711 1729 Ἰησοῦν,
763 1696 812 1722 καὶ
823 1696 974 1731 χρώμενος

186 1742 235 1769 ἐπὶ
258 1741 391 1776 γλώττης
405 1761 411 1773 ,
441 1741 646 1776 ἀποτρόπαιον
669 1741 732 1775 ἕχει
754 1741 902 1774 δαιμόνων
926 1742 975 1768 καὶ

186 1786 367 1821 νοσημάτων
384 1785 592 1812 παντοδαπῶν.
616 1785 709 1812 Ἀλλά
724 1793 758 1819 τε
772 1785 833 1811 σὺν
848 1785 973 1817 τούτοις,

187 1833 236 1859 καὶ
252 1832 285 1859 τὸ
300 1832 495 1866 κατέσφαξεν.
515 1830 681 1858 Ἀπολιπών
696 1839 742 1863 τις
758 1830 812 1858 τὸν
826 1830 909 1863 βίον,
926 1829 974 1857 καὶ

188 1878 264 1912 πρὸς
275 1878 329 1904 τὸν
340 1877 438 1912 χῶρον
450 1877 509 1904 τῶν
520 1876 688 1904 τεθνεώτων
699 1875 925 1911 μεταχωρήσας,
938 1875 975 1910 τῇ

188 1923 242 1950 τοῦ
267 1923 368 1956 Ἰησοῦ
381 1923 566 1957 προσηγορίᾳ
581 1922 744 1956 ἀνέστησε.
768 1923 905 1949 Λείπεται
923 1931 976 1949 τοι-

187 1969 301 2004 ταροῦν
317 1969 454 2002 οἴχεσθαι
467 1969 503 1995 τὰ
517 1967 616 2003 ἡμῶν,
634 1968 683 1994 καὶ
703 1968 740 1995 τὰ
760 1969 867 1995 τούτου
882 1967 976 2000 αὺξά-

188 2017 292 2042 reddat
302 2035 308 2047 ,
322 2017 346 2042 ει
357 2015 400 2049 μὴ
416 2015 520 2049 τάχιον
537 2023 582 2047 τις
596 2014 670 2048 πρὸς
684 2012 761 2048 ἡμᾶς
775 2013 809 2045 ἐξ
821 2012 904 2048 ὑμῶν
919 2020 975 2040 πα-

187 2060 351 2095 ρσγένοιτο.

226 2107 279 2133 Καὶ
306 2106 338 2141 δὴ
363 2106 478 2140 ἐξαυτῆς
502 2106 571 2140 μετὰ
593 2105 711 2140 σοϐαρᾶς
735 2105 784 2132 καὶ
811 2103 974 2139 ἀλαζονικῆς

188 2151 339 2185 φαντασίας
350 2151 400 2186 τὴν
419 2150 531 2177 Ἐλλάδα
546 2152 559 2177 ὁ
575 2150 822 2186 ἀρχιγραμματεὺς
834 2149 975 2184 καταλαμ-

188 2198 278 2230 ϐάνει,
292 2197 362 2223 κατὰ
375 2197 508 2223 Φιλίππου
521 2197 623 2232 σφόδρα
639 2197 825 2232 χαλεπαίνων·
843 2195 889 2222 καὶ
907 2197 974 2230 μήτε

189 2244 273 2278 ἄρτου
297 2243 466 2278 γευσάμενος
496 2243 565 2278 μήτε
592 2243 664 2275 τινὸς
687 2242 768 2270 ἄλλου
791 2242 846 2269 τῶν
869 2241 975 2276 σώματι

1028 1655 1198 1683 commoveat,
1212 1651 1274 1677 dum
1291 1659 1386 1677 novum
1401 1658 1495 1676 nomen
1509 1649 1608 1684 (Jesum
1623 1649 1730 1684 scilicet)
1747 1658 1816 1685 pra:-

1029 1696 1115 1728 dicat;
1130 1704 1205 1731 qucm
1221 1699 1245 1722 et
1258 1696 1284 1722 in
1302 1695 1393 1730 lingua
1408 1695 1514 1726 habens,
1526 1695 1666 1728 dwmones,
1683 1695 1816 1730 omnisque

1027 1741 1128 1776 generis
1146 1741 1248 1767 morbos
1263 1740 1394 1766 deturbat.
1404 1739 1455 1766 Sed
1470 1744 1494 1765 et
1506 1748 1565 1765 cum
1579 1739 1648 1771 istis,
1659 1747 1714 1766 rem
1725 1743 1815 1774 patra-

1027 1786 1072 1816 vit.
1087 1794 1145 1821 qum
1160 1790 1294 1820 stuporem
1311 1785 1427 1817 iniiciat.
1444 1784 1573 1810 Humanis
1586 1785 1717 1819 quispiam
1730 1791 1816 1821 exem-

1028 1819 1169 1868 ptus-erat,
1182 1835 1260 1867 atque
1274 1831 1309 1858 ad
1323 1830 1504 1865 defunctorum
1517 1829 1602 1857 locum
1617 1819 1816 1866 commigraret.

1027 1879 1103 1905 Ilunc
1121 1878 1165 1905 ille
1183 1878 1317 1905 suscitavit
1338 1878 1458 1904 invocato
1479 1877 1542 1903 Jesu
1560 1877 1675 1904 nomine.
1693 1877 1816 1912 Superest

1028 1926 1116 1960 itaque
1132 1928 1160 1950 ut
1177 1928 1268 1951 nostra
1285 1922 1365 1958 plane
1381 1921 1538 1949 aboleantur
1554 1928 1578 1949 ct
1594 1924 1741 1956 intereant;
1758 1931 1816 1958 qua;

1028 1978 1088 1996 vero
1100 1969 1172 1996 illius
1184 1972 1256 2002 sunt,
1269 1972 1428 2004 augeantur,
1441 1969 1491 1995 nisi
1503 1969 1578 1996 citius
1593 1977 1624 1995 ex
1635 1969 1705 1996 vobis
1721 1968 1816 2005 aliquis

1030 2015 1064 2042 ad
1079 2024 1124 2042 nos
1137 2015 1235 2042 veniat.

1063 2103 1160 2130 Statim
1179 2109 1245 2137 ergo
1269 2102 1350 2136 pleno
1371 2101 1472 2134 fastus,
1490 2101 1664 2136 superboque
1683 2105 1815 2136 apparatu

1029 2148 1186 2176 Scribarum
1205 2147 1333 2183 princeps
1349 2147 1481 2175 Graeciam
1502 2147 1586 2182 petit,
1601 2147 1732 2174 adversus
1749 2147 1815 2174 Phi-

1028 2195 1132 2230 lippum
1145 2193 1224 2221 valde
1241 2193 1402 2229 indignans;
1420 2201 1451 2221 ac
1466 2201 1556 2228 neque
1573 2200 1643 2227 pane
1660 2192 1814 2228 degustato,

1028 2249 1118 2277 neque
1135 2241 1192 2269 ullo
1208 2240 1272 2273 alio,
1287 2240 1361 2275 quod
1378 2240 1485 2275 corpori
1500 2239 1685 2275 indulgeatur,
1697 2239 1814 2267 sublime

190 2341 362 2382 viderentur,
373 2346 401 2382 et
416 2343 450 2382 ab
461 2350 495 2382 ea
509 2342 635 2382 homines
650 2349 774 2382 avocare.
795 2342 851 2382 lloc
865 2342 975 2382 no_m_i_ue
993 2342 1014 2371 D
1029 2349 1089 2382 quae
1107 2341 1166 2382 ipsa
1174 2340 1289 2382 Athenis
1301 2339 1424 2382 sufﬁcere
1436 2339 1566 2380 Apostolo
1578 2343 1695 2382 poterat,
1710 2342 1740 2366 ut
1752 2346 1814 2367 mo-

184 2377 282 2404 elarus
298 2377 420 2404 Herodes
438 2378 540 2412 iunior.
554 2379 601 2412 qui
615 2377 746 2404 Jacobum
761 2378 861 2404 occidit
876 2377 976 2412 gladio,

191 2412 332 2447 voluitque
344 2412 471 2440 occidere
480 2418 508 2440 et
519 2413 640 2443 Petrum,
665 2412 717 2439 etsi
737 2412 839 2440 Iudaeis
853 2413 880 2439 in
898 2412 977 2439 Chri-

191 2452 250 2474 tum
263 2448 425 2482 religiosior,
435 2456 469 2475 ne
481 2456 513 2475 ea
538 2455 605 2474 nece
634 2448 749 2475 foedaret
775 2448 975 2475 solemnitatem

194 2482 368 2518 paschalem,
381 2483 488 2510 distulit
509 2487 571 2517 post
600 2482 659 2510 dies
679 2490 847 2517 azymorum,
864 2482 974 2516 quando

194 2523 223 2545 et
235 2518 333 2545 Petrus
345 2517 380 2544 ab
392 2518 488 2552 angelo
502 2518 635 2545 liberatus
643 2521 694 2545 est.
711 2518 844 2552 Agrippas
854 2525 973 2551 quoque,

193 2553 250 2587 ipse
266 2553 294 2579 in
306 2552 448 2580 .Iudaismo
471 2553 700 2588 religiosissimus,
716 2560 854 2588 regnoque
876 2552 977 2579 Iudam

193 2588 308 2622 aliisque
327 2588 477 2622 provinciis
504 2588 689 2615 Romanorum
716 2587 906 2614 benevolentia
930 2595 979 2614 au-

193 2623 310 2651 ctus.sic
316 2623 407 2657 potuit
417 2624 443 2649 in
459 2623 596 2657 apostolos
602 2622 811 2654 excandescere,
823 2630 978 2657 quanquam

197 2659 224 2685 in
242 2658 356 2684 Paulum
369 2658 462 2685 mitior
471 2658 608 2690 videatur,
622 2665 684 2685 cum
698 2657 832 2684 dicentem
847 2657 978 2687 audisset.

192 2693 246 2728 jam
262 2693 397 2725 vinctum,
413 2693 461 2723 sed
485 2694 531 2727 qui
551 2694 684 2720 Caesarem
709 2692 881 2728 appellasset,
892 2700 978 2728 eaque

194 2728 301 2754 ratione
318 2736 369 2755 nec
383 2728 417 2754 ab
435 2728 492 2759 illo,
525 2736 600 2754 neca
615 2728 694 2755 Festo
714 2727 830 2761 praeside
860 2727 976 2761 judicari

194 2767 296 2797 posset.
311 2762 394 2790 Trahi
409 2763 622 2798 Hierosolymam
635 2771 667 2789 ex
682 2763 743 2798 aliis
758 2762 853 2798 procul
863 2769 979 2796 synago-

195 2798 236 2831 gis
263 2798 403 2833 religionis
436 2806 508 2829 reos,
522 2797 580 2833 ipsa
599 2797 676 2825 Pauli
708 2797 807 2833 legatio
820 2797 981 2833 Damascum

196 2832 299 2860 indicio
311 2838 364 2864 est,
378 2840 439 2860 cum
466 2832 569 2860 irarum
600 2833 697 2866 plenus
710 2840 742 2859 ac
763 2832 851 2859 minas
873 2832 985 2866 spirans

197 2867 224 2894 in
232 2867 383 2902 discipulos
390 2868 498 2895 Domini
509 2869 614 2902 (utique
620 2875 653 2894 ex
660 2867 760 2902 JudtL-is
766 2866 927 2900 conversos)
936 2866 986 2893 fer-

199 2907 284 2932 retur,
292 2901 387 2937 quales
395 2908 423 2930 et
431 2903 459 2930 lii
466 2901 646 2930 Athenienses
653 2901 732 2928 \‘idcn
737 2906 781 2928 tur
788 2902 881 2931 fuisse.
889 2909 920 2927 ac
931 2909 955 2927 m
960 2909 987 2927 u-

201 2937 252 2965 lier
265 2939 344 2970 cuius
361 2938 448 2966 ﬁlium
462 2938 490 2966 in
499 2939 609 2966 Galilzea
624 2937 768 2972 Apostolus
786 2938 966 2965 suscitaverat
979 2945 984 2963 :

1030 2374 1068 2404 ris
1080 2374 1140 2404 erat
1151 2375 1482 2409 Judaaissumptusl'accre
1496 2375 1553 2402 suis
1569 2374 1722 2409 magistris:
1733 2382 1815 2409 quam

1029 2412 1156 2439 Christus
1169 2410 1398 2438 consuetudinem
1414 2418 1468 2436 non
1485 2409 1606 2439 sustulit.
1623 2409 1671 2436 sed
1695 2409 1817 2444 discipu-

1028 2446 1062 2473 lis
1077 2447 1134 2474 suis
1151 2446 1265 2473 liberam
1278 2445 1351 2472 fccit.
1367 2445 1418 2478 Qui
1437 2444 1652 2480 totiespontifex
1673 2445 1816 2480 ἀρχιερεὺς

1028 2486 1056 2509 et
1070 2481 1315 2515 ἀρχιγραμματεὺς
1328 2480 1438 2509 dicitur.
1453 2487 1514 2515 non?
1524 2479 1580 2514 ipso
1607 2487 1731 2506 summus
1748 2487 1816 2513 pon-

1029 2514 1096 2543 tifex
1108 2514 1287 2543 Hebrieorum
1306 2515 1451 2549 putandus.
1468 2514 1516 2541 sed
1542 2521 1623 2548 quem
1657 2514 1814 2550 synedrium

1031 2551 1308 2586 Hierosolymitanum
1333 2550 1492 2586 rﬁﬂéctolov
1510 2550 1654 2586 mitteret,
1674 2549 1705 2586 et
1733 2549 1812 2586 quasi

1031 2586 1143 2621 ἔξαρχον
1157 2584 1165 2618 ξ
1183 2586 1272 2612 virum
1301 2585 1406 2612 scilicet
1419 2585 1530 2619 generis
1541 2584 1718 2621 sacerdotalis
1733 2589 1761 2610 et
1776 2584 1815 2621 le-

1050 2618 1203 2656 ispéritum,
1214 2620 1335 2654 legisque
1344 2618 1544 2656 zeluulationem
1560 2619 1717 2656 habentem,
1727 2618 1816 2652 qualis

1044 2655 1083 2684 uit
1107 2656 1207 2683 Paulus
1233 2656 1333 2682 missus
1353 2655 1385 2681 ad
1414 2662 1564 2690 synagogas
1587 2655 1614 2681 in
1642 2655 1814 2690 Damascum,

1032 2699 1189 2727 quanquam
1221 2690 1273 2727 hoc
1284 2690 1326 2727 illi
1352 2687 1500 2727 deerat,_ut
1517 2687 1590 2727 esset
1603 2687 1815 2727 “sacerdotali

1033 2721 1231 2761 prosapiaﬁqui
1243 2725 1340 2761 seipse
1360 2725 1394 2752 de
1422 2725 1494 2752 tribu
1523 2721 1815 2761 Betljamin‘allirutat.

1033 2756 1092 2788 Nec
1110 2756 1323 2787 modo-Hebraeis
1353 2760 1453 2787 desunt
1483 2756 1597 2793 apostoli
1615 2765 1647 2784 ac
1667 2756 1817 2793 disciplinae

1036 2796 1103 2830 legis
1114 2796 1244 2829 przefecti,
1257 2803 1326 2830 quos
1336 2803 1368 2822 ex
1383 2791 1510 2830 syncdrio
1519 2793 1560 2830 uel
1571 2791 1817 2826 Hierosolymitano

1035 2829 1079 2857 vel
1096 2829 1273 2866 Babylonico
1284 2831 1393 2866 mittant
1414 2830 1448 2856 ad
1465 2829 1602 2866 subjectus
1623 2834 1773 2861 synagogas
1786 2835 1817 2854 ac

1037 2866 1141 2900 plebes,
1152 2861 1199 2900 qui
1211 2866 1333 2901 severius
1347 2865 1373 2901 in
1386 2865 1472 2899 legem
1486 2861 1641 2901 commissa,
1656 2866 1684 2889 et
1700 2870 1817 2896 quorum

1037 2899 1233 2935 indulgentiam
1250 2908 1302 2927 non
1327 2899 1441 2935 habent_
1458 2906 1506 2932 per
1527 2899 1647 2935 gentium
1661 2905 1816 2932 pressuram

1037 2944 1073 2963 cx
1087 2932 1145 2964 suis
1155 2935 1330 2971 legisperitis,
1345 2933 1491 2961 emendem
1507 2940 1537 2960 ac
1552 2932 1676 2967 puniant.
