2078 3154
271 217 322 250 187

866 211 1012 243 NlCET/E
1031 211 1294 242 PAPHLAGONIS

1843 211 1893 243 188

269 273 321 301 sibi
335 272 458 300 tribunal
472 270 563 306 parari
577 269 672 306 jubet;
691 269 893 304 mutatoriaque
908 267 1059 303 pontiﬁcali

1112 267 1298 303 χαριζομένων
1308 287 1316 299 ,
1342 266 1444 302 ὑψηλὸν
1459 267 1533 303 αὖτῷ
1547 267 1673 301 γενέσθαι
1693 266 1768 302 βῆμα
1786 274 1894 303 παρηγ-

269 318 413 353 chlamyde
426 321 575 351 assumpta,
587 315 715 350 superbia
727 319 845 347 tumens,
854 314 952 350 judicii
963 314 1057 341 sedem

269 363 444 395 conscendit,
467 362 573 390 cunctis
595 362 655 396 ejus
679 360 776 396 patria:
799 359 935 392 eruditis,
957 367 990 388 ac
1009 359 1058 395 qui

268 415 400 438 venerant
417 417 479 437 cum
498 417 546 440 eo,
565 408 661 435 timore
683 407 845 435 astantibus.
863 407 982 435 Vocatus
1005 406 1058 434 ita-

268 465 322 492 que
338 457 487 492 apostolus,
501 454 608 482 tncdius
621 453 708 486 stetit,
720 453 844 488 pontilici
859 460 1054 488 responsurus.

269 504 309 530 Ad
324 510 406 538 quem
426 501 548 536 pontifex
566 501 594 527 in
612 500 671 527 haec
686 500 769 527 verba
786 503 984 535 percontatur:
999 498 1059 525 Non

269 550 334 576 satis
359 549 458 578 visunt.
476 552 631 574 cunctorum.
655 547 801 574 miserrime
825 546 973 578 hominum,
990 545 1059 580 quod

269 595 369 623 Judtza:
396 600 420 621 et
451 593 570 622 Gali/ww
598 599 622 620 et
649 592 780 620 Samaria:
805 593 936 628 pravitate
965 592 1059 618 mentis

270 642 427 676 obrepseris,
453 640 676 675 simplicioresque
690 640 718 666 in
735 639 771 666 eis
788 647 876 666 errore
889 638 1058 671 dementaris,

269 688 315 714 sed
331 691 355 714 et
368 687 531 715 Athenarum
548 687 619 714 urbis
635 687 766 722 sapientes
782 689 884 713 tentare
900 685 1005 712 molitus
1021 692 1060 716 es,

271 733 426 760 existimans
444 733 568 759 nimirum
586 733 654 758 viros
672 735 743 758 catos
760 734 838 766 atque
857 730 996 766 prudentes
1014 729 1060 756 abs

272 768 296 806 te
308 780 444 806 seductum
457 779 501 806 iri.
519 779 555 806 Ac
571 778 674 814 quidem
689 782 723 810 te,
737 777 807 805 velut
821 778 865 813 qui
880 785 968 804 errore
982 777 1061 803 sedu-

272 830 329 852 ctus
348 825 394 857 sis,
409 824 443 851 ad
462 832 574 859 prwsens
597 825 692 850 omisso
712 826 858 858 spretoque,
875 822 908 849 ad
926 823 995 849 viros
1014 830 1060 848 sa-

272 872 381 905 pientes,
393 878 450 904 qua:
461 874 513 897 tute
525 870 654 905 opinionis
666 873 738 902 sunt,
749 869 904 901 edisserens,
913 876 1061 896 sermonem

272 916 380 943 habebo.

310 1047 376 1082 Ejus
406 1048 546 1082 magister,
572 1047 724 1081 auditores,
749 1056 808 1075 cum
838 1048 983 1077 evertenda:
1010 1049 1061 1085 legi

273 1090 395 1119 Mosaica:
408 1092 484 1120 daret
499 1101 617 1128 operam,
626 1094 705 1128 justa
721 1103 738 1121 a
753 1095 826 1121 nobis
843 1094 898 1130 lege
915 1099 944 1122 ut
959 1103 1061 1122 crucem

274 1138 364 1171 ferret,
377 1137 518 1165 damnatus
535 1143 572 1165 est
583 1159 589 1165 .
603 1139 738 1174 nudusque
752 1138 807 1166 allo
821 1140 909 1175 stipite
921 1147 1061 1175 suspensus

274 1183 422 1216 derelictus,
434 1183 465 1210 ob
480 1184 531 1211 diei
546 1184 731 1218 celebritatem,
743 1185 842 1218 Pilato,
855 1185 959 1221 Josephi
972 1186 1064 1220 cujus-

274 1228 337 1255 dam
347 1229 397 1255 viri
408 1229 494 1256 divitis
504 1230 696 1264 supplicatione
707 1230 825 1261 inducto,
835 1229 979 1264 sepultum
990 1229 1062 1256 tradi

273 1274 416 1307 permissus
431 1277 479 1301 est.
494 1273 675 1309 Amicitimque
692 1273 747 1310 lege
765 1282 823 1301 cum
841 1278 992 1301 tenerentur
1006 1274 1063 1309 ejus

274 1317 406 1353 discipuli,
421 1319 520 1346 occulte
534 1320 690 1355 intempesta
703 1324 777 1347 nocte
790 1328 849 1347 eum
864 1320 1004 1355 furantur;
1015 1321 1064 1348 hoc

274 1371 366 1399 nempe
375 1370 520 1392 commento
531 1365 623 1401 vulgus
634 1366 755 1392 seducere
766 1370 902 1401 parantes.
912 1365 1064 1402 Sparsaque

273 1410 368 1445 ubique
388 1410 472 1445 fama,
487 1420 546 1438 eum
569 1421 585 1439 a
607 1412 717 1439 mortuis
736 1413 889 1445 surrexisse,
906 1413 1063 1448 magistrum

273 1455 322 1482 sibi
347 1460 425 1492 atque
446 1457 578 1485 doctorem
601 1459 732 1485 hominem
757 1463 894 1494 arrogant.
912 1459 953 1486 Ea:
973 1467 1064 1486 eorum

274 1501 383 1538 collegio
396 1511 463 1530 unus
475 1508 512 1530 est
522 1508 547 1530 et
557 1503 695 1539 Philippus
709 1505 767 1536 iste,
777 1505 851 1540 cujus
864 1513 910 1531 rex
920 1504 1064 1532 Archelaus

274 1547 407 1575 desiderat
427 1553 572 1584 compotem
591 1549 668 1583 ﬁeri,
685 1550 835 1577 ulciscenda
857 1550 928 1585 vulgi
946 1551 1063 1586 injuria,

276 1594 350 1621 mala
371 1602 432 1622 eum
450 1600 533 1622 morte
549 1596 700 1630 perditurus
718 1604 726 1624 :
744 1604 820 1632 quem
835 1597 858 1624 si
874 1596 968 1631 vultis,
983 1605 1062 1633 quam

275 1640 326 1667 cito
339 1641 452 1668 vinctum
469 1641 677 1678 Hierosolymam
693 1642 822 1670 abducite.

313 1775 352 1803 Ac
365 1783 444 1808 vero,
460 1779 583 1802 cessante
599 1774 674 1810 loqui
690 1774 820 1810 pontiﬁce
836 1779 956 1804 astantes
971 1776 1062 1804 inten-

278 1822 312 1850 tis
328 1822 416 1849 oculis
433 1821 462 1848 in
478 1821 635 1856 Philippum
654 1825 748 1854 erant,
765 1821 830 1856 quid
847 1822 957 1849 demum
975 1822 1020 1850 ille
1036 1822 1062 1850 ei

279 1867 469 1901 responderet.
479 1865 586 1894 Sensim
601 1866 693 1901 itaque
706 1867 850 1902 leniusque
860 1867 962 1902 apertis
971 1868 1062 1900 labiis,

278 1913 420 1948 Philippus
443 1912 481 1940 ita
491 1912 613 1947 pontifici
637 1913 698 1940 inﬁt
716 1922 722 1940 :
739 1913 790 1941 Fili
811 1913 935 1947 hominis,
951 1918 980 1940 ut
1002 1914 1064 1950 quid

278 1959 366 1995 diligis
379 1960 524 1987 vanitatem
536 1963 561 1986 et
575 1959 687 1995 loqueris
702 1960 889 1987 mendacium?
902 1959 934 1988 Ut
946 1960 1008 1996 quid
1020 1969 1065 1987 cor

279 2011 351 2033 tuum
369 2013 465 2041 gravas
481 2006 509 2032 in
524 2005 663 2032 vanitate?
679 2005 773 2032 Nonne
794 2010 821 2032 tu
842 2014 909 2032 auro
927 2006 1064 2032 custodum

279 2060 372 2079 manus
393 2051 522 2087 implesti,
536 2057 564 2078 ut
583 2052 792 2083 resurrectionis,
809 2052 894 2086 a/Iicta
914 2052 1063 2086 calumnia,

278 2099 357 2133 ﬁdem
378 2098 533 2126 abolerent?
554 2097 642 2125 Nescis
663 2105 721 2133 qua:
739 2096 875 2132 signacula
898 2102 1064 2124 monumento

279 2145 446 2180 apposuisti?
467 2144 529 2172 Hazc
553 2145 679 2171 nimirum
703 2145 732 2170 in
753 2144 794 2170 die
813 2144 862 2170 ira:
885 2148 958 2171 tuum
981 2143 1065 2172 scelus

278 2191 423 2226 ignominia
442 2191 588 2218 traducem.

1108 314 1208 348 γυᾶτο·
1223 313 1271 340 καὶ
1289 313 1338 350 τὴν
1353 313 1463 345 ἔξαλλον
1479 314 1528 348 τῆς
1553 313 1750 349 ἀρχιερατικῆς
1773 313 1895 348 χλαμύδα

1110 358 1276 393 περιϐαλὼν,
1291 359 1332 390 είς
1351 359 1396 386 τὸν
1412 359 1568 386 δικαστικὸν
1584 359 1791 394 πεφυσιωμένος
1809 360 1896 386 ἄνεισι

1109 403 1220 439 Θρόνον,
1245 403 1354 431 πάντων
1374 404 1429 431 τῶν
1444 405 1594 440 ἐλλογίμων
1607 404 1658 439 τῆς
1683 404 1829 439 πατρίδος,
1850 406 1897 431 καὶ

1109 451 1164 477 τῶν
1190 451 1238 477 σὺν
1260 450 1334 486 αὑτῷ
1361 451 1611 486 παραγενομένων,
1637 451 1706 486 μετὰ
1732 450 1807 482 δέους
1827 460 1897 485 παρ-

1110 495 1275 531 εστηκότων,
1292 495 1386 530 Ὅμως
1402 496 1585 531 προσκληθεὶς
1598 495 1613 522 ό
1627 495 1785 528 ἀπόστολος,
1803 495 1895 530 μέσον,

1109 541 1148 577 τῷ
1166 543 1290 578 ἀρχιερεῖ
1311 542 1548 581 ἀπολογησόμενος
1571 542 1664 568 ἵστατο
1675 550 1682 557 ·
1700 542 1748 568 καὶ
1763 541 1833 576 πρὸς
1849 541 1895 568 τδν

1109 587 1257 614 ἀπόστολον
1279 587 1294 613 ὁ
1307 587 1452 624 ἀρχιερεὺς
1473 586 1544 614 οὕτω
1561 587 1723 622 προσήρετο⁰
1745 588 1808 621 οὐχ
1832 587 1895 614 ικα-

1109 633 1169 667 νῶς
1191 633 1274 669 ἔχειν
1286 633 1389 667 ἔδοξε,
1411 633 1446 660 τὸ
1461 632 1617 668 μοχθηρῶς
1632 633 1827 661 ὐπεισελθεῖν
1841 641 1895 666 σε,

1109 679 1272 708 timiditate
1291 679 1413 706 πάντων
1435 679 1615 714 ἀνθρώπων,
1639 679 1678 714 τῇ
1699 679 1824 713 Ἰουδαίᾳ
1846 680 1896 706 καί

1110 726 1259 759 Γαλιλαίᾳ
1287 725 1337 752 καὶ
1362 725 1527 759 Σαμαρείᾳ,
1554 725 1602 752 καί
1624 725 1695 757 τοὺς
1718 725 1765 751 ἐπ’
1791 725 1896 758 αὑταῖς

1110 771 1358 807 ἀσφαλεστέρους
1383 771 1618 805 ἀποπλανῆσαι,
1645 770 1726 798 ἀλλὰ
1750 771 1799 798 καὶ
1825 771 1896 804 τοὺς

1110 818 1226 853 σοφοὺς
1251 817 1310 844 τῶν
1339 817 1466 850 Ἀθηνῶν
1488 817 1662 851 ὐπενοήσω,
1690 817 1896 852 μεμελετηκὼς

1110 864 1168 898 τὴν
1188 864 1323 898 ἀπάτην,
1351 862 1605 897 πεπυκνωμένους
1626 862 1738 898 ἄνδρας
1763 864 1898 898 οἰόμενος

1111 909 1239 944 ἀπατᾶν.
1251 909 1306 937 Kal.
1326 910 1366 943 ὡς
1379 908 1584 944 ἠπατημένον,
1599 908 1774 944 καταφρονῶ
1790 917 1848 937 σου
1864 910 1898 937 τὸ

1110 956 1224 990 παρόν”
1241 955 1290 982 ἐπὶ
1310 955 1344 982 δὲ
1362 955 1434 988 τοὺς
1448 954 1582 990 σοφοὺς,
1601 954 1756 983 διδάσκων
1769 956 1806 983 τὰ
1823 955 1900 983 κατὰ

1111 1002 1158 1035 σὲ,
1172 1003 1226 1029 τὸν
1239 1001 1333 1037 λόγον
1347 1001 1522 1036 ποιήσομαι.

1152 1048 1184 1074 '0
1197 1047 1306 1075 τούτου
1330 1047 1516 1080 διδάσκαλος
1528 1067 1536 1080 ,
1552 1044 1576 1075 ὦ
1595 1045 1721 1082 ἄνδρες,
1736 1046 1785 1074 ἐπὶ
1804 1055 1899 1081 παρα-

1110 1093 1206 1128 τροπῇ
1221 1093 1274 1120 τοῦ
1286 1092 1449 1120 Μωσατκοῦ
1463 1093 1557 1127 νόμον
1569 1093 1740 1127 γενόμενος,
1754 1092 1805 1128 ὑφ’
1815 1092 1901 1129 ἡμῶν

1111 1139 1232 1174 σταυρῷ
1251 1139 1389 1168 τεθνάναι
1413 1139 1528 1174 εὐλόγῳ
1544 1139 1624 1174 νόμῳ
1647 1139 1805 1173 κατεκρίθη
1818 1147 1825 1154 ·
1850 1140 1899 1167 καὶ

1111 1185 1225 1220 γυμνὸς
1250 1184 1290 1218 τῷ
1318 1184 1400 1217 ξύλῳ
1429 1184 1645 1219 ἀπῃωρημένος
1671 1185 1898 1219 καταλειφθείς,

1111 1230 1161 1257 διὰ
1175 1230 1209 1258 τὸ
1231 1229 1287 1264 τῆς
1299 1229 1411 1265 ἡμέρας
1427 1229 1588 1264 ἐπίσημον,
1603 1229 1656 1257 τοῦ
1669 1229 1812 1262 Πιλάτου,
1838 1230 1899 1257 Ἰω-

1112 1276 1178 1311 σήφ
1207 1284 1290 1309 τινος
1311 1275 1463 1303 πλουσίου
1486 1274 1619 1308 ικετηρίᾳ
1644 1274 1899 1310 ἐπικαμφθέντος,

1112 1321 1196 1357 τάφῳ
1211 1321 1446 1357 συγκεχώρηται.
1469 1321 1525 1348 Kal
1538 1322 1618 1356 νόμῳ
1631 1321 1734 1356 φιλίας
1745 1322 1773 1349 ol
1791 1321 1900 1349 τούτου

1112 1368 1306 1404 κρατούμενοι
1313 1368 1453 1403 μαθηταὶ,
1465 1367 1614 1402 λαθραίως
1625 1367 1696 1401 ἀωρὶ
1708 1366 1816 1394 τοῦτον
1829 1367 1900 1394 ἀπο-

1113 1414 1276 1445 συλοῦσιν,
1291 1414 1335 1446 εις
1345 1411 1472 1440 πολλῶν
1478 1412 1607 1446 ἀπάτην,
1617 1412 1901 1447 ἐπιτεχνευσάμενοι

1113 1460 1218 1487 τοῦτο·
1238 1459 1288 1486 καὶ
1307 1457 1464 1492 πανταχοῦ
1486 1458 1715 1492 ἐπισπείραντες
1735 1457 1770 1484 ἐκ
1787 1457 1901 1492 νεκρῶν

1114 1505 1286 1541 ἐγηγέρθαι,
1309 1505 1363 1532 τὸν
1382 1503 1498 1532 ἑαυτῶν
1517 1504 1728 1539 ἐπιφημίζουσι
1754 1504 1900 1532 διδάσκα-

1113 1553 1181 1579 λον.
1207 1550 1255 1582 Ἐξ
1269 1549 1370 1578 αὐτῶν
1386 1547 1430 1583 εἷς
1445 1549 1511 1577 ἐστι
1525 1549 1575 1578 καί
1591 1551 1608 1578 ό
1627 1550 1776 1584 Φίλιππος
1792 1548 1899 1584 οὗτος,

1115 1595 1151 1626 οὗ
1177 1596 1357 1631 περικρατὴς
1381 1597 1398 1624 ὁ
1422 1596 1572 1630 βασιλεὺς
1596 1596 1737 1631 ἐπιθυμεῖ
1762 1597 1900 1631 γενέσθαι

1121 1643 1295 1679 Ἀρχέλαος,
1328 1643 1373 1676 είς
1399 1641 1524 1669 πολλῶν
1554 1642 1713 1676 ἐκδίκησιν
1741 1643 1900 1670 ἀπολέσων

1111 1690 1205 1717 αὐτόν
1216 1699 1223 1705 ·
1240 1689 1333 1722 ὅνπερ
1347 1689 1373 1715 εὶ
1387 1688 1551 1721 βούλεσθε,
1567 1688 1641 1722 πρὸς
1655 1687 1748 1715 αὑτὸν
1765 1687 1798 1715 τὸ
1810 1687 1898 1722 τάχος

1111 1735 1240 1769 δέσμιον
1252 1736 1296 1768 είς
1315 1734 1517 1769 Ἰερουσαλὴμ
1529 1733 1708 1769 ἀπαγάγετε.

1148 1782 1203 1808 Καὶ
1220 1781 1252 1816 δὴ
1281 1781 1328 1808 τοῦ
1343 1780 1494 1816 ἀρχιερέως
1513 1779 1667 1812 παύσαντος
1684 1778 1732 1808 τοῦ
1757 1779 1858 1814 λόγου,
1875 1780 1901 1807 οἱ

1112 1826 1288 1862 παρεστῶτες
1303 1824 1457 1861 ὲνητένιζον
1473 1823 1511 1860 τῷ
1530 1825 1666 1860 Φιλίππῳ,
1679 1824 1706 1851 τί
1726 1824 1795 1860 πρὸς
1815 1825 1897 1852 αὐτὸν

1116 1871 1232 1906 ἀντερεῖ.
1257 1870 1363 1906 Ἠρὲμα
1385 1870 1414 1897 δέ
1438 1878 1496 1901 πως
1511 1871 1566 1902 τοῖς
1589 1870 1706 1906 χείλεσιν
1720 1870 1868 1903 ὑπανοίξας
1883 1871 1898 1897 ό

1112 1916 1245 1948 Φίλιππος
1265 1915 1304 1951 τῷ
1323 1916 1450 1951 ἀρχιερεῖ
1469 1915 1569 1951 ἔφησεν
1589 1916 1697 1943 οὑτωσί·
1719 1915 1768 1943 Υἱὲ
1790 1916 1900 1950 ἀνθρὼ-

1113 1970 1189 1994 που,
1210 1962 1262 1988 ἵνα
1295 1961 1325 1988 τί
1359 1960 1479 1995 ἀγαπᾷς
1503 1963 1700 1996 ματαιότητα,
1725 1961 1774 1989 καὶ
1797 1961 1900 1994 λαλεῖς

1113 2007 1244 2042 ψεῦδος
1258 2007 1322 2033 Ἵνα
1334 2007 1362 2033 τί
1373 2006 1423 2033 ἐπὶ
1434 2007 1550 2042 ματαίῳ
1563 2007 1620 2041 τὴν
1630 2006 1756 2041 καρδίαν
1772 2014 1830 2034 σου
1845 2007 1898 2039 ,βα-

1110 2053 1231 2088 ρύνεις;
1249 2054 1291 2080 οὐ
1309 2052 1425 2088 χρυσοῦ
1440 2053 1481 2080 σὺ
1495 2052 1554 2080 τῶν
1569 2052 1713 2087 φυλάκων
1732 2053 1786 2086 τὰς
1801 2053 1899 2088 χεῷας

1113 2099 1252 2133 ἅπλησας
1261 2118 1269 2132 ,
1281 2099 1326 2132 εἰς
1339 2098 1374 2126 τὸ
1389 2097 1566 2126 πλάσασθαι
1580 2097 1635 2131 τῆς
1649 2097 1794 2131 ὲγέρσεως
1808 2105 1901 2125 συκο-

1114 2145 1264 2180 partior;
1280 2144 1337 2171 οὐκ
1358 2141 1441 2176 οἶδας
1455 2142 1492 2176 dc
1510 2142 1658 2170 ἐναπέθου
1675 2141 1843 2176 σφραγίδας
1860 2140 1902 2175 τῷ

1114 2190 1267 2226 μνήματι;
1281 2187 1372 2218 αὗταί
1388 2195 1447 2216 σου
1464 2189 1499 2216 ἐν
1523 2186 1619 2223 ἡμέρᾳ
1631 2186 1723 2222 ὀργῆς
1742 2187 1901 2222 στηλιτεῦ-

1114 2243 1207 2264 σουσι
1222 2235 1256 2262 τὸ
1271 2235 1420 2270 ἁνόμημα.

315 2290 363 2317 llis
378 2289 500 2324 pontifex
515 2289 643 2324 majorem
661 2289 687 2316 in
704 2289 814 2316 modum
835 2290 971 2322 turbatus,
985 2289 1062 2316 furo-

1151 2291 1243 2318 Ταῦτα
1261 2290 1306 2317 τὸν
1320 2289 1450 2326 ἀρχιερέα
1464 2289 1589 2326 μεγάλως
1605 2289 1754 2326 ἐτάραξαν·
1777 2289 1900 2325 θυμικῶς

280 2343 364 2372 reque
377 2336 486 2363 irruens
498 2339 528 2362 ut
544 2335 666 2370 apostolo
679 2343 775 2363 manus
787 2335 912 2367 inferret,
927 2343 984 2362 rem
997 2343 1065 2370 pra:-

279 2385 356 2408 stare
373 2387 428 2408 non
447 2379 548 2416 potuit.
566 2379 661 2407 Statim
680 2381 754 2407 enim
770 2381 830 2416 ejus
845 2381 955 2415 pltpillte
970 2381 1064 2408 oculo-

279 2433 341 2456 rum
362 2426 513 2454 obscuratzr.
534 2429 611 2456 sunt.
630 2433 662 2453 ac
682 2434 784 2461 corpus
804 2426 941 2461 reliquum
967 2426 1065 2453 inutile

279 2472 428 2500 redditum.
445 2472 508 2499 Visa
526 2480 570 2499 res
586 2472 748 2507 prmstigize,
765 2472 808 2499 his
824 2472 871 2507 qui
888 2472 1015 2500 aderant.
1031 2472 1066 2500 Ut

279 2523 370 2548 tamen
395 2520 423 2547 in
445 2520 599 2554 apostolum
624 2519 756 2554 impetum
782 2519 923 2552 fecerunt,
939 2520 1064 2555 ejusdem

279 2566 332 2601 ipsi
357 2566 488 2594 caecitatis
513 2566 665 2602 periculum
693 2570 879 2602 sumpserunt.
898 2566 976 2599 Quod
999 2573 1066 2593 vero

279 2612 420 2646 apostolus
440 2620 495 2639 non
515 2613 634 2640 nesciret
656 2613 766 2640 illorum
789 2612 1006 2640 incredulitatem
1034 2619 1066 2640 ac

279 2656 556 2691 .gnorantiam.quod
565 2657 605 2684 vis
613 2657 767 2684 daemonum
778 2656 805 2683 in
818 2656 872 2683 illis
882 2657 1065 2691 praepolleret,

278 2710 338 2730 eam
356 2703 384 2733 in
401 2710 458 2730 rem
476 2701 578 2737 ingenti
597 2703 699 2738 gemitu
718 2711 725 2729 :
743 2702 807 2735 Tua,
821 2702 944 2731 Domine.
961 2702 1065 2734 aiebat,

279 2750 443 2784 benignitas,
464 2749 522 2785 ipsa
546 2752 570 2775 te
593 2752 712 2780 moveat,
735 2756 877 2783 eorumque
898 2749 1066 2775 contritiones

278 2802 358 2826 sana,
371 2798 396 2821 et
412 2798 441 2820 ut
457 2797 482 2822 te
499 2798 643 2830 agnoscant
659 2794 829 2829 credantque,
842 2793 948 2821 illorum
965 2794 1069 2821 animos

279 2839 402 2866 immuta.

318 2883 339 2910 Ε
366 2884 447 2911 terris
473 2884 565 2919 itaque
590 2884 713 2919 apostolo
739 2883 893 2910 orationem
918 2883 1065 2916 fundente,

284 2927 390 2956 indulta
404 2936 420 2957 ο
432 2930 519 2963 cmlis,
532 2930 575 2959 bis
587 2931 633 2966 qui
646 2930 770 2966 percussi
784 2930 903 2963 fuerant,
918 2929 1022 2957 sanitas
1036 2937 1068 2957 ac

1114 2338 1142 2365 δὲ
1165 2337 1314 2373 διορμήσας
1338 2335 1557 2372 διαχειρίσασθαι
1584 2335 1629 2363 τὸν
1653 2336 1821 2369 ἀπόστολον,
1851 2336 1900 2362 οὑν

1114 2383 1244 2419 ἠδυνήθη.
1275 2381 1402 2417 Παρευθὺ
1433 2382 1488 2417 γὰρ
1512 2382 1541 2409 αἱ
1569 2382 1649 2416 κόραι
1672 2381 1727 2409 τῶν
1753 2381 1900 2417 ὀφθαλμῶν

1114 2429 1196 2456 αὐτοῦ
1220 2427 1483 2464 ἀπημαυρὼθησαν,
1505 2428 1554 2455 καὶ
1583 2429 1614 2455 τὸ
1636 2429 1793 2464 περίλοιπον
1817 2428 1897 2462 σῶμα

1114 2475 1250 2511 ἄχρηστον
1271 2474 1404 2509 ἐγεγόνει.
1432 2474 1500 2501 Τότε
1524 2475 1581 2507 τοῖς
1597 2474 1784 2510 παρατυχοῦσι
1799 2474 1830 2501 τὺ
1852 2482 1900 2509 γε-

1114 2520 1192 2555 γονὸς
1213 2520 1327 2555 γοητεία
1348 2520 1545 2556 προσεδοκᾶτο.
1565 2520 1662 2556 Ὅμως
1678 2521 1750 2547 κατὰ
1765 2520 1812 2547 τοῦ
1833 2520 1900 2547 ἀπο-

1115 2567 1208 2594 στόλου
1223 2567 1404 2602 ὁρμήσαντες,
1421 2567 1469 2594 καὶ
1486 2567 1563 2594 αὐτο)⁸
1580 2567 1630 2602 τῆς
1648 2567 1733 2602 αὐτῆς
1749 2566 1900 2602 πηρώσεως

1115 2612 1211 2646 πεῖραν
1223 2611 1329 2639 ἔλαϐον.
1349 2611 1420 2638 Ἀλλ’
1435 2610 1498 2637 ἐπεὶ
1510 2611 1561 2638 οὐκ
1571 2611 1696 2646 ἠγνοεῖτο
1707 2610 1746 2645 τῷ
1760 2610 1901 2646 ἀποστόλῳ

1115 2657 1133 2693 ὴ
1148 2657 1264 2684 ἀπιστία
1290 2657 1337 2684 καὶ
1359 2658 1376 2693 ἡ
1393 2657 1500 2691 ἄγνοια,
1524 2657 1565 2683 ὂτι
1588 2656 1748 2692 ἐπικράτεια
1767 2656 1901 2690 δαιμόνων

1115 2700 1203 2728 ἔνεστι
1221 2701 1343 2734 τούτοις,
1360 2701 1406 2727 ἐπὶ
1421 2701 1509 2736 τούτῳ
1522 2700 1643 2735 οῑμὼξας
1660 2700 1741 2735 μέγα,
1756 2699 1902 2732 Δυσωπή-

1116 2749 1182 2781 θητι
1197 2747 1257 2774 ὑπὸ
1275 2746 1331 2781 τῆς
1344 2746 1405 2781 σῆς
1419 2746 1612 2781 ἁγαθότητος,
1631 2746 1729 2780 Κύριε,
1746 2745 1834 2779 ἐλεγε,
1853 2745 1902 2770 καὶ

1115 2792 1288 2828 ἀμφοτέρων
1303 2793 1387 2820 latrat
1405 2792 1442 2819 τὰ
1453 2792 1670 2827 συντρίμματα,
1687 2791 1736 2818 καὶ
1751 2790 1826 2825 πρὸς
1844 2789 1902 2823 τὴν

1115 2839 1178 2872 σὴν
1193 2839 1357 2874 ἐπίγνωσιν
1370 2837 1482 2871 αὐτοὺς
1492 2837 1710 2872 μεταποίησον.

1151 2883 1281 2910 Κάτωθεν
1305 2883 1352 2911 οὖν
1376 2883 1424 2910 τοῦ
1447 2883 1596 2910 ἀποστόλου
1621 2882 1670 2918 τὴν
1691 2882 1775 2918 εὐχὴν
1792 2881 1899 2908 ποιοῦν-

1116 2938 1173 2963 τος,
1189 2930 1335 2965 οὐρανόθεν
1357 2931 1373 2966 ὴ
1393 2930 1476 2967 ρῶσις
1495 2930 1552 2962 τοῖς
1576 2929 1720 2965 πληγεῖσιν
1737 2928 1898 2966 ἐχαρίζετο·
