2078 3154
281 199 331 236 191

878 203 1024 234 NICE'l-‘IE
1042 201 1306 234 PAPHLAGONIS

1852 201 1904 234 192

280 258 482 294 vit.Validaque
497 261 657 293 tempestate
669 258 770 294 jactata
782 257 955 290 navl,lueida
972 257 1064 285 statim
1077 283 1080 287 λ

1131 256 1237 288 Αζωτρν
1249 255 1326 281 ἔπλει
1342 254 1404 290 νηὸς
1416 255 1513 287 ἐπιϐάς
1526 262 1534 270 ⁸
1550 256 1597 283 καὶ
1615 255 1734 291 σφοδρᾶς
1746 256 1902 290 καταιγίδος

279 305 371 333 crucis
393 305 478 340 ﬁgura
503 305 536 331 ab
563 304 621 339 ipso
645 305 754 340 navigio
775 304 870 331 atl'usis
894 304 1067 340 fulgoribus,

283 351 372 378 noctis
394 350 536 385 caliginem
558 349 697 376 lustravit.
714 349 836 384 Navique
858 344 1066 382 exscen'dentes,

279 397 313 423 ab
334 396 447 423 Azotide
468 395 585 430 quodam
611 395 639 422 in
663 394 878 422 mediterraneas
900 394 974 421 illius
996 394 1068 422 aedes

280 443 416 469 deductus
428 442 577 476 apostolus,
590 441 634 468 die
648 441 703 476 jam
719 441 745 468 in
759 448 899 475 vesperam
913 441 1068 472 desinente,

282 495 378 523 preces
392 487 572 522 producebat.
592 486 714 522 Hospitis
726 486 818 521 itaque
830 486 884 514 [ilia
898 495 983 522 prope
996 486 1071 514 fene-

282 537 367 560 stram
384 541 399 560 ο
416 533 509 560 vicino
529 537 620 566 stans,
637 534 710 560 oculi
726 534 821 561 dolore
838 533 1069 562 discruciabatur.

281 578 328 606 Sic
341 583 432 606 tamen
449 579 567 614 apostoli
580 579 672 606 verbis
686 580 824 607 lenocinio
836 580 953 615 quodam
968 581 1071 608 mulce-

281 625 373 658 batur,
390 630 421 652 ut
442 625 497 652 vim
524 626 609 661 ipsam
637 626 741 654 doloris
761 627 979 654 oblivisceretur.
996 627 1066 654 Tum

283 671 329 698 illa
345 671 379 698 ad
394 675 500 706 patrem
513 671 658 705 accedens,
669 672 742 699 oculi
757 672 889 706 probrum
903 680 964 700 eum
977 672 1072 700 dolore

283 717 463 751 conjunctum
482 718 687 752 expostulabat,
704 722 734 745 ut
751 719 831 754 cujus
848 719 919 746 serio
934 726 1000 746 cura
1016 726 1071 745 non

281 767 419 797 ageretur.
435 763 474 790 Ad
490 771 572 798 quam
590 769 667 798 pater
683 773 690 791 :
706 764 760 791 Pro
775 769 799 792 te
815 765 937 799 forsitan,
950 764 1019 798 ﬁlia,
1032 764 1073 791 vel

282 809 378 843 ipsam,
390 809 488 843 inquit,
500 808 580 835 libens
594 810 712 836 animam
725 818 890 844 eaponerem,
901 810 923 836 si
935 811 991 845 quis
1005 809 1073 836 oculi

284 856 322 881 tui
333 855 451 887 dedecus,
464 855 598 890 labemque
609 859 693 890 posset
706 855 818 890 auferre.
828 855 878 883 Cui
891 855 944 882 lilia
956 856 1073 891 gratiose

285 900 409 927 arridens
431 908 438 927 :
459 900 518 932 Est,
535 905 620 935 pater,
636 902 711 927 modo
727 900 800 933 velis,
814 901 858 936 qui
874 906 898 927 et
914 901 1031 927 dolorem
1049 905 1073 927 et

285 945 369 973 labent
381 954 476 972 curare
491 947 580 980 possit.
595 946 706 973 Ubinam
719 955 790 977 vero,
800 934 848 978 ait,
857 946 936 981 ﬁlia?
950 947 982 974 In
995 947 1076 973 medi-
1089 934 1112 963 Β

286 992 416 1018 terraueis
439 992 553 1024 ardibas,
570 992 713 1026 respondit
732 993 792 1025 illa,
814 1001 891 1028 quem
910 993 966 1019 heri
986 1001 1043 1019 sero
1062 1001 1075 1020 e

285 1038 390 1073 navigio
415 1038 485 1065 domi
505 1039 652 1073 suscepisti.
685 1038 799 1073 Moxque
823 1040 976 1074 apostolum
997 1039 1077 1075 jubet

286 1083 424 1110 accersiri.
437 1083 595 1118 Insertaque
611 1083 657 1118 qui
669 1084 820 1111 accersitus
833 1088 903 1116 erat,
917 1084 990 1114 dulci
1002 1084 1077 1111 veri-

287 1129 353 1156 tatis
365 1128 500 1161 doctrina,
512 1136 639 1156 sermone
652 1129 782 1156 deliuitos
796 1137 858 1156 cum
871 1129 945 1156 omni
957 1129 1072 1162 familia,

287 1174 424 1208 baptismo
438 1174 558 1202 intinxit.
571 1174 694 1209 Cumque
703 1175 792 1210 puella
806 1183 839 1202 ex
855 1180 933 1210 patre
942 1175 1014 1203 oculi
1024 1183 1073 1202 cu-

287 1220 422 1247 rationem
433 1220 600 1255 exquireret,
616 1221 654 1247 ait
671 1220 959 1255 apostolus:Sauandi
977 1230 1072 1248 munus

288 1266 334 1292 tibi
346 1267 472 1299 tribuam,
483 1268 632 1302 cunctisque
645 1268 689 1301 qui
702 1267 866 1302 baptismatis
882 1267 978 1294 donum
990 1276 1076 1294 susce-

287 1312 382 1347 perint.
392 1311 471 1339 Mane
481 1313 569 1347 itaque
579 1320 698 1347 surgens,
710 1321 724 1339 ο
737 1312 837 1348 puella,
849 1313 967 1340 invocato
979 1312 1075 1340 Christi

286 1358 401 1389 nomine,
417 1356 551 1384 laboranti
573 1357 647 1384 oculo
667 1366 776 1385 manum
796 1359 909 1394 impone,
926 1360 1076 1395 integerque

286 1412 318 1430 ac
331 1412 422 1437 sanus,
437 1405 481 1439 qui
496 1404 571 1431 lwsus
589 1407 637 1437 est,
651 1404 739 1431 oculus
755 1405 854 1432 evadet.
869 1405 946 1438 Quod
962 1413 1024 1432 cum
1040 1405 1076 1433 ita

285 1450 408 1480 fecisset.
419 1455 449 1477 ut
461 1450 589 1486 magister
600 1451 789 1483 adinonuerat,
798 1451 987 1486 aegritudinem
1000 1458 1077 1478 suam

287 1496 403 1524 curavit.
414 1496 474 1529 Quo
487 1504 521 1523 ex
535 1501 658 1530 tempore
670 1496 778 1531 sapiens
790 1496 941 1528 Charitina,
952 1496 1078 1531 adjutore

286 1546 365 1577 patre
387 1550 438 1569 suo
457 1541 597 1574 Nicolide,
614 1542 768 1576 apostolum
787 1545 882 1569 secuta
901 1546 943 1569 est
962 1549 1024 1569 cum
1043 1548 1077 1569 eo

287 1586 403 1615 laudans
416 1595 447 1614 ac
461 1588 629 1615 benedicens
642 1588 740 1614 Deum.

1119 301 1334 336 κλυδωνιζούσης
1356 300 1405 337 τὴν
1427 298 1504 334 ναῦν,
1523 302 1685 337 φωτοφανὴς
1703 301 1803 329 αὐτίκα
1824 310 1906 329 σταυ-

1121 348 1167 383 ροῦ
1182 348 1265 380 τύπος
1281 348 1326 374 ὑπ’
1341 347 1412 384 [ἀπ’]
1429 348 1513 384 αὐτῆς
1534 349 1585 383 τῆς
1605 348 1717 380 ὁλκάδος
1735 347 1786 383 τῆς
1808 348 1906 381 νυκτὸς

1120 394 1150 420 τὸ
1177 392 1295 428 ζοφῶδες
1312 393 1454 428 ἐπέλαμψε
1467 402 1475 409 ·
1496 394 1543 420 καὶ
1557 394 1709 426 ἀποϐάντες
1724 394 1772 421 τοῦ
1792 394 1885 421 πλοίου
1897 415 1906 428 ,

1120 439 1166 466 ὑπ’
1185 438 1329 471 Ἀζωτιδος
1341 439 1412 471 τινὸς
1424 440 1453 466 ἐν
1464 440 1602 475 μεσογαίῳ
1615 440 1746 475 οἰκήματι
1758 440 1908 476 καταχθεὶς

1120 485 1135 511 ό
1150 485 1309 517 ἀπόστολος,
1324 486 1374 521 τῆς
1391 485 1497 522 ἡμέρας
1517 485 1567 521 ἤδη
1583 485 1652 521 πρδς
1672 485 1791 521 ἑσπέραν
1812 485 1908 521 διαλη-

1121 531 1240 567 γούσης,
1256 531 1306 566 τὴν
1321 531 1403 566 εὐχὴν
1426 531 1581 567 παρέτεινε.
1610 532 1647 558 Τὸ
1668 531 1734 566 γοῦν
1762 531 1908 566 θυγάτριον

1121 577 1168 604 τοῦ
1181 577 1319 612 ξενοδόχου
1332 578 1361 604 ἐν
1374 576 1432 612 χρῷ
1445 577 1495 613 τῆς
1506 577 1640 612 σύνεγγυς
1653 577 1761 612 θυρίδος
1778 577 1909 604 καθιστάς

1124 631 1204 658 μενον
1216 643 1224 655 ,
1239 622 1358 650 ὠδυνᾶτο
1372 623 1418 650 τὸν
1433 622 1583 659 ὀφθαλμόν.
1603 622 1682 650 Οὕτω
1698 623 1727 650 δέ
1744 625 1799 655 τοῖς
1817 624 1909 658 λόγοις

1122 668 1168 694 τοῦ
1187 668 1336 695 ἀποστόλου
1354 667 1481 703 ήδύνετο,
1498 668 1536 700 ὡς
1553 668 1600 695 καὶ
1615 668 1647 695 τδ
1666 668 1716 703 τῆς
1730 668 1827 705 ὀδύνης
1848 671 1909 697 ἐπι-

1122 714 1262 741 λαθέσθαι.
1289 712 1355 741 Εῐτα
1374 714 1562 750 προσελθοῦσα
1576 715 1615 751 τῷ
1638 715 1731 751 οἰκείῳ
1747 716 1842 751 πατρὶ,
1861 716 1908 743 τοῦ

1123 760 1262 795 ὀφθαλμοῦ
1275 761 1324 795 τὴν
1337 760 1468 796 αἰσχύνην
1480 761 1528 788 σὺν
1542 762 1575 796 τῇ
1587 761 1678 797 ὀδύνῃ,
1692 761 1729 793 ὡς
1742 761 1910 797 ἀμεληθεῖσα

1124 806 1328 842 προσενεκάλει.
1350 806 1378 833 '0
1394 806 1422 833 δὲ
1438 806 1506 842 πρὸς
1521 807 1605 842 αὐτὴν
1616 827 1624 840 ,
1645 807 1736 842 Ὑπὲρ
1753 807 1810 835 σοῦ
1824 807 1909 842 τάχα,

1123 852 1240 884 τέκνον,
1257 852 1320 886 ἔφη,
1333 852 1488 887 προθύμως
1501 852 1540 879 ἂν
1556 852 1606 879 καὶ
1620 852 1677 886 τὴν
1694 853 1801 887 ψυχὴν
1813 853 1911 888 προτέ-

1122 907 1199 934 μην,
1215 899 1240 926 εί
1254 898 1307 925 τοῦ
1320 898 1377 925 σοῦ
1394 898 1551 932 ὀφθαλμοῦ
1565 898 1599 925 τὸ
1617 898 1756 932 δυσειδὲς
1780 898 1911 933 ήδύνατό

1126 953 1171 977 τις
1195 943 1425 978 διορθώσασθαι.
1455 945 1512 971 Καὶ
1538 945 1555 980 ή
1580 945 1646 976 παῖς
1670 944 1910 979 χαριεντιζομένη,

1125 990 1244 1022 Ἔστιν,
1260 989 1362 1023 πάτερ,
1376 990 1402 1016 εί
1412 989 1537 1023 βούλει,
1561 991 1578 1016 ό
1596 988 1651 1024 τῆς
1670 989 1781 1023 ὀδύνης
1797 989 1846 1016 καὶ
1858 989 1912 1016 τοῦ

1124 1036 1239 1068 πάθους
1261 1034 1456 1069 θεραπευτής.
1474 1035 1530 1062 Καὶ
1546 1035 1606 1062 ποῦ
1626 1034 1749 1067 τέκνον,
1774 1035 1844 1070 Eon;
1866 1035 1914 1062 Ἐγ

1125 1081 1165 1115 τῷ
1182 1081 1333 1117 μεσογαίῳ
1351 1082 1497 1116 οἰκήματι,
1515 1082 1532 1117 ἡ
1556 1082 1621 1113 παῖς
1639 1081 1799 1116 ἀντεπάγει,
1822 1081 1858 1108 ὃν
1877 1082 1912 1107 ἐκ

1126 1129 1180 1156 τοῦ
1195 1128 1304 1155 πλοίου
1325 1127 1362 1162 τῇ
1378 1128 1450 1162 χθὲς
1463 1127 1626 1162 ὀψιαθέντα
1640 1127 1841 1160 καθυπεδέξω.
1859 1127 1914 1154 Καὶ

1127 1174 1250 1209 παρευθὺ
1266 1174 1312 1200 τὸν
1330 1172 1479 1200 ἀπόστολον
1498 1173 1705 1209 προσκληθῆναι
1727 1172 1841 1200 κελεύει.
1860 1173 1915 1200 Καὶ

1126 1220 1232 1251 τούτοις
1246 1220 1292 1245 τὸν
1307 1219 1373 1253 ἡδὺν
1392 1219 1443 1253 τῆς
1459 1219 1590 1254 ἀληθείας
1612 1220 1627 1246 ὁ
1645 1218 1826 1255 προσκληθεὶς
1843 1219 1914 1245 ἐνει-

1130 1267 1246 1302 ράμενος
1262 1265 1352 1300 λόγον,
1376 1265 1486 1291 πανοικὶ
1506 1264 1676 1298 καταθέλξας
1699 1265 1841 1292 ἐδάπτισε.
1858 1264 1915 1299 Τῆς

1128 1312 1157 1339 δὲ
1181 1313 1284 1348 κόρης,
1309 1310 1356 1338 τοῦ
1384 1310 1524 1346 ὀφθαλμοῦ
1552 1311 1748 1346 ἐπιζητοῦντος
1773 1311 1823 1346 τὴν
1844 1310 1915 1337 ἴασιν

1128 1358 1176 1386 τοῦ
1192 1357 1295 1393 πατρὸς
1310 1358 1406 1392 αὐτῆς,
1424 1357 1476 1393 ἔφη
1499 1358 1513 1384 ὁ
1528 1357 1676 1389 ἀπόστολος
1688 1364 1695 1370 ·
1715 1356 1764 1384 Σοί
1782 1356 1841 1391 τὴν
1851 1357 1916 1383 ἐπι-

1130 1404 1250 1438 στήμην
1275 1403 1330 1437 τῆς
1355 1404 1458 1438 ὑγείας
1487 1402 1647 1437 χαρισομαι
1669 1403 1719 1430 καὶ
1749 1401 1825 1430 πᾶσι
1854 1401 1917 1434 τοῖς

1131 1449 1389 1484 προσδεξαμένοις
1415 1449 1449 1476 τὸ
1471 1449 1605 1484 χάρισμα
1623 1448 1677 1475 τοῦ
1693 1449 1914 1484 βαπτίσματος.

1130 1496 1244 1530 Πρωτας
1267 1495 1446 1526 ἀναστᾶσα.
1468 1492 1492 1522 ὦ
1512 1495 1604 1529 κόρη,
1628 1494 1668 1528 τῷ
1690 1494 1840 1530 πάσχοντι
1866 1495 1917 1529 όφ-

1131 1541 1233 1576 θαλμῷ
1258 1540 1312 1568 τὸν
1327 1540 1457 1575 Χριστὸν
1470 1540 1650 1575 ὀνομάσασα
1673 1540 1727 1574 τὴν
1753 1539 1836 1575 χεῖρα
1851 1540 1917 1567 ἐπι-

1131 1587 1192 1618 θες,
1209 1585 1258 1612 καὶ
1274 1585 1374 1620 ἄρτιος
1396 1586 1412 1612 ό
1429 1585 1640 1620 βεϐλημμένος
1661 1585 1813 1620 ὀφθαλμὸς
1828 1585 1916 1620 γενή-

287 1640 383 1660 σεται.
396 1632 488 1665 Οὕτως
501 1634 518 1668 ή
535 1633 671 1668 μαθήτρια
686 1633 824 1667 ποιήσασα
835 1631 873 1664 ὼς
887 1632 901 1658 ὀ
915 1631 1074 1663 διδάσκαλος
1090 1630 1220 1663 ὑπέθετο,
1244 1630 1275 1656 τὸ
1295 1631 1394 1656 οἰκεῖον
1423 1629 1591 1665 ἐθεράπευσε
1616 1629 1712 1662 πάθος.
1738 1630 1793 1657 Καὶ
1824 1630 1917 1657 ἔκτοτε

287 1681 305 1716 ἡ
325 1679 393 1715 σοφὴ
412 1680 557 1715 Χαριτίνα,
579 1679 721 1715 συνεργείᾳ
737 1678 784 1706 τοῦ
805 1680 908 1715 πατρὸς
943 1679 1027 1713 αὐτῆς
1049 1678 1232 1712 Νικολείδους,
1261 1677 1361 1709 ὀπαδὺς
1375 1677 1422 1704 τοῦ
1451 1678 1602 1705 ἀποστόλου
1637 1678 1756 1712 ἐγένετο,
1772 1677 1919 1711 δοξάζουσα

289 1728 339 1756 σὺν
354 1726 428 1762 αὐτῷ
441 1727 488 1754 καὶ
503 1727 651 1761 εὐλογοῦσα
667 1726 712 1753 τὸν
726 1727 802 1755 Θεόν.

324 1774 444 1802 Veniens
463 1778 554 1801 autem
573 1774 714 1808 apostolus
732 1773 876 1809 Philippus
896 1773 1080 1809 Hierapolim,

1168 1773 1224 1808 Τὴν
1241 1773 1270 1799 δέ
1295 1773 1446 1808 Ἰεράπολιν
1459 1771 1622 1800 καταλαὸὼν
1636 1773 1650 1799 ὁ
1663 1771 1811 1804 ἀπόστολος
1827 1771 1923 1798 Φίλιπ-

290 1819 421 1847 monebat
440 1819 486 1854 qui
508 1823 588 1846 erant
607 1820 731 1852 comites,
745 1827 780 1846 ne
801 1820 1000 1847 tentationibus
1019 1819 1081 1846 ani-

291 1872 366 1891 mum
387 1864 598 1898 desponderent.
614 1865 687 1891 inter
708 1872 769 1899 qua:
789 1864 924 1900 indigena:
944 1869 974 1891 ut
994 1864 1083 1899 impo-

292 1915 393 1937 storem
417 1909 480 1937 dolo
506 1918 607 1937 necare
629 1910 776 1942 volebant,
798 1918 834 1938 ne
861 1910 967 1938 scilicet
988 1917 1083 1937 eorum

292 1962 404 1987 uxores,
418 1955 495 1982 velut
513 1956 596 1982 etiam
616 1956 733 1983 aliorum
754 1956 916 1986 multorum.
929 1955 1083 1983 seduceret.

293 2000 408 2034 Quidam
428 2008 494 2028 vero
516 2001 612 2035 Heres,
630 2002 747 2037 ingenua
768 2010 826 2037 pra:
845 2001 960 2036 reliquis
978 2001 1085 2030 civibus

294 2046 418 2078 fortuna,
432 2048 586 2081 apostolum
599 2055 633 2075 ne
645 2048 814 2082 lapidaretur
827 2047 939 2075 liberari
953 2048 1083 2080 studens,

296 2094 324 2120 in
344 2094 401 2120 [nec
422 2093 479 2121 fere
498 2095 581 2121 verba
608 2094 714 2122 sodales
733 2094 923 2130 probabilibus
944 2102 1086 2130 aggressus

297 2143 349 2166 est.
364 2139 418 2166 Viri
440 2140 516 2172 cives,
529 2149 615 2166 meum
637 2140 774 2167 consilium
796 2140 901 2167 nosrite.
917 2139 991 2167 Nihil
1013 2140 1085 2167 nobis

297 2186 425 2221 injustam
440 2195 499 2213 cum
518 2187 654 2222 peregrino
671 2187 721 2214 ista
738 2187 841 2214 homine
859 2195 868 2214 :
887 2186 947 2220 sed,
959 2187 983 2213 si
1000 2186 1085 2218 lubet,

298 2232 371 2258 illius
384 2232 563 2259 examinentus
579 2232 736 2264 doctrinam,
750 2240 813 2258 num
828 2232 863 2259 ad
878 2233 961 2259 animi
973 2232 1087 2259 salutem

301 2277 401 2313 aliquid
425 2279 552 2314 conferat.
573 2279 641 2306 Cum
665 2286 746 2306 nemo
770 2279 852 2307 Heroi
878 2280 995 2316 (quippe
1020 2287 1086 2308 vero

301 2322 415 2357 illustri)
431 2324 620 2352 contradicere
632 2332 716 2352 ausus
730 2330 812 2358 esset,
826 2326 933 2360 primus
950 2326 1007 2360 ipse
1022 2333 1088 2361 apo-

301 2369 364 2396 stoli
394 2370 479 2405 pedes
505 2371 682 2405 complexus,
707 2376 832 2398 sanctum
859 2371 974 2407 rogabat
1000 2376 1030 2399 ut
1059 2371 1086 2399 in

301 2414 413 2442 domum
437 2424 514 2443 suam
536 2416 696 2445 diverteret.
717 2417 850 2452 ingressis
873 2417 943 2449 illis,
962 2417 1088 2445 Marcella

302 2460 400 2489 llerois
417 2469 484 2489 uxor
504 2462 640 2498 indignari
659 2463 791 2491 adversus
807 2462 911 2495 virum,
923 2463 1088 2499 divortiique

301 2506 424 2534 libellum
440 2508 549 2540 otl'erre,
561 2513 629 2536 etut
641 2509 692 2536 dos
705 2510 739 2536 ad
756 2509 844 2544 ipsam
857 2513 1022 2542 revertatur,
1034 2509 1086 2537 nisi

303 2551 327 2578 is
349 2552 505 2588 Philippum
528 2554 610 2581 domo
631 2555 737 2590 cjiciat,
759 2556 832 2583 serio
853 2563 962 2591 rogare.
982 2555 1087 2584 Videns

303 2639 418 2680 {tantum
432 2647 558 2680 _venertt,
574 2641 743 2680 Charitinam
755 2650 830 2680 cum
856 2647 976 2680 patreet
986 2643 1089 2680 familia

302 2675 413 2714 Christo
432 2676 589 2714 lucraturus
597 2678 777 2714 [Sequenda
791 2675 875 2705 etiam
891 2679 925 2706 de
938 2678 1088 2714 Hierapoli.

305 2710 375 2738 forte
399 2716 528 2749 spectent
552 2712 586 2749 ad
609 2710 773 2747 Hierapolim
789 2714 901 2749 rSyriae,
925 2710 1091 2741 itinere’de—

305 2746 498 2786 cem_dieruin
525 2755 545 2786 a_
573 2746 719 2786 Qamaseo,
755 2746 852 2775 urbem
885 2749 1008 2786 arcliiep.
1040 2749 1091 2786 sub

307 2781 462 2817 patriarcha
484 2782 674 2814 Antiocheno,
703 2781 786 2809 tinam
810 2791 843 2810 ex
867 2781 1014 2817 praeipuis
1041 2784 1093 2811 im-

307 2816 377 2854 perii
407 2816 528 2854 Turciei.
544 2817 593 2854 ubi
618 2817 709 2854 tantis
729 2818 784 2844 illis
808 2819 931 2854 patratis,
953 2816 981 2845 in
1005 2819 1092 2854 Phry-

307 2849 380 2884 giam
392 2856 421 2878 et
434 2851 597 2888 Lycaoniam
617 2853 744 2888 venerit,
758 2849 864 2888 iiut-hic
882 2849 999 2885 dicitur;
1017 2849 1094 2888 post-

310 2892 387 2925 remo
406 2892 612 2914 consummatus
638 2887 935 2925 llierapoliuPhrygim,
957 2887 1094 2923 qua’om-

312 2922 389 2947 nium
415 2926 524 2957 recepta
540 2922 675 2950 sententia
700 2926 752 2951 est.
778 2922 850 2956 llaec,
860 2922 997 2958 quantum
1019 2931 1094 2952 asse-

1134 1828 1194 1851 πος,
1211 1819 1333 1846 ἐδίδασκε
1349 1819 1412 1851 τοὺς
1427 1819 1626 1853 συνεπομένους
1642 1818 1716 1855 αὐτῷ
1733 1817 1770 1853 μὴ
1793 1818 1920 1845 ἐκκακεῖν

1133 1866 1191 1896 τοῖς
1214 1866 1388 1900 πειρασμοῖς.
1413 1865 1467 1891 Kal.
1482 1865 1529 1891 ἐπὶ
1554 1864 1642 1899 τούτῳ
1666 1865 1690 1891 οἱ
1706 1864 1833 1900 ἐγχώριοι
1848 1863 1921 1890 δολο-

1134 1910 1252 1946 φονῆσαι
1271 1911 1364 1938 τοῦτον
1388 1911 1528 1937 ἐϐούλοντο
1540 1910 1578 1942 ὡς
1603 1910 1761 1942 ἀπατεῶνα,
1786 1909 1920 1945 προφάσει

1137 1956 1174 1992 μὴ
1190 1957 1299 1988 καὶτὰς
1314 1957 1405 1984 αὐτῶν
1419 1958 1553 1992 γυναῖκας
1568 1956 1752 1993 ἀπατηθῆναι,
1770 1956 1862 1991 ὥσπερ
1877 1955 1923 1982 καὶ

1135 2004 1223 2032 ἄλλων
1240 2003 1356 2031 πολλῶν.
1379 2003 1474 2039 Ἥρως
1491 2003 1520 2030 δέ
1534 2012 1588 2036 τις,
1606 2002 1661 2030 τῶν
1679 2002 1795 2030 πολιτῶν
1810 2002 1858 2037 τὴν
1874 2000 1923 2028 τύ-

1135 2058 1187 2086 χην
1201 2049 1422 2085 αἱδεσιμώτερος,
1438 2049 1535 2083 ἐξᾶραι
1555 2048 1640 2076 θέλων
1656 2048 1703 2075 τοῦ
1729 2047 1861 2083 λιθασμοῦ
1878 2047 1924 2073 τὸν

1135 2095 1284 2123 ἀπόστολον
1297 2115 1304 2128 ,
1320 2095 1389 2130 πρὸς
1402 2095 1466 2126 τοὺς
1483 2095 1532 2121 σὺν
1552 2092 1627 2128 αὑτῷ
1641 2093 1904 2128 πιθανολογούμενος
1914 2113 1923 2125 ,

1136 2141 1207 2168 οὕτω
1219 2149 1278 2172 πως
1290 2139 1352 2176 ἔφη·
1373 2140 1494 2174 Ἄνδρες
1509 2139 1639 2171 πολῖται,
1653 2139 1686 2166 τὸ
1699 2139 1750 2166 ὑπ’
1765 2139 1838 2173 ἐμοῦ
1847 2139 1924 2171 ,ϐου-

1136 2187 1303 2221 λευόμενον
1327 2185 1447 2221 μάθετε,
1466 2185 1570 2218 Μηδὲν
1594 2185 1668 2219 ἡμῖν
1683 2185 1790 2212 ἄδικον
1809 2185 1861 2212 καὶ
1885 2184 1925 2217 τῷ

1137 2232 1213 2264 ξένῳ
1232 2231 1319 2266 ἀνδρί
1330 2238 1337 2246 ·
1355 2231 1423 2258 ἀλλ’
1443 2232 1468 2258 ει
1487 2231 1578 2265 δοκεῖ,
1595 2231 1653 2265 τὴν
1673 2231 1766 2258 αὑτοῦ
1780 2231 1925 2259 διδασκα-

1136 2279 1208 2306 λίαν
1228 2278 1455 2313 δοκιμάσωμεν,
1471 2278 1532 2313 εἴτε
1551 2279 1594 2312 εὶς
1613 2277 1750 2313 ψυχικὴν
1771 2278 1926 2312 περιποίη-

1137 2333 1190 2352 σιν
1212 2325 1307 2352 ἔσται.
1328 2325 1384 2352 Καὶ
1409 2325 1447 2357 ὼς
1470 2325 1599 2361 ἐπισήμῳ
1620 2325 1659 2361 τῷ
1679 2325 1769 2360 ’Ἦρωῖ
1789 2325 1926 2352 ἀντειπεῖν

1137 2370 1187 2397 οὐκ
1210 2370 1372 2405 ἐτόλμησαν,
1390 2370 1438 2397 καὶ
1464 2370 1546 2403 αὐτὸς
1569 2371 1676 2407 πρῶτος
1693 2371 1748 2398 τῶν
1767 2370 1855 2397 ποδῶν
1877 2369 1925 2397 τοῦ

1138 2416 1289 2443 ἀποστόλου
1304 2416 1472 2452 δραξάμενος
1483 2438 1491 2450 ,
1509 2417 1643 2444 ἐδυσώπει
1666 2417 1713 2444 τὸν
1727 2416 1804 2451 ἅγιον
1823 2417 1863 2448 εἰς
1877 2416 1927 2451 τὴν

1140 2463 1228 2490 οἰκίαν
1249 2463 1333 2490 αὑτοῦ
1356 2463 1518 2492 καταλῦσαι.
1539 2464 1594 2491 Καὶ
1607 2463 1769 2498 ἀμφοτέρων
1792 2463 1926 2497 ἀφικομέ-

1140 2518 1203 2542 νων,
1216 2510 1364 2546 Μάρκελλοι
1374 2511 1391 2545 ἡ
1403 2510 1451 2536 τοῦ
1462 2510 1571 2545 Ἥρωος
1582 2509 1690 2545 γαμετὴ
1703 2509 1844 2544 ἐδυσφόρει
1858 2509 1928 2536 κατὰ

1139 2555 1187 2582 τοῦ
1205 2555 1344 2589 συνεύνου,
1359 2555 1437 2584 λύσιν
1461 2556 1509 2583 τοῦ
1534 2556 1703 2584 συνοικεσίου
1724 2555 1843 2590 ζητοῦσα
1859 2555 1925 2591 (42),

1143 2644 1190 2679 qui
1201 2644 1276 2677 licet,
1295 2645 1323 2672 in
1335 2652 1364 2672 re
1373 2644 1412 2672 sic
1420 2645 1542 2680 antiqua,
1557 2645 1687 2679 nulloque
1701 2649 1834 2679 praeterea
1851 2649 1928 2672 certo

1144 2684 1213 2707 teste
1229 2680 1422 2714 comprobata:
1448 2687 1604 2714 quanquam
1629 2680 1702 2707 favet
1726 2680 1793 2707 illud
1813 2680 1847 2707 de
1864 2680 1929 2707 Phi-

1143 2715 1219 2749 lippo
1247 2714 1373 2746 diacono,
1393 2714 1440 2749 qui
1464 2715 1504 2742 sic
1519 2715 1656 2749 baptizato
1686 2715 1713 2742 in
1729 2716 1772 2743 via
1799 2715 1928 2742 eunucho

1144 2749 1278 2777 Candacis
1290 2750 1390 2785 regina:
1399 2750 1569 2785 Ethiopum,
1585 2749 1651 2777 dum
1673 2751 1776 2779 rediret
1799 2751 1927 2782 Azotum,

1146 2792 1162 2812 ιι
1187 2785 1292 2820 Spiritu
1318 2790 1419 2821 raptus
1438 2790 1490 2818 est,
1511 2785 1571 2812 Aet.
1593 2793 1653 2817 vni,
1681 2786 1733 2818 27;
1751 2786 1824 2821 quod
1848 2793 1930 2819 argu-

1147 2826 1240 2847 mento
1256 2824 1308 2851 est.
1318 2820 1403 2848 fuisse
1414 2820 1473 2848 loca
1495 2820 1561 2848 satis
1588 2821 1687 2852 vicina,
1706 2829 1766 2855 quae
1780 2821 1819 2848 sic
1836 2821 1928 2847 conti-

1147 2862 1202 2891 nue
1218 2855 1360 2891 Philippus
1386 2855 1526 2891 apostolus
1549 2856 1671 2891 potuerit
1688 2856 1780 2884 divina
1797 2855 1930 2891 praedica-

1148 2890 1223 2916 tione
1234 2890 1362 2917 lustrare.

1185 2924 1240 2959 (42)
1264 2925 1362 2952 Λύσιν
1390 2926 1442 2954 τοῦ
1461 2926 1655 2954 συνοικεσίου
1671 2925 1810 2959 ζῆτοῦσα.
1835 2924 1931 2958 Quan-
