2078 3154
160 139 211 171 193

544 137 685 168 ORATIO
703 138 755 167 1X.
770 149 804 156 ·-·’
821 138 862 168 ΙΝ
882 139 1040 170 LAUDEM
1056 140 1086 171 S.
1107 137 1277 170 PHILIPPI
1296 138 1423 170 APOST.

1737 137 1789 172 194

157 200 203 225 καὶ
222 197 272 232 τὴν
296 194 478 231 ἀντιστροφὴν
493 194 543 229 τῆς
560 195 683 229 προικὸς,
701 196 726 221 εί
743 195 781 230 μὴ
796 195 846 231 τῆς
860 195 949 228 οίκίας

1003 197 1093 233 itaque
1116 197 1256 232 apostolus
1276 197 1341 224 inde
1373 197 1465 224 animo
1486 195 1614 229 anxium,
1630 200 1662 224 ut
1685 196 1713 224 in
1736 197 1789 225 ﬁde

157 243 210 276 ἔξω
223 241 315 278 βάλλει
332 241 377 267 τὸν
393 240 536 267 Φίλιππον.
557 240 633 267 Ἐπεὶ
645 240 675 266 δὲ
689 240 835 275 ἐναγώνιον
848 242 862 268 ὁ
878 241 947 269 ἀπό-

157 289 251 320 στολος
273 288 319 315 τὸν
343 287 441 322 Ἤρωα
466 287 603 322 ἑωράκει,
633 286 714 313 αὑτὸν
741 287 949 323 παρεθάρρυνεν

156 335 297 369 ἐπιμένειν
311 336 345 370 τῇ
364 334 466 360 πίστει.
482 332 568 364 Αὐτὸς
582 333 610 359 δὲ
624 333 786 368 γονυκλίνας
798 334 846 361 καὶ
861 343 949 369 προσ-

157 381 315 415 ευξάμενος,
339 379 389 414 τὴν
412 379 467 414 πρὸ
482 378 581 414 μικροῦ
605 379 833 414 χαλεπαίνουσαν,
864 380 949 407 ίκέτιν

156 427 204 454 τοῦ
219 426 320 462 ταύτης
336 426 433 461 ἀνδρὸς
455 426 674 461 παρεσκεύασεν,
698 424 735 454 Ὦ
754 426 825 461 ἆνερ
839 427 950 462 γλυκύ-

156 481 237 506 rate,
251 473 381 507 λέγουσα,
402 471 496 500 πόθεν
511 473 527 499 ὀ
540 473 713 506 θαυμαστὸς
731 471 819 505 οὗτος
832 473 949 508 ἐγένετο

155 520 333 554 ἀνθρωπος;
357 519 407 552 Ὧς
425 517 504 552 ἡδὺς
520 519 537 545 ὁ
549 518 657 546 τούτου
672 519 764 553 λόγος
788 520 837 546 καί
855 520 876 553 ἡ
890 519 950 546 τῶν

154 565 234 600 ἠθῶν
250 564 456 597 κατάστασις]
466 564 606 599 Μεγάλου
617 564 701 596 Θεοῦ,
715 565 730 591 ὁ
744 565 838 600 Ἥρως
853 565 949 601 ἔφησε,

156 610 361 645 καταγγελεὺς
384 608 483 642 οὗτος,
498 607 522 637 ὦ
537 610 635 645 γύναι,
655 610 704 637 καί
723 611 843 638 αίωνίου
856 611 948 643 ,βασι-

156 656 242 688 λείας
269 654 457 689 προξενητής
468 663 475 670 ·
494 654 545 681 καὶ
561 655 589 681 εί
610 654 708 687 δοκεῖ,
727 654 949 690 ἀνενδοιάστως

157 701 373 736 προσέλθωμεν
388 700 430 733 τῷ
443 701 552 728 τούτου
574 700 635 734 Θεῷ
645 709 653 717 ·
669 701 717 728 καὶ
730 701 813 736 ἄμφω
826 710 949 737 προσπεο

997 247 1127 271 constans
1147 247 1340 278 perseveraret
1358 243 1504 270 excitabat.
1521 242 1590 270 Tum
1615 243 1672 277 ipse
1692 243 1788 278 positis

996 289 1112 324 genibus
1141 297 1238 321 orans,
1263 297 1323 316 eam
1350 297 1411 324 ane
1440 289 1522 323 paulo
1550 293 1614 315 ante
1640 289 1785 323 indignans

997 335 1184 370 obstrepebat,
1198 335 1258 361 viro
1273 335 1423 369 supplicem
1445 334 1520 362 fecit.
1540 333 1561 361 0
1576 335 1615 361 vir
1630 334 1788 368 dulcissime,

997 381 1103 414 aiebat,
1118 381 1187 408 unde
1206 382 1276 408 venit
1290 380 1420 408 mirabilis
1437 381 1477 407 hic
1490 381 1586 407 homo?
1601 381 1687 413 Quum
1703 390 1789 408 suavis

998 427 1072 454 illius
1084 436 1170 454 sermo
1183 435 1336 462 morumque
1349 428 1518 454 constitutio!
1530 427 1620 462 Magni
1632 427 1689 459 Dei,
1701 428 1792 454 aiebat

1001 473 1106 504 Heras,
1127 481 1142 499 ο
1164 472 1272 504 mulier,
1296 473 1403 499 nuntius
1428 477 1465 498 est
1491 480 1521 498 ac
1545 479 1645 506 prwco,
1668 473 1792 506 regnique

1000 518 1111 546 ctelestis
1135 519 1250 554 parandi
1273 523 1373 546 auctor.
1392 519 1443 552 Ac,
1461 519 1483 545 si
1506 518 1582 550 libet,
1599 519 1665 544 citra
1688 526 1792 545 omnem

1000 564 1190 592 dubitationem
1205 564 1359 591 accedamus
1373 563 1445 590 illius
1462 564 1533 596 Deo;
1551 564 1686 598 amboque
1701 564 1790 598 proci-

1001 610 1099 639 dentes
1116 611 1250 646 apostolo,
1267 610 1503 646 regenerationem
1522 618 1583 645 qum
1603 618 1638 637 ex
1660 618 1730 645 aqua
1750 614 1792 637 est

1001 661 1030 685 et
1052 656 1168 692 Spiritu,
1184 657 1325 692 accipiunt
1344 664 1406 684 cum
1430 660 1485 684 tota
1503 656 1596 683 domo.
1613 655 1673 689 Quo
1690 658 1791 683 tactum

1001 707 1054 736 est,
1066 708 1098 731 ut
1109 707 1138 730 et
1150 702 1235 730 vicini
1250 702 1329 730 multi
1344 702 1378 729 ad
1392 702 1539 729 Dominqu
1552 701 1710 728 transirent.

157 751 250 782 σὸντες
266 749 417 784 ἁτποστὸλῳ,
433 749 544 776 πανοικὶ
557 749 724 785 λαμβάνουσι
741 749 791 786 τὴν
807 749 836 783 ἐξ
849 749 945 782 ὕδατος
963 750 1010 777 καὶ
1034 750 1194 786 Πνεύματος
1218 750 1409 786 ἀναγεννησιν.
1434 749 1482 776 Ἐκ
1511 749 1540 775 δὲ
1571 748 1675 781 τούτου,
1700 747 1794 775 πολλοὶ

155 795 207 831 τῆς
223 794 388 830 περιοικίδας
405 795 474 830 πρὸς
488 795 591 831 Κύριον
610 796 802 831 μετετάξαντο.

199 841 269 867 Ἀλλ’
291 842 306 867 ὁ
321 840 372 876 τῆς
390 840 491 872 κακίας
514 840 675 876 ὲφευρετὴς,
689 841 727 873 ὡς
743 841 839 867 ἑαυτὸν
855 841 942 876 ἡττώ-

1029 841 1132 870 Verum
1149 841 1261 869 malitiae
1276 844 1383 873 auctor,
1403 844 1434 867 ut
1447 847 1477 868 se
1490 839 1564 867 vinci
1578 840 1658 872 vidit,
1673 848 1792 876 suosque

159 895 240 923 μενον
255 885 319 918 εἶδε,
333 886 382 913 καὶ
399 887 462 917 τοὺς
475 887 572 913 ἑαυτοῦ
587 886 639 912 ὑπὸ
651 886 698 913 τοῦ
713 887 864 914 ἀποστόλου
883 887 951 920 ὲξω-

156 933 334 968 γρημένους,
363 931 538 967 πυρπολῆσαι
564 931 614 967 τὴν
644 932 733 959 οίκίαν
760 933 808 960 τοῦ
842 932 950 968 Ἥρωος

156 980 262 1014 ἤγειρε.
280 978 337 1004 Καὶ
350 978 432 1012 γνοὺς
447 977 487 1012 τῷ
509 977 647 1014 πνεύματι
662 979 676 1005 ὁ
690 978 850 1011 ἀπόστολος,
869 979 950 1014 ἀτρό-

159 1031 217 1058 μως
241 1023 327 1055 ἔξεισι
342 1022 411 1057 πρὸς
426 1022 525 1053 αὐτούς
537 1030 544 1037 -
560 1022 589 1048 ὃν
611 1022 758 1058 ἀνημέρως
777 1024 951 1058 ὲπικαυχῶν-

157 1077 214 1102 τες,
230 1069 271 1100 είς
283 1068 314 1095 τὺ
326 1068 482 1095 δικαστικὸν
495 1067 688 1104 βουλευτήριον
700 1069 814 1104 ἤγαγον.
837 1069 950 1104 Ἐμὸρι-

158 1114 212 1146 θῶς
236 1114 265 1140 δὲ
288 1114 328 1149 τῷ
359 1113 502 1149 ἀποστόλῳ
533 1113 711 1149 Ἀρίσταρχος
731 1114 745 1140 ὁ
767 1113 882 1149 ἔξαρχος
902 1114 950 1141 τοῦ

159 1160 352 1196 βουλευτηρίου
379 1160 518 1196 προσχὼν,
542 1158 614 1187 Οἷδὰ
627 1168 665 1187 σε
676 1159 741 1193 ταῖς
749 1161 889 1196 μαγείαις
903 1161 951 1188 ὲν-

157 1207 374 1241 αϐρυνόμενον,
391 1206 467 1240 ἔλεγε
479 1214 486 1222 “
503 1205 573 1234 ἀλλ’
585 1207 610 1234 εί
623 1206 666 1241 μὴ
678 1207 865 1241 ἀποθέμενος
880 1208 951 1235 ταύ-

159 1261 213 1285 τας
231 1252 288 1286 ἔσῃ
300 1272 308 1284 ,
332 1251 471 1287 λιθασμῷ
494 1251 589 1286 πικρῷ
605 1259 642 1278 σε
664 1252 816 1280 ἀπολέσω.
835 1253 873 1280 Τὰ
897 1253 952 1288 γὰρ

160 1299 227 1333 περὶ
245 1299 299 1326 τοῦ
312 1297 538 1332 σταυρωθέντος
555 1298 629 1325 Θεοῦ
644 1304 704 1326 σου
728 1299 874 1333 εὐκαίρως
886 1299 951 1326 ἐπι-

161 1344 340 1379 ζητήσομεν,
356 1344 442 1379 λέγει,
458 1344 507 1371 καὶ
520 1344 571 1380 τῆς
585 1344 771 1380 ἀποστολικῆς
784 1345 953 1381 δραξάμενος

161 1390 269 1425 κόμης,
293 1389 373 1416 ὠθῶν
397 1389 479 1417 αὑτὸν
497 1390 747 1426 προσεπηλάκιζεν.
774 1391 952 1427 Ἀριστάρχου

161 1436 192 1462 δὲ
208 1436 238 1462 τὸ
255 1436 373 1463 ἄτακτον
387 1436 650 1471 ὲπιτεχνευσάμενος
666 1436 842 1472 σωφρονῆσαι
865 1437 880 1463 ὁ
899 1445 953 1472 μα-

163 1483 261 1516 κάριος
275 1482 421 1513 Φίλιππος,
440 1481 505 1513 ἴσως
521 1481 568 1508 καὶ
586 1482 631 1509 διὰ
646 1482 710 1514 τοὺς
727 1483 952 1518 παρατυγχάνον-

1001 887 1158 923 apostolicis
1175 892 1270 922 captos
1287 887 1410 914 cassibus
1429 886 1566 921 cognovit,
1581 890 1611 913 ut
1631 886 1727 914 ilerois
1742 887 1792 913 do-

1000 940 1076 960 mum
1096 933 1276 960 incenderent
1290 933 1430 960 excitavit.
1447 932 1517 959 Tum
1536 931 1676 967 apostolus
1695 933 1792 967 spiritu

1001 987 1060 1007 rem
1075 979 1243 1015 intelligens,
1256 979 1290 1006 ad
1304 986 1353 1006 eos
1365 979 1519 1014 intrepidus
1532 978 1564 1005 iit
1580 987 1586 1005 :
1602 986 1682 1013 quem
1697 978 1794 1005 imma-

1001 1024 1076 1052 niter
1089 1024 1258 1056 insultando,
1275 1024 1309 1051 ad
1327 1024 1431 1051 curiam
1451 1023 1628 1058 tribunalque
1643 1023 1792 1050 duxerunt.

1001 1070 1160 1104 Aspereque
1175 1077 1208 1096 ac
1223 1069 1368 1096 minaciter
1383 1068 1508 1103 apostolo
1535 1068 1711 1095 Aristarchus
1725 1076 1795 1102 pra:-

1001 1115 1090 1143 fectus
1104 1116 1189 1142 curite
1205 1123 1310 1150 praeses
1326 1124 1333 1142 :
1349 1115 1416 1142 Novi
1432 1119 1466 1147 te,
1481 1114 1582 1146 aiebat,
1596 1115 1690 1149 magia:
1708 1115 1794 1140 virtu-

1002 1161 1069 1188 tibus
1084 1160 1209 1197 gloriari;
1225 1165 1263 1193 at,
1279 1162 1329 1188 nisi
1343 1169 1388 1188 eas
1402 1161 1539 1197 abjeceris,
1558 1161 1651 1188 acerbo
1668 1165 1692 1187 te
1709 1161 1794 1188 imbre

1003 1206 1122 1240 lapidum
1140 1206 1260 1242 perdam.
1281 1205 1346 1238 Qum
1367 1207 1435 1234 enim
1457 1206 1492 1232 ad
1510 1206 1594 1232 Deum
1616 1210 1691 1232 tuum
1709 1206 1794 1233 cruci-

1001 1251 1086 1285 ﬁxum
1112 1256 1245 1288 spectant,
1267 1256 1414 1287 opportune
1441 1252 1665 1285 exntninabimus,
1688 1252 1794 1286 inquit,

1003 1305 1135 1333 comaque
1142 1298 1344 1333 apprehensum
1360 1299 1512 1333 apostolum
1526 1319 1533 1330 ,
1542 1298 1655 1325 trudens
1669 1299 1796 1334 suggilla-

1002 1343 1060 1371 bat.
1076 1343 1196 1371 Studens
1213 1348 1304 1370 autem
1319 1344 1362 1370 vir
1377 1343 1473 1370 beatus
1500 1343 1653 1371 Aristarchi
1671 1343 1794 1370 insolcn~

1003 1391 1070 1417 tiam
1083 1390 1226 1425 castigare,
1241 1389 1311 1418 forte
1326 1397 1390 1417 vero
1404 1390 1487 1417 etiam
1501 1393 1614 1424 propter
1625 1397 1672 1417 eos
1685 1390 1731 1425 qui
1746 1390 1795 1417 ad-

1003 1440 1093 1468 erant,
1109 1443 1141 1463 ut
1157 1436 1344 1471 intelligerent
1358 1436 1479 1471 potentis
1494 1435 1542 1463 Dei
1556 1444 1620 1463 eum
1635 1436 1794 1463 ministrum

1003 1488 1078 1513 esse,
1094 1480 1202 1508 cunctis
1223 1480 1400 1508 audientibus
1422 1480 1451 1508 in
1474 1480 1548 1508 hunc
1569 1481 1681 1509 modum
1699 1489 1795 1508 vocem

162 1537 224 1559 τας,
237 1527 280 1554 ἵνα
292 1528 393 1561 γνῶσιν
405 1528 445 1554 ὅτι
456 1527 569 1555 δυνατοῦ
582 1528 649 1555 Θεοῦ
663 1529 738 1555 ἐστιν
750 1529 900 1565 ὑπηρέτης,
914 1530 952 1561 είς

1003 1526 1112 1554 extulit.
1126 1526 1178 1559 Qui
1190 1527 1305 1554 omnium
1319 1531 1437 1554 nostrum
1450 1527 1587 1562 sigillalim
1602 1527 1681 1554 corda
1695 1527 1796 1562 [orma-

165 1574 286 1610 ἑπήκοον
301 1574 412 1601 πάντων
425 1574 497 1601 οὕτω
507 1583 566 1607 πως
576 1575 759 1610 ἐξεφώνησεν,
774 1575 806 1602 '0
817 1575 873 1608 τὰς
884 1585 955 1611 καρ-

164 1619 232 1653 δίας
251 1620 335 1654 ἡμῶν
353 1619 476 1653 πλάσας
491 1621 673 1655 καταμόνας,
690 1621 805 1654 καὶτὰς
819 1622 956 1655 κινήσεις

164 1665 267 1693 αὐτῶν
277 1666 353 1700 πρὸς
371 1667 553 1693 ὀπωσανοῦν
569 1667 762 1702 τρεπόμενος,
777 1667 831 1694 τὸν
845 1668 878 1694 ἐκ
900 1667 955 1701 τῆς

164 1710 242 1746 ἐμῆς
270 1711 394 1745 καρδίας
416 1712 457 1745 ὡς
481 1711 574 1747 ὀργῆς
595 1712 745 1746 ἀμέτοχον
768 1712 956 1747 ἀναγόμενον

163 1760 260 1793 λόγον
271 1758 346 1793 ἔργῳ
365 1758 539 1793 πλήρωσον,
553 1758 652 1792 Κύριε,
667 1758 716 1785 καί
733 1758 867 1793 γενέσθω
880 1758 955 1786 πᾶσι

164 1804 389 1839 σωφρονισμός.
414 1804 449 1831 Ἠ
471 1805 652 1839 προταθεῖσα
671 1805 737 1840 χείρ
766 1805 816 1832 ἐπὶ
834 1804 892 1839 τὴν
906 1805 955 1832 κό-

165 1859 241 1884 μην,
266 1848 303 1885 ἧς
322 1850 453 1884 ἣγίασας
476 1850 628 1885 κεφαλῆς,
645 1851 808 1885 παρεθήτω.
839 1851 955 1886 Ἐπηκο-

164 1896 258 1923 λούθει
276 1896 305 1922 δὲ
329 1895 369 1931 τῷ
392 1896 464 1932 λόγῳ
493 1897 510 1932 ἡ
534 1896 581 1923 τοῦ
601 1897 719 1923 ἀτάκτου
735 1897 885 1933 διαστροφὴ
901 1898 955 1924 τῶν

167 1940 269 1975 μελῶν.
284 1940 412 1976 Παρευθὺ
425 1940 478 1976 γὰρ
492 1941 510 1976 ἡ
525 1940 621 1967 τούτου
636 1941 812 1977 ἀπεξηράνθη
829 1943 891 1977 χεὶρ
907 1942 955 1969 καὶ

165 1987 180 2012 ὁ
197 1986 268 2021 πρὸς
282 1985 366 2022 αὐτὴν
376 1986 516 2022 ὀφθαλμὸς
530 1987 720 2022 ἀπετύφλωτο,
732 1988 781 2014 καὶ
795 1989 856 2015 κατ’
871 1988 955 2023 ἄμφω

165 2031 317 2065 κεκώφωτο
331 2032 398 2063 ςτοϊς
411 2031 471 2059 ὠσί.
489 2032 574 2059 Τοῦτο
586 2032 650 2063 τοὺς
665 2032 891 2067 συνειλεγμένους
912 2033 955 2066 ὲξ-

165 2077 277 2112 ἐστησε,
292 2077 340 2104 καὶ
357 2077 428 2113 μετὰ
444 2077 521 2109 δέους
538 2078 659 2105 ἱκέτευον
673 2078 766 2105 δοῦναι
787 2078 954 2114 συγγνώμην

164 2121 205 2157 τῷ
221 2121 460 2158 πλημμελήσαντι.
480 2123 536 2149 Καὶ
550 2124 564 2149 ὁ
586 2122 736 2154 ἀπόστολος
757 2123 826 2158 πρὸς
842 2123 952 2154 αὐτούς·

164 2170 202 2196 At
219 2168 279 2195 τῶν
289 2168 392 2204 μελῶν
404 2169 581 2205 διαστροφαὶ
600 2170 791 2204 ἀνθρωπίνης
810 2170 955 2203 ,βοηθείας

165 2213 387 2248 ἑπαποροῦσιν.
411 2215 442 2241 '0
454 2215 510 2250 γὰρ
538 2215 652 2242 τούτων
676 2214 837 2249 ὃιορθωτὴς
858 2212 901 2247 εἶς
924 2211 955 2241 ἐξ

164 2269 247 2293 στιν,
264 2262 281 2288 ὁ
292 2261 327 2288 ἐκ
342 2261 414 2296 χοὸς
422 2261 571 2296 κατάρχας
583 2261 764 2296 διαρθρώσας
777 2262 830 2288 τὸν
846 2261 957 2295 ἅνθρω-

165 2315 238 2334 πον.
259 2306 308 2339 Ὠς
323 2308 350 2334 ει
364 2306 408 2342 μὴ
427 2307 624 2342 προσέλθητε,
641 2307 691 2335 καὶ
704 2308 796 2341 αὐτὸς
810 2309 827 2334 ό
842 2307 955 2339 παθὼν,

165 2354 203 2380 οὺ
215 2352 336 2384 τεύξετε
349 2352 405 2387 τῆς
422 2353 539 2386 ἰάσεως.

203 2399 260 2425 Καὶ
277 2398 346 2434 πρὸς
357 2399 454 2436 τούτῳ,
473 2399 591 2432 τεθνεώς
618 2409 660 2432 τις
689 2398 863 2435 ἐξεκομίζετο
887 2399 957 2435 πρὸς

164 2445 258 2480 ταφήν
271 2452 278 2460 ·
293 2445 338 2472 καὶ
357 2446 539 2482 κατασχόντες
547 2447 597 2482 τὴν
612 2447 706 2482 κλίνην
718 2446 743 2473 οἱ
763 2445 955 2481 συμπαρόντες

165 2533 250 2560 quam
278 2525 396 2560 apostoli
424 2524 570 2552 consilium
592 2528 662 2560 erat,
687 2531 722 2551 ne
736 2529 869 2560 susceptae
891 2524 955 2552 ﬁdei

165 2559 250 2587 causa
275 2559 375 2588 uxores
392 2568 407 2587 a
428 2561 496 2587 viris
521 2559 706 2592 discederent,
733 2559 776 2586 vel
799 2560 882 2586 etiam
899 2559 954 2587 viri

167 2603 271 2622 uxores
299 2595 499 2630 relinquerent,
528 2594 537 2621 l
564 2594 627 2622 Cor.
648 2602 697 2626 vn,
724 2594 768 2626 12,
786 2593 892 2621 theris
908 2603 955 2630 ego

164 2630 235 2661 diro,
248 2638 301 2657 non
314 2630 443 2657 Dominus
456 2638 466 2656 :
477 2629 505 2657 Si
520 2630 578 2665 quis
595 2630 679 2665 frater
700 2637 809 2656 uxorem
822 2630 898 2665 habet
912 2629 955 2656 in-

164 2664 283 2699 ﬁdelem,
300 2670 366 2697 etc.,
377 2666 471 2700 plures
489 2670 580 2692 tamen
593 2664 673 2691 simul
688 2668 814 2699 suscepta
827 2664 891 2697 lide,
907 2673 954 2692 ca-

166 2700 270 2727 stitatis
294 2700 467 2736 propositum
492 2700 738 2736 amplectebantur,
764 2699 869 2736 quibus
883 2708 954 2727 non-

166 2734 308 2770 nunquam
339 2734 457 2770 apostoli
479 2734 846 2770 annuebantzﬂquandoqne
869 2736 952 2762 etiam

167 2769 218 2804 ipsi
235 2769 370 2802 infideles,
396 2775 525 2804 suscepto
555 2769 618 2797 ﬁdei
638 2769 713 2802 odio,
743 2770 891 2797 divortium
911 2770 953 2798 fa-

167 2805 290 2837 ciebant,
304 2811 336 2833 ut
345 2805 391 2833 hic
413 2805 538 2832 Marcella
554 2809 674 2833 tentasse
696 2805 870 2837 describitur,
899 2805 954 2833 nisi

167 2840 378 2878 vir_apostolica
387 2840 605 2878 vestigiadomo
633 2840 755 2878 ejiceret.
774 2840 899 2878 Proindc_
907 2849 954 2878 ve-

171 2875 226 2903 neri
241 2871 371 2911 poterant
387 2871 574 2912 Hierapolim),
602 2882 635 2903 ne
643 2871 759 2904 illorum
775 2883 874 2903 uxores
888 2876 953 2904 Plii-

1004 1573 1199 1608 sti,eorumque
1209 1574 1236 1599 in
1248 1573 1350 1608 quosvis
1361 1574 1440 1600 vertis
1451 1577 1585 1604 motus,ea:
1595 1581 1652 1600 meo
1662 1581 1794 1608 erumpenv

1006 1624 1058 1647 tem
1072 1620 1149 1647 corde
1164 1628 1321 1652 sermonem,
1337 1620 1431 1655 quippe
1447 1620 1494 1646 im
1512 1623 1655 1654 expertem,
1671 1618 1794 1651 Domine,

1005 1675 1082 1703 opere
1093 1667 1219 1703 adimple,
1227 1668 1311 1702 sitque
1322 1667 1441 1694 omnibus
1450 1667 1533 1702 juxta:
1545 1666 1653 1693 ultionis
1667 1665 1795 1700 exemplo.

1005 1713 1071 1746 ριιω
1082 1714 1110 1741 in
1121 1722 1223 1741 comam
1234 1714 1292 1748 ejus
1302 1714 1406 1749 capitis,
1416 1713 1485 1748 quod
1497 1712 1678 1746 sanctiﬁcasti,
1689 1717 1795 1739 extensa

1006 1769 1101 1788 manus
1121 1765 1174 1793 est,
1192 1760 1362 1788 dissolvatur.
1380 1760 1506 1793 Dixerat,
1524 1760 1632 1795 virique
1651 1759 1795 1787 insolentis

1006 1807 1195 1835 membrorum
1218 1807 1346 1834 distortio
1367 1811 1490 1834 actutum
1513 1806 1598 1833 verba
1623 1810 1716 1833 secuta
1741 1809 1792 1833 est.

1006 1851 1106 1880 Statim
1125 1853 1199 1880 enim
1217 1853 1277 1887 ejus
1295 1859 1392 1879 manus
1407 1852 1532 1885 exaruit;
1547 1852 1668 1886 positum
1685 1851 1718 1878 ad
1733 1859 1794 1879 eam

1007 1897 1118 1925 oculum
1133 1897 1233 1925 invasit
1246 1898 1365 1929 caecitas,
1378 1905 1514 1932 auresque
1532 1898 1619 1925 ambae
1638 1897 1793 1924 obsurdue—

1007 1948 1082 1970 runt.
1098 1944 1136 1971 Ea
1154 1951 1210 1976 res,
1224 1951 1272 1971 eos
1288 1944 1334 1979 qui
1350 1943 1506 1978 congregati
1520 1947 1600 1971 erant
1614 1943 1642 1970 in
1655 1947 1794 1978 stuporem

1006 1988 1072 2024 egit,
1086 1992 1218 2023 metuque
1235 1996 1268 2016 ac
1285 1993 1404 2016 tremore
1421 1989 1514 2016 delicti
1533 1995 1580 2015 reo
1596 1989 1704 2015 veniam
1724 1996 1794 2022 pra:-

1006 2034 1073 2062 stari
1097 2034 1298 2069 supplicabant.
1314 2033 1356 2062 Ad
1379 2041 1448 2069 quos
1473 2033 1620 2068 Apostolus
1643 2042 1650 2060 :
1676 2033 1794 2060 Distorta

1006 2079 1134 2112 membra,
1149 2081 1267 2106 humana
1282 2088 1329 2115 ope
1345 2087 1397 2106 non
1411 2079 1500 2106 valent
1515 2079 1646 2114 reparari.
1663 2078 1713 2111 Qui
1727 2079 1794 2105 enim

1007 2127 1130 2153 restituat
1143 2130 1221 2161 atque
1233 2126 1373 2158 instauret,
1385 2133 1453 2152 unus
1467 2128 1514 2156 est,
1530 2125 1574 2159 qui
1590 2133 1606 2151 a
1622 2124 1750 2160 principio
1764 2131 1794 2150 ea:

967 2188 994 2219 Ι)
1007 2170 1112 2204 pulvere
1129 2172 1260 2198 hominem
1279 2172 1316 2198 sic
1335 2170 1458 2198 membris
1477 2170 1634 2197 instructum
1652 2169 1794 2204 fabricatus

1006 2221 1054 2244 est.
1068 2217 1243 2250 Quamobrem
1259 2217 1310 2244 nisi
1323 2215 1494 2247 accesseritis,
1509 2216 1582 2250 isque
1593 2215 1649 2251 ipse
1661 2214 1704 2249 qui
1721 2213 1794 2240 labo-

1004 2268 1058 2297 rat,
1072 2264 1215 2291 sanitatem
1229 2271 1281 2290 non
1296 2262 1493 2298 consequimini.

1051 2399 1168 2431 interea,
1191 2398 1313 2426 defuncti
1337 2396 1480 2433 cujusdam
1505 2395 1588 2423 funus
1611 2395 1792 2429 ed‘erebatur;

1007 2449 1186 2481 tenentesque
1208 2445 1339 2472 feretrum
1361 2444 1408 2479 qui
1428 2443 1536 2471 sodales
1558 2441 1716 2470 Aristarcho
1742 2442 1793 2469 ad-

1009 2523 1109 2563 l_ippus_
1127 2519 1458 2563 seduceretladducendo
1484 2519 1518 2547 ad
1531 2519 1623 2563 (idem,
1654 2520 1727 2561 unde
1746 2520 1793 2563 illa

1009 2555 1129 2585 divortia
1145 2558 1250 2584 tierent.
1267 2556 1312 2584 Sic
1338 2556 1469 2583 nimirum
1489 2556 1564 2582 venit
1586 2555 1719 2582 Dominus
1734 2555 1791 2589 gla-

1008 2593 1084 2620 dium
1113 2593 1230 2623 mitterc,
1247 2591 1342 2619 Matth.
1373 2599 1398 2621 x,
1415 2591 1459 2624 55,
1475 2599 1525 2618 nec
1547 2595 1589 2617 est
1613 2591 1660 2618 illo
1682 2591 1791 2625 dignus,

1009 2629 1056 2660 qui
1084 2629 1127 2655 vel
1151 2636 1275 2659 uxorem,
1303 2627 1346 2654 vel
1373 2626 1457 2654 alium
1474 2634 1639 2662 quemquam
1666 2625 1791 2662 plus_il_io

1010 2658 1100 2696 amat;
1114 2663 1186 2698 quod
1202 2663 1296 2697 utique
1310 2662 1385 2694 facit,
1403 2662 1451 2697 qui
1478 2658 1615 2698 consentit
1644 2658 1705 2687 cum
1730 2658 1791 2698 inti-

1009 2699 1062 2726 deli
1075 2694 1235 2726 cohabitare
1249 2694 1312 2725 cum
1335 2694 1434 2734 iniuria
1449 2697 1606 2734 salvatoris,
1632 2703 1691 2734 qua-
1706 2694 1790 2734 plane

1008 2735 1036 2762 in
1049 2734 1165 2770 proclivi
1175 2737 1306 2770 est,rcum
1321 2730 1548 2770 aluirconjngum
1567 2730 1654 2770 errori
1670 2730 1789 2762 priSIino

1007 2777 1038 2797 ac
1049 2766 1238 2804 superstitioni
1254 2773 1346 2796 manet
1367 2766 1626 2804 addictior._Moduli
1654 2771 1685 2804 ac
1698 2770 1788 2804 canon

1007 2797 1107 2839 praeter
1119 2805 1305 2839 apostolorum
1330 2811 1498 2839 communes»
1511 2801 1605 2839 laudes
1622 2803 1650 2826 ct
1664 2797 1788 2839 labores,

1007 2833 1039 2867 ac
1051 2833 1167 2875 Philippi
1183 2847 1305 2872 crucem,
1319 2839 1393 2875 quod
1403 2837 1524 2866 historia:
1535 2836 1625 2863 lucem
1643 2833 1726 2862 ullam
1746 2834 1788 2861 at-

1008 2875 1088 2907 ferat,
1105 2876 1175 2903 nihil
1192 2876 1303 2904 habent.
