2078 3154
280 123 328 152 195

884 116 1030 147 NICET/E
1049 115 1314 146 PAPHLAGONIS

1855 118 1904 151 196

279 177 373 205 erant,
384 171 531 200 illudentes
543 172 667 208 apostolo
680 172 824 200 dicebant:
838 171 913 198 Ilum:
925 171 948 197 si
960 171 1072 198 suscita-

1129 170 1312 206 Ἀριστάρχῳ,
1329 171 1505 206 χλευάζοντες
1520 171 1613 206 ελεγον
1625 172 1664 207 τῷ
1690 173 1832 209 ἁποστόλῳ
1846 181 1854 190 ·
1870 175 1905 202 Εἰ

279 221 358 251 veris,
373 227 461 246 omnes
469 227 527 245 cum
535 218 698 250 Aristarcho,
710 218 764 245 Deo
772 222 816 244 tuo
828 217 927 244 cultum
934 217 1068 244 adhibebi-

279 273 348 293 mus.
363 265 480 292 Sanctus
494 272 558 292 vero
573 264 687 291 intentis
700 264 727 290 in
740 264 839 291 coelum
851 262 949 295 oculis,
963 263 1068 297 prolixe

279 319 375 343 orans,
398 311 452 338 leni
470 310 580 338 demum
606 318 673 345 voce
691 311 826 345 jacentem
850 310 877 336 in
900 310 1001 337 feretro
1025 309 1069 336 his

281 358 440 394 alloquitur,
456 357 602 392 Theophila.
617 357 769 391 Statimque
792 356 895 383 resedit
916 360 943 383 ct
960 356 1069 391 aperuit

281 406 387 434 oculos.
411 404 602 439 Adjiciensque
623 404 773 438 apostolus,
786 403 854 429 dixit
871 412 878 429 ί
894 402 1010 430 Christus
1023 403 1068 429 tibi

278 453 349 486 iubet
363 461 371 478 :
392 458 469 485 surge
482 470 489 482 ,
506 450 641 483 omnisque
660 449 839 484 impedimenti
855 449 928 481 liber,
950 449 1066 484 loquere.

280 498 315 525 At
330 498 374 524 ille
388 503 519 524 excussus
531 504 546 522 e
555 495 669 528 feretro,
679 495 803 530 apostolo
811 495 939 530 procidit,
953 495 1046 523 dicens
1059 504 1067 521 :

280 543 385 571 Gratias
397 542 477 569 habeo
487 562 494 573 ,
509 546 598 568 sancte
609 541 666 573 Dei,
681 542 750 576 quod
764 549 795 568 ca:
809 541 898 568 multis
912 541 989 568 malis
1003 542 1068 568 hora

280 590 329 615 hac
344 588 484 615 liberabor.
499 587 606 614 Duobus
619 587 688 614 enim
701 587 816 614 obscuris
832 587 949 622 {rectoque
964 591 1070 622 aspectu.

280 643 312 662 ac
323 634 465 661 immitibus
478 634 604 660 violenter
618 634 928 668 trahentibus,jamjam,
937 634 988 660 nisi
997 634 1070 668 prior

280 680 403 711 venisses,
419 680 447 706 in
462 684 559 706 tetrum
577 679 765 714 exitiasumque
781 683 915 706 tartarum
927 679 1069 714 projicien-

279 725 329 753 dus
346 733 430 752 eram.
452 725 522 752 Tum
547 732 592 753 res
615 725 737 752 inaudita
757 729 872 753 cunctos
887 724 914 752 in
930 729 1070 760 stuporem

280 772 346 808 egit,
363 771 486 798 dicentes
499 780 505 797 :
523 769 657 804 Quomodo
673 779 750 805 quem
766 779 902 806 nunquam
915 770 1026 802 uiderat,
1040 778 1071 796 ea:

282 818 385 845 nomine
401 825 506 848 vocans,
527 817 685 843 suscitavit?
700 816 763 843 Vere
777 825 855 852 quem
875 816 957 844 Deum
977 816 1071 850 fortem

1119 216 1226 243 τοῦτον
1236 217 1356 252 ἐγερεῖς,
1369 218 1480 252 πάντες
1492 218 1554 246 σὺν
1577 218 1759 253 Ἀριστάρχῳ
1771 226 1904 253 προσκυ-

1118 266 1254 300 νήσομεν
1266 264 1305 297 τῷ
1326 264 1386 297 Θεῷ
1398 273 1465 292 σου.
1486 265 1516 292 '0
1539 265 1567 292 δὲ
1587 265 1666 299 ἆγιος
1696 265 1766 300 πρὸς
1791 265 1905 300 οὐρανὸν

1120 312 1184 344 τοὺς
1200 312 1357 346 ὀφθαλμοὺς
1368 311 1505 343 ἀτενίσας,
1524 311 1696 347 προσηύξατο
1719 310 1766 338 ἐπὶ
1795 311 1904 338 ἱκανὸνο

1120 358 1166 385 καὶ
1179 357 1248 393 πρὸς
1262 357 1307 384 τὸν
1323 357 1488 393 βεϐλημένον
1503 359 1535 392 τῇ
1556 357 1645 393 κλίνῃ,
1661 357 1768 393 πραεῐᾳ
1783 358 1816 392 τῇ
1829 358 1904 392 φωνῇ

1119 403 1205 438 λέγει,
1216 403 1350 438 Θεόφιλε.
1363 403 1420 430 Καὶ
1433 403 1514 434 εὐθὺς
1530 403 1687 435 ἀνεκάθισε,
1714 403 1761 430 καὶ
1776 404 1840 432 τοὺς
1858 403 1907 437 ὀφ-

1120 449 1240 484 θαλμοὺς
1269 449 1420 484 ὑπανέῳξε.
1451 449 1507 476 Καὶ
1536 449 1666 485 προσθεὶς
1697 450 1712 475 ὁ
1745 449 1905 482 ἀπόστολος,

1120 494 1197 523 εἶπεν
1213 504 1220 511 ·
1238 496 1269 522 '0
1279 497 1406 530 Χριστός
1428 504 1478 522 σοι
1499 497 1633 523 κελεύει·
1665 495 1830 529 Ἀνάστηθι,
1857 495 1906 522 καὶ

1119 542 1279 575 ἀκωλύτως
1293 542 1481 577 προσομίλει.
1505 542 1533 569 '0
1551 542 1580 569 δὲ
1605 542 1711 573 ἀποϐὰς
1725 542 1772 577 τῆς
1799 542 1906 577 κλίνης,

1119 587 1159 622 τῷ
1173 587 1313 622 ἀποστόλῳ
1327 587 1492 623 προσέπεσε,
1518 587 1605 622 λέγων
1618 596 1625 602 ·
1653 586 1828 621 Εὑχαριστῶ
1846 595 1907 619 σοι,

1120 633 1185 669 ἅγιε
1205 633 1258 660 τοῦ
1274 634 1359 667 Θεοῦ,
1376 634 1421 660 ὅτι
1435 634 1470 661 ἐκ
1491 633 1616 661 πολλῶν
1626 633 1727 660 κακῶν
1740 634 1857 668 ὲρῤύσω
1869 642 1909 669 με

1121 677 1158 712 τῇ
1181 677 1241 712 ὥρᾳ
1264 678 1368 713 ταύτῃ.
1386 678 1462 705 ’Υπὸ
1482 679 1537 706 δύο
1551 679 1606 713 γὰρ
1628 677 1833 713 ζεζοφωμένων
1857 679 1908 707 καὶ

1121 724 1270 752 δυσειδῶν
1282 725 1333 753 καὶ
1351 725 1558 760 ἀσπλάγχγων
1567 725 1764 759 ἐξελκόμενος
1788 725 1907 759 βιαιως,

1121 771 1165 797 ἔτι
1181 771 1299 805 μικρὸν,
1323 772 1348 798 ει
1372 772 1428 798 οὐκ
1454 771 1601 806 ἔφθασας,
1627 771 1796 806 ἀπερῤιφην
1810 771 1848 799 ἂν
1865 773 1909 804 εις

1121 817 1269 852 τάρταρον
1290 817 1416 851 δυσειὸῆ
1434 817 1483 844 καὶ
1498 817 1644 851 ὀλέθριον.
1673 818 1739 844 Τότε
1761 818 1792 844 τὺ
1818 818 1908 853 παρά-

282 867 307 890 et
324 864 385 890 dicit
410 868 434 889 et
460 862 586 898 prwdicat
604 871 636 890 ac
653 851 812 895 annuntiat,
835 867 925 898 potem
945 871 976 889 ac
996 870 1072 889 verus

1125 863 1195 895 δοξον
1204 863 1283 890 τοῦτο
1291 863 1421 898 ἐξέστησε
1430 863 1532 895 πάντας
1547 863 1675 898 λέγοντας
1684 872 1692 880 ⁸
1705 863 1772 896 Πῶς
1782 863 1819 890 ὃν
1827 851 1909 891 midd-

281 914 330 941 est;
341 917 437 945 nosque
453 908 631 935 indubitanter
645 916 815 936 occurramus
830 913 909 944 atque
922 908 1070 935 credamus.

282 956 387 983 Exinde
413 955 553 990 apostolus
570 954 673 982 indicto
689 962 771 982 manu
795 954 905 982 silentio
924 954 1071 981 tumultum

282 1003 391 1036 sedans,
406 1003 484 1037 jubet
503 1002 595 1035 Heroi,
614 1006 642 1029 ut
655 1009 737 1029 manu
752 1001 844 1028 erucis
858 1001 966 1036 signum
980 1000 1071 1034 expri—

283 1056 361 1076 mens
384 1056 468 1083 super
482 1049 651 1078 Aristarcho.
673 1051 774 1075 sanctae
787 1046 932 1074 Trinitatis
946 1047 1072 1073 invocato

283 1095 405 1126 nomine,
430 1093 530 1121 oblzesa
545 1093 666 1120 membra
681 1093 755 1119 illius
770 1092 903 1124 fatuitate,
920 1100 984 1119 sana
997 1099 1071 1119 com-

283 1144 408 1174 poneret.
434 1138 494 1171 Quo
518 1138 590 1165 facto
615 1137 704 1165 Heros
725 1137 914 1164 Aristarchum
942 1136 1072 1164 membris

283 1185 412 1212 omnibus
428 1184 565 1219 integrum
579 1191 734 1217 sanumque
749 1182 877 1210 reddidit.
892 1183 921 1209 lu
942 1182 993 1209 hoc
1007 1190 1074 1209 cun-

282 1231 320 1257 cti
347 1230 470 1266 apostolo
495 1229 660 1264 procidunt,
686 1231 715 1256 in
745 1229 846 1263 quibus
874 1233 901 1255 et
927 1228 1073 1263 prchectus

285 1276 370 1312 (illius
390 1279 467 1310 pater
490 1275 538 1310 qui
558 1283 573 1302 a
596 1275 713 1302 mortuis
727 1274 818 1302 fuerat
841 1274 999 1306 suscitatus,
1016 1274 1073 1308 pri-

285 1329 346 1350 mus
361 1321 433 1349 inter
455 1329 503 1348 eos
517 1321 564 1356 qui
580 1320 777 1355 convenerant)
794 1328 855 1347 cum
874 1320 989 1354 conjuge
1005 1327 1073 1354 apo-

284 1369 355 1396 stolo
368 1368 495 1399 accessit,
517 1367 652 1402 facileque
673 1372 800 1401 suscepta
820 1366 883 1393 ﬁdei
899 1366 1025 1393 doctrina
1041 1374 1073 1393 ac

286 1416 466 1448 institutione,
490 1422 523 1442 ac
545 1415 609 1442 ﬁdei
630 1422 686 1442 sua:
707 1414 816 1441 ﬁrmum
838 1413 986 1448 specimen,
1005 1421 1074 1448 quos

285 1462 394 1490 colebat
411 1461 557 1489 duodecim
583 1461 651 1488 deos
666 1468 766 1488 aureos
786 1460 813 1487 in
833 1467 935 1495 egenos
956 1460 1073 1494 apostoli

1123 917 1196 935 ποτε
1213 908 1304 942 εἶδεν,
1328 909 1363 942 ἐξ
1386 911 1531 945 ὀνόματος
1552 909 1697 945 φωνήσας
1719 910 1908 944 ἀνέστησεν;

1128 955 1192 983 Ἐπ’
1203 956 1349 990 ἀληθείας
1362 956 1400 983 ὃν
1415 956 1544 991 ἰσχυρὸν
1565 956 1615 983 καὶ
1633 956 1716 990 λέγει
1730 955 1780 984 καὶ
1802 956 1910 990 κηρύτ-

1122 1010 1165 1029 τει
1183 1001 1233 1028 καὶ
1248 1001 1323 1029 Θεὸν
1339 1003 1546 1036 καταγγέλλει,
1572 1002 1702 1035 δυνατὸς
1720 1002 1778 1029 καῖ
1792 1003 1908 1037 ἀληθής

1122 1049 1198 1080 ἐστι,
1218 1050 1268 1076 καὶ
1289 1049 1374 1083 ἡμεῖς
1396 1049 1584 1082 ἀδιστιίκτως
1604 1048 1834 1084 προστρέχωμεν
1859 1049 1909 1075 καὶ

1123 1097 1319 1131 πιστεύωμεν.
1344 1096 1400 1122 Καὶ
1413 1097 1448 1131 τῇ
1463 1096 1535 1131 χειρὶ
1548 1096 1562 1122 ὁ
1588 1094 1736 1126 ἀπόστολος
1755 1094 1907 1130 κατασιγὴ-

1123 1150 1173 1173 σας
1184 1143 1231 1168 τὴν
1249 1142 1372 1177 θόρυϐον,
1391 1140 1626 1175 διακελεύεταιτῷ
1638 1139 1738 1175 Ἦρωῖ·
1757 1139 1820 1166 Ἐπὶ
1835 1140 1910 1174 ’Δρι-

1124 1189 1234 1223 στάρχῳ
1250 1189 1283 1223 τῇ
1295 1189 1367 1223 χειρί
1379 1196 1426 1214 σου
1441 1187 1560 1222 σταυροῦ
1578 1187 1664 1213 τύπον
1673 1186 1852 1221 ὲπιχαράξας,
1869 1185 1909 1221 τῷ

1123 1235 1172 1269 τῆς
1187 1234 1268 1268 ἁγίας
1280 1233 1395 1269 Τριάδος
1412 1233 1536 1268 ὀνόματι,
1549 1233 1603 1259 τῶν
1617 1231 1707 1267 μελῶν
1718 1231 1752 1258 τὰ
1775 1230 1909 1266 βλαϐέντα

1124 1281 1156 1307 ἐκ
1172 1280 1221 1314 τῆς
1233 1279 1315 1306 αὐτοῦ
1332 1279 1460 1313 ἀφελείας
1472 1279 1627 1314 ἀνόρθωσον
1644 1286 1652 1294 ”
1668 1278 1717 1306 καὶ
1733 1278 1813 1305 τοῦτο
1827 1277 1907 1311 ποιή-

1125 1333 1173 1356 σας
1187 1325 1200 1351 ὁ
1217 1324 1322 1359 Ἥρως,
1337 1324 1384 1350 τὸν
1405 1323 1582 1359 Ἀρίσταρχον
1607 1323 1775 1350 ἀπετέλεσεν
1802 1323 1904 1356 ἄρτιον.

1130 1370 1193 1397 Ἐπὶ
1201 1370 1289 1405 τούτῳ
1303 1371 1403 1402 πάντες
1418 1370 1455 1405 τῷ
1472 1369 1612 1406 ἀποστόλῳ
1637 1369 1864 1405 προσπίπτουσιν,
1880 1369 1909 1394 ὲν

1123 1415 1164 1449 οἷς
1187 1416 1236 1444 καὶ
1259 1417 1423 1452 πρέφεκτος,
1448 1417 1462 1443 6
1486 1416 1533 1443 τοῦ
1558 1417 1591 1443 ὲκ
1611 1415 1716 1450 νεκρῶν
1744 1415 1910 1445 ἀναστάντος

1128 1463 1252 1498 γενὲτης,
1272 1462 1306 1490 τὰ
1325 1462 1421 1498 πρῶτα
1433 1462 1479 1489 ἐπὶ
1499 1463 1568 1489 πᾶσι
1585 1463 1674 1498 φέρων
1687 1462 1744 1493 τοῖς
1772 1460 1908 1493 συνειλεγ-

285 1510 362 1536 curis
377 1507 584 1535 distribuendos
607 1506 722 1542 profert.
749 1506 802 1534 Sed
817 1510 846 1533 et
866 1506 909 1532 his
922 1514 983 1541 qua:
996 1510 1074 1532 erant

1127 1509 1229 1543 μένοις,
1241 1509 1289 1535 σὺν
1301 1510 1334 1544 τῇ
1354 1510 1461 1544 γαμετῇ
1478 1509 1618 1544 προσῆλθε
1635 1508 1674 1544 τῷ
1683 1507 1836 1541 ἀποστόλῳ,
1861 1506 1910 1532 καὶ¹

286 1554 392 1589 reliqua
418 1554 504 1589 probe
537 1553 720 1588 dispensatis,
749 1558 831 1582 rectae
860 1553 924 1580 ﬁdei
953 1553 1075 1588 regulam

288 1604 447 1627 constanter
463 1600 583 1627 tenebat.

1126 1556 1175 1590 τῆς
1191 1556 1367 1591 κατηχήσεως
1384 1555 1513 1591 εὐμαρῶς
1527 1555 1572 1582 τὸν
1586 1555 1664 1589 λόγον
1686 1554 1839 1588 δεξάμενος,
1870 1553 1911 1583 εἰς

1128 1600 1241 1635 βεϐαίαν
1255 1601 1305 1636 τῆς
1324 1600 1422 1627 ἑαυτοῦ
1435 1601 1554 1632 πίστεως
1571 1600 1694 1633 ἔνδειξιν,
1718 1600 1779 1631 τοὺς
1798 1597 1844 1624 ὑπ’
1859 1597 1911 1624 αὒ-

287 1647 335 1673 τοῦ
360 1647 524 1681 σεϐομένους
538 1647 645 1674 δώδεκα
670 1648 804 1682 χρυσέους
827 1647 906 1680 θεοὺς
935 1648 990 1674 τῶν
1017 1648 1114 1675 ἐνδεῶν
1132 1650 1172 1681 εἰς
1201 1648 1331 1684 διανομὴν
1359 1647 1399 1684 τῷ
1417 1649 1558 1684 ἀποστόλῳ
1583 1649 1710 1683 γενέσθαι
1740 1646 1910 1683 προτίθησιν.

288 1695 325 1721 Οὐ
343 1693 395 1729 μὴν
405 1694 434 1720 δὲ
445 1693 514 1720 ἀλλὰ
526 1696 572 1720 καὶ
586 1694 620 1721 τὰ
634 1694 843 1728 περιλειφθέντα
858 1694 948 1724 καλῶς
972 1695 1163 1730 οἰκονομήσας,
1177 1696 1229 1730 τῆς
1239 1695 1323 1730 ὀρθῆς
1341 1695 1510 1727 ἀδιστάκτως
1529 1695 1617 1730 εῐχετο
1632 1695 1761 1725 πίστεως.

323 1738 471 1773 Apostolus
484 1745 551 1765 vero
564 1738 672 1766 cunctis
687 1738 725 1766 ibi
741 1739 769 1766 in
785 1743 860 1766 recla
881 1739 933 1766 ﬁde
949 1739 1079 1774 perfectis

290 1784 380 1812 Heroe
407 1784 461 1811 illis
485 1784 612 1811 ordinato
637 1784 778 1820 episcopo,
794 1785 947 1820 creatisque
967 1793 1001 1812 ex
1025 1785 1079 1812 illis

290 1829 459 1865 presbyteris
481 1835 511 1857 et
528 1830 652 1857 diaconis
673 1839 680 1858 :
702 1838 824 1866 cumque
840 1831 873 1859 ad
895 1832 952 1858 haec
977 1830 1078 1866 templa

290 1875 414 1902 construi
430 1874 597 1908 mandasset,
612 1875 725 1911 ipseque
737 1877 878 1908 erexisset,
889 1881 971 1911 atque
983 1883 1078 1903 omnes

292 1921 355 1949 ﬁdei
380 1921 504 1950 doctrina
527 1922 691 1956 imbuisset,
723 1923 849 1957 beneque
871 1923 926 1950 illis
950 1926 1078 1958 precatus

289 1971 373 1999 esset,
386 1967 414 1994 in
426 1967 570 2003 Phrygiam
583 1968 659 1995 venit
668 1973 696 1995 et
706 1968 868 2003 Lycaoniam
882 1974 964 2002 atque
975 1967 1076 1999 Asiam,

289 2013 441 2048 pradicans
455 2021 487 2041 ac
499 2014 692 2049 evangelizans
713 2014 872 2047 Christum;
887 2015 931 2042 cui
950 2014 1036 2049 gloria
1050 2013 1078 2040 in

288 2060 399 2088 saecula.
416 2060 513 2088 Amen.

595 2170 724 2198 ORATIO
741 2171 775 2198 Χ.

290 2229 420 2255 Laudalio
467 2228 552 2255 sancti
589 2237 620 2255 ac
652 2228 849 2274 celebratissimi
888 2229 1077 2260 Bartltolomtzi
1093 2244 1116 2274 υ

620 2264 742 2298 apostoli.

325 2320 477 2347 Accensum
500 2319 679 2352 desiderium,
702 2325 730 2348 at
746 2329 824 2348 mens
840 2322 948 2349 tenuis:
968 2323 1077 2350 fervens

290 2374 380 2392 amor.
407 2371 435 2393 at
468 2366 530 2393 vilis
558 2367 655 2394 oratio.
683 2367 792 2395 Etenim
821 2369 936 2403 spiritus
964 2369 1076 2404 quidem

328 2445 386 2481 (45)
400 2445 468 2473 Cum
487 2444 573 2472 Graeci
587 2445 690 2481 duplici
702 2445 772 2473 festo
785 2447 877 2474 colant
888 2448 1080 2476 Bartholomzei

293 2481 409 2517 apostoli
426 2480 605 2517 memoriam,
627 2480 722 2517 altero
733 2483 794 2517 ejus
817 2483 916 2510 natalis
941 2484 970 2510 Μ
989 2483 1075 2515 Junii.

291 2515 378 2553 altero
396 2515 567 2553 miraculosa:
580 2515 756 2553 ad‘yeclionis
782 2517 868 2551 ipsius
895 2518 1076 2553 reliquiarum

291 2551 324 2578 ad
336 2551 458 2587 Liparim
472 2551 598 2587 insulam,
614 2551 659 2578 die
677 2552 711 2579 ‘25
724 2552 849 2587 Augusti,
868 2553 915 2587 qui
936 2551 1007 2580 unus
1023 2554 1076 2580 La-

292 2586 357 2623 tinis
372 2586 512 2623 solemnis
522 2590 578 2623 est,
588 2587 648 2623 isive
659 2587 741 2613 etiam
759 2586 846 2621 pridie
860 2586 920 2622 ejus
935 2596 984 2623 pro
999 2589 1077 2615 vario

291 2621 476 2649 Ecclesiarum
491 2621 556 2653 ritu,
574 2622 682 2649 Nicetes
700 2627 774 2650 totus
795 2622 823 2649 in
840 2621 1075 2650 exornandoliar-

292 2656 430 2684 tholomazi
447 2657 531 2683 natali
545 2661 597 2688 est,
613 2664 645 2684 ac
671 2665 704 2684 ne
720 2658 845 2684 meminit
873 2658 985 2692 quidem
1002 2659 1078 2686 illius

291 2691 418 2726 stupendi
436 2691 572 2723 miraculi,
586 2693 615 2718 in
630 2700 685 2727 quo
707 2696 797 2720 tamen
813 2700 846 2719 ex
873 2691 1078 2727 antiquioribus

290 2731 319 2754 et
329 2727 566 2754 emcndatiorihus
582 2728 642 2761 ejus
653 2728 729 2755 Actis
748 2728 905 2759 referendo,
919 2729 1023 2755 multus
1035 2733 1077 2755 est

291 2761 474 2797 Theophorus
487 2762 596 2789 Studita
613 2762 694 2798 paulo
709 2763 804 2798 Niceta
831 2763 981 2797 antiquior,
1001 2764 1079 2798 cujus

292 2803 445 2824 sermonem
458 2798 618 2824 Anastasius
631 2797 760 2830 reddidit,
777 2803 805 2824 et
823 2798 852 2825 Ι).
869 2798 958 2825 Lucas
971 2797 1077 2826 Dache-

293 2830 318 2857 ri
327 2831 355 2858 in
368 2831 492 2867 Spiciteg.
510 2836 530 2859 t.
547 2832 582 2860 lll
604 2832 830 2868 repraesentavit;
858 2833 973 2869 adjectis
995 2834 1078 2860 etiam

1163 1740 1338 1774 Καταρτίσας
1356 1739 1384 1766 δὲ
1406 1741 1420 1766 6
1445 1740 1593 1772 ἀπόστολος
1619 1740 1682 1771 τοὺς
1698 1739 1788 1766 ἐκεῖσε
1808 1740 1913 1772 πάντας

1127 1784 1197 1819 πρὸς
1212 1785 1262 1819 τὴν
1274 1784 1414 1819 ὸρθόδοξον
1430 1784 1532 1817 πίστιν,
1545 1785 1590 1811 τὸν
1615 1784 1713 1820 ’Ἢρωα
1733 1784 1838 1814 τούτοις
1855 1793 1912 1819 χει-

1129 1830 1276 1865 ροτονήσας
1292 1830 1449 1864 ἐπίσκοπον,
1463 1831 1510 1857 καὶ
1523 1830 1727 1866 πρεσϐυτέρους
1753 1831 1800 1857 καὶ
1819 1830 1910 1856 διακό-

1127 1883 1188 1906 νους
1205 1875 1235 1908 ὲξ
1249 1875 1355 1902 αὐτῶν·
1373 1874 1414 1901 ἔτι
1428 1875 1457 1901 δὲ
1474 1875 1522 1901 καὶ
1547 1876 1629 1906 ναοὺς
1654 1873 1809 1909 προστάξας
1835 1873 1912 1906 γενέο

1130 1920 1204 1954 σθαι,
1232 1921 1280 1948 καὶ
1305 1920 1416 1953 τούτους
1440 1920 1617 1957 καθιδρύσας,
1645 1920 1695 1947 καὶ
1714 1920 1819 1951 πάντας
1845 1927 1911 1945 κατ-

1129 1967 1235 2002 ηχήσας
1261 1967 1309 1993 καὶ
1324 1966 1520 2002 ἐπευξάμενος,
1543 1966 1624 1998 αὐτὸς
1641 1965 1671 1992 ὲν
1702 1965 1807 2001 Φρυγίᾳ
1827 1972 1912 1998 προσ-

1127 2013 1206 2040 έϐαλε
1222 2013 1280 2047 ἃμα
1293 2014 1326 2048 τῇ
1343 2013 1480 2047 Λυκαονία
1489 2012 1537 2039 καὶ
1552 2013 1586 2047 τῇ
1610 2013 1698 2047 Ἀσίᾳ,
1713 2012 1855 2047 κηρύττων
1864 2011 1912 2037 καὶ

1127 2058 1369 2094 εὐαγγελιζόμενος
1393 2059 1440 2085 τὸν
1465 2058 1583 2093 Χριστόν
1597 2065 1605 2072 ·
1625 2053 1648 2091 ᾧ
1663 2058 1680 2092 ἡ
1699 2056 1763 2089 δόξα
1787 2057 1827 2088 εις
1849 2055 1912 2087 τοὺς

1128 2104 1242 2136 αἰῶνας.
1263 2104 1360 2139 Ἀμήν.

1442 2169 1550 2196 ΛΟΓΟΣ
1565 2168 1593 2195 l'.

1128 2227 1149 2253 Ε
1153 2229 1179 2260 ις
1190 2226 1243 2254 τὸν
1254 2227 1340 2263 ἄτιον·
1354 2228 1403 2254 καὶ
1417 2225 1812 2263 πανεύφημοηὰπόστολον
1836 2227 1912 2260 Βαρ-

1397 2262 1560 2296 θολομαῖον
1581 2262 1648 2296 (63).

1170 2319 1276 2355 Θερμδς
1305 2320 1319 2346 6
1335 2320 1428 2353 πόθος,
1448 2319 1506 2347 ἀλλ’
1532 2319 1651 2355 ἀδρανὴς
1668 2319 1682 2344 6
1704 2318 1767 2350 νοῦς
1782 2325 1790 2333 ⁸
1813 2318 1882 2351 ζέων
1899 2319 1914 2345 6

1131 2369 1213 2404 ἔρως,
1228 2368 1287 2396 ἀλλ’
1302 2369 1414 2403 εὐτελὴς
1433 2369 1447 2395 6
1466 2368 1564 2401 λόγος·
1580 2367 1627 2394 καὶ
1656 2367 1710 2402 γὰρ
1734 2365 1914 2401 προθυμεῖται

1134 2457 1196 2484 qua:
1214 2454 1338 2484 spectant
1355 2448 1389 2476 ad
1403 2449 1516 2476 alteram
1534 2447 1610 2484 finde
1634 2446 1838 2484 translationem
1865 2445 1916 2484 Be-

1130 2481 1289 2517 neventum,
1323 2484 1443 2512 desolata
1465 2491 1514 2518 per
1530 2483 1681 2518 Saracenos
1695 2481 1786 2516 Lipari
1814 2482 1914 2518 insula.

1130 2522 1220 2554 Atque
1232 2520 1337 2547 utinam
1353 2520 1381 2546 in
1394 2516 1522 2546 manibus
1537 2522 1621 2554 esset”
1635 2517 1758 2554 Graecum
1767 2516 1914 2554 exemplar

1130 2551 1213 2590 hujus
1225 2555 1361 2582 sermonis
1384 2554 1523 2581 Theodori
1544 2553 1670 2590 Studiue,
1695 2552 1739 2590 vel
1765 2551 1916 2590 Sirmundo

1130 2587 1256 2617 licuisset
1273 2598 1336 2617 eum
1350 2591 1440 2624 ipsum
1453 2590 1566 2624 ejusque
1583 2587 1916 2624 omniatetiamjmajores

1130 2625 1304 2660 Catecheses)
1317 2622 1387 2660 juris
1402 2622 1503 2660 publici
1516 2623 1617 2660 facere,
1638 2622 1738 2657 quibus
1765 2622 1915 2660 plurimum

1128 2659 1284 2687 Christiana
1296 2657 1590 2695 'p'ietas’profecisset,
1614 2665 1739 2695 novoque
1767 2657 1862 2695 clypeo
1888 2660 1916 2682 et

1128 2692 1445 2726 armatura,'Ecclesia
1483 2693 1618 2721 catholica
1648 2692 1780 2719 adversus
1821 2692 1916 2718 hostes

1128 2737 1193 2756 suos
1223 2735 1279 2757 tuta
1309 2730 1416 2760 fuisset,
1444 2729 1509 2755 dum
1538 2736 1600 2755 eum
1621 2727 1716 2754 blattis
1729 2733 1757 2754 et
1773 2727 1854 2753 tineis
1866 2733 1916 2760 pu-

1128 2770 1212 2799 gnant
1230 2773 1312 2792 manu
1327 2764 1431 2792 exarati
1446 2764 1567 2795 codices,
1586 2762 1670 2789 futuri
1685 2768 1714 2790 et
1739 2762 1791 2797 ipsi
1814 2761 1916 2795 injuria

1128 2801 1261 2833 temporis
1287 2799 1448 2827 excedentis
1480 2799 1582 2830 omnia,
1605 2806 1659 2825 non
1686 2799 1722 2824 ita
1749 2801 1808 2831 post
1835 2804 1915 2833 pror-

1129 2841 1175 2862 sus
1187 2830 1311 2863 inutiles.
1327 2835 1399 2863 Bene
1414 2839 1505 2862 tamen
1516 2838 1568 2867 est,
1587 2833 1661 2868 quod
1686 2830 1842 2867 antiquiora
1869 2830 1918 2860 illa
