2078 3154
265 125 318 158 199

860 123 1006 154 NICET/E
1025 122 1286 153 PAPHLAGONIS

1825 118 1880 150 200

263 187 342 206 mens
353 178 466 211 fatiscit,
479 178 568 213 impar
581 178 696 211 scilicet,
709 185 792 213 quam
805 181 834 205 ut
848 177 957 212 dignam
969 185 1050 212 argu-

1116 185 1143 202 αι
1154 176 1183 203 δὲ
1199 176 1212 202 ὁ
1225 175 1297 208 νοῦς,
1313 174 1363 201 οὐκ
1373 174 1443 210 ἔχων
1458 173 1518 200 ὅθεν
1540 173 1619 206 ἀξίαν
1634 172 1737 200 ἔννοιαν
1751 172 1798 208 τῆς
1813 174 1880 200 ὑπο-

264 228 357 251 mento
373 224 578 258 intelligentiam
591 223 715 251 sufﬁcere
730 223 835 250 valeat:
851 223 898 250 sed
915 228 943 250 et
958 223 1047 250 oratio

265 269 364 298 debilis
377 270 516 303 fractaque
531 269 652 304 languet,
666 268 739 302 quod
756 276 847 294 rerum
865 267 953 295 laudis
966 275 1048 302 argu-

266 321 359 343 mento
372 315 574 350 propositarum
588 314 772 349 praestantiam
797 313 905 348 assequi
919 317 1048 348 nequeat.

266 360 305 387 Ac
320 360 431 394 quidem
446 360 510 386 dum
530 360 709 387 dicendorum
722 359 903 394 magnitudini
920 359 1049 390 intendit,

266 414 377 433 manum
390 406 430 432 ori
446 405 572 440 imponit.
587 413 618 432 ac
634 406 709 433 velut
721 405 787 440 quid
799 405 874 432 aliud
885 412 980 432 eorum
990 411 1051 439 quae

266 451 523 479 convenientissima
549 457 624 482 sunt,
654 451 729 478 surdi
753 450 805 478 sibi
825 459 858 478 ac
878 450 945 478 muti
967 450 1051 478 silen-

266 498 335 525 tium
352 497 458 524 indicit.
475 497 542 524 Cum
560 505 625 525 vero
651 498 763 532 spiritus
784 498 890 525 fervore
906 498 981 524 velut
996 496 1052 532 igni

266 543 341 570 intus
357 543 521 576 depasmnte
536 543 722 575 succenditur,
738 550 793 571 sua:
811 543 886 569 velut
907 541 1051 569 imbecilli-

268 589 330 615 tatis
352 588 447 620 oblita,
472 596 527 615 non
549 589 662 616 excitari
686 597 736 624 pro
757 589 886 616 facultate
905 589 938 616 ad
957 588 1052 615 lauda-

267 635 370 660 tionem
385 633 585 668 dcfungendam
602 643 657 662 non
672 635 785 670 patitur.
808 635 950 663 Undenam
970 635 1053 670 igitur

267 681 325 708 haec
340 680 468 707 solvenda
482 681 659 716 perplexitas,
681 682 733 709 nisi
755 682 807 709 hoc
830 690 896 714 uno,
917 681 941 709 si
961 681 994 709 ab
1010 682 1053 709 his

268 726 334 761 ipsis
354 726 402 761 qui
420 727 548 754 laudandi
569 732 644 760 sunt,
662 728 779 755 orationi
793 736 873 763 opem
887 728 1053 762 implorave-

268 771 376 798 rimus?
392 772 460 799 Nam
477 772 502 798 in
522 773 636 807 reliquis
657 773 769 807 quidem
789 774 968 808 argumentis,
986 773 1054 800 nihil

269 817 332 844 inde
344 817 404 852 opis
418 817 523 844 accedit
536 825 568 845 ac
583 819 635 845 nisi
648 823 742 845 orator
757 827 771 846 a
788 827 817 846 se
831 819 888 853 ipse
905 819 1054 846 instructus

1098 223 1198 254 ϐέσεως
1216 222 1375 257 πορίσαιτο·
1400 221 1527 255 παρεῖται
1542 219 1570 246 δὲ
1593 219 1640 246 καὶ
1675 219 1689 245 ὁ
1715 219 1805 253 λόγος,
1835 220 1882 253 ἑφ-

1099 266 1205 294 ικέσθαι
1219 267 1272 293 τῶν
1287 265 1463 301 ὑμνουμένων
1477 264 1673 301 ἀπορούμενος.
1685 263 1737 291 Καὶ
1751 264 1816 291 ὅταν
1832 263 1882 299 μὲν

1099 311 1218 344 ἀτενίζει
1234 310 1302 346 πρὸς
1319 311 1349 336 τὸ
1364 310 1479 346 μέγεθος
1491 310 1541 345 τῆς
1557 310 1724 341 ὑποθέσεως,
1748 309 1827 344 χεῖρα
1841 309 1883 335 τί-

1100 358 1162 392 οησι
1173 358 1211 393 τῷ
1225 358 1350 392 στόματι,
1363 357 1410 383 καὶ
1427 356 1522 391 ὥσπερ
1547 363 1574 382 τι
1600 355 1664 382 ἄλλο
1685 354 1739 381 τῶν
1765 354 1882 388 εὐλογω-

1100 404 1198 436 τὰτων,
1212 403 1260 439 τὴν
1275 402 1411 437 κώφευσιν
1425 401 1514 437 ἑαυτῷ
1534 401 1686 436 παρεγγυᾷ.
1704 400 1788 427 Ὅταν
1803 399 1832 427 ὁὶ
1849 401 1883 436 τῇ

1101 449 1174 481 ζέσει
1186 448 1233 475 τοῦ
1248 447 1414 483 πνεύματος,
1432 447 1469 479 ὡς
1484 447 1537 474 ἀπὸ
1557 447 1642 481 πυρὸς
1654 446 1729 473 ἔνδον
1751 446 1887 481 καταφλέ-

1101 503 1193 529 γηται,
1209 495 1259 528 τῆς
1274 494 1377 525 οίκείας
1393 493 1488 528 ὥσπερ
1502 492 1646 528 ἀδρανείας
1660 491 1885 527 ἐπιλελησμένος,

1101 541 1151 567 οὐκ
1167 540 1294 575 ἀνέχεται
1321 540 1358 574 μὴ
1373 539 1433 573 οὐχὶ
1462 538 1530 573 πρὸς
1556 535 1603 564 ἐὸν
1625 538 1791 572 ὲνὸιδύμενον
1811 535 1886 564 αἶνον

1101 586 1292 620 διεγείρεσθαι.
1308 585 1354 616 Τίς
1370 583 1416 612 οὖν
1433 584 1533 619 ταύτης
1544 585 1560 619 ἠ
1572 584 1648 616 λύσις
1661 585 1710 618 τῆς
1720 584 1885 619 ἀμηχανίας,

1102 633 1126 659 εί
1141 631 1178 667 μὴ
1190 632 1239 667 τὴν
1257 631 1310 658 ἀπὸ
1332 631 1385 658 τῶν
1406 631 1610 666 ἐπαινουμένων
1633 630 1722 657 αὐτῶν
1742 631 1887 665 συνεργίαν

1103 677 1315 712 ὲξαιτησαίμεθα
1328 677 1366 712 τῷ
1383 676 1471 712 λόγως
1495 676 1558 702 Ἐπὶ
1578 676 1631 702 τῶν
1658 675 1746 702 ἄλλων
1765 675 1812 710 μὲν
1834 676 1888 710 γὰρ

1104 723 1269 756 ὑποθέσεων,
1283 722 1395 758 οὐδεμία
1413 723 1478 757 παρ’
1490 723 1579 748 αὐτῶν
1597 722 1694 757 ἐφήκει
1719 722 1841 757 βοήθεια,
1863 723 1889 748 εί

1107 770 1144 804 μὴ
1161 769 1266 795 οἴκοθεν
1278 770 1292 795 ὁ
1313 768 1400 802 λέγων
1420 768 1606 803 ἀποχρώντως
1621 769 1684 804 ἥκοι
1715 777 1888 804 παρεσκευα-

1107 815 1223 850 σμένος·
1253 815 1299 840 sui.
1324 814 1378 840 τῶν
1414 813 1494 849 ιερῶν
1518 813 1547 840 δὲ
1575 814 1622 840 καὶ
1645 813 1730 847 ἁγίων
1755 813 1800 840 τοῦ
1823 813 1888 840 Θεοῦ

268 862 428 895 accesserit;
440 863 467 889 in
484 863 569 890 sacris
579 871 643 890 vero
656 863 811 898 sanctisque
826 864 873 890 Dei
889 865 960 896 filiis,
976 872 1054 891 secus

1115 861 1221 892 τέκνων,
1248 860 1365 895 ἔμπαλιν
1389 861 1495 895 ὁρᾶται.
1535 859 1735 896 Ἐξηπορῆοθαι
1759 861 1814 896 γὰρ
1841 861 1888 887 καὶ

269 911 391 942 apparet.
423 907 528 942 Quippe
560 909 617 942 ipsa
648 915 726 936 mens
751 909 951 943 sapicntissima
975 909 1056 944 inops

270 953 378 980 consilii
402 953 442 985 ﬁt,
466 954 701 989 discrtissimaque
718 955 845 989 perplexa
864 954 938 981 cedit
956 954 1055 986 oratio,

270 997 323 1025 nisi
346 998 381 1025 ab
408 998 466 1033 ipso
485 999 530 1026 cui
555 999 708 1026 laudandus
728 1003 779 1032 est,
801 1000 888 1035 gratia
904 1000 978 1036 large
996 1007 1058 1035 pro-

270 1049 386 1072 venerit.

306 1090 532 1126 Quandoquidem
550 1091 633 1126 igitur
647 1099 698 1118 nos
717 1099 832 1126 magnus
848 1092 930 1120 hodie
944 1092 1059 1121 Bartho—

270 1136 400 1169 lomteus,
435 1137 469 1164 ad
505 1137 592 1172 ipsius
625 1137 719 1172 gratim
748 1138 900 1166 claritatem
931 1139 1059 1168 laudibus

272 1182 476 1214 celebrandam.
499 1191 588 1210 annua
610 1188 769 1211 rccurrente
783 1185 914 1212 memoria
926 1193 1060 1213 convoca-

272 1228 321 1260 vit,
339 1236 448 1263 sumque
468 1228 491 1256 is
507 1229 662 1256 sanctitatis
687 1229 897 1265 magniﬁcentia,
923 1231 1060 1266 variisque

273 1274 414 1301 miraculis
442 1278 471 1301 et
500 1274 741 1310 perpessionihus,
771 1282 910 1311 cruceque
938 1277 1061 1304 cruciﬁxi

273 1328 356 1348 causa
376 1320 500 1349 tolerata.
515 1320 639 1355 prolatis,
652 1321 740 1348 nostri
763 1320 791 1348 in
808 1321 897 1356 ipsum
917 1322 971 1348 vim
987 1330 1063 1349 amo—

275 1367 314 1394 ris
321 1366 456 1399 accendit,
468 1366 672 1401 iriﬁammatque
680 1367 763 1394 etiam
779 1367 813 1394 ad
826 1367 898 1395 illius
906 1369 1063 1396 exomanda

275 1413 419 1445 miracula,
433 1413 528 1447 gratiae
540 1413 574 1440 ab
588 1413 648 1448 ipso
663 1413 874 1440 illustrationem
893 1414 1062 1447 invocemus,

275 1466 397 1493 veraque
419 1458 472 1486 ﬁde
491 1466 523 1485 ac
542 1458 656 1486 intentis
669 1459 798 1494 precibus
821 1459 855 1486 ab
876 1459 950 1487 illius
966 1461 1064 1494 spiritu

277 1504 407 1531 virtutem
417 1504 599 1536 attrahamus,
610 1508 691 1538 atque
703 1505 740 1532 ita
754 1504 924 1532 sanctissime
938 1513 970 1533 ac
984 1505 1064 1532 Chri—

1106 907 1151 933 τὸν
1161 906 1381 940 φιλοσοφώτατον
1393 906 1466 937 νοῦν,
1481 907 1528 946 χοι).
1539 906 1585 932 τὸν
1600 906 1891 942 ῥητορικώτατονὰμη-

1106 953 1196 988 χανεῖν
1216 951 1306 985 λόγον,
1329 952 1353 977 εί
1380 951 1417 986 μὴ
1437 952 1502 986 παρ’
1533 951 1617 978 αὑτοῦ
1639 951 1757 986 δαψιλῶς
1776 952 1793 987 ὴ
1809 952 1890 987 χάρις

1107 997 1315 1034 ὲπιὸραΰεὺοιτο
1332 998 1538 1034 ἐπαινουμένου.

1145 1089 1249 1116 Οὐκοῦν
1276 1089 1370 1124 ἐπειδὴ
1396 1089 1598 1124 Βαρθολομαῖος
1626 1090 1700 1124 ἡμᾶς
1729 1089 1849 1124 σήμερον
1877 1089 1892 1115 ὁ

1111 1136 1206 1172 μέγας,
1225 1135 1292 1171 πρὸς
1307 1135 1417 1162 ἔπαινον
1434 1135 1512 1170 δόξης
1527 1136 1576 1170 τῆς
1593 1134 1674 1161 αὑτοῦ
1693 1135 1813 1170 χάριτος,
1823 1136 1893 1162 κατὰ

1110 1183 1158 1218 τὴν
1172 1182 1280 1216 ἐτήσιον
1308 1182 1421 1216 μνήμην
1449 1181 1638 1212 συνεκάλεσεν,
1667 1181 1715 1207 καὶ
1736 1181 1784 1216 τῆς
1808 1182 1893 1214 ἁγιω-

1111 1228 1194 1263 σύνης
1207 1227 1288 1254 αὑτοῦ
1303 1227 1351 1262 τὴν
1370 1227 1562 1262 θεοπρέπειαν,
1578 1227 1626 1253 καὶ
1636 1227 1671 1253 τὰ.
1686 1227 1798 1253 ποικίλα
1825 1225 1893 1253 θαύ-

1113 1283 1185 1310 ματα
1202 1273 1248 1300 καὶ
1260 1273 1417 1309 παθήματα,
1432 1274 1479 1299 καὶ
1487 1273 1531 1299 τὸν
1544 1273 1613 1305 ὑπὲρ
1624 1273 1671 1299 τοῦ
1687 1272 1893 1308 ὲσταυρωμένου

1112 1319 1315 1356 προϐαλόμενος
1341 1318 1469 1354 σταυρὸν,
1498 1318 1650 1346 ἀνέκαυσεν
1677 1318 1726 1353 μὲν
1755 1318 1834 1353 ἡμῶν
1865 1318 1896 1344 τὸ

1114 1368 1224 1402 φίλτρον
1240 1367 1271 1393 τὸ
1285 1367 1353 1402 πρὸς
1370 1366 1449 1393 αὐτόν
1465 1374 1472 1381 ο
1493 1365 1608 1393 ἀνάπτει
1626 1365 1654 1391 δὲ
1680 1366 1727 1391 καὶ
1752 1364 1820 1399 πρὸς
1844 1363 1893 1397 τὴν

1112 1414 1168 1441 τῶν
1183 1412 1266 1439 αὐτοῦ
1282 1412 1441 1447 Θαυμασίων
1462 1411 1641 1447 ἀναχήρυξιν,
1668 1409 1896 1444 ὲπικαλεσώμεθα

1113 1457 1163 1493 τὴν
1178 1458 1226 1484 ἀπ’
1239 1456 1321 1483 αὑτοῦ
1337 1456 1385 1491 τῆς
1403 1456 1515 1491 χάριτος
1537 1455 1678 1490 έλλαμψιν,
1706 1455 1753 1480 καὶ
1778 1454 1828 1488 τὴν
1845 1454 1899 1480 ἀπὸ

1115 1500 1162 1527 τοῦ
1202 1499 1358 1534 πνεύματος
1398 1499 1480 1526 αὑτοῦ
1511 1499 1628 1534 δύναμιν
1666 1498 1700 1525 δι’
1733 1498 1897 1533 εἰλικρινοῦς

278 1550 367 1577 stiana
384 1557 448 1577 vere
469 1551 571 1585 pietate
584 1558 691 1577 sacrum
705 1554 787 1585 caput
800 1559 832 1578 ac
847 1550 948 1578 Christi
971 1551 1063 1586 gratiis

1117 1545 1234 1576 πίστεως
1260 1545 1306 1571 καὶ
1323 1545 1524 1580 συντεταμένης
1543 1545 1759 1580 ἐπισπασώμεοα
1781 1553 1898 1580 προσευ-

273 1593 471 1627 ’revcrendum,
497 1599 626 1630 tanquam
648 1595 772 1627 floribus,
792 1595 921 1623 laudibus
933 1604 1067 1623 coronan—

279 1645 332 1673 tes,
347 1640 375 1667 in
389 1647 453 1667 cum
465 1644 532 1675 puto
553 1640 665 1667 modum
682 1641 817 1676 tantisper
839 1641 1006 1669 desiderium
1019 1650 1066 1669 so-

280 1727 329 1755 sed
349 1726 474 1754 timorem
490 1727 613 1759 abstulit,
634 1727 708 1762 quod
720 1727 792 1755 idem
813 1735 929 1763 magnus
942 1727 1067 1761 antistes,

282 1763 399 1790 Romani
414 1763 512 1790 summi
531 1763 663 1790 antistitis
679 1768 758 1795 nutu,
783 1764 927 1797 pristinam
952 1763 1069 1790 Bartho-

281 1798 389 1829 lomaao,
404 1805 436 1824 ac
456 1798 564 1832 reliquo
588 1798 673 1825 choro
687 1798 867 1831 duodenario,
879 1798 1069 1825 celebritatem

281 1833 367 1868 auxit.
377 1833 581 1868 majoribusque
590 1833 689 1860 animis
699 1833 778 1868 plebs
786 1833 978 1861 omnisdevota
992 1834 1068 1860 colit.

318 1867 672 1904 Bartholommisententia,
685 1867 767 1904 quam
787 1869 864 1899 citat.
888 1876 920 1896 ex
941 1869 1069 1904 Dionysio

302 1903 379 1934 etita,
400 1902 412 1928 1
436 1903 474 1929 De
497 1902 575 1937 Myst.
596 1902 698 1935 Tlteol.,'
723 1903 770 1938 ubi
781 1907 845 1930 sunt
856 1904 938 1938 paulo
949 1904 1001 1930 alia
1011 1902 1071 1930 ver-

303 1944 329 1968 a.
338 1945 435 1972 nempe
449 1936 595 1971 Θεολογίαν
606 1937 706 1973 πολλὴν
718 1936 789 1965 εἶναι
799 1939 846 1964 καὶ
856 1936 1011 1973 ἐλαχίστην·
1023 1939 1071 1965 καὶ

282 1973 316 2009 ’τὸ¹
329 1973 493 2009 Εὑαγῖέλιον
510 1972 596 2009 πλατὺ
613 1974 660 1999 καὶ
674 1972 756 2007 μέγα,
772 1974 820 2000 καὶ
831 1972 1071 2009 abaequva-

284 2007 364 2042 μένον
384 2016 390 2022 ·
407 2007 573 2043 ᾝιαοιοθὶιιηι
590 2012 614 2034 et
629 2009 760 2043 copiosam
775 2016 839 2040 esse,
851 2013 875 2035 et
887 2017 988 2035 summe
1006 2007 1065 2035 eici-

283 2050 364 2077 guam
378 2049 388 2074 ;
403 2042 628 2079 Evangeliumque
642 2048 668 2070 et
682 2044 802 2078 amplum
824 2048 848 2070 et
878 2052 1014 2079 magnum,
1039 2051 1070 2070 ac

283 2085 375 2104 rurqu
398 2079 540 2105 concisum.
565 2078 616 2106 Ubi
637 2079 665 2105 in
687 2079 795 2106 Maximi
810 2078 1070 2106 scholio'errorir-

283 2112 380 2148 repsit,
397 2113 586 2140 emendandus
596 2121 629 2140 ex
645 2113 705 2148 ipsa
719 2113 791 2141 serie
805 2118 833 2140 et
850 2122 884 2141 ex
898 2114 1068 2141 Pachimere.

284 2146 386 2184 Probat
397 2148 535 2184 Maximus
544 2155 604 2175 esse
620 2146 768 2183 genuinum
791 2156 860 2183 opus
888 2150 1069 2184 Areopagitae,

284 2188 318 2208 ex
326 2183 510 2217 simplicitate,
523 2191 576 2217 qua
590 2184 618 2210 in
630 2184 819 2218 superioribus
833 2184 926 2212 citavit
950 2183 1071 2211 auctori-

285 2220 365 2249 tates.
381 2219 503 2257 χρήσεις,
515 2218 696 2257 quorumdam
716 2219 838 2257 quicum
853 2219 985 2257 apostolis
996 2219 1070 2257 vixeo
1088 2220 1108 2247 D
1123 2224 1204 2246 natur
1211 2223 1339 2257 _mentein
1355 2219 1486 2257 Dionvsii.
1502 2219 1541 2245 Ne

286 2257 352 2289 runt
365 2260 373 2284 ;
385 2256 417 2289 et
427 2253 474 2278 νῦν
494 2253 695 2289 ῃαραπλησίως
707 2253 754 2280 τοῦ
767 2254 840 2280 θείου
867 2253 1071 2289 Βαρθολομαίου

285 2287 383 2327 χρῆσιν
402 2287 474 2330 ᾷγει,
485 2287 524 2319 ὡς
537 2287 659 2322 amores,
671 2289 776 2330 φησίν.
793 2289 823 2315 Εἰ
838 2287 968 2324 ἀγράφως
978 2287 1012 2325 ἦν
1031 2289 1071 2315 δι-

286 2321 379 2358 δαξσις.
393 2330 502 2358 Ξιρηχει
525 2322 569 2353 ἂν,
587 2324 675 2358 Ἔφη.
693 2324 743 2351 Ubi
760 2324 842 2351 Cord.
859 2333 866 2350 :
882 2324 958 2351 Modo
980 2323 1071 2351 simili-

372 2342 379 2352 ,
395 2338 502 2353 styqnu
525 2338 569 2353 νιν,
599 2338 675 2353 by".
693 2338 743 2351 υυι
760 2338 842 2351 υυιιι.
860 2338 866 2350 ;
882 2338 958 2351 muuv
980 2338 1073 2351 anulu-

288 2341 335 2392 te;
389 2341 578 2385 Barrt‘holomw’i
589 2341 747 2385 .ῖῆἐᾶιῖἷῆ

345 2392 473 2432 declarat.
494 2393 737 2432 Nam_si‘absque_
755 2395 853 2432 scripto
912 2395 1071 2432 tradidisset,

288 2427 379 2462 utique
392 2427 508 2460 dixisset,
523 2428 605 2456 Dixit.
616 2427 699 2462 Quasi
711 2427 842 2456 nimirum
851 2431 915 2457 velit
929 2430 1073 2461 Maximus,

288 2461 518 2499 Bartholomarum
530 2464 634 2498 aliquid
648 2464 801 2499 scripsisse,
817 2469 898 2499 atque
913 2465 940 2492 id
957 2465 1010 2492 sibi
1029 2465 1072 2490 vi-

290 2497 388 2535 deatur
403 2506 441 2535 ex
451 2497 586 2535 Dionysio,
595 2500 654 2534 ipso
666 2497 805 2535 colligere.
825 2497 882 2527 Nec
902 2500 982 2527 aliter
1002 2500 1074 2526 Lan-

290 2532 340 2569 sel.
352 2541 359 2569 ς
371 2533 444 2567 quod
460 2534 498 2561 ita
517 2532 646 2567 sensisse,
664 2535 708 2562 vel
728 2532 793 2562 inde
811 2535 932 2562 voluisse
946 2535 1074 2569 colligere

290 2567 436 2605 Maximum
449 2569 539 2596 virum
552 2570 794 2605 sapientissimum,
813 2567 1073 2605 perridiculum‘est;

293 2603 365 2642 unde
391 2604 510 2642 Pachiui.
539 2603 595 2632 non
616 2606 702 2642 magis
725 2603 861 2642 Dionysii,
882 2613 965 2642 quam
988 2605 1075 2640 ipsius

291 2637 400 2675 Maximi
417 2638 565 2667 ﬁdissimus
590 2637 804 2675 paraphrastesf
822 2637 900 2667 Μετᾶ
917 2637 1014 2673 ταῦτα,
1029 2642 1076 2666 καὶ

291 2673 423 2710 ᾴγρᾴφως
440 2673 637 2709 παραδοθεῖσαν
653 2673 750 2710 χρῆσιν
764 2675 811 2702 τοῦ
828 2677 906 2710 ἁγίου
927 2676 1075 2702 ἀποστόλου

291 2707 494 2746 βαρθολομαίου
523 2711 632 2746 τίθησιν,
654 2707 755 2746 ἆξολλὴν
784 2711 832 2737 καὶ
852 2707 996 2746 ἐλαχίστην
1027 2711 1076 2746 τὴν

292 2742 431 2777 θεολογίαν
459 2742 710 2781 λέγοντοςηυρὶηαε
734 2742 918 2772 ἰταιίὶιὶοηηΐ
934 2742 1077 2781 quamdam

291 2784 344 2804 non
351 2781 478 2814 scriptam
489 2782 573 2807 sancti
586 2780 774 2807 Bartholomazi
786 2782 897 2815 apostoli
911 2782 994 2816 ponit,
1008 2781 1078 2808 mul-

294 2815 351 2840 tam
365 2822 419 2841 esse
433 2815 601 2841 theoloaiam.
624 2822 678 2841 etc.
697 2818 742 2841 Sic
757 2824 823 2841 eruo
838 2820 866 2841 et
887 2817 956 2841 Max.
977 2825 982 2841 :
1002 2817 1077 2841 Χοῆ-

296 2817 351 2840 lam
365 2822 419 2841 esse
433 2817 601 2850 theologiam,
624 2822 678 2844 etc.
697 2818 742 2843 Sic
757 2824 823 2850 ergo
838 2820 866 2843 et
887 2817 956 2842 Max.
977 2825 982 2842 :
1002 2817 1077 2851 Χρῆ-

296 2855 339 2874 σιν
356 2849 479 2885 ἄγραφον
490 2851 608 2885 ἅγει,ὡς
619 2851 693 2886 δηλοῖ
710 2851 750 2884 τὸ,
765 2852 869 2885 φησιν.
899 2851 928 2877 Et
944 2852 998 2886 γὰρ
1032 2853 1078 2885 έγ-

1117 1592 1168 1627 χῆς
1181 1599 1188 1606 ⁶
1208 1592 1255 1618 καὶ
1271 1591 1341 1618 οὕτω
1360 1592 1523 1626 πανευαγῶς
1537 1591 1586 1628 τὴν
1618 1593 1694 1627 ἱερὰν
1723 1591 1830 1626 ἐκείνην
1852 1591 1899 1617 καὶ

1116 1638 1312 1674 Χριστοπρεπῆ
1339 1639 1395 1669 τοῖς
1414 1638 1537 1670 ἐπαίνοις
1569 1638 1607 1670 ὡς
1634 1637 1743 1665 ἄνθεσιν
1766 1636 1901 1671 ἀναδησά-

1117 1729 1231 1764 γράφως
1243 1726 1277 1763 ἦν
1291 1727 1410 1760 διδάξας,
1436 1728 1541 1764 εἰρήκει
1564 1729 1606 1759 ἂν.
1626 1728 1725 1764 Ἔφη,
1739 1727 1903 1755 Sententiam

1119 1763 1170 1791 non
1197 1764 1323 1797 scriptam
1347 1764 1463 1794 adducit,
1488 1765 1526 1790 uti
1553 1764 1669 1795 verbum,
1696 1763 1752 1795 Ait,
1771 1763 1903 1791 dcclarat:

1118 1799 1188 1826 Nam
1197 1800 1219 1825 si
1237 1800 1334 1834 scripto
1359 1799 1385 1825 id
1402 1799 1562 1831 tradidisset,
1576 1800 1664 1834 utique
1677 1799 1794 1834 dixisset,
1820 1798 1902 1825 Dixit.

1120 1834 1169 1861 Est
1185 1834 1212 1861 id
1228 1834 1338 1868 quidem
1353 1834 1482 1861 subtilius
1497 1842 1578 1869 quam
1604 1833 1707 1865 verius,
1735 1833 1847 1869 aliquid?
1864 1838 1904 1860 ta-

1120 1877 1181 1896 men
1198 1869 1448 1905 momentirhabcns
1461 1869 1494 1895 ad
1505 1868 1689 1905 conjecturam
1704 1877 1712 1902 ;
1727 1873 1757 1905 ut
1776 1868 1848 1905 quod
1862 1869 1904 1905 vi-

1120 1912 1154 1931 va
1173 1912 1251 1936 voce,
1264 1904 1342 1938 qnasi
1355 1904 1389 1931 de
1401 1905 1540 1938 praesenti.
1557 1903 1587 1931 et
1599 1912 1693 1931 rumor
1708 1903 1803 1930 volan's
1821 1903 1905 1938 signi-

1121 1939 1239 1971 ﬁcetur;
1271 1939 1344 1974 quod
1369 1946 1436 1966 vero
1464 1940 1597 1974 scriptum
1621 1943 1682 1971 est,
1700 1938 1734 1966 de
1756 1939 1903 1974 praterito,

1122 1975 1200 2009 quasi
1210 1979 1310 2006 ratum,
1319 1981 1353 2001 eo
1363 1974 1437 2009 quod
1450 1973 1528 2002 libris
1539 1978 1566 2002 et
1577 1974 1678 2002 charta:
1689 1981 1738 2001 seu
1751 1973 1851 2000 tabulis
1863 1973 1906 2000 in-

1122 2008 1225 2036 sertum
1238 2014 1290 2036 est.
1299 2008 1457 2036 Proniiscue
1475 2014 1565 2036 tamen
1579 2009 1620 2041 τὸ,
1636 2010 1712 2044 φησι,
1725 2013 1753 2035 et
1766 2008 1817 2042 ἔφη
1827 2016 1906 2035 usur-

1121 2050 1231 2079 pantur,
1246 2045 1364 2072 citandis
1376 2045 1418 2071 vel
1431 2044 1592 2079 Scripturis,
1611 2045 1653 2071 vel
1666 2044 1803 2079 .aliorum
1823 2044 1906 2070 etiam

1121 2078 1177 2106 non
1191 2080 1300 2114 scriptis
1311 2079 1466 2107 sententiis.
1480 2078 1528 2107 Vel
1547 2084 1621 2107 certe
1636 2079 1709 2114 quod
1734 2078 1827 2114 magis
1838 2113 1841 2114 ν
1854 2086 1906 2112 pu-

1122 2120 1188 2147 tem,
1214 2113 1296 2142 et’ne
1321 2115 1362 2142 sic
1385 2114 1482 2141 leviter
1502 2113 1690 2141 existimemus
1704 2113 1803 2139 lusisse
1820 2113 1905 2140 Maxi-

1122 2157 1207 2183 mum,
1217 2157 1266 2184 pro
1276 2149 1326 2183 έφη
1337 2150 1375 2183 (in
1387 2157 1442 2183 quo
1454 2149 1499 2176 vix
1520 2148 1622 2184 aliquid
1642 2147 1810 2184 discriminis
1833 2153 1876 2175 est
1890 2155 1906 2175 a

1122 2192 1189 2212 voce
1197 2183 1275 2219 φησι)
1291 2184 1432 2218 scripserit
1452 2185 1563 2218 γράφει,
1581 2184 1608 2210 in
1630 2190 1684 2219 quo
1703 2183 1842 2209 subtiliter
1858 2191 1907 2210 ve-

1544 2226 1605 2245 mne
1616 2218 1638 2245 si
1654 2218 1817 2245 sententiam
1836 2218 1906 2245 scri-

1123 2227 1204 2246 natur
1219 2227 1339 2246 mentem
1355 2227 1486 2253 utonysu.
1503 2227 1605 2280 “(311318
1616 2227 1638 2245 SI
1654 2227 1817 2245 sententiam
1836 2227 1905 2245 SCI'I-

1122 2259 1198 2291 ptum
1211 2253 1402 2291 Bai-tholomzei
1419 2254 1541 2291 citasset,
1584 2254 1690 2291 icturus
1708 2257 1771 2291 erat
1793 2254 1905 2291 γρᾴφει,

1122 2288 1222 2321 scribit,
1236 2290 1302 2317 utin
1316 2289 1452 2323 ejusmodi
1465 2289 1546 2321 solet,
1560 2296 1614 2316 non
1630 2288 1722 2323 φησὶν,
1745 2288 1792 2315 ait.
1822 2289 1909 2322 Argu-

1122 2297 1222 2321 scrwu,
1236 2297 1302 2317 utin
1316 2297 1452 2323 ejusmooi
1465 2297 1546 2321 sciet,
1560 2297 1614 2316 non
1630 2297 1648 2323 φ
1670 2297 1722 2318 σιν,
1745 2297 1792 2315 au.
1822 2297 1907 2322 argu-

1122 2328 1264 2353 mcnboest
1287 2323 1325 2350 De
1340 2323 1422 2351 divin.
1435 2331 1507 2350 nom.
1528 2333 1553 2351 c.
1564 2325 1591 2356 4,
1605 2323 1619 2359 §
1636 2297 1680 2356 l3,
1692 2323 1739 2350 ubi
1762 2323 1866 2359 lfpa’tcpst
1878 2323 1907 2349 δὲ

1123 2362 1170 2388 καὶ
1188 2359 1282 2395 ῥθεῖος
1294 2358 1436 2395 Ἰγνάτιος,
1455 2367 1464 2384 t
1490 2359 1518 2386 '0
1532 2360 1598 2395 ὲμδς
1607 2357 1686 2395 Ἔρως
1699 2357 1880 2395 ὲσταιξρωται.
1893 2367 1902 2383 ι

1124 2394 1219 2422 Scribit
1227 2395 1329 2421 divinus
1340 2393 1477 2428 Ignatius:
1491 2403 1500 2420 ‹
1514 2393 1595 2422 Amor
1607 2393 1679 2421 meus
1695 2394 1832 2427 cruciﬁxus
1842 2398 1903 2425 eam

1124 2429 1196 2465 quod
1213 2430 1336 2465 agnoscit
1347 2430 1479 2457 Maximus
1492 2438 1548 2456 non
1567 2437 1648 2465 posse
1662 2429 1789 2463 intelligi,
1807 2428 1858 2455 nisi
1873 2428 1908 2455 de

1124 2464 1226 2499 scripta
1236 2464 1377 2491 sententia
1391 2473 1398 2497 ;
1413 2465 1461 2492 sed
1478 2465 1521 2492 vel
1536 2464 1711 2492 subdititium
1732 2468 1819 2498 putat,
1831 2468 1866 2499 ret
1875 2471 1909 2490 ex

1125 2498 1247 2534 margine
1260 2500 1288 2526 in
1301 2504 1377 2527 textu
1391 2501 1507 2532 illatum,
1519 2509 1534 2527 a
1551 2508 1606 2535 quo
1617 2501 1693 2527 nullo
1720 2499 1795 2535 hiatu
1813 2498 1909 2525 abesse

1125 2537 1225 2571 possit:
1239 2535 1357 2571 velraliis
1372 2535 1514 2570 scripsisse
1522 2534 1654 2570 lgnatium
1672 2542 1752 2569 quam
1768 2534 1908 2571 Romanis,

1126 2569 1241 2606 aliisque
1252 2570 1375 2606 epistolis
1387 2569 1473 2598 abiis
1501 2569 1568 2604 quas
1600 2571 1724 2605 proxime
1744 2569 1909 2606 martyrium

1126 2604 1250 2634 factu—rus
1273 2605 1400 2639 pluribus
1422 2607 1541 2640 scripsit.
1561 2604 1691 2640 Utiquasi
1711 2605 1832 2640 solemne
1859 2604 1910 2640 hoc

1127 2641 1239 2668 eﬂatum
1258 2641 1397 2673 habuerit,
1414 2649 1445 2668 ,ιε
1460 2639 1508 2676 pro
1528 2649 1557 2669 re
1585 2639 1658 2672 nata,
1685 2647 1767 2666 verus
1799 2639 1911 2676 Joannis

1128 2677 1283 2711 amorisque
1296 2676 1457 2711 discipulus,
1468 2680 1495 2702 et
1508 2684 1555 2703 ore
1569 2680 1597 2703 ct
1610 2676 1712 2709 scripto
1726 2675 1910 2711 usurpaverit.

1129 2712 1192 2739 Haec
1207 2709 1258 2747 pro
1269 2718 1330 2738 mea
1348 2709 1375 2738 iii
1392 2711 1540 2738 Maximum
1565 2711 1751 2747 observantia,
1787 2709 1910 2747 quandiu

1128 2744 1331 2774 levissimiaeris
1341 2747 1455 2781 penuria
1471 2754 1526 2772 non
1542 2747 1608 2773 satis
1623 2746 1690 2772 Inibi
1707 2745 1771 2771 licet
1786 2744 1856 2781 votis
1871 2744 1910 2781 illi

1129 2782 1250 2815 defungi,
1267 2789 1299 2808 ac
1309 2779 1380 2816 quod
1395 2786 1482 2816 coepta
1507 2781 1651 2816 adultaque
1662 2781 1758 2811 editio,
1771 2779 1804 2806 ad
1823 2779 1913 2805 umbi-

1129 2816 1212 2844 licum
1227 2821 1333 2843 mature
1349 2816 1415 2843 satis
1437 2816 1588 2851 perducere
1606 2825 1613 2843 :
1646 2821 1721 2843 tanta
1746 2819 1912 2842 nostrtatum

1130 2853 1157 2878 in
1175 2860 1232 2880 rem
1245 2851 1407 2880 litterariam
1422 2858 1581 2888 sacramque
1596 2853 1725 2879 munera!
