2078 3154
209 143 262 178 201

550 138 691 170 ORATIO
708 139 743 169 Χ.
755 151 787 156 -
804 138 845 169 ΙΝ
864 137 1022 169 LAUDEM
1040 137 1068 166 S.
1090 135 1372 166 BARTHOLOMZEI
1389 135 1518 166 APOST.

1783 139 1840 172 202

209 207 286 236 μενοι
301 197 436 232 κεφαλὴν,
460 186 579 230 μετρίως
597 195 630 221 ἂν
647 194 745 226 οὕτως,
763 191 852 228 οἶμαι,
871 201 999 227 παραμυ-

1054 191 1178 218 labimur.
1202 191 1281 218 Nulla
1303 191 1377 218 enim
1399 191 1469 218 adeo
1494 199 1524 218 re
1548 191 1659 220 divinus
1683 192 1839 222 divinorum

208 244 364 279 θησαίμεθα
383 242 429 270 τὸν
444 241 537 268 πόθον.
557 240 653 267 Οὐδενὶ
668 240 723 274 γὰρ
736 239 808 266 οὕτω
822 240 837 265 6
854 239 926 270 θεῖος
944 238 999 265 τῶν

209 291 288 318 θείων
303 290 383 324 ἔρως,
399 288 437 320 ὡς
448 287 553 322 ἐπαίνῳ
568 286 623 313 τῶν
636 285 852 321 ὲπιθυμημένων
878 285 927 311 καὶ
949 293 1000 311 πα-

212 336 371 372 ρακαλεῖται
385 335 433 361 καὶ
448 332 666 368 παραμυθεῖται.

243 381 327 415 Δεῦρο
341 380 375 416 δὴ
386 377 444 412 οὖν,
463 375 485 405 ὣ
500 377 708 412 σεᾶασμιώτατε
722 376 769 403 καὶ
801 375 978 411 λαμπρότατε
991 383 998 391 ·

210 427 290 463 δεῦρό
304 435 360 462 μοι,
377 426 483 460 πάρεσο
504 424 652 458 πνεύματι,
680 423 718 454 ὡς
742 421 852 456 πνεῦμα
875 421 1001 456 καθαρώ-

209 482 291 501 τατον
321 472 370 499 καὶ
401 470 610 504 παναγέστατον
633 468 683 501 ὢν,
699 469 746 495 καὶ
773 467 822 494 τοῦ
849 467 927 500 ἁγίου
954 466 1001 492 καὶ

211 517 359 554 θεαρχικοῦ
385 516 544 551 Πνεύματος
562 515 685 549 γέννημα
702 513 750 540 καὶ¹
773 513 912 547 ὁμοίωμα.
929 512 1000 546 Ἐμ-

211 571 328 590 πνευσον
341 561 414 594 νοῦν,
434 561 590 595 ἑμπνευσον
615 559 694 593 λόγον
707 567 714 574 ·
731 558 804 590 νοῦν,
833 557 1000 592 θεωρητικὸν

209 610 259 644 τῆς
271 609 320 643 σῆς
335 606 533 642 ἁγιοπρεπείας
544 605 591 631 καὶ
608 604 735 640 θεότητος
750 612 757 618 ·
772 603 862 637 λόγον,
872 602 922 637 τῆς
933 602 1001 637 ὑμε-

209 655 292 689 τέρας
316 651 513 687 ὲκφαντορικὸν
539 650 772 685 θαυμασιότητος,
800 649 833 675 ἶν’
855 648 1001 682 ἀμφότερα

209 701 256 727 καὶ
265 699 328 731 νοῦς
341 699 388 726 καὶ
403 699 481 732 λόγος
496 698 564 733 ἡμῖν
583 697 732 730 ἀγιάζηται
757 695 805 722 καὶ
833 694 1000 729 λαμπρύνη-

208 754 267 778 ται,
282 745 317 771 τὰ
331 744 364 770 σὰ
380 743 521 777 θαυμάσια
543 742 590 768 καὶ
609 740 811 775 διανοουμένοις
826 739 873 766 καὶ
888 739 1000 773 διηγου-

211 790 303 823 μένοις
321 788 406 814 ἐπεὶ
431 787 479 814 καὶ
513 786 544 812 τὸ
571 786 617 812 ἐπὶ
645 786 757 820 μνήμης
787 784 867 818 μόνον
893 783 998 815 λαϐεῖν,

209 834 346 869 ἁγιασμός
357 842 387 859 τε
398 833 445 859 καὶ
453 831 604 866 φωτισμος,
615 831 665 865 οὐχ
678 827 759 866 ἦττον
775 830 844 865 ἡμῖν
868 830 926 861 τοῖς
951 829 1000 863 μό-

1052 244 1140 268 amor,
1154 243 1186 263 ac
1199 243 1294 263 eorum
1307 236 1388 263 laude
1400 236 1448 270 qui
1462 236 1549 263 amori
1562 236 1710 270 habentur,
1721 238 1842 266 lenimen

1053 286 1136 316 atque
1154 281 1275 308 solamen
1290 281 1471 309 naneiseitur.

1088 369 1191 397 Adesto
1213 369 1307 404 igitur,
1328 375 1345 396 ο
1363 369 1599 397 venerabilissime
1620 377 1651 398 ac
1673 371 1842 405 clarissime;

1053 415 1159 448 adesto,
1188 421 1288 450 prarsto
1314 415 1352 442 sis
1374 414 1482 449 spiritu,
1505 419 1535 442 ut
1559 416 1605 450 qui
1626 416 1791 450 purissimus
1812 425 1844 445 ac

1054 461 1244 490 sanctissimus
1264 461 1377 495 spiritus
1389 461 1437 492 sis,
1452 461 1595 496 sanctique
1610 469 1642 488 ac
1658 462 1744 490 divini
1757 463 1844 498 Spiri-

1055 511 1099 535 tus
1119 507 1229 534 soboles
1242 513 1275 533 ac
1287 506 1478 533 simulacrum.
1500 506 1597 541 As-pira
1617 514 1737 540 sensum,
1753 509 1844 543 aspira

1054 551 1228 579 orationem:
1253 559 1364 579 sensum
1388 551 1545 586 mentisque
1570 551 1790 587 intelligentiam,
1809 554 1844 581 ad

1055 596 1209 625 sanctitatis
1221 604 1254 624 ac
1268 597 1379 624 deitatis
1393 597 1446 624 tua:
1460 597 1698 632 contemplandam
1719 599 1845 633 magniﬁ-

1055 643 1189 676 centiam;
1216 643 1385 674 orationem,
1407 642 1441 669 ad
1459 643 1615 670 mirabilem
1640 643 1695 670 oris
1719 652 1844 672 sermone

1054 687 1254 722 explanandam
1284 691 1403 714 vestram
1432 687 1635 722 praestantiam;
1662 696 1717 723 quo
1740 689 1845 717 scilicet

1054 737 1205 768 utrumque
1230 732 1338 768 (sensus
1355 733 1459 767 pariter
1481 737 1563 767 atque
1582 741 1670 767 mens,
1694 738 1722 761 et
1745 735 1844 770 oratio)

1054 779 1239 814 cogitantibus
1262 778 1344 806 nobis
1365 786 1397 805 ac
1420 779 1599 812 loquentibus
1626 783 1672 806 tua
1696 779 1843 813 mirabilia,

1054 825 1242 853 sanctiﬁcetur
1257 832 1290 852 ac
1306 824 1497 859 splendescat:
1524 825 1624 860 quippe
1641 833 1703 853 cum
1722 827 1765 853 vel
1786 827 1845 861 ipsa

209 890 249 916 νῳ
279 868 538 913 κατοπτριζομένοις
559 877 599 911 τῷ
628 876 775 910 πνεύματι,
807 875 824 910 ἢ
853 876 909 906 τοῖς
936 875 1000 909 πρὶν

1054 870 1186 897 duntaxat
1200 870 1292 901 animo
1311 873 1452 904 assumpta
1471 870 1509 897 tui
1528 871 1669 902 memoria,
1692 871 1845 899 sanctiﬁca—

214 926 284 961 μετὰ
312 925 360 951 τοῦ
390 924 464 960 ῐεροῦ
492 923 610 958 σκήνους
638 921 739 958 ὁρῶσιν
764 920 1003 957 ἀναστρεφόμενον

211 971 334 1009 irruit;-

244 1102 301 1130 Καὶ
315 1101 369 1138 γὰρ
386 1100 513 1136 νηπιὸθεν
530 1100 589 1131 ὅλος
604 1099 793 1134 ἀφιερωμένος
810 1099 850 1134 τῷ
864 1098 936 1133 Θεῷ,
953 1098 1002 1124 καὶ

211 1149 331 1183 σχήματι
356 1147 500 1178 εὐλαϐείας
526 1146 574 1173 καὶ
602 1146 746 1180 πράγματι
774 1144 931 1176 θεοσεὸείας
955 1144 1003 1171 καὶ

210 1191 258 1218 τοῦ
280 1191 364 1225 νόμου
389 1191 489 1227 μελέτῃ
505 1191 552 1217 καὶ
571 1189 626 1217 τῶν
648 1190 764 1216 ἐντολῶν
787 1189 906 1224 φυλακῇ,
934 1189 1002 1224 πρὸς

211 1237 261 1272 τὴν
276 1236 448 1272 τελειοτέραν
465 1235 798 1272 προπαρασκευαζόμενος
816 1234 983 1268 θεογνωσίαν
993 1240 1001 1249 ·

211 1279 282 1310 οἶδεν
300 1283 356 1318 γὰρ
372 1282 476 1318 Κύριος
501 1282 555 1309 ἀπὸ
583 1281 700 1317 γαστρὸς
730 1281 852 1315 ἁγιάζειν
879 1281 942 1312 τοὺς
962 1281 1002 1307 οξ-

211 1329 312 1360 κεζους,
327 1329 375 1355 καὶ
398 1329 457 1363 ἅμα
481 1329 514 1363 τῇ
539 1327 634 1362 πρώτῃ
659 1328 823 1353 συνεισιέναι
841 1326 938 1353 πλάσει
956 1326 1003 1353 καὶ

212 1374 335 1410 ἀοράτως
360 1374 521 1409 ἐφέπεσθαι,
539 1373 586 1400 καὶ
609 1373 678 1409 πρὸς
705 1373 803 1400 ἑαυτὸν
828 1371 1003 1399 κατευθύνειν

213 1421 260 1446 καὶ
279 1420 420 1456 ποδηγεῖν,
437 1419 532 1454 ἐπειδὴ
557 1419 571 1445 6
592 1419 641 1454 τῆς
665 1419 784 1449 πίστεως
809 1417 931 1453 ἀρχηγὸς
957 1418 1004 1444 καὶ

211 1465 357 1500 τελειωτὴς
384 1464 508 1499 ἐπεφάνη
534 1464 673 1499 Χριστὸς,
693 1464 739 1490 καὶ
761 1463 852 1490 πᾶσαν
879 1462 929 1498 μὲν
953 1462 1004 1497 τὴν

219 1510 348 1537 Ἰουδαίαν
365 1511 410 1537 καὶ
423 1509 568 1537 Γαλιλαίαν
579 1510 723 1543 ἐπεφοίτα,
741 1509 792 1544 τὴν
807 1509 862 1535 τῶν
879 1508 1003 1543 οὐρανῶν

214 1556 352 1591 βασιλείαν
391 1555 650 1591 εὐαγγελιζόμενος·
678 1556 724 1582 καὶ
755 1555 919 1590 Θαυμασίοις
949 1555 999 1590 μὲν

212 1602 313 1636 λόγοις,
331 1601 570 1636 θαυμασιωτέροις
589 1601 617 1627 δὲ
628 1600 732 1634 ἔργοις,
744 1601 794 1634 τὴν
808 1599 862 1626 τῶν
878 1600 1001 1634 Εὑαγγε-

212 1647 276 1673 λίων
301 1647 430 1682 ἀλήθειαν
446 1646 640 1681 πιστούμενος,
653 1646 688 1672 τὰ
702 1645 861 1672 ἀπολωλότα
876 1646 1001 1680 πρόϐατα

213 1695 280 1730 πρὸς
294 1695 391 1721 ἑαυτὸν
406 1694 556 1728 ἑπισυνῆγε
583 1692 631 1719 τοῦ
652 1693 777 1728 Ἰσραήλ·
804 1692 865 1718 τότε
886 1692 928 1727 δὴ,
940 1692 1001 1719 τότε

213 1740 261 1765 καὶ
276 1739 321 1765 τὸν
345 1738 471 1774 ἀληθινὸν
492 1739 587 1765 τοῦτον
608 1737 778 1773 Ἰσραηλίτην
789 1737 918 1764 ἐκάλεσεν
930 1737 1001 1773 Βαρ-

213 1785 274 1811 θολο
277 1785 365 1819 μαῖον.

249 1830 283 1856 ’Π
298 1828 344 1857 οὖν
371 1828 466 1863 οὗτος
484 1828 548 1865 ⁷Αρ¹
564 1830 723 1865 ἀπηνήνατο
737 1829 782 1856 τὸν
798 1829 968 1864 κεκληκότας
983 1829 1000 1864 ἢ

213 1876 338 1902 πιστεύει
365 1876 425 1910 μὲν,
440 1877 489 1911 οὐχ
514 1876 610 1902 ’ἑπεται
638 1875 684 1908 δέ;
704 1876 720 1910 ἢ
743 1875 839 1901 ἕπεται
861 1876 922 1910 μὲν,
937 1875 1001 1910 ἄχρι

214 1921 310 1956 καιροῦ
326 1922 372 1955 δέ;
391 1922 408 1958 ἢ
436 1922 517 1956 μέχρι
537 1921 586 1956 μὲν
601 1921 705 1953 τέλους.
721 1920 758 1952 ὡς
771 1917 811 1952 εἷς
827 1920 855 1947 δὲ
871 1921 917 1947 τοῦ
931 1921 1000 1956 πλή-

214 1968 275 1999 θους
290 1967 336 1994 καὶ
351 1967 406 1993 τῶν
420 1967 540 2000 πιστὼν;
558 1967 575 2001 ἢ
590 1968 646 1998 τοῖς
673 1966 807 2000 μαθηταῖς
825 1967 874 2000 μὲν
891 1974 1002 2001 συνηριι

215 2013 319 2048 ομεῖτο,
337 2014 386 2047 τῆς
398 2013 528 2048 δευτέρας
542 2013 571 2039 δὲ
586 2013 690 2044 τάξεως
709 2012 784 2047 παρά
795 2012 833 2047 τῷ
848 2012 1002 2047 διδασκάλῳ

213 2059 403 2091 καθεστῶσιν;
429 2058 571 2093 Οὐδαμῶς.
590 2058 673 2093 Ὀμοῢ
701 2058 728 2084 δὲ
745 2058 790 2084 τὸν
818 2057 935 2092 ποιμένα
955 2058 1001 2085 τὸν

213 2105 296 2131 καλὸν
311 2102 390 2136 εἶδεν,
406 2104 455 2131 καὶ
469 2101 546 2135 οὗτος
560 2103 640 2130 αὑτὸν
667 2104 738 2130 κατὰ
751 2103 782 2130 τὸ
800 2103 880 2138 βάθος
894 2103 1002 2137 ἐπέγνω

213 2151 344 2184 διανοίας,
368 2150 529 2185 ἐπεγνώσθη
549 2159 579 2176 τε
602 2149 668 2185 παρ’
688 2149 783 2181 αὐτοῦ,
799 2149 837 2179 ὼς
861 2149 912 2184 τῆς
931 2150 1001 2176 ἀνω-

1054 915 1157 942 tionem
1175 919 1286 949 praestet
1305 922 1338 941 ac
1361 914 1602 946 illuminationem,
1624 920 1681 942 tum
1700 915 1780 943 nobis
1796 917 1842 950 qui

1053 960 1113 988 solo
1137 960 1237 996 spiritu
1259 959 1336 987 velut
1355 960 1383 987 in
1398 960 1510 995 speculo
1536 961 1704 989 relucentem
1727 962 1844 990 formam

1054 1010 1229 1038 contuemur,
1245 1010 1302 1033 tum
1317 1005 1351 1033 iis
1362 1005 1410 1040 qui
1420 1006 1485 1033 olim
1498 1014 1561 1034 cum
1574 1010 1668 1035 sancto
1679 1009 1845 1044 corpusculo

1053 1056 1209 1079 versantem
1225 1051 1254 1078 in
1268 1056 1343 1079 terra
1357 1051 1498 1079 viderunt.

1086 1097 1109 1125 Α
1126 1105 1213 1133 puero
1223 1105 1342 1132 namque
1360 1101 1435 1125 totus
1448 1098 1505 1125 Deo
1520 1104 1707 1132 consecratus,
1719 1099 1844 1134 pietatis-

1053 1150 1108 1178 que
1123 1142 1211 1170 forma
1236 1150 1269 1170 ac
1292 1143 1395 1174 indole;
1419 1147 1448 1170 et
1472 1151 1537 1170 vera
1565 1143 1698 1179 religione
1719 1149 1748 1172 et
1776 1145 1844 1180 legis

1053 1189 1234 1217 meditatione
1250 1194 1279 1216 et
1300 1189 1494 1216 mandatorum
1509 1190 1694 1224 observantia,
1718 1191 1754 1219 ad
1778 1200 1843 1227 per-

1054 1234 1196 1262 fectiorem
1219 1235 1267 1262 Dei
1292 1235 1436 1262 scientiam
1464 1235 1601 1270 ﬁdemque
1617 1237 1759 1265 institutus
1781 1246 1845 1266 cum

1052 1283 1126 1306 esset
1141 1279 1229 1314 (novit
1242 1279 1316 1306 enim
1331 1280 1464 1307 Dominus
1477 1288 1510 1307 ex
1523 1285 1604 1308 utero
1620 1282 1667 1316 qui
1687 1282 1729 1309 sui
1744 1282 1800 1310 sint
1812 1291 1845 1311 ac

1053 1323 1215 1357 necessarii,
1240 1332 1275 1351 ex
1300 1329 1379 1351 utero
1404 1325 1588 1358 sanctiﬁcare,
1615 1331 1697 1361 atque
1715 1335 1731 1354 a
1756 1327 1845 1362 prima

1054 1370 1146 1398 statim
1168 1370 1334 1398 formatione
1350 1370 1404 1397 illis
1422 1370 1512 1403 illabi,
1533 1379 1617 1406 seque
1642 1372 1683 1400 eis
1704 1373 1845 1409 inaspecla

1054 1416 1160 1443 ratione
1175 1416 1304 1443 comitem
1322 1423 1464 1451 prazstare,
1484 1421 1567 1451 atque
1585 1417 1618 1444 ad
1638 1419 1760 1453 seipsum
1775 1419 1844 1447 diri-

1053 1469 1117 1496 gere
1129 1466 1157 1488 et
1171 1461 1294 1496 ducere),
1317 1461 1389 1496 quod
1406 1461 1468 1488 ﬁdei
1484 1466 1581 1489 auctor
1596 1466 1625 1489 et
1639 1469 1845 1492 consummator

1053 1507 1179 1535 Christus
1194 1508 1402 1542 apparuerat",
1416 1515 1581 1543 omnemque
1595 1508 1716 1537 Iudaeam
1732 1515 1761 1537 et
1772 1510 1845 1538 Gali-

1055 1552 1143 1585 lream,
1167 1551 1381 1587 evangelizando
1403 1558 1517 1586 regnum
1529 1551 1660 1579 caelorum
1672 1554 1840 1588 peragrabat.

1054 1598 1281 1632 admirandisque
1295 1596 1470 1624 sermonibus
1487 1597 1674 1632 majoremquc
1686 1599 1845 1627 admiratio-

1055 1652 1117 1671 nem
1127 1643 1293 1671 facientibus
1301 1643 1432 1678 operibus
1443 1642 1589 1679 livarigelio
1608 1643 1690 1670 ﬁdem
1707 1648 1844 1677 astruens,

1054 1697 1185 1724 ovesquae
1191 1690 1445 1724 perierantlsraelis
1451 1689 1484 1717 ad
1493 1697 1521 1717 se
1527 1690 1750 1725 congregabat”‘
1760 1699 1768 1724 ;
1780 1695 1845 1719 tune

1054 1737 1145 1771 plane,
1163 1740 1227 1762 tunc
1242 1743 1351 1770 quoque
1365 1743 1462 1763 verum
1477 1735 1552 1763 hunc
1566 1736 1716 1764 lsraelitam
1729 1737 1840 1765 Bartho-

1054 1780 1181 1808 lomzeum
1197 1781 1305 1807 vocavit
1315 1781 1335 1796 "
1342 1800 1348 1806 .

1090 1835 1161 1869 Quid
1185 1836 1269 1872 igitur
1293 1835 1362 1863 ille?
1384 1835 1454 1863 Num
1477 1841 1620 1864 vocantem
1649 1838 1776 1873 respuit?
1798 1843 1845 1867 aut

1055 1882 1144 1910 credit
1165 1882 1288 1917 quidem,
1305 1889 1360 1908 non
1379 1886 1471 1909 tamen
1491 1883 1640 1917 sequitur?
1653 1889 1700 1911 aut
1720 1885 1845 1920 sequitur

1055 1926 1176 1962 quidem,
1199 1933 1294 1953 verum
1318 1925 1352 1953 ad
1378 1931 1502 1961 tempus;
1521 1931 1569 1954 aut
1591 1928 1617 1954 in
1641 1927 1722 1955 ﬁnem
1746 1938 1844 1965 usque,

1054 1971 1131 1998 velut
1148 1975 1238 1998 tamen
1252 1978 1325 1997 unus
1346 1978 1361 1997 e
1381 1971 1464 2005 vulgo
1484 1978 1516 1998 ac
1539 1972 1619 1998 turba
1640 1972 1781 2000 ﬁdelium?
1798 1980 1846 2003 aut

1055 2017 1158 2043 relatus
1176 2015 1288 2051 quidem
1301 2021 1344 2043 est
1363 2015 1391 2042 in
1413 2016 1610 2050 discipulorum
1624 2017 1728 2050 album,
1746 2026 1843 2046 verum

1055 2060 1164 2088 illorum
1199 2061 1247 2096 qui
1276 2060 1390 2088 secundi
1416 2061 1522 2088 ordinis
1548 2068 1628 2089 crant
1658 2063 1731 2098 apud
1760 2065 1846 2098 magi-

1054 2108 1206 2134 strum‘"?
1230 2107 1425 2142 Nequaquam;
1443 2107 1508 2142 quin
1532 2108 1612 2135 simul
1635 2113 1717 2144 atque
1741 2109 1844 2138 bonum

1054 2157 1191 2187 pastorem
1207 2153 1286 2185 vidit,
1300 2153 1394 2187 sicque
1408 2160 1471 2180 eum
1492 2154 1546 2180 alta
1568 2158 1659 2181 mente
1677 2156 1805 2190 cognovit
1816 2161 1844 2184 et

213 2196 287 2222 τάτω
313 2195 361 2222 καὶ
387 2195 499 2229 πρώτης
519 2194 633 2230 ἐκλογῆς
658 2193 854 2229 κατηξιῶσθαι,
873 2194 920 2220 καὶ
945 2196 1000 2226 τοῖς

1055 2199 1089 2226 ab
1104 2207 1137 2226 eo
1153 2199 1263 2234 agnitus
1273 2202 1325 2230 est,
1339 2203 1371 2226 ut
1386 2206 1522 2233 Suprema:
1536 2199 1685 2235 primasque
1700 2201 1844 2229 electionis

215 2243 376 2278 κορυφαίοις
388 2243 442 2269 τῶν
455 2243 614 2270 ἀποστόλων
637 2241 825 2277 συντετάχθαι,
839 2243 887 2269 καὶ
901 2242 951 2275 τὴν
967 2241 1003 2266 ιε-

215 2288 266 2323 ρὰν
287 2289 334 2315 καὶ
356 2288 451 2323 τιμίαν
478 2288 626 2315 δωδεκάδα
651 2287 846 2323 συμπληροῦν’
877 2286 1002 2314 ἐντεῦθεν

213 2334 278 2368 ὅλην
293 2334 502 2369 ἀπανηνάμενος
519 2333 567 2369 τὴν
583 2334 677 2369 κτῆσιν
690 2333 744 2360 τῶν
758 2333 805 2359 ἐπὶ
828 2333 889 2368 γῆς,
904 2333 1004 2367 πατρί-

213 2379 264 2411 61,-
273 2381 371 2412 γονεῖς,
389 2380 541 2413 συγγενεῖς,
559 2380 663 2414 φίλους,
676 2380 729 2406 πᾶν
740 2379 754 2406 ὃ
765 2388 790 2405 τι
803 2379 884 2405 καλὸν
898 2377 1002 2412 ἀνθρώ-

216 2434 279 2456 ποις
294 2426 342 2452 καὶ
355 2426 590 2460 περισπούδαστον
601 2434 608 2440 υ
625 2425 665 2451 ἔτι
679 2425 707 2452 δὲ
724 2425 770 2452 καὶ
784 2425 834 2460 τὴν
848 2424 929 2451 αὑτοῦ
949 2424 1001 2458 ψυ-

215 2472 266 2506 χὴν
279 2472 293 2497 6
309 2471 461 2506 θαυμάσιος
478 2472 672 2507 ἀπηρνημένος
682 2479 689 2486 ·
710 2472 800 2498 πᾶσαν
813 2470 860 2497 τοῦ
875 2470 999 2505 σώματος

216 2516 374 2551 ἐπιθυμίαν,
395 2518 441 2543 καὶ
463 2518 554 2543 πᾶσαν
580 2517 691 2552 θέλησιν
719 2517 766 2551 τῆς
796 2516 862 2548 ἰδίας
890 2516 1002 2551 καρδίας

214 2563 399 2598 ἁπερῥίψατο,
417 2563 461 2589 ἵνα
482 2563 532 2598 τῆς
553 2562 639 2598 Ἰησοῦ
652 2562 753 2597 φιλίας,
767 2563 814 2589 καὶ
827 2561 998 2597 τελειοτέρας

214 2607 343 2641 γνώσεως
357 2609 387 2635 ἐν
405 2609 535 2644 μετουσίᾳ.
551 2610 685 2643 καταστῇ.

256 2700 398 2726 Ἐντεῦθεν
420 2700 492 2727 κατὰ
510 2700 611 2727 σκοπὸν
639 2700 745 2727 διώκων
759 2700 805 2726 καὶ
820 2699 1000 2735 καταλαμϐά-

213 2754 278 2778 νων,
293 2745 342 2772 ἅτε
360 2745 498 2781 πνεύματι
521 2746 574 2778 ζῶν
602 2745 772 2781 ἀκραιφνῶς,
788 2745 834 2772 καὶ
864 2746 1000 2780 πνεύματι

268 2835 291 2850 '°
303 2832 385 2861 llcbr.
403 2842 450 2865 xu,
466 2833 494 2860 εὶ.
532 2835 671 2862 “‘Mauh.
688 2842 732 2866 xv,
749 2835 793 2861 ΞΜ.
825 2834 934 2862 “Joan.
949 2842 967 2866 l,
985 2834 1030 2860 ιπ.

380 2881 514 2911 Ριτιιοι..
534 2881 590 2910 Gn.
609 2882 671 2912 CV.

1055 2245 1155 2280 dignus
1176 2245 1337 2278 haberetur,
1355 2252 1387 2271 ac
1402 2244 1475 2272 inter
1495 2246 1680 2279 apostolorum
1706 2247 1844 2282 principes

1056 2295 1259 2322 accenserctur,
1279 2298 1443 2325 sacrumque
1453 2298 1485 2317 ac
1498 2291 1681 2319 venerabilem
1698 2292 1843 2321 duodecim

1055 2337 1171 2363 chorum
1194 2335 1357 2370 compleret;
1382 2335 1480 2362 exinde
1510 2336 1584 2363 omni
1615 2340 1723 2365 terrena
1753 2344 1844 2373 spreta

1055 2381 1219 2411 substantia,
1244 2381 1342 2415 patria.
1367 2380 1543 2415 parentibus,
1567 2383 1701 2416 cognatis,
1729 2384 1843 2416 amicis;

1054 2426 1188 2461 quidquid
1211 2426 1368 2453 hominibus
1395 2425 1540 2460 pulchrum
1564 2427 1675 2454 videtur
1691 2436 1723 2456 ac
1745 2429 1844 2457 studiis

1055 2471 1297 2506 prosequendum;
1321 2470 1354 2497 ad
1374 2471 1432 2497 haec
1453 2478 1518 2497 vero
1542 2471 1625 2498 etiam
1645 2472 1776 2508 abnegata
1801 2474 1844 2501 vir

1056 2517 1234 2544 admirandus
1247 2516 1337 2543 anima
1351 2523 1411 2549 sua,
1427 2523 1536 2543 omnem
1550 2518 1673 2551 corporis
1689 2518 1842 2552 libidinem,

1057 2571 1222 2598 omnemque
1254 2562 1346 2589 cordis
1378 2562 1481 2597 proprii
1508 2563 1677 2591 voluntatem
1708 2565 1842 2600 proiecit,

1058 2615 1088 2637 ut
1101 2609 1166 2636 .lesu
1180 2608 1318 2641 amicitia:,
1330 2615 1361 2636 ac
1379 2607 1501 2636 scicntia:
1515 2608 1691 2644 perfectioris
1705 2611 1843 2645 particeps

1057 2655 1135 2682 ﬁeret
1145 2655 1177 2681 “.

1090 2700 1156 2727 lnde
1167 2701 1245 2734 juxta
1259 2699 1424 2726 destinatum
1439 2707 1605 2734 persequens
1617 2706 1649 2726 ac
1663 2700 1842 2734 comprehen-

1055 2745 1134 2777 dens,
1159 2744 1233 2771 velut
1255 2743 1302 2778 qui
1324 2743 1430 2771 sincere
1445 2744 1544 2779 spiritu
1558 2744 1672 2776 viveret,
1686 2744 1784 2778 spiritu
1799 2745 1842 2773 in-

1069 2835 1100 2850 "‘
1114 2835 1192 2862 Joau.
1211 2844 1236 2868 ιι,
1258 2836 1301 2864 ll.
1340 2837 1362 2852 ”
1376 2836 1493 2871 Philipp.
1510 2843 1549 2866 tu,
1569 2833 1610 2861 14,
