2078 3154
245 160 298 192 203

835 159 982 190 meum;
1002 146 1267 189 PAPIILAGONIS

1823 155 1879 189 204

247 217 359 244 cederet
373 219 402 243 et
415 214 578 245 ambularet,
597 213 644 241 Dei
662 214 773 249 quidem
790 214 896 242 amicus
917 222 949 242 ac
967 213 1041 242 filius

1094 215 1192 250 λοιχῶν
1213 215 1261 242 καὶ
1285 213 1456 249 περιπατῶν.
1483 213 1559 248 φίλος
1579 213 1628 248 μὲν
1648 211 1715 239 Θεοῦ
1742 212 1790 239 καὶ
1804 212 1880 240 Θέσει

246 260 404 296 adoptione,
426 260 520 295 gratiae
540 266 606 287 vero
621 259 696 286 dono
714 259 853 294 Unigeniti
873 258 957 286 frater
973 266 1038 286 con-

247 307 381 334 stituitur.
400 305 452 338 Qui
467 308 559 331 autem
581 303 691 331 Christo
708 310 764 330 non
779 303 947 330 domesticus
967 303 1039 330 foret

247 356 275 379 et
286 350 495 378 contubernalis
507 356 540 376 ac
551 348 755 381 commensalis,
770 347 876 383 vimque
887 355 920 375 ac
932 348 1040 376 institu-

247 396 332 424 tionis
353 395 468 424 socius?
491 395 637 422 fundorum
658 394 779 421 omnium
804 401 836 422 ac
857 394 1038 422 nefandorum

248 442 453 477 mysteriorum,
478 439 657 473 omniumque
681 438 728 466 Dei
751 446 867 474 operum
885 447 918 468 ac
934 447 1039 467 sermo-

247 495 332 520 num,
358 494 419 521 qute
444 485 516 512 Patri
542 485 679 512 luminum
695 485 801 520 placuit
825 489 857 513 ut
875 485 1038 513 mortalibus

246 533 375 567 aperiret,
390 531 528 558 conscius.

283 577 381 603 Beatos
399 576 482 611 igitur
498 574 617 610 praedico
636 579 698 602 tuos
719 575 825 607 oculos,
844 583 861 603 ο
875 575 958 603 Verbi
979 576 1038 611 ipse

247 622 281 649 iis
305 625 443 656 spectawr
470 625 498 647 et
517 625 604 655 mysta
627 619 775 655 divinequc
796 621 941 656 discipule,
963 621 1038 655 quod

247 667 380 695 inacccssi
423 665 531 693 decoris
576 666 784 701 supercmlestis
824 666 1038 702 pulchritudinis

247 712 365 747 speciosi
375 711 462 738 forma
473 718 529 746 prae
541 710 605 738 ﬁliis
618 711 760 738 hominum
770 711 803 741 ’³.
814 715 925 746 aspectu
934 712 1038 747 potitus

247 766 287 786 es.
314 757 410 784 Beatas
436 756 557 791 praedico
580 764 673 788 aures,
697 756 771 791 quod
788 756 836 783 Dei
855 757 912 784 oris
924 757 1039 785 vocibus

248 812 280 832 ac
294 803 396 831 Christi
417 803 533 838 mystico
549 802 644 830 auditu
660 802 838 837 alloquioque
854 803 984 838 impletus
995 812 1035 831 es.

247 848 467 877 (ἑίῑοιιιιιίυιιᾱοτυ
474 848 573 882 spiritu
585 847 754 875 beatissimis
767 849 822 875 tuis
836 848 918 876 labiis
928 849 1036 883 orique;

1090 262 1156 294 υίὸς,
1170 261 1285 295 ἀδελφὸς
1301 261 1329 288 δὲ
1343 262 1376 296 τῇ
1392 261 1484 296 χάριτι
1506 259 1682 295 καθειστήκει
1692 258 1741 286 ’τοῦ
1755 259 1879 292 Μονογε-

1089 306 1168 338 νοῦς·
1185 307 1235 332 καὶ
1258 305 1318 336 πῶς
1337 305 1389 331 οὐκ
1418 305 1452 332 ἂν
1480 304 1634 339 ὁμοδίαιτος
1649 303 1756 338 ὑπῆρχε
1769 301 1880 337 Χριστῷ

1089 352 1136 379 καὶ
1153 352 1300 387 ὁμόροφος,
1317 350 1454 383 σύσσιτος,
1474 349 1626 384 συνόμιλος,
1640 349 1690 384 τῆς
1717 348 1804 383 αὐτῆς
1818 345 1880 375 ὀδοῦ

1089 398 1138 425 καὶ
1159 397 1272 432 ἀγωγῆς
1285 396 1336 431 τῆς
1354 396 1455 431 αὐτῆς·
1473 395 1601 426 κοινωνὸς
1627 394 1740 421 πάντων
1772 393 1879 428 ρητέων

1088 443 1137 471 καὶ
1152 443 1317 480 ἀπορρήτων
1345 441 1521 476 μυστηρίων·
1544 440 1674 472 κοινωνὸς
1697 441 1786 475 ἔργων
1808 439 1877 466 Θεοῦ

1089 490 1136 516 καὶ
1144 488 1241 523 λόγων,
1256 485 1293 515 ὧν
1309 488 1455 522 εὐδόκησεν
1469 487 1586 521 ἑκφᾶναι
1601 487 1658 518 τοῖς
1674 486 1781 522 βροτοῖς
1795 486 1810 512 ὁ
1825 485 1880 512 τῶν

1089 535 1186 570 φώτων
1199 534 1295 570 Πατήρ
1308 543 1316 566 ',

1124 580 1221 607 Τοίνυν
1242 578 1388 615 μακαρίζω
1402 586 1449 605 σου
1463 578 1513 613 τὴν
1531 577 1638 612 ὅρασιν,
1653 573 1676 603 ὧ
1690 575 1813 603 αὑτότιπα
1832 574 1882 601 τοῦ

1088 627 1175 660 Λόγου
1186 625 1233 652 καὶ
1244 625 1345 659 μύστα,
1353 625 1400 651 καὶ
1410 624 1523 659 Θεηγόρε
1535 623 1653 659 μαθητὰ,
1664 622 1705 649 ὅτι
1715 622 1762 648 τοῦ
1774 622 1881 656 ἀπροσ-

1090 671 1146 698 ίτου
1162 670 1277 702 κάλλους
1294 670 1343 705 τῆς
1363 669 1565 704 ὐπερουρανίας
1574 667 1701 701 ἀγλαΐας,
1715 663 1763 693 τοῦ
1779 665 1881 701 ὡραίου

1088 716 1182 744 κάλλει
1194 717 1269 752 παρὰ
1279 716 1342 744 τοὺς
1352 715 1427 746 υἱοὺς
1437 715 1492 741 τῶν
1507 714 1554 742 ἀνθ
1559 714 1668 749 ρώπων,
1679 713 1726 747 τῆς
1737 712 1801 744 θέας
1811 720 1880 738 κατ-

1089 763 1254 799 ετρύφησας.
1272 761 1424 796 Μακαρξζω
1453 769 1501 786 σου
1535 759 1584 794 τὴν
1610 759 1705 793 ἀκοὴν,
1730 758 1771 784 ὅτι
1786 757 1883 792 φωνῶν

1089 809 1224 844 στόματος
1240 807 1319 837 Θεοῦ,
1331 806 1378 833 καὶ
1395 805 1529 841 μυστικῆς
1542 805 1701 839 ἀκροάσεως
1715 803 1763 830 καὶ
1774 802 1883 838 ὁμιλίας

1089 855 1198 890 άμέσως
1213 852 1386 887 ὲνεπλήσθης
1418 851 1549 886 Χριστοῦ.
1580 848 1807 884 Περιπτὺσσομαί
1831 857 1878 875 σου

248 893 359 921 osculor
378 897 407 920 et
425 900 509 927 genas
531 896 560 920 et
582 892 716 928 linguam,
740 893 817 920 velut
837 893 1041 921 divinissimum

1098 900 1138 937 τῷ
1164 899 1299 935 πνεύματι
1327 898 1362 924 τὰ
1386 897 1583 932 μακαριώτατα
1606 895 1682 930 χείλη
1712 895 1760 922 καὶ⁸
1779 894 1882 930 στόμα·

249 940 327 967 illum
355 939 428 966 haud
445 945 507 965 raro
532 939 666 971 Osculata,
690 946 721 966 ac
742 947 803 974 quae
828 938 903 966 illius
933 939 1041 974 impleri

248 987 397 1016 dulcedine
418 986 562 1021 imbuique
583 986 728 1014 sanctitate
743 990 916 1014 meruerunt.
928 986 1042 1014 Beatum

249 1033 369 1069 praedico
395 1037 474 1060 tuum
502 1037 612 1068 gustum
645 1032 831 1067 olfactumque
861 1037 890 1060 et
918 1037 1042 1066 tactum;

249 1080 370 1115 priorem
382 1078 506 1114 quidem,
527 1078 601 1113 quod
616 1078 740 1114 ejusdem
757 1085 790 1105 ac
804 1078 926 1106 Verbum
942 1086 1044 1106 mensae

249 1125 389 1160 particeps
410 1123 496 1151 fueris
516 1123 684 1158 eosdemque
704 1124 775 1151 sales
798 1124 971 1159 perceperis;
991 1131 1043 1151 ncc

250 1169 305 1196 dici
322 1171 413 1203 potest
427 1167 537 1202 quoties
560 1167 656 1194 eodem
673 1174 736 1193 cum
758 1167 904 1194 Servatore
919 1167 1042 1195 sensibili

249 1215 355 1250 pariter
380 1221 412 1240 ac
427 1212 543 1248 spiritali
567 1217 706 1239 suturatus
728 1212 811 1247 epulo
834 1212 882 1239 sis.
907 1212 1042 1245 Alterum,

249 1259 325 1296 quod
354 1258 527 1287 intemeratis
554 1259 719 1293 unguentis;
744 1265 776 1285 ac
797 1258 913 1293 spiritali
940 1259 1042 1286 summi

250 1305 375 1333 omnium
407 1304 492 1339 Regis
515 1303 638 1331 scientiae
665 1303 815 1339 fragrantia
843 1304 973 1339 impletus
994 1304 1042 1331 sis.

250 1350 365 1378 Tactum
388 1349 518 1384 denique,
542 1348 615 1384 quod
643 1349 744 1384 saepius
769 1349 1042 1377 intemeratissimum

250 1403 352 1431 corpus
375 1395 538 1422 intemerate
562 1394 788 1427 contrectaveris,
814 1394 1044 1430 tremendumque

251 1440 403 1469 Cherubim
416 1447 449 1468 ac
461 1439 606 1475 Seraphim
623 1440 707 1467 etiam
721 1446 804 1475 atque
815 1440 898 1468 etiam
909 1448 1044 1468 veneran-

251 1487 329 1519 dum,
356 1486 412 1513 tuis
434 1485 493 1520 ipse
512 1485 640 1512 manibus
663 1486 834 1518 ministrans,
861 1490 891 1513 ut
916 1494 966 1521 par
989 1491 1041 1518 est,

251 1531 365 1566 propior
388 1531 477 1558 factus
508 1530 735 1564 apprehenderis,
756 1531 917 1565 cunctisque
933 1531 1043 1565 penitus

252 1576 395 1609 sensibus,
424 1583 537 1603 accessu
565 1575 599 1602 ad
629 1583 692 1602 eum
722 1575 770 1610 qui
799 1583 909 1603 omnem
934 1577 1044 1604 excedit

254 1629 384 1654 sensum,
415 1628 505 1656 eoque
535 1621 699 1648 familiarius
729 1625 828 1655 utens,
857 1622 1045 1650 sanctificatus

253 1668 303 1695 sis.
349 1663 352 1665 ’

288 1712 386 1739 Adhuc
400 1715 492 1738 autem
512 1710 598 1746 magis
614 1711 728 1738 aemulor
740 1718 772 1738 ac
787 1711 899 1738 beatum
913 1711 1043 1746 praedico,

253 1757 328 1793 quod
355 1761 448 1784 mente
472 1762 529 1782 non
552 1755 718 1787 concideris,
733 1763 785 1783 nec
801 1755 829 1782 in
847 1754 1045 1782 tentationibus

249 1804 347 1836 animo
360 1802 468 1830 dillisus
483 1802 521 1829 sis
535 1806 583 1829 aut
598 1802 765 1837 cogitatione
788 1802 962 1829 vacillaveris
974 1810 982 1835 ;
996 1801 1045 1829 sed

254 1843 386 1877 immotus
401 1855 464 1876 cum
485 1847 616 1882 magistro
638 1855 744 1880 manes,
767 1848 882 1882 parique
894 1847 1046 1883 opprobrio

250 1895 411 1928 subjiceris,
429 1898 512 1929 atque
533 1893 715 1921 condemnato
730 1893 821 1921 socius
839 1893 1046 1921 condemnatio-

253 1941 297 1969 nis
318 1939 445 1968 exsistis:
467 1938 583 1974 patienti
610 1938 786 1973 compateris,
811 1939 893 1974 eique
913 1938 1045 1967 condoles

253 1989 301 2025 qui
316 1989 344 2016 in
356 1988 452 2016 dolare
466 1987 530 2022 agit.
548 1986 655 2014 Etenim
672 1994 735 2014 cum
749 1986 880 2014 cruciﬁxo
889 1993 958 2022 pene
967 1986 1044 2014 cruci

253 2039 346 2063 mente
363 2032 512 2061 cruciﬁxus
530 2040 570 2065 es,
584 2036 686 2059 etcum
708 2031 843 2059 moriente
860 2036 996 2064 mortuus,
1017 2035 1046 2059 et

253 2087 317 2108 cum
346 2078 455 2114 sepulto
477 2077 562 2105 animi
591 2077 733 2104 voluntate
764 2077 913 2112 sepultus:
941 2084 997 2112 quo
1017 2081 1046 2104 et

252 2126 356 2154 factum
381 2128 439 2155 est,
464 2128 495 2150 ut
512 2127 541 2150 et
562 2130 625 2150 cum
655 2127 815 2158 resurgente
838 2130 996 2158 I'CSUI'EBI'CS
1017 2127 1046 2150 et

253 2169 497 2199 conviviiicareris.
521 2169 610 2203 Atque
636 2169 695 2204 ejus
720 2173 812 2196 tecum
837 2173 1044 2202 testamentum,

1093 944 1252 981 ἀσπάζομαι
1278 944 1326 971 καὶ
1353 943 1402 974 τὰς
1420 943 1548 976 σιαγόνας
1559 941 1607 968 καὶ
1623 941 1673 975 τὴν
1690 940 1828 975 γλῶσσαν,
1843 939 1882 970 ὡς

1093 992 1138 1018 τὸν
1156 989 1377 1026 θεαρχικώτατον
1393 988 1536 1019 πλεονάκις
1564 986 1757 1020 ἀσπασάμενα,
1775 985 1884 1019 καὶτῆς

1094 1037 1198 1064 ἐκείνου
1216 1036 1397 1071 τερπνότητος
1420 1033 1649 1069 ἐμπεπλησμένα,
1664 1032 1713 1059 καὶ
1733 1032 1784 1066 τῆς
1807 1030 1885 1065 ἁγιό-

1093 1090 1174 1118 τητος
1185 1081 1336 1117 ἠξιωμένα.
1355 1078 1508 1115 Μακαρὶζω
1524 1087 1570 1105 σου
1589 1078 1640 1113 τὴν
1658 1077 1752 1112 γεῦσιν
1776 1077 1823 1103 καὶ
1835 1076 1885 1112 τὴν

1093 1126 1227 1160 ὅσφρησιν
1242 1125 1290 1151 καὶ
1304 1124 1353 1159 τὴν
1367 1124 1454 1159 ἁφήν·
1469 1123 1514 1149 τὸν
1535 1123 1597 1158 μὲν,
1622 1122 1662 1149 ὅτι
1689 1122 1830 1158 τραπέζης
1845 1121 1886 1157 τῷ

1094 1171 1172 1206 Λόγῳ
1185 1169 1389 1204 κεκοινώνηκας
1399 1170 1449 1204 τῆς
1461 1168 1556 1203 αὐτῆς,
1575 1168 1622 1195 καὶ
1638 1167 1709 1194 ἁλῶν
1720 1167 1774 1193 τῶν
1784 1167 1884 1194 αὐτῶνθ

1096 1216 1229 1251 αἰσθητῆς
1248 1223 1279 1242 τε
1290 1214 1338 1241 καὶ
1347 1214 1446 1249 νοητῆς
1459 1213 1641 1248 ἑστιατορίας,
1663 1213 1713 1239 οὐκ
1727 1212 1801 1239 ἔστιν
1817 1212 1885 1239 ὀσά-
1908 1206 1911 1209 ’

1095 1270 1140 1291 κις
1155 1262 1252 1292 εἰπεῖν,
1277 1260 1328 1293 τῆς
1340 1259 1426 1294 αὐτῆς
1445 1258 1612 1294 ὲνεφορήθης
1636 1257 1675 1293 τῷ
1692 1258 1817 1292 Σωτῆρι·
1836 1257 1886 1292 τὴν

1093 1304 1132 1336 δὲ,
1152 1304 1262 1331 ὅτιτῶν
1280 1303 1423 1338 άχράντων
1452 1303 1546 1338 μύρων
1573 1302 1686 1337 καὶτῆς
1716 1302 1815 1336 νοητῆς
1839 1301 1886 1329 εὑ-

1094 1350 1175 1381 ωδίας
1181 1351 1232 1384 τῆς
1243 1349 1368 1384 γνώσεως
1373 1348 1421 1375 τοῦ
1430 1349 1469 1375 Πα
1475 1348 1626 1384 μϐασιλέως
1636 1348 1885 1383 ὑπερενεπλήσθης·

1096 1396 1144 1431 τὴν
1157 1396 1230 1431 ἁφὴν
1244 1396 1284 1429 δὲ,
1298 1395 1339 1422 ὅτι
1355 1394 1499 1426 πλεονάκις
1523 1394 1571 1420 τοῦ
1586 1394 1775 1428 παναχράντου
1792 1393 1886 1428 σώμα-

1094 1451 1139 1474 τος
1154 1442 1297 1477 άχράντως
1307 1441 1370 1477 ἥψω
1381 1449 1387 1455 ·
1400 1441 1448 1467 καὶ
1466 1440 1496 1466 τὸ
1510 1439 1624 1475 φρικτὸν
1648 1439 1698 1475 μὲν
1714 1441 1771 1470 τοῖς
1782 1440 1885 1474 Χερου-

1094 1487 1170 1521 ϐεὶμ,
1181 1487 1321 1520 αἰδέσιμον
1334 1485 1363 1512 δὲ
1380 1485 1485 1520 σφόδρα
1501 1487 1556 1516 τοῖς
1572 1484 1710 1519 Σεραφὶμ,
1723 1485 1784 1516 ταῖς
1802 1484 1884 1516 ἰδίαις

1095 1533 1189 1567 χερσὶν
1212 1532 1443 1567 ὑπηρετούμενος,
1460 1531 1531 1558 κατὰ
1545 1531 1576 1557 τὸ
1592 1531 1681 1565 ξεῑκὸς.
1701 1529 1818 1565 ὲγγίζων
1836 1531 1887 1556 ἐπ-

1096 1577 1193 1605 ελάὸου
1206 1585 1213 1592 ·
1231 1578 1278 1604 καὶ
1298 1577 1362 1608 ὅλας
1388 1577 1422 1603 δι’
1439 1576 1499 1603 ὂλου
1524 1577 1574 1608 τὰς
1593 1575 1746 1610 αἰσθήσεις,
1760 1575 1800 1610 τῷ
1814 1574 1885 1610 ὑπὲρ

1096 1623 1187 1649 πᾶσαν
1206 1622 1332 1658 αἴσθησιν
1357 1621 1494 1655 πελάζων,
1514 1621 1563 1648 καὶ
1577 1620 1684 1656 σώματι
1698 1628 1885 1655 συναναστρε-

1096 1669 1225 1704 φόμενος,
1240 1668 1441 1704 καθηγιάσθης.

1133 1714 1194 1740 Ἔτι
1218 1713 1246 1740 δὲ
1272 1713 1371 1749 μᾶλλον
1385 1713 1460 1748 ζηλῶ
1481 1713 1531 1741 καὶ
1554 1713 1698 1749 μακαρίζω
1714 1722 1755 1746 σε,
1772 1713 1814 1739 ὅτι
1837 1712 1887 1739 οὐκ

1095 1760 1223 1791 ῶκλασας
1242 1761 1288 1788 τὸν
1309 1760 1372 1787 νοῦν
1383 1780 1390 1793 ,
1410 1761 1443 1787 οὐ
1457 1761 1508 1794 τὴν
1525 1760 1616 1796 ψυχὴν
1630 1759 1770 1795 διεκρίθης
1786 1759 1816 1785 ὲν
1828 1759 1886 1790 τοῖς

1096 1809 1271 1843 πειρασμοῖς,
1285 1807 1348 1834 οὐδὲ
1362 1808 1412 1842 τὴν
1433 1807 1555 1834 διάνοιαν
1569 1806 1713 1838 ἐδίστασας
1722 1814 1730 1821 ·
1743 1805 1802 1833 ἀλλ’
1814 1806 1884 1832 άπε-

1097 1855 1241 1890 ρίτρεπτος
1256 1853 1325 1889 μετὰ
1339 1852 1387 1880 rei}
1403 1852 1567 1880 διδασκάλου
1579 1852 1681 1887 μένεις,
1703 1851 1751 1878 καὶ
1767 1850 1887 1878 τδνλῐσον

1095 1900 1248 1935 ὀνειδισμὸν
1264 1899 1390 1934 ὑφέξεις·
1408 1898 1457 1926 καὶ
1475 1899 1702 1934 κατακρινομένῳ
1733 1898 1783 1932 τῆς
1804 1904 1888 1924 καταο

1095 1947 1213 1981 κρίσεως
1235 1946 1388 1977 κοινωνεῖς·
1410 1945 1459 1971 καὶ
1492 1945 1624 1978 πάσχοντι
1648 1943 1818 1978 συμπαθεῖς·
1840 1941 1889 1969 καὶ

1094 1992 1271 2026 ἀλγυνομένῳ
1300 1991 1452 2024 συναλγεῖς.
1468 1990 1524 2018 Καὶ
1535 1990 1590 2025 γὰρ
1603 1989 1799 2025 σταυρουμένῳ
1821 1987 1887 2023 τρό-

1097 2047 1147 2065 πον
1172 2038 1235 2064 τινὰ
1263 2038 1298 2072 τῇ
1320 2036 1425 2072 διανοίᾳ
1441 2036 1684 2071 συνεσταύρωσαι·
1713 2034 1761 2062 καὶ
1779 2033 1886 2060 θανόντι

1097 2083 1306 2114 συναπέθανες·
1335 2082 1383 2109 καί
1404 2090 1437 2116 γε
1464 2081 1594 2116 προθέσει
1619 2080 1709 2115 ψυχῆς
1734 2078 1889 2113 συνετάφης

1097 2129 1280 2165 ϐαπτομένῳι
1304 2128 1367 2156 ὅθεν
1383 2128 1433 2155 καὶ⁸
1454 2126 1629 2161 ἀνισταμένῳ
1653 2124 1819 2159 συνανέστης
1840 2123 1890 2150 καὶ

1097 2175 1257 2210 συνέζησας.
1279 2174 1365 2209 Καὶὴ
1387 2173 1504 2207 διαθήκη
1521 2171 1617 2198 τούτου
1648 2170 1717 2206 μετὰ
1743 2169 1803 2201 σοῦ,
1821 2176 1890 2195 συν-

253 2216 481 2246 contubernalem
493 2222 556 2242 cum
570 2214 743 2250 principibus
756 2215 784 2241 in
799 2222 884 2250 regno
898 2215 1042 2247 caelorum;

1097 2219 1186 2246 έστιον
1212 2218 1282 2254 μετὰ
1300 2217 1355 2244 τῶν
1380 2215 1537 2252 κορυφαίων
1561 2217 1601 2247 είς
1617 2214 1735 2250 τὴντῶν
1765 2213 1890 2249 οὐρανῶν

253 2264 303 2292 sed
317 2268 347 2291 et
365 2263 445 2298 plane
459 2261 520 2297 pari
541 2261 581 2288 eis
610 2260 672 2288 solii
689 2259 823 2295 dignitate
844 2260 991 2288 sublimem
1015 2260 1045 2287 in

254 2309 488 2345 regenerationem
503 2307 563 2334 fore
575 2306 780 2334 assumendum.

289 2354 527 2390 Quemadmodum
548 2353 631 2388 igitur
649 2353 714 2380 Jesu
735 2357 793 2380 tum
815 2353 962 2387 passionis,
986 2358 1044 2380 tum

254 2400 479 2432 resurrectionis,
504 2403 561 2426 tum
586 2398 645 2433 ejus
671 2398 699 2424 in
723 2398 822 2425 caelum
847 2399 962 2433 recepti,
991 2406 1046 2425 una

253 2455 316 2476 cum
333 2446 429 2482 primis
443 2446 502 2480 ipse
516 2443 604 2471 oculis
626 2448 763 2478 spectator
791 2445 937 2480 sociusque
957 2444 1045 2477 fuisti,

255 2496 296 2524 sic
320 2501 432 2530 quoque
452 2499 515 2520 cum
539 2491 580 2519 eis
602 2491 660 2526 pari
684 2498 798 2519 munere
823 2491 899 2518 vitali
925 2491 1045 2526 Spiritus

255 2543 328 2569 dono
364 2538 528 2573 adimpletus
558 2545 599 2565 es.
629 2536 738 2563 Etenim
769 2544 831 2563 cum
855 2537 932 2571 prius
954 2537 1045 2565 Verbo

255 2585 364 2616 Domini
381 2584 457 2612 velut
480 2582 602 2617 spiritale
620 2582 722 2610 coelum
746 2589 778 2609 ac
794 2582 896 2610 mundo
916 2583 1044 2617 superius

255 2634 380 2661 firmatus
397 2638 474 2658 esses
487 2630 524 2662 ’5;
542 2636 629 2663 eaque
645 2628 735 2656 victus
750 2629 856 2657 ratione
864 2636 924 2664 quae
935 2634 1044 2657 sanctos

255 2679 351 2706 deceat
363 2681 506 2712 purgatus,
523 2679 604 2709 atque
619 2674 702 2701 claris
718 2675 810 2702 animo
826 2675 1045 2710 repraesentatio-

254 2725 337 2753 nibus
354 2722 455 2751 eximie
472 2721 640 2753 illustratus,
654 2719 893 2756 divinioribusque
907 2726 998 2749 mente
1013 2721 1046 2749 il—

256 2769 467 2798 lustrationibus
476 2766 780 2803 supersultstantialiter
789 2767 942 2801 deiﬁcatus,
953 2769 1047 2796 velut-

255 2822 308 2850 que
332 2813 457 2841 sublimis
476 2812 588 2848 quidam
607 2811 724 2838 thronus
741 2811 835 2846 gloriae
847 2819 879 2840 ac
893 2814 1048 2842 sanctitatis

292 2872 314 2887 "
329 2872 397 2899 Psal.
418 2880 489 2903 xuv,
511 2871 536 2898 5.
575 2870 599 2886 9‘
613 2869 685 2897 Psal.
704 2876 790 2903 xxxn,
810 2869 837 2897 6,

1099 2264 1239 2299 βασιλείαν
1250 2272 1258 2280 ·
1276 2263 1323 2290 ναὶ
1337 2263 1370 2298 δὴ
1385 2263 1431 2289 καὶ
1450 2261 1636 2296 συγκάθεδρον
1651 2261 1709 2296 ἅμα
1727 2259 1845 2292 τούτοις,
1859 2259 1889 2286 ἐν

1097 2312 1130 2345 τῇ
1145 2309 1341 2345 παλιγγενεσία
1353 2308 1626 2344 προσληφθήσεσθαι.

1135 2357 1241 2391 ’Ὠσπερ
1264 2353 1311 2383 οὖν
1331 2355 1377 2382 τοῦ
1399 2364 1428 2382 τε
1449 2354 1555 2386 πάθους
1570 2352 1659 2389 Ἰησοῦ
1685 2352 1797 2387 καὶτῆς
1822 2351 1890 2378 ἀνα-

1101 2403 1222 2434 στάσεως
1237 2402 1285 2428 καὶ
1299 2401 1473 2436 ἀναλήψεως,
1491 2401 1550 2435 ἃμα
1577 2401 1635 2432 τοῖς
1659 2399 1781 2434 πρώτοις
1810 2396 1891 2424 αὐτό-

1100 2457 1172 2484 πτης
1185 2448 1282 2482 ὲγένου
1307 2448 1355 2475 καὶ
1366 2447 1505 2481 κοινωνὸς,
1528 2446 1600 2474 οὕτω
1613 2446 1672 2482 μετ’
1687 2444 1777 2473 αὐτῶν
1789 2444 1890 2479 ὁμοίως

1099 2495 1146 2521 ml
1167 2494 1217 2529 τῆς
1241 2493 1399 2529 ζωαρχικῆς
1421 2493 1470 2520 τοῦ
1497 2492 1679 2528 Παρακλήτου
1709 2490 1891 2525 πεπλήρωσαι

1098 2542 1212 2576 δωρεᾶς.
1226 2541 1280 2567 Καὶ
1295 2540 1350 2576 γάρ
1367 2539 1408 2575 τῷ
1421 2540 1501 2575 Λόγῳ
1521 2539 1626 2574 Κυρίου
1650 2538 1782 2573 πρότερον
1795 2533 1838 2562 οἶα
1857 2535 1891 2570 δὴ

1099 2587 1191 2621 νοερὸς
1208 2587 1255 2612 καὶ
1267 2586 1453 2621 ὑπερκόσμιος
1469 2584 1630 2620 στερεωθεὶς
1650 2583 1774 2619 οὐρανὸς,
1790 2581 1836 2609 καὶ
1858 2581 1890 2606 τὸ

1099 2632 1179 2666 σῶμα.
1190 2632 1281 2667 διαίτῃ
1297 2633 1465 2667 άγιοπρεπεί
1498 2630 1659 2666 καθαρθεὶς,
1673 2629 1721 2656 καὶ
1735 2628 1784 2663 τὴν
1800 2627 1889 2662 ψυχὴν

1098 2678 1234 2713 καθαραῖς
1252 2679 1404 2714 ἐμφάσεσιν
1430 2677 1577 2712 ὑπερφυῶς
1601 2674 1759 2710 φωτισοεὶς,
1774 2673 1822 2700 καὶ
1842 2672 1889 2699 τὸν

1099 2724 1160 2751 νοῦν
1179 2724 1328 2760 θειοτέραις
1339 2724 1488 2759 ὲλλάμψεσι
1511 2722 1682 2758 ὑπερουσίως
1697 2719 1810 2751 ϐεωθείς
1820 2727 1827 2734 ι
1841 2718 1888 2750 καὶ

1099 2768 1143 2797 οἷά
1157 2779 1219 2798 τινα
1242 2770 1336 2805 θρόνον
1353 2770 1432 2805 δόξης
1452 2768 1606 2804 ὑπερφερῆ,
1623 2768 1670 2793 καὶ
1685 2766 1828 2801 ἁγιότητος
1841 2771 1891 2791 κα-

1099 2817 1237 2844 τάπαυσιν
1249 2816 1296 2844 τὸν
1311 2817 1386 2848 ἐντὸς
1402 2815 1546 2851 ἄνθρωπον
1557 2811 1803 2844 κατασκευασθεὶς,
1820 2809 1893 2838 οὕτω
