2078 3154
188 215 242 248 205

509 214 651 244 ORATIO
667 214 704 244 X.
717 226 750 231 -
766 213 808 244 ΙΝ
827 213 985 244 LAUDEM
1005 213 1036 242 S.
1057 212 1342 243 BARTHOLOM/EI
1361 212 1489 242 APOST-

1765 213 1818 246 206

188 273 220 308 δὴ
239 271 270 298 τδ
284 269 410 305 Πνεῦμα
422 269 453 296 τὺ
472 269 551 304 ἅγιον
572 269 720 305 οὐρανόθεν
746 269 840 296 κατιὺν
859 270 889 296 ὲν
909 268 976 295 εῖδει

1038 268 1137 303 'cquies
1150 268 1274 295 interiori
1296 267 1410 295 homine
1432 272 1619 301 constructus,
1647 268 1687 296 sic
1704 277 1816 304 quoque

187 319 310 354 πυρίνων
335 315 458 348 ὕπδὲξω
477 315 628 350 γλωσσῶν·
650 316 697 342 καὶ
723 315 753 342 σὲ
781 314 842 342 ὅλον
869 315 903 341 δι’
917 315 977 341 ὅλου

188 360 382 397 πεπληρωκὸς,
400 361 447 387 καὶ
463 360 519 386 τῶν
546 359 713 394 θεουργικῶν
735 359 818 386 αὑτοῦ
839 359 978 394 χαρισμά-

188 416 243 435 των
267 405 493 441 ὑπερϐαλλόντως
514 404 768 440 μεταδεδωκδς,καὶ
791 406 820 431 ὲν
846 405 888 431 σοὶ
916 404 979 431 καθ-

189 452 267 480 εσθέν
279 460 310 479 τε
327 451 375 478 καὶ
394 451 514 486 ἱδρυθὲν,
528 451 643 486 δργανόν
662 459 691 477 τε
712 451 762 485 τῆς
780 450 884 482 οἰκείας
896 450 978 477 δυνά-

190 507 264 534 μεως
288 498 462 533 ἐναρμόνιον,
477 497 524 524 καὶ
539 497 666 531 θεολόγον
689 497 776 531 στόμα
789 497 837 524 καὶ
850 496 978 531 γλῶσσαν

190 544 287 571 ἑαυτοῦ
306 544 482 579 θεορῤήμονα
510 543 747 578 κατηρτισμένον·
763 543 811 568 καὶ
835 542 931 578 ὥσπερ
953 550 979 568 τι

191 591 289 622 σκεῦος
305 591 378 626 ἰερόν
389 598 419 616 τε
434 590 481 616 καὶ
490 589 582 625 τίμιον
593 589 623 623 ἐξ
640 589 734 621 ἔθνους
755 589 796 621 εἰς
812 588 889 620 ἔθνος
916 596 980 624 μετ-

189 638 258 672 άγον
278 636 326 664 καὶ
352 636 506 672 μετατιθὲν,
520 635 568 662 τὸν
581 636 631 670 τῆς
648 634 804 669 οἰκονομίας
825 634 913 668 λόγον,
931 635 980 669 τὴν

195 681 284 718 Ἰησοῦ
303 681 465 718 σωτηριώδη
483 681 624 717 σάρκωσιν
647 680 696 706 καὶ
710 680 859 707 ἀνάστασιν
873 679 920 706 καὶ
936 679 981 714 βα-

190 727 304 760 σιλείαν,
318 727 565 762 μεγαλοφωνότατα
575 727 635 758 τοῖς
648 726 732 752 πᾶσιν
742 723 923 760 ὲνεφθέγξατο
937 725 982 751 διὰ

190 781 250 800 σου.

221 858 271 891 τίς
286 858 334 886 οὖν
348 858 398 894 τὴν
415 857 538 894 πηγαίαν
559 857 606 884 τοῦ
620 857 649 884 ὲν
669 857 712 884 σοὶ
730 857 889 892 Πνεύματος
903 857 984 885 δύνα-

192 912 239 940 μιν
259 904 424 938 ὑμνήσειεν;
444 904 465 930 Τ
468 904 492 934 ίς
513 903 542 930 δὲ
564 903 614 939 τὴν
635 903 807 939 πλημμύραν
827 904 878 939 τῆς
893 904 982 931 Θεολο-

191 937 254 983 γὶας
264 937 448 981 diva-tiamne;
463 949 512 979 Τίς
524 948 576 983 μὲν
592 937 647 984 ’τὴν
665 937 863 984 τέάρετέομένηὺ
881 948 982 984 ἀρετὴν
996 937 1020 967 Β

191 995 239 1021 καὶ
261 994 447 1029 κοσμιότητα;
459 995 508 1026 Τίς
524 994 554 1021 δὲ
568 994 619 1028 τὴν
631 995 662 1020 ἐν
675 994 714 1030 τῷ
731 994 920 1030 κεκρυμμένῳ
932 996 984 1030 τῆς

192 1039 244 1074 σῆς
267 1039 388 1071 διανοίας
408 1040 585 1074 ἀξιοπρεπῶς
608 1040 715 1066 αἰνέσαι
739 1040 913 1074 τελειότητα;
935 1040 983 1070 Τίς

191 1085 248 1111 τῶν
257 1085 344 1119 λόγων
356 1085 388 1111 τὸ
402 1085 504 1120 ὑψηλόν
515 1094 523 1118 ;
538 1085 586 1117 Τίς
599 1085 654 1112 τῶν
668 1085 758 1121 ἔργων
768 1086 798 1112 τὸ
806 1086 962 1122 ὑπερφερές
974 1094 981 1119 ;

193 1130 285 1162 Τίςτὸ
301 1130 438 1166 προσηνὲς
453 1130 501 1157 τοῦ
523 1130 605 1166 ἤθους
632 1132 679 1158 καὶ
704 1131 823 1166 μείλιχον
846 1133 892 1158 καὶ
914 1132 983 1167 Χρι-

194 1176 330 1209 accestis“
352 1176 400 1208 Τίς
422 1176 494 1203 δὲτὸ
511 1177 559 1204 τοῦ
587 1176 744 1212 πνεύματος
765 1177 913 1212 ἀπρόσιτον
937 1177 984 1204 καὶ

194 1223 309 1258 φοὸερὸν
329 1224 376 1251 καὶ
394 1223 524 1256 θεοειδές

231 1317 294 1349 Πῶς
319 1316 342 1343 δ’
359 1317 393 1344 ἂν
414 1325 457 1349 τις
471 1317 555 1353 είδείη
572 1317 622 1352 τὴν
638 1316 692 1344 ἀπὸ
714 1317 768 1343 τῶν
792 1317 986 1353 Ἰεροσολύμων

195 1362 244 1390 καὶ
261 1363 311 1397 τῆς
331 1363 462 1394 Ἰουδαίας
477 1363 567 1395 ἔξοδον
580 1363 629 1389 ἐπὶ
641 1363 676 1389 τὰ
690 1363 766 1397 ἔθνη,
782 1363 829 1390 τοῦ
845 1364 894 1398 τῆς
910 1364 986 1394 θείας

196 1408 307 1443 εἰρήνης
318 1408 524 1442 εὐαγγελιστοῦ.
537 1409 584 1434 καὶ
600 1408 649 1440 τὰς
664 1410 710 1435 ἐπὶ
725 1409 819 1435 πᾶσαν
833 1409 925 1444 χώραν
938 1410 987 1436 καὶ

196 1453 274 1480 πόλιν
297 1454 502 1485 ἀκαταστασίας
516 1454 586 1489 ὑπὲρ
599 1455 646 1481 τοῦ
659 1454 827 1488 Εὑαγγελίου
843 1456 890 1482 καὶ
909 1463 986 1490 περι-

196 1497 303 1533 φοράς
328 1498 376 1529 Τίς
391 1498 440 1530 τὰς
462 1499 603 1533 περιόδους
625 1499 791 1534 ἀριθμήσαι,
819 1500 869 1532 τὰς
883 1500 987 1527 ὁδοιπο-

198 1543 272 1578 ρίας,
293 1544 357 1575 τοὺς
369 1543 518 1577 κινδύνους,
537 1544 602 1577 τοὺς
619 1545 732 1577 κόπους,
745 1546 796 1577 τὰς
811 1546 911 1580 φυγὰς,
937 1547 986 1579 τὰς

1029 313 1161 348 Spiritum
1177 318 1301 341 sanctum
1317 314 1345 341 in
1362 314 1519 349 linguarum
1532 314 1674 350 ignearum
1691 316 1783 350 specie
1803 324 1819 344 e

1029 359 1320 386 caelodescendentem
1334 359 1479 394 suscepisti
1490 360 1525 391 ",
1541 361 1588 394 qui
1606 364 1693 387 totum
1705 361 1819 388 omnino

1029 405 1158 440 implens,
1176 404 1338 439 deificisque
1355 405 1414 431 suis
1429 405 1510 432 donis
1525 405 1693 433 excellenter
1715 406 1818 441 impar-

1030 451 1113 483 tiens,
1129 455 1211 486 atque
1226 452 1254 478 in
1270 455 1296 478 te
1317 451 1418 478 sedens
1438 458 1470 478 ac
1490 451 1654 485 consistens,
1668 456 1820 487 aptumque

1029 498 1141 526 virtutis
1158 505 1214 525 suae
1228 505 1360 533 organum
1385 497 1518 530 efliciens,
1535 503 1617 532 atque
1633 506 1664 525 os
1677 499 1763 526 Deum
1778 500 1821 527 lo-

1030 552 1118 579 quens
1147 544 1324 579 linguamque
1360 543 1463 571 divinis
1490 544 1664 571 sermonibus
1690 545 1822 573 disertam

1031 590 1219 623 concinnans;
1249 590 1380 624 velutque
1407 597 1517 616 sacrum
1547 590 1685 624 quoddam
1715 598 1763 617 vas
1790 598 1823 618 ac

1031 636 1182 671 pretiosum
1202 635 1235 662 de
1252 639 1334 670 gente
1350 634 1385 662 ad
1411 639 1521 670 gentem
1539 635 1686 663 traducens
1708 636 1824 663 transfe-

1032 690 1161 717 rensque,
1175 681 1393 716 dispensationis
1408 680 1562 708 doctrinam
1578 681 1734 715 (salutarem
1757 681 1821 709 Jesu

1033 728 1254 756 incarnationem
1271 733 1300 754 et
1321 726 1554 754 resurrectionem
1575 730 1603 753 et
1624 727 1652 753 in
1675 727 1759 754 caelos
1777 734 1823 754 re-

1033 775 1186 809 ceptionem
1214 772 1393 809 regnumque)
1419 772 1531 800 sublimi
1557 773 1665 801 cunctis
1686 773 1823 801 ormconio

1034 824 1081 847 tua
1098 820 1182 854 Opera
1195 818 1364 854 praedicavit.

1069 866 1136 900 Quis
1156 866 1239 902 igitur
1253 874 1314 901 qua:
1330 865 1415 893 fontis
1432 865 1520 892 instar
1536 868 1628 891 manet
1643 863 1729 891 divini
1752 864 1779 891 in
1797 868 1824 892 te

1035 911 1156 947 Spiritus
1168 911 1298 939 virtutem
1314 912 1380 938 satis
1392 910 1568 938 laudaverit?
1582 909 1649 942 Quis
1662 918 1727 937 vero
1741 909 1824 936 inun-

1034 958 1131 985 dantes
1144 957 1254 985 divinos
1267 965 1409 984 sermones
1420 957 1641 992 conscripserit?
1655 956 1723 989 Quis
1736 956 1825 983 virtu-

1034 1007 1090 1030 tem
1111 1003 1166 1030 illis
1179 1003 1307 1030 comitem
1323 1010 1357 1029 ac
1371 1002 1557 1037 gravitatem?
1571 1002 1639 1035 Quis
1657 1010 1722 1030 vero
1740 1002 1824 1030 animi

1034 1049 1074 1076 tui
1095 1048 1156 1075 sinu
1170 1048 1304 1076 occultam
1322 1048 1518 1082 perfectionem
1531 1048 1612 1083 digne
1623 1048 1827 1076 celebraverit?

1034 1092 1101 1126 Quis
1131 1101 1288 1121 sermonum
1313 1093 1485 1120 altitudinem
1503 1093 1516 1120 ἲ
1549 1092 1617 1126 Quis
1649 1094 1826 1121 eminentiam

1035 1139 1173 1174 operum?
1198 1139 1266 1172 Quis
1288 1146 1397 1166 morum
1424 1139 1567 1166 lenitatem
1591 1143 1619 1166 et
1643 1139 1825 1172 suavitatem,

1034 1185 1193 1219 Christique
1220 1184 1346 1212 aemulam
1368 1184 1547 1212 bonitatem?
1567 1185 1635 1217 Quis
1659 1184 1826 1213 inaccessam

1037 1232 1263 1266 tremendamque
1285 1239 1316 1259 ac
1336 1231 1423 1259 Deum
1444 1231 1609 1260 referentem
1628 1232 1741 1267 spiritus
1755 1241 1827 1268 pra:-

1036 1276 1165 1304 stantiam
1179 1276 1191 1303 ἰ

1071 1322 1195 1355 Quonam
1211 1323 1273 1357 quis
1284 1322 1382 1355 modo,
1401 1322 1501 1350 divina:
1518 1323 1592 1358 pacis
1607 1321 1697 1350 nuntii
1716 1331 1747 1351 ac
1760 1331 1829 1358 prte-

1037 1367 1180 1399 dicatoris,
1190 1367 1369 1403 Jerosolymis
1378 1367 1527 1402 Judaeaquc
1538 1375 1678 1395 excessum
1689 1367 1723 1394 ad
1733 1372 1829 1402 gentes

1037 1414 1207 1449 pernoverit,
1220 1413 1380 1448 cunctisque
1391 1412 1499 1448 oppidis
1509 1417 1538 1440 ct
1548 1413 1617 1440 locis
1628 1421 1660 1440 ac
1670 1413 1830 1441 civitatibus

1038 1459 1178 1494 Evangelii
1191 1467 1273 1486 causa
1281 1459 1446 1494 jactationes
1457 1459 1638 1493 erroresque?
1646 1458 1713 1492 Quis
1728 1458 1830 1486 circui-

1039 1510 1098 1537 tus,
1119 1505 1234 1537 itinera,
1251 1505 1383 1540 pcricula,
1402 1505 1522 1536 labores,
1542 1505 1628 1539 fugas,
1647 1504 1749 1539 plagas,
1765 1511 1828 1531 car-

1038 1558 1126 1583 ceres,
1137 1550 1280 1583 f'ustuaria,
1290 1550 1483 1586 lapidationes,
1496 1550 1596 1586 probra
1606 1549 1810 1577 enumeraverit
1819 1549 1830 1576 ἰ

197 1589 316 1623 πληγὰς,
331 1589 381 1621 τὰς
392 1589 526 1624 φυλακὰς.
540 1591 605 1622 τοὺς
618 1591 794 1626 ρασδισμοὺς,
821 1593 885 1624 τοὺς
908 1591 985 1619 λιθα-

1038 1596 1105 1629 Quis
1123 1596 1195 1631 apud
1218 1596 1347 1631 praesides
1368 1596 1577 1628 accusationes,
1595 1596 1647 1622 sub
1664 1600 1830 1630 potestatum

199 1635 296 1670 σμοϋς,
307 1635 368 1666 τοὺς
379 1634 548 1670 όνειδισμούς
560 1636 624 1668 ;Τίς
637 1636 688 1668 τὰς
700 1636 747 1662 ἐπὶ
758 1635 813 1663 τῶν
819 1636 911 1671 ἀρχῶν
922 1637 988 1664 ἀνα-

198 1681 304 1714 τωγὰς,
317 1681 367 1710 τὰς
389 1681 436 1707 ἐπὶ
450 1681 504 1707 τῶν
521 1681 651 1714 ἐξουσιῶν
670 1681 777 1716 ὲνοχάς,
788 1681 838 1713 τὰς
851 1683 922 1708 κατά
937 1682 988 1716 τῆς

197 1725 258 1752 ὀδοῦ
281 1726 337 1752 τῶν
351 1726 456 1753 πιστῶν
476 1726 612 1758 διαϐολὰς,
629 1727 679 1758 τὰς
706 1727 851 1762 λοιδορίας,
874 1727 924 1758 τὰς
940 1736 990 1754 κα-

199 1770 310 1802 κώσεις,
336 1771 385 1802 τὰς
412 1771 561 1807 πυρώσεις,
575 1772 627 1803 τὰς
649 1774 753 1805 αἰκίας,
774 1773 824 1804 τὰς
841 1773 988 1808 μάστιγας,

199 1818 264 1849 τοὺς
277 1817 430 1851 ὲλκυσμούς
442 1826 472 1844 τε
487 1818 535 1845 καὶ
553 1818 752 1853 σπαραγμούς;

236 1862 310 1889 Ὅσα
321 1863 369 1888 καὶ
379 1859 425 1889 οἷα
442 1862 512 1897 μετὰ
525 1862 661 1890 Φιλίππου
682 1864 754 1890 κατὰ
769 1863 818 1898 τὴν
840 1863 990 1899 Ἰεράπολιν

200 1908 311 1944 ἀνέτλη,
327 1909 375 1936 καὶ
396 1909 446 1944 τὴν
461 1910 508 1936 ἐπὶ
527 1909 576 1936 τοῦ
601 1910 720 1945 σταυροῦ
746 1910 859 1946 πρώτην
871 1912 991 1947 ἀνάρτη-

201 1964 260 1981 σιν·
278 1956 324 1982 καὶ
339 1956 432 1982 πᾶσαν
448 1956 508 1982 ἐ.κεί
530 1956 585 1983 τῶν
600 1957 725 1984 ἀπίστων
744 1958 795 1992 τὴν
811 1957 990 1985 ἑπισύστασιν

201 2002 249 2028 καὶ
263 2001 437 2036 καταδρομὴν
451 2020 460 2033 ,
486 2002 533 2028 καὶ
557 2003 647 2029 πᾶσαν
663 2002 760 2037 ὀδύνην
776 2003 823 2030 καὶ
837 2003 918 2030 πόνον
943 2005 991 2031 καὶ

200 2046 408 2081 ταλαιπωρίαν;
422 2047 501 2078 Ποῖος
515 2047 544 2074 δὲ
560 2047 623 2079 νοῦς
638 2048 780 2083 ἐννοηθείη
791 2067 799 2079 ,
816 2049 892 2078 ποῖος
906 2047 934 2074 δὲ
948 2048 992 2075 λό-

200 2100 249 2126 γος
271 2092 326 2119 τῶν
341 2093 512 2128 ἀντιλήψεων
529 2094 650 2129 Χριστοῦ
665 2094 695 2120 τὸ
712 2094 826 2130 πλῆθος,
841 2095 896 2121 τῶν
909 2095 993 2130 οὐρα-

201 2137 266 2164 νίων
283 2137 456 2173 ὲλλάμψεων,
484 2139 540 2166 τῶν
565 2140 726 2175 φωτισμῶν,
747 2139 803 2166 τῶν
832 2142 992 2177 στηριγμῶν

200 2183 252 2219 τὴν
267 2184 384 2211 ἄβυσσον
401 2185 539 2221 ἐκφράσαι
554 2194 562 2219 ;
587 2186 636 2217 Τίς
651 2186 743 2218 ἱκανὸς
756 2187 807 2221 τῆς
821 2186 937 2222 θεωρίας
961 2188 993 2214 τὺ

202 2230 331 2265 μέγεθος,
346 2231 395 2266 τῆς
410 2230 550 2265 θεολογίας
565 2232 596 2258 τὸ
614 2231 696 2266 ὕψος,
713 2232 761 2259 καὶ
780 2232 823 2264 τίς
834 2233 866 2259 τὸ
877 2233 993 2260 ἄπλετον

1040 1642 1181 1669 audientia
1196 1650 1281 1669 noxas
1301 1649 1333 1669 ac
1352 1641 1483 1674 crimina;
1504 1641 1655 1676 appetitam
1678 1640 1785 1668 insidiis
1798 1648 1832 1667 ac

1039 1687 1193 1715 maledictis
1217 1687 1338 1715 fidelium
1361 1687 1444 1720 viam,
1467 1695 1614 1718 aerumnas,
1637 1686 1832 1719 ustulationes,

1041 1734 1304 1767 dehonestamenta,
1330 1733 1464 1764 verbera.
1486 1733 1686 1768 discerptiones
1707 1740 1740 1760 ac
1760 1731 1830 1760 dila-

1041 1779 1197 1807 niationes?

1077 1869 1185 1902 Quanta
1199 1866 1330 1895 nimirum
1344 1872 1372 1895 et
1384 1867 1476 1902 qualia
1489 1866 1617 1902 Philippo
1628 1866 1720 1894 socius
1735 1866 1832 1894 lliera-

1041 1913 1097 1948 poli
1115 1920 1264 1948 perpessus
1279 1913 1326 1944 sit,
1344 1913 1515 1947 primamque
1532 1911 1559 1938 in
1573 1919 1656 1939 cruce
1670 1911 1833 1946 suspensio-

1042 1965 1126 1991 nem;
1154 1965 1320 1992 omnemque
1352 1957 1390 1984 ibi
1419 1957 1647 1984 tumultuantium
1681 1957 1833 1984 infidelium

1042 2003 1191 2031 coitionem
1213 2010 1246 2030 ac
1262 2003 1470 2038 grassationem,
1491 2009 1658 2036 omnemque
1678 2001 1833 2028 cruciatum

1041 2054 1070 2078 et
1087 2049 1209 2076 laborem
1231 2053 1315 2084 atque
1330 2048 1498 2075 aerumnam?
1517 2047 1647 2080 Quaenam
1667 2054 1735 2074 vero
1756 2054 1834 2074 mens

1042 2095 1227 2127 intellexerit,
1248 2102 1342 2130 quave
1362 2094 1450 2122 oratio
1475 2094 1642 2121 auxiliorum
1661 2092 1765 2121 Christi
1785 2100 1835 2120 co-

1043 2142 1128 2177 piam,
1149 2141 1360 2176 ctelestiumque
1382 2140 1596 2168 illustrationum
1617 2144 1646 2168 et
1667 2139 1836 2167 coruscatio-

1043 2195 1110 2216 num
1131 2195 1163 2215 ac
1177 2187 1402 2215 fulcimentorum
1417 2187 1546 2223 abyssum
1565 2186 1756 2214 enarraverit?
1769 2185 1837 2219 Quis

1044 2234 1286 2269 contemplationis
1312 2233 1528 2268 magnitudinem
1552 2239 1585 2260 ac
1617 2231 1762 2267 theologia:
1782 2231 1837 2258 cel.

203 2275 305 2306 πλάτος
316 2277 366 2312 τῆς
380 2275 523 2311 θεοσοφίας
535 2277 688 2312 ὲξιχνιάσαι
699 2277 746 2304 τοῦ
767 2278 971 2314 Βαρθολομαίου
984 2287 988 2313 ;

1045 2282 1173 2316 sitatem;
1190 2282 1286 2317 quisve
1301 2281 1494 2309 Bartholommi
1511 2280 1612 2308 divinae
1624 2279 1767 2315 sapientia:
1782 2278 1836 2306 im-

209 2321 241 2348 Ὀ
254 2322 309 2358 γὰρ
328 2322 466 2354 οὐσιωδῶς
482 2323 566 2358 αὐτὴν
579 2323 626 2350 τοῦ
652 2323 720 2350 Θεοῦ
747 2324 797 2360 τὴν
821 2325 930 2359 Σοφίαν,
946 2325 996 2361 τὴν

203 2367 329 2403 ἄπειρον,
343 2369 394 2404 τὴν
410 2368 527 2401 τελείαν,
551 2369 601 2404 τὴν
615 2369 838 2406 θεαρχικωτάτην
852 2371 996 2406 ἐγκάρδιον

205 2413 383 2449 ὲνιδρυμένην
394 2413 476 2449 ἔχων,
489 2414 588 2441 πάντα
594 2415 652 2449 μὲν
664 2414 772 2449 ἐρευνᾷ
780 2415 821 2448 τῷ
833 2416 993 2450 Πνεύματι.

204 2458 256 2484 καὶ
269 2458 306 2484 τὰ
317 2457 400 2492 βάθη
413 2459 467 2486 τοῦ
478 2459 553 2495 Θεσῦ
564 2467 571 2473 “
590 2459 636 2485 ὑπ’
648 2459 754 2492 οὐδενὸς
765 2460 794 2486 δὲ
815 2460 870 2487 τῶν
883 2461 930 2487 ἐπὶ
944 2461 996 2495 γῆς

205 2504 388 2531 κατανοεῖται.
401 2504 455 2530 Καὶ
463 2505 546 2535 αὐτὸς
557 2504 608 2538 μὲν
621 2505 776 2538 ἀνακρίνει
785 2505 884 2532 πάντα
895 2514 901 2520 ·
913 2514 996 2533 πνευ-

207 2548 321 2583 ματικὸς
330 2549 384 2585 γάρ
393 2556 401 2564 ⁸
419 2549 611 2583 ἀνακρίνεται
631 2550 666 2576 δὲ
679 2550 730 2577 ὑπ’
740 2551 865 2582 οὐδενός
873 2559 880 2566 ⁸
890 2551 930 2578 νοῒ
942 2552 996 2587 γὰρ

205 2595 303 2628 ἄγεται
317 2595 446 2630 Χριστοῦ.
475 2595 542 2629 Καὶ,
567 2596 615 2629 Τίς
632 2597 708 2632 ἔγνω
728 2596 804 2624 νοῦν
828 2597 950 2632 Κιφίου,
968 2598 997 2629 ὃς

208 2640 374 2676 συμΰιὸἀζει
388 2641 470 2669 αὐτόν
483 2651 491 2676 ;

242 2729 291 2762 Τίς
313 2730 342 2757 δὲ
358 2730 415 2757 τῶν
439 2730 474 2757 δι’
492 2731 576 2758 αὑτοῦ
603 2732 758 2767 γενομένων
785 2733 908 2767 τεράτων
932 2734 996 2760 ἁνα-

205 2775 311 2810 γράψαι
325 2776 375 2807 τὰς
393 2776 605 2812 μεγαλουργίας,
621 2777 672 2804 ὅσα
687 2777 813 2813 δακτύλῳ
833 2778 901 2806 Θεοῦ
913 2779 995 2814 δρῶν,

206 2822 274 2855 πρὸς
292 2821 460 2856 ἐπιστροφὴν
473 2822 520 2848 καὶ
533 2822 635 2855 γνῶσιν
647 2822 716 2849 Θεοῦ
729 2824 793 2855 τοὺς
809 2823 996 2860 ἀπηλλοτριω-

243 2909 338 2938 “Aet.
357 2918 387 2944 ιι,
404 2912 430 2940 3.
469 2912 492 2928 "
511 2911 599 2941 lCor.
611 2920 642 2946 ll,
654 2911 698 2946 10,
719 2912 764 2946 l5,
781 2912 825 2941 18.

1045 2334 1170 2355 mensam
1198 2326 1374 2354 latitudinem
1406 2326 1654 2362 pervestigaveritl
1680 2325 1733 2359 Qui
1762 2324 1837 2352 enim

1045 2373 1133 2408 ipsam
1160 2373 1380 2400 substantialiter
1408 2370 1457 2400 Dei
1485 2371 1656 2407 Sapientiam
1681 2370 1837 2407 (infinitam

1045 2419 1130 2451 illam,
1143 2419 1303 2453 perfectam,
1316 2417 1530 2453 divinissi'mam)
1544 2417 1571 2445 in
1585 2417 1668 2445 corde
1681 2421 1837 2444 manentem

1045 2465 1129 2499 inque
1145 2464 1193 2491 illo
1214 2464 1295 2491 fixam
1320 2464 1431 2495 haheat,
1458 2465 1548 2490 omnia
1571 2462 1673 2498 Spiritu
1690 2467 1837 2494 scrutatur,

1046 2511 1128 2538 etiam
1145 2510 1283 2545 prolunda
1307 2509 1371 2540 Dei.
1397 2510 1508 2537 tametsi
1529 2517 1545 2536 a
1563 2509 1641 2537 nullo
1663 2513 1839 2537 terrenorum

1048 2556 1226 2591 intelligitur.
1253 2555 1292 2583 Ac
1318 2555 1430 2590 quidem
1455 2554 1514 2590 ipse
1539 2556 1629 2582 omnia
1658 2555 1799 2590 dijudicat,
1820 2560 1838 2579 α

1047 2601 1152 2628 nemine
1188 2604 1278 2627 autem
1310 2599 1486 2635 dijudicatur.
1524 2599 1633 2634 Quippe
1664 2598 1712 2633 qui
1740 2601 1838 2632 agatur

1045 2645 1150 2673 Christi
1180 2649 1290 2678 mente;
1317 2652 1365 2678 ac,
1392 2643 1457 2677 Quia
1479 2644 1587 2672 Domini
1609 2647 1723 2671 mentem
1748 2643 1838 2677 ipsum

1050 2690 1232 2718 instruentem
1249 2697 1282 2717 ac
1296 2693 1510 2725 praemonentem
1525 2689 1643 2724 cognovit
1655 2687 1700 2714 ἐἳ

1083 2735 1152 2769 Quis
1177 2743 1227 2770 per
1249 2743 1314 2763 eum
1333 2735 1405 2763 facta
1424 2735 1569 2771 magniﬁca
1589 2737 1716 2769 portenta
1737 2731 1839 2759 litteris

1048 2785 1235 2816 exsequatur;
1251 2784 1354 2816 quanta
1373 2781 1422 2809 Dei
1444 2780 1536 2815 digito
1551 2783 1693 2815 prtestans,
1719 2784 1769 2805 eos
1789 2776 1838 2813 qui

1050 2827 1154 2855 aversis
1180 2827 1280 2855 animis
1306 2831 1403 2859 erant,
1434 2826 1468 2854 ad
1497 2823 1707 2853 conversionem
1734 2822 1840 2859 Deique
