2078 3154
237 177 318 210 -ΞΟΊ

864 173 1010 203 ΝΙΟΕἸ“.Ε
1032 173 1297 204 PAPHLAGONIS

1839 169 1893 200 203

267 234 348 260 ﬁdem
363 231 556 266 pernmvebat?
571 231 610 258 Ad
625 230 728 258 Arabes
740 230 812 257 enim
828 238 898 264 quos
913 230 1051 256 Elida-ino-

1110 230 1206 265 μένους
1222 229 1372 261 ὲδυσώπ;ι;
1391 229 1494 264 ’Ἄραψι
1510 227 1564 263 γὰρ
1578 227 1634 259 τοῖς
1649 225 1825 262 καλουμένοις
1844 228 1890 254 E5-

266 287 315 306 nas
325 281 424 305 vocant
436 277 474 312 (id
486 281 529 304 est
551 277 655 310 felices)
664 276 706 303 vir
717 275 892 302 beatissimus
903 275 1052 310 profectus;

268 331 320 351 nee
331 323 358 350 id
373 322 467 355 modo,
481 330 577 350 verum
591 322 673 349 etiam
693 321 768 349 Indis
781 325 876 356 postea
890 325 918 348 et
933 321 1054 348 orienta-

264 370 339 397 libus
353 368 529 403 IEthiopibus
549 368 596 395 Dei
617 375 708 394 sermo
726 367 875 401 lumenque
889 366 1010 394 scientia:
1022 373 1055 392 ac

266 415 330 442 vita:
344 419 454 442 aeterna:
473 413 599 440 doctrina
614 412 842 446 inl'ormatioque,
862 412 977 443 missus,
995 411 1053 445 ipsa

265 467 439 496 quorumque
454 459 546 493 lingua
559 458 703 492 magniﬁce
715 457 855 485 Christum
869 457 1053 489 annuntiavit,

265 511 432 539 omnemque
458 503 589 530 adversus
613 503 741 530 homines
764 502 905 537 depellens
926 501 1053 529 infestam

265 551 420 578 dmmonum
432 550 486 576 vim
500 557 532 576 ac
543 549 751 584 grassationem,
764 553 846 583 atque
858 556 968 576 onmem
979 555 1054 575 mor-

264 597 341 628 bum,
354 602 518 629 omnemque
529 595 688 630 languorem
702 595 729 621 in
738 595 803 622 .lesu
819 595 931 622 nomine
941 601 1051 625 curans;

264 649 315 670 nec
330 649 433 676 paucos
447 645 572 668 mortuos
582 640 705 675 ejusdem
718 640 838 667 nominis
849 640 982 675 potentia,
997 639 1053 666 vita

262 688 368 715 donans
380 707 387 719 ,
410 687 573 714 innumeros
587 686 712 721 quotidie
728 686 874 714 credentes
893 685 956 713 ﬁdei
975 685 1053 712 rudi-

263 737 354 760 menta
369 732 483 759 edoctos
498 731 608 759 Christo
621 731 806 766 adjungebat:
820 730 1052 766 regenerationis-

264 787 318 814 que
338 779 447 806 lavacro
463 777 631 810 cmundans,
656 785 688 804 ac
707 777 806 804 deiﬁco
829 776 934 812 Spiritu
954 784 1052 803 eorum

259 826 406 859 detergens
415 824 508 857 corda,
521 832 591 859 quos
600 824 629 851 in
643 824 698 852 illis
709 824 850 859 digniores
864 824 1052 858 majoremque

257 871 373 907 gratiam
388 874 551 898 consecutos
567 874 693 902 noverat,
712 870 740 897 in
752 870 897 904 episcopos
913 873 941 897 et
958 877 1051 897 sacer-

1107 276 1233 310 δαίμοσιν
1246 277 1260 302 ό
1276 274 1484 310 μακαριώτατος
1510 273 1717 308 ἐπιδεδημηκώς
1729 282 1736 289 ·
1757 273 1788 299 οὺ
1815 273 1894 308 μόνον

1107 321 1147 354 δὲ,
1162 321 1230 348 ἀλλὰ
1242 321 1289 348 καὶ
1301 322 1358 352 τοῖς
1377 320 1466 351 Ἰνδοῖς
1491 319 1560 354 μετά
1573 319 1669 350 ταῦτα,
1689 318 1736 345 καὶ
1749 319 1804 350 τοῖς
1817 318 1894 354 ὲῲοις

1108 366 1241 401 Αἰθίοψιν,
1267 365 1346 400 λόγος
1366 364 1445 397 Θεοῦ,
1470 365 1518 391 καὶ
1538 364 1596 398 φῶς
1614 363 1742 398 γνώσεως
1758 363 1806 389 καὶ
1820 362 1894 397 ζωῆς

1107 412 1216 439 αἰωνίου
1245 411 1403 439 διδασκαλία
1432 411 1479 438 καὶ
1505 409 1680 440 ὑποτύπωσις
1713 408 1892 440 ἀποσταλεὶς,

1107 460 1167 490 ταῖς
1189 459 1278 485 αὐτῶν
1304 457 1455 488 διαλέκτοις
1477 454 1677 492 μεγαλοφιὶινως
1698 453 1895 489 εὐηγγελίσατο

1106 505 1152 533 τὸν
1167 505 1294 540 Χριστόν.
1312 503 1368 531 Καὶ
1381 503 1472 530 πᾶσαν
1497 503 1547 537 μὲν
1571 501 1708 536 δαιμόνων
1733 499 1892 527 ἀποδιώκων

1107 552 1167 579 κατ’
1181 550 1333 586 ἀνθρώπων
1349 549 1482 584 ἐπιφοράν
1495 556 1503 563 ο
1525 549 1616 574 πᾶσαν
1635 547 1663 574 δέ
1677 547 1765 578 νόσον,
1778 546 1826 572 καὶ
1842 547 1895 573 πᾶ-

1107 605 1158 624 σαν
1175 595 1311 632 μαλακίαν
1326 597 1355 622 ἐν
1371 595 1483 630 ὀνόματι
1493 593 1653 628 θεραπεύων
1661 593 1708 619 τοῦ
1724 592 1810 627 Ἰησοῦ
1823 600 1831 608 ο
1847 591 1895 618 καὶ

1106 644 1214 677 νεκροῖς
1227 642 1256 668 δὲ
1273 642 1323 669 οὐκ
1338 641 1438 675 ὀλίγοις
1454 642 1488 675 τῇ
1504 640 1574 675 αὐτῇ
1591 639 1638 666 τοῦ
1660 639 1792 673 ὀνόματος
1813 639 1893 665 δυνά-

1108 696 1153 723 μει
1174 687 1357 723 χαρισάμενος
1384 685 1434 721 τὴν
1450 685 1533 720 ζωὴν.
1552 684 1666 719 μυρίους
1691 683 1771 715 ὅσους
1788 683 1893 718 ἡμέραν

1106 733 1167 760 καθ’
1178 733 1285 768 ἡμέραν
1300 730 1478 762 πιστεύοντας
1489 730 1616 765 κατηχῶν
1631 728 1753 764 προσῆγε
1766 727 1877 764 Χριστῷ
1886 735 1892 742 '

1105 778 1153 810 οὓς
1166 778 1205 813 τῷ
1220 778 1270 812 τῆς
1286 776 1495 811 παλιγγενεσίας
1511 775 1703 810 ἀνακαθαίρων
1717 773 1832 808 λουτρῷ,
1846 772 1895 800 καὶ

1104 824 1143 860 τῷ
1158 822 1410 858 Πνεύματιτούτων
1422 821 1471 853 τὰς
1487 821 1602 857 καρδίας
1615 821 1784 855 ἀποσμήχων
1800 820 1894 854 θεουρ-

1105 869 1185 904 γικῷ,
1204 869 1268 900 τοὺς
1284 867 1450 903 ἀξιωτέρους
1475 868 1504 894 ἐν
1529 866 1621 898 αὐτοῖς
1651 865 1698 892 καὶ
1724 864 1894 900 τελειοτέρας

258 917 353 949 dotes,
371 916 447 945 omni
469 916 681 951 prosequendus
698 916 881 943 admiratione
907 923 1050 943 sacrorum

1104 916 1214 951 χάριτος
1227 914 1407 950 ἠξιωμένους,
1423 914 1463 945 είς
1479 913 1627 948 ἀρχιερέας
1642 920 1673 938 τε
1687 912 1735 938 καὶ
1755 912 1855 947 ἱερέας,
1879 911 1894 936 ό

259 963 374 990 antistes
388 962 582 995 consecrabat;
600 962 761 996 cunctisque
772 962 858 989 sacris
867 961 968 989 ritibus
980 962 1048 997 legi-

259 1009 364 1043 busque
376 1015 536 1043 perornans,
544 1015 576 1035 ac
585 1007 793 1042 Scripturarum
804 1007 929 1035 doctrina
943 1013 1048 1043 myste-

259 1055 420 1088 riorUmque
448 1053 615 1085 traditione,
642 1057 775 1087 quantum
802 1052 964 1087 capiebant,
996 1052 1050 1080 illis

259 1098 408 1134 proposita,
421 1097 611 1125 immaculalas
623 1097 734 1125 Christo
745 1097 881 1125 Ecclesias
893 1105 943 1132 per
949 1097 1050 1133 oppida

258 1149 286 1171 et
300 1142 425 1172 civitates
440 1143 537 1171 obiens
550 1143 726 1178 lustransque
739 1143 889 1171 excitabat.

295 1231 468 1267 Ejuscemodi
491 1231 684 1259 Bartholommi
711 1232 845 1267 praeclare
869 1236 960 1268 gesta;
989 1233 1051 1261 talis

266 1277 356 1312 magni
378 1277 509 1304 Ecclesiae
530 1277 666 1312 praeconis
685 1279 865 1313 praestantia:
884 1278 967 1313 inque
986 1286 1051 1306 eum

261 1323 372 1350 modum
398 1331 485 1350 annos
510 1323 590 1359 longe
622 1324 714 1358 plures
740 1324 813 1359 apud
838 1324 1051 1352 immanissimas

260 1374 385 1397 versatus
396 1375 501 1405 gentes,
517 1369 621 1397 nedum
634 1370 704 1398 nihil
719 1370 778 1405 ipse
793 1370 902 1400 illarum
914 1370 1052 1398 contraxit

259 1416 394 1448 feritatis,
417 1415 465 1443 sed
481 1423 530 1443 sua
544 1416 605 1443 illas
624 1416 797 1444 humanitate
812 1416 978 1451 impartivit;
999 1424 1052 1444 nec

259 1462 373 1490 omnino
387 1462 542 1497 ignorantia
554 1466 602 1489 aut
614 1462 746 1497 nequitiae
757 1463 869 1490 illorum
882 1463 924 1490 vel
937 1462 1051 1490 minima

259 1507 320 1534 labe
335 1515 412 1534 suam
426 1507 484 1542 ipse
498 1507 580 1534 vitam
592 1515 624 1534 ac
639 1507 814 1542 disciplinam
829 1507 1052 1542 aspersit;quin-

259 1553 315 1579 imo
336 1552 501 1580 excellentia
531 1552 662 1580 bonitatis
684 1552 839 1587 divinaaque
864 1552 1026 1580 imitationis
1042 1572 1050 1585 ,

261 1599 371 1626 illorum
387 1599 537 1634 impietatis
552 1606 584 1626 ac
600 1599 769 1626 morositatis
784 1603 888 1633 partem
903 1598 1051 1633 plurimam

264 1645 408 1678 dissolvit;
421 1645 497 1672 velut
509 1645 549 1671 sol
561 1644 694 1672 cmissise
707 1644 777 1672 caelo
792 1644 818 1671 in
833 1651 942 1671 caenum
956 1644 1050 1678 radiis,

260 1699 292 1719 ac
306 1691 353 1726 qui
368 1699 423 1718 non
440 1691 499 1726 ipse
513 1689 666 1722 sordescat,
689 1690 737 1717 sed
755 1690 841 1725 magis
864 1690 979 1717 fetorem
993 1689 1052 1717 dis-

260 1737 360 1770 solvat,
374 1736 539 1770 aboleatque
552 1743 584 1762 ac
596 1735 713 1762 minuat.

295 1838 365 1872 Quia
386 1844 452 1864 vero
474 1844 556 1864 cursu
581 1837 712 1872 praeclare
736 1845 926 1866 consummato
945 1847 977 1866 ac
999 1839 1052 1867 ﬁde

262 1889 371 1913 servata
382 1883 417 1915 ’⁷,
429 1884 607 1917 (ιιιοηῑοεζιιοο
615 1889 747 1911 numerus
754 1884 854 1918 capiat,
862 1883 896 1910 ad
905 1884 1052 1912 Dominum

260 1932 446 1960 converterat,
462 1928 612 1963 multisque
633 1929 731 1956 salutis
752 1929 796 1957 via
812 1930 972 1963 exstiterat;
996 1931 1051 1966 jam

262 1983 373 2011 quoque
390 1975 472 2002 ﬁnem
486 1974 568 2009 digne
589 1974 731 2002 laboribus
753 1975 964 2010 respondentem
985 1984 1054 2003 nan-

261 2021 326 2049 cisci
343 2021 487 2056 cupiebat;
509 2021 602 2056 pingui
623 2021 751 2048 nimirum
770 2026 912 2050 senectute
937 2030 1053 2057 corpore

265 2067 396 2095 fatiscens
407 2067 453 2100 "',
463 2071 545 2101 atque
553 2066 586 2094 ad
598 2066 739 2094 Christum
747 2067 1003 2103 emigrare,Deique
1010 2076 1053 2095 re-

261 2113 326 2147 quie
339 2113 393 2140 l'rui
405 2111 704 2140 insatiabilidesiderio
718 2112 815 2140 sitiens
824 2113 858 2139 ³⁸.
876 2113 971 2148 Neque
987 2120 1053 2140 vero

261 2157 393 2185 Dominus
411 2158 479 2193 justi
505 2157 674 2185 desiderium
698 2158 771 2185 istud
793 2159 977 2193 contempsit:
1003 2166 1053 2187 nec

260 2203 402 2231 exaudivit
413 2203 536 2238 quidem,
552 2203 644 2230 minus
658 2207 748 2230 tamen
759 2211 841 2238 quam
855 2211 905 2239 pro
926 2210 1051 2231 votorum

1065 1584 1086 1613 C

1103 961 1329 997 θαυμασιώτατος
1345 959 1531 996 ίεροτελεστὴς
1557 958 1745 992 ὲτελετούργει
1757 966 1764 973 ·
1781 958 1828 984 καὶ
1843 957 1894 984 πά-

1103 1017 1164 1040 σαις
1182 1008 1372 1043 θεσμοθεσίαις
1389 1005 1573 1040 κατακοσμῶν
1598 1006 1696 1040 ἱεραῖς,
1713 1005 1760 1031 καὶ
1776 1003 1830 1030 τῶν
1847 1003 1893 1029 λο-

1101 1054 1169 1088 γίων
1184 1053 1232 1089 τὴν
1248 1053 1347 1088 μύησιν
1360 1053 1407 1079 καὶ
1421 1052 1474 1078 τῶν
1492 1051 1651 1086 μυστηρίων
1666 1050 1716 1085 τὴν
1735 1049 1894 1085 παράδοσιν,

1102 1100 1194 1132 καθὼς
1205 1100 1337 1135 ἐχώρουν,
1355 1098 1575 1134 παρατιθέμενος
1600 1097 1703 1128 αὐτοῖς,
1728 1095 1894 1130 Ἐκκλησίας

1101 1146 1235 1180 ἀμώμους
1247 1145 1318 1172 κατὰ.
1333 1144 1424 1180 χώρας
1436 1144 1484 1172 καὶ
1497 1143 1589 1175 πόλεις
1611 1143 1782 1178 διερχόμενος
1798 1141 1894 1176 ἀνίστη

1103 1189 1223 1225 Χριστῷ.

1138 1235 1257 1262 Τοιαῦτα
1289 1235 1337 1261 τοῦ
1373 1233 1577 1269 Βαρθολομαίου
1604 1233 1640 1260 τὰ
1670 1231 1891 1268 κατορθώματα·

1102 1280 1213 1308 τοιαῦτα
1235 1279 1282 1307 τοῦ
1311 1280 1429 1315 μεγάλου
1451 1280 1500 1314 τῆς
1529 1278 1696 1313 Ἐκκλησίας
1711 1279 1833 1313 κήρυκος
1858 1277 1891 1304 τὰ

1103 1328 1319 1363 προτερήματαο
1343 1328 1390 1354 καὶ
1415 1325 1502 1356 οὕτως
1524 1326 1552 1352 ἐν
1578 1325 1687 1360 χρόνοις
1712 1324 1819 1351 πλείοσι
1838 1325 1895 1355 τοῖς

1102 1373 1300 1408 ἁπηνεστάτοις
1323 1371 1514 1407 ὲπιχωριάζων
1532 1371 1637 1397 ἐονεσιν
1651 1390 1659 1402 ,
1685 1369 1736 1396 οὐκ
1761 1369 1842 1401 αὑτός
1867 1378 1894 1395 τι

1104 1420 1219 1454 μετέσχε
1245 1419 1294 1453 τῆς
1321 1418 1411 1444 αὐτῶν
1437 1417 1598 1453 θηριωδίας,
1626 1415 1695 1443 ἀλλά
1716 1416 1768 1450 τῆς
1788 1415 1894 1447 οἰκείας

1104 1465 1238 1499 μετέδωκε
1270 1463 1494 1499 φιλανθρωπίας·
1524 1462 1584 1489 οὐδὲ
1607 1462 1657 1497 τῆς
1681 1462 1794 1496 ἀγνοίας
1826 1461 1895 1492 ὅλως

1102 1511 1119 1546 ἢ
1133 1511 1182 1544 τῆς
1196 1509 1294 1540 κακίας
1303 1509 1414 1536 ἐκείνων
1429 1508 1481 1535 κᾶν
1496 1508 1543 1535 τδν
1565 1507 1736 1543 βραχύτατον
1749 1506 1843 1533 σπίλον
1861 1508 1894 1541 τῇ

1103 1555 1162 1582 κατ’
1176 1555 1257 1582 αὑτὸν
1271 1555 1395 1590 πολιτείᾳ
1409 1553 1612 1590 προσετρίψατο
1621 1562 1629 1570 ’
1650 1553 1751 1589 μᾶλλον
1768 1554 1818 1588 μὲν
1832 1552 1893 1584 οὖν,

1103 1601 1239 1637 ὑπερϐολῇ
1253 1601 1439 1636 χρηστότητος
1449 1600 1697 1635 καὶ-θεομιμησίας
1711 1600 1742 1626 τὸ
1767 1599 1893 1625 πλεῖστον

1102 1648 1151 1683 τῆς
1165 1647 1291 1678 ἀσεϐείας
1305 1646 1416 1673 ἐκείνων
1431 1646 1479 1673 καὶ
1489 1646 1650 1681 σκαιότητος
1664 1644 1895 1679 διέλυσεν,ὥσπερ

1102 1693 1178 1728 ἥλιος
1204 1693 1276 1719 κατὰ
1294 1691 1425 1727 βορϐόρου
1444 1692 1494 1723 τὰς
1514 1692 1626 1723 ἀκτῖνας
1640 1691 1744 1718 ἀνωθεν
1763 1690 1832 1722 ξείς’
1848 1690 1896 1716 καὶ

1102 1739 1154 1765 οὐκ
1175 1738 1257 1770 αὐτὸς
1281 1738 1488 1774 ρυπαινόμενος,
1519 1738 1645 1772 ἐκτήκων
1673 1737 1700 1763 δὲ
1730 1736 1830 1772 μᾶλλον
1845 1735 1895 1771 τὴν

1103 1785 1246 1817 δυσωδίαν,
1273 1784 1322 1811 καὶ
1334 1783 1474 1818 ἀφανίζων
1490 1784 1538 1810 καὶ
1554 1783 1650 1819 μειῶν.

1144 1840 1221 1867 Ἐπεὶ
1237 1840 1265 1867 δὲ
1276 1839 1322 1866 τὸν
1338 1839 1439 1875 δρόμον
1451 1839 1551 1875 ἄριστα
1561 1838 1711 1871 τετελεκὼς
1728 1840 1775 1866 καὶ
1787 1839 1837 1874 τὴν
1850 1839 1897 1866 πί-

1104 1896 1162 1914 στιν
1176 1886 1346 1922 τετηρηκὼς,
1362 1886 1570 1922 ἀναριθμήτους
1591 1887 1640 1921 μὲν
1663 1886 1829 1922 ἐπέστρεψεν
1849 1885 1896 1912 ἐπὶ

1103 1930 1148 1957 τὸν
1178 1930 1297 1966 Κύριον,
1317 1930 1425 1961 πολλοῖς
1451 1930 1479 1957 δὲ
1512 1931 1650 1966 σωτηρίας
1679 1931 1791 1965 γέγονεν
1816 1930 1894 1963 όδδς,

1104 1976 1237 2011 ἐπεθύμει
1252 1976 1345 2002 λοιπὸν
1373 1976 1465 2004 καὶτὸ
1488 1977 1564 2008 τέλος
1590 1977 1665 2010 ἀξιον
1688 1976 1894 2011 ἀπενέγκασθαι

1103 2022 1157 2048 τῶν
1173 2023 1275 2055 πόνων,
1299 2022 1351 2058 ἠδη
1375 2023 1455 2057 γήρει
1475 2022 1548 2049 πίονι
1563 2022 1594 2048 τδ
1612 2022 1692 2055 σῶμα
1717 2021 1894 2057 πεπονηκὼς,

1103 2068 1150 2095 καὶ
1168 2069 1219 2104 τῆς
1237 2068 1305 2104 πρὸς
1320 2069 1365 2095 τὸν
1390 2068 1508 2104 Χριστὸν
1522 2067 1688 2100 ἀναλύσεως,
1706 2068 1753 2094 καὶ
1778 2068 1828 2103 τῆς
1846 2067 1894 2094 τοῦ

1103 2112 1171 2139 Θεοῦ
1189 2112 1398 2144 καταπαύσεως,
1419 2112 1590 2148 ἀπληρώτως
1601 2113 1754 2147 ἐφιέμενος.
1771 2113 1826 2140 Καὶ
1845 2113 1896 2139 οὐκ

1102 2159 1239 2194 ἠμέλησεν
1255 2160 1268 2185 ὸ
1291 2159 1394 2194 Κύριος
1410 2159 1459 2193 τῆς
1474 2158 1622 2193 ἐπιθυμίας
1634 2158 1682 2184 τοῦ
1700 2158 1823 2185 δικαίου·
1839 2158 1895 2185 οὐδ’

1104 2205 1248 2239 είσήκουσε
1279 2204 1338 2240 μὲν,
1357 2204 1465 2231 ἔλαττον
1479 2204 1507 2231 δὲ
1529 2204 1545 2240 ἢ
1565 2205 1635 2231 κατὰ
1650 2205 1701 2239 τὴν
1720 2203 1803 2231 αὑτοῦ
1822 2213 1896 2239 παρ-

260 2253 335 2280 illius
357 2252 464 2279 ratione
491 2251 611 2279 tribuit:
631 2251 679 2279 sed
704 2251 776 2279 sicut
803 2251 832 2279 in
860 2252 989 2279 omnibus
1016 2260 1050 2280 ex

1105 2250 1200 2285 έσχετο
1222 2251 1376 2286 προσευχήν
1387 2259 1394 2266 ·
1410 2250 1505 2286 ὥσπερ
1520 2251 1549 2277 δὲ
1568 2250 1605 2277 τὰ
1619 2251 1709 2277 πάντα
1719 2251 1896 2286 Χριστοειδὴς

260 2297 363 2326 Christi
380 2297 551 2332 compositus
573 2296 727 2324 rationibus
739 2296 782 2324 vir
799 2297 855 2325 Deo
875 2297 1052 2325 beatissimus

260 2352 323 2371 cum
343 2348 427 2375 essm,
451 2343 491 2370 sic
515 2342 617 2370 Christi
639 2343 740 2377 pietate
762 2351 794 2370 ac
821 2343 944 2370 moribus
966 2343 1050 2370 vitam

261 2389 429 2419 instituerat,
445 2393 475 2415 ut
489 2388 617 2415 Christus
632 2387 702 2415 alter
719 2393 793 2415 recte
808 2388 1005 2416 contuentibus
1022 2393 1051 2416 et

259 2441 371 2464 essetet
383 2435 530 2469 disciplina
541 2434 615 2462 omni
631 2435 783 2469 prtel‘erret,
794 2434 831 2462 ita
845 2434 927 2462 ﬁnem
940 2442 1050 2469 quoque

259 2481 394 2517 ejusmodi
410 2481 541 2516 subsequi
559 2488 670 2508 necesse
685 2485 758 2512 erat,
775 2481 822 2515 qui
839 2481 887 2508 toti
905 2481 967 2508 vitae
984 2488 1051 2508 con-

261 2532 384 2563 grueret.

296 2573 426 2606 Quaenam
435 2580 501 2600 γει-ο
508 2572 754 2600 consummationis
765 2579 859 2604 causa,
868 2579 901 2599 ac
910 2571 1053 2599 videamus

259 2628 342 2655 quam
359 2619 406 2646 illa
421 2618 548 2653 religiosa
562 2626 650 2653 exque
673 2618 829 2646 Christiana
854 2618 967 2652 pietate.
983 2617 1053 2645 Con-

260 2667 319 2701 tigit
344 2672 452 2693 sacrum
472 2664 656 2699 Theologum,
674 2664 701 2691 in
716 2664 833 2699 quadam
854 2664 923 2691 urbe
941 2664 1052 2699 majoris

258 2712 396 2740 Armenia;
417 2711 625 2746 (Urbanopolim
641 2710 751 2745 vocant)
766 2710 881 2738 versari.
898 2710 928 2737 In
943 2717 975 2737 ea
995 2718 1052 2737 ma-

259 2756 367 2791 gniﬁcis
381 2756 536 2791 divinisque
554 2763 589 2783 ex
611 2763 688 2782 more
705 2755 950 2790 praedicationibus
964 2756 1051 2783 Deum

259 2803 419 2835 celebrans;
433 2802 555 2837 deosque
569 2809 665 2829 omnes
678 2809 710 2828 ac
727 2809 823 2829 omnes
843 2801 982 2829 daemones
1004 2802 1052 2829 de-

293 2888 314 2902 ”
330 2887 351 2914 ll
366 2888 426 2916 Tim
438 2897 475 2922 iv,
488 2891 514 2917 7.
546 2891 580 2906 '7‘
596 2890 668 2918 Psal.
690 2898 767 2924 ειη,
787 2890 830 2923 15;
847 2889 916 2917 Gen.
936 2898 980 2924 xv,
996 2890 1038 2918 lii.

1103 2297 1118 2322 ὸ
1134 2296 1415 2332 θεομακαριστότατος
1431 2297 1500 2332 ἀνὴρ
1517 2297 1565 2330 ὣν,
1581 2297 1797 2332 Χριστοπρεπῶς
1809 2296 1896 2328 οὕτως

1105 2341 1227 2374 ἐϐίωσεν,
1243 2343 1282 2374 ὡς
1296 2342 1376 2369 ἀλλον
1392 2343 1496 2369 ἐκεῖνον
1511 2344 1569 2374 τοῖς
1583 2342 1672 2377 ὀρθῶς
1697 2342 1783 2378 ὁρῶσι
1797 2342 1844 2369 καὶ
1855 2340 1896 2368 εί-

1104 2399 1149 2417 ναι
1165 2390 1211 2416 καὶ
1227 2389 1429 2422 πολιτεύεσθαι,
1447 2389 1534 2421 οὕτως
1549 2389 1603 2416 ἔδει
1614 2390 1661 2417 καὶ
1672 2389 1749 2421 τέλος
1763 2389 1896 2423 ἀνάλογον

1103 2437 1157 2472 ὅλῳ
1174 2436 1214 2472 τῷ
1227 2436 1277 2472 βίῳ
1292 2436 1544 2471 παρακολουθῆσαι.

1138 2574 1187 2606 Τίς
1202 2574 1249 2601 οὖν
1272 2575 1290 2609 ἡ
1313 2574 1479 2606 τελειώσεως
1498 2574 1628 2609 ἀφορμὴ”
1657 2574 1705 2601 καὶ
1723 2574 1839 2609 εἰδῶμεν
1856 2574 1895 2606 ὡς

1104 2621 1318 2655 Χριστοπρεπής
1329 2628 1336 2635 ·
1353 2619 1428 2646 πόλει
1444 2620 1497 2655 γάρ
1510 2628 1564 2646 τινι
1583 2620 1633 2654 τῆς
1649 2619 1772 2655 μεγάλης
1793 2620 1894 2654 ’Λρμε-

1105 2666 1164 2698 νίας
1179 2667 1193 2693 ό
1205 2666 1276 2701 ίερδς
1290 2665 1411 2692 ἐπετέλει
1427 2665 1557 2698 Θεολόγος
1571 2665 1707 2700 ἐνδημῶν.
1722 2665 1896 2700 Οὐρϐανόπο-

1104 2712 1145 2739 λιν
1156 2712 1185 2739 δὲ
1199 2712 1301 2746 ταύτην
1315 2710 1385 2737 εἶναι
1395 2717 1403 2725 ⁸
1418 2710 1447 2737 ἐν
1496 2710 1696 2746 μεγαληγόρως
1710 2710 1727 2745 ἢ
1744 2709 1894 2746 οεηγὸρως,

1103 2758 1140 2789 ὡς
1158 2757 1218 2790 ἔθος
1231 2757 1316 2792 αὐτῷ,
1334 2756 1467 2790 θεολογῶν
1489 2756 1535 2782 τὸν
1555 2755 1623 2782 Θεόν
1634 2763 1642 2771 '
1659 2755 1707 2782 καὶ
1723 2755 1826 2786 πάντας
1846 2755 1896 2788 μὲν

1104 2803 1194 2835 θεοὺς,
1220 2803 1323 2834 πάντας
1347 2801 1376 2829 δὲ
1400 2801 1530 2836 δαίμονας
1558 2799 1722 2834 ὲξουδενῶν,
1758 2799 1837 2835 μόνον
1865 2799 1896 2826 δὲ

1082 2889 1104 2906 ³⁸
1119 2889 1189 2917 Phil.
1203 2898 1221 2921 ι,
1238 2889 1283 2916 25.
