2078 3154
215 166 266 200 211

811 171 958 201 NICETIE
978 169 1243 201 PAPHLAGONIS

1793 166 1847 198 212

215 226 280 249 etus
291 225 375 256 atque
387 225 556 256 compactus,
567 222 608 249 sic
621 229 636 249 e
652 230 767 256 corpore
782 223 904 257 perfecte
917 224 1004 251 evolat

1056 223 1236 258 συνδεόμενος
1253 222 1298 248 καὶ
1318 219 1521 255 συναρμολογοὺ
1526 229 1617 256 μενος,
1629 219 1667 255 τῷ
1677 218 1773 247 τοῦτον
1782 221 1847 248 ἀνα-

211 271 242 295 et
260 267 294 294 ad
315 267 402 294 Deum
428 275 490 294 cum
513 267 636 295 claritate
658 268 819 304 commigrat
842 277 849 295 :
871 274 954 305 atque
977 274 1008 297 ut

213 321 279 341 vere
297 313 372 342 lilius
387 314 422 340 ad
440 314 549 342 Patrem
571 314 641 342 coelo
662 314 807 342 celsiorem
827 315 1006 344 inenarrabili

212 359 397 387 exsultatione
407 359 554 392 deductus,
566 359 1006 397 haereditatemIineontaminatam

212 409 296 441 atque
323 406 488 441 longawam,
510 405 764 442 divinissimamque
784 407 1004 443 jucunditatem,

210 455 295 486 atque
316 458 475 486 supremum
497 458 529 478 ac
547 451 668 486 primum
689 459 752 480 cum
770 451 853 480 Petro
871 456 900 480 et
920 452 1006 481 Paulo

210 496 284 531 apud
309 504 448 524 summum
474 497 599 524 omnium
621 497 726 533 Regem
750 498 884 526 honorem
906 506 1006 527 conse-

185 552 189 555 τ
211 542 318 577 quitur.

245 641 352 670 Idcirco
370 643 461 671 saluto
478 647 516 676 te,
529 644 722 672 charissimum
739 645 795 672 Deo
812 652 845 672 ac
860 645 1004 672 sanctissr-

209 694 286 714 mum
307 693 401 723 caput.
420 688 516 721 Salve,
533 689 603 724 lapis
620 690 775 724 pretiosus,
791 697 863 717 unus
880 698 914 717 ex
933 690 1003 717 duo-

208 733 317 766 decim,
332 734 449 761 ’summo
472 735 597 770 angulari
622 735 721 770 dignus
744 735 852 770 lapide;
876 736 1000 770 pretioso

209 779 310 814 dignus
332 779 496 815 margarito,
510 781 587 808 velut
607 781 645 808 illi
667 781 825 809 immediate
846 781 1002 815 cohaerens,

208 824 291 859 eique
309 829 420 860 aptatus
437 830 520 860 atque
538 831 701 859 contextus,
716 830 744 854 et
761 826 961 860 coaedificatus,
975 827 1004 854 in

209 869 399 898 habitaculum
411 871 459 898 Dei
476 871 504 898 in
520 871 636 906 Spiritu.

243 970 334 1004 Salve,
344 972 423 999 stella
435 971 605 1000 lucidissima
620 981 653 1001 ac
668 974 838 1009 spectabilis,
849 973 1004 1009 pulcherri-

209 1025 309 1052 maque
326 1018 430 1050 ac_late
445 1019 608 1054 conspicua,
623 1020 671 1054 qui
693 1020 822 1048 undecim
842 1025 1002 1053 consertus,

213 1063 356 1100 instarque
365 1065 451 1093 stellae
462 1066 495 1098 ",
516 1066 601 1101 plexae
620 1066 659 1093 illi
676 1074 786 1094 corona:
797 1067 889 1102 gloria!
899 1067 1003 1094 inditus

214 1117 247 1136 ac
262 1110 405 1145 appositus
421 1119 466 1144 es,
479 1119 562 1146 quam
579 1112 699 1140 celestis
716 1120 848 1147 sponsus.
861 1116 892 1140 ut
908 1120 1002 1140 sacra-

213 1155 349 1183 tissimum
367 1156 451 1184 habet
467 1157 622 1193 el0quinm,
639 1158 741 1192 aptavit
757 1158 840 1193 capiti
856 1166 974 1193 sponsaa.

242 1254 322 1283 Salve
336 1276 344 1288 ,
368 1256 534 1292 Angelorum
561 1258 741 1293 iucunditas,
765 1259 1000 1294 Archangelorum

1057 268 1257 304 λαμϐανομένῳ
1271 267 1338 302 πρὸς
1353 266 1398 293 τὸν
1424 266 1540 302 οὐρανὸν
1560 265 1616 292 ἀπὸ
1629 266 1690 300 γῆς,
1706 265 1778 292 οὕτω
1800 274 1846 292 τε-

1056 315 1124 346 λέως
1139 314 1290 348 ἁφίπταται
1307 312 1357 348 μὲν
1370 311 1417 339 τοῦ
1442 311 1580 347 σώματος,
1596 312 1709 346 ὲνδημεϊ
1730 311 1758 338 δὲ
1778 312 1848 347 μετὰ

1055 360 1134 395 δόξης
1152 359 1221 395 πρὸς
1249 359 1295 385 τὸν
1319 357 1404 385 Θεόν·
1421 358 1468 384 καὶ
1489 357 1526 389 ὡς
1554 357 1663 393 ἀληθῶς
1688 358 1783 385 τέκνον
1808 359 1848 394 τῷ

1056 406 1158 442 ὑπερου
1163 405 1247 441 ρανίῳ
1256 404 1343 439 Ilath
1351 403 1530 440 ἀνεκλαλήτῳ
1546 403 1757 438 προσεληλυθὼς
1766 404 1848 438 ἀγαλ-

1055 451 1179 487 λιάματι,
1198 450 1249 485 τῆς
1275 449 1409 484 ἀμιάντου
1435 449 1618 485 κληρονομίας
1637 449 1684 476 καὶ
1707 450 1848 485 μακραίω-

1055 505 1100 528 νος
1110 517 1117 528 .
1134 495 1184 530 τῆς
1212 494 1421 529 θεοτελεστάτης
1435 494 1627 530 τερπνότητος,
1642 495 1689 521 καὶ
1709 494 1760 529 τῆς
1774 494 1846 522 ἀνω,

1054 543 1128 570 τάτω
1142 543 1188 569 καὶ
1205 541 1317 577 πρώτης
1329 540 1399 576 μετὰ
1415 541 1519 576 Πέτρου
1537 540 1586 567 καὶ
1599 539 1706 567 Παύλου
1720 541 1796 575 παρὰ
1808 540 1848 575 τῷ

1055 586 1228 622 Παμόασιλεῖ
1247 585 1424 618 καταξιοῦται
1437 586 1531 620 τιμῆς.

1090 644 1292 680 Προσαγορεύει)
1319 651 1350 670 σε
1373 642 1528 678 τοιγαροῦν,
1543 642 1593 678 τὴν
1613 641 1784 678 τιμιωτάτην
1808 642 1848 676 τῷ

1053 689 1113 725 Θεῷ
1137 690 1184 716 καὶ
1203 688 1414 722 παναγεστάτην
1437 687 1570 722 κεφαλήν.
1593 687 1691 722 Χαῖρε,
1707 688 1722 714 ὁ
1743 687 1818 718 λίθος
1833 687 1848 714 ὁ

1053 737 1154 772 τίμιος,
1174 736 1188 763 ὁ
1199 734 1240 767 εἷς
1252 735 1307 763 τῶν
1321 735 1435 768 δώδεκα,
1455 735 1470 762 ό
1481 734 1557 767 ἄξιος
1570 733 1618 761 τοῦ
1632 733 1846 769 ἀκρογωνιαίου,

1054 782 1128 815 ἄξιος
1141 781 1189 809 τοῦ
1218 781 1367 816 πολυτίμου
1393 779 1580 816 μαργαρίτου,
1607 779 1645 811 ὡς
1671 779 1746 814 αὺτῷ
1764 787 1848 814 προσ-

1053 827 1125 863 εχῶς
1137 827 1260 862 ὴγγικὼς
1278 828 1326 854 καὶ
1340 825 1502 861 συναραρὼς
1518 825 1565 852 καὶ
1580 825 1788 860 συνυφασμένος
1800 825 1849 851 καὶ

1055 872 1325 908 συνῳκοδομημένας,
1353 872 1394 904 είς
1411 871 1624 906 κατοικητήριον
1647 869 1696 897 τοῦ
1722 870 1791 897 Θεοῦ
1816 871 1848 897 ἐν

1018 904 1041 933 Β
1055 904 1126 946 Πνειΰ
1131 904 1206 954 ματι.

1089 977 1185 1011 Χαῖρε,
1202 975 1291 1010 ἀστὴρ
1306 973 1532 1009 φαποφανέστατε
1550 972 1597 999 καὶ
1611 973 1754 1007 ¹ιῑερίοίι-ιε,
1772 980 1847 1007 περι-

1053 1021 1218 1058 καλλέα-κατε
1238 1021 1287 1047 καὶ
1312 1019 1494 1055 περίϐλεπτε·
1512 1019 1527 1045 ὁ
1541 1019 1598 1049 τοῖς
1623 1017 1720 1043 ἕνδεκα
1743 1024 1846 1051 συνηρ-

1054 1068 1200 1104 μοσμένος,
1222 1067 1271 1095 καὶ
1287 1068 1327 1098 εἰς
1347 1067 1395 1093 τὸν
1409 1066 1541 1100 στέφανον
1567 1065 1614 1091 τὸν
1639 1063 1778 1090 πλακέντα
1796 1062 1848 1097 τῆς

1052 1115 1132 1150 δόξης
1152 1112 1470 1148 συγκαταπεριζόμενος
1483 1112 1530 1138 καὶ
1545 1110 1769 1145 συνταττόμενος,
1787 1108 1817 1134 ὃν
1830 1108 1846 1134 ὀ

1052 1160 1177 1196 οὐράνιος
1189 1159 1317 1195 νυμφίος.
1340 1158 1412 1184 κατὰ
1426 1157 1457 1184 τὸ
1475 1155 1683 1192 μυστικώτατον
1695 1154 1796 1188 λόγιον,
1812 1155 1846 1189 τῇ

1052 1204 1102 1239 τῆς
1117 1203 1225 1240 νύμφης
1238 1203 1381 1238 ἐφήρμοσε
1395 1200 1512 1236 κεφαλῇ.

1090 1261 1186 1295 Χαῖρε,
1206 1259 1260 1286 τῶν
1281 1257 1417 1292 Ἀγγέλων
1435 1257 1452 1291 ἠ
1475 1255 1604 1290 θυμηδία,
1617 1254 1673 1282 τῶν
1691 1254 1846 1290 ’Λρχαγγέ-

207 1309 289 1334 cura,
305 1302 510 1338 Principatuum
525 1303 618 1331 odoris
643 1303 809 1339 fragrantia;
832 1313 864 1332 ae
889 1305 1001 1340 quidem

1055 1308 1106 1334 λων
1130 1308 1146 1341 ἡ
1175 1304 1318 1340 θεραπεία,
1343 1303 1398 1330 τῶν
1418 1302 1523 1338 ’Δρχῶν
1547 1302 1564 1337 ἡ
1580 1301 1696 1328 εὐωδία·
1721 1299 1769 1327 καὶ
1793 1299 1848 1326 τῶν

208 1348 382 1377 Potestatum
406 1350 553 1385 splendor,
573 1350 798 1378 Dominationum
822 1359 889 1378 vero
913 1359 1002 1387 augu-

206 1398 280 1422 stum
307 1395 392 1423 decus
420 1404 426 1422 :
452 1396 499 1431 qui
522 1396 643 1423 Thronis
666 1395 828 1429 consideas;
851 1395 1002 1425 Cherubim

208 1439 326 1472 sodalis,
341 1448 372 1468 ac
388 1439 533 1476 Seraphim
549 1440 756 1468 contubernalis
769 1441 896 1468 exsistas.

243 1495 338 1530 Salve,
345 1496 533 1531 apostolorum
546 1497 644 1532 gloria,
657 1500 810 1532 martyrum
825 1496 1000 1528 illuminatio,

210 1546 424 1577 sanctorumque
444 1542 568 1569 omnium
586 1541 767 1569 sanctiﬁcatio
784 1545 813 1568 et
825 1541 1000 1577 iucunditas;

1058 1351 1203 1384 Ἐξουσιῶν
1216 1350 1267 1386 μὲν
1282 1351 1299 1385 ἡ
1312 1349 1474 1384 λαμπρότης
1488 1369 1495 1380 ,
1509 1348 1563 1374 τῶν
1585 1346 1763 1383 Κυριοτήτων
1785 1345 1812 1372 δὲ
1830 1345 1846 1379 ὴ

1052 1397 1216 1433 κοσμιότης·
1239 1398 1253 1423 ὁ
1266 1397 1321 1422 τῶν
1336 1395 1445 1431 Θρὸνων
1463 1394 1607 1427 σύνθρονος
1618 1414 1626 1425 ,
1650 1393 1698 1419 καὶ
1723 1392 1778 1419 τῶν
1793 1392 1847 1418 Χε‹

1054 1443 1168 1479 ρουδεὶμ
1187 1441 1342 1477 συνόμιλος,
1355 1440 1401 1467 καὶ
1412 1439 1566 1476 ὁμοδίαιτος
1581 1439 1634 1465 τῶν
1651 1437 1804 1474 Σεραφείμ.

1088 1497 1428 1534 Χαῖρε,τῶν’Δποστόλων
1443 1498 1457 1523 ὁ
1473 1495 1683 1530 καλλωπισμὸς·
1698 1494 1753 1521 τῶν
1768 1494 1844 1528 Μαρ-

1051 1545 1142 1579 ⁴τύρων
1157 1545 1171 1570 ὁ
1186 1543 1335 1578 φωτισμδς,
1355 1543 1403 1569 καὶ
1415 1542 1524 1569 πάντων
1536 1541 1635 1576 Ἀγίων
1654 1541 1787 1575 ἁγιασμὸς
1801 1540 1848 1566 καὶ

208 1595 254 1615 res
278 1588 334 1615 Deo
359 1588 457 1623 digna.
479 1595 636 1622 nomenque
662 1595 776 1622 prorsus
800 1587 1000 1619 desiderabile;

1055 1574 1224 1624 ἀγλαϊσμός·
1254 1574 1284 1615 τό
1312 1574 1434 1621 όιξιόθεον
1457 1574 1592 1622 πρᾶγμα,
1621 1586 1651 1613 τὸ
1669 1574 1847 1620 ἀξιοτιόθητον

208 1631 291 1667 digne
302 1632 454 1668 divineque
467 1640 518 1668 pro
533 1632 654 1660 nominis
667 1632 773 1659 ratione
786 1631 1003 1658 Bartholomaaus

209 1682 399 1713 nuncupatus;
424 1686 488 1706 vere
502 1677 574 1711 ﬁlius
588 1677 750 1712 suspendens
765 1685 850 1712 aquas
863 1684 871 1704 :
886 1675 913 1704 id
928 1675 1002 1704 enim

211 1731 311 1750 nomen
325 1727 418 1756 sonat,
430 1723 454 1750 si
469 1723 532 1758 quis
546 1722 754 1757 interpretetur.

247 1780 328 1807 Salve
341 1788 373 1808 ac
387 1779 486 1813 gaude,
499 1779 573 1813 quod
590 1783 618 1806 et
633 1779 691 1813 ipse
705 1778 753 1806 Dei
768 1778 921 1806 imitatione
932 1778 1004 1806 sicut

211 1826 259 1853 Dei
268 1826 354 1853 Filius
361 1825 446 1852 verbo
453 1832 539 1859 aquas
554 1824 687 1852 sublimes
701 1832 765 1852 aere
779 1825 1005 1856 librat”',levat—

212 1880 266 1907 que
283 1880 298 1899 e
316 1876 405 1903 narra,
419 1871 522 1905 quibus
538 1871 622 1898 etiam
639 1872 717 1905 juxta
737 1871 924 1906 Scriptorum,
941 1872 1004 1906 tegit

212 1917 348 1944 caenaculo
358 1917 415 1951 ejus
426 1917 433 1932 ¹
449 1925 458 1943 :
471 1916 511 1943 sic
518 1924 628 1951 quoque
637 1921 677 1947 tu.
689 1924 776 1951 aquas
787 1917 888 1944 multas
903 1917 1006 1952 (humi-

212 1963 253 1989 les
269 1962 375 1989 scilicet
391 1962 499 1990 animos
518 1966 564 1990 tua
585 1970 668 1997 opera
689 1962 861 1990 credentium
882 1962 1004 1998 Christo)

212 2006 407 2042 praedicatione
426 2010 473 2034 tua
496 2008 634 2039 sustollis;
656 2007 895 2043 spiritalioresque
913 2016 929 2035 a
948 2013 1006 2035 ter-

213 2061 282 2081 reno
298 2053 410 2088 penitus
425 2061 509 2082 sensu
524 2053 707 2089 suspendens,
722 2062 754 2082 ae
769 2053 797 2081 in
813 2055 899 2082 Deum
916 2054 1007 2089 perfe-

213 2100 286 2126 ctius
300 2099 428 2132 elevans,
440 2099 468 2127 in
487 2099 543 2127 illis
559 2100 608 2134 qui
624 2099 738 2127 secundi
756 2099 862 2127 ordinis
878 2104 956 2131 sunt,
974 2108 1006 2127 ac

212 2146 420 2173 emnaculorum
439 2147 577 2174 rationem
600 2146 718 2178 habent.
752 2146 861 2175 animos
881 2146 1005 2174 ﬁdelium

212 2192 294 2227 tegis.

248 2291 331 2319 Salve
350 2291 398 2324 sis,
411 2291 502 2323 beate,
514 2291 616 2327 inclyte
635 2298 670 2319 ac
687 2291 792 2324 divine,
807 2291 854 2327 qui
874 2300 1004 2328 magnum

213 2343 242 2365 et
252 2346 377 2373 parvum,
388 2339 504 2365 multum
520 2344 547 2365 et
560 2345 677 2373 paucum
694 2339 813 2366 salutare
827 2339 1005 2375 Evangelium

213 2383 371 2420 praedicain
394 2391 426 2411 ac
448 2383 567 2410 docuisti
593 2392 601 2411 :
625 2391 754 2419 magnum
778 2384 907 2419 quidem,
930 2384 1005 2420 quod

213 2438 325 2457 omnem
344 2430 445 2458 mentis
463 2430 570 2457 ratione
587 2430 692 2458 utentis
707 2434 790 2465 atque
809 2430 909 2458 indolis
927 2438 1003 2458 eom-

214 2477 428 2512 prelicusionem
442 2476 568 2509 excedat;
584 2484 699 2511 parvum
712 2484 788 2509 vero,
800 2476 835 2504 ob
850 2476 1006 2504 inclinatio-

214 2531 279 2550 nem
296 2528 378 2558 atquc
393 2523 427 2550 ad
445 2523 598 2558 terrigenas
613 2522 807 2550 demissionem
818 2543 825 2555 ,
840 2530 871 2550 ac
887 2530 949 2550 cum
964 2522 1007 2549 eis

214 2569 442 2601 similitudinem,
459 2569 518 2604 ejus
537 2569 584 2604 qui
605 2569 684 2597 cmlis
703 2568 803 2596 celsior
821 2568 938 2596 exsistit.
957 2568 1005 2596 Vel

213 2623 344 2650 magnum
360 2615 483 2649 quidem,
501 2614 537 2641 ob
553 2614 667 2641 Deitatis
683 2614 868 2649 maiestatem;
890 2621 1006 2648 parvum

213 2667 318 2693 autem,
334 2661 369 2689 ob
390 2665 541 2688 extremam
561 2660 691 2687 humana:
711 2665 816 2687 natura:
830 2659 980 2686 exilitatem
998 2668 1004 2686 :

214 2716 332 2743 quorum
348 2716 419 2735 nova
435 2708 527 2735 mistio
541 2712 568 2734 et
584 2707 744 2739 concretio,
760 2705 901 2741 Evangelii
923 2710 1007 2740 caput

215 2761 377 2788 summaque
387 2757 440 2781 cst.
451 2753 489 2781 Ac
502 2753 616 2780 tntillum
628 2752 752 2788 quidem,
764 2751 836 2786 quod
851 2752 963 2778 multam
977 2751 1004 2778 in

217 2805 247 2826 sc
260 2807 292 2826 ac
306 2799 467 2826 immensam
483 2798 670 2834 intelligentiae
684 2806 716 2825 ac
730 2797 870 2832 sapientia:
882 2797 1003 2825 abditam

254 2887 276 2902 "
289 2887 430 2921 Apoc.xn,
444 2888 468 2915 Ι.
508 2889 540 2904 "9'
552 2887 604 2916 Job
629 2895 703 2920 mn,
716 2887 741 2915 8.
773 2888 779 2904 ‘
797 2887 869 2915 Psal.
883 2895 940 2920 ειη,
951 2887 977 2914 5.

1053 1635 1157 1670 ὄνομα·
1174 1635 1188 1660 ὁ
1212 1634 1367 1669 ἀξιώνυμος
1392 1633 1441 1660 καὶ
1466 1632 1606 1667 θεώνυμος
1627 1632 1845 1667 Βαρθολομαῖος·

1062 1681 1093 1707 '0
1104 1680 1223 1715 ἀληθῶς
1232 1680 1328 1708 ὕδατα
1343 1679 1494 1715 κρεμάσας
1507 1679 1586 1712 υἱός·
1599 1677 1678 1705 τοῦτο
1692 1677 1747 1713 γὰρ
1761 1678 1778 1712 ἡ
1797 1685 1846 1711 ση-

1056 1727 1143 1763 μασία
1158 1727 1206 1754 τοῦ
1221 1727 1363 1762 ὀνόματος.

1090 1784 1188 1817 Χαῖρε,
1203 1783 1244 1810 ὅτι
1263 1783 1440 1817 Θεομιμήτως
1454 1781 1500 1808 καὶ
1513 1779 1605 1812 αὐτὸς,
1624 1779 1751 1814 καθάπερ
1765 1780 1780 1806 ό
1799 1778 1848 1805 τοῦ

1055 1828 1123 1856 Θεοῦ
1141 1829 1216 1860 Υἱὸς,
1241 1828 1314 1862 λόγῳ
1328 1829 1362 1854 τὰ
1378 1827 1462 1854 ὕδατα
1486 1827 1594 1860 διαέρια
1611 1825 1771 1861 μετεωρίζει
1799 1824 1847 1851 καὶ

1056 1874 1178 1908 κουφίζει
1193 1874 1242 1908 τῆς
1257 1874 1319 1908 γῆς.
1334 1870 1379 1906 οἷς
1392 1872 1441 1899 καί
1460 1871 1496 1898 τὰ
1516 1869 1638 1905 ὑπερῷα
1651 1870 1756 1900 αὑτοῦ.
1773 1869 1846 1896 κατὰ

1056 1921 1105 1955 τὴν
1120 1919 1207 1955 ἱερὰν,
1218 1918 1362 1953 στεγάζει,
1377 1918 1499 1954 Γραφήν·
1513 1917 1586 1944 οὕτω
1599 1917 1648 1944 καὶ
1664 1916 1746 1947 αὗτὺς
1763 1915 1847 1943 ὕδατα

1056 1966 1152 1997 πολλὰ,
1164 1965 1216 1997 τὰς
1230 1966 1383 2000 χαμερπεῖς
1397 1964 1516 1995 διανοίας
1536 1963 1591 1989 τῶν
1614 1963 1659 1989 διὰ
1676 1961 1724 1997 agt?
1738 1961 1850 1997 Χριστῷ

1055 2012 1250 2045 πιστευόντων,
1265 2010 1305 2045 τῷ
1329 2010 1488 2045 Εὐαγγελίῳ
1512 2017 1559 2035 σου
1576 2008 1752 2043 μετεωρίζεις
1766 2015 1773 2023 ·
1801 2007 1847 2034 καὶ

1055 2058 1103 2086 τοῦ
1117 2058 1210 2093 γηινου
1222 2058 1395 2092 φρονήματος
1405 2056 1468 2087 τοὺς
1477 2054 1750 2089 πνευματικωτὲρους
1765 2061 1847 2080 παντ-

1056 2105 1142 2131 άπασι
1168 2103 1321 2139 κρεμάσας,
1339 2102 1387 2129 καὶ
1410 2100 1574 2135 τελεώτερον
1598 2100 1704 2134 ἐπάρας
1719 2099 1788 2133 πρὸς
1803 2099 1849 2125 τὸν

1056 2151 1134 2181 Θεδν,
1154 2150 1183 2176 ὲν
1208 2148 1300 2180 αὐτοῖς
1322 2148 1372 2180 τὰς
1391 2147 1522 2182 δευτέρας
1548 2145 1653 2178 τάξεως
1680 2144 1780 2176 οὔσας,
1800 2144 1847 2171 καὶ

1057 2195 1190 2231 ὑπερῴων
1203 2195 1283 2229 λόγον
1299 2192 1462 2228 ἐπεχούσας,
1490 2191 1546 2218 τῶν
1569 2190 1674 2217 πιστῶν
1701 2189 1848 2222 quandng

1021 2240 1043 2268 ο
1057 2241 1157 2276 ψυχάς.

1094 2297 1191 2331 Χαῖρε,
1208 2294 1312 2330 μάκαρ,
1328 2293 1435 2328 ἀοίδιμε
1449 2292 1497 2319 καὶ
1509 2292 1637 2319 θεσπέσιε
1648 2299 1657 2308 '
1673 2293 1687 2319 ὁ
1706 2292 1778 2327 μέγα
1801 2292 1846 2319 καὶ

1058 2341 1165 2376 μικρὸν,
1196 2341 1263 2367 πολὺ
1292 2339 1338 2366 καὶ
1353 2339 1444 2373 ὀλίγον
1469 2339 1500 2366 τὸ
1521 2339 1656 2373 σωτήριον
1680 2338 1848 2373 θεολογήσας

1055 2387 1230 2422 Εὑαγγέλιον.
1248 2386 1327 2419 Μέγα
1344 2386 1403 2420 μὲν,
1431 2385 1470 2419 τῷ
1494 2386 1586 2420 πάσης
1600 2384 1713 2419 λογικῆς
1727 2384 1847 2416 διανοίας

1055 2434 1103 2461 καὶ
1127 2433 1236 2468 φύσεως
1250 2430 1520 2467 ὐπεραναὸεεηκέναι
1543 2431 1592 2466 τὴν
1608 2430 1779 2465 κατάληψινο
1799 2439 1847 2465 μι-

1056 2480 1121 2515 κρδν
1139 2479 1177 2508 δὲ,
1197 2479 1240 2505 διὰ
1262 2478 1311 2513 τὴν
1333 2477 1537 2511 συγκατάόασιν
1561 2476 1608 2503 καὶ
1624 2477 1674 2510 τὴν
1701 2477 1770 2512 πρὸς
1783 2475 1847 2507 τοὺς

1057 2527 1183 2561 γηγενεῖς
1197 2524 1245 2552 τοῦ
1258 2523 1456 2560 ὖπερουρανίου
1468 2523 1650 2558 ταπεινότητα
1665 2522 1711 2549 καὶ
1721 2521 1846 2557 ὁμοιότη-

1056 2580 1100 2598 τα.
1121 2571 1167 2602 Ἢ,
1188 2570 1259 2605 μέγα
1280 2570 1338 2604 μὲν,
1354 2569 1398 2595 διὰ
1416 2568 1447 2595 τὸ
1459 2569 1509 2604 τῆς
1524 2568 1650 2603 θεότητος
1671 2567 1844 2602 μεγαλοπρε-

1057 2617 1125 2648 πές·
1144 2615 1240 2651 μικρὸν
1262 2615 1302 2646 δὲ,
1317 2615 1361 2641 διὰ
1377 2614 1408 2640 τὺ
1424 2613 1611 2649 μικροπρεπὲς
1635 2614 1686 2648 τῆς
1708 2612 1847 2647 ἀνθρωπί-

1056 2672 1104 2697 νης
1119 2661 1250 2697 ἐσχατιᾶς
1260 2682 1267 2692 ,
1284 2657 1322 2688 ὧν
1342 2662 1358 2694 ἡ
1373 2659 1454 2694 καινὴ
1475 2659 1548 2694 μίξις
1561 2659 1608 2684 καὶ
1622 2659 1732 2693 κρᾶσις,
1747 2657 1778 2684 τδ
1797 2666 1847 2684 κε-

1057 2708 1170 2742 φάλαιον
1182 2707 1228 2734 τοῦ
1248 2706 1414 2740 Εὑαγγελίου
1430 2705 1612 2740 χρηματίζει·
1629 2704 1676 2731 καὶ
1689 2703 1757 2731 πολὺ
1783 2703 1844 2738 μὲν,

1056 2754 1096 2789 τῷ
1110 2753 1193 2781 πολὺν
1209 2754 1237 2780 ὲν
1249 2751 1339 2786 ἑαυτῷ
1364 2751 1411 2777 καὶ
1429 2750 1587 2784 ἀμέτρητον
1612 2749 1685 2784 ἔχειν
1710 2749 1846 2780 συνέσεως

1058 2800 1104 2826 καὶ
1120 2799 1215 2832 σοφίας
1230 2798 1259 2825 ὲν
1281 2797 1446 2832 ἀπορρήτοις
1473 2794 1552 2829 βυοόν
1564 2803 1570 2810 ·
1590 2794 1680 2829 ὀλίγον
1701 2794 1731 2821 δὲ
1752 2793 1847 2826 πάλιν,
