2078 3154
246 209 300 241 215

846 208 993 238 NlCET/E
1017 208 1241 238 PAPIILAGON
1246 209 1280 238 IS

1824 210 1876 242 216

246 268 299 295 stia
313 265 512 295 liberabantur.
530 265 662 294 Videntes
679 265 771 300 itaque
786 265 888 292 diaboli
904 264 1034 295 ministri.

1089 263 1192 291 παθῶν.
1205 264 1297 291 Ταῦτα
1310 262 1357 292 οὖν
1378 265 1522 301 βλέποντες
1531 267 1556 293 oi
1576 266 1622 294 τοῦ
1637 267 1761 294 διαϐόλου
1775 267 1877 303 ὑπουρ-

246 314 341 341 furore
353 312 380 339 in
398 319 496 339 urnam
517 311 590 339 illam
611 311 848 344 incendebantur;
863 318 896 338 ac
912 311 1037 346 quando-

246 368 300 395 que
315 358 514 386 deliberatione
528 358 631 389 habita,
646 365 741 384 urnam
756 357 783 384 in
798 365 852 391 qua
871 361 930 384 erat
947 357 1036 385 sancti

246 406 362 442 apostoli
377 413 477 440 corpus
486 427 493 436 ,
506 412 569 431 cum
587 409 705 439 quatuor
717 403 779 431 aliis
791 408 948 431 sanctorum
962 411 1035 431 mar-

248 457 338 488 tyrum
354 453 441 480 urnis.
471 452 498 478 in
516 458 591 477 mare
615 450 801 485 proiecerunt.
828 450 856 477 Id
877 457 942 477 vero
956 457 1036 477 omne

247 498 382 533 contigit,
417 502 446 524 ut
475 501 502 524 et
531 500 624 523 tantus
651 496 735 523 maris
756 500 872 528 tractus,
903 499 1036 530 quantum

246 544 351 571 emensi
369 548 444 573 sunt.
463 550 513 577 per
525 543 586 569 illos
604 541 840 574 sanctificaretur,
864 549 897 568 ac
912 540 972 569 loca
987 549 1037 577 per

247 597 307 623 qua:
324 589 386 615 illos
400 588 495 615 divisit
509 588 601 614 divina
622 588 720 622 gratia,
741 587 983 615 benedicerentur.

281 633 392 666 Magnos
404 633 478 659 enim
493 633 573 659 Ponti
591 633 668 659 sinus
684 632 869 667 subnavigans
885 632 1036 666 apostolus,

245 678 363 712 altisque
390 678 561 712 Hellesponti
588 678 726 713 superatis
752 678 895 712 angustiis,
923 677 1036 713 Egenm

246 731 320 750 mare
345 727 373 751 et
394 723 564 751 Adriaticum
594 723 683 758 petiit,
706 723 857 758 relictaque
877 732 893 750 a
918 724 1038 752 sinistris

245 769 345 796 illustri
362 777 393 796 ac
415 769 532 796 maxima
557 769 659 796 Sicilia:
680 769 780 800 insula,
793 777 846 796 una
858 770 973 796 comites
989 770 1038 796 ha-

246 814 314 842 bens
340 815 387 850 qui
407 816 435 842 in
458 815 519 842 aliis
544 815 621 842 urnis
647 816 775 850 praeclara
805 815 920 842 victoria
942 815 1037 851 inclyti

245 865 380 895 martyres
396 865 485 891 erant,
504 861 686 895 Pappianum,
699 860 860 892 Lucianum,
875 860 1038 895 Gregorium

245 911 273 934 et
300 906 439 938 Acacium,
468 906 501 933 ad
525 906 654 937 insulam,
680 913 761 941 quam
787 906 913 940 Liparam
928 910 1036 938 vocant,

245 954 376 988 appulsus
390 958 443 981 est.
459 953 546 986 Quam
560 953 696 980 mirabilia
713 960 795 987 opera
813 958 869 985 tua,
883 953 999 980 Domine
1009 953 1034 979 δί

245 998 409 1032 Ecqumnam
425 999 514 1026 oratio
528 999 673 1026 laudandis
686 999 741 1026 illis
761 998 896 1026 sulliciat?
917 999 957 1026 Ac
976 998 1037 1033 qui-

246 1043 308 1070 dem
321 1043 445 1077 praeclari
456 1044 577 1071 victores
589 1048 734 1079 martyres,
744 1046 822 1071 velut
832 1051 894 1078 rege
906 1043 1036 1078 quodam,

245 1089 293 1116 ubi
308 1097 371 1116 eum
401 1090 596 1124 conquiescere
614 1090 770 1122 voluerant,
789 1097 888 1124 magno
905 1089 1037 1117 derelicto

245 1135 380 1169 apostolo,
392 1135 485 1162 statim
502 1136 606 1163 reversi
622 1140 697 1168 sunt,
714 1143 769 1171 quo
785 1135 847 1163 loco
858 1135 958 1162 divinas
974 1142 1039 1170 pro-

245 1180 374 1208 videntia:
389 1181 478 1208 visum
493 1186 563 1214 erat,
579 1182 697 1217 singulis
709 1182 763 1209 illis
775 1182 925 1216 hospitium
942 1182 1037 1209 sedes-

245 1234 300 1261 que
313 1227 453 1254 aseribere
472 1236 478 1254 :
495 1227 652 1263 Pappianus
668 1228 779 1260 quidem
800 1228 828 1255 in
849 1228 946 1255 urbem
969 1227 1038 1255 Sici-

245 1273 290 1300 liae.
300 1273 431 1308 Amyilam
442 1282 450 1306 ;
462 1273 600 1302 Lucianus
613 1282 689 1306 vero,
701 1274 857 1307 Mesanam;
877 1274 1036 1309 Gregorius,

245 1319 407 1346 Columnam
442 1319 578 1347 Calabriae
609 1321 725 1354 urbem;
770 1320 883 1348 Acatius
908 1320 1036 1348 Ascalum

244 1365 384 1393 civitatem
402 1365 443 1393 sic
459 1365 572 1394 dictam.

280 1461 351 1488 Tum
366 1462 509 1496 apostolus
518 1461 666 1490 adventum
677 1471 756 1491 suum
771 1463 905 1499 Agathoni
917 1464 1037 1492 intimat.

246 1507 400 1541 Statimque
409 1508 555 1542 episcopus
565 1513 670 1536 matura
686 1509 837 1544 diligentia,
850 1510 897 1537 ubi
909 1518 1038 1544 magnum

245 1552 471 1587 horrendamque
497 1553 652 1589 prodigium
679 1554 759 1586 vidit,
776 1559 888 1588 stupore
914 1555 1037 1590 pientis:

1087 310 1141 344 γοὶ,
1154 311 1295 345 ἐμαίνοντο
1306 311 1376 338 κατὰ
1391 312 1441 346 τῆς
1454 312 1589 347 λάρνακος
1608 313 1717 346 ὲκείνης
1726 321 1733 329 ·
1755 313 1802 339 καὶ
1815 321 1878 339 σκε-

1085 355 1204 391 ψάμενοι
1218 365 1293 387 ποτε,
1308 357 1464 393 ἀπέρριψαν
1477 358 1589 393 ταύτην,
1606 359 1771 394 συνέχουσαν
1786 360 1833 385 καὶ
1847 359 1878 386 τὺ

1088 402 1165 435 ἅγιον
1190 403 1270 437 σῶμα
1284 402 1332 430 τοῦ
1347 403 1496 430 ἀποστόλου
1508 405 1537 430 ἐν
1552 406 1584 439 τῇ
1606 404 1739 440 θαλάσσῃ,
1756 405 1805 431 σὺν
1819 405 1878 431 ἐτέ-

1089 457 1150 483 ραις
1163 449 1292 483 λάρναξιν
1318 449 1405 483 ἁγίων
1433 450 1579 486 μαρτύρων
1595 450 1738 485 τέσσαρσι.
1751 450 1836 477 Τοῦτο
1850 450 1878 476 δὲ

1087 493 1147 520 ὅλον
1159 493 1282 528 γέγονεν,
1293 494 1336 521 ἴνα
1351 495 1399 522 καὶ
1413 497 1430 530 ἡ
1444 496 1561 530 τοσαύτη
1576 496 1699 523 θάλασσα
1713 496 1746 530 ἥν
1759 495 1877 529 διῆλθον,

1088 539 1206 575 ἁγιασθῇ
1224 541 1257 567 δι’
1271 541 1361 568 αὐτῶν
1372 549 1378 556 ·
1395 543 1442 568 καὶ
1457 542 1482 569 οἱ
1497 542 1576 569 τόποι
1591 542 1652 569 καθ’
1666 541 1712 573 οὓς
1727 543 1743 577 ἡ
1759 541 1818 568 θεία
1829 542 1880 577 χὰ-

1089 598 1131 625 ρις
1147 590 1246 621 αὐτοὺς
1261 590 1425 625 διεμέρισεν,
1440 591 1617 626 εὐλογηθῶσι.

1124 634 1194 666 Τοὺς
1214 634 1268 669 γὰρ
1298 635 1430 670 μεγάλους
1444 634 1490 661 τοῦ
1505 635 1607 661 Πόντου
1633 635 1806 666 ὑποπλεύσας
1819 635 1880 661 κόλ-

1088 688 1156 712 πους
1173 680 1187 706 ό
1211 680 1370 712 ἀπόστολος,
1399 680 1447 707 καὶ
1467 680 1501 707 τὰ
1517 680 1597 707 στενά
1615 680 1662 707 τοῦ
1683 680 1878 715 Ἑλλησπόντου

1088 725 1276 761 παραδραμὼν
1287 725 1367 761 βάθη,
1381 725 1413 754 τὺ
1427 727 1539 760 Αίγαίὀν
1549 736 1579 753 τε
1594 727 1641 753 καὶ
1655 727 1686 753 τὸ
1703 727 1749 754 τοῦ
1772 727 1879 762 Ἀδρίου

1089 771 1220 798 κατέλαϐε
1240 772 1375 806 πέλαγος·
1401 772 1449 799 καὶ
1471 771 1519 807 τὴν
1536 772 1589 801 τῶν
1610 772 1728 798 Σικελῶν
1743 772 1879 808 περιφανῆ

1088 825 1118 843 τε
1141 816 1189 843 καὶ
1218 818 1349 852 μεγίστην
1377 818 1406 844 ὲν
1430 817 1581 852 εὐωνύμοις
1608 817 1766 844 καταλιπὼν
1787 818 1878 852 νῆσον,

1089 863 1159 898 ἔχων
1179 863 1378 897 συνεπομένους
1409 862 1484 897 αὑτῷ
1513 863 1561 889 καὶ
1574 863 1637 894 τοὺς
1651 864 1680 889 ἐν
1692 864 1751 894 ταῖς
1774 863 1881 898 ἑτέραις

1089 909 1201 945 λάρναξι
1214 909 1387 941 καλλινίκους
1401 909 1554 944 μάρτυρας,
1579 908 1749 941 Παππιανὸῖι,
1765 910 1881 936 Λουκια-

1088 956 1133 982 νὸν
1144 975 1151 988 ,
1174 955 1324 990 Γρηγόριον
1336 955 1382 981 καὶ
1403 954 1540 988 ’Δκάκιον,
1557 955 1631 989 νήσῳ
1643 956 1676 990 τῇ
1690 954 1761 981 οὕτω
1781 955 1881 981 καλου-

1089 1002 1157 1037 μένῃ
1172 1001 1293 1036 Λιπάρᾳ,
1323 1000 1532 1036 προσωρμίσθη.
1556 1001 1599 1032 Ὠς
1613 1000 1753 1035 θαυμάσια
1766 1000 1800 1027 τὰ
1812 1001 1882 1036 ἔργα

1089 1055 1147 1078 σου,
1161 1046 1265 1080 Κύριεί
1279 1047 1327 1072 καὶ
1341 1046 1383 1078 τίς
1401 1045 1479 1080 λόγος
1496 1045 1638 1082 ἐξαρκέσει
1651 1047 1720 1082 πρὸς
1734 1046 1818 1082 ὕμνον
1827 1046 1881 1074 τῶν

1088 1093 1249 1128 θαυμασίων
1277 1101 1342 1126 σου;
1362 1092 1417 1119 Kal.
1434 1093 1459 1119 οι
1485 1093 1533 1127 μὲν
1551 1093 1701 1120 καλλίνικοι
1731 1093 1880 1129 μάρτυρες,

1088 1135 1132 1165 οἷά
1145 1147 1206 1165 τινα
1219 1138 1332 1173 βασιλέα
1346 1139 1375 1164 ὲν
1397 1135 1419 1172 ᾧ
1434 1137 1466 1165 ἂν
1488 1138 1650 1174 ᾐρετίσαντο
1668 1139 1882 1166 ἀναπαύσασθαι

1088 1184 1134 1210 τὴν
1146 1184 1233 1219 μέγαν
1253 1183 1449 1216 καταλιπόντες
1475 1185 1635 1215 ἀπόστολον.
1657 1184 1755 1211 αὐτίκα
1778 1185 1882 1212 ἀνθυπ-

1088 1231 1248 1264 ενόστησαν,
1263 1229 1326 1258 ἔνθα
1340 1230 1372 1256 ἂν
1385 1228 1500 1256 ἕκαστον
1513 1231 1530 1265 ή
1540 1230 1599 1256 Oeta
1609 1230 1822 1265 κατασκηνῶσαι
1837 1231 1882 1257 εύ-

1088 1275 1186 1311 δόκησε
1210 1276 1323 1312 πρόνοια
1334 1283 1342 1292 ⁸
1358 1275 1521 1303 Παππιανὺν
1536 1277 1592 1311 (46)
1613 1277 1661 1312 μὲν
1676 1277 1717 1308 εἰς
1741 1277 1881 1311 ’Ἂμυλλαν

1088 1322 1166 1350 πόλιν
1181 1322 1326 1354 Σικελίας’
1340 1321 1489 1348 Δουκιανδν
1515 1322 1544 1348 δὲ
1573 1323 1602 1349 ἐν
1629 1323 1742 1358 Μεσήνῃ
1752 1330 1759 1338 ·
1777 1323 1882 1358 Γρηγό-

1090 1377 1147 1403 ριον
1164 1368 1192 1394 ὲν
1213 1367 1345 1404 Κολύμνῃ
1357 1367 1433 1394 πόλει
1448 1367 1620 1403 Καλαὸρίας,
1636 1368 1683 1395 καὶ
1703 1369 1830 1396 ’Δκάκιον
1841 1370 1883 1402 είς

1094 1413 1244 1445 Ἀσκάλους
1259 1414 1338 1441 πόλιν
1353 1413 1425 1440 οὕτω
1441 1414 1624 1449 καλουμένην.

1124 1449 1192 1486 Τότε
1206 1458 1340 1492 Ἀγάθωνι
1354 1458 1395 1494 τῷ
1407 1458 1471 1493 Θείῳ
1482 1459 1578 1485 ἑαυτὸν
1595 1459 1765 1494 καταμηνύει
1785 1460 1799 1486 ὁ
1815 1459 1882 1486 ἁπό-

1091 1505 1192 1536 στολος.
1204 1504 1261 1530 Καὶ
1275 1503 1415 1538 παρευθὺς
1426 1503 1440 1529 ό
1455 1503 1605 1535 ἐπίσκοπος
1621 1505 1752 1537 σπεύσας,
1769 1505 1798 1531 τὸ
1811 1506 1882 1539 μέγα

1089 1551 1138 1578 καὶ
1152 1550 1287 1586 φρικῶδες
1301 1550 1340 1581 ὡς
1350 1547 1405 1576 εΐδε
1418 1550 1570 1584 τεράστιον,
1589 1550 1712 1584 θάμϐους
1733 1551 1880 1586 πλησθεὶς,

248 1598 331 1630 Unde,
347 1598 446 1633 inquit,
460 1599 643 1634 tibi,'Lipara,
658 1604 748 1627 tantus
768 1601 808 1627 hic
822 1602 963 1636 ingensque
978 1603 1035 1629 the-

1089 1598 1185 1625 Πόθεν
1203 1603 1254 1623 σοι
1270 1593 1369 1628 οὗτος,
1386 1594 1409 1621 ὦ
1427 1594 1556 1628 Λιπάρα,
1574 1595 1774 1630 ἀπεφθέγγετο,
1793 1598 1810 1624 ὀ
1827 1605 1883 1624 στο-

244 1651 340 1670 saurus
353 1644 456 1671 advenit
470 1645 482 1671 7
494 1644 579 1671 Plane
590 1646 684 1672 eximie
698 1646 870 1681 magniﬁcam
884 1655 909 1674 es
919 1651 944 1673 et
955 1647 1037 1674 clari-

244 1689 337 1722 ﬁcata.
356 1689 453 1717 Charax
477 1699 535 1726 age,
562 1691 614 1718 sali
629 1696 706 1726 atque
724 1692 836 1719 exsuli-1.
861 1691 968 1728 Suscipe
985 1694 1037 1721 tui;

246 1736 378 1766 manibus,
392 1740 417 1764 et
434 1736 468 1762 ad
481 1744 541 1763 eum
554 1736 641 1764 clama
654 1746 663 1764 :
679 1737 776 1765 Fauste
794 1739 897 1771 venisti,
920 1739 1037 1774 apostolo

245 1781 361 1808 Domini.
376 1781 439 1808 “me
450 1782 559 1816 aliaque
576 1790 629 1809 non
648 1790 733 1817 pauca
751 1784 911 1818 prolocutus
927 1784 1036 1819 episco-

246 1834 306 1860 pus.
320 1827 472 1861 laudesque
494 1827 612 1861 apostoli
636 1833 722 1863 atque
747 1829 845 1857 insulae
861 1835 1036 1865 prosecutus,

246 1872 356 1900 dicendi
372 1873 453 1900 ﬁnem
469 1873 546 1900 fecit.
735 1877 737 1879 ‘

282 1960 416 1997 Quodque
433 1961 595 1996 deponenda
616 1970 687 1990 urna
705 1962 766 1991 loco
788 1963 900 1996 illustri,
915 1971 970 1998 quo
985 1963 1039 1991 sei-

246 2006 381 2035 licetloco
395 2006 519 2034 divinum
530 2007 677 2035 delubrum
699 2008 733 2035 ad
749 2008 865 2043 gloriam
877 2009 1039 2036 celebratis-

246 2052 308 2080 simi
324 2053 440 2088 apostoli
453 2053 631 2081 excitandum
649 2058 725 2087 erat;
749 2053 922 2080 trahentibus
934 2053 1037 2086 multis,

245 2099 316 2126 nihil
346 2099 391 2126 illa
417 2099 632 2133 obsequebatur,
651 2099 739 2126 donec
755 2098 922 2126 revelatione
945 2098 1039 2125 divina

246 2145 345 2172 beatus
357 2145 464 2180 Agatho
481 2144 601 2172 adducto
614 2145 763 2172 vitularum
778 2145 855 2180 iugo,
868 2152 899 2172 ac
909 2144 1040 2172 funiculis

246 2190 376 2226 alligatis,
396 2190 516 2225 ingentis
540 2191 622 2219 molis
636 2198 727 2218 arcam
752 2190 837 2223 illam,
858 2191 1040 2219 inhabitantis

246 2236 371 2270 potentia
387 2235 467 2263 facile
483 2236 586 2269 traxit,
609 2244 665 2271 quo
683 2236 801 2271 apostoli
818 2237 947 2264 voluntas
964 2237 1040 2265 dele-

247 2285 334 2317 gerat.

282 2369 382 2406 Ingens
407 2378 492 2406 porro
506 2371 669 2400 miraculum
686 2372 828 2400 miraculis
848 2380 941 2401 comes
956 2380 1036 2400 secu—

247 2420 316 2445 tum.
330 2424 362 2443 ac
377 2417 421 2444 cui
434 2417 526 2444 forsan
543 2418 637 2453 plures
649 2425 744 2445 eorum
768 2419 870 2454 quibus
890 2419 981 2454 ignota
993 2419 1037 2446 di-

246 2462 310 2490 vina
321 2463 444 2498 prodigia
462 2468 537 2496 sunt,
553 2464 634 2492 ﬁdem
647 2464 833 2500 abnegabunt.
850 2465 961 2501 Exigua:
977 2472 1037 2492 mo-

281 2542 291 2558 '
303 2542 388 2570 Eccli.
404 2550 434 2572 ll.
451 2542 477 2569 4.

280 2610 540 2643 (κίωηαππιανόν.
560 2608 721 2637 Anastasius
741 2607 769 2635 in
787 2607 894 2636 Studita
908 2607 1042 2642 Papinum

246 2649 341 2679 vocat;
364 2645 437 2680 apud
464 2653 547 2680 quem
573 2644 655 2680 etiam
683 2643 800 2680 nomina?
815 2643 925 2670 urbium
950 2644 1042 2680 minus

246 2677 390 2716 corrupta~
406 2677 493 2708 sunt':
514 2680 548 2707 de
570 2679 672 2714 quibus
701 2679 819 2705 videnda
846 2682 950 2705 nostra.
970 2677 1039 2704 Bibl.

246 2716 302 2744 PP.
319 2717 466 2743 concinnat.

283 2751 338 2784 (Π)
355 2751 537 2784 Βοιιρκάνος.
549 2750 644 2777 Anast.
657 2748 684 2775 in
696 2747 818 2779 Studita,
834 2747 983 2784 Vulcanus;
1000 2748 1041 2775 fa-

247 2783 440 2819 vetqueallata
449 2784 766 2821 jammihiconjecturge,
773 2783 1039 2821 permutationis!“-

248 2818 368 2847 terarum
397 2828 430 2847 ex
449 2818 517 2847 'soni
545 2819 687 2849 nllinitate.
715 2818 761 2844 ubi
785 2818 824 2845 sic
852 2818 1034 2846 crassioribus

248 2854 364 2881 auribus
383 2855 470 2883 Graeci
482 2855 599 2882 audiunt
612 2854 639 2881 in
651 2853 811 2880 nominibus
830 2853 960 2887 propriis.
984 2853 1035 2880 Mi-

249 2889 374 2925 raculum
394 2898 459 2917 vere
470 2890 649 2925 stupendum,
658 2888 743 2925 icujus
759 2892 849 2925 tamen
861 2888 970 2925 Ioseph
980 2896 1034 2925 nou

250 2924 386 2957 meminit,
395 2925 442 2959 qui
457 2923 586 2953 videatur
598 2924 706 2952 Studita
718 2923 868 2958 antiquior,
881 2927 909 2950 et
924 2923 1033 2959 quijam

1089 1643 1147 1676 λὺς
1157 1641 1355 1677 προσεγένετο
1373 1641 1526 1673 πλοῦτος;
1547 1642 1656 1674 Ὄντως
1677 1642 1882 1677 ἐμεγαλύνθης

1090 1688 1339 1723 ὑπερϐαλλόντως
1355 1686 1406 1714 καὶ
1419 1686 1598 1720 ἐδοξάσθης.
1614 1688 1779 1721 Χόρευσον,
1798 1688 1883 1721 σκίρ-

1090 1743 1197 1770 τησον.
1233 1733 1392 1766 ’Υπόδεξαι
1413 1732 1520 1768 χερσὶν
1547 1733 1669 1766 οἰκείαις
1689 1734 1740 1760 καὶ
1761 1733 1884 1766 ,βόησον

1090 1781 1167 1816 πρὸς
1181 1780 1285 1814 αὐτὸν,
1307 1779 1413 1813 Καλῶς
1427 1779 1645 1814 παραγέγονας,
1669 1780 1686 1806 ό
1699 1779 1754 1806 τοῦ
1771 1780 1882 1814 Κυρίου

1091 1827 1275 1859 ἀπόστολος.
1290 1824 1383 1852 Ταῦτα
1399 1826 1446 1852 καὶ
1455 1825 1535 1860 ἕτερα
1546 1825 1597 1851 οὐκ
1612 1824 1690 1859 ὀλίγα
1707 1826 1721 1851 ὁ
1734 1825 1882 1856 ἐπίσκοπος

1092 1873 1188 1905 εἰπὼν,
1204 1872 1253 1899 καὶ
1277 1871 1455 1905 ὲγκωμιάσας
1469 1871 1514 1897 τόν
1533 1879 1564 1897 τε
1592 1870 1740 1898 ἀπόστολον
1756 1871 1804 1898 καὶ
1831 1871 1882 1907 τὴν

1091 1919 1183 1954 νῆσον,
1195 1917 1350 1945 κατέπαυσε
1365 1917 1410 1943 τὸν
1425 1916 1514 1951 λόγον.

1134 1963 1211 1991 Ἐπεὶ
1228 1964 1256 1990 δὲ
1271 1963 1324 1990 ἔδει
1350 1962 1573 1997 ἀποκαταστῆναι
1587 1962 1636 1998 τὴν
1655 1962 1779 1998 λάρνακα
1797 1962 1842 1989 καὶ
1853 1963 1885 1988 ἐν

1091 2009 1166 2044 τόπῳ
1179 2009 1319 2044 ἐπισήμῳ,
1336 2008 1365 2034 ὲν
1391 2005 1415 2041 ᾧ
1430 2007 1478 2034 καὶ
1498 2007 1568 2039 θεῖος
1597 2008 1681 2043 σηκὸς
1708 2008 1821 2043 ἔμελλεν
1836 2009 1884 2034 ἀν-

1092 2055 1247 2089 εγείρεσθαι
1264 2054 1303 2086 εἰς
1313 2053 1391 2085 δόξαν
1408 2054 1456 2080 τοῦ
1471 2054 1649 2089 πανευφήμου
1669 2054 1830 2085 ἀποστόλου,
1845 2054 1884 2086 ὠς

1094 2100 1144 2135 μὲν
1157 2100 1282 2130 ἕλκοντες
1298 2098 1401 2130 πολλοὶ,
1419 2098 1541 2134 ὑπήκουε
1556 2098 1584 2125 δὲ
1594 2099 1730 2133 οὐδαμῶς,
1752 2099 1803 2130 ἕως
1815 2100 1884 2126 ἀπο-

1093 2145 1208 2180 καλύψει
1236 2144 1298 2179 Θείᾳ
1321 2144 1336 2170 ὁ
1351 2143 1483 2179 μακάριος
1505 2144 1628 2177 Ἀγάθων
1650 2143 1747 2177 ζεῦγος
1772 2144 1884 2179 ἀγαγὼν

1093 2191 1248 2227 δαμάλεων,
1271 2189 1319 2216 καὶ
1344 2190 1452 2220 λεπτοῖς
1478 2189 1617 2224 ἀποδήσας
1648 2190 1802 2222 καλωδίοις,
1832 2191 1884 2226 τὴν

1094 2236 1261 2272 παμμεγέθη
1290 2235 1398 2270 ἐκείνην
1425 2234 1560 2270 λάρνακα,
1592 2237 1625 2271 τῇ
1640 2236 1688 2263 τοῦ
1716 2236 1884 2269 ἐνοικοῦντος

1053 2273 1078 2303 θ
1093 2283 1216 2317 δυνάμει,
1230 2281 1348 2312 εὐκόλως
1358 2278 1417 2316 ἦξε,
1430 2281 1496 2307 ὅπου
1507 2281 1537 2308 τὺ
1548 2280 1594 2308 τοῦ
1612 2281 1762 2308 ἀποστόλου
1777 2282 1882 2317 ὑπῆρξε

1089 2327 1206 2355 θέλημα.

1124 2336 1134 2353 Α
1179 2336 1206 2355 α.

1124 2336 1225 2409 Quarta
1240 2373 1303 2400 τιδὲ
1318 2373 1438 2409 Θαύμασι
1452 2373 1593 2399 συνείπετο
1608 2373 1746 2408 μέγιστον.
1762 2373 1808 2400 καὶ
1818 2373 1883 2400 πολ-

1089 2419 1146 2450 λοῖς
1161 2419 1226 2450 ῐσως
1236 2418 1291 2445 τῶν
1303 2418 1434 2454 ἀμυήτων
1445 2419 1500 2445 τῶν
1511 2418 1589 2445 θείων
1602 2418 1804 2454 τερατουργιῶν
1817 2418 1883 2444 ἄπι-

1092 2473 1164 2492 σ-τον.
1186 2463 1314 2499 Νησίδιον
1341 2463 1396 2499 γὰρ
1410 2464 1565 2499 Βουρκάνος
1591 2463 1648 2499 (47)
1667 2463 1879 2498 ὀνομαζόμενον,

1092 2616 1192 2636 nomen
1208 2608 1324 2637 haberet
1339 2608 1533 2644 Metaphrastis
1547 2613 1637 2637 aetate.
1654 2608 1735 2636 Certe
1744 2609 1879 2644 ejusmodi

1092 2649 1144 2674 est,
1164 2643 1208 2679 cui
1228 2652 1283 2671 non
1299 2643 1379 2671 facile
1397 2643 1526 2679 arrogent
1542 2644 1622 2671 fidem
1644 2644 1746 2670 nedum
1763 2643 1880 2679 ἀμύητοι

1091 2679 1146 2704 τῶν
1162 2678 1242 2714 θείων
1257 2678 1473 2714 τερατουργιῷν,
1490 2683 1520 2705 ut
1536 2683 1632 2706 auctor
1648 2679 1754 2706 scribit.
1767 2679 1813 2705 sed
1831 2687 1881 2707 nec

1092 2714 1140 2748 qui
1155 2713 1276 2741 divinam
1291 2713 1321 2741 'in
1336 2713 1467 2749 prodigiis
1477 2714 1607 2740 virtutem
1629 2718 1723 2741 sancte
1743 2721 1879 2741 veneran-

1094 2753 1146 2775 tur.
1160 2749 1253 2776 Potest
1269 2750 1328 2776 haec
1344 2749 1441 2783 hisque
1462 2749 1565 2782 majora
1589 2749 1634 2775 illa
1662 2753 1802 2783 prmstare,
1831 2749 1879 2776 sed

1093 2783 1172 2811 facile
1187 2784 1269 2811 etiam
1285 2789 1328 2811 est
1354 2784 1380 2810 in
1398 2783 1532 2818 ejusmodi
1555 2783 1628 2818 vulgi
1653 2784 1797 2817 obrepere.
1818 2784 1881 2810 Vul-

1091 2819 1176 2846 caniae
1195 2819 1329 2853 ejusmodi
1347 2818 1453 2849 insulae.
1466 2818 1493 2845 in
1504 2818 1606 2853 quibus
1619 2826 1680 2852 pars
1696 2826 1792 2853 magna
1820 2819 1879 2845 su-l-

1090 2853 1162 2888 pbur
1177 2852 1219 2881 est
1234 2858 1262 2881 et
1291 2854 1406 2881 materia
1420 2852 1634 2884 combustibilis,
1652 2860 1749 2887 magna
1776 2852 1880 2888 habent

1089 2887 1282 2923 Symptomata,
1293 2897 1326 2916 ex
1339 2889 1397 2923 ipsa
1418 2896 1510 2915 rerum
1527 2893 1624 2915 natura
1639 2892 1667 2915 et
1679 2888 1783 2921 absque
1797 2887 1880 2923 mira.

1089 2922 1171 2950 culo:
1184 2923 1211 2951 in
1224 2925 1325 2959 quibus
1342 2922 1396 2951 non
1410 2923 1559 2959 injucunda
1569 2923 1655 2955 lectu,
1671 2929 1829 2957 quwnnper
1849 2922 1878 2950 iu
