2078 3154
276 189 332 222 2‘23

887 190 1032 219 ΝΙΕΕΤᾹΞ
1051 190 1317 220 PAPIILAGONIS

1861 185 1916 216 2‘21

279 244 419 280 Evangelii
432 244 663 279 conscriptionem
676 245 798 272 animum
815 243 914 279 adjecit
927 253 934 276 ;
950 244 1069 278 primus-

1127 252 1166 274 τος
1180 243 1319 274 Martiae;
1337 241 1383 268 ἐπὶ
1397 241 1446 276 τὴν
1460 241 1536 276 ἱερὰν
1549 240 1596 267 τοῦ
1608 239 1774 274 Εὐαγγελίου
1787 236 1838 275 ἧκε
1853 248 1916 273 συγ-

277 298 331 326 que
343 291 449 318 Novum
463 290 542 318 nobis
553 290 760 317 Testamentum
772 288 922 316 enarravit.
948 289 986 315 Ac
998 289 1070 315 sicut

279 335 325 363 ille
337 336 403 362 olim
419 335 507 363 Moses
534 335 649 370 primam
667 334 762 361 mundi
773 333 925 368 originem,
945 341 976 360 ac
992 334 1071 360 dein—

278 388 344 416 ceps
358 381 481 408 omnium
506 381 553 407 Dei
579 387 693 414 operum
708 378 944 414 magniﬁcentiora
967 379 1071 414 scripto

278 426 449 461 consignavit
463 435 471 452 ε
490 425 530 452 sic
547 425 679 452 nimirum
704 428 732 452 et
743 424 805 456 iste,
821 424 924 452 Christi
946 425 995 451 Dei
1007 429 1069 451 ortu

279 471 428 503 recensita,
438 471 511 498 illius
519 470 618 497 exinde
633 470 830 497 miraculorum
843 478 951 497 omnem
964 470 1071 505 magni-

278 518 408 547 centiam.
436 516 538 544 divinis
555 516 672 557 _scripto
702 516 947 550 praedicationibus
975 516 1069 543 tradit.

278 563 422 590 lllattliaeus
450 562 568 593 scilicet,
585 562 674 590 fidelis
701 571 734 590 ac
759 562 881 597 prudens
897 562 1072 596 dispensator

278 607 378 639 Patris,
390 608 500 641 sapiens
509 614 677 642 magnusque
693 607 777 634 Verbi
791 607 973 641 evangelista;
988 607 1071 634 Para-

278 652 343 679 cleti
356 652 477 687 denique
491 651 654 687 splendidus
665 651 828 687 pradicator
839 659 871 679 ac
879 652 970 679 scriba
981 652 1071 679 velox.

315 740 470 772 Matthaeus,
496 740 575 775 cujus
602 740 625 768 si
639 747 741 767 nomen
767 740 969 775 interpreteris,
990 743 1075 769 dona-

281 790 323 813 tus
341 786 409 820 (49')
425 785 547 813 dicitur:
562 793 577 813 e
592 785 694 812 mundo
705 785 816 820 quidem
829 786 905 813 velut
918 787 1075 822 pulcherri-

280 839 323 859 ma
345 831 486 862 delibatio,
519 831 654 860 donatus.
667 831 778 858 Christo
799 839 832 858 ac
848 831 943 859 divino
968 832 1073 867 Spiritu

279 876 390 911 genitus
409 876 554 911 Verboque
571 876 695 904 veritatis
711 876 861 911 perfectus,
878 877 913 904 ab
936 878 997 912 ipso
1012 886 1074 905 rur-

280 910 328 949 sus
339 922 367 949 in
378 922 468 949 lucem
482 910 641 950 ctrsalutem
653 910 775 958 gentium
791 923 909 950 donatus
925 910 1073 958 estusque
1089 910 1112 938 Β

280 968 314 995 ad
340 972 491 995 extremum
524 973 603 996 terra:
625 969 646 995 ⁸.
672 969 724 997 llic
740 978 790 997 nos
803 969 886 997 hodie
905 977 1071 1001 convocans,

280 1021 412 1048 suamque
421 1013 509 1048 ipsius
520 1015 680 1042 memoriam
690 1015 918 1050 splendidissime
925 1016 1074 1043 celebrita-

280 1059 317 1087 tis
324 1063 515 1095 argumentum
525 1061 762 1095 praastanstetam
772 1062 890 1088 maxime
899 1069 931 1088 ac
939 1061 1073 1088 admiran-

281 1105 344 1132 dam
357 1105 550 1133 desiderabilis
565 1107 684 1134 convivii
697 1107 930 1142 compotationem
956 1107 1071 1140 indixit;

280 1151 395 1178 solidam
410 1151 523 1186 quidem
549 1159 581 1179 ac
595 1152 745 1187 perfectam
767 1160 867 1184 escam.
886 1153 1073 1188 conscriptum

281 1196 322 1224 alr
331 1204 365 1224 eo
381 1196 562 1232 Evangelium
581 1205 732 1232 apponens,
751 1199 900 1233 gratiaeque
917 1206 1073 1226 sermonem

281 1250 317 1270 ex
323 1243 382 1277 ejus
389 1250 436 1270 ore
445 1243 641 1278 procedentem
649 1244 659 1259 ⁷
671 1244 747 1271 velut
754 1245 972 1272 sacratissimum
981 1253 1075 1280 quem-

282 1288 345 1315 dam
358 1293 491 1316 craterem
503 1289 634 1322 miscens,
652 1289 812 1324 Christique
829 1295 954 1318 amantes
968 1291 1074 1319 animos

282 1341 378 1361 omnes
391 1334 544 1362 laetiticans.

318 1378 373 1406 Sed
388 1378 532 1407 videamus
545 1380 619 1414 quali
630 1388 663 1408 ex
678 1379 744 1413 vita,
761 1388 793 1408 ac
806 1380 924 1408 instituti
941 1381 1019 1416 prius
1028 1388 1076 1416 ge-

281 1433 349 1453 nere
363 1425 406 1452 vir
418 1425 525 1458 beatus,
543 1425 578 1453 ad
596 1434 678 1461 quem
689 1426 811 1454 evaserit
824 1426 905 1454 tinem
918 1435 925 1452 ε
938 1427 1076 1454 excellen-

284 1476 395 1506 temque
410 1471 590 1504 mutationem
620 1479 783 1506 summeque
804 1471 955 1499 inauditam
971 1472 998 1498 in
1013 1479 1074 1499 me-

282 1517 337 1545 lius
353 1517 611 1544 transmutationem
624 1517 804 1548 admirantes,
823 1517 976 1544 mirabilem
989 1518 1074 1545 Deum

283 1563 312 1590 in
326 1563 443 1599 justitia,
459 1563 612 1590 mirabilem
623 1562 651 1589 in
662 1562 785 1590 bonitate
802 1563 1018 1597 magniﬁcemus.

319 1650 487 1678 Publicanus
501 1650 579 1685 prius
594 1650 656 1683 fuit,
681 1650 784 1678 Christi
799 1655 895 1686 postea
908 1651 1074 1687 discipulus;

284 1703 318 1723 ac
331 1696 511 1730 pecuniarum
527 1696 718 1728 ratiocinator,
732 1696 875 1732 Evangelii
893 1697 1032 1733 interpres
1049 1703 1077 1726 et

285 1745 440 1768 enarrator.
462 1741 629 1768 Publicanus
642 1749 743 1777 nempe
763 1742 920 1770 institutum
934 1743 1008 1778 quod
1023 1744 1078 1779 piis

286 1786 405 1814 maxime
415 1787 631 1819 abhorrendum,
645 1787 834 1823 religiosaque
842 1789 944 1816 mentis
958 1789 1078 1818 homini-

287 1830 340 1858 bus
354 1831 579 1858 scelestissimum
598 1831 743 1859 habeatur.
756 1832 827 1866 Quid
839 1833 912 1860 enim
929 1834 1078 1863 violentius

286 1881 336 1904 aut
346 1877 434 1912 magis
445 1877 628 1912 tyrannicum,
644 1885 725 1912 quam
743 1879 874 1913 pecunias
893 1879 1016 1908 conﬂare
1028 1887 1077 1908 ea-

288 1930 407 1957 rumque
421 1927 577 1951 exactorem
592 1925 670 1951 esse?
683 1923 755 1957 Quid
771 1932 836 1952 vero
854 1925 916 1953 vita:
929 1933 964 1953 ex
987 1927 1078 1954 Evan-

287 1969 351 2005 gelii
368 1969 523 1997 rationibus
552 1970 685 1997 institutae
710 1970 798 2006 magis
812 1970 969 2005 adversum,
996 1980 1078 2007 quam

287 2015 443 2051 opprimere
469 2016 576 2049 viduas,
606 2023 813 2052 pauperumque
843 2017 949 2045 animas
977 2018 1079 2054 injuste

289 2062 397 2089 trahere
406 2066 489 2097 atque
503 2069 612 2093 vexare,
624 2061 682 2089 sive
696 2062 780 2089 etiam
794 2063 877 2098 iuste,
894 2067 924 2090 ut
939 2063 1081 2090 existima-

288 2108 355 2135 tur?
367 2107 503 2142 Utrinque
522 2108 596 2135 enim
622 2111 726 2135 attenta
744 2112 848 2135 natura;
861 2108 990 2143 aequitate
1014 2116 1080 2136 vere

288 2153 366 2181 locus
377 2153 484 2188 injuria;
495 2156 549 2183 est.
566 2152 674 2180 tametsi
693 2152 736 2180 lex
750 2152 882 2186 humana,
899 2155 1003 2181 sancita
1014 2155 1079 2182 olim

289 2198 442 2233 tyrannide,
457 2197 593 2224 actionem
608 2198 746 2225 innoxiam
757 2198 853 2226 dictet.
863 2199 924 2227 Non
937 2200 1011 2227 enim
1022 2201 1081 2228 haec

1120 290 1241 324 γραφὴν,
1262 288 1368 323 πρῶτος
1383 288 1450 322 ἡμῖν
1468 286 1517 321 τὴν
1528 286 1631 321 Καινὴν
1643 285 1782 319 Διαθήκην
1804 285 1916 319 εἰσηγή-

1122 341 1187 360 σατο
1197 342 1203 348 ·
1222 333 1269 359 καὶ
1279 332 1374 366 ὥσπερ
1386 331 1489 364 Μωσῆς
1502 331 1606 361 ἐκεῖνος
1622 329 1652 356 τὸ
1671 329 1796 360 παλαιὸν,
1811 328 1916 356 ἄνωθεν

1120 379 1170 413 τὴν
1187 378 1395 413 κοσμογὲνειαν.
1415 377 1463 403 καὶ
1488 376 1551 410 ἑξῆς
1576 376 1631 401 τῶν
1646 375 1714 402 ὅλων
1741 374 1830 409 ἔργων
1843 374 1912 400 Θεοῦ

1121 425 1155 452 τά
1172 423 1450 459 μεγαλοπρεπέστερα
1476 421 1672 457 λογογραφῶν·
1703 420 1776 447 οὕτω
1804 420 1836 455 δὴ
1869 422 1916 446 καί

1122 469 1198 502 οὗτος
1213 471 1263 504 τὴν
1279 470 1386 504 γένεσιν
1399 467 1532 502 θεολογῶν
1542 466 1590 494 τοῦ
1605 466 1735 502 Χριστοῦ,
1750 466 1797 492 καὶ
1807 466 1916 492 πάντων

1123 516 1186 550 ἑξῆς
1205 514 1259 542 τῶν
1287 513 1369 541 αὐτοῦ
1394 513 1540 547 θαυμάτων
1554 512 1604 547 τὴν
1629 511 1838 546 μεγαλωσύνην,
1856 512 1917 542 ταῖς

1123 561 1271 596 ἐγγράφοις
1289 559 1524 595 θεοῤῥημοσύναις
1541 557 1723 593 παραδιδούς·
1743 557 1918 588 Ματθαίος,ό

1123 608 1218 638 πιστὸς
1230 606 1277 633 καὶ
1297 606 1430 640 φρόνιμος
1444 604 1587 638 οἰκονόμος
1607 603 1655 630 τοῦ
1676 603 1793 638 Πατρδς,
1805 603 1825 628 ὀρ
1837 602 1918 636 σοφὸς

1122 652 1170 679 τοῦ
1186 652 1273 686 Λόγου
1285 652 1332 679 καὶ
1347 653 1433 686 μέγας
1460 651 1658 685 εὐαγγελιστής
1668 657 1675 665 ·
1702 651 1716 676 0
1730 649 1856 684 λαμπρὸς
1870 648 1918 675 τοῦ

1125 700 1308 735 Παρακλήτου
1322 699 1356 733 κή
1362 698 1410 733 ρυξ
1425 697 1473 724 καὶ
1489 696 1643 732 ὀξυγράφος
1653 695 1847 730 γραμματεύς.

1160 745 1310 776 Ματθαϊος,
1326 745 1340 771 0
1365 742 1570 777 deawpnuéror;
1583 741 1803 777 ἑρμηνευόμενος
1816 749 1823 756 ·
1843 741 1872 773 ὂς
1887 741 1919 767 ἐκ

1125 789 1171 818 τοῦ
1189 790 1293 824 κόσμου
1314 789 1362 824 μὲν
1377 785 1423 815 οἶά
1446 796 1486 819 τις
1511 787 1622 821 ἀπαρχὴ
1649 786 1780 820 καλλίστη
1802 785 1919 821 δεδώρη-

1124 843 1170 860 ται
1193 832 1323 869 Χριστῷ,
1348 832 1498 866 εΠνεὺματι
1519 831 1548 858 δὲ
1580 831 1644 866 θείῳ
1672 831 1814 866 γεννηθεὶς
1830 851 1838 864 ,
1867 833 1914 858 καὶ

1125 879 1204 914 Λόγῳ
1243 878 1371 913 ἀληθείας
1404 877 1607 913 καταρτισθεὶς,
1639 876 1718 907 αὖθις
1732 877 1789 908 τοῖς
1813 877 1917 903 ἔθνεσιν

1127 926 1166 957 εἱς
1185 925 1262 959 ςφῶς
1290 925 1356 960 παρ’
1390 924 1474 950 αὐτοῦ
1516 923 1563 950 καὶ
1593 923 1730 957 σωτηρίαν
1751 923 1804 954 ἕως
1837 923 1919 957 ἐσχά-

1127 980 1172 998 του
1187 970 1336 1006 δεδώρηται
1350 970 1400 1005 τῆς
1415 970 1479 1004 γῆς.
1495 966 1580 1001 Οὗτος
1592 970 1668 1004 ἡμᾶς
1684 969 1804 1004 σήμερον
1817 976 1920 1002 συγκαα

1126 1017 1192 1049 λῶν,
1208 1016 1256 1043 καὶ
1271 1016 1469 1051 λαμπροτάτης
1491 1014 1589 1049 ἑορτῆς
1602 1014 1745 1045 ὑπόθεσιν,
1763 1013 1813 1048 τὴν
1836 1011 1920 1039 αὐτοῦ

1127 1062 1236 1097 παναγῆ
1256 1061 1367 1097 μνήμην
1398 1060 1570 1095 ποιούμενος,
1598 1059 1714 1094 φαιδρὰν
1731 1060 1772 1086 ὅτι
1803 1059 1919 1093 μάλιστα

1127 1108 1173 1134 καὶ
1184 1108 1338 1142 Θαυμασίαν
1350 1106 1474 1133 ὑπέτεινε
1486 1106 1645 1140 φιλοτησίαν
1657 1114 1665 1120 ·
1678 1105 1791 1141 στερεὰν
1808 1105 1857 1140 μὲν
1871 1105 1919 1131 καὶ

1127 1153 1233 1180 τελείαν
1246 1153 1359 1188 τροφὴν,
1369 1152 1400 1179 τὸ
1415 1152 1475 1179 κατ’
1487 1152 1569 1179 αὑτὸν
1584 1151 1753 1186 Εὐαγγέλιον
1769 1151 1919 1186 προτιθείς·

1125 1198 1172 1225 τὸν
1183 1198 1261 1232 λόγον
1269 1198 1297 1224 δὲ
1311 1198 1359 1232 τῆς
1374 1197 1496 1232 χάριτος,
1512 1197 1558 1223 τὸν
1575 1196 1619 1222 διὰ
1630 1195 1677 1223 τοῦ
1689 1196 1824 1230 στόματος
1837 1194 1919 1222 αὐτοῦ

1128 1245 1322 1278 πορευόμενον,
1338 1240 1382 1269 οἷά
1396 1251 1458 1269 τινα
1469 1242 1595 1277 κρατῆρα
1608 1241 1813 1277 μυστικώτατον
1824 1242 1920 1277 ἐγκιρ-

1127 1290 1190 1321 νῶν,
1205 1289 1252 1316 καὶ
1271 1289 1363 1319 πάσας
1378 1288 1492 1323 καρδίας
1509 1287 1664 1323 εὐφραίνων
1682 1286 1884 1322 Χριστοφιλεῖς.

1169 1379 1240 1406 Ἀλλ’
1257 1379 1356 1414 ῐδωμεν
1375 1379 1431 1406 οἴου
1448 1379 1517 1414 βίου,
1529 1378 1576 1405 καὶ
1590 1378 1651 1410 οἵας
1662 1378 1794 1414 πρότερον
1807 1378 1821 1404 0
1831 1377 1920 1413 μακά-

1129 1435 1187 1461 ριος
1205 1426 1345 1457 πολιτείας
1372 1424 1541 1460 τετυχηκὼς,
1559 1425 1599 1456 είς
1621 1421 1677 1450 οἷον
1692 1424 1815 1459 καταντᾷ
1826 1423 1903 1455 τέλος
1914 1431 1920 1438 ·

1127 1473 1174 1500 καὶ
1190 1473 1221 1499 τὸ
1248 1473 1300 1508 τῆς
1326 1472 1479 1508 μεταϐολῆς
1499 1471 1685 1507 ὑπερϐάλλον,
1712 1471 1761 1498 καὶ
1777 1470 1809 1497 τὸ
1829 1479 1921 1498 καινο-

1127 1519 1317 1555 πρεπέστατον
1333 1519 1383 1553 τῆς
1411 1518 1458 1545 ἐπὶ
1481 1518 1512 1544 τὸ
1538 1519 1663 1553 κρεῖττον
1683 1516 1921 1550 ὲκτεθαυμακότες

1128 1564 1306 1595 ἀλλοιώσεως,
1321 1564 1366 1591 τὴν
1377 1563 1534 1598 θαυμαστὸν
1544 1564 1572 1590 ὲν
1584 1563 1753 1599 δικαιοσύνῃ,
1764 1563 1922 1597 θαυμαστὸν

1126 1612 1156 1638 ἐν
1166 1610 1332 1646 χρηστότητι
1349 1609 1546 1645 μεγαλύνωμεν
1560 1609 1637 1636 Θεόν.

1161 1656 1289 1692 Τελώνης
1298 1654 1331 1692 ἦν
1347 1656 1491 1693 πρότερον,
1502 1657 1516 1682 0
1528 1655 1648 1691 Χριστοῦ
1661 1655 1785 1691 μαθητὴς
1797 1654 1920 1690 ὕστερονι

1127 1702 1176 1730 καὶ
1193 1703 1343 1738 χρημάτων
1354 1701 1491 1737 λογιστὴς,
1501 1702 1515 1728 0
1528 1701 1576 1728 τοῦ
1588 1701 1755 1735 Εὑαγγελίου
1766 1701 1921 1736 ὑφηγητής.

1127 1747 1263 1782 Τελώνης,
1278 1747 1308 1773 τὸ
1320 1747 1522 1774 ἀπευκτότατον
1546 1747 1602 1777 τοῖς
1617 1745 1754 1778 εὐσεϐέσι,
1773 1745 1804 1771 τὸ
1829 1745 1920 1779 ἀμαρ-

1126 1793 1312 1828 τητικώτατον
1327 1794 1384 1824 τοῖς
1398 1792 1541 1819 εὐλαϐἐσιν
1557 1791 1727 1827 ἐπιτήδευμα
1738 1790 1875 1826 νομισθὲν.
1888 1791 1921 1817 Τί

1127 1839 1182 1874 γὰρ
1195 1839 1243 1865 τοῦ
1260 1839 1390 1874 χρήματα
1407 1838 1538 1874 πράττειν
1550 1837 1701 1873 βιαιότερον
1717 1837 1733 1873 ἦ
1751 1835 1922 1873 τυραννικώ-

1127 1892 1225 1919 τερον;
1239 1884 1266 1910 τί
1280 1884 1309 1911 δὲ
1325 1885 1394 1919 πρὸς
1408 1884 1458 1919 τὴν
1471 1884 1543 1911 κατά
1555 1884 1586 1910 τὸ
1611 1883 1778 1917 Εὐαγγέλιον
1793 1881 1922 1909 ἐναντιώ-

1129 1938 1208 1965 τερον
1221 1929 1304 1964 ζωὴν,
1317 1929 1363 1956 τοῦ
1379 1930 1471 1965 χηρῶν
1487 1930 1646 1965 κατάρχειν,
1676 1929 1724 1955 καὶ
1755 1928 1848 1964 σύρειν
1873 1928 1921 1954 καὶ

1129 1973 1230 2000 θλίϐειν
1248 1974 1372 2009 πενήτων
1385 1974 1474 2009 ψυχὰς
1486 1974 1598 2005 ἀδίκως,
1617 1974 1666 2000 εἴτ’
1681 1971 1729 2000 οὖν
1742 1973 1865 2004 δικαίως,
1884 1972 1921 2004 ὡς

1129 2020 1145 2054 ἡ
1160 2019 1313 2054 ὑπόληψιςς
1337 2020 1491 2055 Ἐκατέρως
1505 2020 1638 2055 γάρὶἔστι
1648 2019 1720 2047 κατὰ
1735 2019 1766 2046 τὸ
1781 2019 1863 2054 φύσει.
1882 2018 1922 2045 δί-

1130 2072 1207 2090 καιον
1221 2063 1330 2098 ἀληθῶς
1341 2064 1456 2096 ἀδικεῖν,
1474 2065 1498 2090 εί
1510 2065 1558 2091 καὶ
1570 2064 1652 2099 νόμος
1679 2063 1832 2098 ἀνθρώπων
1850 2063 1923 2089 ἀνω-

1130 2108 1176 2135 θεν
1206 2108 1472 2144 ὲπισφραγιζόμενος
1487 2110 1537 2146 τὴν
1562 2109 1718 2144 τυραννίδα,
1735 2109 1766 2136 τὺ
1779 2108 1924 2135 ἀνεύθυνον

1129 2154 1180 2189 τῆς
1202 2154 1328 2190 πράξεως
1356 2154 1532 2189 ὑπαγορεύει.
1553 2154 1590 2181 Οὐ
1610 2154 1664 2189 γὰρ
1679 2153 1728 2180 τοῦ
1755 2152 1823 2179 Θεοῦ
1844 2151 1924 2179 τοῦτο

1130 2200 1221 2234 νόμος,
1254 2199 1285 2226 οὺ
1303 2199 1422 2234 φύσεως,
1438 2200 1502 2230 τοὺς
1526 2199 1575 2233 μὲν
1589 2199 1740 2233 τυραννεῖν,
1757 2198 1822 2228 τοὺς
1833 2197 1862 2223 δὲ
1879 2205 1924 2223 τυ-

288 2244 332 2271 iex
349 2243 399 2271 Dei
416 2248 468 2276 est,
481 2251 536 2271 non
555 2248 671 2276 natum,
687 2248 718 2271 ut
730 2252 830 2280 nempe
844 2245 891 2272 alii
905 2247 1076 2282 tyrannidem

1133 2245 1287 2280 ραννετσθαι
1297 2253 1304 2260 ⁸
1322 2245 1371 2272 καὶ
1384 2245 1448 2276 τοὺς
1465 2245 1513 2280 μὲν
1530 2243 1751 2279 κατωφρυῶσθαι
1762 2243 1817 2269 τῶν
1830 2250 1925 2268 ταπει-

288 2293 446 2320 exerceant,
477 2288 523 2315 alii
551 2288 695 2323 tyrannide
720 2294 898 2324 premantur;
921 2295 1004 2326 atque
1033 2293 1079 2320 alii

289 2333 543 2367 quidemadversus
562 2333 724 2362 humiliores
741 2336 920 2370 supercilium
934 2338 1030 2365 tollant
1048 2347 1081 2366 ac

289 2376 452 2409 efferantur,
467 2377 513 2405 alii
530 2377 722 2412 mancipentur
735 2383 817 2414 atque
843 2382 974 2409 aerumnis
995 2383 1081 2410 conti-

290 2421 401 2449 ciantur
413 2430 420 2449 :
434 2423 481 2450 alii
496 2423 642 2451 lasciviant
657 2431 689 2451 ac
703 2424 811 2453 deliciis
827 2426 961 2455 adversus
977 2436 1081 2463 paupe-

290 2475 335 2496 res
348 2469 490 2496 temulenti
504 2469 638 2503 dillluant,
651 2474 837 2506 praetextoque
852 2473 962 2507 publico
973 2474 1078 2507 debito,

290 2522 446 2549 supremam
466 2515 616 2543 tolerandae
633 2517 696 2544 vitae
722 2517 857 2545 rationem
876 2519 1018 2552 auferant;
1032 2521 1079 2548 alii

290 2564 438 2594 graventur
448 2567 480 2587 ac
494 2561 645 2594 czedantur,
659 2561 747 2589 donec
767 2564 946 2591 novissimum
969 2565 1079 2592 obolum

255 2627 260 2631 .
290 2604 424 2638 reddant;
436 2614 451 2632 a
462 2606 565 2641 quibus
579 2607 652 2634 sicut
665 2609 892 2644 spiraculum,sic
905 2614 934 2636 et
947 2610 1080 2638 tributum

289 2654 400 2678 austere
415 2651 550 2686 exigatur.
570 2652 630 2680 Non
656 2653 696 2680 sic
712 2653 785 2681 Deus
799 2654 834 2681 ab
850 2654 938 2686 initio,
962 2663 1016 2683 non
1043 2656 1083 2684 sic

291 2696 459 2729 hominibus,
483 2705 546 2724 cum
572 2698 662 2732 primo
688 2699 791 2726 conditi
805 2703 881 2732 sunt,
907 2700 966 2735 lege
980 2702 1080 2729 sanxit.

291 2741 346 2768 Sed
360 2741 432 2769 sicut
446 2743 639 2770 universorum
656 2752 728 2772 unus
737 2749 780 2772 est
791 2745 878 2778 lictor,
893 2745 934 2774 sic
943 2750 970 2774 et
984 2751 1082 2775 natura

329 2817 340 2832 ‘
357 2816 407 2845 lsa.
422 2826 493 2852 χιιι,
507 2819 534 2848 6.
569 2820 579 2835 ⁷
591 2819 658 2847 Luc.
672 2828 708 2853 ιν,
720 2820 765 2848 22.

332 2884 396 2921 (θ’)
410 2892 461 2917 'm:
473 2888 582 2924 Syriacc
599 2890 696 2917 donum
709 2898 723 2916 a
736 2890 832 2917 radice.

1131 2291 1249 2325 νοτέρων
1263 2290 1311 2317 καὶ
1329 2290 1541 2326 ὑπεραίρεσθαι,
1560 2290 1623 2322 τοὺς
1641 2289 1669 2317 δὲ
1693 2287 1924 2316 καταδουλοῦσθαι

1129 2336 1178 2363 καὶ
1196 2335 1428 2372 κατατρίϐεσθαι’
1455 2336 1503 2362 καὶ
1525 2336 1589 2367 τοὺς
1624 2335 1673 2370 μὲν
1697 2333 1860 2370 ὑπερμαζᾷν
1876 2333 1925 2359 καὶ

1131 2381 1240 2417 μεθύειν
1253 2382 1487 2416 κατατρυφῶντας
1502 2381 1557 2408 τῶν
1570 2379 1718 2416 πτωχικῶν
1731 2379 1778 2406 καὶ
1790 2378 1924 2414 δημοσίας

1129 2427 1267 2462 πρόφασιν
1279 2427 1402 2462 ὀφειλῆς,
1415 2427 1465 2462 τὴν
1478 2427 1597 2462 ἐσχάτην
1608 2426 1771 2460 ἀποστερεῖν
1789 2424 1839 2458 τῆς
1850 2423 1925 2457 ζωῆς

1133 2473 1262 2508 ἀφορμήν
1274 2479 1282 2487 ·
1304 2473 1368 2505 τοὺς
1391 2473 1420 2499 δὲ
1437 2472 1687 2508 κατακάμπτεσθαι
1712 2470 1760 2497 καὶ
1777 2468 1924 2505 μαστιγοῦ-

1134 2519 1207 2552 σθαι,
1227 2520 1324 2555 μέχρις
1343 2519 1377 2546 ἂν
1400 2519 1508 2546 καὶτὸν
1533 2519 1646 2553 ἔσχατον
1671 2517 1795 2544 ἀποδοῖεν
1811 2515 1922 2541 ὀϐολόν·

1133 2564 1227 2601 ὥσπερ
1239 2564 1289 2601 τὴν
1307 2565 1455 2600 ἀναπνοὴν,
1468 2564 1539 2591 οὕτω
1555 2564 1601 2590 καὶ
1616 2564 1665 2598 τὴν
1677 2562 1724 2589 τοῦ
1745 2562 1839 2592 τέλους
1855 2561 1924 2587 ἁπό-

1133 2611 1206 2637 δοσιν
1229 2611 1478 2645 εἰσπραττομένους
1488 2618 1495 2624 ·
1524 2609 1573 2644 οὐχ
1586 2608 1658 2635 οὕτω
1674 2607 1741 2639 Θεὸς
1765 2607 1813 2633 ἀπ’
1824 2605 1923 2641 ἀρχῆς,

1133 2656 1183 2691 οὐχ
1195 2655 1281 2688 οὕτως
1301 2655 1456 2691 ἀνθρώποις
1477 2655 1582 2689 ἀνωθεν
1601 2653 1797 2688 ἐνομοθέτησεν
1807 2659 1814 2666 ·
1829 2651 1925 2685 ὥσπερ

1133 2701 1162 2727 δὲ
1177 2701 1299 2737 πλάστης
1327 2701 1455 2728 ἁπάντων
1473 2698 1524 2733 εἷς,
1547 2699 1619 2727 οὕτω
1640 2699 1687 2725 καὶ
1703 2698 1783 2733 φύσις
1800 2697 1860 2732 μία,
1877 2697 1925 2722 καὶ

1134 2748 1196 2783 ὅρος
1213 2747 1262 2775 καὶ
1277 2747 1359 2783 νόμος
1383 2748 1456 2783 ζωῆς
1470 2747 1571 2775 ἅπασιν
1587 2747 1602 2773 0
1624 2745 1706 2777 αὑτός
1717 2753 1723 2759 ·
1736 2742 1878 2778 ἐλευθερία
1895 2750 1925 2768 τε
