2078 3154
167 152 223 186 225

543 153 683 184 ORATIO
701 153 798 183 XL—
814 152 855 183 IN
877 151 1035 182 LAUDEM
1054 151 1083 181 S.
1104 151 1288 182 MATTH/EI
1308 151 1437 182 APOST.

1752 155 1807 188 226

168 212 254 238 πᾶσιν
275 210 389 246 ὁμοίως.
403 211 452 237 καὶ
477 210 643 242 κατάστασις
659 211 706 237 καὶ
728 210 851 236 πολιτεία
867 210 884 244 ἡ
896 208 965 243 αὐτὴ

1016 212 1068 239 est,
1086 207 1212 242 ratioque
1229 215 1261 235 ac
1278 208 1341 235 vita:
1352 208 1396 235 lex
1409 207 1507 236 eadem
1517 208 1667 243 omnibus;
1686 216 1810 239 cunctis-

167 256 340 284 διατέτακται
353 256 404 290 τὴν
420 255 519 291 ἀρχήν.

162 344 166 366 ῗ
208 345 268 378 Ἀφ’
282 340 313 371 οὖ
326 344 355 370 δὲ
367 343 497 379 λογισμὸς
505 343 655 379 ἀγέρωχος,
671 343 783 371 καὶτῶν
797 343 868 381 ὑπὲρ
882 343 964 378 φύσιν

167 390 310 424 ἀλόγιστος
330 388 475 423 ἐπιθυμία,
504 389 552 415 καὶ
564 388 653 422 ὄφεως
671 389 720 423 μὲν
730 388 874 420 ἐπίϐουλος
894 396 964 423 συμ-

162 430 262 472 ξϐουλὴ,
279 437 391 471 ἐντολῆς
406 436 435 463 δὲ
454 436 537 470 ἁγίας
553 436 682 471 ἀθέτησις
702 437 749 463 καὶ
768 436 897 473 παρακοὴ
912 437 963 471 τῆς

166 481 275 517 φύσεως
303 481 523 515 καταδραμόντα,
551 481 677 516 διέστησε
703 481 752 516 μὲν
782 482 830 508 καὶ
853 481 963 516 μακρὰν

166 524 238 554 ὦσεν
246 526 327 558 Θεοῦ,
340 526 380 561 τῷ
395 526 524 561 βασκάνῳ
543 526 571 552 δὲ
589 526 770 561 προσεγγίσαι
790 526 963 561 παρεσκεύα-

166 582 225 605 σεν,
241 572 366 600 ἐντεῦθεν
376 572 407 599 τὸ
422 572 553 607 συγγενὲς
565 572 612 598 καὶ
624 572 759 606 ὁμόφυλον
771 572 811 604 είς
824 572 962 607 ἀλλοτριό-

166 628 237 655 τητα
250 618 365 653 γνώμης
383 619 430 644 καὶ
444 618 502 653 βίου
513 618 700 654 κατεμερίσθη
713 618 812 653 τομήν.
821 618 962 645 Ἐντεῦθεν

169 665 197 691 σὺ
211 663 385 697 δυναστεῦον,
395 663 444 690 καὶ
457 664 488 690 τὸ
499 664 730 699 δυναστευόμενον
742 671 750 679 θ
761 664 792 691 τὸ
801 664 960 700 τυραννοῦν,

167 711 215 738 καὶ
243 710 275 736 τὺ
290 709 508 745 τυραννούμενον
519 719 526 725 ·
542 710 590 735 καὶ
602 709 633 735 τὸ
649 709 698 744 μὲν
708 710 835 737 ἀπαιτεῖν
849 710 960 746 φόρους,

167 757 198 784 τὺ
208 757 231 784 δ’
244 756 430 783 ἀπαιτεῖσθαι·
446 756 495 782 καὶ
509 755 540 782 τὸ
561 755 610 791 μὲν
623 755 777 791 ὑπερῆρθαι
794 755 899 791 θράσει,
914 756 961 783 καὶ

167 803 223 829 τῶν
239 801 379 838 ὁμοτίμων
400 801 438 833 ὼς
467 800 569 828 δούλων
597 801 860 833 κατεξανίστασθαι,
878 801 909 827 τὺ
932 801 960 828 δὲ

168 849 374 884 καταπτήσσειν
388 847 437 883 τὴν
451 847 608 883 τυραννίδα,
627 847 675 874 καὶ
685 847 722 878 ὡς
735 847 921 883 ἀπαραίτητον
929 847 960 874 τὸ

169 895 277 929 ἐτήσιον
292 893 379 925 τέλος,
395 893 444 919 καὶ
458 892 506 928 τὴν
516 892 640 920 δουλείαν
650 892 822 920 ἁποτιννύειν
831 893 869 924 ὼς
884 893 961 927 ὀφει-

169 941 229 976 λήν.

205 1029 315 1065 Ταύτης
326 1029 370 1056 ἀεὶ
384 1029 541 1065 πράκτορες
559 1029 609 1062 τῆς
624 1029 714 1064 κακῆς
734 1030 922 1064 ἐπιτιμήσεως
937 1030 962 1056 οι

171 1073 334 1110 θερμότεροι
353 1073 403 1109 μὲν
416 1074 465 1108 τὴν
483 1074 566 1108 φύσιν
589 1075 638 1100 καὶ
653 1074 777 1108 ὀξύτεροι
787 1081 795 1089 ·
811 1073 961 1106 τουτέστιν,

172 1120 294 1147 συνιέναι
302 1120 349 1146 καὶ
360 1119 520 1154 λογίσασθαι
532 1119 582 1156 τὴν
591 1119 778 1156 δασμοφορίαν
789 1120 961 1146 ἱκανώτατοι·

170 1165 411 1201 ἀσυμπαθέστεροι
423 1166 453 1192 δὲ
468 1166 589 1198 πάντων,
604 1167 652 1194 καὶ
665 1166 715 1202 τὴν
732 1165 846 1201 γνώμην
860 1166 963 1193 ἐπίπαν

174 1212 352 1247 ίταμώτεροι,
368 1212 439 1238 ὥστε
454 1211 550 1247 μηδενὶ
578 1212 632 1238 τῶν
646 1212 807 1246 ὀφειλόντων
835 1220 964 1246 παραχω-

172 1259 229 1292 ρεῖν
245 1258 319 1294 ἔχειν
347 1258 442 1294 μηδέν.
471 1257 581 1293 Ταύτης
605 1258 900 1294 Ματθαῖοςιὲπήϐολος
913 1258 964 1293 τῆς

169 1304 310 1336 πολιτείας
339 1305 473 1340 πρότερον
495 1302 541 1340 ἦν.
569 1304 672 1331 Τούτου
702 1303 772 1339 βίου,
790 1304 838 1331 ἆτε
855 1303 964 1338 φύσεως

169 1350 297 1385 ἀγχινοίᾳ
310 1350 357 1377 καὶ
365 1350 424 1382 νοὸς
433 1350 575 1386 ὲντρεχείᾳ
589 1349 816 1385 κατευμεγεθῶν,
827 1350 878 1385 τὴν
892 1349 965 1385 πρώ-

169 1405 221 1432 την
236 1398 266 1424 ὲν
281 1396 412 1428 τελώναις
422 1397 515 1431 ἐπεῖχε
529 1395 615 1428 τάξιν.

212 1486 322 1522 Ἐπειδὴ
346 1486 438 1513 τοίνυν
461 1486 495 1513 δι’
515 1486 598 1513 αὑτοῦ
610 1486 743 1521 παράγων
770 1485 784 1510 ὁ
801 1485 914 1520 Κύριος,
926 1485 965 1520 τῷ

170 1533 221 1568 τῆς
237 1533 352 1568 καρδίας
368 1533 444 1567 βάθει
461 1532 655 1568 προσέϐλεψεν,
674 1533 721 1559 καὶ
745 1532 899 1567 κεκρύφθαι
915 1532 965 1566 μὲν
978 1548 1000 1578 c

171 1581 201 1607 ἒν
217 1579 294 1614 αὑτῷ
308 1579 357 1613 τῆς
372 1578 472 1614 ἀρετῆς
486 1577 635 1612 θησαυρὸν,
650 1577 751 1610 ἔξωθεν
766 1577 796 1604 δὲ
811 1576 882 1604 κατὰ
895 1576 966 1611 σύμ-

172 1627 252 1653 σασιν
278 1627 312 1661 τῇ
339 1625 457 1660 πονηρίᾳ
483 1624 647 1659 διοχλεῖσθαι
663 1626 696 1659 τῇ
722 1625 858 1659 κοσμικῇ·
874 1624 966 1651 καὶτὸ

173 1672 234 1706 μὲν,
249 1671 373 1697 ἑκούσιον
388 1668 459 1697 εἶναι
483 1671 530 1697 καὶ
555 1670 676 1704 ἔμφυτον
691 1669 793 1704 ἀγαθόν
804 1678 810 1685 ·
829 1669 860 1695 τὸ
874 1668 903 1696 δὲ
918 1669 966 1695 τύ-

172 1726 223 1753 χης
241 1718 375 1752 ἐπήρειαν
390 1717 502 1752 μᾶλλον,
517 1716 534 1752 ἢ
559 1715 673 1750 γνώμης
687 1716 865 1750 ἑκουσιότητα
882 1724 966 1742 κατα-

173 1763 314 1798 νενόηκεν,
328 1763 406 1789 καλεῖ
422 1763 471 1798 μὲν
488 1762 581 1795 αὑτὸν,
593 1761 781 1796 ἐντελλόμενος
797 1761 965 1788 ἀκολουθεῖν·

171 1809 187 1835 ὁ
205 1809 234 1836 δὲ
263 1809 401 1840 ἀναστὰς,
431 1808 513 1840 εὐθὺς
541 1807 754 1842 ἐπηκολούθησε.
785 1807 821 1834 Οὐ
851 1807 966 1842 μακρῶν

171 1854 266 1888 ιδέησε
281 1853 369 1886 λόγων
393 1852 432 1887 τῷ
455 1852 561 1887 Κυρίῳ,
590 1851 621 1878 οὐ
638 1851 735 1886 χρόνου
752 1850 858 1886 τριϐῆς,
874 1850 904 1876 οὐ
922 1859 965 1877 τε-

171 1899 308 1934 λειοτέρας
323 1898 484 1930 συνουσίας·
499 1898 557 1925 ἀλλ’
581 1897 643 1924 οὔτε
656 1897 795 1930 θεολογίας
808 1896 916 1931 συχνῆς,
934 1897 964 1923 ού

172 1945 341 1980 συμὸουλίας
356 1944 485 1979 πιθανῆς,
511 1943 574 1971 οὗτε
589 1944 618 1970 δὲ
634 1943 781 1978 θαυμάτων
796 1943 964 1976 ἐπιδείξεως,

169 1990 244 2017 ὥστε
257 1990 303 2016 τὸν
322 1989 506 2024 ἀρχιτελώνην
522 1990 572 2024 τῆς
588 1989 650 2016 κατ’
676 1990 758 2016 αὑτὸν
784 1987 964 2023 ἀφαρπᾶσθαι

172 2036 283 2071 σχολῆς,
301 2035 409 2071 παριὼν
421 2035 460 2067 δὲ,
474 2035 522 2062 καί¹
539 2036 589 2070 μιᾷ
607 2035 675 2072 μόνῃ
701 2035 829 2067 καλέσας,
844 2034 966 2061 ἐπεσπά-

171 2090 239 2108 σατο
267 2083 363 2117 φωνῇ·
387 2082 559 2109 ’Δκολούθει
573 2090 635 2116 μοι.
659 2082 688 2108 '0
705 2082 733 2109 δὲ
753 2082 804 2108 οὐκ
830 2082 964 2116 ἁπήρεισε

172 2128 243 2162 πρὸς
266 2127 302 2154 τὰ
327 2128 455 2163 χρήματα
481 2129 527 2154 τὸν
543 2127 689 2162 λογισμόν·
710 2127 740 2153 ού
769 2127 818 2163 τὴν
836 2127 891 2154 ἀπὸ
918 2127 964 2154 τοῦ

172 2174 444 2209 κέρδους,ὲνενόησεν
471 2174 569 2209 ἡδονήν
581 2182 588 2190 ·
606 2174 636 2201 ού
664 2174 732 2210 πρὸς
747 2173 796 2210 τὴν
813 2174 892 2207 δόξαν
909 2173 965 2200 τῶν

172 2218 394 2254 συγκαθημένων
420 2219 496 2254 αὐτῷ
513 2220 688 2255 διατραπεὶς,
715 2220 766 2256 τὴν
789 2220 886 2254 κλῆσιν
910 2221 966 2247 ἁπ-

172 2265 315 2291 εσείσατο·
334 2265 401 2299 ὁμοῦ
418 2265 448 2292 δὲ
461 2267 495 2301 τῇ
522 2267 597 2301 φωνῇ
614 2266 661 2292 τοῦ
682 2266 876 2300 πεφωνηκότος
887 2274 967 2300 γεγο-

172 2311 228 2344 νὼς
243 2311 315 2343 ὅλος,
333 2311 380 2338 καὶ
405 2311 499 2346 ὥσπερ
521 2312 665 2347 ἀστραπῆς
687 2312 775 2346 ἀθρόᾳ
794 2311 966 2347 λαμπρότητι

171 2357 224 2392 τὴν
251 2357 366 2392 καρδίαν
389 2357 611 2392 καταλαμφθείς·
629 2356 747 2383 καὶτῶν
769 2357 799 2383 ὲν
821 2357 899 2391 χερσὶ
917 2356 967 2391 μὲν

173 2403 325 2437 χρημάτων
340 2403 387 2429 καὶ
401 2403 572 2438 πραγμάτων
591 2402 673 2434 εὐθὺς
689 2403 888 2438 ἀλλοτριωθεὶς,
915 2402 967 2437 τῆς

173 2449 252 2480 θείας
267 2448 296 2475 δὲ
321 2449 443 2483 κλήσεως
459 2449 492 2484 (ὦ
506 2450 556 2484 τῆς
572 2449 689 2481 πίστεως
699 2450 718 2483 !)
732 2449 869 2484 ἡττηθεὶς,
882 2457 967 2475 κατα-

174 2495 264 2522 λείπει
282 2495 404 2530 μὲντοὺς
419 2497 643 2532 συμπράκτορας,
659 2496 818 2523 καταλείπει
833 2496 861 2523 δὲ
875 2496 905 2522 τὸ
924 2504 968 2522 τε-

174 2541 282 2574 λώνιον,
298 2542 345 2568 καὶ
359 2542 449 2568 πᾶσαν
466 2541 515 2576 τὴν
541 2542 569 2568 ὲν
584 2541 659 2576 αὐτῷ
674 2542 864 2577 πραττομένην
880 2542 967 2576 ἀπορ-

173 2587 300 2622 ρίπτεται
312 2588 474 2623 φορολογίαν
483 2596 491 2603 ·
511 2588 612 2623 χρυσοῦ
627 2588 656 2615 δὲ
667 2588 768 2619 παντὸς
784 2589 831 2614 καὶ
844 2588 966 2623 ἀργύρου

173 2632 220 2657 τον
247 2632 396 2667 πολύτιμον
427 2632 588 2659 ἀντωνεῖται
614 2633 787 2668 μαργαρίτην
803 2641 811 2649 ·
835 2634 883 2659 καὶ
913 2633 967 2659 τῶν

176 2677 279 2710 γηΐνων
289 2677 340 2711 τὴν
353 2677 481 2713 ἁρπαγὴν
492 2679 582 2713 ἀφεὶς,
591 2679 640 2714 τὴν
651 2678 777 2713 οὐράνιον
790 2678 882 2713 τρέχει
892 2679 968 2713 διαρ-

175 2721 270 2748 πάσων
286 2721 425 2757 βασιλείαν
436 2731 443 2739 ·
464 2723 566 2757 μᾶλλον
584 2723 624 2755 δὲ,
637 2723 738 2758 χρυσοῦ
755 2723 805 2758 μὲν
821 2724 868 2750 καὶ
879 2723 967 2759 ἀργύ-

176 2775 223 2801 ρου
240 2767 342 2799 παντὸς
355 2768 577 2804 τιμαλφεστέραν
591 2769 661 2804 ἔχων
680 2769 780 2805 ψυχὴν,
795 2767 839 2796 οἷα
852 2769 881 2797 δὲ
893 2769 967 2796 λίθον

175 2812 265 2847 τίμιον
277 2813 326 2840 καὶ
339 2813 500 2849 ἀξιέραστον
524 2814 585 2850 Θεῷ
598 2815 736 2850 προῖσχων
752 2815 798 2841 τὸν
809 2815 883 2848 νοῦν,
909 2814 968 2842 ἁλί-

178 2865 270 2885 σκεται
285 2859 372 2895 τούτῳ
387 2860 434 2887 καὶ
457 2860 580 2888 ποθεῖται
605 2860 651 2887 καὶ
676 2860 797 2896 ζητεῖται
812 2869 819 2877 ·
838 2862 886 2888 καὶ
899 2861 966 2896 πρὸς

1015 260 1069 287 que
1084 253 1264 288 similiterque
1275 254 1399 286 libertas,
1415 259 1503 281 status
1514 259 1543 282 et
1555 255 1617 282 vitae
1631 256 1701 284 ratio
1712 257 1808 285 eadem

1015 299 1135 334 primum
1150 301 1300 327 constituta
1319 299 1382 328 fuit.

1051 345 1091 372 Ex
1104 353 1160 380 quo
1185 349 1276 373 autem
1303 345 1422 381 superba
1440 346 1521 378 ratio,
1548 354 1695 381 rerumque
1710 351 1809 376 natura

1015 391 1191 426 superiorum
1208 391 1364 419 inconsulta
1381 391 1535 426 cupiditas;
1547 400 1579 420 ac
1597 394 1734 428 serpentis
1746 395 1809 429 qui-

1015 436 1078 463 dem
1095 437 1260 464 insidiosum
1273 437 1433 470 consilium,
1447 438 1590 472 sanctique
1600 439 1720 466 mandati
1731 448 1809 475 spre-

1014 482 1065 514 tio,
1089 485 1118 509 et
1144 482 1331 510 inobedientia
1359 487 1465 510 naturae
1496 483 1664 518 ingruentia,
1692 485 1807 513 divisam

1013 527 1087 555 illam
1097 529 1194 563 procul
1205 536 1220 555 a
1230 529 1286 556 Deo
1298 528 1477 564 depulerunt,
1491 534 1575 564 atque
1594 530 1689 557 invido
1698 531 1808 567 adiungi

1013 575 1203 610 praestiterunt
1216 583 1223 607 ;
1237 575 1301 602 inde
1315 576 1372 610 jam
1388 575 1497 610 cognati
1511 583 1543 602 ac
1560 575 1683 609 tribules,
1700 577 1727 604 in
1741 577 1809 604 alie-

1013 628 1063 648 nas
1079 620 1158 648 scissi
1185 620 1341 648 voluntates
1355 625 1421 648 sunt
1436 628 1470 648 ac
1484 620 1548 648 vitae
1572 621 1673 649 studia.
1689 622 1754 650 lnde
1770 623 1810 650 fa-

1012 670 1087 693 ctum
1099 671 1131 694 ut
1153 667 1199 694 alii
1221 667 1410 700 dominentur,
1443 667 1489 694 alii
1518 667 1643 695 dominio
1659 668 1809 704 subjician-

1013 714 1074 743 tur;
1099 711 1146 739 alii
1178 712 1325 748 tyrannide
1355 716 1462 747 regant,
1488 713 1535 740 alii
1556 717 1707 748 regantur:
1726 717 1809 749 atque

1011 757 1057 784 alii
1086 758 1199 792 quidem
1224 758 1327 785 tributa
1354 759 1474 793 exigant,
1502 758 1537 786 ab
1555 759 1616 786 aliis
1647 763 1738 786 autem
1750 761 1811 787 exE-

1011 807 1126 838 gantur:
1153 804 1199 832 alii
1237 804 1351 832 audacia
1377 804 1530 832 eﬂ‘erantur
1553 808 1582 831 et
1605 804 1739 832 adversus
1761 813 1810 833 eos

1011 849 1058 884 qui
1088 849 1146 884 pari
1172 850 1278 877 honore
1299 854 1364 878 sunt
1391 851 1470 885 quasi
1497 850 1631 878 adversus
1655 858 1751 878 servos
1766 851 1810 878 in-

1013 899 1140 929 surgant;
1156 895 1202 922 alii
1215 895 1369 930 tyrannidis
1385 900 1460 922 metu
1480 899 1608 930 paveant,
1627 902 1660 922 ac
1678 900 1808 931 tanquam

1014 941 1219 976 indeprecabile
1234 962 1241 974 ,
1260 942 1394 969 tributum
1422 948 1544 968 annuum
1556 941 1665 968 solvant
1678 942 1808 977 velutquc

1014 987 1151 1019 debitum,
1169 987 1330 1015 servitutem
1347 987 1478 1023 pendant.

1051 1032 1138 1068 Hujus
1152 1040 1260 1067 semper
1273 1033 1351 1060 malae
1363 1034 1503 1061 auctionis
1522 1041 1678 1069 censusque
1693 1038 1810 1069 quaesto-

1014 1085 1070 1110 res.
1086 1078 1133 1113 qui
1145 1078 1289 1105 calentiori
1307 1086 1339 1106 ac
1351 1079 1450 1106 acriori
1465 1079 1576 1114 ingenio
1590 1083 1654 1106 sunt
1667 1088 1674 1112 ;
1692 1079 1744 1106 hoc
1755 1082 1808 1110 est,

1015 1124 1204 1152 callentissimi
1223 1124 1393 1151 tributorum
1413 1124 1635 1156 ratiocinatores,
1651 1124 1735 1159 inque
1749 1132 1808 1152 rem

1015 1169 1134 1197 maxime
1150 1169 1255 1197 idonei.
1269 1169 1301 1197 Hi
1316 1177 1383 1197 vero
1395 1170 1518 1197 omnium
1532 1170 1765 1202 inclementiores.
1781 1175 1811 1198 et

1015 1216 1064 1251 qui
1078 1215 1153 1243 nulla
1168 1215 1345 1243 miseratione
1355 1221 1538 1249 moveantur;
1552 1216 1655 1251 ubique
1668 1217 1810 1251 procacio-

1016 1269 1061 1289 res
1076 1262 1427 1296 majoriqueimprobitate,
1442 1266 1471 1289 ut
1486 1262 1554 1289 nihil
1566 1262 1715 1297 quidquam
1733 1261 1811 1289 debi-

1017 1311 1093 1334 tores
1108 1307 1210 1334 habere
1220 1307 1322 1335 sinant.
1337 1308 1427 1342 Hujus
1443 1308 1586 1335 Matthaeus
1601 1307 1679 1342 prius
1697 1315 1810 1341 compos

1017 1352 1170 1388 disciplina:
1184 1356 1255 1379 erat.
1268 1353 1356 1387 Hujus
1367 1353 1502 1385 instituti,
1518 1358 1648 1387 tanquam
1658 1352 1754 1380 solerti
1768 1352 1810 1379 vir

1018 1397 1129 1433 ingenio
1141 1397 1297 1431 mentisque
1313 1397 1434 1432 agilitate
1448 1398 1622 1432 praepollens,
1636 1397 1708 1430 inter
1719 1396 1811 1432 publi-

1018 1449 1103 1469 canos
1119 1442 1273 1476 principem
1288 1442 1379 1469 locum
1399 1442 1552 1469 obtinebat.

1052 1487 1132 1521 Quod
1154 1488 1237 1523 igitur
1259 1495 1309 1522 per
1328 1496 1391 1516 eum
1415 1488 1553 1516 transiens
1573 1487 1716 1519 Dominus,
1735 1487 1811 1515 illius

1018 1534 1104 1561 animi
1125 1533 1182 1561 imo
1203 1534 1329 1568 inspecto
1351 1534 1428 1566 sinu,
1444 1534 1576 1561 latentem
1599 1533 1627 1560 in
1646 1541 1679 1561 eo
1698 1533 1810 1560 virtutis

1021 1580 1181 1607 thesaurum
1207 1579 1443 1614 deprehenderat,
1467 1580 1520 1607 etsi
1547 1584 1604 1606 tum
1630 1579 1753 1606 exterius
1776 1587 1811 1606 ex

1019 1625 1172 1659 accidenti,
1186 1626 1279 1653 saeculi
1295 1625 1416 1660 pravitas
1431 1633 1464 1653 ac
1477 1625 1601 1660 nequitia
1616 1625 1787 1652 obtundebat
1801 1634 1808 1651 :

1019 1675 1103 1706 atque
1125 1671 1243 1698 alterum
1266 1671 1393 1706 quidem,
1414 1671 1517 1698 bonum
1541 1678 1602 1698 esse
1627 1675 1810 1705 spontaneum

1019 1720 1102 1750 atque
1114 1715 1255 1749 innatum;
1272 1716 1389 1743 alterum
1402 1723 1480 1748 vero,
1496 1714 1614 1742 fortunae
1629 1715 1722 1750 potius
1736 1714 1810 1750 inju-

1019 1761 1098 1793 riam,
1110 1768 1192 1796 quam
1205 1765 1366 1796 spontaneaa
1378 1761 1479 1788 mentis
1491 1760 1656 1787 sententiam
1669 1760 1811 1787 intellexe-

1019 1811 1073 1838 rat,
1085 1815 1148 1834 eum
1160 1811 1241 1834 vocat
1256 1815 1288 1835 ac
1301 1807 1380 1842 jubet
1395 1807 1472 1842 sequi
1488 1816 1495 1834 ι
1511 1808 1559 1842 qui
1573 1814 1699 1842 surgens,
1716 1806 1809 1834 statim

1019 1857 1131 1880 secutus
1148 1857 1201 1880 est.
1217 1853 1278 1880 Non
1300 1853 1390 1888 longis
1409 1853 1526 1880 Domino
1547 1860 1617 1887 opus
1636 1852 1810 1880 sermonibus

1019 1899 1082 1931 fuit,
1094 1906 1149 1926 non
1165 1899 1300 1933 temporis
1314 1906 1401 1931 mora,
1413 1906 1468 1925 non
1481 1898 1579 1933 majori
1594 1898 1808 1930 consuetudine;

1018 1948 1046 1972 at
1058 1951 1148 1979 neque
1163 1944 1261 1972 crebra
1275 1944 1433 1971 divinorum
1450 1944 1586 1975 doctrina,
1598 1951 1654 1970 non
1669 1943 1808 1977 probabili

1018 1990 1135 2018 consilio
1148 1993 1177 2017 et
1189 1990 1327 2022 suasione,
1342 1997 1396 2017 non
1410 1989 1609 2016 miraculorum
1625 1989 1808 2020 exhibitione.

1018 2040 1050 2062 ut
1063 2035 1214 2070 principem
1233 2035 1444 2070 publicanorum
1458 2043 1473 2062 a
1489 2042 1538 2061 suo
1554 2034 1600 2061 illo
1615 2034 1708 2062 studio
1730 2034 1810 2061 insti-

1020 2086 1134 2117 tutoque
1146 2082 1302 2117 abriperet;
1316 2081 1365 2109 sed
1381 2081 1530 2114 transiens,
1547 2089 1657 2116 unaque
1677 2081 1809 2108 duntaxat

1018 2127 1219 2154 communitum
1238 2135 1306 2154 voce
1330 2135 1394 2154 eum
1420 2128 1503 2154 traxit
1522 2135 1530 2154 :
1552 2126 1667 2162 Sequere
1689 2135 1739 2153 me.
1761 2127 1808 2154 ille

1019 2181 1115 2208 porro,
1133 2181 1189 2200 non
1203 2173 1327 2208 pecuniis
1343 2173 1462 2201 attendit
1476 2173 1615 2204 animum;
1630 2180 1685 2200 non
1701 2180 1762 2207 quae
1775 2180 1809 2200 ex

979 2219 1096 2254 Dlucro
1114 2223 1167 2251 est,
1186 2219 1354 2253 voluptatem
1374 2219 1505 2254 cogitavit
1525 2227 1532 2245 :
1554 2226 1609 2245 non
1628 2225 1724 2245 eorum
1746 2217 1806 2252 opi-

1018 2266 1094 2293 nioni
1113 2266 1162 2300 qui
1182 2266 1242 2300 pari
1262 2266 1389 2294 instituto
1410 2265 1444 2292 ad
1464 2265 1566 2292 tclonci
1587 2265 1662 2291 lucra
1682 2263 1808 2291 conside-

1019 2311 1213 2346 bant,'pudore
1224 2319 1368 2347 repressus
1376 2311 1548 2339 vocationem
1557 2310 1676 2344 respuit;
1689 2310 1736 2337 sed
1745 2317 1808 2337 mox
1833 2315 1836 2319 ‘

1018 2363 1085 2382 voce
1099 2355 1205 2386 audita,
1220 2360 1295 2383 totus
1305 2356 1414 2383 vocanti
1429 2355 1557 2387 devotus,
1565 2355 1695 2390 velutque
1710 2363 1808 2390 repen-

1018 2402 1075 2429 tina
1090 2400 1207 2436 fulguris
1222 2402 1415 2429 coruscatione
1434 2401 1527 2428 animo
1547 2401 1709 2428 illustratus.
1724 2407 1806 2436 atque

1018 2455 1033 2475 a
1047 2448 1174 2482 pecuniis
1197 2448 1337 2483 rebusque
1351 2456 1420 2483 quas
1434 2448 1561 2475 manibus
1574 2448 1702 2475 versabat
1717 2449 1808 2476 alieno

1018 2493 1110 2521 statim
1124 2493 1214 2521 factus
1229 2494 1322 2520 animo
1332 2514 1339 2526 ,
1353 2501 1385 2521 ae
1395 2494 1552 2521 ‘voeationis
1563 2496 1591 2529 (0
1607 2494 1714 2529 (idem!)
1730 2494 1756 2521 in
1774 2501 1808 2521 co

1018 2538 1145 2570 victoria,
1160 2538 1251 2565 socios
1266 2538 1379 2572 quidem
1394 2543 1545 2572 quaestores
1562 2538 1706 2573 relinquit,
1725 2539 1807 2570 relin-

1018 2584 1152 2619 quitvero
1163 2584 1327 2619 portorium,
1337 2585 1506 2619 eollectaque
1518 2585 1545 2611 in
1556 2592 1590 2612 eo
1602 2585 1704 2612 tributa
1715 2583 1806 2610 omnia

1019 2630 1129 2666 projicit
1149 2638 1156 2656 :
1179 2637 1303 2665 auroque
1323 2630 1397 2657 omni
1418 2635 1502 2665 atque
1524 2635 1637 2666 argento
1656 2629 1806 2664 pretiosum

1018 2676 1198 2711 margaritum
1229 2681 1380 2704 commutat
1415 2685 1422 2703 :
1456 2676 1594 2712 missaque
1633 2679 1806 2702 terrenarum

1019 2722 1114 2757 rapina
1129 2722 1261 2750 caelorum
1277 2730 1391 2758 regnum
1412 2728 1520 2758 raptum
1543 2721 1640 2749 currit.
1664 2719 1805 2752 Quinimo,

1018 2777 1079 2797 cum
1099 2770 1191 2797 anima
1209 2770 1375 2798 auro’omni
1388 2774 1417 2798 et
1431 2773 1544 2804 argento
1558 2766 1722 2803 pretiosiore
1737 2772 1807 2800 pra}-

1018 2815 1093 2843 ditus
1105 2821 1189 2847 esset,
1201 2815 1266 2843 dum
1282 2816 1356 2843 velut
1371 2815 1488 2850 lapidem
1506 2812 1657 2848 pretiosum
1669 2809 1806 2844 digneque

1017 2861 1175 2895 amabilem,
1188 2862 1244 2891 Deo
1258 2861 1383 2890 obtendit
1395 2860 1526 2891 animum,
1539 2858 1598 2895 ejus
1611 2856 1656 2884 ille
1669 2856 1806 2884 illecebris
