2078 3154
251 133 304 165 θ’]

838 129 986 160 NICETAE
1005 129 1271 161 PAPHLAGONIS

1838 124 1892 157 228

253 188 374 223 capitur,
394 190 423 214 et
443 185 532 214 amori
554 186 675 214 habetur
693 190 776 220 atque
795 184 942 220 quaeritur;
964 188 993 211 et
1011 183 1046 211 ad

1101 185 1132 211 τὰ
1157 185 1285 220 ἄφθαρτα
1311 183 1435 218 βασίλεια
1458 184 1506 211 καὶ
1522 183 1722 219 μακαριώτατα
1735 181 1845 217 κληθείς
1861 190 1893 209 τε

252 234 442 269 incorruptam
460 233 705 268 beatissimamque
716 236 831 259 vocatus
844 236 927 266 atque
940 232 1046 259 electus

251 281 342 308 aulam
351 299 358 311 ,
369 279 403 306 ad
419 283 574 306 extremum
589 281 749 312 assumptus
762 282 816 304 est.

288 326 358 353 Eum
380 325 408 352 in
429 325 542 352 modum
563 323 679 351 mutatis
699 323 865 350 mirabiliter
879 323 946 350 Levi
961 323 1048 350 mori—

253 373 320 403 bus,
337 372 364 398 in
387 371 543 398 Matthzeum
563 370 648 397 etiam
669 376 770 396 nomen
793 368 975 396 commutavit
992 377 998 395 :
1015 377 1048 396 ac

252 419 326 446 sicut
351 422 432 444 antea
461 415 599 450 publicani
626 419 704 446 arte.
732 414 855 449 portoria
882 422 898 442 e
927 414 1048 442 subditis

253 463 380 498 legendo,
395 461 433 488 illi
446 461 494 495 qui
507 461 583 495 genti
599 461 764 496 imperabat,
775 468 874 488 aurum
890 461 1046 495 quaesierat,

252 507 293 534 sic
314 511 341 533 et
363 511 457 540 postea
477 506 572 532 eadem
595 505 734 534 Christum
756 507 809 534 sibi
830 507 983 538 addixerat.
999 507 1047 542 qui

253 551 415 578 invitantem
444 551 478 578 ad
503 551 628 586 spiritale
656 560 687 579 ac
713 552 861 587 mysticum
888 560 1047 580 sermonum

255 597 411 624 convivium
427 601 602 632 sequeretur,
620 605 771 632 rursusque
791 598 904 624 domum
927 597 986 632 ipse
1006 598 1048 624 in-

252 643 364 674 vitaret,
378 643 578 677 magniiiceque
593 643 744 678 acciperet,
757 646 841 677 atque
861 643 965 678 dupliéi
986 643 1049 670 cibo

253 692 410 719 recrearet;
435 691 465 713 ut
485 687 597 721 quidem
617 687 770 720 hominem,
787 688 843 715 illis
857 688 974 723 dapibus
989 695 1049 722 qua:

252 741 286 760 ex
299 732 425 767 corporis
439 740 490 759 usu
504 732 610 764 forent;
627 738 657 759 ut
669 738 761 760 autem
775 734 872 766 Deum,
886 734 1050 768 pwnitentia

252 779 402 814 placando,
420 778 558 813 ﬁdemque
579 778 714 806 charitate
736 779 853 806 alllatam
877 779 1050 815 (pulcherri-

253 833 328 852 mum
346 825 453 852 scilicet
466 832 573 856 eorum,
589 833 650 860 qua:
670 833 685 851 a
708 824 789 852 nobis
807 825 854 851 ille
872 824 967 860 exigit)
983 825 1050 852 olfe-

256 870 354 897 rendo.
376 870 562 903 Quamobrem
586 870 669 897 etiam
696 870 818 904 proclive
843 870 945 897 telonei
969 869 1048 905 quasi

251 916 312 951 jure
325 923 340 942 a
353 924 382 943 se
396 916 467 950 exigi
483 916 564 948 sinit,
580 916 627 950 qui
643 923 672 943 se
685 916 874 943 esurientibus
887 915 1050 951 magnificus

253 960 366 995 largitor
381 962 529 995 praeberet;
548 962 674 988 esuriens
690 962 747 996 ipse
765 961 884 994 esuriri,
897 966 925 989 et
938 969 987 989 eos
1001 961 1049 997 qui

253 1008 378 1041 accipere
393 1007 511 1042 dapibus
524 1008 696 1040 viderentur,
710 1015 834 1042 pascens.

288 1052 357 1080 Cum
383 1054 466 1088 igitur
487 1054 530 1080 vir
552 1053 652 1081 beatus
672 1061 702 1081 se
729 1058 817 1081 totum
840 1053 980 1088 publicani
1002 1052 1048 1080 illa

253 1097 396 1125 functione
422 1099 534 1133 vitaque
559 1099 733 1134 expedisset,
758 1099 791 1126 ad
817 1099 958 1126 Christum
986 1103 1049 1133 apte

252 1144 463 1179 suscipiendum
486 1149 664 1180 comparatus
679 1149 736 1177 est;
754 1152 853 1180 nempe
871 1145 978 1180 abjeclo
997 1152 1049 1172 sa:-

252 1190 310 1217 culi
333 1191 443 1226 spiritu,
460 1191 565 1225 Deique
586 1191 691 1226 Spiritu
714 1196 866 1226 assumpto.
884 1191 950 1218 Inde
973 1190 1049 1217 omni

253 1237 357 1264 mundo
374 1237 556 1272 cruciﬁgitur,
568 1245 600 1265 ac
615 1238 725 1265 cunctis
740 1238 835 1265 mundi
850 1237 1050 1272 cupiditatibus

253 1287 403 1310 evacuatur
419 1283 522 1318 pariter
536 1287 565 1311 et
578 1284 762 1316 emundatur;
782 1289 865 1318 atque
884 1291 898 1310 a
914 1283 1048 1311 vanitatis

253 1328 411 1355 rationibus
427 1328 504 1355 velut
520 1328 636 1356 faecibus
653 1336 769 1363 prorsus
785 1328 969 1363 depurgatus,
984 1327 1050 1356 soli—

255 1381 310 1408 que
321 1373 386 1401 Jesu
401 1374 498 1401 vivens
511 1379 593 1409 atque
608 1374 683 1401 illius
695 1374 811 1410 vestigia
823 1382 963 1410 premens,
976 1373 1051 1402 indo«

254 1420 289 1447 lis
306 1427 415 1447 onmem
431 1420 570 1448 solertiam
585 1428 754 1456 omnemque
769 1421 855 1448 animi
871 1421 1048 1455 sagacitatem

254 1472 287 1492 ac
308 1464 408 1492 mentis
428 1472 564 1497 acumen,
581 1465 656 1492 illius
678 1465 844 1493 contuendze
864 1465 976 1493 veritati
998 1465 1050 1493 ad-

254 1511 325 1538 dixit
339 1519 345 1538 :
359 1511 522 1545 cunctisque
536 1511 624 1546 ipsius
638 1511 726 1538 sacris
739 1516 822 1545 atque
838 1512 963 1546 mysticis
978 1511 1050 1539 divi-

255 1557 300 1584 nis
316 1557 560 1591 praedicationibus
577 1557 779 1592 intelligentem
797 1558 922 1584 auditum
940 1566 973 1585 ac
989 1565 1050 1585 mo—

256 1603 377 1638 rigerum
398 1603 549 1636 adhibens;
573 1602 798 1637 admirandisque
819 1605 928 1631 cunctis
948 1604 1052 1631 Christi

256 1648 388 1682 operibus
410 1648 563 1683 simplicem
585 1648 695 1675 oculum
715 1653 797 1683 atque
813 1649 937 1676 lucidum
955 1650 1052 1677 admo-

256 1700 341 1725 vens;
367 1700 399 1720 ac
419 1699 553 1728 praeterea
576 1693 738 1721 salutarium
763 1695 941 1729 passionum,
961 1695 1053 1722 crucis

257 1738 366 1771 mortis,
377 1739 538 1773 sepulturae,
551 1740 776 1773 resurrectionis,
792 1740 972 1775 omniumque
988 1741 1054 1768 reli-

256 1792 376 1819 quorum
396 1784 456 1819 ipse
477 1789 618 1820 spectator
637 1787 783 1821 sociusque
803 1787 934 1820 effectus,
951 1787 1053 1815 miran-

257 1831 323 1858 dum
346 1831 373 1858 in
397 1832 509 1859 modum
534 1832 592 1866 ipse
615 1833 706 1867 seipso
726 1834 755 1866 (ο
775 1833 851 1860 omni
871 1833 1053 1861 admiratione

259 1877 454 1911 prosequende
476 1878 716 1912 inaspectabilium
738 1878 909 1914 spectator!)
930 1879 1051 1912 excedis,

257 1926 387 1957 totusque
413 1923 461 1950 Dei
488 1931 603 1951 excessu
632 1924 765 1958 rapientis
788 1924 923 1957 etiiceris,
947 1925 1053 1960 Deique

257 1966 364 2001 Spiritu
393 1974 529 2000 nascens,
556 1968 667 1995 divinus
696 1968 777 2003 plane
807 1969 921 2003 spiritus
947 1970 1050 1997 evadis.

257 2012 441 2045 Quamobrem
457 2013 539 2040 etiam
556 2014 714 2041 Paracletus
730 2022 745 2042 e
759 2015 829 2042 cmlo
845 2014 960 2048 eﬂ‘usus,
973 2015 1052 2050 quasi

257 2066 321 2085 cum
338 2059 451 2094 propria
469 2060 546 2094 prole
564 2061 723 2088 consuescit
741 2069 747 2088 :
767 2061 881 2096 ipsaque
898 2061 1053 2090 substantia

258 2105 371 2139 illapsus
391 2109 421 2132 et
439 2112 572 2138 versans,
592 2106 750 2141 divinisque
772 2107 1003 2136 illustrationibus
1021 2116 1054 2136 ac

259 2151 423 2178 muneribus
436 2151 557 2185 replens.
568 2152 704 2187 sapientia
715 2153 850 2188 adimplet
859 2158 888 2181 et
900 2154 1052 2188 intellectu,

1098 231 1146 257 καλ⁸
1160 230 1293 264 ἐκλεγεὶς,
1307 229 1354 256 ἐπὶ
1363 230 1457 261 τέλους
1472 228 1623 264 ἀνελήφθη.

1132 319 1226 351 οὕτως
1236 318 1318 351 Λευῒς
1329 319 1490 354 θαυμασίως
1504 319 1549 346 τὸν
1562 318 1664 354 τρόπον
1682 317 1887 354 μεταποιηθεὶς,

1096 365 1137 395 είς
1150 364 1291 392 Ματθαῖον
1323 363 1371 390 καὶ
1390 363 1439 398 τὴν
1474 363 1661 399 προσηγορίαν
1688 362 1892 397 μετηλλάξατο·

1098 411 1147 438 καὶ
1170 410 1266 445 ὥσπερ
1292 409 1444 444 ὲτελώνησε
1475 409 1607 444 πρότερον
1638 408 1683 435 τὸν
1711 407 1833 444 χρυσὸν,
1855 407 1895 442 τῷ

1099 455 1205 491 βασιλεῖ
1216 455 1264 482 τοῦ
1275 455 1369 486 ἔθνους
1381 455 1411 482 τὸ
1424 455 1542 490 ὑπήκοον
1554 453 1797 490 φορολογούμενος,
1809 453 1894 485 οὕτως

1097 501 1265 537 ἑτελώνησεν
1279 501 1392 536 ὕστερον
1402 501 1448 527 τὸν
1465 501 1592 536 Χριστόν·
1610 500 1743 534 ἑπόμενος
1764 499 1814 534 μὲν
1825 498 1894 534 πρὸς

1098 547 1147 583 τὴν
1157 547 1346 582 πνευματικὴν
1355 547 1519 574 πανδαισίαν
1531 545 1586 572 τῶν
1602 545 1690 580 λόγων
1705 545 1833 572 καλοῦντι
1847 543 1896 571 καὶ

1100 594 1235 629 μυστικήν
1245 601 1252 608 ·
1268 593 1359 619 καλῶν
1373 593 1402 620 δὲ
1419 593 1466 620 καὶ
1494 592 1575 623 αὐτὸς
1602 592 1681 623 αὖθις
1691 591 1773 618 αὑτὸν
1793 592 1834 622 εἰς
1843 590 1894 625 τὴν

1098 639 1197 670 οἰκίαν,
1224 639 1272 666 καὶ
1299 639 1485 674 φιλοφροσύνῃ
1516 638 1701 673 δεξιούμενος,
1723 637 1894 672 ὲδέσμασίτε

1101 684 1263 719 θεραπεύων
1291 685 1388 715 διττοϊς
1405 692 1412 700 ·
1437 684 1475 716 ὠς
1500 684 1645 719 ἄνθρωπον
1672 683 1738 718 μὲν,
1758 684 1818 714 τοῖς
1846 682 1894 709 τοῦ

1101 731 1228 765 σώματος
1244 731 1422 766 ἐπιτηδείοις·
1440 730 1478 760 ὡς
1485 730 1552 757 Θεὸν
1566 730 1606 761 δὲ,
1626 729 1782 763 ίλεούμενος
1794 731 1827 765 τῇ
1845 738 1895 764 με-

1099 776 1205 812 τανοίᾳ,
1221 777 1268 803 καὶ
1285 776 1376 803 πίστιν
1390 776 1537 811 προσάγων
1553 775 1754 812 ἐνεργουμένην
1776 775 1811 802 δι’
1827 775 1896 809 ἁγά-

1101 831 1167 856 πης,
1183 822 1214 849 τὸ
1229 819 1429 854 κάλλιστον,ὧν
1447 823 1549 853 ἐκεῖνος
1573 823 1644 849 αίτεῑ
1656 822 1721 856 παρ’
1736 821 1824 856 ἡμῶν.
1850 821 1896 847 Διὸ

1101 869 1149 895 καὶ
1161 869 1318 896 τελωνείται
1342 868 1509 904 προθύμως,
1538 868 1634 895 ἑαυτὸν
1661 869 1717 900 τοῖς
1739 867 1896 896 πεινῶσινό

1102 915 1294 951 μεγαλόδωρος
1321 915 1419 947 διδούς·
1445 915 1545 942 πεινῶν
1556 916 1586 941 τὸ
1598 914 1756 946 πεινᾶσθαι,
1770 914 1817 941 καὶ
1835 913 1897 950 τρέ-

1100 970 1159 996 φων
1169 962 1233 992 τοὺς
1248 962 1342 996 ὲστιᾷν
1356 960 1528 996 νομίζοντας.

1136 1054 1217 1081 Ὃλον
1225 1051 1272 1081 οὖν
1280 1054 1376 1081 ἐαυτδν
1386 1054 1400 1080 ὸ
1408 1054 1543 1088 μακάριος
1551 1053 1603 1088 τῆς
1610 1052 1761 1088 τελωνικῆς
1770 1051 1898 1087 πράξεως

1100 1100 1288 1135 ἀνακαθάρας,
1303 1101 1371 1134 πρδς
1393 1099 1529 1135 ὑποδοχὴν
1547 1099 1658 1126 εὔθετον
1673 1099 1893 1126 κατεσκευάσατο

1099 1147 1147 1174 τοῦ
1161 1146 1279 1182 Χριστοῦ
1296 1155 1302 1161 ·
1319 1146 1526 1181 ἀποϐαλόμενος
1542 1146 1592 1180 μὲν
1605 1145 1636 1172 τὺ
1651 1145 1760 1181 πνεῦμα
1778 1145 1826 1172 τοῦ
1851 1145 1897 1171 κό-

1101 1201 1182 1227 σμου,
1194 1192 1416 1227 προσλαϐόμενος
1428 1191 1456 1218 δὲ
1469 1192 1500 1218 τὸ
1512 1191 1560 1218 τοῦ
1575 1191 1654 1218 Θεοῦ.
1663 1190 1804 1217 Ἐντεῦθεν
1815 1199 1894 1216 σταυ-

1101 1239 1196 1275 ροῦται
1206 1239 1254 1273 μὲν
1263 1239 1358 1273 κότξμῳ
1368 1238 1460 1270 παντὶ,
1470 1238 1518 1264 καὶ
1539 1237 1643 1268 πάσαις
1660 1238 1720 1268 ταῖς
1744 1237 1893 1272 κοσμικαῖς

1099 1284 1272 1319 ἐπιθυμίαις,
1289 1285 1335 1311 καὶ
1344 1283 1524 1310 άνακενοῦται
1533 1284 1580 1309 καὶ
1593 1283 1766 1319 καθαίρεταιυ
1777 1285 1825 1311 καὶ
1842 1284 1898 1310 τῶν

1099 1328 1149 1363 τῆς
1160 1328 1340 1363 ματαιότητος
1351 1328 1526 1354 παντάπασιν
1535 1328 1739 1361 ἀποδιυλίζεται
1747 1328 1897 1364 λογισμῶν

1103 1374 1176 1409 μόνῳ
1199 1374 1228 1400 δὲ
1243 1374 1282 1408 τῷ
1302 1373 1391 1408 Ἰησοῦ
1417 1374 1483 1406 ζῶν,
1501 1374 1549 1400 καὶ
1562 1374 1650 1410 τούτῳ
1667 1374 1727 1402 κατ’
1744 1375 1817 1410 ίχνος
1831 1375 1898 1402 ἀκο-

1100 1418 1214 1449 λουθῶν,
1229 1418 1293 1453 ὃλην
1310 1418 1360 1453 μὲν
1373 1418 1423 1453 τὴν
1438 1418 1470 1444 ὲκ
1498 1417 1606 1452 φύσεως
1633 1419 1775 1454 ἀγχίνοιαν
1789 1420 1835 1446 καὶ
1848 1420 1898 1454 τῆς

1100 1464 1219 1495 διανοίας
1236 1464 1285 1498 τὴν
1308 1464 1464 1498 ἐντρέχειαν
1479 1464 1527 1491 καὶ
1550 1464 1598 1500 τὴν
1615 1464 1754 1497 ὀξυωπίαν
1773 1464 1821 1492 τοῦ
1839 1464 1897 1498 νοῦ,

1101 1511 1170 1546 πρὸς
1197 1511 1294 1545 ὅρασιν
1317 1510 1366 1546 τῆς
1393 1511 1453 1537 κατ’
1470 1511 1553 1538 αὐτὸν
1579 1510 1709 1546 ἀληθείας
1730 1512 1896 1547 ἁπηαχόλει·

1103 1557 1204 1588 πάσαις
1217 1556 1247 1582 δὲ
1271 1558 1332 1588 ταῖς
1357 1557 1443 1592 ἱεραῖς
1460 1558 1543 1584 αὐτοῦ
1557 1558 1710 1592 θεολογίαις
1734 1558 1782 1585 καὶ
1799 1567 1896 1593 μυστι-

1103 1603 1165 1633 καίς
1190 1601 1301 1628 συνετὸν
1315 1603 1499 1638 παραϐάλλων
1511 1603 1558 1629 καὶ
1577 1603 1691 1639 εὐήκοον
1707 1601 1755 1635 οὖς
1764 1612 1771 1618 ·
1785 1603 1898 1635 καὶτοῖς

1103 1645 1266 1681 θαυμασίοις
1288 1647 1316 1673 δὲ
1339 1647 1395 1674 τῶν
1424 1647 1512 1682 ἔργων
1537 1648 1656 1683 Χριστοῦ
1683 1649 1767 1675 πᾶσιν
1796 1648 1899 1675 ἁπλοῦν

1102 1691 1241 1727 ὀφθαλμὸν
1254 1692 1408 1720 ἐπιϐάλλων
1422 1694 1471 1720 καὶ
1485 1694 1656 1730 φωτολαμπῆ
1668 1702 1675 1709 '
1693 1695 1741 1721 καὶ
1755 1695 1823 1729 πρὸς
1834 1695 1897 1722 τού·

1102 1747 1160 1770 τοις
1175 1739 1230 1765 τῶν
1245 1739 1387 1774 σωτηρίων
1409 1739 1516 1772 παθῶν,
1542 1740 1590 1767 τοῦ
1609 1740 1738 1776 σταυροῦ,
1753 1741 1801 1768 τοῦ
1815 1741 1899 1768 θανά-

1103 1791 1162 1816 του,
1174 1783 1225 1817 τῆς
1241 1783 1340 1818 ταφῆς,
1353 1784 1403 1818 τῆς
1418 1785 1594 1816 ἀναστάσεως
1603 1805 1611 1817 ,
1627 1785 1675 1812 καὶ
1689 1785 1745 1812 τῶν
1756 1786 1898 1821 ἑπομένων

1104 1828 1198 1860 αὐτοῖς
1217 1828 1327 1855 πάντων
1343 1829 1482 1864 αὐτόπτης
1498 1830 1547 1857 καὶ
1562 1830 1689 1862 κοινωνὸς
1702 1832 1896 1867 γεγενημένος,

1103 1873 1243 1905 ὲξίστασαι
1258 1873 1309 1908 μὲν
1331 1874 1430 1902 ἑαυτοῦ
1448 1875 1620 1910 θαυμασίως,
1638 1875 1672 1912 (ὣ
1688 1877 1898 1912 θαυμασιώτατε

1103 1919 1158 1945 τῶν
1178 1918 1344 1955 ἀθεωρήτων
1363 1920 1519 1956 θεωρητάῐ)
1544 1922 1605 1954 ὅλος
1631 1922 1660 1949 δὲ
1675 1923 1721 1950 τοῦ
1738 1923 1898 1956 tamam;

1104 1963 1167 2000 γίνῃ
1180 1964 1248 1991 Θεοῦ
1258 1973 1265 1980 ·
1280 1965 1327 1992 καὶ
1353 1966 1421 1992 Θεοῦ
1436 1966 1576 2002 Πνεύματι
1592 1968 1772 2003 γεννώμενος,
1788 1969 1897 2004 πνεῦμα

1104 2009 1176 2037 θεῖον
1197 2011 1319 2046 ἀτεχνῶς
1336 2011 1415 2047 γίνῃ·
1432 2009 1472 2044 οἷς
1491 2012 1524 2045 δὴ
1541 2014 1588 2039 καὶ
1609 2014 1623 2040 ό
1637 2014 1815 2050 Παρὰκλητος
1827 2015 1898 2043 ἂνω-

1104 2057 1150 2084 θεν
1165 2057 1299 2092 ἑκχεθεὶς,
1316 2058 1354 2089 ὼς
1371 2058 1465 2094 οἰκείῳ
1485 2060 1637 2094 γεννήματι
1651 2061 1824 2096 προσομιλεῖ·
1851 2062 1898 2088 καὶ

1104 2101 1165 2129 κατ’
1184 2103 1279 2129 οὐσίαν
1302 2103 1511 2139 ὲμφιλοχωρῶν,
1538 2105 1586 2131 καὶ
1608 2106 1664 2133 τῶν
1687 2106 1842 2142 θεαρχικῶν
1854 2108 1898 2135 ἑλ-

1104 2148 1234 2184 λάμψεων
1249 2149 1297 2176 καὶ
1312 2149 1423 2183 δωρεῶν
1438 2151 1595 2186 ἐμπιπλῶν,
1622 2153 1722 2188 πληροῖ
1736 2154 1786 2189 μὲν
1801 2154 1898 2188 σοφίας

259 2197 410 2232 impletque
435 2197 601 2225 fortitudine
626 2203 655 2225 et
679 2199 814 2232 scientia;
842 2200 902 2234 pari
931 2201 1050 2236 denique

1106 2195 1152 2221 καὶ
1168 2194 1320 2229 συνέσεως,
1347 2194 1447 2231 πληροῖ
1473 2196 1503 2223 δὲ
1530 2197 1622 2232 ίσχύος
1647 2198 1694 2225 καὶ
1708 2199 1851 2233 γνώσεως·
1868 2201 1899 2227 ἑν

259 2243 413 2278 coryphaeis
427 2243 682 2280 antiquissimisque
692 2253 818 2278 munere,
833 2247 974 2282 signorum
989 2255 1054 2283 pro-

260 2289 454 2324 digiorumque
466 2289 618 2319 virtutibus
630 2291 783 2320 liberaliter
796 2292 920 2320 donavit.

295 2334 366 2368 Quid
396 2335 496 2370 igitur?
523 2336 594 2363 Num
623 2336 758 2372 Spiritum
787 2338 899 2373 quidem
927 2339 954 2366 in
983 2339 1054 2374 ignis

260 2380 353 2415 specie
371 2389 387 2408 e
406 2381 477 2409 caelo
495 2381 710 2410 descendentem
733 2384 789 2418 pari
809 2385 922 2419 reliquis
937 2393 1054 2413 munere

260 2427 396 2462 suscepit,
411 2435 468 2454 non
488 2428 547 2463 pari
562 2435 628 2456 vero
643 2433 742 2456 conatu
757 2430 871 2465 gratiam
888 2437 949 2465 quae
963 2431 991 2458 in
1006 2431 1054 2459 illo

260 2476 318 2504 est,
342 2472 471 2507 gentibus
495 2474 692 2501 annuntiavit?
715 2478 763 2501 aut
787 2482 802 2502 a
824 2475 898 2502 Petri
922 2484 954 2503 ac
975 2476 1052 2504 Pauli

260 2518 354 2545 divina
371 2527 420 2553 pro
435 2520 550 2554 apostoli
567 2520 691 2555 partibus
706 2520 856 2555 sapientia,
873 2521 901 2548 id
920 2526 980 2554 est,
993 2530 1053 2550 ma-

260 2563 461 2597 gniloquentia,
474 2563 592 2591 defecit?
606 2564 796 2600 Nequaquam.
807 2565 864 2593 Illis
875 2574 994 2601 namque
1005 2575 1054 2602 per

260 2615 358 2635 omnes
370 2609 496 2636 nationes
510 2616 542 2636 ac
557 2613 638 2636 terra:
651 2617 714 2637 oras
727 2609 959 2643 discurrentibus,
972 2616 1054 2645 prout

260 2654 362 2688 cuique
383 2654 534 2689 obtigerat,
547 2659 595 2682 aut
608 2655 768 2684 Paracletus
788 2656 979 2689 discernebat,
993 2665 1054 2685 ver-

261 2700 383 2734 bumque
397 2700 461 2728 vita:
475 2701 532 2728 oris
549 2701 609 2735 ipso
624 2700 732 2733 oﬂicio.
748 2702 791 2729 his
810 2702 838 2729 in
857 2710 928 2737 quos
946 2703 1053 2731 incide-

262 2746 328 2773 bant
351 2747 564 2780 enarrantibus;
589 2747 651 2779 hic,
668 2747 787 2775 ferventi
806 2748 854 2775 Dei
879 2749 1054 2777 aemulatione

260 2798 427 2824 succensus,
449 2792 549 2820 animis
573 2793 723 2828 gliscebat.
739 2793 1054 2831 discruciabatur.agre

262 2838 433 2874 molesteque
447 2839 578 2872 habebat,
592 2839 684 2868 cordis
699 2840 898 2876 parturiginem
911 2841 984 2870 ferre
997 2850 1052 2869 non

1104 2240 1226 2276 σημείων
1240 2240 1270 2267 δὲ
1284 2241 1331 2267 καὶ
1356 2241 1480 2277 τεράτων
1493 2242 1652 2278 δυνάμεσιν,
1679 2245 1725 2272 ἴσα
1747 2246 1804 2278 τοῖς
1819 2254 1898 2282 κορυ-

1103 2287 1195 2322 φαίοις
1211 2287 1259 2314 καὶ
1278 2287 1477 2322 πρεσϐυτάτοις
1492 2289 1715 2325 ἐφιλοτιμήσατο.

1139 2334 1172 2360 Τί
1185 2333 1250 2367 οὖν;
1268 2335 1340 2369 ’Ἄρα
1364 2334 1395 2360 τὸ
1415 2334 1529 2370 Πνεῦμα
1546 2336 1596 2372 μὲν
1619 2337 1648 2362 ὲν
1662 2337 1728 2364 εῖδει
1749 2337 1836 2372 πυρὸς
1853 2337 1899 2364 οὐ-

1105 2379 1217 2415 ρανόθεν
1240 2380 1402 2415 καθιέμενον
1427 2381 1529 2416 ὁμοίως
1556 2383 1613 2414 τοῖς
1630 2382 1722 2415 ἄλλοις
1740 2383 1897 2417 ὑπεδέξατο,

1104 2426 1153 2460 οὺχ
1178 2425 1279 2460 ὁμοίως
1310 2426 1339 2452 δὲ
1363 2425 1412 2462 τὴν
1435 2427 1482 2453 ἀπ’
1507 2427 1591 2454 αὐτοῦ
1605 2428 1687 2464 χάριν
1713 2430 1770 2460 τοῖς
1793 2429 1898 2456 ἔθνεσιν

1101 2471 1272 2506 ἀπήγγειλεν
1284 2480 1292 2506 ;
1317 2472 1334 2507 ἢ
1348 2472 1453 2508 Πέτρου
1468 2473 1516 2500 καὶ
1529 2474 1636 2501 Παύλου
1651 2476 1701 2509 τῆς
1715 2476 1898 2511 ἁποστολικῆς

1104 2517 1258 2552 θεοσοφίας,
1291 2517 1350 2552 ἦτοι
1378 2519 1597 2554 μεγαλοφωνίας,
1616 2520 1785 2557 ἀπελείφθη;
1809 2522 1896 2548 Οὐδα-

1106 2563 1174 2598 μῶς.
1192 2563 1249 2589 Καὶ.
1263 2563 1328 2598 γὰρ,
1347 2564 1401 2590 τῶν
1429 2565 1481 2599 μὲν
1504 2565 1576 2592 κατὰ
1599 2566 1654 2593 πᾶν
1680 2565 1756 2598 ἔθνος
1772 2567 1820 2594 καὶ
1841 2568 1897 2594 πᾶν

1105 2612 1190 2648 κλίμα
1215 2612 1266 2648 τῆς
1279 2613 1333 2648 γῆς
1346 2613 1555 2649 διατρεχόντων,
1571 2614 1609 2647 ὡς
1627 2615 1723 2651 ἔλαχεν
1737 2616 1864 2650 ἕκαστος,
1878 2617 1895 2653 ἢ

1104 2659 1142 2691 ὡς
1155 2658 1293 2695 ἀφώριζεν
1316 2661 1331 2686 ὁ
1344 2659 1531 2695 Παράκλητος,
1546 2661 1594 2687 καὶ
1607 2661 1653 2687 τὸν
1669 2662 1719 2696 τῆς
1730 2662 1804 2698 ζωῆς
1818 2662 1897 2696 λόγον

1105 2706 1161 2737 τοῖς
1179 2706 1419 2741 παρατυγχάνουσι
1433 2706 1479 2733 διὰ
1494 2707 1627 2742 στόματος
1638 2707 1841 2744 ἐξηγουμένων,
1852 2707 1897 2736 οὗ·

1105 2760 1160 2784 τος,
1178 2752 1261 2787 ζήλου
1275 2752 1344 2779 Θεοῦ
1374 2753 1598 2788 πυρπολούμενος
1622 2754 1780 2791 θερμότητι,
1808 2753 1895 2789 ἑσφά-

1105 2796 1168 2828 δαζε
1185 2796 1234 2832 μὲν
1250 2797 1297 2823 καὶ
1320 2797 1503 2832 κατετρύχετο
1519 2798 1566 2824 καὶ
1582 2798 1712 2833 ἧσχαλλε,
1736 2800 1786 2835 τὴν
1810 2799 1894 2826 ὠδῖνα

1105 2843 1155 2878 τῆς
1169 2842 1281 2878 καρδίας
1299 2843 1410 2878 ὑπέχειν
1425 2844 1474 2879 οὐχ
1485 2840 1541 2876 οἷός
1556 2852 1586 2871 τε
1603 2844 1641 2872 ὢν
1653 2853 1659 2860 ·
1676 2845 1722 2873 καὶ
1742 2846 1832 2873 πᾶσαν
1845 2843 1895 2881 τὴν
