2078 3154
144 162 196 197 229

503 158 646 189 ORATIO
665 158 719 188 XI.
735 170 768 175 -
784 157 825 187 IN
845 158 1002 189 LAUDEM
1023 158 1052 188 S.
1076 159 1258 190 MATTHJEI
1277 161 1408 191 APOST.

1727 164 1782 199 230

141 215 313 252 οἰκουμένην,
328 214 392 242 ὅσον
404 214 445 246 εἰς
462 216 514 250 τὴν
527 214 611 242 αὑτοῦ
631 214 762 250 πρόθεσιν
786 212 865 251 ἧκον,
886 214 934 242 τοῦ

986 215 1096 248 valens;
1111 222 1144 243 ac
1158 216 1255 243 orbem
1271 216 1443 250 universum,
1457 217 1493 245 ad
1506 218 1567 253 ejus
1582 218 1667 246 animi
1681 227 1781 256 propo-

141 263 190 297 τῆς
202 262 314 297 χάριτος
324 261 406 296 λόγου
421 260 566 296 πληρῶσαι
580 260 818 296 προθυμούμενος.

137 342 143 386 ξ
182 349 415 384 ’Δνακοπτόμενος
429 348 459 375 δὲ
480 349 533 383 τῆς
559 349 636 384 ἰερᾶς
659 348 810 384 ἐπιθυμίας
832 349 935 385 φυσικῇ

135 395 187 435 ςιοῦ
202 395 281 429 ἁγίου
306 395 433 430 σώματος
457 394 605 430 ἀδυναμίᾳ,
634 395 685 421 οὐκ
703 395 886 422 ἁναπέπτωκε
901 395 935 430 τῇ

135 441 262 482 ξρᾳθυμίᾳ
275 448 283 456 ’
296 443 330 467 οὐ
347 440 473 477 ῥᾳστώνῃ
486 440 583 467 ἑαυτὸν
610 440 724 467 ἀπέδοτο
745 442 793 467 καὶ
817 441 909 476 τρυφῇ
925 448 933 456 ”

141 487 200 514 οὐδὲ
224 488 396 522 σωματικαῖς
421 487 560 521 ἀνεκλήθη
579 486 696 518 διαίταις
717 486 765 513 καὶ
791 486 934 513 ἀνέσεσιν·

138 533 208 560 ἀλλά
236 532 367 567 δευτέραν
384 529 474 566 -ἦλθεν
494 531 565 564 ὁδὸν,
591 531 723 566 ἐπίτομον
740 532 788 558 καί
800 530 933 566 ἀμοχθον,

139 579 188 605 καὶ
216 578 318 609 πάσαις
341 577 496 612 ἀνθρώπων
528 576 688 612 σωτηριώδη
718 578 838 611 γενεαῖς.
865 577 928 603 Συν-

139 623 254 658 αγαγὼν
272 623 367 650 ἐαυτδν
382 623 420 654 ὡς
428 621 484 649 οἷόν
493 631 522 648 τε
536 620 582 658 ἦν,
595 623 646 650 καὶ
653 623 703 658 τὴν
717 623 877 658 θεανδρικὴν
886 621 933 648 τοῦ

138 671 228 704 Λόγου
245 670 314 705 πρὸς
327 668 490 704 ἀνθρώπους
513 670 677 703 ἐπιφάνειαν
702 669 751 696 καί
778 670 869 695 πᾶσαν
883 669 933 704 τὴν

141 716 272 752 θεουργὺν
285 715 443 750 οἰκονομίαν
453 715 498 742 διά
509 716 621 751 μνήμης
636 715 740 750 σαφοῦς
750 715 934 742 ἀνατυπωσά-

139 769 221 796 μενος
236 762 269 796 τῇ
283 760 402 796 διανοίᾳ,
418 761 466 787 καί
477 758 534 786 οἷον
550 760 597 786 ὑπ’
613 759 675 794 ὄψιν
687 759 788 792 λαϐὼν,
800 760 933 796 λογογρα-

138 808 186 842 φεῖ
195 808 244 841 τὴν
271 805 430 832 εὐσέϐειαν’
456 806 504 832 καί
533 805 605 841 άπερ
622 805 755 840 ἀγράφως
774 807 831 837 τοίς
843 805 932 832 ἔθνεσι

138 853 182 880 διὰ
196 852 322 887 γλώσσης
334 852 358 878 οἱ
373 851 447 878 ἄλλοι
464 851 656 885 παρεδίδοσαν,
677 851 766 878 ταῦτα
790 851 931 883 Ματθαῖος

986 260 1071 288 situm
1092 261 1165 296 quod
1186 261 1331 295 attinebat,
1347 262 1433 290 verbo
1452 263 1547 298 gratia:
1571 263 1686 299 implere
1706 270 1781 294 sata-

987 315 1064 342 gens.

1022 353 1155 381 Obstante
1173 361 1240 381 vero
1260 360 1338 382 sacro
1357 354 1510 388 desiderio,
1525 356 1600 390 quod
1616 358 1782 393 corpusculo

987 399 1167 429 imbecilliore
1194 406 1294 428 natura
1322 401 1454 436 prmditus
1481 407 1560 436 erat,
1584 412 1640 431 non
1671 404 1782 440 ignavia

986 446 1118 480 concidit,
1128 455 1183 474 non
1197 454 1227 475 se
1243 448 1369 475 mollitiei
1384 456 1415 475 ac
1428 449 1534 476 deliciis
1547 450 1669 477 deditum
1682 452 1781 486 voluit,

985 499 1041 518 non
1056 492 1194 527 corporali
1209 492 1346 527 exquisito
1358 493 1433 520 victu
1446 501 1479 521 ac
1490 494 1655 522 delicatiore
1666 497 1780 531 resiliit;

986 537 1035 565 sed
1048 538 1163 566 alteram
1178 538 1239 566 iniit
1248 539 1333 571 viam,
1343 546 1459 574 eamque
1472 540 1718 575 compendiariam,
1729 551 1782 570 nec

985 581 1137 618 quidquam
1151 590 1301 616 morosam,
1315 584 1478 619 cunctisque
1493 585 1637 614 hominum
1648 588 1778 616 mtatibus

985 628 1144 656 salutarem.
1167 629 1298 662 Quinimo
1319 630 1378 664 ipse
1398 631 1537 665 seipsum,
1554 632 1645 666 quoad
1665 633 1779 666 licebat,

984 675 1130 710 colligens,
1147 675 1251 711 Deique
1267 677 1375 704 virilem
1389 677 1473 704 Verbi
1497 677 1531 705 ad
1553 678 1680 706 homines
1697 688 1781 715 appa-

985 721 1125 754 ritionem,
1139 729 1306 757 omnemque
1320 722 1442 749 divinam
1456 724 1691 758 dispensationem
1705 725 1779 753 clara

988 771 1082 794 mente
1108 768 1241 794 memoria
1268 767 1436 801 informans,
1462 777 1495 796 ac
1520 769 1595 797 velut
1622 770 1658 797 ob
1685 771 1781 798 oculos

983 819 1104 847 ponens,
1123 813 1227 847 scripto
1248 813 1392 849 consignat
1407 814 1537 848 pietatem
1557 824 1563 842 :
1578 823 1694 850 quaeque
1710 816 1780 843 adeo

986 858 1086 892 reliqui
1108 858 1237 892 gentibus
1257 859 1357 894 lingua
1376 866 1490 886 munere
1504 867 1560 886 non
1578 861 1680 895 scripta
1697 861 1781 888 tradi-

138 899 253 934 διμέγας
271 898 315 925 διὰ
326 898 521 933 συγγραφικῆς
534 897 653 933 θεωρίας
677 897 929 932 συγκεφαλαιούμει

986 903 1093 937 derant,
1107 904 1167 931 haec
1187 911 1304 939 magnus
1320 905 1466 933 Matthaeus
1487 905 1590 940 scripta
1611 890 1781 934 commenta-

138 953 194 977 νος,
205 944 266 971 ὅλον
275 944 323 970 τοῦ
337 943 426 978 Λόγου
445 943 476 970 τὸ
499 944 651 978 μυστήριον
673 943 759 979 ἱεραῖς
783 943 932 978 ἀνατέταχε

138 990 308 1026 θεηγορίαις.

175 1042 298 1069 Ἀνωθεν
316 1042 371 1077 γὰρ
388 1042 438 1077 τῆς
455 1042 634 1076 γενεαλογίας
663 1041 718 1069 ἀπὸ
743 1041 869 1077 Ἀϐραὰμ
883 1042 933 1078 τὴν

139 1089 228 1125 ἀρχὴν
257 1088 478 1123 καταϐαλόμενος
496 1107 504 1120 ,
551 1088 598 1114 καί
634 1087 753 1123 καθεξῆς
769 1108 776 1121 ,
807 1088 910 1123 προῖὼν
924 1109 932 1122 ,

139 1136 188 1169 τὴν
201 1135 273 1162 κατά
285 1135 376 1170 σάρκα
399 1135 529 1170 γέννησιν
550 1134 763 1169 εὐαγγελίζεται
789 1135 835 1162 τοῦ
863 1135 933 1170 Χρι-

140 1181 203 1208 στοῦ
221 1189 230 1197 ·
254 1178 326 1214 εἶτα,
349 1181 400 1216 τὴν
436 1180 593 1213 ἀνάδειξιν,
618 1180 668 1216 τὴν
691 1181 820 1215 βάπτισιν
849 1181 932 1207 αὐτοῦ

139 1227 186 1253 καὶ
202 1226 248 1253 τὸν
260 1226 417 1261 πειρασμόν
429 1233 435 1240 ·
463 1225 534 1257 εἶτα,
550 1225 604 1252 τῶν
631 1225 789 1252 ἀποστόλων
817 1225 867 1261 τὴν
886 1226 933 1252 ἐκ·

139 1271 234 1306 λογὴν,
262 1272 313 1302 τὰς
331 1271 407 1306 ἱερὰς
445 1271 654 1306 μυσταγωγίας,
687 1271 753 1302 ὅσας
769 1279 799 1296 τε
813 1271 858 1297 διὰ
878 1280 932 1297 πα-

139 1317 262 1353 ραϐολῶν
279 1337 288 1348 ,
314 1318 362 1344 καὶ
385 1318 451 1349 ὅσας
478 1319 493 1344 ό
518 1317 620 1352 Κύριος
645 1318 674 1343 ὲν
704 1318 848 1353 παρρησία
875 1318 932 1348 τοῖς

139 1364 228 1399 ὖχλοις
246 1363 346 1399 ὡμίλει
364 1364 413 1390 καὶ
431 1364 488 1394 τοῖς
505 1363 654 1398 μαθηταῖς·
675 1361 736 1389 εἶτα
747 1383 755 1395 ,
783 1363 832 1395 τὰς
849 1363 934 1398 ὑπερ-

140 1411 218 1445 φυεῖς
227 1410 279 1437 θαυ
285 1410 463 1446 ματουργίας,
476 1409 526 1441 τὰς
534 1409 589 1436 τῶν
600 1409 753 1436 νοσούντων
767 1400 929 1444 θεραπείας,

139 1456 194 1482 τῶν
207 1456 346 1491 δαιμόνων
360 1456 410 1488 τὰς
424 1456 586 1491 καθάρσεις,
607 1455 662 1482 τῶν
677 1455 857 1490 πολυτρόπως
878 1464 932 1481 πα-

141 1502 260 1537 σχόντων
274 1501 324 1533 τὰς
341 1502 429 1533 ἰάσεις
440 1522 448 1534 ,
465 1496 514 1537 τὴν
527 1502 582 1528 τῶν
603 1502 693 1537 ἄρτων
715 1501 872 1535 εὑλόγησιν,
887 1501 934 1527 τὸν

988 949 1063 977 tione
1079 957 1187 977 summa
1200 950 1347 986 colligens,
1363 956 1450 978 totum
1462 951 1546 978 Verbi
1561 952 1723 988 mysterium
1738 960 1782 980 sa-

984 996 1040 1023 cris
1054 995 1300 1031 praedicationibus
1314 997 1444 1024 intexuit.

1021 1049 1136 1076 Sursum
1152 1043 1226 1077 enim
1242 1049 1276 1076 ab
1287 1049 1446 1077 Abrahamo
1459 1050 1668 1085 generationum
1681 1049 1781 1078 seriem

984 1102 1081 1128 orsus,
1097 1103 1129 1122 ac
1144 1095 1276 1130 deinceps
1289 1095 1457 1130 procedens,
1471 1103 1532 1130 quae
1548 1096 1703 1122 secundum
1719 1103 1781 1124 car-

984 1148 1047 1167 nem
1073 1147 1132 1173 est,
1154 1140 1259 1168 Christi
1283 1141 1491 1175 generationem
1518 1141 1665 1168 annuntiat
1689 1149 1696 1167 :
1722 1145 1780 1168 tum

984 1186 1044 1220 ejus
1067 1185 1271 1217 ostensionem,
1292 1185 1516 1219 baptismumque
1535 1188 1564 1212 et
1585 1185 1780 1217 tentationem;

984 1231 1086 1259 deinde
1101 1231 1289 1266 apostolorum
1307 1231 1489 1263 electionem,
1505 1238 1653 1265 sacrasque
1670 1230 1783 1258 institu-

985 1277 1089 1308 tiones,
1105 1284 1278 1311 qumcunque
1299 1276 1433 1303 Dominus
1452 1275 1479 1302 in
1499 1275 1652 1310 parabolis,
1665 1279 1694 1302 ct
1708 1283 1782 1310 qua:-

984 1329 1094 1356 cunque
1115 1321 1203 1356 palam
1223 1321 1314 1347 turbis
1333 1328 1366 1347 ac
1382 1319 1528 1354 discipulis
1549 1319 1725 1354 loquebatur.
1740 1319 1781 1346 Ad

985 1368 1042 1395 lucc
1059 1367 1159 1394 eximia
1174 1365 1324 1399 miracula,
1339 1370 1451 1393 curatos
1465 1370 1597 1401 aegrotos,
1613 1372 1629 1392 a
1645 1364 1780 1392 daemoni-

984 1413 1037 1441 bus
1056 1413 1213 1446 mundatos,
1229 1411 1314 1440 variis
1337 1412 1521 1447 languoribus
1541 1415 1662 1443 sanatos,
1679 1418 1782 1446 panum

985 1459 1219 1491 benedictionem,
1233 1458 1451 1486 ambulationem
1473 1465 1556 1492 supra
1577 1465 1664 1489 mare,
1681 1457 1782 1484 immu-

986 1506 1120 1532 tationem‘
1143 1505 1171 1532 in
1196 1509 1307 1537 monte;
1333 1511 1443 1531 omnem
1470 1503 1590 1538 denique
1615 1502 1783 1537 simpliciter

141 1549 171 1574 ὲν
189 1547 312 1583 θαλάσσῃ
323 1548 487 1582 περίπατον,
505 1548 555 1583 τὴν
565 1548 611 1573 ἐπὶ
623 1547 671 1573 τοῦ
687 1547 765 1582 ὅρους
778 1545 932 1574 ἀλλοίωσιν.

987 1551 1174 1586 prodigiorum
1188 1548 1352 1584 stupendum
1364 1549 1432 1581 vim,
1441 1554 1608 1583 omnemque
1621 1547 1687 1575 Jesu
1700 1547 1784 1574 actio-

141 1595 196 1621 Καὶ
216 1595 308 1620 πᾶσαν
325 1593 420 1625 ἁπλῶς
435 1593 638 1629 τερατουργίαν
658 1593 796 1629 ὑπερφυᾶ,
819 1593 866 1619 καὶ
886 1593 935 1619 πᾶρ

142 1647 192 1665 σαν
206 1639 307 1674 πρᾶξιν
320 1639 367 1665 τοῦ
389 1639 486 1674 Ἰησοῦ,
507 1640 556 1665 καὶ
574 1640 664 1665 πᾶσαν
691 1639 835 1673 ἐνέργειαν
860 1637 934 1669 ἀξιο-

141 1685 313 1720 λογωτάτην,
328 1684 396 1711 Θεοῦ
422 1686 537 1719 φωναῖς,
552 1686 566 1711 ό
583 1685 630 1711 τοῦ
647 1684 807 1719 Πνεύματος
823 1683 934 1718 ἀριστος

145 1732 340 1766 μυστογράφος
356 1731 514 1765 ὑφηγεῖται.
531 1730 586 1757 Ναὶ
608 1729 641 1766 δὴ
665 1729 762 1756 καὶτὰ
776 1729 825 1763 τῆς
842 1727 935 1755 δευτέ-

144 1785 194 1812 ρας
214 1776 299 1803 αὐτοῦ
316 1776 479 1811 παρουσίας,
495 1775 630 1811 ὲξέφρασε
646 1775 799 1810 μυστήρια·
814 1773 882 1808 πρὸς
895 1773 934 1805 δὲ,

142 1823 192 1850 καὶ
207 1822 258 1857 τὴν
275 1822 323 1848 ἐπὶ
346 1820 393 1848 τοῦ
416 1820 510 1847 πώλου
526 1820 683 1856 καθίζησιν,
699 1820 745 1846 καὶ
761 1819 815 1846 τῶν
832 1818 935 1844 παίδων

141 1870 192 1903 τὴν
202 1868 332 1903 ὕμνησιν,
350 1868 398 1894 καὶ
413 1867 467 1894 τῶν
487 1866 624 1894 Ἰουδαίων
643 1866 694 1901 τὴν
712 1865 872 1901 βασκανίαν·
890 1864 936 1891 καὶ

141 1913 188 1939 τὸν
203 1913 312 1939 δεῖπνον
327 1912 372 1938 τδν
387 1911 530 1947 μυστικὸν,
547 1911 595 1937 καὶ
608 1911 657 1946 τὴν
674 1910 761 1936 Ἰούδα
774 1909 933 1945 προδοσίαν,

141 1959 191 1985 καὶ
199 1958 249 1994 τὴν
261 1957 486 1993 ὑποκεκριμένην
499 1957 547 1984 τοῦ
562 1957 678 1983 Πιλάτου
687 1956 777 1990 κρίσιν
788 1956 835 1982 καὶ
851 1956 935 1982 κριτάς

143 2012 248 2040 κρισιν⁸
262 2004 309 2030 τὸν
333 2004 468 2038 κάλαμον,
479 2003 525 2030 τὸν
540 2003 684 2037 στέφανον,
701 2002 747 2028 τὸν
765 2001 934 2037 ὲμπαιγμδν,

141 2051 189 2077 τὸν
205 2050 334 2086 σταυρὸν,
351 2051 402 2085 τὴν
426 2050 529 2085 ταφὴν,
546 2049 597 2084 τὴν
612 2049 764 2084 τριήμερον
786 2048 936 2074 ἀνάστασιν

143 2097 192 2123 καὶ
204 2097 363 2132 ὲμφάνισιν.
379 2096 434 2123 Καὶ
448 2096 539 2123 πᾶσαν
556 2095 675 2126 συνόλως
693 2095 777 2129 φάναι
790 2093 837 2120 ¹εοῦ
848 2094 935 2127 Λόγου

142 2143 193 2178 τὴν
214 2141 386 2177 οἰκονομίαν,
401 2141 416 2168 ὁ
431 2142 478 2168 τοῦ
499 2142 587 2176 Λόγου
611 2141 778 2175 λογιώτατος
793 2142 822 2166 ἐν
843 2140 936 2175 γραφῇ

143 2188 348 2223 διηγησάμενος
363 2188 552 2223 ὑπογραφεὺς,
579 2187 669 2214 κοινὸν
697 2186 836 2222 προῦθηκε
853 2186 936 2212 πᾶσιν

986 1605 1065 1627 nem,
1082 1604 1115 1623 ac
1136 1603 1246 1623 omnem
1267 1595 1399 1630 praecipui
1422 1593 1554 1621 momenti
1577 1593 1782 1628 operationem.

987 1644 1036 1671 Dei
1050 1643 1177 1675 vocibus,
1194 1641 1316 1677 optimus
1336 1641 1530 1677 mysteriorum
1553 1639 1674 1675 Spiritus
1692 1638 1784 1666 scriba

986 1692 1014 1715 et
1033 1688 1170 1723 interpres
1184 1687 1307 1722 exponit.
1323 1685 1394 1720 Quin
1410 1690 1438 1713 et
1450 1693 1494 1719 ea,
1506 1692 1568 1720 quae
1581 1684 1616 1712 ad
1629 1683 1783 1712 secundum

986 1734 1135 1761 adventum
1151 1736 1275 1768 spectant
1288 1731 1429 1768 mysteria,
1443 1734 1591 1759 exsecutus
1600 1734 1651 1758 est.
1667 1730 1708 1757 Ad
1723 1731 1782 1758 haec

986 1781 1069 1808 etiam
1089 1779 1241 1807 sessionem
1263 1787 1347 1814 super
1366 1778 1488 1814 pullum,
1504 1781 1532 1805 et
1551 1784 1701 1813 puerorum
1724 1776 1784 1808 lau-

986 1827 1060 1858 dem,
1074 1825 1289 1860 Judaeorumque
1309 1824 1440 1852 invidiam
1461 1832 1468 1851 :
1489 1824 1555 1850 item
1567 1829 1675 1850 coenam
1689 1821 1784 1858 mysti-

986 1878 1045 1898 cam
1058 1875 1087 1898 et
1098 1867 1383 1905 Judae'proditionem,
1394 1877 1427 1896 ac
1439 1868 1521 1896 Pilati
1533 1868 1694 1896 simulatum
1704 1867 1780 1903 judi-

986 1916 1060 1944 cium
1080 1920 1109 1943 et
1128 1915 1388 1943 condemnationem
1412 1923 1419 1942 :
1444 1913 1620 1946 arundinem,
1641 1921 1783 1946 coronam,

987 1961 1154 1994 illusionem,
1169 1969 1292 1993 crucem,
1308 1961 1492 1996 sepulturam,
1509 1960 1666 1988 triduanam
1690 1967 1784 1987 resur-

986 2008 1138 2036 rectionem
1163 2012 1191 2035 et
1213 2007 1426 2042 apparitionem.
1451 2006 1567 2034 Omnem
1589 2005 1731 2040 denique,
1752 2009 1784 2032 ut

987 2053 1139 2080 universim
1168 2053 1282 2088 loquar,
1306 2051 1390 2080 Verbi
1421 2051 1674 2086 dispensationem,
1700 2050 1783 2077 Verbi

988 2098 1188 2126 disertissimus
1203 2097 1293 2125 scriba
1309 2097 1413 2131 scripto
1429 2103 1576 2129 enarrans,
1593 2095 1701 2122 cunctis
1716 2103 1784 2130 gen-

987 2145 1062 2172 tibus
1077 2143 1187 2179 pietatis
1202 2142 1347 2178 proposuit
1361 2142 1483 2175 titulum,
1499 2140 1561 2168 ﬁdei
1578 2141 1688 2176 pignus,
1703 2140 1774 2168 dile-

987 2189 1087 2218 ctionis
1103 2188 1239 2221 fomitem,
1254 2188 1389 2216 bonitatis
1403 2187 1504 2215 divinae
1518 2194 1552 2215 ae
1565 2186 1719 2214 clementia:
1734 2186 1783 2213 de-

143 2234 251 2261 ἑθνεσιν
275 2234 449 2269 πρόγραμμα
480 2233 644 2266 θεοσεϐείας,
660 2233 792 2268 ἐχέγγυον
809 2232 935 2265 πίστεως1

989 2235 1179 2267 clarationem,
1194 2234 1272 2270 regni
1288 2233 1523 2269 praedicationem,
1539 2232 1663 2268 mysterii
1680 2231 1782 2260 Christi

143 2279 257 2314 ἀγάπης
278 2279 449 2314 ὲμπύρευμα
464 2299 471 2312 ,
498 2280 547 2314 τῆς
574 2279 622 2306 τοῦ
640 2278 708 2306 Θεοῦ
730 2278 937 2314 φιλανθρωπίας

144 2323 296 2357 ἀπόδειξιν,
308 2325 359 2358 τῆς
371 2323 510 2358 βασιλείας
522 2324 701 2359 ἀνακήρυξιν,
719 2324 769 2360 τῆς
782 2323 938 2358 οἰκονομίας

146 2369 312 2404 βεϐαίωσιν,
329 2369 461 2405 ἀληθείας
483 2370 634 2405 στηριγμδν
645 2390 653 2402 ,
671 2369 767 2405 ψυχῶν
786 2369 937 2405 φωτισμὸν,

146 2415 238 2451 ἀρχὴν
262 2416 324 2450 ἦτοι
350 2415 442 2452 πηγὴν
473 2416 611 2451 άγιασμοῦ
629 2416 677 2442 καὶ
693 2415 862 2451 ἀκραιφνοῦς
885 2423 939 2442 σω-

146 2461 244 2497 τηρίας
266 2461 409 2495 ὑπόθεσιν,
430 2462 461 2488 τὸ
485 2462 547 2488 κατ’
575 2463 658 2489 αὑτὸν
687 2462 854 2497 Εὐαγγέλιον
882 2462 940 2493 τοῖς

148 2509 268 2543 πέρασιν
281 2507 451 2543 ἐκδεδωκώς.

183 2552 278 2585 Οὕτως
293 2553 343 2589 οὐχ
357 2554 397 2580 ἑνὶ
412 2554 461 2589 μὲν
475 2554 546 2581 ἔθνει
561 2554 700 2586 Ματοαῖος
715 2554 844 2589 ἐπιδημεῖ
854 2562 860 2568 ·
885 2553 940 2580 τῶν

148 2597 237 2625 ἄλλων
249 2597 277 2624 δὲ
298 2599 370 2625 κατά
388 2599 514 2635 σώματος
529 2600 684 2634 ἀναγκαίαν
700 2599 875 2636 περιγραφὴν
892 2601 940 2627 καὶ

149 2644 302 2679 ἀδυναμίαν
315 2644 424 2679 φύσεως
438 2641 635 2672 ἀπολείπεταιῖ
649 2645 710 2672 οὐδὲ
723 2647 791 2672 πᾶσι
806 2646 855 2681 μὲν
868 2645 942 2672 ἐθνεο

149 2697 193 2714 σιν
206 2690 336 2724 ἐπιφοιτᾷ
346 2697 353 2704 ·
365 2689 465 2724 ὀλίγοις
486 2690 515 2717 δὲ
528 2690 582 2717 τῶν
601 2690 755 2726 ἀνθρώπων
768 2690 882 2726 όμιλῶν,
896 2691 941 2718 τὸν

149 2735 199 2769 τῆς
211 2734 377 2769 θεογνωσίας
402 2735 553 2771 ἐπιλάμπει
574 2737 678 2772 πυρσόν
691 2745 697 2752 ·
715 2737 775 2763 οὐδὲ
800 2737 868 2763 πᾶσι
893 2736 942 2772 μὲν

149 2779 250 2814 ὁμιλεῖ,
269 2781 361 2815 μόνοις
374 2781 403 2808 δὲ
418 2782 475 2813 τοῖς
497 2782 569 2809 κατὰ
583 2783 633 2817 τὴν
656 2782 738 2809 αὐτοῦ
761 2781 886 2817 περιοῦσι
898 2790 942 2816 γε-

152 2826 215 2852 νεάν
227 2835 233 2842 ·
249 2827 267 2861 ἢ
283 2827 387 2858 πάσαις
404 2827 453 2862 μὲν
464 2828 562 2862 ἑφεξῆς
575 2829 684 2862 γενεαῖς
698 2827 743 2854 τόν
761 2827 876 2862 Ἰησοῦν,
895 2827 942 2853 καὶ

150 2871 201 2906 τὴν
214 2871 298 2899 αὑτοῦ
314 2871 453 2907 βασιλείαν
459 2873 506 2900 καὶ
514 2873 565 2908 τὴν
574 2873 711 2909 σάρκωσιν
725 2873 940 2908 εὐαγγελίζεται·

988 2280 1236 2312 confirmationem,
1254 2279 1379 2307 veritatis
1398 2278 1602 2311 fulcimentum,
1621 2277 1778 2306 animorum

989 2326 1234 2359 illuminationem,
1250 2324 1476 2352 sanctificationis
1487 2323 1621 2359 originem
1634 2323 1693 2351 sive
1715 2323 1779 2350 fon-

990 2375 1045 2399 tem
1063 2379 1192 2406 veraeque
1210 2371 1306 2398 salutis
1322 2374 1525 2406 argumentum,
1539 2369 1588 2397 abs
1603 2377 1633 2397 se
1649 2370 1783 2404 scriptum

989 2417 1169 2454 Evangelium
1180 2417 1258 2445 orbis
1272 2417 1375 2444 finibus
1386 2417 1483 2444 edens.

1027 2560 1074 2588 Sic
1088 2560 1233 2588 Mattheus
1246 2566 1301 2586 non
1316 2557 1351 2586 ad
1364 2566 1446 2586 unam
1462 2557 1649 2593 proﬁciscitur
1659 2561 1784 2593 gentem;

992 2604 1108 2639 reliquis
1126 2608 1219 2632 autem
1237 2603 1357 2631 naturali
1374 2603 1499 2639 corporis
1515 2603 1784 2638 circumscriptione,

991 2657 1024 2677 ac
1037 2654 1142 2677 natura:
1155 2650 1213 2685 ipsa
1229 2649 1416 2677 imbecillitate
1431 2649 1526 2677 deest:
1539 2657 1630 2683 neque
1641 2648 1675 2676 ad
1689 2654 1786 2675 omnes

992 2695 1103 2731 quidem
1124 2704 1154 2724 se
1166 2695 1284 2729 confert,
1299 2703 1360 2723 cum
1372 2695 1468 2731 paucis
1483 2703 1549 2723 vero
1565 2694 1708 2722 hominum
1725 2700 1785 2720 ser-

994 2749 1104 2769 monem
1121 2742 1251 2775 miscens,
1265 2742 1366 2769 divinae
1382 2742 1423 2770 eis
1439 2741 1606 2777 cognitionis
1623 2743 1706 2774 atque
1720 2737 1785 2766 ﬁdei

993 2787 1079 2814 facem
1101 2787 1229 2815 accendit
1250 2796 1256 2814 :
1276 2796 1329 2816 nec
1349 2796 1413 2816 cum
1433 2787 1562 2815 omnibus
1582 2785 1705 2820 quidem,
1721 2791 1785 2812 cum

994 2832 1029 2859 iis
1040 2840 1107 2860 vero
1119 2833 1252 2862 duntaxat
1262 2842 1333 2870 quos
1346 2834 1392 2862 illa
1405 2832 1568 2868 superstites
1580 2831 1685 2858 ferebat
1695 2834 1762 2858 aetas
1775 2837 1783 2857 :

994 2883 1041 2906 aut
1070 2880 1200 2908 omnibus
1230 2880 1343 2916 quidem
1374 2879 1505 2914 deinceps
1535 2876 1662 2905 aetatibus
1689 2875 1784 2905 Iesum
