2078 3154
289 146 342 180 231

870 143 1017 175 NICET/E
1037 141 1305 172 PAPHLAGONIS

1866 139 1920 171 232

291 200 448 230 annuntiat.
464 200 580 235 ejusque
598 207 714 236 regnum
733 207 765 228 ac
781 200 1011 231 lncarnationem,
1028 207 1082 226 non

1136 198 1182 232 οὐχ
1196 197 1297 231 ὁμοίως
1312 195 1342 222 δὲ
1367 195 1468 227 πάσαις
1491 196 1541 226 τὰς
1561 196 1610 230 τῆς
1622 194 1826 229 ἀληθογνωσίας
1836 195 1912 222 ἐπαιν

292 247 422 275 similiter
450 251 541 273 tamen
569 253 643 273 verae
675 246 800 273 scientiae
825 246 945 281 fulgores
974 245 1082 272 cunctis

292 292 411 320 ati'undit
431 301 438 319 :
464 291 588 326 quinimo
610 291 677 319 solis
700 292 786 320 instar
809 291 917 319 lucidos
940 291 1082 326 Evangelii

292 337 384 365 radios
396 337 424 364 in
436 344 545 364 omnem
558 337 639 364 simul
651 341 786 364 terrarum
798 337 905 370 orbem,
916 343 1082 371 omnemque

294 383 434 410 nationum
444 382 565 417 linguam
577 383 716 416 emitteus,
725 388 808 418 atque
820 390 928 410 omnem
939 382 1083 410 hominum

293 433 412 456 mentem
434 428 587 456 secundum
607 432 718 456 aetatum
739 429 940 456 successionem
962 428 996 455 ad
1018 435 1083 463 pro-

293 475 384 509 prium
407 474 551 509 theologia:
571 474 665 502 lumen
685 475 813 507 illiciens,
829 475 889 509 pari
909 478 1022 502 cunctos
1043 474 1084 501 in-

293 519 443 554 dulgentia,
456 520 532 554 largo
545 520 620 547 velut
633 520 719 552 fonte,
735 520 870 547 beneﬁcio
889 520 1012 555 impartit
1026 528 1033 546 :
1050 520 1084 546 iis

288 565 405 600 .quidem
423 566 469 600 qui
488 566 641 600 simplicem
656 571 739 601 alque
753 566 860 593 ﬁdelem
875 566 959 593 animi
972 566 1084 593 oculum

294 611 454 644 adhibeant,
466 612 587 646 veraflux
594 616 622 639 et
634 612 764 639 salutaris
776 612 928 644 exsistens;
944 612 978 639 iis
992 615 1084 639 autem

294 656 342 690 qui
365 665 448 691 prave
471 665 523 684 nec
541 657 569 683 in
591 657 643 684 [ide
663 657 691 684 in
712 665 776 684 eum
795 657 950 690 intendant,
966 657 1085 692 Spiritus

295 701 402 729 scilicet
413 702 511 737 judicii
527 702 690 737 ardorisque
699 703 720 730 ⁸.

332 746 452 781 Scriptio
475 747 534 774 haec
555 747 671 782 Lycurgi
699 747 774 782 leges
799 751 827 774 et
857 746 968 774 Solonis
999 755 1086 782 nugas

296 799 357 819 esse
377 793 510 820 ostendit.
527 793 591 820 llam
622 792 745 820 Platonis
763 801 819 820 non
839 801 902 821 vere
922 794 1086 822 exsistentes

295 836 466 872 respublicas
489 837 638 872 longasque
660 838 810 865 verborum
831 838 958 873 ineptias,
975 839 1085 867 silentio

296 881 436 908 damnavit
455 889 462 908 :
481 885 612 916 tantoque
628 883 703 910 omni
720 883 896 911 Aristotelica
915 884 1083 912 obscuritate

294 934 326 954 ac
343 927 513 962 argumentis
530 935 584 954 non
602 928 844 961 concludentibus,
860 929 991 964 omnique
1012 929 1085 964 apud

293 971 403 999 Graacos
425 972 688 1000 facundissimorum
710 974 905 1002 lucubratione
928 982 960 1002 ac
984 975 1086 1010 scripto

295 1017 416 1045 divinior
439 1024 481 1046 est
504 1027 536 1046 ac
561 1020 727 1054 sapientior,
752 1024 856 1055 quanto
882 1021 983 1048 coelum
1011 1026 1086 1048 terra

295 1064 451 1097 sublimius,
468 1065 575 1100 solque,
591 1066 759 1101 ejuscemodi
782 1066 906 1099 lucerna,
920 1074 981 1102 quae
1006 1066 1086 1095 nobis

295 1111 468 1144 accenditur,
486 1111 606 1139 lucidior
627 1117 669 1140 est
689 1120 721 1140 ac
741 1113 912 1147 splendidior
934 1124 940 1141 :
962 1113 1041 1148 quin,
1063 1113 1086 1140 si

294 1155 383 1189 lubet,
397 1161 501 1192 quanto
524 1157 597 1185 Deus
614 1157 725 1186 homine
742 1158 874 1192 nobilior,
888 1163 971 1194 atque
985 1159 1088 1187 veritas

295 1203 394 1229 umbra
408 1203 574 1237 expressior.

331 1246 404 1274 Satis
422 1247 496 1274 enim
512 1247 565 1274 fuit
581 1248 704 1275 omnium
722 1249 782 1276 loco
799 1248 977 1276 beatissimus
993 1248 1086 1284 publi-

295 1301 381 1321 canus
403 1293 437 1320 ad
460 1293 535 1321 orbis
558 1298 693 1321 terrarum
716 1295 911 1322 eruditionem.
929 1295 1001 1322 Satis
1022 1295 1085 1327 fuit,

295 1339 330 1366 iis
343 1340 390 1373 qui
405 1339 507 1366 vellent
521 1339 652 1374 pietatem
667 1341 769 1372 colere,
783 1341 816 1368 ad
830 1341 959 1376 pietatem
975 1350 981 1367 :
995 1340 1029 1368 ad
1044 1348 1087 1368 sa-

295 1384 426 1419 pientiam
439 1389 466 1412 et
479 1385 634 1417 scientiam,
647 1385 690 1413 his
703 1385 749 1420 qui
765 1386 908 1421 sapientia:
920 1393 952 1413 ac
965 1386 1087 1414 scientia:

295 1434 432 1457 amatores
454 1434 547 1457 essent
571 1439 577 1456 :
604 1438 636 1457 ac
660 1431 771 1466 quidem
795 1432 897 1459 actioni
921 1432 1032 1464 deditis,
1052 1432 1086 1459 ad

297 1475 473 1510 disciplinam
491 1476 610 1511 vitaeque
627 1484 751 1504 normam
772 1485 778 1503 :
797 1477 1023 1513 contemplationi
1038 1486 1087 1505 au-

1132 243 1211 277 γάζει
1225 243 1421 279 μαρμαρυγὰς·
1440 242 1515 278 ἡλίου
1530 243 1559 269 δὲ
1572 242 1672 277 τρόπον
1687 242 1736 274 τὰς
1752 242 1920 276 φωτοϐόλους

1132 290 1244 320 ἀκτῖνας
1255 287 1301 315 τοῦ
1318 288 1485 322 Εὑαγγελίου
1498 288 1568 315 κατὰ
1580 289 1670 315 πᾶσαν
1684 288 1751 323 ὁμοῦ
1761 288 1810 324 τήν
1827 289 1919 315 οἰκου-

1135 335 1230 370 μένην,
1245 334 1293 361 καὶ
1304 335 1395 361 πᾶσαν
1406 334 1490 361 ἐθνῶν
1503 334 1642 361 διάλεκτον
1655 334 1791 369 ἐπαφιείς·
1805 335 1853 361 καὶ
1867 335 1922 361 πᾶ-

1134 389 1184 407 σαν
1201 379 1352 415 ἀνθρώπων
1362 379 1481 407 διάνοιαν
1492 379 1563 406 κατὰ
1575 380 1672 414 γενεὰν
1683 380 1731 407 καὶ
1746 380 1843 414 γενεὰν
1855 380 1923 416 πρὸς

1133 426 1164 453 τὸ
1175 427 1275 453 οἰκεῖον
1289 427 1338 461 τῆς
1352 426 1491 460 θεολογίας
1502 426 1692 461 ἐπισπώμενος
1704 425 1772 461 φῶς,
1784 427 1922 461 ἁμοτίμως

1133 473 1190 504 τοῖς
1217 473 1300 499 πᾶσιν
1334 472 1475 505 ἐπιϐλύζει
1501 472 1550 507 τὴν
1580 472 1758 506 εὐεργεσίαν
1786 473 1844 504 ταῖς
1872 472 1922 507 μὲν

1134 520 1236 548 ἁπλοῦν
1248 519 1338 546 αὐτῶν
1351 519 1399 546 καὶ
1411 519 1506 546 πιστὸν
1521 519 1567 546 τὸν
1585 518 1723 553 ὀφθαλμὸν
1743 519 1792 554 τῆς
1808 518 1922 554 καρδίας

1134 566 1334 599 ἐπιϐάλλουσιν,
1347 565 1472 600 ἀληθινὸν
1485 566 1532 592 καὶ
1548 565 1683 600 σωτήριον
1697 564 1839 599 γινόμενος
1852 564 1921 598 φῶς

1134 613 1190 643 τοῖς
1200 611 1315 643 σκολιῶς
1330 611 1358 638 δὲ
1380 611 1428 638 καὶ
1444 611 1494 637 οὒκ
1507 611 1535 637 ἐν
1547 611 1637 636 πίστει
1653 609 1721 644 πρὸς
1737 609 1820 636 αὐτὸν
1833 609 1923 636 ἀτενί-

1135 657 1221 690 ζουσι,
1238 657 1346 691 πνεῦμα
1374 656 1492 692 κρίσεως
1508 656 1556 683 καὶ
1572 654 1682 689 πνεῦμα
1707 654 1832 685 καύσεως
1855 654 1923 681 καθ-

1136 703 1290 737 ιστάμενος.

1171 749 1257 775 Τοῦτο
1276 749 1340 781 τοὺς
1354 747 1515 784 Λυκούργου
1531 748 1630 783 νόμους
1650 747 1698 775 καὶ
1718 746 1837 778 Σόλωνος
1856 746 1922 781 βατ-

1135 794 1260 828 τολογίαν
1284 795 1436 830 ἀπέφηνεν.
1462 794 1548 821 Τοῦτο
1578 794 1721 825 Πλάτωνος
1750 792 1802 824 τὰς
1823 793 1923 819 ἀνυπο-

1138 840 1253 871 στάτους
1282 839 1440 874 πολιτείας,
1467 840 1516 867 καὶ
1541 839 1590 871 τὰς
1620 838 1730 874 μακρὰς
1743 839 1923 872 κατεσίγασεν

1136 886 1293 921 ἀδολεσχίας
1304 894 1311 901 ·
1326 887 1373 914 καὶ
1385 886 1475 922 πάσης
1490 886 1712 922 Ἀριστοτελικῆς
1725 884 1860 920 ἀσαφείας
1874 885 1923 911 καὶ

1134 931 1374 967 ἀπεραντολογίας,
1392 931 1441 959 καὶ
1461 932 1553 967 πάσης
1567 931 1621 958 τῶν
1638 932 1704 966 παρ’
1716 931 1830 965 Ἕλλησι
1848 930 1923 965 φιλο-

1134 977 1294 1011 λογωτάτων
1308 977 1468 1013 συγγραφῆς
1488 976 1559 1003 κατά
1573 977 1700 1003 τοσοῦτον
1717 976 1881 1010 ἐνθεώτερόν
1891 985 1922 1002 τε

1134 1024 1182 1050 καὶ
1196 1023 1422 1059 φιλοσοφώτερον,
1439 1023 1494 1057 ὅσῳ
1511 1025 1562 1059 γῆς
1594 1023 1644 1058 μὲν
1659 1023 1772 1058 οὐρανὸς
1791 1023 1922 1058 ὑψηλότε-

1137 1077 1184 1105 ρος
1194 1089 1202 1101 ,
1219 1069 1295 1104 ἠλιος
1310 1069 1339 1095 δέ
1364 1069 1411 1096 τοῦ
1434 1069 1499 1104 παρ’
1513 1070 1578 1104 ἡμῖν
1598 1069 1694 1104 λύχνου
1717 1068 1863 1103 φανότερος
1876 1068 1924 1095 καί

1135 1114 1388 1150 περιλαμπέστερος
1398 1122 1405 1130 ’
1421 1115 1446 1142 ει
1460 1114 1548 1150 βούλει
1558 1113 1597 1147 δέ,
1615 1115 1663 1141 καὶ
1673 1115 1728 1150 ὅσῳ
1740 1114 1806 1145 Θεὸς
1817 1113 1924 1148 ἀνθρώ-

1136 1169 1187 1188 που
1201 1159 1375 1196 τιμιώτερος,
1393 1161 1439 1188 xui.
1452 1161 1566 1197 ἀλήθεια
1578 1160 1758 1196 ἐκτυπώτερα
1772 1160 1861 1192 σκιᾶς.

1172 1251 1292 1287 Ἤρκεσε
1306 1250 1360 1286 γὰρ
1371 1251 1431 1278 ἀντὶ
1446 1250 1555 1277 πάντων
1570 1251 1584 1277 ό
1595 1249 1867 1286 τρισμακαριὼτατος
1878 1258 1924 1276 τε-

1136 1296 1223 1332 λώνης
1242 1299 1275 1333 τῇ
1297 1297 1444 1333 οἰκουμένῃ
1473 1297 1542 1332 πρὸς
1568 1297 1712 1323 παίδευσιν
1724 1305 1730 1311 ·
1747 1297 1848 1332 ἠρκεσε
1867 1297 1923 1327 τοῖς

1135 1342 1257 1369 εὐσεϐεῖν
1274 1341 1404 1375 ἐθέλουσι,
1429 1341 1497 1376 πρὸς
1511 1341 1668 1368 εὐσέϐειαν·
1685 1341 1752 1377 πρὸς
1768 1341 1865 1376 σοφίαν
1877 1341 1925 1368 καὶ

1136 1389 1246 1423 γνῶσιν,
1263 1389 1319 1420 τοῖς
1330 1387 1458 1422 γνώσεως
1472 1388 1521 1414 καὶ
1538 1387 1633 1422 σοφίας
1646 1388 1775 1423 ἐρασταῖς
1787 1395 1794 1402 ·
1809 1387 1856 1414 καὶ
1867 1388 1924 1418 τοῖς

1136 1434 1296 1470 πρακτικοῖς
1314 1433 1373 1469 μὲν,
1392 1434 1460 1469 πρὸς
1473 1432 1652 1469 νομοθεσίαν·
1674 1434 1729 1464 τοῖς
1748 1432 1924 1468 θεωρητικοῖς

1136 1479 1166 1506 δὲ
1183 1479 1292 1514 καὶτῆς
1309 1478 1365 1505 ἀνω
1378 1478 1445 1505 Θεοῦ
1458 1479 1652 1513 λαμπρότητος
1675 1478 1838 1512 ἐφιεμένοις,
1855 1477 1924 1511 πρὸς

295 1525 350 1548 tem
373 1521 549 1549 studentibus
569 1529 601 1549 ac
621 1529 746 1557 superna:
765 1521 814 1550 Dei
834 1523 968 1551 claritatis
985 1523 1084 1556 avidis,

1136 1525 1274 1560 θεολογίαν
1285 1524 1333 1552 καὶ
1346 1525 1494 1559 ἀναγωγὴν
1505 1524 1628 1559 ἀπλανῆ⁸
1644 1525 1700 1555 τοῖς
1718 1524 1802 1550 πᾶσιν
1818 1523 1924 1556 ἔθνεσιν

295 1567 329 1595 ad
349 1568 512 1603 theologiam
533 1568 692 1603 errorisque
713 1569 803 1597 omnis
823 1574 965 1604 expertem
982 1570 1084 1598 mentis

295 1613 330 1640 ad
345 1613 467 1641 coelestia
483 1613 705 1642 subductionem.
721 1615 794 1643 Satis
808 1615 860 1642 fuit
874 1617 982 1644 cunctis
997 1616 1085 1652 genti-

294 1658 348 1687 bus
364 1660 523 1687 Gnecorum
542 1660 616 1688 illius
631 1661 806 1695 loquacitatis
822 1663 893 1693 vice,
909 1662 1086 1697 compendia-

296 1705 337 1732 ria
355 1704 496 1740 Evangelii
515 1705 641 1733 doctrina
662 1706 696 1733 ad
715 1714 862 1741 supernam
884 1707 1085 1742 philosophiam

296 1750 506 1786 doetrinatnque
520 1756 548 1779 et
563 1752 803 1780 illuminatiouem.

332 1798 402 1826 Hinc
415 1799 545 1833 neglectae
557 1799 714 1831 academize,
728 1799 883 1826 Stoicorum
904 1803 931 1826 et
948 1800 1087 1834 Peripate-

297 1844 415 1872 ticorum
430 1843 530 1870 schola:
546 1851 554 1869 :
569 1844 699 1879 neglectae
718 1851 785 1871 vero
797 1844 912 1872 Athena:
926 1848 953 1871 et
969 1844 1085 1876 Thebaa,

297 1897 393 1916 eorum
412 1888 552 1916 domicilia
571 1893 599 1917 et
617 1889 698 1916 sedes
716 1890 762 1924 qui
780 1889 946 1917 videbantur
962 1890 1086 1924 philoso-

297 1934 390 1969 phiam
424 1934 514 1962 colere
549 1943 556 1961 :
591 1934 795 1970 ridiculumque
828 1935 1026 1971 supercilium,
1054 1943 1086 1963 ac

298 1979 458 2014 despuenda
473 1979 547 2006 inani
563 1979 634 2007 fastu
649 1980 813 2007 tumentium
830 1981 962 2016 iactantia
980 1985 1085 2016 spreta;

297 2025 375 2060 cujus
384 2025 466 2053 etiam
478 2026 577 2053 merito
589 2033 603 2052 a
612 2034 676 2053 vera
687 2026 821 2062 sapientia
832 2026 1088 2058 cxcidentes,disci-

297 2071 355 2106 puli
366 2071 551 2105 doctoresque
564 2071 713 2106 impiorum
725 2072 840 2099 deorum
854 2072 947 2106 impie,
956 2076 1088 2106 vatesque

297 2121 326 2144 et
334 2117 490 2144 sacerdotes
498 2116 923 2152 exsecrabilium'mysteriorum,
935 2118 1065 2145 exstitere
1080 2126 1086 2144 :

299 2165 407 2197 turpem
428 2162 535 2189 scilicet
552 2163 641 2196 turpis
661 2162 823 2197 cupiditatis
840 2163 1012 2190 demetentes
1028 2163 1087 2190 fru~

298 2213 384 2240 ctum,
399 2208 564 2243 dignamque
579 2208 734 2235 mercedem
749 2209 851 2235 erroris
867 2213 1048 2244 reportantes.

332 2252 438 2281 Cuncta
459 2254 516 2280 haec
535 2253 638 2280 abolita
658 2258 723 2281 sunt
743 2258 772 2281 et
789 2254 941 2287 exsufﬂata,
958 2254 1087 2290 velutque

299 2300 392 2326 l'umus
408 2300 497 2326 soluta
516 2307 547 2326 ac
565 2299 636 2326 sicut
652 2299 742 2334 pulvis
758 2299 875 2333 sublata,
891 2308 924 2326 ex
943 2307 998 2335 quo
1016 2305 1055 2334 tu,
1071 2308 1088 2328 0

299 2344 390 2377 beate,
402 2345 494 2371 animo
506 2345 666 2380 incorrupto
677 2350 824 2380 menteque
836 2354 850 2373 e
865 2351 936 2373 terra
949 2347 976 2379 in
989 2347 1087 2374 cmlum

300 2395 423 2423 extensa,
437 2391 512 2418 velut
523 2391 587 2418 tuba
597 2391 704 2421 ductili,
722 2392 786 2418 tuba
797 2399 897 2419 cornea
909 2393 940 2424 ",
956 2392 1063 2419 divinos
1073 2400 1088 2419 a

301 2441 326 2463 te
345 2436 493 2471 conscripti
514 2437 653 2471 Evangelii
673 2445 754 2464 sonos
774 2437 888 2472 elaugis.
902 2437 930 2464 ld
951 2437 1086 2465 commodi

299 2490 333 2509 ex
356 2486 402 2509 tua
422 2479 563 2516 'sapientia
586 2482 727 2510 consecuti
750 2490 855 2510 sumus.
874 2482 951 2510 Hunc
976 2483 1031 2511 tuis
1054 2491 1087 2510 ex

298 2526 442 2554 laboribus
461 2527 627 2562 sempiterna
649 2527 760 2562 dignum
782 2528 913 2555 memoria
936 2536 968 2556 ac
989 2529 1087 2556 indeii-

300 2571 419 2598 cientem
441 2571 560 2598 fructum
575 2571 750 2606 decerpimus
762 2574 784 2605 ’,
802 2580 883 2607 quem
900 2573 928 2600 in
950 2581 1014 2601 vera
1033 2574 1088 2602 vite

300 2624 415 2644 manens
441 2621 523 2651 atque
551 2624 566 2643 a
592 2616 708 2651 spiritali
732 2623 862 2653 purgatus
886 2619 1003 2653 agricola
1029 2625 1090 2647 tan-

303 2670 384 2696 quam
397 2662 496 2690 fertilis
507 2663 611 2698 palmcs
621 2663 799 2698 multiplicem
807 2663 933 2697 edidisti;
943 2672 1030 2699 eoque
1040 2665 1091 2691 im-

301 2709 366 2744 pleti
376 2728 384 2740 ,
397 2709 494 2736 mortis
508 2709 654 2744 abjicimus
669 2709 808 2741 tenebras,
823 2718 854 2736 ac
872 2710 1012 2737 induimus
1028 2710 1089 2738 vita!

298 2755 388 2782 iucem
398 2755 430 2781 θ’.

1134 1571 1264 1606 ἤρκεσεν,
1282 1570 1343 1598 ἀντὶ⁵
1364 1571 1415 1605 τῆς
1435 1570 1596 1605 Ἑλληνικῆς
1610 1569 1783 1603 πολυλογίας,
1799 1567 1838 1603 τῷ
1860 1577 1925 1595 συν-

1134 1616 1297 1652 τετμημένῳ
1314 1615 1361 1643 τοῦ
1380 1616 1546 1651 Εὑαγγελίου
1572 1617 1643 1652 λόγῳ
1673 1617 1742 1653 πρός
1769 1625 1798 1644 τε
1814 1617 1923 1652 φιλοσο-

1136 1661 1201 1696 φίαν
1218 1661 1268 1697 τὴν
1283 1662 1412 1689 ἀνωτάτω
1428 1663 1475 1690 καὶ
1491 1662 1664 1690 διδασκαλίαν
1679 1663 1727 1691 καὶ
1739 1663 1887 1698 φωτισμόν.

1179 1793 1318 1820 Ἐντεῦθεν
1346 1794 1497 1830 ἠμέληνται
1530 1795 1580 1830 μὲν
1611 1797 1638 1823 αἱ
1677 1796 1848 1831 ἀκαδημίαι,
1875 1796 1924 1823 καὶ

1138 1839 1216 1866 στοαὶ
1232 1840 1279 1865 καὶ
1292 1839 1454 1875 περίαιτιιτοι⁸
1465 1841 1616 1877 ἠμέληνται
1630 1842 1658 1869 δὲ
1680 1842 1790 1877 Ἀθῆναι
1804 1843 1851 1869 καὶ
1869 1843 1924 1877 Θῆ-

1138 1886 1194 1918 ὃαι,
1207 1886 1260 1913 τῶν
1280 1886 1435 1921 φιλοσοφεῖν
1454 1887 1585 1921 οἰομένων
1603 1888 1631 1914 αἱ
1655 1888 1807 1923 διατριϐαί·
1834 1888 1882 1915 καὶ
1906 1889 1923 1923 ὴ

1138 1931 1339 1965 καταγέλαστος
1354 1932 1450 1967 ὀφρῦς,
1471 1933 1518 1959 καὶ
1533 1934 1550 1968 ἠ
1566 1933 1754 1965 κατάπτυστος
1768 1934 1856 1967 οἴησις
1868 1933 1924 1959 τῶν

1137 1977 1321 2013 κατοιομένων
1344 1978 1539 2014 περιεώραται,
1561 1979 1595 2006 δι’
1612 1980 1645 2014 ἣν
1664 1980 1712 2006 καὶ
1723 1980 1773 2014 τῆς
1795 1979 1925 2014 ἀληθινῆς

1139 2025 1234 2058 σοφίας
1248 2025 1461 2060 ἁμαρτάνοντες,
1477 2025 1577 2059 μύσται
1601 2025 1648 2052 καὶ
1666 2026 1842 2060 μυσταγωγοὶ
1855 2025 1924 2051 θεῶν

1137 2070 1225 2097 ἀθέων
1241 2071 1337 2103 ἀθέως,
1354 2070 1521 2106 ἐκφάντορές
1535 2079 1565 2096 τε
1578 2071 1625 2097 καὶ
1636 2071 1808 2106 τελετουργοὶ
1822 2079 1924 2105 μυστη-

1139 2116 1204 2153 ρίων
1228 2117 1400 2152 κατέστησαν
1419 2116 1540 2149 ἐναγῶν·
1557 2117 1669 2153 αἰσχρὸν
1691 2118 1807 2152 αἰσχρᾶς
1828 2117 1924 2144 ἐπιθυ-

1141 2161 1205 2196 μίας
1219 2161 1374 2196 τρυγῶντες
1393 2162 1511 2197 καρπὺν,
1524 2163 1571 2189 καὶ
1586 2162 1635 2197 τὴν
1649 2162 1822 2198 ἀντιμισθίαν
1846 2162 1925 2194 ἀξίαν

1103 2207 1126 2236 D
1140 2207 1190 2241 τῆς
1202 2207 1306 2242 πλάνης
1319 2207 1505 2242 κομιζόμενοι.

1176 2253 1268 2280 Πάντα
1283 2252 1369 2278 ταῦτα
1390 2254 1563 2288 κατήργηται
1586 2254 1633 2280 καὶ
1646 2254 1805 2288 ἠφάνισται,
1820 2254 1867 2280 καὶ
1888 2254 1926 2285 ὡς

1139 2298 1242 2329 καπνὸς
1253 2297 1345 2333 ἐλύθη1
1363 2299 1410 2324 καὶ
1425 2298 1463 2330 ὡς
1481 2299 1620 2334 κονιορτὸς
1642 2299 1755 2335 ἐξήρθη,
1771 2300 1817 2334 ἀφ’
1832 2297 1861 2326 οὗ
1881 2300 1925 2332 σὺ,

1139 2340 1162 2370 ὧ
1178 2344 1284 2379 μάκαρ,
1297 2344 1429 2379 ἀκηράτῳ
1440 2344 1525 2379 ψυχῇ,
1539 2345 1586 2371 καὶ
1601 2345 1684 2380 γῆθεν
1699 2345 1738 2377 είς
1754 2345 1868 2380 οὐρανὸν
1879 2346 1926 2371 ἐκ-

1139 2390 1274 2425 τεταμένη
1286 2390 1402 2426 διανοίᾳ,
1418 2388 1463 2417 οἴα
1478 2390 1609 2425 σάλπιγγι
1629 2391 1724 2426 ἐλατῇ,
1736 2391 1866 2425 σάλπιγγι
1881 2399 1926 2418 κε·

1142 2436 1251 2472 ρατίνῃ,
1281 2436 1311 2462 τὸ
1341 2437 1413 2462 κατά
1443 2436 1472 2463 σὲ
1486 2436 1650 2471 θεόφθογγον
1672 2437 1837 2471 Εὐαγγέλιον
1863 2437 1928 2464 σαλ-

1141 2481 1240 2514 πίζεις.
1264 2481 1348 2508 Τοῦτο
1373 2483 1423 2516 τῆς
1446 2483 1495 2518 σῆς
1513 2483 1683 2518 ἁπωνάμεθα
1705 2483 1808 2517 σοφίας.
1826 2482 1926 2509 Τοῦτον

1141 2526 1296 2561 δρεπόμεθα
1309 2528 1364 2554 τῶν
1379 2528 1433 2554 σῶν
1448 2528 1537 2555 πόνων
1557 2529 1722 2564 ἀείμνηστον
1742 2529 1789 2555 καὶ
1802 2528 1926 2555 ἀνέκλει-

1141 2581 1207 2599 πτον
1225 2573 1341 2608 καρπὺν,
1354 2573 1383 2600 ὃν
1396 2574 1425 2601 ἐν
1439 2575 1472 2610 τῇ
1490 2574 1604 2609 ἀληθινῇ
1620 2574 1710 2609 μένων
1733 2573 1928 2611 ἀμπέλῳ,πκαὶ

1139 2619 1207 2654 πρὸς
1230 2619 1278 2646 τοῦ
1298 2620 1394 2656 νοητοῦ
1419 2621 1619 2656 καθαιρόμενος
1641 2621 1779 2657 γεωργοῦ,
1802 2621 1928 2656 καθάπερ

1139 2664 1254 2700 εὔφορον
1273 2665 1377 2700 κλῆμα,
1403 2665 1586 2693 πολυπλάσιον
1612 2666 1861 2702 ἐκαρποφόρησας·
1879 2667 1928 2692 καὶ

1138 2710 1233 2737 τούτου
1262 2711 1457 2747 πληρούμενοι,
1479 2712 1664 2748 ἀποτιθέμεθα
1688 2713 1737 2747 μὲν
1754 2713 1800 2739 τὸν
1828 2711 1924 2738 σκότον

1138 2756 1185 2783 τοῦ
1201 2757 1318 2784 θανάτου
1329 2765 1336 2772 ⁸
1352 2757 1500 2792 ἐνδυόμεοα
1516 2758 1544 2784 δὲ
1560 2759 1589 2785 τὸ
1605 2759 1664 2793 φῶς
1679 2759 1727 2793 τῆς
1743 2758 1825 2793 ζωῆς.

355 2855 365 2870 ⁸
377 2856 428 2883 lsa.
443 2865 478 2888 tv,
493 2857 518 2884 4.
557 2857 577 2873 ⁸·
591 2857 662 2885 Psal.
677 2865 756 2889 xcvu,
769 2856 794 2884 6.
827 2856 836 2872 '
850 2856 928 2884 Joan.
941 2865 984 2889 xv,
997 2857 1023 2884 8.
1055 2857 1074 2873 “‘
1089 2857 1168 2885 Rom.
1181 2865 1237 2888 xm.
1253 2859 1294 2885 12.
