2078 3154
167 150 223 184 293

549 147 690 178 ORATIO
709 147 759 177 Χῐ.
773 147 858 177 -ῙΝ
879 147 1032 177 LAUDEM
1053 147 1084 177 S.
1106 147 1285 178 ΜΑΤΤΙΙΛΠ
1315 148 1441 179 APOST.

1753 153 1805 184 23E

205 207 296 235 Πάντα
311 205 362 240 μὲν
376 202 423 232 οὖν
435 203 481 231 τοῦ
497 206 705 240 μακαριωτάτου
715 203 910 238 εὐαγγελιστοῦ
924 204 957 230 τὰ

1043 203 1148 230 Cuncta
1168 203 1280 238 quidem
1300 204 1453 232 beatissimi
1476 205 1651 240 evangelista
1672 208 1805 242 prazclara

169 251 368 286 κατορθώματα
382 270 390 282 ,
421 251 472 277 δσα
497 258 527 276 τε
558 249 650 283 λόγοις
680 250 737 281 τοῖς
766 248 811 276 διὰ
843 248 956 284 χειλέων

169 297 293 334 προϊοῦσι
312 295 472 331 θεοπρεπῶς
497 295 630 330 θεολογῶν
655 295 796 328 ἐδοξάζετο
820 294 956 330 Χριστόν·

167 342 217 368 ὅσα
229 350 258 367 τε
273 340 318 367 διὰ
338 339 387 367 τοῦ
403 340 575 375 παντουργοῦ
591 339 749 374 Πνεύματος
764 340 894 375 ἐνεργῶν,
910 340 959 366 καὶ

166 387 230 417 τοὺς
242 386 323 417 λαοὺς
339 384 464 417 simsim,
493 384 537 418 ἐφ’
552 383 600 416 οὓς
615 384 697 411 αὐτὸν
719 385 735 419 ἡ
751 384 832 419 χάρις
849 385 958 420 ἀπήγα-

167 440 225 466 γεν,
250 430 401 466 ὲμεγάλυνε
428 429 474 457 τδν
488 429 554 456 Θεὸν
566 437 573 445 ·
598 430 645 456 καὶ
664 430 738 462 ὅπως
757 430 786 456 δὲ
803 429 958 456 τελευταῖον

167 476 238 504 κατᾶ
261 477 311 511 τὴν
338 477 367 502 ὲν
385 475 472 510 Συρίᾳ
495 474 640 510 γενόμενος
667 474 830 510 Ἰεράπολιν,
857 475 903 501 καὶ
929 475 959 500 ἐν

168 522 244 558 μέσῳ
259 521 364 548 πολλῶν
387 521 498 552 αἰνέσας
518 520 564 547 τὸν
596 520 710 555 Ἰησοῦν,
737 521 785 548 καὶ
807 521 959 557 θεορρημο-

166 568 261 600 σύναις
276 566 457 598 θεοτελέστοις
470 566 619 602 ὑπερφυῶς
637 566 752 599 δοξὲισας
766 567 894 603 Χριστὸν,
910 567 959 594 καὶ

165 614 228 646 τοὺς
245 613 464 643 πεπιστευκότας
487 612 521 639 δι’
538 613 620 639 αὑτοῦ
648 613 688 649 τῷ
705 613 800 648 Κυρίῳ
823 613 960 648 προσαγό-

166 668 258 695 μενος,
272 660 320 686 καὶ
339 658 503 695 Ἐκκλησίαν
525 659 624 691 αὐτοὺς
638 659 729 694 ἁγίαν,
745 660 860 695 ἄμωμον
875 668 959 686 auch

166 706 371 741 σκευασάμενος
382 712 389 719 ·
416 705 464 731 καὶ
477 704 549 731 οὕτω
563 705 596 740 δὴ
614 705 646 731 τὸ
659 704 707 732 τοῦ
725 704 794 732 Θεοῦ
812 705 960 741 μαρτύριον

167 751 248 786 ιερῶς
277 752 324 778 καὶ
347 751 432 784 ἀξίως
453 752 502 786 τῆς
530 750 613 778 αὑτοῦ
648 751 773 787 κλήσεως
799 751 959 785 τετελεκὼς,

166 797 297 824 ἀνέλυσεν
314 796 429 829 ἐνδόξως
443 797 512 831 πρδς
528 797 574 823 τὸν
588 795 672 824 αὑτοῦ
695 797 811 824 Βασιλέα
835 797 882 824 καὶ
904 797 960 824 Κύ-

168 851 225 878 ριον
240 843 288 870 καὶ
304 843 387 870 Θεόν·
403 840 447 870 οἷα
463 842 513 878 μὲν
522 842 659 877 χιτώνιον,
675 842 706 869 τὸ
725 842 804 877 ἅγιον
819 843 904 878 δέμας
914 843 960 869 καὶ

165 889 257 924 τίμιον
271 889 456 924 ἀποθέμενος·
478 888 605 924 οὐράνιον
619 888 648 915 δὲ
671 888 751 921 δόξαν
765 888 871 915 ἔνδοθεν
887 889 961 924 ἀμφ-
975 883 999 912 Β

170 932 313 967 ωσᾶμενος
335 932 383 959 καὶ
398 932 492 968 τιμὴν,
508 932 555 960 καὶ
583 933 612 959 έν
631 933 704 968 χαρᾷ
725 932 901 968 ἀνεκλαλήτῳ
916 934 962 960 καὶ

168 977 362 1014 δεδοξασμένῃ,
391 978 482 1013 πάσης
513 977 643 1017 ορρανίας
671 978 814 1013 ίεραρχίας
843 978 962 1014 ὑπερκο-

170 1023 258 1058 σμίως
272 1023 355 1050 αὑτὸν
370 1023 612 1059 παραπεμπούσης
627 1023 675 1050 καὶ
696 1023 909 1059 δορυφορούσης.
924 1022 962 1058 τῷ

169 1068 309 1104 προσώπῳ
341 1069 392 1103 τῆς
424 1068 651 1104 μεγαλοπρεποῦς
682 1069 762 1104 δόξης
793 1068 962 1096 κατενώπιον

169 1113 238 1141 Θεοῦ
252 1115 282 1141 ὲν
306 1113 418 1149 Χριστῷ
442 1113 530 1149 Ἰησοῦ
558 1113 830 1150 ἑμφανισθησόμενος
856 1113 961 1150 εἰσῄει·

170 1160 201 1186 ὃν
227 1159 275 1186 καὶ
296 1159 429 1194 στέφανον
453 1159 533 1195 δόξης
561 1160 609 1187 καὶ
636 1159 782 1195 περιὸολὴν
806 1159 963 1195 ἀφθαρσίας

171 1209 218 1235 καὶ
232 1207 305 1243 ζωὴν
315 1208 436 1240 αἰώνιον,
448 1209 495 1235 καὶ
510 1207 651 1244 βασιλείαν
663 1208 812 1236 ἀσάλευτον
824 1208 964 1244 κεκλήρω-

170 1263 226 1280 ται.
393 1280 398 1285 ,

206 1300 301 1327 Ταῦτα
316 1300 407 1328 πάντα
428 1301 489 1332 ταῖς
504 1300 639 1335 ἱστορίαις
660 1300 708 1327 καὶ
723 1300 784 1331 ταῖς
809 1299 963 1335 κρείττοσιν

171 1346 189 1381 ἢ
204 1346 265 1373 κατ’
279 1345 329 1381 ita
343 1345 493 1380 θεολογίαις
511 1346 610 1382 παρεὶς
621 1365 630 1378 ,
653 1345 851 1381 προσαγορεύω
868 1353 898 1371 σε
913 1345 964 1381 τὴν

171 1390 376 1426 κεχαρισμένην
399 1390 459 1425 Θεῷ
477 1390 525 1418 καὶ
542 1391 603 1417 λίαν
623 1390 814 1426 πεφιλημένην
830 1390 963 1425 κεφαλήν.

172 1436 256 1472 Χαίρέ
270 1444 326 1471 μοι,
335 1436 390 1463 τῶν
401 1436 558 1463 ἀποστόλων
569 1436 774 1471 σεϐασμιώτατε
788 1436 836 1463 καὶ
849 1436 963 1471 ἁξιομα-

173 1481 366 1516 καριστάτατε.
380 1482 477 1517 Χαῖρε,
488 1482 529 1508 ὅτι
547 1481 579 1508 τὸ
594 1481 649 1508 τῶν
669 1481 819 1517 χρημάτων
837 1480 965 1508 τελώνιον

172 1526 212 1556 ὡς
226 1526 302 1560 ἄγος,
319 1526 357 1558 ὡς
373 1526 481 1561 μίασμα
501 1526 671 1558 καταλιπὼν,
695 1526 745 1562 τὴν
757 1526 811 1553 τῶν
827 1527 965 1562 χαρισμά-

173 1580 229 1598 των
242 1571 309 1598 Θεοῦ
322 1571 515 1607 πεπλούτηκας
529 1571 700 1606 περιουσίαν,
717 1571 765 1599 καὶ
784 1571 879 1606 ὥσπερ
897 1571 964 1599 ὑπο-

173 1618 301 1652 δείγματι
314 1617 370 1644 τῶν
393 1618 566 1653 νοουμένων,
590 1618 624 1653 τῇ
652 1617 708 1644 τῶν
730 1617 876 1653 ὁρωμένων
898 1626 967 1653 χρη-

175 1664 292 1698 σάμενος
303 1664 428 1699 ἁρπαγῇ,
439 1663 591 1695 εὐθυσόλως
602 1663 671 1699 πρὸς
685 1663 734 1698 τὴν
746 1663 860 1690 ἑκείνων
873 1662 965 1698 λῆψιν,

174 1709 226 1736 εἴτ’
245 1708 291 1735 οὖν
313 1709 460 1745 ἐπαινετὴν
483 1709 601 1745 ἔδραμες
627 1710 769 1745 ἁρπαγήν·
788 1708 835 1736 καὶ
849 1708 968 1744 τοσούτῳ

173 1753 225 1789 τὴν
249 1754 392 1790 ἄμεμπτον
415 1755 633 1790 ἑπλεονέκτησας
663 1754 829 1787 πλεονεξίαν,
851 1755 906 1789 ὅσῳ
919 1754 968 1789 τῆς

176 1800 312 1835 μωμητῆς
325 1800 532 1836 ὑπερανέστης·
548 1801 657 1836 εκείνης
682 1800 711 1827 δὲ
733 1799 860 1827 τοσοῦτον
881 1799 969 1835 ἀπηλ-

175 1844 341 1882 λοτριώθης,
354 1846 417 1873 ὅσον
433 1846 520 1882 ταύτῃ
534 1846 630 1880 σαφῶς
643 1845 865 1882 προσῳκειώθης.

214 1978 311 2014 Χαῖρε,
325 1979 430 2014 μάκαρ,
441 1979 563 2006 αὑτόπτα
573 1978 624 2013 τῆς
640 1977 770 2014 ἀληθείας
785 1977 834 2004 καὶ
849 1976 966 2004 θεόπτα’

176 2024 194 2051 ὸ
205 2024 251 2051 τὸν
262 2024 395 2060 ἀτίμητον
409 2024 545 2060 θησαυρὸν
558 2024 656 2059 εὑρὼν,
674 2023 712 2055 ὡς
728 2023 757 2049 ιν
769 2022 848 2058 ἀγρῷ
859 2023 893 2058 τῇ
904 2030 971 2057 καρ-

177 2070 223 2105 δίᾳ
246 2070 372 2105 κρυφίως
387 2069 643 2104 κατακεχωσμένον,
669 2068 718 2096 καὶ
738 2068 794 2095 ἀπὸ
816 2068 867 2102 τῆς
884 2068 971 2102 χαρᾶς

178 2114 304 2141 ἀπελθὼν
315 2135 323 2147 ,
340 2115 389 2141 καὶ
405 2115 495 2142 πάντα
509 2115 560 2141 ὅσα
582 2112 655 2149 εἶχες
678 2112 839 2150 πεπραχὼς,
860 2113 907 2139 καὶ
927 2112 972 2139 τὸν

179 2161 264 2196 ἀγρὸν
291 2161 458 2196 ἐωνημένος,
489 2160 534 2187 διὰ
561 2161 607 2187 τὸν
633 2161 662 2187 έν
680 2159 755 2194 αὒτῷ
782 2158 972 2195 κεκρυμμένον

1014 254 1107 285 gesta,
1133 255 1292 284 quantaque
1320 250 1495 278 sermonibus
1524 251 1661 279 labiorum
1691 260 1806 282 munere

1011 295 1214 330 prodeuntibus
1234 295 1328 323 divine
1351 300 1522 331 augusteque
1541 296 1645 325 docens
1664 297 1805 326 Christum

1013 339 1226 374 clariﬁcaverit,
1249 348 1281 368 ac
1309 345 1412 376 quanta
1442 349 1492 376 per
1517 341 1651 377 Spiritum
1680 343 1805 372 omnittm

1012 386 1184 414 conditorem
1211 395 1344 422 operans,
1359 395 1462 422 eosque
1483 387 1518 415 ad
1539 396 1608 423 quos
1632 397 1696 417 eum
1720 391 1806 426 gratia

1011 433 1208 460 amandaverat
1226 433 1254 460 in
1270 437 1412 468 stuporem
1428 441 1528 470 agens,
1542 434 1628 462 Deum
1645 437 1806 472 magniﬁca-

1012 477 1084 505 verit
1096 486 1102 504 ε
1115 478 1351 513 quemadmodum
1363 480 1447 507 etiam
1460 480 1494 507 ad
1509 484 1662 508 extremum
1676 482 1807 518 Hierapo-

1013 522 1061 550 lim
1080 523 1165 559 Syrite
1178 524 1304 556 veniens,
1318 525 1497 560 conlertaque
1513 525 1655 554 hominum
1673 528 1806 556 concione

1012 568 1106 596 Iesum
1124 569 1256 602 laudans,
1269 570 1426 605 divinisque
1446 571 1691 606 praedicationibus
1706 573 1806 600 eximie

1013 615 1154 643 Christum
1172 616 1326 649 celebrans,
1342 621 1425 651 atque
1441 624 1490 645 eos
1505 617 1552 652 qui
1570 625 1619 652 per
1636 617 1727 652 ipsum
1741 625 1804 646 cre-

1014 661 1160 694 didissent,
1173 662 1290 689 Domino
1303 662 1467 698 adiungens,
1480 667 1657 697 sanctamque
1670 667 1697 690 et
1710 663 1805 690 imma-

1014 707 1133 735 culatam
1151 708 1302 736 Ecclesiam
1325 713 1486 741 exstruens;
1507 708 1590 743 inque
1609 716 1672 735 eum
1695 708 1805 736 modum

1014 759 1108 780 sancte
1118 774 1125 784 .
1138 756 1166 780 et
1184 758 1215 781 ut
1230 753 1290 788 ejus
1306 753 1419 788 dignum
1437 757 1497 780 erat
1508 752 1664 785 vocatione,
1679 753 1728 781 Dei
1742 754 1806 781 fun-

1014 803 1075 825 ctus
1089 798 1231 834 martyrio.
1244 798 1277 826 ad
1294 798 1396 834 Regem
1412 806 1492 826 suum
1506 802 1534 826 et
1545 799 1691 826 Dominum
1706 799 1806 827 Deum-

1014 852 1068 879 que
1090 844 1231 879 profeetus
1251 845 1301 878 sit;
1320 845 1397 872 velut
1413 844 1524 880 quidem
1546 845 1639 873 tunica
1659 850 1754 873 sancto
1774 854 1807 875 ac

1013 890 1164 918 venerabili
1188 890 1315 926 deposito
1337 898 1470 926 corpore,
1487 891 1626 919 ccelestem
1645 899 1710 919 vero
1733 893 1808 920 intus

1013 936 1127 964 indutus
1147 936 1301 964 claritatem
1323 941 1406 971 atque
1428 936 1577 970 honorem;
1600 937 1684 972 inque
1706 937 1808 973 gaudio

1014 981 1195 1009 inenarrabili
1223 986 1252 1009 et
1279 982 1451 1018 gloriﬁcato,
1474 983 1548 1009 omni
1577 983 1700 1010 caelitum
1730 991 1808 1011 sacro

1014 1027 1168 1062 principatu
1189 1034 1290 1062 pompa
1311 1027 1415 1055 mundo
1439 1028 1577 1062 superiori
1600 1028 1754 1056 deducente
1775 1036 1808 1056 ac

1013 1072 1154 1108 stipante,
1177 1073 1267 1100 vultui
1292 1073 1444 1108 magniﬁcae
1468 1073 1562 1109 gloriae
1585 1080 1677 1101 coram
1701 1075 1757 1103 Deo
1778 1075 1807 1102 in

1013 1116 1124 1145 Christo
1156 1117 1223 1145 Jesu
1251 1118 1443 1153 appariturus,
1471 1118 1613 1153 ingressus
1640 1120 1676 1147 sit
1697 1128 1704 1146 :
1725 1128 1807 1155 quem

1016 1168 1043 1190 ct
1056 1170 1187 1190 coronam
1207 1163 1302 1198 gloriae
1321 1167 1349 1190 et
1369 1163 1562 1191 indumentum
1582 1163 1806 1200 incorruptionis.

1014 1208 1155 1243 vitamque
1165 1212 1298 1237 aeternam
1313 1215 1346 1237 ac
1358 1216 1473 1245 regnum
1486 1209 1678 1239 inconcussum
1690 1211 1808 1247 adeptus

1016 1257 1059 1280 est
1066 1253 1098 1281 ‘°.

1050 1296 1113 1325 Haec
1127 1297 1257 1326 nimirum
1271 1298 1363 1326 omnia
1376 1298 1553 1327 historiarum
1566 1300 1763 1333 monumentis,
1775 1308 1808 1328 ac

1015 1341 1180 1377 potioribus,
1195 1350 1277 1378 quam
1299 1351 1348 1379 pro
1370 1352 1430 1371 mea
1453 1344 1583 1372 facultate
1602 1344 1704 1372 divinis
1725 1353 1806 1372 exor-

1017 1387 1109 1415 nanda
1123 1388 1300 1416 sermonibus
1315 1389 1419 1422 sinens,
1435 1389 1461 1416 in
1476 1390 1516 1417 tui
1531 1389 1654 1418 desinam
1668 1391 1808 1418 salutatio-

1016 1440 1090 1464 nem.
1101 1433 1157 1461 Deo
1167 1437 1274 1469 gratum
1283 1441 1316 1460 ac
1325 1433 1405 1461 valde
1418 1434 1537 1461 amicum
1551 1435 1647 1469 caput!
1665 1435 1745 1464 Salve
1758 1436 1806 1468 sis,

1019 1478 1208 1513 apostolorum
1224 1478 1479 1512 venerabilissime,
1493 1487 1526 1507 ac
1543 1481 1642 1508 merito
1658 1480 1808 1509 beatissimi

1019 1523 1100 1550 titulo
1120 1523 1305 1559 pmdicande.
1321 1523 1431 1557 Gaude,
1447 1525 1521 1558 quod
1549 1529 1679 1561 tanquam
1702 1527 1810 1562 piaculo

1019 1576 1051 1596 ac
1075 1569 1312 1597 contaminatione
1336 1570 1434 1597 relicto
1461 1571 1642 1605 pecuniarum
1667 1572 1808 1606 portorio.

1018 1613 1154 1641 donorum
1167 1614 1214 1642 Dei
1228 1615 1382 1642 substantia
1398 1615 1521 1650 locuples
1537 1616 1661 1649 evasisti,
1676 1616 1809 1652 velutque

1019 1667 1115 1687 eorum
1129 1667 1190 1695 quae
1205 1660 1298 1692 animo
1314 1660 1507 1697 intelliguntur
1518 1661 1656 1697 exemplo,
1669 1670 1763 1689 rerum
1782 1662 1810 1690 in

1019 1710 1162 1740 aspectum
1187 1706 1347 1734 cadentium
1374 1707 1470 1742 rapina
1495 1715 1579 1740 usus,
1605 1712 1681 1736 recta
1703 1707 1737 1735 ad
1764 1708 1812 1736 illa

1019 1751 1154 1786 capienda
1188 1751 1373 1787 (laudabilem
1406 1753 1512 1781 scilicet
1540 1761 1637 1781 eorum
1668 1754 1811 1789 rapinam)

1020 1797 1168 1825 cucurristi
1184 1806 1191 1825 :
1209 1802 1342 1834 tantoque
1355 1799 1467 1827 innoxia
1481 1799 1527 1827 illa
1541 1800 1604 1834 plus
1617 1800 1735 1827 habendi
1750 1800 1814 1827 libi-

1021 1843 1086 1871 dine
1101 1843 1193 1872 vicisti
1207 1864 1215 1877 ,
1233 1849 1336 1879 quanto
1353 1845 1484 1880 culpabili
1501 1845 1638 1873 emersiuti
1656 1855 1664 1873 :
1682 1850 1814 1881 tantoque

1021 1888 1056 1916 ab
1073 1888 1126 1915 hac
1143 1888 1230 1923 magis
1251 1888 1388 1916 alienatus
1406 1889 1522 1917 avaritia
1537 1897 1582 1923 es,
1600 1894 1704 1925 quanto
1725 1894 1752 1918 te
1773 1890 1813 1918 illi

1023 1937 1118 1969 aperte
1133 1933 1291 1961 devinxisti.

1059 1979 1139 2007 Salve
1156 1979 1204 2012 sis,
1227 1979 1318 2013 beate,
1341 1980 1388 2015 qui
1407 1979 1473 2015 ipsis
1489 1980 1577 2007 oculis
1593 1980 1735 2008 veritatem
1751 1988 1814 2016 spe-

1024 2024 1115 2056 ctasti,
1133 2031 1166 2052 ac
1185 2024 1272 2052 Deum
1287 2024 1380 2052 vidisti
1397 2034 1405 2052 :
1422 2025 1470 2059 qui
1486 2025 1566 2060 longe
1583 2025 1815 2060 pretiosissimum

1025 2069 1186 2097 thesaurum
1198 2070 1275 2097 velut
1289 2070 1317 2097 in
1331 2078 1407 2105 agro,
1418 2071 1446 2098 in
1459 2070 1542 2097 corde
1554 2071 1662 2098 occulte
1676 2070 1815 2098 defossum

1025 2113 1170 2144 invenisti,
1192 2120 1224 2141 ac
1250 2121 1306 2148 prae
1332 2114 1432 2149 gaudio
1456 2114 1577 2147 vadens,
1604 2122 1666 2150 qua:
1691 2115 1815 2143 habebas

1025 2159 1117 2186 omnia
1128 2159 1289 2193 vendidisti,
1303 2167 1456 2195 agrumque
1469 2165 1582 2195 propter
1593 2161 1726 2188 latentem
1740 2160 1768 2187 in
1781 2167 1816 2187 eo

179 2206 333 2242 θησαυρόν·
350 2206 400 2233 καὶ
421 2207 452 2233 οὐ
468 2206 548 2240 μόνος
561 2206 609 2233 τοῦ
623 2205 758 2240 ἀμιάντου
774 2204 965 2232 καταπολαύωκ

1025 2204 1184 2233 thesaurum
1207 2206 1366 2234 coemisti“
1387 2214 1394 2233 :
1417 2213 1469 2234 nec
1492 2206 1568 2234 solus
1590 2206 1817 2234 incontaminatis

179 2253 308 2285 πλούτου,
333 2252 393 2279 ἀλλ’
419 2253 452 2278 hc
471 2251 518 2278 τοῦ
544 2251 595 2287 τῆς
618 2251 733 2287 καρδίας
754 2250 973 2286 περισσεύματος

179 2299 230 2330 τὰς
244 2299 308 2330 ὅλας
319 2298 472 2330 πλουτίζων
487 2297 541 2325 τῶν
552 2297 706 2333 ἀνθρώπων
721 2297 829 2331 γενεάς.

217 2343 322 2378 Χαῖρε,
350 2343 393 2370 ὃτι
410 2342 519 2378 πρῶτος
533 2342 615 2374 αὐτὸς
635 2341 684 2369 τοῦ
705 2342 884 2378 Παρακλήτου
905 2349 973 2368 κατ-

196 2389 279 2423 έστης
291 2387 486 2423 ὑπογραφεὺς·
499 2387 607 2423 πρῶτος
623 2388 674 2422 τὴν
693 2387 824 2423 ἀλήθειαν
845 2383 883 2414 ὧν
904 2386 974 2421 ἀκή-

181 2441 248 2464 κοας
264 2431 505 2468 θεορῤημοσυνῶν,
522 2429 560 2458 ὢν
573 2431 699 2467 ἑώρακας
714 2431 925 2466 ἱεροτελεστιῶν,
939 2431 970 2456 οὺ

186 2478 285 2511 μόναις
307 2478 419 2513 Ξκρινας
443 2476 589 2504 πιστεῦσαι
614 2477 669 2504 τῶν
692 2476 844 2512 ἀνθρώπιον
862 2476 972 2507 ἀκοαῖς·

181 2524 240 2550 ἀλλ’
255 2523 421 2558 εὐλαδήθης,
437 2523 475 2559 μὴ
490 2522 530 2558 τῷ
547 2523 637 2557 χρόνῳ
656 2522 690 2549 τὰ
705 2522 765 2549 θεῖα
778 2522 902 2557 νοθευθῇ,
927 2522 975 2548 καὶ

182 2570 217 2595 τὰ
232 2569 343 2604 καθαρὰ
359 2569 484 2605 ρυπωθῇ,
500 2568 548 2595 καὶ
563 2568 597 2595 τὰ
615 2568 682 2602 ἅγια
700 2567 840 2602 βεϐηλωθῇ
851 2574 858 2582 ·
875 2567 915 2592 διδ
928 2566 975 2592 καὶ

184 2615 299 2650 βιϐλίοις
325 2615 511 2650 ὲγγραφῆναι,
537 2614 585 2641 καὶ
610 2615 644 2649 τῇ
661 2613 808 2648 οίκουμένῃ
827 2620 975 2648 παραπεμ-

185 2659 304 2694 φθῆναι,
328 2660 378 2686 καὶ
405 2660 445 2691 ιίς
467 2659 592 2691 ἅπαντας
610 2658 696 2690 οὕτως
720 2657 807 2684 ἔλθείν
821 2657 852 2683 τὸ
874 2656 975 2691 ὑψηλὸν

187 2705 354 2739 Εὑαγγέλιον
369 2705 571 2740 ἀγαθοπρεπῶς
586 2705 634 2732 καὶ
647 2703 783 2739 ἀφθόνως,
798 2703 836 2735 ὡς
847 2702 896 2729 τοῦ
908 2703 977 2736 ἀγα-

187 2750 235 2777 θοῦ
248 2750 332 2786 μόνου
344 2751 439 2783 πιστὸς
453 2750 604 2786 ὑπηρέτης,
615 2749 792 2784 ἐδοκίμασας,
806 2747 844 2780 ὼς
861 2747 895 2775 ἂν
909 2747 977 2774 πάν-

223 2843 246 2860 ⁸⁸
258 2843 268 2871 ι
282 2843 358 2870 Petr.
370 2849 389 2872 I,
401 2841 433 2874 8;
448 2840 531 2868 llebr.
546 2848 583 2871 Ix,
594 2840 639 2867 Ἡ.
679 2840 698 2855 ¹¹
712 2839 809 2867 Matth.
821 2846 879 2872 xm,
893 2838 936 2866 Η.

339 2889 475 2919 ΡΑἰἹιοιι.
502 2887 560 2918 Gn.
578 2886 640 2916 CV.

1025 2250 1132 2278 divitiis
1151 2251 1264 2285 frueris,
1280 2251 1329 2279 sed
1350 2259 1385 2279 ex
1407 2251 1499 2279 cordis
1517 2251 1684 2278 abundantia
1703 2255 1817 2279 cunctas

1025 2295 1167 2324 hominum
1183 2302 1278 2325 aetates
1294 2297 1349 2324 illis
1364 2297 1524 2332 impartiris.

1062 2339 1142 2368 Salve
1159 2341 1208 2372 sis,
1224 2341 1297 2376 quod
1315 2341 1421 2376 primus
1437 2341 1496 2375 ipse
1512 2341 1653 2369 Paracleto
1669 2348 1684 2369 a
1701 2342 1815 2369 secretis

1025 2387 1163 2414 exstitisti.
1178 2387 1284 2415 Primus
1296 2387 1465 2419 divinorum,
1478 2395 1548 2422 quos
1561 2387 1698 2421 audieras,
1712 2396 1817 2416 sermo-

1027 2439 1095 2458 num
1116 2431 1262 2459 veritatem
1273 2452 1280 2465 ,
1298 2439 1345 2465 ac,
1360 2439 1422 2467 quae
1443 2431 1566 2464 videras,
1583 2437 1818 2460 sacramentorum

1030 2476 1128 2508 ﬁdem,
1153 2477 1220 2504 solis
1245 2477 1388 2504 hominum
1411 2477 1526 2504 auribus
1550 2477 1720 2505 condendam
1743 2477 1817 2504 haud

1028 2522 1148 2558 putasti;
1172 2522 1220 2550 sed
1239 2524 1346 2550 veritus
1366 2530 1397 2551 es
1417 2530 1453 2551 ne
1473 2522 1567 2550 divina
1587 2522 1720 2558 temporis
1740 2523 1818 2556 lapsu

1029 2568 1202 2595 adulteraren
1207 2572 1261 2601 tur,
1271 2576 1303 2596 ac
1312 2576 1379 2603 pura
1390 2569 1657 2599 contaminarentur,
1670 2572 1819 2601 sanctaque

1031 2612 1252 2647 prolanarentur.
1265 2613 1449 2647 Quamobrem
1464 2613 1547 2641 etiam
1563 2617 1593 2640 ut
1605 2613 1683 2641 libris
1698 2611 1819 2640 conscri-

1031 2662 1109 2692 ptum
1127 2657 1154 2684 in
1168 2658 1265 2685 orbem
1281 2658 1525 2690 transmitteretur,
1538 2662 1620 2693 atque
1638 2657 1664 2684 in
1680 2663 1742 2684 eum
1757 2661 1819 2682 mo-

1031 2702 1096 2729 dum
1118 2701 1152 2729 ad
1175 2710 1270 2731 omnes
1291 2704 1400 2732 veniret
1420 2704 1538 2731 sublime
1550 2702 1738 2737 Evangelium,
1754 2699 1818 2726 boni

1031 2747 1124 2776 indole
1146 2755 1179 2775 ac
1203 2748 1262 2777 sine
1286 2749 1406 2783 invidia,
1423 2753 1552 2784 tanquam
1577 2747 1651 2774 illius
1674 2745 1720 2780 qui
1743 2743 1821 2771 solus

1582 2881 1600 2913 8
