2078 3154
263 197 318 233 939

872 187 1021 218 ΝΙΟΕΤΑΞ
1041 185 1304 216 PAPHLAGONIS

1851 183 1905 214 940

265 257 352 288 tione,
369 251 501 288 nulloque
514 248 675 278 discrimine
688 246 810 283 polleat;
833 245 882 280 qui
908 249 999 272 tamen
1022 242 1057 269 ab

1118 241 1326 277 ιπαραλλάκτως
1348 239 1553 274 κατα-πλουτῶν,
1566 239 1620 268 ἀπὸ
1634 239 1699 276 μιᾶς
1713 238 1744 266 δὲ
1753 238 1788 275 ἣν
1800 239 1905 272 ἐκεῖνος

266 309 321 329 una
335 304 397 328 cum
411 297 508 334 primis
529 296 686 324 celebretur
699 300 731 320 ac
745 293 908 324 innotescat,
922 297 976 325 qua
991 289 1057 316 reli-

266 347 330 382 quis
339 343 528 373 abundantius
544 341 641 373 fulsit;
666 339 762 367 Simon
784 340 969 372 cognomento
981 334 1061 362 Zelo-

267 380 321 424 tes,
333 389 392 425 pari
404 388 536 416 nimirum
553 385 650 421 primis
664 384 768 419 pietate
786 382 814 409 in
835 380 981 409 Dominum
1006 386 1061 406 no—

269 435 404 466 bilitatus.
421 434 469 469 qui
491 437 582 460 tamen
600 429 696 465 majori
722 427 837 463 reliquis
850 427 959 455 fervore
975 432 1060 452 orna-

269 488 323 515 tus,
337 482 389 509 rite
403 479 512 507 Zelotes
524 477 563 511 (id
577 481 631 506 est.
644 475 800 508 aemulator)
815 473 920 500 audiat.
947 472 975 499 Id
987 471 1061 499 enim

268 533 311 556 est
323 528 399 555 zelus
418 533 467 552 seu
484 522 750 555 aemulatioauempe
771 520 863 547 fcrvor
877 525 940 546 cum
954 517 1061 544 ratione

268 580 390 608 sanoque
407 569 524 598 consilio
546 567 661 595 honoris
687 565 736 593 Dei
750 571 834 592 causa
856 569 1000 594 accensus,
1028 568 1062 589 ac

269 619 332 647 ﬁdei
347 607 475 645 tutamen
493 619 656 648 certumque
675 610 834 646 praesidium
852 613 996 644 praestans.
1011 607 1062 634 llic

268 673 320 693 nos
331 664 414 691 hodie
440 662 517 690 claro
540 658 679 696 praeconio
703 656 815 691 lenique
840 662 872 682 ac
893 654 1003 690 placido
1027 653 1061 680 ad

269 710 399 744 mysticas
421 707 522 736 invitat
534 705 653 740 epulas:
672 710 757 737 seque
776 701 835 736 ipse
857 703 988 734 tanquam
1000 697 1062 733 opi-

268 763 363 792 param
376 762 408 782 ac
427 751 606 789 splendidam
618 756 741 777 mensam
759 753 911 782 apponens,
928 751 1063 779 suamque

268 791 392 832 crucem,
409 806 441 826 ac
454 797 556 833 quibus
569 794 694 823 cruciﬁxi
709 799 793 821 causa
810 791 921 818 functus
931 794 985 821 est.
1001 796 1063 816 cru-

268 847 406 875 ciamenta
421 848 551 879 recteque
563 842 634 870 facta
648 848 680 868 ac
694 838 812 867 virtutes
828 836 903 864 velut
918 836 1064 863 immorta-

270 893 310 919 les
326 891 411 926 dapes
426 889 557 920 oﬁerens,
584 886 716 914 convivas
732 890 798 911 suos
813 889 897 917 quam
908 880 1063 909 lautissima

270 937 372 973 accipit
382 943 417 964 ac
430 935 524 962 habet.

305 983 373 1017 Quis
383 989 439 1009 non
455 980 539 1017 igitur
560 982 662 1014 praesto
686 976 720 1005 ad
746 975 949 1004 solemnitatem
966 981 1065 1001 occur-

271 1031 333 1058 rat?
359 1028 428 1062 Quis
454 1027 491 1054 ita
514 1025 619 1061 segnis,
639 1025 679 1052 ita
701 1023 841 1059 negligens
865 1029 898 1049 ac
920 1027 1063 1051 morosus;

269 1077 369 1112 quisve
383 1075 424 1102 sic
437 1073 529 1101 mollis
540 1071 682 1105 animique
691 1069 811 1101 solutus,
824 1071 855 1095 ut
865 1066 979 1094 delicias
992 1065 1065 1100 ejus-

271 1111 358 1155 modi,
373 1125 405 1148 ut
418 1123 522 1148 tantam
534 1116 738 1154 iucunditatem
751 1114 888 1148 talemque
905 1111 1065 1140 convivato-

272 1177 331 1198 rem
349 1164 563 1200 contempserit!
580 1162 627 1198 qui
639 1163 747 1196 {nempe
761 1160 845 1193 {ﬁlius
863 1158 986 1186 hominis
1001 1164 1064 1184 cum

272 1218 358 1247 esset,
373 1220 408 1240 ac
424 1212 526 1240 bonam
554 1209 675 1236 animm
700 1206 816 1235 sortitus
841 1204 949 1237 fuisset,
976 1210 1065 1238 usque

273 1262 343 1290 adeo
357 1263 485 1293 tantaque
498 1255 640 1291 diligentia
658 1253 779 1289 seipsum
793 1250 928 1283 excoluit,
941 1250 1065 1285 legisque

273 1304 448 1335 documentis
462 1311 494 1331 ac
508 1300 722 1338 gratia'placitis
732 1297 860 1331 absolvit,
874 1301 906 1324 ut
922 1295 971 1324 Dei
991 1295 1065 1323 ﬁlius

273 1354 430 1382 efﬁceretur
441 1357 474 1377 ac
491 1347 698 1375 etistimaretur
714 1343 747 1371 ".

310 1398 400 1427 Vultis
427 1399 456 1424 et
480 1393 634 1429 disciplina:
657 1390 786 1422 modum,
808 1396 865 1425 quo
892 1388 926 1416 ad
956 1387 1065 1416 Patrem

274 1453 355 1474 suum
367 1446 515 1479 provectus
534 1443 587 1472 est,
602 1437 727 1466 discere?
746 1436 850 1464 Frusto
874 1441 937 1463 sum
952 1438 984 1461 ut
997 1441 1067 1468 pau-

274 1492 315 1520 cis
331 1478 468 1518 referam:
486 1494 522 1514 ac
539 1491 632 1520 quaeso
645 1490 745 1511 aurem
761 1482 892 1510 solertem
909 1484 992 1515 atque
1006 1478 1068 1506 ani-

275 1546 352 1567 mum
369 1534 587 1565 accommodate.
603 1531 652 1558 Ille
665 1529 796 1556 nimirum
810 1526 949 1561 morigero
971 1524 1068 1552 auditu

275 1592 309 1612 ac
324 1582 398 1610 ﬁdeli
412 1583 508 1608 mente
524 1577 618 1605 divina
631 1575 757 1606 edoctus,
786 1572 1001 1607 intelligensque
1016 1570 1067 1597 Do-
1082 1577 1104 1608 ρ

276 1629 346 1657 mini
362 1626 486 1657 oracula,
502 1629 584 1658 atque
610 1622 669 1648 hac
680 1628 695 1647 a
711 1626 804 1654 ‘puero
819 1618 846 1645 in
858 1617 986 1645 animum
1000 1623 1068 1644 con-

277 1680 385 1710 gerens,
412 1671 546 1698 hactenus
571 1666 683 1702 quidem
706 1672 758 1692 ceu
771 1663 929 1690 rudimento
944 1661 1007 1696 lege
1027 1660 1070 1687 in-

277 1706 465 1749 stituebatur;
482 1713 696 1746 oarnalibusqne
707 1706 956 1746 iustiﬁcatienibns
972 1713 1004 1734 ac
1019 1706 1068 1733 lit-

280 1770 345 1792 tene
371 1758 573 1797 imperfectioni
603 1763 708 1784 navans
734 1761 866 1789 operam,
899 1752 984 1785 inque
1016 1750 1070 1778 illis

278 1815 422 1840 exercens.
439 1805 472 1833 ad
489 1803 583 1840 gratiae
600 1800 798 1837 perfectionem
814 1796 1033 1833 pmparabatur.

315 1853 384 1888 Quia
404 1859 472 1880 vero
500 1849 547 1886 qui
572 1848 694 1876 litteram
720 1845 868 1880 abrogaret
895 1847 924 1870 et
942 1842 1070 1878 spiritum

279 1902 495 1929 consummaret,
508 1899 622 1923 venerat
633 1902 643 1921 :
657 1901 690 1920 ac
698 1893 820 1920 incerna:
830 1889 943 1925 quidem
959 1887 1071 1916 incendi

280 1953 389 1981 tempus
412 1945 582 1974 excesserat,
607 1939 722 1975 justitite
748 1941 839 1965 autem
854 1936 900 1964 Sol
920 1936 1069 1967 illuxerat;

279 1998 363 2027 atque
381 1989 472 2018 noctis
486 1996 518 2016 se
538 1985 671 2014 moestitia
694 1984 880 2014 subducente.
895 1982 952 2018 jam
977 1981 1072 2009 oriens

279 2044 404 2067 summos
420 2035 555 2064 montium
566 2032 685 2060 vertices
701 2029 870 2062 illustrabat;
887 2036 942 2056 non
950 2028 1072 2062 amplius

280 2082 378 2119 ﬁguris
396 2079 557 2114 umbrisque
570 2076 698 2104 distineri
714 2074 867 2103 sustinuit:
881 2081 937 2101 non
952 2076 983 2100 ut
994 2071 1073 2099 dein-

281 2136 348 2165 ceps
363 2127 511 2164 paedagogo
522 2123 619 2151 allixus
640 2122 734 2156 illique
754 2120 884 2148 assiduus
902 2123 986 2150 esset,
1004 2125 1074 2152 ope-

283 2163 324 2202 rae
332 2172 452 2208 pretium
469 2169 549 2198 duxit
563 2177 570 2195 :
588 2167 637 2194 sed
653 2166 729 2202 gravi
744 2165 793 2192 illo
805 2165 871 2201 iugo
883 2163 1007 2191 humeris
1023 2170 1073 2190 ex-

282 2225 375 2250 cusso,
390 2218 485 2253 jngnm
506 2212 629 2249 magistri
649 2219 733 2239 suave
750 2210 897 2245 imposuit;
924 2212 1074 2244 spretoque

1112 289 1167 316 τῶν
1180 289 1291 316 πάντων
1305 288 1509 324 περισσοτέρως
1522 287 1726 322 κατωρθώσατο
1735 285 1906 321 γνωριζόμε-

1111 344 1167 368 νος.
1184 336 1277 372 Σίμων
1287 335 1304 362 ὁ
1318 333 1486 370 καλούμενος
1507 333 1654 369 Ζηλωτής·
1670 332 1769 368 επίσης
1784 332 1834 367 μιν
1849 332 1906 364 τοῖς

1111 380 1232 417 πρώτοις
1242 382 1277 416 τῇ
1295 381 1336 413 είς
1347 380 1395 407 τὸν
1412 380 1515 416 Κύριον
1538 378 1666 415 εὐσεσείᾳ
1683 378 1904 413 σεμνυνόμενος·

1111 427 1215 454 πλείονι
1227 426 1256 454 δὲ
1268 427 1323 454 τῶν
1339 426 1427 454 ἄλλων
1434 426 1583 462 θερμότητι
1596 425 1793 459 κοσμούμενος,
1810 423 1905 451 εὐστό-

1111 482 1167 508 χως
1182 473 1314 508 κέκληται
1327 472 1471 508 Ζηλωτής·
1491 471 1569 498 τοῦτο
1586 472 1642 507 γὰρ
1660 470 1752 506 ζῆλος,
1766 470 1904 506 θερμότης

1111 519 1183 547 κατὰ
1195 519 1366 554 εὐλογιστίας
1384 519 1455 554 ὑπὲρ
1471 519 1521 553 τῆς
1541 517 1589 545 τοῦ
1605 517 1675 544 Θεοῦ
1689 518 1772 552 τιμῆς
1785 517 1905 544 ἀναπτο-

1113 566 1193 601 μίνη,
1203 565 1252 592 καὶ
1267 566 1300 600 τῇ
1320 565 1411 592 πίστει
1435 564 1466 591 τὸ
1480 563 1602 599 ἀσφαλὲς
1617 562 1805 599 παρεχομένη.
1818 560 1905 594 οὗτος

1111 611 1187 645 ἡμᾶς
1207 611 1327 646 σήμερον
1357 609 1514 645 διαπρυσίῳ
1537 609 1697 645 κηρύγματι
1729 608 1777 635 καὶ
1801 608 1908 643 ἠσυχίῳ

1112 657 1180 693 πρὸς
1200 656 1335 692 μυστικὴν
1354 656 1518 684 πανδαισίαν
1539 654 1683 689 συγκαλεῖ·
1704 654 1801 681 ἑαυτὸν
1812 653 1840 680 δὲ
1856 662 1907 680 πο-

1112 702 1209 737 λυτελῆ
1226 702 1274 728 καὶ
1287 702 1386 737 νοεράν
1406 701 1549 737 τράπεζαν
1571 699 1711 737 προτιθεὶς
1725 708 1732 715 ·
1750 699 1797 726 τὸν
1822 698 1907 725 αὑτοῦ

1112 747 1140 774 δὲ
1153 756 1219 774 σταυ
1224 747 1279 782 ρον.
1292 747 1341 774 καὶ
1351 746 1385 773 τὰ
1395 746 1469 781 ὑπὲρ
1478 746 1526 773 τοῦ
1538 745 1748 781 ἐσταυρωμένον
1755 743 1907 778 παθήματα

1114 794 1163 821 καὶ
1178 793 1416 830 ἀνδραγαθήματα
1432 793 1528 829 ὥσπερ
1544 793 1671 827 ἀκήρατα
1686 790 1908 827 προϐαλλόμενος

1115 840 1262 875 ἐδέσματα,
1282 841 1310 866 ὲν
1326 839 1432 870 τούτοις
1443 840 1509 870 τοὺς
1538 838 1622 865 αὑτοῦ
1643 837 1808 871 δαιτύμονας
1834 836 1906 872 λαμ-

1082 915 1102 942 B
1116 886 1194 922 πρῶς
1206 887 1246 913 ὅτι
1264 886 1382 921 μάλιστα
1398 885 1531 918 δεξιοῦται
1543 885 1592 912 καὶ
1608 883 1805 920 φιλοτιμεῖται.

1149 972 1199 1004 Τίς
1212 971 1259 998 οὖν
1279 972 1329 999 οὐκ
1342 972 1495 1006 ἀπαντήσει
1517 972 1586 1008 πρὸς
1601 972 1652 1007 τὴν
1667 972 1841 1008 πανήγυριν;
1857 971 1908 1004 Τίς

1114 1017 1186 1045 οὕτω
1210 1017 1342 1053 ῥᾴθυμος,
1355 1017 1444 1050 οὕτως
1458 1018 1563 1054 ἀμελής
1582 1026 1612 1045 τε
1633 1018 1682 1045 καὶ
1703 1018 1908 1054 ὑπεροπτικόςς

1114 1063 1157 1095 τίς
1171 1063 1200 1090 δὲ
1211 1062 1325 1098 ’χαῦνος
1338 1063 1411 1090 οὕτω
1438 1064 1487 1091 καὶ
1512 1064 1700 1100 ἐκλελυμένος,
1717 1064 1757 1095 ὡς
1780 1064 1909 1099 τοιαύτης

1114 1109 1231 1145 τρυφῆς,
1248 1109 1376 1145 τοιαύτης
1390 1110 1573 1146 τερπνότητος
1585 1111 1633 1137 καὶ
1648 1110 1807 1145 ἑστιάτορος
1816 1110 1905 1137 τοιού-

1114 1163 1163 1182 του
1176 1155 1362 1190 παραμελεῖν;
1387 1155 1417 1187 δς
1436 1155 1501 1187 Υἱὸς
1522 1155 1560 1182 ὣν
1574 1155 1733 1191 ἀνθρώπου,
1754 1157 1803 1184 καὶ
1820 1157 1910 1192 ψυχῆς

1115 1199 1205 1236 λαχὼν
1218 1200 1336 1236 ἀγαθῆς,
1353 1200 1400 1227 ἐπὶ
1425 1200 1554 1228 τοσοῦτον
1577 1201 1675 1228 ἑαυτὸν
1691 1201 1725 1228 δι’
1749 1201 1910 1236 ἐπιμελείας

1116 1246 1298 1282 δξησκήσατο,
1317 1247 1365 1274 καὶ
1378 1246 1424 1274 τοῦ
1442 1247 1526 1282 νόμου
1540 1247 1598 1278 τοῖς
1613 1247 1842 1282 παραγγέλμασι,
1862 1249 1909 1275 καὶ

1116 1294 1172 1325 τοῖς
1186 1293 1235 1328 τῆς
1249 1293 1359 1329 χάριτος
1373 1293 1493 1328 δόγμασι
1500 1293 1678 1330 κατήρτιστο,
1694 1294 1734 1326 ὡς
1745 1294 1811 1322 Υίδν
1824 1303 1911 1322 κατα-

1117 1339 1213 1374 στῆναι
1224 1339 1274 1366 καὶ
1287 1338 1447 1374 λογισθῆναι
1467 1339 1548 1367 Θεοῦ.

1153 1384 1287 1411 Βούλεσθε
1310 1384 1358 1412 καὶ
1376 1385 1423 1412 τὸν
1441 1385 1543 1421 τρόπον
1562 1385 1614 1421 τῆς
1628 1385 1806 1422 ἀναγωγικῆς
1825 1386 1910 1414 αὐτοῦ

1117 1430 1188 1466 πρὸς
1209 1430 1256 1457 τὸν
1280 1429 1389 1466 Πατέρα
1414 1431 1555 1463 πολιτείας
1572 1432 1683 1466 μαθεῖν;
1702 1432 1834 1468 Ἕτοιμος
1850 1434 1911 1459 επι-

1118 1477 1212 1510 τεμεῖν
1224 1476 1296 1510 ἑγώ·
1311 1477 1359 1504 καί
1377 1485 1423 1512 μοι
1444 1477 1553 1505 συνετὸν
1572 1477 1619 1510 οὓς
1630 1479 1679 1506 καὶ
1702 1478 1823 1506 διάνοιαν
1845 1479 1911 1505 ὖτιοο

1121 1522 1205 1556 σχεῖν.
1226 1521 1346 1554 Ἐκεῖνος
1363 1522 1434 1558 ἀκοῇ
1451 1522 1501 1558 μὶν
1516 1523 1649 1555 εύπειθεῖ,
1664 1523 1803 1560 διανοίᾳδὲ
1814 1525 1907 1559 πιστῇ,

1119 1566 1153 1593 τὰ
1175 1566 1254 1593 ἔνθεα
1273 1566 1352 1601 λόγια
1368 1567 1417 1594 τοῦ
1443 1567 1547 1604 κυρίου
1564 1568 1678 1600 συνιεὶς,
1705 1569 1755 1595 καὶ
1779 1568 1910 1603 νηπιόθεν

1121 1612 1191 1640 αύτά
1208 1612 1369 1648 συμϐάλλων
1391 1614 1425 1648 τῇ
1442 1613 1553 1649 καρδίᾳ,
1568 1614 1638 1646 τέως
1660 1614 1710 1649 μεν
1730 1614 1912 1649 ὲστοιχειοῦτο

1120 1658 1160 1693 τῷ
1174 1657 1259 1694 νόμῳ,
1277 1658 1325 1685 καὶ
1338 1659 1394 1691 τοῖς
1406 1660 1457 1695 τῆς
1470 1659 1570 1695 σαρκὸς
1587 1659 1753 1695 δικαιώμασι
1769 1660 1910 1696 παιδοτρι-

1121 1703 1264 1739 δούμενος,
1283 1703 1331 1730 καὶ
1344 1704 1379 1740 τῇ
1396 1703 1506 1740 ἀτελείᾳ
1523 1703 1572 1732 τοῦ
1584 1704 1750 1740 γράμματος
1769 1705 1910 1741 ἐγγυμνα-

1121 1748 1253 1783 ζὸμενος,
1281 1749 1350 1785 πρὸς
1377 1749 1428 1786 τὴν
1454 1750 1506 1786 τῆς
1524 1751 1637 1786 χάριτος
1655 1750 1813 1786 τελειότητα
1839 1760 1911 1787 παρ-

1121 1795 1294 1826 εσκευάζετο.

1162 1839 1274 1875 Ἐπειδὴ
1298 1839 1326 1867 δι
1341 1840 1357 1867 δ
1378 1840 1425 1867 τοῦ
1450 1840 1616 1877 γράμματος
1638 1840 1774 1877 άθετητὴς
1798 1841 1844 1869 καὶ
1862 1841 1911 1868 τοῦ

1121 1884 1277 1921 πνεύματος
1291 1883 1344 1921 ἧκε
1359 1885 1508 1922 τελειωτής
1519 1895 1527 1903 θ
1546 1887 1593 1914 καὶ
1609 1887 1648 1923 τῷ
1663 1887 1752 1923 λύχνῳ
1771 1888 1821 1924 μὲν
1836 1889 1851 1915 δ
1863 1888 1911 1915 τοῦ

1122 1930 1229 1965 φαίνειν
1245 1931 1339 1966 ἐξήκει
1358 1932 1468 1967 καιρὸς,
1482 1933 1497 1959 δ
1515 1932 1611 1964 Ἥλιος
1626 1932 1655 1959 δὲ
1673 1932 1722 1967 τῆς
1735 1932 1913 1968 δικαιοσύνης

1122 1975 1246 2011 ἐπεφάνη
1255 1984 1263 1991 ·
1280 1976 1327 2003 καὶ
1345 1977 1362 2013 ὴ
1378 1977 1516 2012 κατήφεια
1529 1977 1578 2012 μὲν
1589 1977 1726 2013 ὑπεχώρει
1740 1977 1792 2012 τῆς
1805 1978 1912 2012 νυκτὸς,

1122 2022 1141 2057 ὴ
1152 2022 1269 2058 ἀνατολὴ
1281 2021 1309 2049 δὲ
1319 2022 1370 2058 ἠδη
1378 2022 1428 2054 τὰς
1441 2023 1596 2058 ἀκρωρείας
1612 2023 1808 2059 ητεφὼτιζεν,
1822 2024 1914 2052 οὐκέτι

1122 2067 1179 2098 τοῖς
1193 2066 1289 2098 τύποις
1307 2067 1431 2102 ἠνείχετο
1460 2068 1627 2102 προσμένειν
1649 2068 1697 2095 καὶ
1720 2070 1781 2101 ταῖς
1806 2070 1912 2101 σκιαῖς·

1123 2111 1216 2138 οὐκέτι
1236 2111 1276 2147 τῷ
1293 2112 1461 2147 παιδαγωγῷ
1477 2113 1675 2149 προσλιπαρεῖν
1687 2113 1757 2149 ᾤετο
1779 2114 1850 2142 δεῖν·
1867 2114 1915 2142 τὸν

1123 2155 1154 2183 δε
1173 2155 1259 2191 βαρὺν
1272 2156 1377 2183 ἐκείνου
1400 2156 1483 2191 ζυγὸν
1496 2157 1551 2183 τῶν
1565 2157 1675 2184 οἰκείων
1688 2157 1772 2193 ὤμων
1788 2158 1916 2186 ἀπωθού-

1128 2208 1217 2236 μενος,
1236 2201 1281 2227 τδν
1302 2200 1350 2228 τοῦ
1375 2201 1539 2229 διδασκάλου
1557 2202 1677 2238 χρηστὸν
1699 2204 1914 2239 ἔπεφορτίζετο·

282 2259 503 2291 circumcisionis
517 2258 643 2286 modesto
655 2263 750 2288 onere,
761 2255 822 2283 leve
833 2254 926 2290 gratia:
934 2260 1005 2281 onus
1014 2253 1068 2280 ele-

1127 2247 1175 2275 καὶ
1184 2247 1215 2274 τὸ
1223 2247 1364 2274 δύσοιστον
1382 2247 1467 2283 ἄχθος
1489 2249 1539 2285 τῆς
1553 2250 1708 2285 περιτομῆς
1723 2250 1868 2286 ὑπεριδὼν,
1884 2250 1916 2277 τὺ

283 2310 339 2344 git;
355 2315 388 2335 ac
403 2306 500 2334 relicto
512 2303 597 2335 Mose,
618 2305 764 2329 vocantem
777 2300 871 2327 Iesum
883 2302 996 2326 secutus
1008 2301 1051 2325 est
1063 2305 1071 2324 :

283 2343 331 2390 qui
342 2351 473 2379 nimirum
485 2356 541 2377 suat
563 2347 602 2375 illi
618 2346 712 2382 gratiae
726 2344 819 2373 radios
831 2343 987 2374 aﬁ'undens.
1003 2349 1072 2377 pro-

284 2388 405 2434 priaeque
430 2394 523 2431 gloriae
539 2401 571 2421 ac
595 2392 747 2428 maiestatis
773 2397 883 2418 sensum
909 2388 1073 2420 imminens,

282 2432 366 2478 atque
379 2447 487 2469 sursum
504 2439 623 2466 ducente
636 2435 851 2472 spiritalioriqne
865 2441 961 2461 amore
971 2432 1074 2460 subve-

283 2477 364 2520 ltens,
380 2495 412 2514 ac
423 2484 538 2513 indubia
554 2482 721 2511 confirmans
744 2480 808 2512 fide,
825 2479 957 2515 regnique
971 2477 1073 2513 praedi-

284 2534 337 2563 cati
352 2541 400 2568 spe
419 2529 613 2564 desiderioque
640 2526 826 2558 contendens,
843 2525 895 2553 sibi
916 2527 1004 2551 totum
1024 2522 1074 2550 ad-

282 2580 399 2608 dixisset
408 2585 441 2606 ac
456 2575 636 2606 devinxisset,
656 2571 842 2600 subtilissima:
859 2570 960 2597 mentis
979 2569 1074 2597 eleva-

282 2626 407 2655 tionibns
432 2620 700 2654 abstrusissimisque
720 2615 1002 2652 contemplationibus
1021 2614 1075 2642 sibi

281 2680 347 2701 cum
357 2669 508 2699 concilians
518 2671 680 2703 aptansque.
727 2675 732 2679 -

319 2762 426 2799 Duplici
451 2768 518 2789 vero
538 2760 596 2796 jam
621 2758 739 2790 ratione,
760 2756 803 2784 vir
831 2755 1008 2784 beatissimus
1036 2755 1075 2784 illi

285 2811 406 2839 animum
427 2807 589 2840 attendens,
616 2813 648 2833 ac
666 2811 781 2840 corpore
797 2803 919 2839 quidem,
945 2801 1075 2838 quodque

323 2899 345 2916 "
362 2898 426 2930 Son.
449 2907 510 2933 VI",
526 2900 570 2929 l9.

1123 2292 1240 2327 ἐλαφρὸν
1257 2293 1307 2328 τῆς
1331 2293 1443 2329 χάριτος
1458 2294 1586 2330 ᾑρέτισεν
1597 2302 1605 2311 ’
1626 2295 1674 2322 καὶ
1688 2295 1734 2323 τδν
1747 2295 1851 2331 Maia-iw
1864 2304 1917 2322 κα-

1123 2337 1256 2370 ταλιπὼν,
1267 2338 1356 2366 ὀπίσω
1365 2339 1413 2366 τοῦ
1431 2339 1518 2375 Ἰησοῦ
1529 2340 1676 2373 καλοῦντος
1685 2341 1839 2376 ἠκολούθει.
1854 2342 1915 2374 Ὃς.

1126 2384 1209 2412 αὑτοῦ
1224 2385 1258 2421 τῇ
1276 2385 1377 2421 καρδίᾳ
1390 2385 1440 2422 τὴν
1452 2387 1558 2414 οίκείαν
1571 2387 1746 2423 ὲναστράψας
1761 2388 1852 2424 χάριν,
1869 2389 1918 2416 καὶ

1126 2430 1177 2466 τῆς
1192 2430 1260 2463 ἰδίας
1279 2430 1363 2466 δόξης
1379 2431 1456 2468 αὐτῷ
1481 2433 1529 2460 καὶ
1549 2433 1761 2469 μεγαλειότητος
1789 2434 1918 2470 αῖσθησιν

1124 2477 1288 2512 ἐνθέμενος,
1302 2477 1350 2505 καὶ
1373 2477 1413 2513 τῷ
1439 2479 1575 2515 ἀναγωγῷ
1590 2480 1672 2515 ἔρωτι
1687 2480 1849 2516 πτερώσας,
1871 2481 1920 2508 καὶ

1128 2523 1161 2558 τῇ
1174 2521 1323 2558 ἀδιακρίτῳ
1337 2524 1428 2551 πίστει
1452 2523 1605 2559 βεϐαιώσας
1616 2546 1623 2558 ,
1639 2526 1688 2552 καὶ
1711 2527 1745 2561 τῇ
1763 2526 1852 2553 ἑλπίδι
1868 2526 1920 2562 τῆς

1128 2568 1338 2603 κηρυσσομένης
1365 2569 1513 2596 συντείνων
1540 2569 1702 2604 βασιλείας,
1731 2570 1831 2597 ἑαυτοῦ
1856 2571 1918 2598 ὅλον

1126 2612 1275 2647 ἐποιήσατο
1300 2613 1348 2640 καὶ
1369 2614 1547 2649 κατεδήσατο,
1564 2616 1746 2650 νοερωτάταις
1765 2616 1849 2644 αὐτὸν
1874 2617 1919 2644 ἀν-

1125 2657 1260 2691 αγωγίαις
1281 2658 1329 2685 καὶ
1354 2660 1577 2693 μυστικωτάταις
1596 2661 1686 2697 ἑαυτῷ
1706 2661 1834 2697 θεωρίαις
1848 2671 1919 2698 μνη-

1125 2703 1289 2739 στευόμενος
1303 2704 1352 2731 καὶ
1367 2704 1566 2741 ἁρμοζόμενος.

1161 2756 1227 2792 Διχῆ
1252 2756 1280 2783 δὲ
1298 2757 1391 2784 λοιπὸν
1409 2758 1424 2784 δ
1439 2757 1651 2793 μακαριώτατος
1674 2759 1817 2795 προσέχων
1830 2759 1918 2795 αύτῷ,

1126 2802 1174 2830 καὶ
1190 2802 1298 2839 σώματι
1315 2803 1366 2840 μὲν
1382 2802 1431 2831 καὶ
1447 2803 1479 2830 τὸ
1499 2804 1651 2840 δρώμενον,
1667 2805 1726 2833 υίὺν
1748 2805 1855 2841 ἀληθῶς
1866 2805 1920 2834 ἀν-
