2078 3154
174 158 226 192 242

173 219 298 254 Optimam,
315 220 451 255 πνεύματι
467 221 496 248 δὲ
509 222 557 248 καὶ
577 222 608 248 τὸ
631 223 787 257 νοούμενον,
806 223 872 250 Υίδν
894 222 963 250 Θεοῦ
980 225 999 252 Α

173 264 245 291 κατὰ
270 264 351 298 φύσιν
365 265 452 301 ὁρῶν·
467 265 518 300 τὴν
535 265 648 301 διπλόην
665 266 695 293 δὲ
714 266 769 293 τῶν
794 266 902 301 φύσεων
929 267 962 301 τῇ

173 311 229 338 τῶν
240 312 388 346 ἐνεργειῶν
412 312 510 349 διπλόη
532 313 767 348 τεκμαιρόμενος·
790 313 840 340 καὶ
853 313 898 340 διὰ
916 313 963 340 πί-

173 365 259 388 στεως
277 357 328 392 μὲν
353 357 402 393 τὴν
421 357 527 394 ὑψηλὴν
545 358 664 394 θεωρίαν
679 359 781 394 ταύτην
798 359 965 395 βεϐαιούμε-

173 409 237 434 νος,
257 402 302 428 διὰ
318 401 434 437 θεωρίας
457 403 486 430 δὲ
508 403 591 430 πάλιν
608 404 658 439 τὴν
680 404 773 432 πίστιν
792 405 964 441 κρατυνόμε-

171 455 218 478 νος
229 467 237 479 ,
254 447 357 483 ζωτικῇ
379 448 408 475 δέ
429 456 482 475 τινι
497 448 655 485 συμπαθείᾳ
670 451 718 477 καὶ
731 451 813 486 νοερᾷ
839 450 963 487 φιλότητι

171 493 212 528 τῷ
228 493 408 530 θεωρουμένῳ
430 495 622 530 συμφυόμενος
634 497 682 522 καὶ
698 496 887 531 συνδεόμενος,
914 497 964 524 καὶ

171 539 212 575 τῷ
236 539 275 575 νῷ
298 539 450 575 λεληθότως
466 541 669 576 συνενούμενος.
685 542 746 569 κατ’
764 542 860 570 οὐδένα
872 542 965 570 λοιπὸν

170 585 268 612 τούτου
277 585 397 621 διῃρείτο
410 586 527 622 τρόπον·
547 587 609 614 οὔτε
623 588 669 614 τὸν
683 587 747 615 νοῦν
763 588 814 623 τῆς
826 589 966 624 ἀγαπητι-

171 629 224 665 κῆς
240 629 414 666 μνημοσύνης
427 631 626 666 ἀποσπώμενος
636 651 644 664 ,
662 631 725 658 οὔτε
739 632 768 659 δὲ
780 632 831 667 τὴν
844 640 966 667 σωματι-

172 676 225 712 κὴν
238 676 301 711 ὄψιν
316 676 577 709 ἀπολείπεσθαι,ὃτι
599 677 638 713 μὴ
666 678 742 705 πᾶσα
764 679 872 714 ἀνάγκη
898 686 965 705 κατ-

171 722 256 755 αξιιῖιν
267 723 315 749 τοῦ
325 722 506 758 ποθουμένου.

208 811 287 845 ’Δμα
301 809 367 844 γοῦν
383 809 471 846 ἀρχὴν
487 809 539 845 τῆς
555 809 660 838 ἀνωθεν
683 810 805 846 κλήσεως
824 811 871 838 καὶ
896 811 965 838 ἀπο-

173 856 300 891 στολικῆς
320 855 435 890 ἐκλογῆς
461 855 634 891 κατηξιοῦτο,
659 855 779 884 καὶτῶν
801 856 889 890 λόγων
915 856 966 892 τῆς

552 163 694 195 ORATIO
710 164 778 196 XII.
790 178 828 185 --
842 166 883 198 IN
903 166 1058 198 LAUDEM
1079 167 1110 197 S.
1131 165 1289 197 SIMONIS
1307 165 1437 196 APOST.
1450 156 1457 162 ’

1753 162 1806 194 ’249

1015 222 1103 250 oculis
1116 222 1254 257 obiectum
1265 225 1336 253 erat,
1350 228 1415 248 vere
1432 219 1518 247 ﬁlium
1542 217 1680 251 hominis;
1705 218 1804 253 spiritu

1014 271 1106 294 autem
1125 271 1153 294 et
1175 270 1309 301 quantum
1335 273 1415 293 mens
1440 265 1612 300 penetrabat,
1630 264 1678 291 Dei
1706 264 1805 291 Filium

1016 317 1124 345 natura,
1143 312 1315 347 conspiciens
1326 331 1334 343 .
1350 318 1439 346 exque
1452 309 1556 345 duplici
1567 309 1739 345 operatione,
1753 308 1800 336 dn-

1015 358 1114 393 plicem
1128 363 1254 386 naturam
1268 357 1435 393 conjiciens,
1458 364 1491 384 ac
1504 356 1568 384 ildei
1583 356 1695 391 quidem
1714 355 1804 391 praesi-

1015 403 1072 434 dio,
1087 403 1233 430 sublimem
1255 403 1327 431 banc
1341 402 1602 437 contemplationem
1630 401 1805 434 conﬁrmans,

1016 454 1167 482 rursusque
1188 446 1431 482 contemplationis
1456 445 1606 481 sagacitate
1627 445 1710 472 ﬁdem
1726 445 1805 472 robo-

1016 500 1100 522 rans:
1117 493 1237 528 quadam
1261 493 1381 528 denique
1401 493 1476 520 vitali
1489 491 1696 520 necessitudine
1709 491 1808 519 animi-

1015 548 1069 574 que
1081 539 1269 575 propensioris
1288 538 1492 570 benevolentia,
1515 537 1542 565 ei
1568 537 1615 572 qui
1631 536 1807 568 cernebatur,

1015 586 1205 613 cohaerescens
1219 585 1431 619 devinctusque,
1451 590 1559 611 necnon
1573 583 1723 610 secretiore
1736 590 1807 610 nexu

1016 631 1055 658 illi
1074 634 1166 658 mente
1181 631 1284 663 unitus,
1304 630 1379 658 nulla
1391 630 1523 664 deinceps
1535 629 1644 656 ratione
1655 628 1690 655 ab
1706 636 1739 656 eo
1752 628 1809 656 dis-

1013 675 1197 711 jmgebatur;
1224 675 1271 711 qui
1287 683 1378 710 neque
1393 675 1496 705 animo.
1515 679 1626 701 amante
1651 673 1733 701 avelli
1750 681 1810 701 me-

1017 721 1113 753 moria,
1124 728 1175 748 nec
1189 721 1326 756 corporali
1346 720 1407 756 ipso
1421 719 1571 748 desiderati
1594 723 1707 754 aspectu
1723 718 1810 746 desti-

1018 766 1070 798 tui.
1091 771 1140 794 aut
1150 774 1258 794 summa
1269 767 1314 794 vix
1327 767 1504 798 necessitate,
1522 769 1674 801 pateretur.

1052 812 1139 840 Simul
1157 813 1241 848 igitur
1262 813 1369 841 caelesti
1396 813 1516 847 primum
1537 811 1681 839 vocatione
1694 818 1726 838 ac
1744 818 1810 846 apo-

1022 858 1120 886 stolica
1144 858 1271 894 dignatus
1293 858 1448 891 electione,
1475 863 1689 891 sermonumque
1717 856 1810 892 gratia:

172 901 283 936 χάριτος
298 900 407 936 ᾔσθετο,
422 902 469 928 καὶ
483 901 532 937 τὴν
547 901 602 928 τῶν
616 901 705 937 ἔργων
715 902 831 938 δύναμιν
842 902 965 935 τεθέατο,

1021 907 1149 939 percepto
1175 910 1258 930 sensu
1282 907 1366 938 atque
1389 909 1504 937 operum
1530 907 1680 936 conspecta
1695 902 1809 934 virtute.

172 945 318 982 νεκροῦται
339 946 389 981 μὲν
408 946 509 973 αὐτίκα
536 946 576 982 τῷ
605 947 700 982 κόσμῳ
720 948 813 980 παντὶ,
842 947 918 983 μόνῳ
936 947 965 974 δὲ

172 991 289 1023 ζωοῦται
315 991 437 1028 Χριστῷ.
455 991 609 1028 Νεκροῦται
638 992 757 1027 γονεῦσι,
774 994 895 1027 οἰκείοις,
923 994 966 1030 φί-

171 1039 238 1071 λοις,
258 1039 390 1073 κτήμασι.
409 1038 544 1074 χρήμασι,
561 1039 609 1065 καὶ
624 1039 708 1066 παντὶ
722 1039 868 1067 συνελόντα
883 1040 966 1075 φάναι

171 1084 210 1118 τῷ
234 1084 313 1112 αἰῶνι
336 1084 416 1119 τῷδε.
439 1085 487 1111 καὶ
515 1086 572 1117 τοῖς
586 1085 616 1112 ἐν
638 1085 712 1120 αὐτῷ
735 1085 919 1122 σταυρωθείς·
935 1086 966 1113 οὺ

174 1132 254 1167 μόνον
268 1131 308 1164 δὲ,
324 1130 393 1158 ἀλλὰ
405 1131 452 1158 καὶ
467 1131 565 1159 ἑαυτοῦ
578 1131 782 1168 ἀλλοτριωθιὶς,
797 1132 846 1160 καὶ
863 1132 925 1160 ὅλον
936 1132 968 1160 τὸ

173 1179 300 1214 φρόνημα
313 1179 364 1214 τῆς
379 1179 462 1206 αὑτοῦ
478 1179 580 1215 σαρκὸς
591 1179 784 1212 ἀπολωλεκὼς,
800 1180 882 1215 μόνου
894 1180 968 1214 γίνε-

171 1234 217 1252 ται
231 1224 351 1261 Χριστοῦ
374 1224 474 1260 Ἰησοῦ,
501 1225 585 1260 μόνης
597 1225 681 1252 αὑτοῦ
706 1226 756 1261 τῆς
772 1225 966 1262 ὕπεραρῤήτου

173 1271 220 1298 καὶ
236 1270 446 1306 μυστικωτάτης
457 1271 604 1305 γενόμενος
616 1271 748 1306 καλλονῆς
770 1272 818 1299 καὶ
832 1271 947 1306 ἀγλαΐας
957 1279 965 1286 ·

173 1317 254 1350 μόνον
263 1316 408 1343 ἀναπνέων
424 1315 516 1349 αὑτὸν,
535 1316 617 1351 μόνον
645 1316 806 1352 ὑπερτιμῶν
827 1317 874 1343 καὶ
887 1316 967 1349 δοξά-

172 1363 226 1396 ζων
245 1362 292 1389 καὶ
312 1362 517 1397 ὑπερευλογῶν,
544 1362 604 1393 πῶς
630 1362 681 1388 οὐκ
696 1361 811 1397 ἔμελλες
829 1362 879 1397 τῆς
893 1362 967 1389 ἀνω-

172 1409 247 1435 τάτω
271 1407 320 1434 καὶ
336 1408 450 1442 πρώτης
477 1407 543 1442 παρ’
558 1406 633 1442 αὐτῷ
657 1406 844 1442 κατηξιῶσθαι
863 1407 967 1442 τιμῆς;

172 1451 214 1486 οἷς
237 1453 270 1489 δὴ
297 1454 343 1481 καὶ
367 1453 418 1488 τῆς
433 1453 589 1488 ἀκροτάτης
606 1452 710 1485 τάξεως
729 1452 785 1480 τῶν
810 1453 968 1480 ἀποστόλων

174 1500 387 1535 κατηξιωμένος,
404 1500 518 1534 γέγονας
533 1499 607 1534 αὐτῷ
619 1499 674 1526 τῶν
688 1499 798 1535 ὑψηλῶν
810 1499 968 1536 μυστηρίων

173 1546 324 1582 ἀκροατὴς,
339 1545 387 1573 καὶ
401 1545 456 1592 τῷν
472 1545 605 1572 θεοτελῶν
618 1545 709 1581 ἔργων
718 1545 819 1592 θεατής
829 1554 836 1562 ·
854 1546 969 1580 γέγονας
983 1563 1005 1592 c

173 1591 249 1627 αὐτῷ
259 1591 351 1623 δοῦλος
362 1591 525 1623 πιστότατος
536 1592 583 1618 καὶ
604 1591 810 1627 φρονιμώτατος
822 1612 830 1625 ,
847 1591 971 1624 διάκονος

173 1638 368 1673 ἑνεργὲστατος
385 1637 433 1664 καὶ
461 1637 700 1673 δραστικώτατος,
726 1638 827 1673 μᾶλλον
851 1638 880 1665 δὲ
895 1638 972 1673 φίλος

173 1683 361 1719 ἀληθέστατος
388 1683 437 1711 καὶ
450 1683 655 1718 δοκιμώτατος·
675 1684 724 1711 καὶ
739 1685 773 1720 τῇ
799 1684 894 1719 χάριτι
921 1685 972 1720 μὲν

174 1729 221 1756 τοῦ
239 1729 410 1765 Πνεύματος,
440 1729 549 1756 συνέσει
566 1738 596 1756 τε
620 1729 669 1756 καὶ
681 1730 764 1766 σοφίᾳ
778 1730 828 1756 καὶ
843 1730 905 1762 ταῖς
923 1730 972 1757 ἆλ-

177 1777 240 1807 λαις
265 1775 477 1812 ἱεροτελεστίαις
508 1776 557 1814 καὶ
584 1775 751 1810 δυνάμεσιν,
782 1775 890 1808 οὐδενὸς
916 1776 972 1803 ἀπ-

176 1822 289 1848 ιλείπου
307 1822 363 1848 τῶν
381 1822 512 1857 μαθητῶν
523 1829 532 1838 '
549 1821 628 1856 κοινὴ
649 1822 704 1857 γάρ
724 1822 771 1849 καὶ
798 1822 815 1858 ἠ
830 1821 901 1859 αὑτὴ
916 1823 973 1855 τοῖς

175 1868 280 1895 δώδεκα
297 1868 367 1904 πρὸς
382 1867 429 1895 τοῦ
444 1868 550 1904 Πατρδς
564 1868 619 1896 τῶν
634 1868 733 1904 φώτων
754 1867 899 1904 ἐπέλαμπε
914 1877 973 1904 φω-

175 1915 312 1948 ταγωγία,
340 1914 452 1949 ἀμέσως
476 1915 570 1946 αὐτοῖς
592 1915 641 1940 καὶ
668 1914 729 1941 κατ’
754 1915 909 1950 ἰσομοιρίαν
923 1915 974 1947 τὰς

176 1960 366 1995 ἑγαθουργοὺς
376 1960 482 1996 δωρεὰς
491 1960 728 1995 ιπιὸραὸεύουσα.

213 2003 260 2030 Σοὶ
274 2004 304 2030 δὲ
321 2004 422 2040 μᾶλλον
447 2005 462 2032 ὁ
484 2005 554 2040 ὑπὲρ
568 2004 616 2032 τοῦ
642 2005 806 2032 διδασκάλου
826 2005 909 2038 πόθος
927 2007 975 2034 καὶ

178 2048 259 2084 ζῆλος
274 2050 346 2077 κατά
369 2050 498 2078 τοσοῦτον
523 2050 723 2083 πεπλεόνακεν,
749 2051 865 2078 καθόσον
878 2052 926 2079 καὶ
935 2053 974 2085 είς

178 2096 340 2131 ἐπωνυμίαν
355 2097 372 2132 ἡ
401 2097 488 2132 ἀρετὴ
513 2097 646 2133 κατέστη.
674 2097 719 2129 Ὧς
733 2097 788 2132 γὰρ
805 2097 845 2133 τῷ
871 2098 975 2134 Σίμωνι

180 2141 231 2175 μὲν
244 2141 261 2176 η
277 2141 326 2168 τοῦ
348 2142 453 2176 Πέτρου
465 2142 658 2178 προστέθειται
677 2144 859 2179 προσηγορία,
877 2144 923 2171 διὰ
945 2145 976 2172 τὸ

177 2186 229 2220 τῆς
250 2186 370 2219 πίστεως
384 2187 494 2224 ἑδραῖον
512 2189 559 2215 καὶ
574 2188 683 2220 ἀκλινές
695 2196 702 2203 ·
722 2190 778 2220 τοῖς
799 2189 868 2221 υἱοῖς
886 2189 915 2216 δὲ
926 2191 976 2217 Ze-

1017 948 1092 975 omni
1109 948 1202 976 statim
1217 947 1322 975 mundo
1337 947 1468 980 moritur,
1489 947 1596 982 solique
1618 946 1728 975 Christo
1744 947 1812 974 vivi-

1018 993 1126 1022 ﬁcatur.
1155 994 1272 1022 Moritur
1290 993 1462 1028 parentibus,
1492 993 1673 1025 necessariis,
1702 992 1810 1025 amicis,

1017 1037 1140 1074 pradiis.
1157 1038 1298 1074 pecuniis;
1324 1039 1456 1074 omnique
1472 1038 1514 1073 (ut
1531 1039 1616 1066 verbo
1629 1038 1732 1071 dicam)
1747 1038 1813 1065 huic

1017 1085 1118 1113 saeculo
1126 1084 1287 1119 cunctisque
1297 1085 1324 1112 in
1335 1084 1383 1112 illo
1393 1084 1542 1113 cruciﬁxus
1556 1093 1563 1111 :
1578 1092 1668 1119 neque
1679 1084 1705 1111 id
1718 1084 1811 1117 modo,

1017 1130 1066 1158 sed
1089 1135 1118 1159 et
1144 1131 1202 1166 ipse
1228 1131 1282 1158 sibi
1305 1131 1413 1158 alienus
1433 1130 1533 1163 factus.
1561 1131 1693 1166 omnique
1719 1131 1813 1158 carnis

1017 1176 1107 1210 ejecto
1122 1184 1205 1204 sensu
1218 1184 1251 1204 ac
1271 1176 1429 1212 prudentia,
1454 1177 1537 1204 unius
1553 1176 1619 1204 Jesu
1639 1175 1742 1204 Christi
1754 1175 1813 1203 elﬁ-

1018 1221 1101 1254 citur,
1118 1230 1172 1249 una
1183 1222 1243 1258 eius
1260 1230 1345 1257 supra
1357 1230 1440 1258 quam
1456 1230 1558 1250 arcana
1573 1222 1813 1257 sacratissimaque

1019 1268 1225 1303 pulchritudine
1245 1269 1362 1297 aﬁ‘ectus
1389 1273 1419 1296 et
1442 1269 1550 1304 gratia:
1580 1276 1700 1303 cumque
1724 1268 1813 1297 solum

1018 1322 1082 1342 eum
1095 1315 1225 1349 spirares,
1244 1315 1333 1343 solum
1350 1314 1550 1351 pmmagnilice
1564 1315 1671 1342 colores
1683 1318 1712 1341 et
1721 1313 1803 1341 lauda

1020 1368 1065 1388 res
1088 1365 1169 1395 atque
1198 1361 1388 1394 benediceres,
1407 1361 1456 1396 qui
1484 1361 1544 1388 ﬁeri
1564 1366 1683 1397 poterat.
1714 1366 1744 1388 ut
1758 1367 1813 1387 non

1019 1406 1090 1441 apud
1105 1414 1182 1439 eum,
1199 1415 1344 1442 supremas
1359 1408 1517 1443 primasque
1533 1408 1647 1435 honoris
1664 1414 1757 1443 partes
1771 1416 1815 1436 asc

1019 1451 1193 1486 sequereris?
1214 1452 1400 1485 Quamobrem
1416 1453 1501 1481 etiam
1527 1461 1657 1488 supremo
1676 1453 1815 1488 apostolo-

1020 1506 1081 1526 rum
1095 1499 1193 1527 ordine
1209 1499 1386 1534 sublimatus,
1400 1500 1561 1528 sublimium
1578 1501 1604 1529 ei
1621 1501 1814 1537 mysteriorum

1021 1545 1142 1579 auditor,
1161 1546 1376 1583 divinorumque
1398 1552 1537 1584 spectator
1563 1556 1680 1583 operum
1705 1549 1815 1577 exstiti-

1022 1591 1057 1618 sti
1071 1600 1078 1618 :
1098 1599 1196 1619 servus
1213 1592 1239 1620 ei
1255 1592 1433 1621 ﬁdelissimus
1449 1600 1482 1620 ac
1499 1593 1750 1628 prudentissimus;
1764 1593 1817 1621 mi-

1025 1637 1112 1665 nister
1124 1638 1309 1673 gnavissimus
1322 1638 1477 1674 agendique
1490 1639 1663 1672 acerrimus;
1679 1639 1814 1675 quinimo,

1023 1683 1185 1711 verissimus
1213 1684 1318 1711 amicus
1350 1691 1383 1712 ac
1418 1684 1641 1719 probatissimos.
1679 1686 1718 1713 Ac
1755 1686 1817 1720 qui-

1023 1728 1087 1756 dem
1105 1729 1227 1765 Spiritus
1246 1729 1333 1765 gratia
1358 1730 1595 1766 intelligentiaque
1611 1738 1643 1758 ac
1667 1731 1815 1766 sapientia,

1023 1782 1131 1802 necnon
1165 1775 1280 1811 reliquis
1310 1776 1567 1804 consecrationibus
1604 1782 1634 1805 et
1653 1777 1816 1809 virtutibus.

1024 1821 1092 1848 nulli
1116 1821 1206 1856 impar
1228 1821 1428 1857 discipulorum
1452 1822 1538 1850 fuisti.
1563 1822 1727 1851 Communis
1742 1824 1817 1851 enim

1023 1867 1186 1902 eademque,
1211 1867 1294 1895 Patre
1313 1868 1449 1895 luminum
1480 1873 1606 1902 auctore,
1631 1867 1761 1896 duodeno
1779 1869 1818 1896 illi

1024 1913 1111 1939 choro
1126 1913 1257 1940 illucebat
1270 1914 1435 1946 coruscatio,
1452 1921 1514 1948 qua:
1529 1914 1606 1940 nullo
1618 1914 1710 1942 medio
1720 1915 1819 1950 aequis-

1025 1965 1079 1992 que
1097 1957 1223 1992 partibus
1235 1958 1358 1986 beneﬁca
1371 1958 1412 1986 eis
1423 1958 1495 1986 dona
1517 1959 1663 1986 tribueret.

1060 2003 1123 2031 Tibi
1134 2008 1227 2031 autem
1239 2004 1336 2039 magis,
1352 2012 1406 2039 qua
1421 2004 1579 2040 Magistrum
1593 2005 1819 2040 prosequebaris,

1025 2048 1128 2076 amoris
1155 2048 1197 2076 vis
1220 2048 1327 2083 zelique
1347 2049 1432 2076 ardor
1445 2048 1473 2076 in
1491 2053 1598 2077 tantum
1611 2050 1776 2084 abundavit,
1791 2055 1820 2078 ut

1025 2100 1054 2122 et
1065 2095 1093 2122 in
1108 2094 1320 2130 appellationem
1339 2095 1428 2123 virtus
1439 2096 1565 2122 cesserit.
1580 2095 1819 2129 Quemadmodum

1026 2141 1100 2168 enim
1117 2141 1222 2169 Simoni
1240 2141 1363 2176 quidem,
1381 2141 1418 2168 ob
1443 2141 1505 2168 ﬁdci
1529 2141 1688 2169 ﬁrmitatem
1704 2149 1736 2169 ac
1752 2149 1820 2169 con-

1026 2186 1167 2218 stantiam,
1182 2187 1254 2214 Petri
1268 2194 1367 2213 nomen
1384 2187 1518 2219 accessit;
1542 2186 1660 2221 ﬁliisque
1682 2186 1819 2218 Zebedaei,

178 2232 287 2258 ὃεδαίου
307 2232 424 2268 βροντῆς
439 2233 556 2260 ἀκοῦσαι
569 2233 614 2260 διὰ
630 2233 661 2259 τὸ
677 2233 874 2268 μεγαλόφωνον
888 2234 955 2266 υἱοῖς
965 2243 971 2250 ·

1028 2231 1064 2258 ob
1079 2231 1252 2266 magniﬁcam
1276 2231 1518 2267 prmdicationem,
1546 2236 1578 2258 ut
1599 2231 1729 2260 audirent
1758 2232 1821 2260 Filii

178 2277 252 2304 οὕτω
265 2278 314 2305 καὶ
330 2278 372 2304 σοὶ
385 2279 402 2314 ἡ
423 2277 471 2304 τοῦ
490 2278 618 2313 Ζηλωτοῦ
638 2279 782 2314 ἐπωνυμία
797 2279 842 2306 διὰ
859 2280 910 2315 τὴν
927 2279 974 2307 τοῦ

181 2321 253 2350 θείου
269 2322 352 2358 ζήλου
366 2323 526 2359 περιουσίαν
538 2324 701 2360 προσετέθη.

222 2414 395 2450 ’Δσπάζομαί
410 2423 459 2442 σου
478 2415 509 2442 τὸ
530 2415 731 2442 θεοειδέστατον
754 2415 912 2451 πρόσωπον,
929 2425 973 2443 σε-

181 2459 369 2495 δασμιώτατε,
384 2461 432 2489 καὶ
442 2461 599 2497 προσκυνῶ,
622 2457 645 2494 ᾦ
661 2461 784 2496 εὐμενῶς
806 2462 951 2497 ἐνέϐλεψεν
962 2464 977 2490 ὁ

184 2499 286 2542 Κύριος
296 2516 302 2522 ³
327 2507 341 2534 ὃ
356 2504 435 2542 εὗρεν
448 2507 557 2542 ἀληθῶς
572 2508 652 2543 χάριν
668 2508 811 2535 κατέναντι
825 2508 873 2535 τοῦ
890 2517 977 2545 προσ-

183 2554 262 2579 ώπου
293 2552 341 2579 τοῦ
360 2553 439 2580 Θεοῦ.
460 2553 629 2589 Ἀσπάςομαι
649 2554 751 2589 νοερῶς
772 2554 820 2581 καὶ
840 2555 977 2582 πανευλα-

184 2597 242 2630 εὼς
253 2598 287 2625 τὰ
301 2599 456 2625 σεπτότατα
475 2599 550 2634 χείλη
574 2599 621 2626 καὶ
636 2599 686 2634 τὴν
698 2599 825 2634 γλῶσσαν
839 2607 847 2615 ·
862 2599 897 2627 τὰ
917 2600 980 2635 μὲν,

184 2646 223 2676 ὡς
241 2645 286 2672 ἀεὶ
307 2646 365 2677 τοῖς
386 2646 543 2681 θεαρχικοῖς
571 2645 689 2680 χείλεσιν
716 2645 916 2681 ιφηρμοσμένα
941 2645 981 2681 τῷ

184 2691 333 2727 πνεύματι,
355 2692 404 2719 καὶ
426 2691 582 2726 ἀσπασμῶν
596 2691 742 2727 θειοτέρων
768 2692 979 2727 κατηξιωμένα,

186 2738 234 2764 καὶ
247 2737 298 2773 τὴν
319 2737 374 2765 ἀπὸ
396 2737 444 2764 τοῦ
470 2737 664 2772 ἀσπαζομένου
684 2738 848 2773 θεουργικὴν
871 2747 980 2774 προσει-

186 2784 290 2820 ἓηφότα
311 2783 393 2819 χάριν
404 2791 412 2799 ⁸
424 2784 473 2819 τὴν
485 2783 524 2817 δὲ,
539 2783 577 2816 ὡς
593 2784 713 2820 γραφίδα
731 2784 778 2812 τοῦ
808 2785 977 2821 Πνεύμστος,

224 2874 246 2893 ι’
258 2874 348 2905 Exod.
366 2884 412 2910 xx,
429 2876 462 2912 3;
477 2877 534 2906 Jos.
556 2885 628 2912 xxiv,
646 2878 688 2906 19.

1030 2278 1144 2306 tonitrui
1165 2278 1280 2312 obtigit;
1302 2278 1342 2305 sic
1356 2277 1407 2305 tibi
1422 2285 1534 2313 quoque
1549 2278 1650 2309 Zeloue
1674 2286 1820 2314 nuncupa-

1029 2323 1068 2351 tio
1081 2323 1117 2351 ob
1129 2323 1215 2351 divini
1228 2323 1278 2352 zeli
1293 2332 1342 2351 seu
1357 2323 1543 2353 aemulationis
1564 2324 1762 2355 abundantiam
1773 2327 1820 2355 sd-

1030 2368 1106 2396 venit
1119 2369 1152 2396 “.

1065 2415 1182 2443 Osculor
1197 2416 1255 2444 Deo
1267 2415 1434 2443 simillimam
1458 2417 1558 2444 faciem
1579 2421 1665 2449 tuam.
1684 2419 1822 2448 colendis-

1032 2462 1112 2494 sime,
1125 2466 1154 2490 et
1167 2462 1262 2494 adoro,
1277 2462 1304 2489 in
1318 2471 1400 2497 quam
1419 2463 1551 2490 Dominus
1563 2465 1670 2499 placide
1686 2465 1820 2501 inspexit;

1030 2515 1092 2542 quae
1108 2515 1172 2535 vere
1186 2508 1302 2543 gratiam
1329 2509 1434 2536 invenit
1455 2509 1482 2535 in
1497 2514 1648 2544 conspectu
1662 2510 1720 2538 Dei.
1735 2509 1822 2539 Oscu-

1030 2553 1073 2580 lor
1088 2558 1180 2581 mente
1204 2555 1336 2589 omnique
1360 2554 1527 2587 reverentia,
1552 2555 1710 2582 veneranda
1736 2555 1820 2587 labia,

1031 2598 1208 2634 linguamque
1222 2609 1229 2627 :
1243 2599 1290 2626 illa
1301 2599 1425 2634 quidem,
1442 2599 1521 2627 velut
1543 2608 1654 2635 semper
1670 2600 1772 2628 divinis
1782 2600 1822 2626 la—

1032 2645 1085 2673 biis
1100 2645 1198 2680 spiritu
1212 2649 1337 2680 coaptata
1348 2645 1643 2680 divinioraquepscula
1655 2649 1820 2676 consecuta;

1032 2692 1134 2727 quibus
1147 2691 1268 2726 denique
1292 2691 1328 2719 ab
1343 2699 1389 2724 eo,
1409 2692 1455 2719 cui
1480 2691 1563 2718 inﬁxa
1583 2691 1694 2722 oscula,
1723 2689 1821 2717 deilica

1031 2737 1117 2772 gratia
1132 2737 1296 2769 accesserit;
1311 2736 1383 2764 hanc
1400 2744 1466 2764 vero
1478 2743 1530 2764 ceu
1551 2735 1650 2771 stylum
1666 2738 1694 2761 et
1705 2733 1822 2768 penicil-

1032 2785 1088 2812 lum
1103 2782 1234 2819 Spiritus,
1254 2788 1386 2819 tanquam
1404 2788 1536 2817 organum
1557 2779 1731 2808 oraculorum
1750 2779 1821 2815 Dei;
