2078 3154
260 174 314 207 Et?

864 180 1011 210 NlCET/E
1028 181 1253 213 PAPHLAGON
1258 184 1291 213 lS

1838 184 1892 217 ΞΗ

257 231 333 259 velut
348 230 451 258 Christi
466 231 658 265 laudatricem,
685 241 717 262 ac
743 238 873 270 tanquam
887 236 978 271 reipsa
994 237 1036 264 lau

1101 238 1139 269 ὼς
1155 238 1271 273 ὄργανον
1286 238 1384 273 λογίων
1398 238 1477 273 Θεοῦ,
1490 239 1528 272 ὥς
1545 240 1683 268 ὲπαινέτιν
1694 240 1824 276 Χριστοῦ,
1845 242 1892 268 καὶ

256 277 376 305 ιὶοὺίιοηι
391 282 475 312 atque
488 279 631 313 placitam;
647 287 697 314 per
709 289 789 316 quam
803 282 848 310 ille
856 283 992 311 exaltatus
1003 289 1046 312 est

255 322 283 349 in
297 323 437 358 gentibus,
448 324 586 352 exaltatus
598 329 640 352 est
653 326 682 352 in
695 331 767 354 terra
782 327 814 354 ”.

291 367 408 394 Usculor
426 368 677 396 venerabilissimas
694 373 755 397 tuas
773 378 871 399 manus
887 380 895 405 ;
916 374 1048 408 _compie-

255 417 316 439 ctor
332 416 360 439 et
372 412 591 447 speciosissimos
609 414 715 448 pedes:
734 422 842 448 manus,
856 424 917 451 qua:
931 424 1046 446 strenue

254 465 286 484 ac
309 457 445 485 industrie
471 459 588 486 Domino
616 460 796 488 servierunt:
821 470 882 496 qua:
904 463 1044 499 Evangelii

253 501 349 535 gratiae
373 503 529 530 ministerio
553 504 655 532 functa:
682 510 758 538 sunt,
788 507 891 542 quibus
924 509 1046 537 creditus

255 548 318 574 vita:
338 548 436 576 Sermo
456 558 462 576 :
484 557 566 585 quem
605 552 739 580 nimirum
769 559 898 583 scrutata
928 559 994 583 sunt
1018 560 1047 584 et

241 597 499 623 .coutrectaverunt
530 596 752 634 invencruntque
789 600 852 628 vita:
883 600 1046 629 Sermonem

253 645 314 664 esse
327 638 346 653 ’⁸
361 647 368 664 ε
384 639 429 666 cui
460 640 613 674 conjunctae
628 650 661 670 ac
675 642 780 678 Spiritu
801 645 896 672 divino
912 650 1046 680 coaptata‘.

252 687 334 718 atque
357 691 517 720 compactae,
545 688 619 716 illius
641 697 740 717 manus
762 690 832 718 eliici
855 696 1017 719 meruerunt
1037 700 1043 718 :

252 737 351 757 manus
379 731 475 766 utique
514 733 680 762 eximiorum
713 743 829 770 operum
862 736 1041 770 eil‘ectrices;

251 775 419 803 mirabilium
433 777 482 804 Dei
498 778 671 806 voluntatum
700 782 962 810 consummatriecs.

255 837 262 843 -
285 820 377 848 Adoro
390 827 418 849 et
444 823 539 857 pedes,
562 824 638 852 velut
664 833 778 854 currum
806 827 999 859 cherubicum,
1014 833 1044 855 ut

1100 283 1139 314 ὡς
1163 283 1310 319 ἐπαινετὴν
1325 283 1365 319 τῷ
1380 283 1437 311 ὄντι
1460 286 1507 312 καὶ
1528 285 1663 322 θελητήνη
1680 287 1715 314 δι’
1738 284 1773 323 ἧς
1787 287 1892 319 ἐκεῖνος

1100 329 1194 364 ὑψώθη
1209 331 1237 356 ὲν
1249 329 1365 363 ἔθνεσιν,
1382 330 1476 366 ὑψώθη
1487 332 1516 357 ἐν
1527 333 1574 367 γῇ.

1133 375 1206 401 Φιλῶ
1223 383 1271 402 σου
1284 376 1335 407 τὰς
1345 377 1515 411 τιμιωτάτας
1527 379 1621 414 χεῖρας
1640 386 1648 394 ·
1668 378 1891 415 περιπτύσσομαι

1100 421 1146 447 καὶ
1166 422 1231 453 τοὺς
1254 422 1440 457 ὡραιοτάτους
1465 423 1549 455 πόδας
1567 432 1575 440 ’
1589 425 1694 460 χεῖρας,
1705 425 1755 456 τὰς
1782 425 1891 459 εὐφυῶς

1099 466 1145 493 καὶ
1164 468 1261 500 αἰσίως
1293 469 1542 504 ὑπηρετησαμένας
1569 470 1609 504 τῷ
1640 471 1756 506 κυρίων
1773 471 1824 503 τὰς
1850 471 1891 505 τῷ

1099 512 1260 549 Εὑαγγελίῳ
1276 515 1326 549 τῆς
1350 514 1461 550 χάριτος
1484 515 1720 551 διακονησαμένας
1738 524 1745 532 '
1770 517 1821 548 τὰς
1843 517 1891 544 τὸν

1098 559 1148 593 τῆς
1161 558 1234 594 ζωῆς
1247 560 1468 594 πεπιστευμένας
1483 561 1569 595 Λόγον
1590 569 1597 576 ·
1614 561 1712 596 Λόγον,
1730 561 1760 588 ὃν
1772 561 1889 597 ἠρεύνη-

1099 612 1158 636 σαν,
1188 605 1218 632 ὃν
1240 605 1419 641 ἐψηλάφησαν
1446 607 1494 634 καὶ
1515 604 1595 642 εὗρον
1610 608 1696 642 Λόγον
1709 608 1775 635 ὄντα
1790 607 1863 643 ζωῆς
1880 617 1887 624 ·

1097 646 1119 683 ᾧ
1132 650 1333 684 συμφυόμεναι,
1352 651 1400 677 καὶ
1422 651 1562 687 Πνεύματι
1589 652 1656 687 θείῳ
1671 653 1890 688 συναρμολογού-

1097 703 1189 729 μεναι,
1203 697 1294 731 χεῖρες
1307 697 1412 724 ἐκείνου
1422 698 1548 731 γενέσθαι
1566 698 1749 734 κατηξίωνται
1763 707 1769 714 ·
1786 701 1888 735 χεῖρες,

1097 741 1184 776 ἔργων
1194 742 1340 776 ὑπερφυῶν
1357 743 1503 778 αὐτουργοί
1522 752 1529 759 ·
1543 743 1703 782 θαυμασίων
1718 745 1786 772 Θεοῦ
1809 745 1889 781 θελη-

1096 788 1190 822 ματων
1205 788 1264 814 τελε
1270 789 1401 824 σιουργοί.

1132 834 1283 869 Προσκυνῶ
1300 836 1348 862 καὶ
1361 841 1424 867 τους
1438 835 1532 868 πόδας,
1545 836 1583 868 ὡς
1599 837 1676 872 ἆρμα
1690 837 1860 872 Χερουόικόν
1877 845 1885 853 ·

251 867 354 901 quibus
368 868 496 901 vehatur,
511 870 558 903 qui
571 871 658 899 caelos
679 871 775 907 implet
801 877 829 900 et
852 878 973 907 terram;
995 874 1039 908 qui

1095 878 1133 911 ὡς
1159 867 1292 914 ’ὀχοῦντας
1316 880 1360 914 ἐφ’
1386 881 1493 913 ἑαυτοῖς
1516 867 1718 917 τδνῗοὺρανοῦς
1732 867 1888 918 ίπληροῦντα

250 911 278 938 iu
305 911 434 940 universo
464 913 527 947 hoc,
554 919 687 950 extraque
720 916 880 945 universum
902 924 1039 946 versatur.

1094 927 1141 953 καὶ
1165 911 1229 961 γῆν,
1249 927 1295 954 τὸν
1326 911 1357 954 έν
1379 928 1418 962 τῷ
1444 911 1526 956 παντὶ
1553 911 1626 964 ’τῷδε¹
1650 930 1697 956 καὶ
1716 929 1763 956 τοῦ
1780 911 1888 961 ,παντὸς

251 959 337 988 Pedes
353 961 498 994 nimirum,
512 962 560 997 qui
577 970 686 991 omnem
703 963 760 992 fere
775 971 1038 1000 percurreruntter-

251 1013 329 1033 ram:
357 1006 442 1041 pedes
471 1011 562 1035 rectos
575 1012 604 1036 et
629 1016 738 1036 sursum
763 1010 930 1044 tendentes;
954 1011 1041 1046 pedes

250 1052 334 1079 alatos
348 1060 376 1080 et
390 1053 528 1086 volucres,
557 1055 654 1089 quales
685 1054 836 1084 Cherubim
851 1065 859 1091 ;
884 1057 969 1092 pedes
985 1058 1040 1085 l'ul-

249 1098 323 1132 guris
337 1099 423 1126 instar
433 1104 588 1132 currentes,
605 1100 819 1137 incredibilique
833 1103 974 1131 celeritate
986 1104 1041 1132 cir-

249 1147 410 1170 cumeuntes
427 1148 538 1176 terram,
561 1152 593 1173 ac
619 1145 713 1173 ﬁdeles
740 1147 769 1174 in
798 1147 1040 1178 benedictionibus

249 1189 451 1223 praevenientes
467 1190 499 1217 ".

282 1234 408 1268 Osculor,
424 1236 565 1272 etiamque
589 1241 672 1273 atque
688 1238 772 1267 etiam
797 1241 892 1268 colens
920 1246 947 1269 te
968 1250 1039 1277 quo-

248 1288 301 1315 que
317 1284 415 1313 totum,
429 1285 502 1308 totus
516 1289 549 1309 ex
566 1287 623 1310 toto
638 1276 730 1312 mente
749 1285 944 1319 circumfusus,
961 1276 1039 1316 com-

248 1326 373 1360 plector;
395 1328 552 1362 spirituque
568 1329 643 1356 velut
663 1329 691 1357 in
717 1331 831 1365 speculo
844 1332 1038 1360 obversantem

248 1376 384 1399 contuens
397 1379 429 1400 ac
447 1374 580 1401 memoria
611 1375 799 1408 collustratus,
829 1377 908 1412 quasi
935 1378 1039 1406 intelli—

247 1422 328 1453 gente
359 1416 588 1453 intemerataque,
613 1427 646 1447 ac
672 1421 762 1448 omnis
781 1427 891 1450 exsorte
905 1424 1038 1456 materiae,

247 1463 320 1495 luce,
329 1467 452 1498 augusta:
466 1468 565 1492 vestrae
577 1466 790 1501 magniﬁcentia:
797 1475 829 1495 ac
839 1468 947 1496 decoris
961 1470 1039 1497 vultu

247 1507 471 1544 circumfulgeor.

280 1560 417 1588 Caeterum
442 1562 595 1595 videamus,
618 1565 708 1598 quoad
733 1565 825 1596 liceat,
842 1570 944 1600 quanta
961 1565 1040 1594 Zelo-

248 1610 289 1634 tes
307 1608 466 1642 evangelica
478 1608 620 1637 iunctione
629 1615 658 1638 et
672 1611 785 1638 virtutis
799 1611 881 1639 laude
893 1613 1038 1641 enituerit.

247 1653 355 1680 Etenim
372 1657 501 1689 tanquam
519 1655 608 1690 reipsa
623 1664 695 1684 vera:
727 1657 799 1685 lucis
814 1658 978 1693 discipulus,
997 1660 1040 1687 di-

247 1699 399 1734 vinumque
422 1705 509 1728 totum
533 1701 627 1729 lumen
648 1702 815 1731 nitidissima
842 1709 936 1733 mente
964 1713 1040 1733 com-

246 1745 353 1780 plcxus,
373 1749 501 1781 totusque
520 1747 630 1775 lucidus
644 1753 673 1776 et
695 1749 769 1777 ﬁlius
797 1751 869 1779 lucis
892 1760 925 1780 ac
949 1753 1039 1787 rcipsa

246 1790 293 1817 lux
303 1789 362 1825 ipse
377 1791 502 1824 elicctus,
521 1797 582 1827 post
604 1793 700 1827 primae
723 1802 892 1831 summaeque
915 1797 986 1824 lucis
1007 1805 1039 1825 ac

245 1836 390 1871 originalis
403 1837 432 1864 in
448 1846 530 1866 cruce
547 1847 688 1874 occasum,
703 1847 765 1876 post
782 1842 856 1870 illius
877 1843 912 1870 ab
943 1844 1039 1872 inferis

246 1881 330 1908 tertio
356 1890 471 1917 vespere
499 1889 636 1917 exortum,
667 1890 729 1920 post
742 1894 887 1915 ascensum
905 1889 932 1916 in
953 1889 1039 1917 corios

247 1926 333 1961 (illius
349 1928 456 1956 scilicet
471 1937 553 1964 supra
566 1938 647 1965 quam
670 1939 800 1959 arcanam
816 1933 961 1968 latebram)
978 1939 1040 1969 post

245 1970 379 1998 Paracleti
391 1973 753 2007 perfectiorcmadventum,
770 1978 882 2012 quando
905 1980 1037 2007 nimirum

246 2017 353 2051 magnis
370 2017 531 2054 lprimisque
555 2020 638 2047 Verbi
668 2021 814 2057 discipulis
842 2023 870 2050 in
894 2026 1039 2052 caenaculo

245 2061 404 2095 consideus,
417 2064 475 2097 pari
491 2072 553 2091 cum
574 2066 628 2093 illis
642 2067 768 2102 collegio,
792 2068 820 2095 in
843 2069 945 2104 linguis
969 2071 1040 2106 ignis

246 2109 338 2142 specie
350 2110 547 2144 apparentibus
574 2119 607 2139 ac
635 2113 727 2141 sonitu
749 2114 830 2142 ﬂatus
854 2116 1037 2149 vehementis,

246 2153 488 2189 SpiritusaPatrc
503 2157 685 2191 descendens,
707 2160 735 2187 in
759 2162 864 2196 optimo
894 2163 979 2190 corde
1007 2171 1039 2190 ac

246 2201 416 2236 regalissimo
427 2208 574 2238 susceptus
592 2210 655 2233 est:
683 2211 750 2234 tunc
764 2208 845 2242 plane
862 2209 946 2236 etiam
973 2217 1038 2244 per-

244 2247 354 2274 fectiori
371 2249 494 2283 repletus
525 2250 670 2284 sapientia.
687 2251 981 2289 divinissimorumque
997 2257 1038 2283 si-

244 2301 360 2328 gnorum
381 2302 413 2322 ac
428 2295 615 2330 prodigiorum
631 2301 767 2331 potestate
786 2304 869 2334 atque
884 2301 989 2329 virtute
1004 2310 1037 2330 ex

244 2339 299 2365 alto
318 2339 442 2371 indutus,
461 2339 602 2368 Orientem
619 2342 789 2377 relinquens,
802 2345 836 2371 ad
857 2351 951 2380 partes
963 2349 1038 2375 occi-

244 2381 323 2415 duas,
342 2383 413 2411 ducc
433 2384 548 2418 Spiritui,
567 2387 606 2413 sol
619 2395 734 2422 magnus
755 2389 906 2424 eximiique
923 2391 1038 2427 fulgoris

243 2427 337 2463 Libyae
351 2429 498 2460 universae.
509 2430 664 2466 Alricaaque
684 2438 712 2460 et
724 2433 904 2468 Mauritaniae,
922 2445 954 2464 ac
967 2445 1037 2464 cun-

243 2473 295 2501 ctis
316 2474 437 2510 denique
452 2484 502 2511 per
520 2478 651 2507 occiduas
667 2487 730 2507 oras
745 2480 825 2509 sech
838 2483 938 2514 nactis,
953 2492 1036 2511 exor-

244 2524 289 2547 tus
305 2528 345 2549 es.

278 2567 346 2601 Quis
364 2567 448 2603 igitur
474 2569 517 2597 vel
543 2575 635 2599 mente
663 2572 809 2608 intelligat.
828 2574 870 2601 vel
889 2575 957 2602 satis
974 2583 1037 2602 ora-

243 2613 319 2641 tione
343 2614 459 2649 exscqui
505 2615 622 2643 suﬂlciat
643 2622 727 2652 atque
751 2625 882 2654 exponat,
917 2621 1036 2654 labores,

241 2666 390 2692 aerumnas,
416 2660 541 2693 timores,
563 2661 670 2689 viarum
695 2664 835 2697 pericula,
851 2665 969 2701 vigilias,
989 2674 1038 2694 cu-

243 2713 298 2738 ras,
308 2706 430 2738 dolores,
439 2707 545 2739 turbas,
565 2707 719 2736 inlidelium
732 2709 917 2739 Barbarorum
931 2720 1039 2747 grassa-

243 2751 342 2784 tiones,
359 2753 483 2785 insidias,
501 2755 604 2789 plagas,
629 2763 766 2789 carceres,
784 2757 914 2790 insultas,
938 2759 1037 2786 coitio-

244 2801 303 2826 nes,
328 2797 575 2831 contradictiones,
602 2799 766 2833 calumnias,
795 2801 922 2833 verbera.
942 2802 1036 2830 detra-

244 2838 349 2866 ctiones
363 2845 391 2868 ct
406 2843 542 2876 convicia,
556 2843 671 2879 ejusque
687 2853 783 2874 omnes
798 2846 938 2881 Evangelii
953 2854 1034 2874 causa

283 2914 385 2944 "I'sal.
405 2919 512 2950 κωκυ.
554 2922 573 2938 ⁸⁸
589 2921 691 2950 Hoan.
712 2931 729 2953 ι.
751 2924 774 2952 l.

1094 971 1147 1004 ἔξω
1163 972 1324 999 καθεστῶτα
1341 981 1348 989 ο
1367 973 1461 1006 πόδας,
1477 975 1541 1006 τοὺς
1557 975 1647 1001 πᾶσαν
1664 974 1763 1010 μικροῦ
1777 975 1888 1010 διαδραη

1095 1019 1197 1053 μόντας
1227 1019 1278 1053 τὴν
1309 1019 1374 1054 γῆν,
1398 1021 1462 1051 τοὺς
1484 1019 1613 1052 ίθυτενεῖς
1639 1021 1687 1047 καὶ
1718 1021 1887 1056 ἀνωφόρους,

1093 1065 1156 1096 τοὺς
1169 1065 1328 1100 πτερωτοὺς
1339 1065 1387 1092 καὶ
1403 1066 1532 1098 πτηνοὺς,
1548 1063 1600 1092 οἷοι
1624 1066 1679 1093 τῶν
1704 1067 1861 1102 Χερουὸείμ
1879 1076 1887 1083 ι

1093 1110 1156 1142 τοὺς
1172 1110 1316 1145 ἀστραπῆς
1329 1110 1407 1146 δίκην
1422 1111 1545 1143 θέοντας,
1574 1111 1622 1137 καὶ
1647 1112 1783 1147 ἀμηχάνῳ
1804 1111 1888 1147 ταχύ-

1092 1156 1373 1191 τητιπεριοδεύοντας
1396 1156 1447 1191 τὴν
1470 1156 1535 1190 γῆν,
1549 1157 1597 1182 καὶ
1612 1157 1641 1183 ὲν
1657 1156 1794 1191 εὐλογίαις
1819 1165 1888 1193 χρη-

1094 1203 1223 1237 στότητος
1236 1201 1442 1238 προφθάνοντας
1458 1202 1523 1233 τοὺς
1539 1201 1663 1233 πιστούς.

1136 1248 1319 1283 Ἀσπάζομαι,
1342 1250 1390 1275 καὶ
1416 1248 1477 1275 λίαν
1498 1248 1586 1283 τιμῶν
1603 1248 1826 1284 περιπτύσσομαι
1840 1249 1888 1276 καὶ

1095 1293 1125 1320 σὲ
1143 1294 1214 1325 ὂλον,
1230 1294 1290 1325 ὅλος
1306 1294 1339 1320 δι’
1360 1294 1422 1320 ὅλου
1437 1295 1471 1329 τῇ
1487 1293 1593 1328 διανοίᾳ
1615 1294 1733 1330 περιφύς
1751 1302 1758 1308 ·
1773 1295 1819 1321 καὶ
1848 1295 1888 1330 τῷ

1094 1339 1233 1375 πνεύματι
1248 1338 1510 1374 κατοπτριζόμενος,
1523 1339 1571 1366 καὶ
1587 1340 1622 1375 τῇ
1640 1340 1735 1376 μνήμῃ
1749 1340 1887 1375 περιλαμ-

1093 1385 1221 1420 πόμενος,
1238 1383 1283 1411 οἶα
1299 1384 1385 1420 νοερῷ
1410 1385 1457 1411 καὶ
1486 1385 1614 1420 ἀχράντῳ
1631 1385 1680 1411 καὶ
1705 1385 1779 1419 ᾰῢλῳ
1805 1386 1885 1418 φωτὶ,

1092 1430 1132 1465 τῷ
1148 1429 1287 1466 προσώπῳ
1301 1430 1351 1466 τῆς
1364 1429 1504 1465 ὑμετέρας
1526 1430 1750 1466 περιαυγάζομαι
1773 1430 1887 1467 θεοπρε-

1093 1476 1186 1508 πείας.

1135 1561 1205 1588 Ἀλλ’
1217 1560 1326 1596 ἴδωμεν,
1344 1561 1383 1594 ὡς
1395 1561 1519 1596 ἐφικτὸν,
1533 1561 1582 1588 καὶ
1597 1561 1647 1598 τὴν
1659 1561 1732 1588 κατὰ
1749 1560 1781 1587 τὸ
1795 1561 1886 1595 Εὐαγ-

1054 1595 1076 1626 c
1091 1608 1181 1644 γέλιον
1200 1595 1378 1644 εὺδονιίμησιν
1392 1595 1439 1636 τοῦ
1454 1608 1580 1644 Ζηλωτοῦ
1597 1617 1605 1624 ·
1623 1595 1670 1636 οιαὶ
1683 1608 1739 1643 γὰρ
1763 1608 1801 1639 ὠς
1819 1608 1886 1644 ἀλη-

1093 1655 1147 1686 θῶς
1160 1655 1199 1690 τῷ
1215 1655 1334 1691 ἀληθινῷ
1349 1655 1524 1691 μαθητεύσας
1557 1656 1636 1690 φωτὶ,
1653 1655 1701 1682 καὶ
1719 1654 1751 1681 τὸ
1774 1654 1884 1690 θεαρχι-

1093 1701 1140 1728 κον
1155 1701 1213 1736 φῶς
1226 1701 1286 1728 ὅλον
1311 1701 1479 1737 διειδεστάτῃ
1505 1701 1667 1736 δεδεγμένος
1691 1701 1807 1736 διανοίᾳ,
1838 1700 1887 1727 καὶ

1093 1747 1258 1783 φωτοφανὴς
1284 1748 1354 1779 ὅλος,
1376 1747 1422 1774 καὶ
1432 1748 1489 1779 υίὸς
1502 1747 1592 1782 φωτὸς
1612 1747 1660 1774 καλ⁵
1674 1745 1734 1781 φῶς
1751 1746 1887 1781 αὐτόχρη-

1095 1802 1132 1830 μα
1146 1793 1277 1827 γεγονὼς,
1295 1794 1364 1828 μετὰ
1376 1794 1427 1829 τὴν
1440 1793 1488 1820 τοῦ
1502 1792 1658 1829 ἀρχιφώτου
1671 1793 1762 1827 φωτὸς
1776 1793 1822 1819 ἐπὶ
1837 1792 1884 1819 τοῦ

1094 1839 1213 1874 σταυροῦ
1239 1839 1327 1872 δύσιν,
1342 1840 1412 1874 μετὰ
1428 1839 1478 1875 τὴν
1495 1839 1526 1872 ἐξ
1545 1839 1609 1874 ᾅδου
1625 1839 1790 1874 τριέσπερον
1817 1840 1884 1866 ἁνα-

1092 1884 1183 1920 τολὴν.
1198 1884 1267 1919 μετὰ
1283 1884 1332 1920 τὴν
1355 1886 1394 1916 εἰς
1411 1885 1544 1920 οὐρανοὺς
1568 1884 1700 1912 ἀνάϐασιν
1717 1893 1725 1900 ·
1753 1885 1805 1912 εἰτ’
1839 1883 1886 1911 οὖν

1093 1931 1287 1966 ὑπεράῤῥητον
1303 1930 1349 1957 τοῦ
1365 1930 1448 1957 αὑτοῦ
1466 1930 1631 1966 ἀποκρυφήν
1648 1939 1655 1946 ·
1685 1931 1755 1966 μετὰ
1773 1930 1824 1965 τὴν
1837 1938 1884 1957 τε-

1092 1976 1231 2011 λειοτέραν
1248 1975 1294 2002 τοῦ
1311 1975 1490 2011 Παρακλήτου
1506 1976 1669 2011 παρουσίαν,
1687 1977 1769 2011 ἡνίκα
1783 1976 1816 2011 δὴ
1829 1978 1887 2008 τοῖς

1095 2023 1223 2058 μεγάλοις
1248 2021 1295 2048 τοῦ
1312 2021 1400 2056 Λόγου
1416 2021 1464 2048 καὶ
1489 2021 1609 2057 πρώτοις
1629 2022 1658 2048 ὲν
1682 2021 1800 2057 ὑπερώῳ
1817 2030 1885 2055 συγ-

1093 2069 1251 2104 καθήμενος
1265 2067 1420 2103 ὁμιληταῖς,
1438 2069 1467 2095 ὲν
1486 2067 1625 2102 γλώσσαις
1637 2068 1787 2103 πυροειδῶς
1811 2068 1884 2103 ὁρω-

1095 2115 1200 2150 μέναις,
1215 2115 1261 2142 καὶ
1277 2115 1366 2150 βιαίας
1386 2115 1446 2150 ἤχῳ
1461 2115 1557 2150 πνοῆς,
1579 2115 1611 2154 τὸ
1625 2114 1738 2149 Πνεῦμα
1751 2114 1886 2149 πατρόθεν

1094 2164 1199 2195 κατιὺν,
1218 2163 1373 2197 ἀγαθοειδεϊ
1387 2163 1487 2198 καρδίᾳ
1509 2163 1556 2190 καὶ
1575 2162 1779 2197 βασιλικωτάτῃ
1805 2171 1886 2188 κατα-

1093 2210 1215 2236 acaum
1230 2217 1237 2224 ’
1250 2209 1309 2235 τότε
1324 2208 1355 2244 δὴ
1374 2209 1421 2236 καὶ
1437 2208 1534 2243 σοφίας
1542 2208 1649 2240 τελείας
1662 2207 1828 2243 πληρωθεὶς,
1838 2207 1886 2234 καὶ

1094 2255 1339 2289 θεοπρεπεστάτων
1357 2254 1478 2290 σημείων
1490 2254 1538 2281 καὶ
1551 2254 1673 2289 τεράτων
1688 2253 1814 2286 ἐξουσίαν
1838 2253 1886 2280 καὶ

1094 2301 1208 2336 δύναμιν
1229 2300 1332 2327 ἄνωθεν
1361 2299 1491 2331 ὲνδυθεὶς,
1513 2299 1688 2330 καταλείπεις
1717 2299 1766 2334 μὲν
1787 2298 1884 2333 Ἐῲαν,

1093 2346 1160 2381 πρὸς
1182 2346 1216 2372 τὰ
1250 2345 1381 2380 Ἑσπέρια
1405 2345 1444 2375 δὲ,
1470 2344 1515 2371 διὰ
1528 2344 1576 2370 τοῦ
1601 2344 1758 2380 Πνεύματος
1771 2343 1884 2378 ὁδηγού-

1094 2399 1184 2427 μενος,
1205 2391 1290 2425 μέγας
1306 2391 1381 2425 ἥλιος
1396 2390 1444 2417 καὶ
1461 2389 1618 2424 ὑπερφαὴς,
1633 2391 1666 2424 τῇ
1680 2398 1709 2416 τε
1727 2389 1815 2424 Λιϐύῃ
1831 2389 1885 2415 πά-

1092 2445 1137 2472 σῃ,
1158 2436 1274 2471 Ἀφρικῇ
1290 2444 1320 2462 τε
1334 2435 1383 2462 καὶ
1404 2435 1596 2470 Μαυριτανίᾳ,
1616 2434 1664 2461 καὶ
1679 2435 1747 2461 πᾶσι
1772 2434 1800 2460 δὲ
1827 2434 1885 2465 τοῖς

1091 2483 1140 2516 τὴν
1158 2481 1304 2516 Ἑσπερίαν
1318 2481 1402 2508 οἰκεῖν
1418 2480 1546 2516 λαχοῦσιν
1567 2478 1737 2512 ὲξανέτιιλες
1753 2479 1816 2514 γῆν.

1125 2574 1174 2605 Τίς
1184 2572 1232 2600 οὗν
1248 2574 1408 2609 ὲννοηθῆναι
1423 2582 1476 2605 νοι,
1490 2580 1532 2604 τις
1544 2574 1573 2600 δὲ
1592 2573 1685 2604 ίκανδς
1699 2571 1881 2599 διασκευάσαι

1089 2620 1161 2655 λόγῳ
1171 2621 1233 2652 τοὺς
1249 2621 1357 2652 πόνους.
1373 2621 1436 2651 τοὺς
1451 2620 1564 2652 κόπους,
1590 2619 1654 2650 τοὺς
1673 2618 1786 2652 φόϐους,
1817 2617 1882 2648 τοὺς

1090 2666 1160 2701 ὑπὲρ
1173 2665 1224 2699 τῆς
1233 2665 1293 2692 ὁδοῦ
1305 2665 1445 2697 κινδύνους
1458 2673 1465 2680 ·
1479 2665 1528 2696 τὰς
1543 2665 1709 2699 ἀγρυπνίας,
1729 2664 1780 2694 τὰς
1801 2671 1883 2699 φρον-

1089 2713 1173 2744 τίδας.
1187 2713 1236 2744 τὰς
1250 2712 1356 2744 ὀδύνας,
1371 2711 1420 2743 τὰς
1431 2711 1647 2742 ἀκαταστασίας,
1660 2710 1710 2742 τὰς
1726 2709 1801 2745 παρὰ
1829 2709 1883 2736 τῶν

1093 2759 1239 2794 βαρὸάρων
1253 2759 1377 2786 ἀπίστων
1388 2757 1575 2792 καταδρομὰς,
1601 2757 1651 2788 τὰς
1682 2755 1804 2791 ἐνέδρας,
1832 2754 1883 2786 τὰς

1089 2805 1208 2839 πληγὰς,
1219 2804 1268 2835 τὰς
1279 2804 1400 2839 εἱρκτὰς,
1421 2804 1470 2835 τὰς
1493 2803 1690 2835 ἐπαναστάσεις
1715 2803 1763 2829 καὶ
1784 2803 1882 2828 ἐπισυ-

1090 2849 1199 2879 στάσεις
1219 2855 1225 2862 ·
1251 2847 1298 2880 τὰς
1329 2847 1482 2883 ἀντιλογίας
1515 2847 1561 2874 καὶ
1595 2846 1799 2882 συκοφαντίας·
1833 2845 1881 2877 τὰς

822 2926 842 2940 η’
859 2925 959 2952 Ezecli.
977 2933 996 2956 ι,
1012 2926 1046 2959 7;
1063 2926 1135 2954 Plal.
1154 2934 1199 2959 xx,
1215 2926 1242 2954 ιι.
