2078 3154
213 116 266 148 255

212 216 259 243 τοῦ
288 217 454 251 Εὐαγγελίου
475 218 614 253 περιόδους
633 227 641 236 ι
669 220 717 246 καὶ
744 220 834 252 πάσας
868 220 918 252 τὰς
941 220 997 247 θλί-

211 263 285 296 ψεις,
307 262 341 294 ἀς
370 263 478 298 ἡμέραν
495 264 526 296 ἐξ
546 265 652 300 ἡμέρας
676 266 691 292 ὁ
713 266 922 301 μακαριώτατος
948 275 998 293 πο-

212 309 404 344 λιορκούμενος
430 310 573 344 ὑπομένων
596 311 712 346 ὑπέμενε
734 312 779 338 τὸν
800 312 916 348 Κύριον,
947 313 999 346 ἕως

213 355 287 391 αὐτῷ
305 355 441 390 προσχὼν,
456 356 503 383 καὶ
519 357 569 392 τῆς
584 357 702 392 δεήσεως
716 358 897 393 είσακηκοὼς,
912 359 997 394 θύραν

212 399 328 431 πίστεως
341 399 431 435 ἤνοιξε
444 402 500 432 τοῖς
509 401 613 428 ἔθνεσιν
624 410 631 417 ·
647 402 699 433 ἓως
708 402 846 437 οἰκτείρας
860 403 997 438 ἀνήγαγεν

210 445 292 472 αὑτὸν
302 446 334 472 ὲκ
347 446 449 473 λάκκου
463 446 662 482 ταλαιπωρίας,
677 447 725 474 καὶ
743 448 837 484 ὥσπερ
860 448 998 485 θαλάσσης

210 490 336 523 κλύδωνι,
354 492 387 526 τῇ
401 491 461 518 κατ’
478 492 560 519 αὑτοῦ
577 493 631 520 τῶν
660 493 767 520 ἀσεϐῶν
795 494 996 530 ὲπιτετιμηκὼς

210 538 403 570 ἐπαναστάσει,
414 538 502 565 καὶτὸ
516 539 682 573 φλεγμαῖνον
696 540 746 575 τῆς
761 540 851 567 αὐτῶν
877 542 996 574 διανοίας

209 581 390 613 κατευνάσας,
408 582 499 609 καὶτὸ
515 583 691 619 δαιμονιῶδες
717 584 831 619 ὅρμημα
860 584 994 619 πραΰνας,

190 627 256 654 ’καὶ
279 627 347 662 πρὸς
367 628 413 654 τὸν
441 627 512 654 θεῖον
534 628 616 662 φόϐον
638 629 666 655 ἑν
690 629 814 663 σημείοις
834 630 882 656 καὶ
899 631 995 666 τέρασι

210 672 373 706 μεταϐαλὼν
391 672 516 708 φοϐεροῖς
530 674 594 700 ’καὶ
613 673 699 706 οὕτως
721 675 818 707 αὐτοὺς
839 676 907 711 πρὸς
932 685 996 711 συγ-

209 717 356 744 κατάθεσιν
370 718 418 745 καὶ
433 719 526 745 πίστιν
540 719 590 754 τῆς
607 719 736 755 ἀληθείας
755 722 803 747 τοῦ
827 722 994 757 Εὑαγγελίου

209 761 383 797 μεταγαγὼν,
397 763 532 798 ἐρρύσατο
557 764 607 799 μὲν
630 764 676 792 τὸν
704 766 787 792 αὐτοῦ
809 768 918 803 κήρυκα
944 770 994 804 τῆς

208 808 365 841 καταιγίδος
379 807 433 834 τῶν
449 809 588 842 φονευτῶν
602 818 609 825 ·
625 811 689 843 τοὺς
702 810 730 838 δὲ
747 813 873 849 καθάπερ
889 815 921 841 ὲκ
945 824 994 842 πε-

207 853 317 887 λάγους,
326 855 376 889 τῆς
386 854 511 890 ποικίλης
519 856 610 883 αὐτῶν
624 857 752 890 ἀσεϐείας
767 859 992 895 ὲκλυτρούμενος,

205 899 244 931 ὡς
260 900 305 926 ἐπὶ
315 900 412 934 λιμένα
428 903 573 937 σωτήριον,
583 902 629 929 τὸν
644 904 771 939 μέγιστον
784 905 894 940 Σίμωνα
909 915 995 941 προσ-

205 944 325 978 ώρμιζεν
338 954 344 961 ·
361 946 385 972 οι
401 946 447 972 καὶ.
469 948 502 982 τῇ
528 947 617 984 πέτρᾳ
637 949 687 983 τῆς
705 949 831 982 ἀκλινοῦς
847 951 929 977 αὐτοῦ
949 952 994 978 πίε

205 997 290 1020 στεως
302 990 514 1026 ὲπερειδόμενοι,
531 993 578 1019 καὶ
594 992 633 1028 τῷ
652 993 728 1020 ὕδατι
742 995 933 1030 καθαιρόμενοι
947 998 994 1023 καὶ

204 1035 242 1069 τῷ
257 1035 394 1070 Πνεύματι
412 1037 602 1071 φωτιζόμενοι,
615 1039 662 1066 καὶ
680 1040 737 1070 τοῖς
754 1041 836 1074 ίεροὶς
853 1040 887 1067 δι’
910 1041 992 1068 αὑτοῦ

206 1081 364 1116 μυστηρίοις
381 1082 665 1118 τελεσιουργούμενοι,
677 1085 717 1116 είς
729 1085 894 1121 Ἐκκλησίας
912 1086 990 1122 ἀμώ-

205 1135 271 1161 μους
280 1126 319 1161 τῷ
338 1127 516 1163 ὑπεραμώμῳ
525 1129 726 1165 κατηρτίξοντο.

239 1173 355 1205 Οὕτωςό
371 1173 652 1210 θεομακαριστότατος
664 1177 802 1213 Ζηλωτὴς,
818 1180 868 1214 τῆς
884 1179 990 1207 ἀντιτεο

204 1219 342 1254 ταγμένης
374 1220 449 1255 αὐτῷ
473 1221 632 1256 περιγέγονε
658 1223 814 1259 δυνάμεως·
840 1225 888 1252 καὶ
920 1226 991 1253 οὓτω

203 1262 266 1292 τοὺς
294 1263 555 1299 ⁴ᾑχμαλωτισμένους
581 1266 627 1293 ὑπ’
657 1267 742 1303 αὐτῆς
770 1269 989 1304 αἰχμαλωτίζων,

198 1307 309 1350 ,ἡμέραν
324 1308 385 1335 καθ’
399 1309 506 1344 ἡμέραν
522 1312 554 1346 τῇ
574 1311 722 1348 Ἐκκλησία¹
741 1314 804 1345 τοὺς
821 1314 990 1350 σωζομένους

203 1353 367 1388 προσετίθει.
384 1355 441 1381 Καὶ
464 1355 520 1391 γὰρ
546 1354 582 1391 ἦν
598 1358 665 1392 ὁρᾷν
692 1358 829 1394 ἀκραιφνῆ
850 1360 897 1386 τοῦ
921 1361 989 1387 Θεοῦ

202 1399 232 1426 ἐν
246 1399 321 1434 αὐτῷ
337 1399 386 1434 τὴν
410 1401 557 1436 ὁμοιότητα
573 1410 580 1418 ·
599 1400 634 1438 ἦν
649 1403 715 1439 ὁρᾷν
735 1404 838 1431 ἁπλοῦν
863 1406 911 1432 καὶ
937 1415 988 1432 πο-

202 1445 291 1480 λυειδῆ
302 1445 347 1472 τὸν
360 1446 451 1474 αὐτόν.
467 1447 521 1474 Καὶ
532 1447 561 1475 ὃν
573 1448 673 1484 τρόπον
684 1451 697 1476 ὁ
713 1450 789 1485 ἥλιος
805 1448 845 1482 εἷς
869 1451 918 1486 μὲν
940 1452 988 1488 τὴν

579 117 720 148 ORATIO
739 118 806 148 XII.
822 130 856 136 ·-
872 118 912 148 ΙΝ
933 118 1088 149 LAUDEM
1107 120 1138 150 S.
1159 121 1315 152 SIMONIS
1333 122 1462 152 APOST.

214 171 306 204 αἰκίας
328 172 376 199 καὶ
395 173 545 209 λοιδορίας,
568 175 615 201 καὶ
634 175 718 202 αὑτοῦ
739 166 828 207 πάσας
851 175 900 206 τὰς
930 175 989 210 ὑπὲκ

1049 176 1235 210 profectiones
1268 181 1297 205 et
1330 178 1428 205 itinera
1454 186 1461 205 :

1781 123 1835 155 246

1485 185 1581 205 omnes
1616 177 1734 212 denique
1777 187 1833 206 mo-

1049 221 1144 249 lestias
1157 230 1189 250 ac
1213 224 1294 255 mala,
1316 231 1377 258 quae
1394 224 1437 250 vir
1460 223 1637 251 beatissimus
1660 223 1833 252 adversario-

1050 275 1111 294 rum
1127 268 1304 296 infestatione
1318 268 1442 304 quotidie
1463 269 1604 296 sustinens
1618 268 1653 301 ’°,
1680 269 1834 297 sustinebat

1048 313 1205 346 Dominum,
1229 314 1317 342 donec
1343 314 1367 341 is
1400 314 1439 341 illi
1479 314 1624 342 attendens
1650 315 1833 350 exauditaque

1049 359 1122 386 illius
1142 359 1278 392 oratione,
1295 358 1359 387 ﬁdei
1386 359 1498 395 januam
1523 360 1651 394 gentibus
1678 360 1785 395 aperuit
1797 362 1830 388 ".

1047 405 1140 432 Donec
1153 405 1292 437 misertus,
1309 404 1404 432 eduxit
1418 412 1482 432 eum
1506 405 1540 431 de
1565 405 1626 432 lacu
1654 405 1784 437 miseriae,
1801 414 1833 433 ac

1046 450 1122 476 velut
1134 449 1217 477 maris
1230 449 1362 484 procella,
1379 449 1528 484 impiorum
1543 450 1571 477 in
1582 458 1647 478 eum
1664 451 1769 478 insultu
1787 451 1831 479 in-

1046 497 1167 527 crepato,
1180 501 1331 528 eorumque
1342 494 1427 520 animi
1444 498 1551 521 tumore
1581 493 1687 525 sedato,
1719 502 1750 522 ac
1777 495 1832 522 dte-

1046 538 1170 566 Inoniaco
1182 539 1283 574 impetu
1298 539 1424 571 delinito,
1439 539 1527 574 iisque
1546 539 1574 566 in
1599 539 1722 567 divinum
1752 540 1831 567 timo-

1046 592 1103 611 rem
1126 585 1266 619 signorum
1290 584 1551 619 tretnendorumque
1584 590 1773 620 portentorum
1802 587 1828 614 vi

1046 628 1207 660 immutatis,
1221 633 1303 663 atque
1320 629 1347 655 in
1360 636 1423 656 eum
1446 629 1557 656 modum
1581 630 1614 656 ad
1638 637 1780 658 assensum
1798 630 1830 657 ﬂ-

1044 672 1161 707 demque
1176 673 1300 699 veritatis
1314 673 1457 707 Evangelii-
1479 673 1625 704 traductis,
1653 678 1709 700 tum
1725 682 1829 709 praeco-

1043 726 1106 744 nem
1120 726 1200 745 suum
1211 726 1243 745 ex
1256 717 1456 745 homicidarum
1472 719 1591 753 procella
1610 719 1693 752 eruit,
1706 723 1764 746 tum
1785 729 1829 748 ve-

1043 764 1084 791 lut
1103 771 1118 791 e
1136 764 1240 799 pelago,
1254 771 1288 791 ex
1303 764 1379 791 varia
1396 771 1427 791 ac
1456 765 1600 799 multiplici
1616 772 1713 792 eorum
1730 765 1828 801 impie-

1045 802 1099 837 tate
1112 810 1278 844 redemptos,
1294 810 1371 844 quasi
1391 811 1418 837 in
1442 811 1572 845 sospitale
1591 811 1679 843 littus.
1693 812 1726 839 ad
1743 812 1828 838 maxi-

1045 863 1119 882 mum
1133 854 1272 882 Simonem
1289 855 1452 889 appellcbat.
1468 855 1543 890 lique
1567 856 1647 888 adeo,
1663 856 1781 884 immotae
1796 857 1828 884 il-

1045 900 1098 927 lius
1111 900 1175 927 fidei
1190 905 1275 935 petrae
1287 900 1355 933 nixi,
1369 905 1397 928 et
1410 908 1479 935 aqua
1508 901 1647 928 emundati
1669 909 1702 929 ac
1722 901 1827 936 Spiritu

1044 945 1185 977 illustrati,
1201 945 1342 980 sacrisque
1356 953 1406 980 per
1423 953 1486 973 eum
1515 945 1616 973 initiati
1630 954 1662 973 ac
1675 948 1827 974 consecrati

1044 992 1191 1028 mysteriis,
1201 992 1228 1019 in
1239 992 1377 1020 Ecclesias
1391 992 1590 1025 immaculatas,
1605 993 1631 1021 ei
1646 993 1827 1028 perﬁciebatu-

1043 1042 1098 1072 tur,
1114 1037 1161 1072 qui
1179 1044 1288 1064 omnem
1300 1045 1316 1064 a
1332 1038 1437 1065 macula
1455 1038 1602 1073 puritatem
1617 1039 1736 1066 excedit.

1077 1172 1123 1200 Sic
1134 1173 1190 1200 Deo
1206 1173 1380 1201 beatissimus
1394 1173 1513 1206 Zelotes,
1535 1182 1596 1208 quae
1621 1179 1749 1202 conserta
1767 1175 1827 1203 acie

1041 1217 1172 1245 adversus
1185 1218 1263 1246 illum
1289 1220 1388 1251 stabat,
1404 1220 1535 1246 virtutem
1553 1221 1714 1255 superavit;
1732 1220 1827 1255 sicque

1041 1263 1101 1290 illos
1114 1264 1265 1298 captivans,
1282 1271 1353 1299 quos
1379 1272 1411 1292 ea
1434 1264 1587 1297 addixerat,
1613 1266 1696 1293 saluti
1719 1266 1827 1294 deditos

1038 1309 1163 1343 quotidie
1175 1309 1305 1337 Ecclesiae
1317 1309 1493 1345 adjungebat.
1509 1310 1609 1338 Verum
1632 1318 1750 1345 namque
1776 1312 1825 1339 Dei

1039 1353 1218 1381 simulacrum
1245 1355 1273 1382 in
1299 1362 1333 1382 eo
1359 1355 1495 1382 elucebat.
1529 1355 1652 1383 Vidisses
1671 1356 1824 1390 simplicem

1037 1407 1112 1432 cum,
1129 1404 1157 1426 et
1171 1400 1388 1433 multiformem;
1403 1407 1435 1428 ac
1448 1400 1522 1427 sicut
1536 1401 1578 1428 sol
1602 1408 1663 1428 cum
1689 1409 1760 1429 unus
1775 1409 1825 1429 na-

1039 1451 1099 1474 tura
1114 1446 1160 1479 sit,
1169 1447 1251 1473 unius
1265 1446 1373 1481 generis
1386 1446 1458 1478 luce,
1474 1446 1580 1474 eﬂ‘ectis
1593 1451 1683 1474 tamen
1708 1455 1739 1474 ac
1767 1448 1824 1474 vir-

203 1491 294 1525 φύσιν,
312 1492 351 1527 τῷ
367 1493 499 1527 μονοειδεῖ
514 1494 561 1520 τοῦ
582 1495 681 1529 φωτὸς,
698 1495 819 1529 ποικίλος
836 1497 864 1523 δὲ
877 1497 983 1524 δείκνυ-

1041 1491 1143 1518 tutibus
1158 1491 1250 1519 varius
1264 1491 1438 1519 ostenditur:
1454 1491 1494 1519 sic
1506 1496 1534 1519 et
1548 1499 1662 1528 magnus
1672 1492 1824 1527 apostolus.

202 1544 246 1563 ται
256 1538 316 1568 ταῖς
331 1538 483 1574 ἐνεργείαις
495 1547 502 1554 ·
512 1539 583 1566 οὕτω
614 1542 666 1567 καὶ
680 1542 694 1568 ὀ
714 1542 802 1576 μέγας
825 1542 983 1575 ἀπόστολος,

202 1581 319 1618 ἐνοειδὴς
336 1583 385 1618 μὲν
400 1584 459 1619 ἦτοι
474 1585 652 1620 χριστοειδὴς,
670 1586 710 1621 τῷ
724 1587 788 1621 περὶ
803 1587 906 1619 πάντας
918 1588 984 1622 ἀγα-

202 1627 333 1662 θοπρεπεῖ
352 1628 403 1663 τῆς
430 1630 617 1665 συνειδήσεως,
636 1632 754 1663 ποικίλος
775 1632 804 1658 δὲ
833 1633 893 1664 ταῖς
917 1641 985 1668 προ-

202 1673 288 1704 νοίαις
309 1675 356 1700 καὶ
371 1675 431 1706 ταῖς
452 1676 516 1710 περὶ
539 1676 588 1707 τὰς
606 1676 766 1712 Ἐκκλησίας
783 1679 906 1714 φροντίσι
918 1679 986 1705 καθ-

206 1719 294 1753 inpleo
308 1726 316 1733 ·
332 1719 379 1745 καὶ
393 1719 438 1746 νῦν
455 1720 503 1754 μὲν
529 1721 634 1756 σιωπὴν
651 1721 773 1756 εῠλογον,
803 1722 851 1749 νῦν
866 1722 894 1750 δὲ
907 1722 986 1758 λόγον

204 1761 310 1796 καίριον
324 1762 527 1798 ἐνδεικνύμενος
540 1773 547 1780 ·
562 1764 610 1791 νῦν
625 1765 675 1800 μὲν
702 1766 986 1803 ἀνθρωποπρεπέστε-

202 1815 248 1841 ρον
264 1809 320 1839 τοῖς
332 1809 540 1844 ἐντυγχάνουσιν
562 1811 675 1845 ὁμιλῶν,
697 1813 744 1839 καὶ
768 1813 803 1839 τὰ
833 1813 987 1850 ὑψηλότερα

200 1852 246 1878 τοῦ
263 1854 427 1888 Εὑαγγελίου
440 1856 728 1893 παρακαλυπτόμενος,
745 1858 791 1885 νῦν
806 1859 834 1886 δὲ
847 1861 895 1896 τὴν
918 1861 987 1897 ἀλή-

201 1899 277 1926 θειαν
290 1902 557 1936 παρρησιαζόμενος,
576 1904 624 1931 καὶ
640 1904 685 1931 τὸν
700 1905 746 1931 ὑπ’
772 1906 855 1933 αὑτοῦ
884 1916 986 1943 κηρυσ-

202 1943 316 1977 σόμενον
336 1944 452 1979 Ἰησοῦν,
476 1947 543 1973 Θεὸν
570 1944 641 1975 εῖναι
672 1950 845 1984 προαιώνιον,
872 1953 983 1986 τέλειον,

200 1988 327 2024 ἄναρχον,
341 1990 520 2026 ἀτελεύτητον
532 1992 785 2029 διαμαρτυρόμενος
801 2003 809 2011 ο
825 1995 893 2023 θεὸν
920 1997 986 2031 ἀληο

200 2034 234 2069 Θῆ
243 2034 289 2060 καὶ
302 2034 402 2068 ζῶντα,
423 2035 453 2069 ἐξ
467 2037 593 2072 ἀληθινοῦ
612 2039 660 2065 καὶ
675 2038 774 2072 ζῶντος
793 2040 838 2067 ἀεὶ
852 2041 900 2068 τοῦ
920 2043 986 2070 ἰδίου

199 2079 368 2114 γεννώμενον
382 2082 489 2117 Πατρός
506 2091 513 2098 ·
542 2083 687 2119 ἀσώματον
712 2085 860 2120 ἀσωμάτου
876 2096 884 2103 ·
908 2088 986 2123 ἅγιον

199 2125 278 2158 ἁγίου
294 2133 302 2142 ⁸
313 2126 371 2160 φῶς
389 2127 423 2153 ἐκ
438 2128 538 2162 φωτὸς,
562 2128 635 2164 ζωὴν
647 2130 678 2156 ὲκ
693 2130 776 2166 ζωῆς,
791 2132 924 2169 ὁμότιμον
938 2135 984 2161 καὶ

1040 1535 1183 1562 uniformis
1199 1543 1262 1562 cum
1290 1539 1363 1563 esset
1378 1535 1496 1570 (Christo
1507 1535 1613 1563 scilicet
1642 1536 1731 1564 aﬂinis
1742 1540 1825 1571 atque

1038 1579 1158 1614 similis),
1173 1580 1348 1608 conscientia:
1371 1588 1436 1615 erga
1460 1589 1555 1608 omnes
1581 1581 1724 1614 bonitate;
1750 1581 1824 1608 ruris

1038 1625 1217 1653 nihilominus
1240 1625 1479 1660 Ecclesiarumque
1511 1625 1696 1654 sollicitudine
1731 1626 1824 1654 varius

1039 1671 1213 1698 cernebatur.
1226 1671 1264 1698 Ac
1273 1671 1355 1699 modo
1376 1671 1498 1706 quidem,
1516 1678 1667 1706 congruum
1691 1672 1765 1706 justa
1777 1679 1823 1699 ra-

1040 1715 1114 1744 tione
1135 1716 1294 1749 silentium;
1325 1716 1407 1744 modo
1427 1721 1529 1749 autem,
1560 1721 1748 1751 opportunum
1764 1724 1824 1744 ser-

1039 1769 1148 1789 monem
1158 1762 1412 1790 exhibebatznunc
1428 1769 1462 1789 cx
1490 1762 1610 1789 humana
1634 1761 1741 1789 ratione
1771 1761 1823 1788 hu-

1040 1806 1132 1833 milius
1150 1806 1316 1834 adeuntibus
1331 1806 1505 1841 loquebatur,
1521 1813 1552 1833 ac
1581 1805 1720 1840 Evangelii
1735 1805 1824 1834 subli-

1040 1852 1126 1879 miora
1138 1852 1303 1887 obtegebat;
1320 1859 1392 1879 nunc
1417 1851 1557 1878 veritatem
1576 1851 1666 1886 palam
1694 1851 1824 1886 loqueba-

1039 1904 1094 1932 tur,
1112 1907 1144 1926 ac
1152 1907 1234 1934 quem
1259 1898 1423 1934 praedicabat
1435 1897 1550 1930 ‘Jesum,
1570 1898 1657 1925 Deum
1668 1905 1728 1926 esse
1753 1906 1823 1933 pra:-

1038 1950 1182 1976 aelernum.
1195 1945 1357 1980 perfectum,
1382 1943 1509 1979 principii
1536 1943 1652 1978 ﬁnisque
1670 1948 1822 1978 expertem,

1039 1991 1357 2019 contestabatur:Deum
1376 1997 1471 2017 verum
1483 1989 1628 2020 acvivum,
1654 1996 1688 2015 ex
1710 1996 1778 2016 vero
1792 1997 1824 2016 ac

1038 2035 1101 2063 vivo
1127 2043 1235 2070 semper
1270 2039 1427 2062 nascentem
1449 2034 1545 2065 Patre;
1569 2033 1762 2068 incorporeum
1790 2041 1822 2061 ex

1039 2083 1202 2116 incorporeo
1217 2085 1362 2114 ;sanctum
1377 2088 1412 2107 ex
1421 2083 1536 2110 sancto;
1552 2079 1643 2106 lumen
1658 2086 1692 2107 ex
1707 2079 1822 2110 lumine,

1038 2128 1122 2155 vitam
1142 2134 1176 2154 ex
1190 2127 1265 2158 vita;
1289 2126 1348 2161 pari
1361 2125 1465 2152 honore
1481 2128 1509 2150 et
1522 2123 1623 2150 deitate
1637 2128 1664 2150 et
1679 2122 1801 2149 bonitate
1815 2131 1822 2154 ;

199 2170 311 2204 ὀμόθεον
325 2171 372 2198 καὶ
386 2173 553 2207 ὁμοάγαθον·
573 2174 606 2202 δι’
635 2172 666 2202 οὗ
693 2177 807 2212 οὐρανός
828 2187 858 2205 τε
881 2180 929 2206 καὶ
949 2181 985 2216 γῆ
1001 2177 1024 2207 ι)
1038 2181 1087 2209 per
1097 2180 1178 2208 quem
1191 2171 1289 2199 coelum
1302 2174 1331 2198 et
1353 2174 1426 2197 terra
1444 2168 1588 2216 producta,
1605 2168 1750 2203 omnisque
1775 2175 1822 2195 eo-

198 2216 339 2252 παρήχθη,
356 2218 404 2244 καὶ
416 2220 430 2245 ὁ
442 2219 553 2254 σύμπας
562 2220 729 2258 διεκοσμήθη
746 2223 857 2257 κόσμος.

235 2262 335 2290 Τοῦτον
353 2264 399 2291 νῦν
427 2265 517 2300 σάρκα
529 2267 664 2300 γενέσθαι,
680 2268 731 2302 τὴν
745 2269 885 2304 ἡμετέραν
907 2271 985 2298 εὐτέ-

197 2308 273 2335 λειαν
288 2310 358 2344 ὑπὲρ
372 2311 451 2346 ἡμῶν
464 2313 497 2338 ὲκ
521 2312 689 2349 παρθενικῆς
705 2314 753 2341 καὶ
780 2315 862 2349 ἀγίας
887 2317 984 2352 νηδύος

199 2354 333 2382 ὑποδύντα
348 2364 356 2370 ·
382 2356 429 2383 καὶ
461 2357 571 2393 σταυρῷ
601 2358 650 2385 καὶ
677 2358 776 2386 πάθεσι
799 2361 848 2387 καὶ
876 2361 985 2398 θανάτῳ

200 2401 447 2436 προσωμιληκότα,
471 2403 605 2431 ἀπάθειαν
630 2405 696 2439 ἡμῖν
714 2405 762 2432 καὶ
776 2405 850 2442 ζωὴν
875 2407 985 2435 αἰώνιον

198 2446 242 2472 διὰ
266 2447 317 2482 τῆς
338 2448 371 2474 ὲκ
394 2449 498 2483 νεκρῶν
520 2450 673 2485 τριημέρου
696 2452 871 2485 ἀναστάσεως
892 2463 982 2490 παρα-

200 2492 273 2526 σχεῖν
286 2501 293 2508 ·
304 2492 335 2518 ὃν
347 2493 394 2519 καὶ
408 2493 597 2530 ἀναληφθῆναι
612 2495 764 2531 βλεπόντων
782 2498 861 2533 ἡμῶν
879 2500 918 2531 εἰς
937 2500 983 2527 τὸν

197 2536 320 2571 οὐρανὸν,
334 2539 381 2564 καὶ
392 2538 469 2574 ἥξειν
480 2540 610 2574 ἐμφανῶς
631 2541 711 2573 αὖθις
733 2543 839 2570 ἐκεῖθεν
864 2545 982 2580 προσδο-

198 2582 302 2618 κῶμεν,
317 2584 357 2615 είς
371 2584 460 2619 κρίσιν
471 2584 544 2612 ἅπαν
570 2585 601 2612 τὺ
619 2586 730 2622 πλάσμα
760 2589 981 2624 παραστήσοντα.

234 2672 288 2699 Καὶ
298 2671 346 2699 νῦν
361 2673 411 2708 μὲν
427 2673 546 2708 ἐλέγχων
564 2673 614 2708 τὴν
644 2674 748 2706 ἄνοιαν,
776 2675 826 2710 τὴν
853 2676 982 2703 ἀσέϐειαν

197 2717 252 2744 τῶν
276 2719 314 2752 μὴ
332 2719 528 2752 ἑπιγνωκότων
548 2719 595 2746 τὸν
619 2719 696 2751 Θεδν,
716 2720 762 2746 τὸν
784 2721 882 2749 οίκεῖον
911 2722 981 2750 πλά-

236 2808 258 2824 '°
271 2808 340 2836 Psal.
358 2817 448 2842 xmx,
466 2809 483 2836 2
532 2810 553 2826 “
568 2809 635 2839 Luc.
650 2818 707 2844 vui,
723 2810 767 2838 5t.

1039 2226 1099 2246 rum
1112 2222 1226 2246 ornatus
1239 2222 1267 2244 et
1278 2216 1418 2244 distinctio
1433 2215 1516 2243 edita.

1072 2265 1152 2292 Hunc
1165 2263 1246 2291 modo
1261 2270 1371 2290 carnem
1390 2261 1492 2289 factum
1508 2269 1579 2294 esse,
1596 2266 1689 2290 nostra
1706 2268 1755 2296 pro
1765 2268 1823 2288 no-

1036 2309 1080 2337 bis
1094 2309 1221 2336 indutum
1235 2308 1348 2339 vilitate,
1370 2314 1404 2334 ex
1419 2307 1545 2342 virginali
1559 2311 1708 2342 sanctoque
1721 2311 1800 2334 utero
1812 2316 1820 2341 ;

1036 2361 1174 2389 cruceque
1188 2358 1215 2380 et
1228 2351 1402 2388 passionibus
1416 2358 1447 2378 ac
1461 2355 1548 2378 morte
1565 2351 1751 2386 perfunctum,
1768 2352 1820 2379 im-

1036 2400 1178 2427 mortalem
1204 2398 1285 2426 nobis
1313 2396 1450 2431 nullisque
1472 2397 1618 2424 obnoxiam
1648 2397 1822 2432 passionibus

1035 2450 1117 2480 atque
1128 2448 1258 2472 aeternam
1273 2443 1367 2475 vitam,
1388 2442 1514 2469 triduana
1526 2450 1559 2469 ex
1581 2442 1697 2470 mortuis
1726 2451 1820 2470 resur-

1035 2491 1155 2519 rectione
1176 2489 1319 2525 prazbere:
1349 2496 1432 2523 quem
1448 2492 1477 2515 et
1505 2487 1586 2515 nobis
1607 2488 1766 2517 videntibus
1788 2489 1818 2516 in

1035 2537 1136 2564 coelum
1159 2539 1312 2569 receptum.
1339 2533 1403 2561 inde
1431 2541 1527 2560 rursus
1552 2534 1700 2568 conspicua
1728 2535 1819 2568 specie

1039 2586 1186 2609 venturum
1200 2584 1400 2615 exspectamus,
1415 2579 1462 2614 qui
1473 2586 1523 2614 pro
1536 2579 1666 2607 tribunali
1676 2579 1728 2606 sibi
1741 2579 1819 2605 sistat

1037 2635 1118 2655 omne
1135 2627 1286 2654 humanum
1299 2632 1395 2660 genus.

1072 2672 1112 2700 Ac
1123 2671 1205 2698 modo
1219 2670 1341 2705 quidem,
1355 2677 1450 2698 eorum
1464 2670 1511 2705 qui
1535 2669 1620 2696 Deum
1647 2668 1817 2696 conditorem

1037 2726 1116 2748 suum
1129 2716 1280 2752 mundique
1302 2716 1384 2752 hujus
1397 2715 1585 2744 universitatis
1609 2714 1734 2749 opiﬁcem
1762 2721 1818 2741 non
