2078 3154
189 176 243 210 εις)

558 182 699 214 ORATIO
718 186 786 217 ΧΠ,
800 199 831 206 ·-
847 187 887 218 ΙΝ
907 188 1062 219 LAUDEM
1082 191 1112 221 S.
1134 191 1290 222 SIMOle
1308 193 1435 224 Al’OST.

1759 197 1814 228 250

191 234 371 287 ὄλεθροφόρου
384 237 547 266 ἀνακόπτων
570 242 665 276 φορᾶς,
686 243 733 269 καὶ
754 245 810 275 τοῖς
829 245 973 281 καθήκουσι

1030 247 1140 281 quidem
1156 248 1302 276 exitiosum
1327 250 1436 277 inhibet
1461 250 1604 286 impetum,
1628 251 1762 287 iubetque
1787 254 1814 281 in

189 280 287 316 ιώροις
301 282 407 309 ἐπιέναι
421 285 470 318 τῆς
481 285 632 319 διαϐάσεως
646 288 676 314 ἐν
692 289 804 325 ὀνόματι
815 292 976 326 παραγγέλ-

190 332 243 372 Αῳν
257 327 375 360 Χριστοῦ
388 337 396 344 ·
410 330 444 356 τὰ
455 331 482 358 δὲ
498 331 537 366 τῷ
551 333 626 368 αὐτῷ
638 335 750 369 ὀνόματι
767 336 914 372 ξηραίνων,
939 339 977 371 ὥς

191 371 221 397 τὲ
240 372 303 407 πρὶν
317 373 405 400 ἄϐατα
421 375 526 411 βάσιμα
541 379 598 410 τοῖς
614 380 770 413 προσοίκοις
786 383 953 410 καθεστάναι
968 391 976 398 ³

189 415 226 442 ιῶ
238 417 335 448 ταῦτα,
351 419 398 445 καὶ
417 420 467 446 ὃσα
478 422 545 448 ἄλλα
561 424 632 450 κατὰ
651 433 705 452 των
725 427 867 462 στοιχείων
881 428 895 454 ό
910 427 977 455 θαυ-

189 462 360 496 μασιώτατος
376 465 598 502 ἐπιδεικνύμενος
613 476 622 484 ·
638 471 685 497 καὶ
704 471 754 498 ὅσα
770 471 838 508 πρὸς
860 473 977 509 εὐεργε‹

189 509 251 536 σίαν
265 509 320 536 τῶν
330 511 482 546 ἀνθρώπων
497 515 700 551 τεμτουργῶν,
718 517 765 544 καὶ
786 518 893 550 τούτοις
923 519 977 554 χώ-

190 562 239 588 ρας
254 555 318 586 ὅλας
333 557 380 583 καὶ
394 557 487 590 πόλεις
501 559 570 594 πρὺς
593 561 644 596 τὴν
671 561 800 597 ὑπερφυᾶ
823 563 870 590 τοῦ
889 563 976 598 Ἰησοῦ

158 604 161 605 ⁷
187 599 298 636 διδαχὴν
322 601 445 636 ὲξιστῶν,
459 605 491 638 τῇ
504 604 595 632 πίστει
608 608 837 643 κατασφραγίζει,
855 610 903 636 καὶ
926 609 977 644 τῆς

187 644 278 679 κακῆς
295 646 440 681 συνηθείας
454 649 501 675 καὶ
515 649 619 686 πλάνης
630 651 678 678 καὶ
689 652 899 688 δεισιδαιμονίας
913 656 977 688 ἀφι-

188 690 270 723 στῶν,
290 691 334 718 διὰ
347 692 396 719 τοῦ
412 694 531 729 Χριστοῦ
544 699 711 731 προσοικειοτ
721 698 760 732 τῷ
774 698 834 734 Θεῷ
844 707 851 713 ·
866 700 913 727 καὶ
930 700 977 726 νῦν

190 738 240 772 μὲν
253 741 308 771 τοῖς
323 742 578 777 προκατηχημένοις
596 744 643 771 τὸν
657 745 746 779 λόγον,
756 747 802 773 νῦν
815 747 844 773 δὲ
858 748 914 779 τοῖς
929 748 977 774 ἀν-

187 783 279 819 ηκόοις
293 785 439 821 ἐπιδημεῖ·
454 787 536 814 πάλιν
550 789 664 825 ἠπείρου
683 793 802 827 μακρᾶς,
817 792 898 818 πάλιν
922 801 976 827 μα-

187 831 321 865 κροτέραν
330 832 489 869 κατατολμᾷ
499 834 625 869 πελαγῶν
635 842 643 850 ⁸
666 836 745 868 αὖθις
764 838 879 873 ἀγωνιᾷ,
907 846 977 872 σφα-

186 874 261 906 δάζει
272 877 319 903 καὶ
333 877 471 912 τρύχεται,
489 879 578 906 ἔθνεσι
591 881 752 914 δεινοτάτοις
768 883 815 909 καὶ
828 883 977 918 σκληροτά-

188 928 246 952 ¹εοις
257 922 410 957 περιτυχών
423 931 430 939 ·
446 924 524 956 αὖθις
540 925 569 952 δὲ
584 927 674 962 χαίρει
695 928 742 954 καὶ
755 916 917 962 ἀγαλλιᾶται
928 929 975 956 καὶ
993 916 1013 944 Β

186 965 291 1000 ἥδεται,
306 968 347 999 είς
369 969 490 1005 γαλήνην
509 971 556 998 τὸν
589 973 712 1007 χειμῶνα
739 974 976 1010 μεταϐεϐλημένον

185 1011 268 1047 ὀρῶν,
284 1013 332 1040 καὶ
350 1014 400 1049 τὴν
416 1016 566 1052 ἀγριότητα
581 1016 635 1045 καῖ
654 1019 781 1047 ἀπιστίαν
804 1021 844 1053 εἰς
873 1020 976 1057 ήμερό-

186 1058 255 1091 ιι-ητά
270 1066 300 1085 τε
314 1059 360 1087 καὶ
374 1060 465 1088 πίστιν
482 1063 729 1100 μεταποιουμένην.

222 1190 300 1218 Ἔστι
321 1191 371 1226 μὲν
390 1192 434 1219 ὅτε
457 1193 519 1220 καθ’
530 1193 578 1221 ἕνα
593 1195 704 1230 φωτίζει
718 1198 781 1229 τοὺς
797 1199 975 1234 παρατυγχά-

187 1244 282 1268 νοντας
294 1245 301 1253 ·
317 1237 375 1265 ἐστι
389 1238 413 1265 δ’
432 1239 476 1266 ὅτε
489 1240 537 1266 καὶ
551 1241 654 1268 πλείοσι
669 1242 742 1269 κατά
760 1243 858 1270 ταύτὸν
876 1244 975 1282 ἀνδρά-

188 1288 215 1306 σι
226 1281 274 1307 καὶ
288 1281 406 1315 γυναιξὶ,
423 1282 562 1316 πλουσίοις
591 1285 639 1311 καὶ
661 1286 785 1321 πένησιν,
808 1287 922 1323 ἄρχουσί
944 1298 973 1317 τι

186 1326 232 1352 καὶ
248 1326 366 1360 ίδιώταις
377 1328 540 1363 νομοθετῶν,
560 1330 649 1362 κοινὸς
672 1332 782 1359 πάντων
803 1333 972 1368 διδάσκαλος,

185 1373 286 1409 ποιμήν
303 1382 332 1400 τε
349 1374 396 1401 καὶ
411 1375 503 1410 σωτὴρ
525 1375 636 1410 ἀγαθὸς,
659 1377 730 1404 κατὰ
754 1379 804 1412 τὴν
828 1379 974 1416 ὁμοιότητα

185 1417 320 1445 δείκνυται
331 1419 461 1454 Χριστοῦ.
481 1420 609 1453 Τοιοῦτος
631 1422 646 1448 ό
667 1421 714 1449 τοῦ
739 1423 889 1451 ἀποστόλου
916 1423 974 1460 βίος

186 1464 232 1490 καὶ
245 1464 364 1499 τρόπος·
382 1466 429 1492 καὶ
449 1466 554 1502 ταύτην
577 1464 646 1494 εἶναι
669 1468 799 1503 βραχεῖαν
820 1470 973 1505 ὑπόμνησιν

183 1510 238 1538 τῶν
260 1511 445 1547 πολυχρονίων
461 1513 544 1540 αὑτοῦ
556 1514 644 1541 πόνων
657 1515 704 1541 καὶ
713 1516 882 1551 κικροτάτων
895 1525 973 1552 περι-

184 1555 250 1582 ύδων

225 1601 366 1629 Ἐντεῦθεν
389 1602 490 1638 πολλὴν
516 1603 565 1639 μὲν
581 1604 704 1640 ἦπειρον,
727 1605 827 1642 πολλὴν
850 1607 879 1634 δὲ
901 1616 973 1644 παρ-

184 1644 267 1678 άλιον,
285 1647 332 1672 καὶ
347 1646 445 1682 νήσους
459 1647 488 1674 δὲ
500 1648 550 1674 οὐκ
562 1648 656 1682 ὀλίγας
666 1649 706 1685 τῷ
724 1649 882 1687 κηρύγματι
897 1661 973 1688 περι-

183 1690 273 1718 λαϐών
292 1700 300 1706 ·
318 1692 483 1728 Ἐκκλησίας
502 1701 532 1719 τε
544 1693 684 1726 πλείστας,
700 1695 791 1732 ἱερέας
802 1705 833 1723 τε
854 1698 901 1724 καὶ
920 1699 973 1733 dp-

183 1737 290 1772 χιερέας
303 1737 527 1773 ἀψιερωσάμενος
547 1739 642 1775 Κυρίῳ
657 1747 664 1755 ·
694 1741 741 1767 καὶ
757 1741 807 1777 ήδη
836 1742 867 1769 τὸ
893 1742 972 1778 ἔργον

182 1781 230 1817 τῆς
245 1782 403 1818 ἱερουργίας
414 1783 461 1810 τοῦ
475 1784 555 1817 λόγου
571 1784 778 1820 περαινόμενος,
810 1787 858 1813 καὶ
883 1787 972 1814 αὐτῶν

182 1827 233 1862 ήδη
250 1827 305 1853 τῶν
323 1828 464 1862 στεφάνων
480 1828 595 1864 πλησίον
611 1831 755 1865 γινόμενος
767 1838 774 1845 ·
788 1832 897 1858 διαπλεῖ
922 1833 972 1868 μὲν

182 1873 228 1900 τὸν
254 1873 382 1908 ἑσπέριον
412 1874 550 1908 Ὠκεανὸν,
580 1875 648 1910 πρὸς
674 1877 733 1908 ταῖς
751 1876 929 1912 Βρεττανικαῖς
943 1879 972 1905 δὲ.

183 1919 363 1954 καλουμέναις
378 1920 503 1954 καταίρει
517 1921 609 1956 νήσοις
629 1928 637 1936 θ
660 1920 695 1953 ἃς
718 1923 768 1957 τῆς
796 1922 860 1958 ὅλης
881 1925 971 1951 οἰκου-

185 1964 268 2000 μένης
286 1965 363 1996 15.0;
388 1965 468 1999 φασίν
486 1973 493 1981 ·
514 1965 582 2001 μηδὲ
609 1966 663 2001 γὰρ
680 1967 807 1995 ἐπέκεινα
823 1969 875 2004 γῆν
889 1967 970 2003 εἷναι,

184 2010 247 2045 μήτ’
262 2009 310 2036 οὖν
321 2010 351 2036 τὸ
365 2011 482 2044 πέλαγος
498 2011 556 2045 μετ’
568 2010 653 2043 αὐτὰς
667 2012 795 2046 περατόν.

198 2049 204 2053 ’
223 2055 297 2082 Ἐκεῖ
335 2055 426 2090 Σίμων
460 2057 475 2082 ό
503 2057 777 2092 τρισμακαριώτατος
815 2059 970 2094 γενόμενος,

182 2100 229 2127 καὶ
241 2100 287 2126 τὸν
299 2100 377 2134 λόγον
403 2101 452 2136 τῆς
475 2100 604 2136 ἀληθείας
631 2102 878 2139 εὐαγγελισάμενος
893 2112 902 2120 ’
922 2106 970 2133 καὶ

182 2146 296 2178 πολλοὺς
326 2146 376 2180 μὲν
406 2147 606 2179 πιστεύσαντας
630 2148 670 2182 τῷ
693 2148 764 2184 λόγῳ
780 2149 831 2184 τῆς
854 2149 966 2186 χάριτος

183 2191 414 2226 σφραγισάμενος,
436 2191 564 2223 πλείστας
583 2192 611 2219 δὲ
626 2193 674 2220 καὶ
691 2194 765 2228 παρά
783 2194 838 2220 τῶν
864 2196 970 2222 ἀντιλε-

1029 292 1132 321 Christi
1146 295 1258 322 nomine
1279 295 1314 323 iis
1329 296 1397 323 locis
1423 296 1557 329 deﬂuere,
1587 297 1691 333 quibus
1713 299 1817 334 oppido

1029 340 1205 367 commodum
1224 346 1315 374 esset;
1335 341 1386 368 bas
1404 350 1470 369 vero
1486 343 1585 370 eodem
1607 344 1737 372 invocato
1763 353 1815 372 no-

1029 384 1104 412 mine
1118 385 1249 418 exsiccat,
1265 393 1297 413 ac
1311 393 1373 421 quae
1388 387 1466 421 prius
1479 388 1614 422 impervia
1627 393 1718 422 erant,
1744 390 1815 422 loca.

1027 429 1127 457 incolis
1140 435 1251 465 praestat
1273 431 1377 466 pervia.
1391 432 1469 459 Mitto
1494 433 1563 465 haec,
1592 442 1624 461 ac
1645 443 1817 470 qmecunque

1027 476 1081 503 alia
1097 476 1139 503 vir
1154 476 1333 505 admirandus
1350 478 1484 506 adversus
1498 479 1636 506 elementa
1655 480 1814 516 designans,

1027 528 1198 557 quaecunque
1214 523 1296 549 etiam
1313 523 1340 550 in
1353 523 1496 551 hominum
1511 525 1628 560 gratiam
1641 525 1750 560 illisque
1765 526 1816 553 de-

1028 566 1165 594 merendis
1191 566 1315 602 prodigia
1333 572 1456 602 patrans,
1481 572 1564 604 atque
1588 569 1631 596 his
1657 570 1831 604 provincias.

1028 610 1148 646 integras
1160 611 1298 646 urbesque
1310 612 1455 641 divinioris
1468 613 1533 641 Iesu
1550 614 1686 642 doctrinae
1700 619 1815 650 stupore

1027 656 1211 692 suspendens,
1233 657 1287 684 (ide
1297 658 1451 693 consignat,
1465 664 1548 694 atque
1563 667 1578 686 a
1596 659 1666 687 mala
1685 665 1816 688 avocatus

1027 702 1238 734 consuetudine,
1249 710 1400 738 erroreque
1411 711 1443 731 ac
1451 705 1659 739 superstitione,
1674 713 1724 740 per
1734 706 1816 734 ϐίη-μ

1027 750 1100 774 stum
1112 747 1168 774 Deo
1175 747 1304 775 conciliat
1319 757 1326 775 :
1341 756 1375 775 ac
1387 757 1461 776 nunc
1474 750 1586 784 quidem
1598 751 1631 778 ad
1644 759 1692 779 eos
1706 760 1736 780 se
1749 760 1816 780 con-

1027 791 1090 823 fert,
1109 791 1156 826 qui
1170 792 1226 827 jam
1238 792 1370 820 doctrina:
1383 793 1509 820 auditum
1538 800 1715 829 acceperant,
1739 804 1814 824 nunc

1028 839 1120 864 autem
1134 836 1168 863 ad
1181 844 1231 865 eos
1243 837 1290 872 qui
1307 837 1367 873 ejus
1383 837 1452 865 nihil
1466 838 1622 866 andierant.
1641 839 1747 867 Rursus
1757 841 1815 868 lon-

1028 889 1062 917 ga
1081 881 1259 914 continentis,
1274 882 1399 917 longiora
1414 884 1534 918 aequoris
1545 889 1629 919 atque
1643 885 1731 921 pelagi
1748 894 1814 920 pcr-

1030 930 1134 954 tentata
1151 927 1249 962 spatia.
1265 927 1372 955 Rursus
1387 928 1470 955 animi
1486 929 1583 956 anxius
1598 934 1770 964 maestusque
1787 935 1816 957 et

1029 980 1113 1000 mora:
1124 972 1270 1007 impatiens
1281 977 1325 1000 est
1337 978 1366 1000 et
1389 973 1587 1006 discruciatur,
1615 975 1643 1001 in
1663 974 1815 1002 ferissimas

1028 1023 1124 1053 gentes
1136 1025 1168 1045 ac
1184 1018 1347 1046 durissimas
1371 1018 1515 1052 incidens;
1545 1028 1699 1055 rursusque
1714 1020 1816 1055 gaudet

1026 1068 1056 1090 et
1067 1063 1185 1090 exsultat
1199 1063 1407 1099 acjucundatur
1421 1069 1553 1092 mutatam
1575 1069 1770 1100 tempestatem
1785 1064 1814 1093 in

1029 1109 1207 1144 tranquillum
1221 1109 1337 1142 videns;
1354 1109 1515 1144 ferinosque
1531 1115 1561 1137 et
1577 1110 1737 1138 incredulos
1753 1117 1815 1138 mo-

1028 1162 1072 1182 res
1082 1155 1109 1182 in
1122 1155 1264 1182 lenitatem
1284 1162 1434 1183 conversos
1450 1160 1478 1183 et
1496 1155 1588 1183 ﬁdem.

1062 1201 1232 1236 Quandoque
1263 1201 1387 1236 singulos
1421 1202 1467 1237 qui
1493 1202 1603 1230 adirent
1629 1201 1815 1236 illuminabat,

1027 1247 1193 1282 quandoque
1207 1254 1274 1274 vero
1288 1247 1371 1274 etiam
1385 1247 1514 1282 pluribus
1529 1248 1612 1274 simul
1625 1247 1694 1274 viris
1708 1255 1741 1275 ac
1756 1256 1816 1274 mu-

1027 1292 1152 1325 lieribus,
1169 1291 1305 1320 divitibus
1317 1299 1350 1319 ac
1364 1293 1545 1328 pauperibus,
1560 1293 1768 1328 magistratibus
1782 1298 1812 1320 et

1027 1337 1144 1372 privatis
1165 1337 1332 1364 documenta
1350 1337 1474 1370 tradens,
1500 1337 1638 1365 universis
1658 1338 1814 1364 communis

1027 1382 1167 1418 magister,
1193 1382 1344 1417 Pastorque
1368 1390 1401 1410 ac
1425 1387 1547 1410 servator
1576 1383 1682 1415 bonus,
1710 1382 1813 1410 Christi

1026 1428 1152 1463 exemplo
1175 1427 1310 1455 enitebat.
1326 1427 1400 1455 Talis
1423 1428 1540 1462 apostoli
1560 1429 1618 1455 vita
1643 1436 1810 1463 moresque:

1027 1475 1127 1510 bicque
1136 1474 1229 1502 brevis
1247 1473 1463 1501 commentarius
1477 1481 1572 1501 eorum
1586 1475 1724 1505 laborum.
1740 1482 1810 1508 quos

1026 1521 1124 1556 longos
1136 1527 1224 1548 annos
1236 1520 1392 1553 desudavit,
1405 1520 1726 1555 molestissimorumque
1741 1520 1815 1547 illius

1027 1566 1167 1595 itinerum.

1060 1611 1130 1639 Hinc
1145 1611 1260 1639 multam
1273 1610 1462 1638 continentem
1479 1614 1508 1638 et
1524 1610 1674 1641 maritima.
1697 1610 1814 1638 insulas-

1023 1666 1077 1694 que
1096 1666 1150 1686 non
1166 1665 1268 1693 paucas
1281 1656 1478 1693 praedicatione
1491 1657 1652 1691 complexus
1666 1657 1809 1691 pluribus-

1023 1712 1077 1740 que
1092 1704 1226 1731 Ecclesiis
1243 1707 1272 1731 et
1286 1702 1482 1730 sacerdotibus
1496 1710 1528 1730 ac
1541 1703 1682 1737 episc0pis
1697 1702 1814 1729 Domino

1022 1749 1209 1782 consecratis;
1222 1749 1333 1784 jamque
1348 1756 1434 1776 sacra:
1443 1748 1521 1775 verbi
1535 1747 1670 1775 functioni
1679 1747 1813 1781 colopho-

1023 1803 1085 1823 nem
1102 1795 1259 1830 imponens,
1279 1802 1311 1823 ac
1326 1795 1399 1829 ipsas
1413 1801 1428 1821 ο
1443 1793 1596 1828 propinquo
1606 1800 1723 1820 coronas
1741 1793 1814 1819 salu-

1023 1846 1094 1873 tans,
1106 1840 1253 1868 occiduum
1264 1839 1404 1868 Oceanum
1417 1839 1537 1874 navigat,
1547 1843 1629 1873 atque
1645 1838 1679 1865 ad
1696 1838 1812 1868 insulas.
1857 1856 1861 1859 -

1021 1894 1091 1921 quas
1107 1886 1280 1913 Britannicas
1292 1890 1384 1912 vocat.
1402 1884 1457 1912 llas
1483 1891 1560 1915 vero,
1583 1882 1705 1910 universi
1731 1882 1808 1909 orbis

1022 1937 1159 1960 terrarum
1177 1939 1242 1959 oras
1254 1935 1392 1958 extremas
1412 1937 1474 1958 8858
1489 1929 1601 1962 ferunt;
1630 1936 1720 1973 neque
1738 1928 1812 1963 quod

1021 1978 1153 2013 deinceps
1167 1981 1220 2011 est,
1236 1977 1351 2012 pelagus
1362 1983 1443 2011 posse
1457 1974 1594 2009 superari.

1057 2065 1126 2093 Illuc
1143 2064 1239 2092 Simon
1254 2062 1431 2090 beatissimus
1440 2068 1503 2088 cum
1519 2060 1651 2093 venisset,
1663 2068 1695 2088 ac
1708 2060 1811 2087 verita-

1022 2111 1057 2139 tis
1069 2117 1224 2138 sermonem
1241 2108 1443 2139 annuntiasset,
1461 2106 1618 2141 multosque
1639 2106 1724 2133 verbo
1750 2113 1811 2141 gra-

1023 2158 1067 2185 tim
1086 2155 1231 2184 credentes
1246 2153 1437 2190 consignasset
1454 2161 1461 2179 :
1477 2152 1524 2179 sed
1538 2156 1567 2179 et
1582 2152 1616 2179 ab
1630 2152 1674 2183 iis,
1699 2151 1745 2186 qui
1763 2159 1810 2178 vc-

1022 2202 1096 2230 ritati
1105 2201 1339 2233 contradicerent,
1354 2199 1449 2227 multis
1457 2198 1596 2234 appetitus
1608 2197 1715 2225 insidiis
1725 2202 1808 2230 esset,

182 2237 283 2270 γὸντων
297 2237 458 2273 τῇάληθείᾳ
478 2237 623 2270 ἰπιϐουλάς
647 2237 772 2274 ὑποσχών
785 2248 793 2255 ·
813 2240 891 2273 τέλος
917 2241 969 2269 ὑπὸ

1024 2248 1056 2276 ad
1081 2253 1236 2276 extremum
1257 2245 1475 2282 corripientibus
1495 2244 1646 2279 impietatis
1673 2244 1808 2279 patronis,

181 2282 236 2309 τῶν
248 2282 299 2318 τῆς
310 2283 437 2315 ἀσεϐείας
458 2284 661 2319 συναρπασθεὶς
680 2286 871 2320 ὑπασπιστων,
883 2295 969 2322 xpos-

183 2328 294 2363 ηλοῦται
311 2329 419 2365 σταυρῷ
429 2338 436 2345 ·
447 2330 520 2361 τέλος
531 2330 606 2362 ἄξιον
620 2331 669 2366 τῆς
682 2331 839 2366 ἐπιθυμίας,
851 2327 900 2360 iul.
911 2334 967 2361 τῶν

182 2374 252 2408 ὑπὲρ
267 2373 314 2400 τοῦ
329 2375 539 2410 ὲσταυρωμένου
562 2376 661 2407 πόνων,
692 2377 738 2403 τὸν
770 2378 840 2413 ὑπὲρ
863 2379 968 2406 ἐκείνου

181 2419 328 2453 δεξάμενος
343 2420 460 2454 σταυρόν
478 2428 485 2434 ·
513 2419 561 2446 καὶ
579 2421 613 2456 τῇ
632 2421 771 2457 ὁμοιότητι
796 2422 844 2449 τοῦ
866 2424 970 2457 πάοους

182 2464 300 2497 δοξάζων
311 2465 393 2492 αὑτὸν
402 2465 450 2491 καὶ
467 2465 646 2501 δοξαζόμενος
657 2467 686 2494 ὲν
701 2467 787 2502 αὐτῷ.

217 2510 313 2538 Τοίνυν
325 2511 372 2537 ἐπὶ
383 2510 431 2537 τοῦ
456 2512 574 2547 σταυροῦ
588 2512 712 2548 καθάπερ
728 2513 808 2545 ἄλλος
826 2514 968 2550 ισταυρω-

183 2555 264 2590 μόνος
282 2556 396 2591 Ἰησοῦς,
412 2557 482 2592 μετά
495 2557 544 2590 τὰς
561 2558 670 2593 μακρὰς
687 2558 755 2594 πρὸς
776 2559 841 2591 τοὺς
865 2560 969 2595 παρόν-

181 2611 230 2633 τας
239 2602 293 2629 τῶν
310 2603 397 2638 δχλων
410 2604 528 2639 ὁμιλίας,
543 2604 613 2639 μετὰ
625 2605 674 2637 τὰς
685 2602 885 2641 συντεταμένας
902 2606 970 2641 πρὸς

183 2648 286 2684 Κύριον
303 2650 468 2685 προσευχὰς,
477 2651 527 2682 τάς
543 2651 614 2686 ὑπὲρ
625 2651 680 2678 τῶν
696 2651 809 2683 πιστῶν,
827 2651 878 2683 τὰς
899 2652 969 2688 ὑπὲρ

181 2694 237 2720 τῶν
251 2695 374 2722 ἀπίστων
390 2704 398 2712 ο
411 2696 466 2723 τῶν
482 2697 541 2732 μὲν,
553 2697 627 2729 ὅπως
642 2697 786 2732 ἐμμένοιέν
801 2698 971 2733 ἀπαρακίνη-

182 2747 224 2766 τοι
236 2742 270 2775 τῇ
281 2741 405 2778 ἀληθείᾳ,
419 2742 473 2769 τῶν
489 2743 528 2776 δὲ,
545 2744 618 2775 ὃπως
630 2743 824 2779 ἐπιστραφεῖεν
840 2744 909 2780 πρὸς
923 2744 969 2771 τὸν

183 2786 251 2814 θεὸν
261 2788 307 2814 τὸν
321 2789 441 2824 ἰσχυρὸν,
457 2790 502 2816 τὸν
519 2790 618 2823 ζῶντα,
634 2790 681 2817 καὶ
693 2789 889 2823 πιστεύσαντες
913 2800 966 2818 σω-

220 2877 244 2893 ”
259 2877 330 2905 Psal.
349 2885 402 2911 xu,
416 2878 443 2906 5.

1019 2293 1095 2321 cruci
1111 2291 1252 2327 adigitur;
1269 2291 1382 2326 dignum
1398 2289 1505 2317 scilicet
1528 2289 1690 2323 cupiditatis
1713 2288 1808 2320 liuent,

1020 2346 1053 2366 ac
1066 2337 1192 2365 laborum
1208 2336 1333 2364 cruciﬁxi
1344 2343 1426 2363 causa
1444 2338 1650 2369 susceptorum,
1662 2333 1737 2360 illius
1748 2341 1810 2368 gra-

1022 2383 1059 2411 tia
1079 2386 1223 2418 reportans
1236 2382 1387 2416 repositam
1405 2387 1540 2413 erucem;
1557 2379 1748 2414 passionisque
1770 2378 1809 2405 si-

1021 2427 1179 2456 militudine
1199 2431 1256 2454 tum
1274 2427 1364 2461 ipsum
1377 2425 1545 2457 clariﬁcans,
1559 2428 1616 2452 tum
1632 2423 1661 2450 in
1672 2423 1732 2458 ipso
1749 2423 1792 2450 cla

1021 2475 1132 2502 ritatem
1149 2477 1247 2500 nactus
1263 2476 1292 2499 et
1305 2471 1434 2507 gloriam.

1057 2519 1144 2554 Igitur
1163 2518 1190 2546 in
1204 2524 1314 2545 crucem
1325 2516 1404 2543 velut
1419 2516 1490 2543 alter
1500 2515 1581 2543 Iesus
1597 2514 1732 2546 sublatus,
1748 2517 1810 2548 post

1021 2564 1101 2600 l0nga
1114 2563 1148 2591 ad
1176 2567 1298 2591 astantes
1311 2561 1407 2589 turbas
1414 2561 1551 2596 colloquia
1565 2568 1573 2594 ;
1588 2564 1653 2595 post
1665 2563 1809 2586 contentas

1021 2609 1055 2636 ad
1070 2609 1158 2636 Deum
1171 2615 1278 2644 preces,
1293 2607 1320 2634 in
1330 2607 1452 2634 ﬁdelium
1460 2606 1588 2641 gratiam,
1600 2610 1629 2633 et
1639 2603 1807 2632 inﬁdelium;

1020 2654 1157 2689 priorum,
1188 2659 1218 2681 ut
1243 2652 1350 2680 immoti
1375 2652 1405 2680 in
1431 2652 1549 2679 veritate
1575 2651 1806 2686 perseverarent;

1019 2700 1149 2733 aliorum,
1169 2704 1200 2727 ut
1215 2700 1250 2727 ad
1262 2700 1349 2727 Deum
1375 2699 1475 2727 fortem
1493 2699 1588 2726 vivum
1608 2698 1806 2725 converteren-

1019 2750 1074 2778 tur,
1090 2753 1123 2773 ac
1136 2745 1189 2773 ﬂde
1205 2745 1320 2773 salutem
1333 2748 1570 2779 consequerentur
1583 2743 1617 2769 “.
1642 2741 1706 2767 Post
1733 2738 1801 2770 haec,

1020 2792 1143 2828 inquam,
1154 2799 1170 2820 a
1185 2792 1289 2820 mundo
1303 2791 1415 2828 quidem
1431 2795 1461 2819 et
1472 2798 1487 2818 a
1501 2795 1617 2823 corpore
1631 2785 1742 2821 penitus
1755 2790 1805 2811 ex-
