2078 3154
255 172 306 199 1’2)!

858 162 1004 192 NICETJE
1024 159 1286 191 PAPIILAGONIS

1832 157 1885 189 252

254 223 367 255 (edens,
386 222 413 249 in
431 229 461 249 se
472 229 539 250 vero
552 225 627 248 totus
649 226 808 251 conversus,
831 227 915 254 seque
940 218 1042 249 medio,

1101 216 1180 243 idiotv
1191 224 1197 231 ·
1217 215 1286 251 μετά
1300 214 1387 240 ταῦτα
1400 213 1476 249 γοῦν,
1490 212 1536 240 τοῦ
1552 213 1655 248 κόσμου
1674 211 1723 247 μὲν
1733 211 1824 239 τέλεον
1837 213 1884 238 καὶ

257 271 369 302 incum,
388 269 416 295 in
432 275 513 303 quem
532 275 581 302 per
595 267 676 294 ﬁdem
693 273 801 300 semper
821 264 1019 299 commigrabat
1034 271 1041 296 ;

256 323 357 350 corpus
371 314 483 350 quidem
499 313 574 340 velut
585 311 718 347 quasdam
728 310 808 337 faeces
821 310 908 345 ponit,
922 310 969 344 qui
984 317 1044 336 car-

258 362 300 388 nis
308 361 414 396 pridem
431 359 591 386 indumcnto
601 362 744 384 emortuus
758 361 846 388 esset;
862 356 937 382 velut
952 361 1043 382 autem

259 407 312 434 levi
327 413 416 441 penna
428 413 459 432 ac
476 404 603 438 cmlipeta
623 402 722 437 spiritu
749 401 776 428 in
804 402 889 429 coalos
907 401 1043 433 sublatus.

262 453 336 480 videt
355 451 406 478 sibi
421 451 549 478 cmlestes
572 453 682 484 apertas
702 449 817 483 januas;
833 447 908 475 videt
932 452 959 475 et
973 447 1044 475 clare

262 497 360 524 Filium
373 495 513 523 sedentem
531 502 546 520 a
559 493 663 520 dextris
678 497 800 527 paternas
814 493 967 528 majestatis
984 501 990 519 :
1005 493 1045 527 ip-

261 549 344 576 seque
359 539 466 567 cunctis
480 539 534 566 illis
549 538 683 565 mentium
696 542 910 572 sanctorumque
929 537 1046 572 stipatus

262 587 425 623 agminibus.
449 585 564 620 mystice
586 592 618 611 ac
637 592 690 619 qua
715 591 796 611 nemo
818 583 912 610 verbis
927 584 1046 618 explicet

264 632 382 664 ratione,
402 630 436 658 ad
455 637 612 664 supremum
637 628 760 656 omnium
785 636 876 663 regem
902 628 959 655 adit
983 636 1045 655 cum

263 678 462 709 exsultatione;
482 677 626 711 ipsumque
642 675 711 702 facie
726 674 761 701 ad
775 674 872 701 faciem
888 679 996 707 nactus,
1015 682 1046 702 ac

263 724 302 751 illi
319 722 418 750 eximie
431 722 520 749 laudis
539 721 647 749 cantico
662 720 819 752 defunctus,
844 719 965 755 Jesuque
982 720 1047 747 dex-

263 775 330 801 tera,
345 777 447 796 corona
460 767 554 804 gloria:
569 767 688 794 donatus
703 775 711 793 :
726 765 810 793 nullis
823 765 942 800 denique
955 766 1048 793 verbis

260 814 419 849 explieabili
448 817 581 849 apparatu
607 817 689 847 atque
703 812 809 839 honore
825 817 982 847 susceptus.
999 819 1047 839 su—

260 859 363 893 premis
389 859 540 894 primisque
564 862 707 893 eoaptatur
729 861 816 892 atque~
833 857 928 884 unitur
947 858 996 885 Dei
1015 857 1046 884 [i-

260 904 313 932 liis.

293 1045 352 1072 lloe
370 1043 433 1076 tibi,
455 1043 549 1071 divine
571 1042 655 1071 Verbi
668 1049 700 1071 ac
718 1042 945 1078 eloquentissime
965 1043 1048 1071 disci-

261 1090 333 1124 pule,
359 1089 411 1116 hoc
423 1089 567 1123 longorum
583 1087 719 1120 laborum,
737 1095 807 1122 quos
824 1088 948 1123 magistri
960 1096 1043 1116 causa

259 1134 457 1165 desudaveras,
483 1133 596 1168 dignum
622 1133 787 1168 praemium;
805 1138 836 1160 ut
851 1133 980 1161 videlicet
1005 1134 1045 1161 illi

261 1180 311 1215 ipsi
333 1178 514 1213 eopulareris,
529 1185 562 1205 ac
577 1178 650 1205 sicut
665 1186 729 1205 eum
746 1178 949 1206 clariﬁcavcras
961 1187 1045 1214 super

262 1231 374 1257 terram,
395 1225 435 1252 sie
454 1232 517 1251 eum
536 1232 570 1251 eo
588 1223 616 1250 in
631 1224 709 1252 coalis
727 1224 921 1252 clarillcareris
937 1233 944 1252 :
959 1232 992 1252 ac
1005 1225 1046 1252 si~

262 1271 455 1299 :utexcellenti
470 1271 588 1305 quadam
601 1270 707 1297 ratione
715 1270 877 1305 passionum
892 1271 986 1299 socius
997 1279 1046 1299 ex-

262 1317 380 1350 stiteras,
396 1317 436 1345 sic
449 1316 573 1352 ejusdem
587 1323 649 1344 cum
664 1323 698 1344 eo
710 1317 787 1352 regni
801 1317 940 1352 particeps
953 1317 1046 1345 elIice-

261 1363 341 1390 reris.

295 1408 376 1436 Salve
393 1407 432 1435 sis
443 1407 536 1443 igitur,
553 1407 608 1435 Deo
623 1407 782 1436 beatissime
810 1416 974 1444 summeque
996 1419 1046 1439 ve-

261 1454 393 1482 nerabilis
409 1453 518 1486 Simon,
528 1453 696 1481 obedientias
705 1462 806 1482 nomen
824 1455 889 1489 (hoc
899 1456 973 1483 enim
986 1457 1048 1492 ejus

261 1503 456 1540 signiﬁcatum)
471 1502 555 1538 digne
570 1503 627 1530 Deo
636 1502 753 1530 laudada
770 1510 814 1529 res
826 1501 963 1537 digneque
974 1510 1048 1529 ama-

1094 261 1141 288 τοῦ
1155 261 1281 296 σώματος
1297 260 1482 294 ἐξιστάμενος,
1501 259 1570 294 πρὸς
1591 258 1686 285 ἑαυτὸν
1701 257 1729 284 δὲ
1742 265 1884 284 συννενευ-

1095 307 1150 338 κὼς
1167 306 1237 338 ὅλος,
1256 305 1303 332 καὶ
1317 305 1350 332 δι’
1364 305 1462 331 ἑαυτοῦ
1480 304 1547 339 πρὸς
1559 304 1615 335 τὸν,
1630 305 1659 330 ὲν
1670 300 1692 337 ᾧ
1706 303 1750 330 διὰ
1766 303 1885 333 πίστεως

1094 350 1128 388 ἦν
1144 352 1188 379 ἀεὶ
1204 346 1411 387 μεθιστάμενος,
1427 350 1628 381 ἀποδιῡλίζεται
1642 349 1691 385 μὲν
1702 348 1827 383 καθάπερ
1837 346 1885 374 τοῦ

1096 398 1232 433 σώματος,
1251 397 1334 424 πάλαι
1350 396 1381 422 τὸ
1395 396 1521 431 σάρκινον
1536 396 1648 430 φόρημα
1666 393 1883 428 νενεκρωμένος·

1096 442 1139 471 οἷα
1153 444 1182 470 δὲ
1195 443 1288 478 πτερῷ
1299 442 1393 477 κούφῳ
1413 442 1460 468 καὶ
1477 441 1656 476 οὐρανοπόρῳ
1683 439 1722 474 τῷ
1749 439 1885 474 πνεύματι

1096 488 1265 523 διαιρόμενος
1278 488 1317 518 είς
1331 487 1472 522 οὐρανοὺς,
1482 487 1534 521 ὁρᾷ
1550 486 1598 520 μὲν
1615 485 1664 515 τὰς
1678 483 1805 520 οὐρανίας
1818 484 1885 510 ἀνα-

1097 532 1275 567 πεπταμένας
1292 531 1366 566 αύτῷ
1386 531 1472 562 πύλας
1488 539 1495 548 ·
1511 531 1563 566 ὁρᾷ
1574 531 1601 557 δὲ
1617 530 1746 564 καθαρῶς
1763 529 1809 556 τὸν
1820 529 1886 555 Υἱδν

1096 576 1142 604 τοῦ
1158 576 1225 603 Θεοῦ
1241 578 1271 603 ἐκ
1282 576 1375 608 δεξιῶν
1386 576 1436 610 τῆς
1452 576 1586 611 Πατρώας
1601 574 1796 610 μεγαλωσύνης
1813 574 1887 609 ἱδρυ-

1099 622 1179 657 μένον
1190 630 1197 636 ·
1215 622 1262 648 καὶ
1273 623 1353 654 αὐτὸς
1365 622 1417 648 ὑπὸ
1434 621 1524 655 πάσης
1543 622 1640 656 νοερᾶς
1653 620 1701 647 καὶ
1711 621 1790 654 ἁγίας
1809 619 1887 654 δορυ-

1098 668 1263 703 φορούμενος
1280 668 1451 702 ταξιαρχίας,
1466 667 1591 702 πρόσεισι
1607 667 1745 702 μυστικῶς
1768 665 1814 692 καὶ
1838 666 1888 701 ap-

1098 716 1188 750 ρήτως
1200 713 1238 748 τῷ
1252 714 1303 748 τῆς
1319 713 1398 748 δόξης
1410 714 1439 739 ἐν
1456 713 1617 747 ἀγαλλιάσει
1631 712 1804 748 Παμὸασιλεῖ
1815 720 1821 727 ·
1840 713 1888 739 καὶ

1097 759 1172 795 αὐτῷ
1198 759 1346 794 πρόσωπον
1372 759 1440 794 πρὸς
1465 758 1610 793 πρόσωπον
1640 757 1829 793 ἐντετυχηκὼς
1842 758 1888 784 καὶ

1099 805 1246 841 ὑπερφυῶς
1258 804 1338 831 αὑτὸν
1353 804 1482 839 ὑμνηκώς
1497 812 1503 819 ·
1521 804 1567 830 καὶ
1581 804 1621 839 τῷ
1646 804 1771 839 στεφάνῳ
1783 803 1833 837 τῆς
1847 805 1887 829 δι-

1099 837 1247 885 καιοσύνης
1262 850 1337 885 παρά
1351 837 1401 886 ei};
1415 837 1504 882 δεξιᾶς
1519 837 1741 885 ἐστεφανωμένος
1757 837 1812 875 τοῦ
1836 837 1903 883 ’Ῑη-’

1101 897 1147 924 σοῦ
1166 904 1173 912 ⁸
1186 897 1232 924 καὶ
1244 897 1364 932 ἀρῤήτου
1373 896 1523 928 δεξιώσεως
1540 896 1588 922 καὶ
1598 896 1681 931 τιμῆς
1696 894 1886 927 καταξιωθεὶς,

1099 943 1156 974 τοῖς
1171 942 1301 969 ἀνωτάτω
1315 942 1362 968 καὶ
1374 943 1492 976 πρώτοις
1506 941 1554 968 τοῦ
1587 940 1656 968 Θεοῦ
1688 939 1889 976 συναρμόζεται

1102 989 1148 1015 καὶ
1167 988 1325 1015 συνενοῦται
1338 989 1442 1015 παισίν.

1135 1033 1221 1059 Τοῦτό
1243 1041 1295 1065 σοι,
1311 1032 1438 1059 θεσπέσιε
1449 1032 1495 1058 τοῦ
1513 1031 1600 1065 Λόγου
1615 1031 1662 1058 καὶ
1676 1031 1825 1066 λογιώτατε
1841 1040 1891 1067 μα-

1100 1078 1185 1113 θητά-
1198 1077 1278 1104 τοῦτο
1290 1077 1344 1103 τῶν
1359 1077 1472 1112 μακρῶν
1489 1077 1559 1113 ὑπὲρ
1570 1076 1616 1104 τοῦ
1627 1077 1787 1104 διδασκάλου
1801 1078 1892 1104 πόνων

1099 1125 1130 1151 τὸ
1143 1124 1229 1159 γέρας
1247 1123 1383 1155 ἀντάξιον,
1403 1123 1479 1158 αὐτῷ
1499 1123 1595 1158 ἐκείνῳ
1624 1124 1794 1158 συναφθῆναι
1810 1131 1817 1138 '
1842 1125 1890 1150 καὶ

1097 1170 1193 1205 ὥσπερ
1212 1169 1342 1201 ἐδόξασας
1353 1169 1434 1195 αὑτὸν
1452 1169 1500 1195 ἐπὶ
1515 1169 1564 1204 τῆς
1581 1169 1645 1204 γῆς,
1660 1169 1747 1201 οὕτως
1761 1169 1792 1196 ἐν
1804 1169 1889 1204 οὐρα-

1097 1217 1154 1247 νοῖς
1168 1215 1244 1250 αὑτῷ
1260 1214 1474 1249 συνδοξασθῆναι
1488 1221 1496 1229 ⁸
1507 1214 1565 1250 ικαὶ
1580 1214 1675 1250 ὥσπερ
1691 1214 1746 1241 τῶν
1762 1214 1893 1249 παθημά.

1097 1270 1151 1289 των
1165 1260 1392 1296 ὑπερϐαλλόντως
1407 1259 1591 1295 ἐκοινώνησας
1603 1281 1611 1292 ,
1627 1259 1698 1287 οὕτω
1715 1261 1762 1287 καὶ
1777 1259 1826 1295 τῆς
1839 1260 1889 1287 αὑ⁸

1097 1307 1147 1342 τῆς
1162 1306 1237 1342 αὐτῷ
1252 1305 1392 1341 βασιλείας
1407 1307 1622 1341 συμμετασχεῖν.

1133 1398 1219 1432 Χαῖρε
1230 1396 1331 1427 τοίνυν,
1343 1392 1365 1422 ὦ
1382 1395 1649 1431 θεομακαριστότατε
1670 1395 1719 1423 καὶ
1740 1396 1889 1431 τιμιώτατε

1099 1444 1200 1479 Σίμων,
1212 1443 1242 1470 τδ
1256 1442 1306 1478 τῆς
1320 1442 1444 1477 ὑπακοῆς
1459 1441 1544 1476 ὄνομα
1564 1450 1572 1459 η
1600 1443 1680 1469 τοῦτο
1692 1442 1746 1476 γὰρ
1767 1443 1783 1477 ἡ
1801 1451 1891 1477 σημα-

1100 1490 1146 1516 σία
1160 1498 1167 1505 ·
1185 1490 1216 1516 τὺ
1228 1489 1415 1521 ἀξιεπαίνετον
1429 1488 1488 1524 Θεῷ
1503 1489 1621 1524 πρᾶγμα
1634 1490 1683 1516 καὶ
1695 1488 1873 1523 ὰξιοπόθητον
1883 1496 1889 1502 ·

262 1534 337 1583 biiis,
352 1534 562 1584 atque'angelis
582 1548 694 1583 quidem
721 1534 885 1580 aemulanda,
908 1534 1049 1575 tremenda

1102 1535 1149 1562 καὶ
1178 1535 1305 1569 ἀγγέλοις
1336 1535 1385 1570 μὲν
1408 1534 1540 1569 ζηλωτὸν,
1571 1535 1681 1569 δαίμοσι
1707 1534 1736 1560 δὲ
1752 1534 1866 1568 φρικτόν
1884 1541 1891 1549 ³

264 1603 332 1623 vero
347 1594 539 1626 daemonibus;
566 1601 598 1621 ac
626 1593 755 1621 fidelibus
777 1593 889 1627 quidem
903 1593 1050 1620 venerabi-

263 1641 297 1666 lis
310 1643 339 1667 et
353 1639 490 1672 amabilis,
505 1638 663 1666 inﬁdelibus
678 1645 745 1666 vero
759 1638 874 1665 molesta
889 1642 917 1665 et
932 1646 1050 1666 aversa-

262 1686 337 1713 bilis.

299 1731 380 1758 Salve
391 1730 440 1763 sis,
452 1729 555 1757 Christi
571 1729 719 1757 aemulator
727 1728 928 1756 ferventissime
941 1737 972 1757 ac
985 1737 1051 1763 gna-

263 1777 393 1809 vissime,
417 1779 494 1802 tanto
515 1775 618 1802 Phines
634 1775 692 1807 illo,
713 1774 828 1808 Eliaque
842 1777 870 1800 et
891 1773 1004 1806 Elisaeo;
1021 1781 1054 1801 ac

266 1822 413 1859 prophetis
435 1829 468 1849 eo
486 1821 599 1849 nomine
615 1820 727 1848 laudem
752 1819 929 1851 habentibus.
959 1819 1054 1846 divino

262 1869 323 1896 zelo
339 1868 478 1903 superior,
495 1872 599 1902 quanto
613 1866 717 1894 Christi
731 1865 824 1893 schola
837 1866 951 1900 ejusque
963 1864 1050 1891 disci-

263 1915 321 1949 puli
332 1914 465 1949 partibus,
483 1913 614 1948 majorem
638 1911 686 1939 Dei
714 1911 842 1939 notitiam
868 1911 1055 1945 majoremque

265 1959 332 1986 lidei
358 1958 494 1986 fervorem
512 1957 647 1992 adeptus,
666 1956 778 1991 majoris
802 1963 912 1990 quoque
939 1955 1056 1982 fervoris

263 2005 436 2032 alacritatem
451 2003 629 2038 studiumque
645 2001 710 2029 boni
726 2001 872 2036 praestandi
882 2001 968 2037 gratia
984 2008 1051 2028 eon-

266 2050 367 2078 tulisti.

299 2095 404 2128 Gaude,
431 2094 504 2130 quod
533 2097 580 2121 tua
607 2092 693 2128 ipsius
705 2099 790 2127 opera
803 2092 958 2124 honestata,
971 2099 1054 2126 quam

265 2143 293 2169 in
312 2146 385 2169 terra
410 2146 508 2168 nactus
533 2140 636 2171 fueras,
663 2139 772 2173 patria;
787 2137 917 2172 illamque
946 2138 1057 2172 penitus

266 2195 471 2223 supergressus,
501 2186 624 2212 rationes
660 2188 730 2217 tuas,
750 2184 825 2210 velut
844 2183 965 2211 caelestis
985 2182 1058 2210 filius

1102 1581 1151 1608 καὶ
1176 1582 1281 1612 πιστοῖς
1299 1581 1349 1615 μὲν
1371 1581 1509 1616 αἰδέσιμον
1535 1581 1584 1608 καὶ
1606 1582 1749 1617 ἐράσμιον,
1767 1581 1893 1612 ἀπίστοις

1102 1627 1130 1653 δὲ
1146 1626 1214 1662 βαρύ
1227 1634 1257 1652 τε
1271 1627 1319 1653 καὶ
1332 1627 1528 1662 ἀποτρόπαιον.

1138 1714 1235 1749 Χαῖρε,
1249 1713 1369 1749 Χριστοῦ
1385 1713 1493 1748 ζηλωτὰ
1507 1713 1657 1749 θερμότατε
1673 1713 1721 1741 καὶ
1731 1713 1892 1749 δραστήριε·

1103 1760 1224 1795 τοσούτῳ
1249 1760 1288 1796 τῷ
1312 1760 1377 1795 θείῳ
1408 1760 1483 1796 ζήλῳ
1513 1760 1560 1787 τὸν
1586 1760 1678 1792 Φινεὲς
1709 1761 1824 1791 ἐκεῖνον.
1849 1761 1896 1787 τὸν

1111 1805 1214 1838 Ἠλίαν,
1227 1806 1273 1832 τὸν
1293 1806 1457 1838 Ἐλισσαῖον,
1474 1805 1522 1832 καὶ
1539 1805 1605 1836 τοὺς
1627 1805 1673 1832 ἐπὶ
1698 1805 1786 1840 τούτῳ
1807 1813 1896 1840 μακα‹

1106 1851 1266 1886 ριζομένους
1279 1850 1457 1886 ὑπερϐάλλων
1472 1850 1526 1877 τῶν
1538 1850 1698 1885 προφητῶν,
1714 1851 1769 1884 ὅσῳ
1784 1850 1823 1884 τῷ
1849 1858 1898 1884 μα-

1106 1896 1357 1933 θητεῦσαιΧριστῷ
1374 1896 1497 1927 πλείονος
1523 1895 1689 1929 θεογνωσίας
1704 1895 1752 1922 καὶ
1768 1894 1896 1930 θερμοτέ-

1107 1952 1156 1978 ρας
1175 1944 1224 1978 τῆς
1242 1944 1360 1974 πίστεως
1372 1941 1558 1978 εὐμοιρηκὼς,
1584 1942 1754 1977 θερμοτέραν
1777 1941 1825 1968 καὶ
1847 1941 1896 1976 τὴν

1107 1989 1179 2025 ὑπὲρ
1193 1989 1239 2016 τοῦ
1258 1988 1361 2023 ἀγαθοῦ
1377 1988 1533 2024 προθυμίαν
1546 1989 1729 2023 κατενήνοχας
1747 1987 1795 2014 καὶ
1813 1995 1898 2013 σπου-

1106 2035 1166 2070 δήν.

1142 2081 1239 2117 Χαῖρε,
1253 2081 1295 2108 ὅτι
1321 2080 1355 2107 δι’
1369 2079 1467 2107 ἑαυτοῦ
1487 2079 1623 2115 σεμνύνας
1644 2078 1694 2114 τὴν
1716 2079 1833 2114 πατρίδα
1849 2079 1899 2112 τὴν

1107 2127 1153 2153 ἐπὶ
1166 2127 1228 2162 γῆς,
1239 2126 1288 2161 τῆς
1300 2126 1349 2161 μὲν
1373 2126 1464 2152 τέλεον
1493 2125 1692 2160 ὑπερανέστης,
1712 2125 1758 2151 τὸν
1783 2124 1897 2159 οὐρανὸν

1108 2172 1145 2205 δὲ,
1157 2171 1195 2204 ὡς
1209 2171 1332 2206 οὐράνιος
1359 2170 1471 2206 ᾤκησας
1498 2172 1562 2202 παῖς
1574 2179 1581 2186 ·
1599 2171 1647 2198 καὶ
1662 2170 1742 2203 Σιὼν,
1760 2170 1828 2196 Θεοῦ
1847 2170 1898 2204 τὴν

267 2215 406 2260 iniecerum
419 2230 605 2260 transtuleris.
621 2230 759 2264 Sioneque
773 2229 821 2256 Dei
836 2228 979 2263 Metropoli
992 2235 1049 2255 ver:

1111 2217 1289 2254 μητρόπολιν,
1307 2217 1423 2252 πατρίδα
1434 2217 1521 2252 ἀληθῆ
1536 2217 1673 2251 ἐγνωκὼς,
1685 2216 1815 2252 Σιωνίτης
1830 2215 1898 2250 μᾶλ-

267 2278 375 2312 eognita
392 2277 489 2312 patria,
503 2275 624 2303 Sionites
634 2274 737 2309 potius,
749 2282 831 2309 quam
844 2274 954 2302 Canites
963 2274 1058 2308 appel-

267 2322 319 2349 lari
333 2321 490 2349 merueris:
516 2320 563 2355 qui
579 2320 710 2347 nimirum
740 2319 812 2347 sicut
838 2324 944 2354 patrem
968 2324 1056 2354 patre,

268 2367 511 2401 haereditatemque
523 2366 696 2398 luereditate,
709 2371 792 2401 atque
805 2365 904 2393 fratres
914 2365 1058 2398 fratribus,

268 2412 310 2440 sic
320 2417 349 2440 et
365 2412 480 2447 patriam
493 2412 593 2447 patria.
611 2412 792 2447 mortaliaque
801 2416 829 2438 et
841 2411 925 2443 fluxa,
946 2411 979 2438 iis
996 2418 1057 2446 qua:

269 2458 378 2486 stabilia
392 2463 457 2486 sunt
469 2466 501 2485 ac
526 2459 696 2494 incorrupta,
711 2458 829 2493 sapienti
846 2457 964 2485 consilio
979 2465 1056 2484 com-

268 2505 419 2532 mutaveris
429 2505 463 2533 ”.

305 2552 386 2579 Salve
400 2551 449 2583 sis,
473 2551 564 2579 Patris
585 2550 698 2586 quidem
711 2549 855 2582 minister;
884 2549 1059 2584 dispensator

268 2605 336 2624 vero
346 2598 539 2634 mysteriorum
568 2597 642 2630 Filii,
657 2604 689 2624 ac
704 2596 824 2631 Spiritus
848 2596 950 2623 famule
966 2605 972 2621 :
988 2596 1057 2629 sive,

269 2642 359 2670 Patris
372 2643 482 2678 quidem
500 2651 592 2678 praeco
605 2650 637 2670 ac
648 2642 774 2670 minister
788 2651 796 2674 ;
813 2642 875 2669 Filii
887 2649 964 2674 vero,
981 2641 1058 2668 testis

268 2693 298 2716 et
314 2689 457 2724 apostolo;
475 2688 596 2724 Spiritus
618 2687 738 2723 denique
756 2687 891 2722 discipule
902 2694 934 2715 ac
950 2685 1056 2720 scriba;

306 2777 330 2793 "
341 2777 419 2805 .loan.
432 2786 463 2810 ιι,
482 2776 583 2810 1:105.
597 2784 653 2809 XIX,
665 2774 711 2804 28.

307 2865 378 2901 (51⁵)
391 2871 461 2898 κω
475 2867 588 2894 audivit.

1110 2265 1156 2291 λον
1180 2264 1197 2299 ἡ
1227 2263 1382 2299 Κανανιτης
1407 2263 1490 2296 ἀξίως
1524 2264 1747 2299 προσηγόρευσαι
1769 2271 1776 2278 ⁸
1804 2261 1899 2297 ὥσπερ

1111 2310 1218 2346 πατέρα
1236 2310 1285 2345 μὲν
1295 2309 1408 2345 πατρὸς,
1425 2309 1525 2345 κλῆρον
1537 2309 1566 2336 δὲ
1583 2309 1697 2345 κλήρου,
1729 2308 1861 2342 ἀδελφοὺς
1872 2307 1901 2333 δὲ

1110 2356 1243 2390 ἀδελφῶν,
1256 2356 1327 2383 οὓτω
1346 2356 1392 2382 καὶ
1410 2355 1528 2390 πατρίδα
1550 2355 1601 2391 τῆς
1626 2354 1766 2389 πατρίδος,
1786 2353 1821 2380 τὰ
1841 2352 1902 2379 ἐπί-

1111 2411 1185 2437 κηρα
1203 2401 1250 2428 καὶ
1264 2401 1382 2438 λυόμενα
1404 2401 1458 2429 τῶν
1471 2401 1596 2428 ἑστώτων
1613 2401 1660 2428 καὶ
1673 2400 1824 2436 ἀκηράτων
1840 2399 1902 2434 ἐχε-

1112 2448 1217 2483 φρόνως
1235 2447 1434 2483 ἀμειψάμενος.

1147 2549 1245 2584 Χαῖρε,
1256 2548 1303 2575 τοῦ
1323 2548 1430 2584 Πατρὸς
1449 2547 1499 2583 μὲν
1517 2548 1651 2583 ὑπηρέτα,
1669 2545 1794 2580 οἱκονόμε
1807 2544 1836 2571 δὲ
1851 2552 1901 2578 μυ-

1111 2594 1230 2629 στηρίων
1243 2593 1291 2620 τοῦ
1307 2593 1383 2625 Υίοῦ,
1399 2593 1446 2619 καὶ
1456 2591 1502 2619 τοῦ
1520 2592 1677 2626 Πνεύματος
1690 2588 1831 2623 λειτουργέ
1846 2596 1853 2602 '
1871 2587 1900 2622 ἢ,

1111 2639 1158 2666 τοῦ
1177 2638 1227 2674 μὲν
1241 2637 1330 2674 κήρυξ
1343 2638 1391 2665 καὶ
1400 2637 1508 2665 διάκονε
1519 2645 1526 2652 ·
1541 2637 1590 2663 τοῦ
1603 2636 1631 2663 δὲ
1643 2636 1749 2671 μάρτυς
1762 2634 1811 2660 καὶ
1825 2632 1879 2659 ἀπό
1888 2646 1900 2651 -

1113 2684 1207 2712 στολε·
1237 2683 1284 2712 τοῦ
1314 2684 1344 2710 δὲ
1370 2683 1461 2718 μύστα
1481 2683 1528 2710 καὶ
1550 2680 1734 2718 γραμματεῦ·
1762 2678 1811 2713 τῆς
1836 2676 1903 2713 we;
