2078 3154
196 175 250 208 ἳῦτ

605 177 746 207 ORATIO
764 176 848 206 XIII.
866 177 951 208 -ΙΝ
972 177 1128 208 LAUDEM
1147 178 1177 208 S.
1198 177 1305 208 JUDE
1320 177 1449 208 APOS'I‘.

1771 181 1824 213 258

198 232 235 259 Δί
248 229 346 264 χεῖρές
361 237 420 258 σου
434 230 484 257 ἐπὶ
497 230 596 258 νώτου
614 231 675 259 τῶν
683 231 798 266 ἐχθρῶν
816 239 885 259 σου*
896 239 990 266 προσ-

1041 236 1134 259 rentle
1155 232 1205 266 ﬁlii
1225 233 1309 268 patris
1336 232 1419 263 tui“,
1431 237 1460 260 et
1478 240 1649 268 quaecunque
1668 242 1825 270 sequuntur

197 276 374 309 πεινήσουσι
391 284 441 303 σοι
465 277 523 304 vlo)
552 276 606 304 τοῦ
635 279 747 311 πατρός
771 285 842 310 σου.
867 278 916 305 καὶ
937 278 986 305 ὅσα

197 321 249 356 τῆς
260 321 386 356 εὐλογίας
403 322 477 357 ἑξῆς.
496 323 531 349 Ἀ
557 324 646 350 πάντα
664 324 725 350 κατ’
740 323 828 355 οὐδὲν,
846 324 864 359 ἢ
881 323 986 359 μικρῶς

199 367 298 402 ἐκείνῳ
309 368 466 395 συνέϐαινεν
475 377 483 385 ·
500 369 603 404 ἐναργῆ
614 369 642 396 δὶ
659 369 710 405 τὴν
724 369 836 397 ἔκϐασιν
858 369 906 396 καὶ
920 378 984 405 τρα-

198 415 341 449 νεστάτην,
358 414 404 441 ἐπὶ
411 414 452 449 τῷ
463 414 493 447 ἐξ
511 414 595 441 Ἰούδα
611 414 735 449 μέλλοντι
747 414 832 449 φῦναι
859 415 984 450 Χριστῷ,

198 459 232 486 τὰ
242 460 291 494 τῆς
302 460 474 495 προφητείας
484 459 686 487 καταδέδεκται.

234 502 321 536 Οὗτος
333 504 388 540 γάρ
399 506 414 531 ό
428 505 556 540 ἀληθινὸς
576 505 690 538 Ἰούδας,
704 506 719 532 ὸ
729 505 769 541 τῷ
792 506 890 541 Πατρὶ,
905 505 946 541 τῷ
956 506 985 532 ἐν

197 553 254 583 τοῖς
270 551 406 586 οὐρανοῖς,
418 551 490 578 κατά
499 551 550 586 τὴν
575 550 622 578 τοῦ
633 551 766 586 ὀνόματος
779 552 928 587 σημασίαν.
941 550 984 583 ἐξ·

197 596 415 632 ομολογούμενος
432 604 439 612 ·
454 597 485 624 οὗ
499 597 581 632 μόνον
602 597 641 630 δὲ,
655 597 723 625 ἀλλά
745 598 793 625 καὶ
815 598 872 624 ὅσοι
896 597 984 633 τούτῳ

197 639 319 674 γνησίως
330 640 378 666 καὶ
399 639 503 673 πιστῶς
518 641 697 676 μαθητιῶσιν.
716 642 754 669 Οὐ
768 641 823 677 γὰρ
835 642 892 668 ὅσοι
903 641 984 676 ψιλῆς

200 685 411 720 μεταποιοῦνται
433 686 484 721 τῆς
509 687 696 722 προσηγορίας
711 707 719 719 ,
752 687 925 723 ἀξιοπρεπῶς
950 688 983 715 ἂν

198 730 323 765 κληθεῖεν
341 731 472 759 Ἰουδαῖοι.
500 732 542 758 οὐ
557 732 612 766 τὰρ
632 733 649 759 ό
671 732 706 759 ἐν
727 732 766 765 τῷ
779 733 908 767 φανερῷ.
933 741 984 768 φη-

198 775 252 808 σὶν,
269 775 419 808 Ἰουδαῖος,
440 777 509 804 au
523 778 540 804 ὁ
553 777 587 804 ἐν
598 777 638 811 τῷ
645 777 774 812 κρυπτῷ.
786 778 898 812 Ὥσπερ
912 779 984 806 οὐδὲ

198 821 311 853 πάντες
324 823 352 848 οἱ
368 821 403 853 ἐξ
424 821 559 856 Ἰσραὴλ,
584 820 667 850 οὗτοι
688 823 812 857 Ἰσραήλ
824 831 832 838 ·
849 823 914 850 οὐδ’
938 823 983 851 ὅτι

196 867 256 894 εισι
269 867 390 902 σπέρμα
408 868 541 903 Ἀϐραὰμ,
556 868 668 902 πάντες
674 869 781 897 τέκνα·
797 869 856 897 ἀλλ’
866 871 892 897 oi
913 870 983 906 πρὸς

1040 278 1067 305 in
1082 278 1333 306 benedictionibus.
1359 278 1425 311 Quae
1452 279 1545 306 omnia
1571 279 1652 312 nihil,
1665 287 1713 308 aut
1726 289 1825 316 parum

1039 323 1078 350 illi
1102 323 1282 356 acciderunt;
1307 324 1410 350 clarum
1441 331 1508 351 vero
1521 329 1549 352 et
1559 326 1762 359 apertissimum
1795 327 1823 354 in

1037 367 1158 400 Christo,
1189 368 1236 403 qui
1247 367 1361 395 exJuda
1384 374 1463 396 ortus
1490 373 1544 402 est.
1568 370 1596 397 in
1623 377 1686 398 eum
1711 371 1823 399 modum

1038 412 1168 447 praedicta
1187 417 1316 440 eventum
1331 412 1499 440 habuerunt.

1073 498 1123 526 llic
1137 498 1211 526 enim
1226 506 1309 526 verus
1323 504 1366 526 est
1384 499 1479 532 Judas,
1494 500 1542 535 qui
1555 500 1640 533 Patri,
1662 503 1709 537 qui
1727 503 1754 531 in
1769 512 1812 533 cas

1037 545 1071 573 lis
1080 550 1133 576 est,
1158 553 1210 580 pro
1221 553 1256 573 co
1267 553 1407 574 acnomen
1426 551 1521 579 sonat,
1546 547 1695 575 conﬁtetur
1709 557 1717 575 :
1734 557 1824 585 neque

1038 591 1062 618 is
1076 591 1176 623 solum,
1189 591 1237 618 sed
1253 597 1281 619 et
1296 599 1392 619 omnes
1405 593 1451 627 qui
1466 593 1526 627 ejus
1540 600 1605 620 vere
1623 601 1655 620 ac
1672 593 1724 621 ﬁde
1742 594 1822 622 disci-

1037 637 1094 672 puli
1110 638 1256 665 exsistunt.
1268 638 1324 665 Nec
1334 638 1407 665 enim
1427 638 1474 672 qui
1489 638 1589 665 nudam
1623 639 1764 667 vindicant
1774 648 1824 674 ap-

1036 683 1223 718 pellationem,
1242 691 1362 719 congrue
1393 684 1530 719 digneque
1556 684 1641 712 Judaei
1658 686 1822 721 vqcitentur.

1035 728 1093 755 Non
1106 729 1175 755 enim
1191 729 1235 764 qui
1258 730 1285 756 in
1310 729 1450 763 manifesto
1475 729 1582 756 Judmus
1603 734 1651 762 est,
1668 732 1715 757 sed
1733 732 1779 766 qui
1795 732 1823 758 in

1035 774 1198 801 abscondito.
1211 774 1438 807 Quemadmodum
1471 783 1554 810 neque
1573 785 1662 803 omnes
1678 778 1723 808 qui
1736 786 1767 804 ea:
1784 777 1824 804 Is-

1036 819 1117 851 raele,
1129 820 1156 846 lti
1168 825 1227 846 sum
1238 819 1369 847 Israelita:
1378 828 1387 852 ;
1397 828 1479 854 neque
1488 821 1644 855 quiasemen
1652 826 1713 848 sunt
1725 821 1821 854 Israel,

1035 860 1125 891 omnes
1141 864 1191 898 filii
1203 865 1226 880 “
1238 873 1246 895 ι
1260 864 1308 892 sed
1319 865 1366 899 qui
1377 873 1426 899 per
1442 865 1523 892 fidem
1539 865 1565 892 in
1581 866 1667 893 solam
1681 867 1728 894 Dei
1744 875 1821 901 spem

199 911 286 946 μόνην
300 911 368 938 Θεοῦ
383 912 432 948 τὴν
453 913 547 940 ὲλπίδα
571 913 616 940 διὰ
639 914 758 945 πίστεως
781 914 985 949 ἀνατεινόμενοι

1035 911 1134 939 animis
1149 913 1295 940 intendunt
1318 913 1383 947 (hoc
1405 913 1478 940 enim
1493 921 1564 947 opus
1586 913 1712 948 Abrahae)
1729 922 1761 941 ac
1774 915 1822 949 qui

198 957 288 991 (τοῦτο
297 959 353 993 γὰρ
377 958 407 985 τὸ
428 958 509 993 ἔργον
522 959 571 986 τοῦ
590 960 727 996 Ἀϐραάμ)
741 969 749 977 ·
766 961 814 987 καὶ
838 961 916 992 Θεὸν.
945 961 983 993 ὡς

197 1003 319 1037 ἀφικτδν,
334 1004 400 1039 όρᾷν
409 1003 583 1039 ἀξιούμενον
595 1005 675 1032 τοῦτο
689 1005 744 1041 γὰρ
761 1006 879 1041 Ἰσραήλ.
903 1002 982 1033 Οὗτοι

198 1049 246 1075 καὶ
263 1048 345 1084 νόμον
362 1048 476 1084 τηροῦσι
489 1050 540 1085 τῆς
552 1051 721 1086 περιτομῆς·
741 1051 772 1078 οὐ
787 1051 833 1078 τὸν
851 1053 880 1079 ἐν
893 1052 984 1087 γράμ-

199 1103 265 1129 ματι
295 1095 342 1122 καὶ
360 1095 434 1130 σκιᾷ,
446 1095 514 1122 ἀλλά
530 1095 576 1122 τὸν
591 1096 621 1123 ὲν
637 1096 773 1131 πνεύματι
797 1097 847 1124 καὶ
857 1097 981 1133 ἀληθείᾳ,

197 1141 227 1167 ὲν
238 1141 272 1176 τῇ
286 1139 333 1167 τοῦ
347 1140 462 1167 παλαιοῦ
475 1141 620 1176 ἀνθρώπου
643 1141 790 1170 ἀπεκδύσει
803 1143 820 1178 ἢ
837 1143 982 1178 νεκρώσει.

198 1183 278 1213 Οὗτοι
291 1186 367 1221 νόμῳ
381 1185 562 1221 στοιχοῦντες,
585 1187 633 1213 καὶ
659 1187 839 1220 ἀδιαλείπτως
855 1188 982 1223 ἑξομολο·

197 1233 277 1266 γῆσει
303 1232 351 1258 καὶ
380 1232 520 1266 προσευχῇ
547 1231 828 1267 προσκαρτεροῦντες,
842 1233 920 1268 ὲντῇ
935 1232 983 1259 τοῦ

199 1275 292 1302 καινοῦ
306 1275 451 1310 ἀνθρώπου
465 1275 600 1310 ἀναλήψει
614 1275 631 1310 ἢ
649 1275 842 1303 ἀνακαινώσει.

234 1321 341 1356 Ὥσπερ
367 1319 415 1347 οὖν
445 1321 535 1356 πάσης
554 1321 695 1356 ἐνεργείας
717 1320 869 1353 θεοτιλοῦς,
892 1321 983 1356 πάσης

197 1367 309 1402 ἀρετῆς.
322 1368 413 1402 πάσης
426 1367 539 1402 χάριτος
561 1367 624 1402 ῥίζα
653 1367 702 1394 καὶ
728 1368 836 1402 πηγαία
863 1368 984 1402 πέφυκεν

199 1412 275 1439 αἰτία
288 1412 405 1448 Χριστός
417 1420 423 1427 ·
434 1413 566 1448 δευτέρως
574 1412 603 1439 δὲ
619 1413 681 1440 κατ’
691 1413 837 1447 ἀναλογίαν
848 1414 898 1449 τῆς
915 1414 984 1449 πρὸς

197 1458 280 1485 αὐτὸν
295 1458 462 1492 ὁμοιότητος,
475 1458 522 1485 καὶ
528 1459 552 1485 οι
564 1458 595 1490 ἐξ
608 1457 692 1485 αὐτοῦ
704 1459 825 1485 κοινωνοὶ
835 1458 984 1486 καθιστᾶσι

197 1504 251 1530 τῶν
264 1503 355 1530 αὐτῶν
364 1511 372 1518 ·
386 1503 458 1530 οὕτω
472 1503 547 1538 καὶὴ
565 1503 680 1539 δύναμις
697 1504 747 1539 τῆς
765 1503 984 1539 ὲξομολογήσεως

198 1548 416 1596 προηγουμένως
440 1549 494 1596 μὲν
526 1548 565 1584 τῷ
591 1548 755 1596 διδασκάλῳ,
780 1549 852 1576 κατά
874 1549 924 1582 τὴν
954 1549 984 1581 ἐξ
995 1566 1018 1596 c

199 1595 305 1621 ἐκείνου
319 1594 349 1620 δὲ
369 1593 478 1629 μέθεξιν
497 1594 545 1621 καὶ
569 1595 626 1626 τοῖς
643 1593 778 1629 μαθηταῖς
791 1594 982 1629 ἀνθεωρεῖταιο

197 1640 254 1671 τοῖς
262 1639 287 1666 τ’
300 1639 389 1672 ἄλλοις
405 1641 483 1670 πᾶσι.
494 1639 541 1666 καὶ
555 1639 609 1675 πρὸ
631 1639 721 1666 αὐτῶν
735 1640 775 1675 τῷ
786 1640 834 1667 καὶ
849 1648 987 1675 προσηγο-

198 1685 260 1720 ρίαν
272 1685 386 1721 προνοίᾳ
398 1685 533 1721 κρείττονι
543 1684 593 1721 τὴν
606 1685 706 1721 πρᾶξιν
732 1684 817 1721 αὐτὴν
843 1685 987 1721 κληρωσα-

198 1730 283 1767 9W-

232 1819 390 1855 Δίνίσωμεν
418 1818 564 1854 τοιγαροῦν
582 1819 695 1853 Ἰούδαν,
721 1819 792 1846 κατά
806 1819 856 1855 τὴν
873 1819 922 1846 τοῦ
938 1828 986 1846 παι

197 1866 327 1901 τριάρχου
339 1865 518 1901 προφητείαν⁸
533 1865 580 1892 τὸν
588 1865 637 1900 τῆς
643 1865 863 1900 ὶξομολογήσεως
878 1864 986 1892 ἐπώνυ-

175 1904 181 1908 ’
200 1919 261 1946 μον.
292 1912 450 1946 Λίνέσωμεν
462 1911 510 1938 καὶ
532 1911 765 1946 προσκυνήσωμεν
777 1910 822 1937 τδν
839 1910 922 1943 ἀξίως
934 1909 983 1937 τοῦ

200 1955 274 1990 ιεροῦ
296 1955 428 1990 ὀνόματος
450 1955 698 1990 πολιτευσάμενον·
726 1954 774 1981 τδν
800 1953 896 1990 ὥσπερ
929 1954 985 1981 τῶν

198 2001 287 2029 ἀλλων
299 2000 415 2037 ἀρετῶν,
430 2000 503 2028 οὕτω
515 2001 562 2028 καὶ
574 2000 677 2035 ταύτης
704 1999 929 2035 ὑπερϐαλλόντως
939 2007 986 2026 κε-

199 2047 348 2078 κοινωκότα
359 2046 470 2082 Χριστῷ
479 2054 487 2062 ·
500 2046 546 2073 ¹ιδν
564 2046 732 2081 θερμότατον
747 2045 797 2080 τὴν
821 2045 924 2077 πίστιν,
937 2045 985 2072 καὶ

197 2092 246 2128 τὴν
273 2092 383 2127 ἀγάπην
406 2090 604 2126 δοκιμώτατον,
633 2089 681 2117 καὶ
725 2090 776 2125 τὴν
812 2089 912 2123 γνῶσιν
944 2097 985 2116 τε·

198 2138 336 2165 λειότατον
348 2137 471 2172 μαθητήν
483 2145 491 2152 ·
505 2137 551 2163 τδν
568 2137 618 2171 τῆς
631 2135 736 2172 ὑψηλῆς
749 2135 803 2162 τῶν
826 2134 985 2162 ἀποστόλων

199 2183 247 2211 καὶ
263 2183 338 2219 ἱερᾶς
359 2182 506 2214 δωδεκᾶδος
533 2182 748 2217 συμπληρῳτήν.
773 2180 984 2216 Αίνέσωμεν,οὗ

1033 957 1130 990 Deum,
1158 958 1248 992 quoad
1264 966 1425 986 concessum
1441 963 1492 989 est,
1511 964 1652 986 merentur
1676 959 1769 986 videre
1782 961 1822 992 (id

1032 1004 1107 1031 enim
1135 1004 1188 1032 sibi
1199 1005 1260 1032 vult.
1274 1004 1380 1039 Israel),
1405 1004 1433 1032 hi
1445 1005 1532 1039 legem
1550 1012 1661 1039 quoque
1672 1005 1821 1033 circumci—

1033 1049 1120 1077 sionis
1134 1054 1256 1082 servant,
1285 1057 1341 1077 non
1365 1051 1426 1085 eius
1451 1058 1512 1085 quae
1525 1050 1552 1077 in
1572 1050 1664 1077 littora
1684 1055 1711 1078 ct
1725 1052 1822 1079 umbra

1032 1100 1084 1125 est.
1097 1095 1145 1122 sed
1156 1103 1217 1130 qua:
1238 1095 1264 1122 in
1272 1095 1371 1130 spiritu
1388 1101 1416 1123 et
1429 1096 1554 1127 veritate.
1575 1096 1603 1123 in
1621 1096 1821 1131 exspolialione

1033 1148 1081 1168 Seu
1094 1140 1306 1168 mortificatione
1325 1140 1427 1168 veteris
1458 1140 1600 1168 hominis:
1619 1142 1665 1176 qui
1687 1142 1819 1168 nimirum

1033 1185 1119 1220 legem
1145 1191 1306 1220 sequantur,
1335 1193 1368 1212 ac
1391 1183 1581 1213 indesinenter
1603 1186 1770 1213 confessioni
1792 1191 1820 1213 et

1032 1231 1149 1258 orationi
1161 1231 1264 1258 assidui
1297 1231 1363 1263 sint,
1377 1231 1405 1258 in
1416 1231 1602 1266 assumptione
1613 1231 1677 1258 novi
1697 1231 1819 1258 hominis

1033 1284 1080 1304 seu
1096 1276 1170 1303 illius
1185 1276 1363 1303 renovatione
1370 1276 1404 1303 “.

1067 1321 1302 1354 Quemadmodum
1322 1321 1405 1356 igitur
1419 1320 1520 1348 divinae
1536 1321 1626 1348 omnis
1642 1322 1820 1356 operationis.

1033 1366 1178 1400 omnisque
1193 1365 1305 1392 virtutis
1314 1371 1342 1392 et
1356 1365 1450 1400 gratia:
1463 1364 1591 1392 Christus
1603 1366 1690 1398 radix,
1705 1366 1821 1401 fonsque

1034 1419 1066 1439 ac
1085 1411 1184 1438 auctOr
1194 1411 1325 1444 exsistit;
1351 1411 1480 1438 secundis
1503 1415 1594 1438 autem
1619 1412 1744 1447 partibus
1770 1420 1822 1447 pro

1034 1461 1092 1483 rata
1108 1464 1170 1484 cum
1185 1464 1218 1483 eo
1237 1456 1428 1488 similitudine,
1448 1456 1475 1482 hi
1490 1464 1600 1492 quoque
1633 1457 1680 1491 qui
1707 1466 1740 1485 ex
1772 1458 1820 1485 ilo

1034 1507 1108 1534 sunt,
1129 1502 1289 1529 eorumdem
1300 1506 1328 1529 et
1342 1502 1393 1537 ipsi
1421 1502 1488 1530 socii
1505 1510 1537 1529 ac
1570 1506 1714 1529 consortes
1746 1502 1820 1530 exsi-

1035 1552 1128 1575 stunt:
1146 1548 1186 1575 sic
1197 1555 1307 1582 quoque
1331 1547 1512 1575 confessionis
1543 1547 1594 1579 vis,
1608 1548 1697 1582 primo
1708 1548 1819 1583 quidem

1037 1592 1270 1628 principaliusque
1287 1591 1315 1619 in
1338 1591 1480 1627 magistro,
1495 1600 1528 1619 ex
1548 1592 1596 1619 illo
1621 1596 1713 1618 autem
1736 1593 1819 1620 etiam

1037 1636 1065 1663 in
1082 1637 1225 1672 discipulis
1254 1637 1417 1672 participata
1450 1637 1557 1664 ratione
1588 1636 1731 1668 noscitur;
1759 1639 1819 1662 tum

1036 1681 1153 1716 reliquis
1167 1681 1306 1714 omnibus,
1323 1685 1379 1708 tum
1393 1689 1449 1716 pra:
1459 1682 1513 1710 illis
1526 1681 1714 1717 singularique
1728 1681 1820 1709 excel-

1035 1725 1129 1758 lentia,
1143 1726 1214 1753 ineo
1226 1726 1273 1761 qui
1298 1726 1433 1754 diviniore
1459 1726 1632 1762 providentia
1653 1734 1711 1754 rem
1732 1726 1820 1761 ipsam

1035 1771 1245 1806 appellationem
1258 1777 1300 1799 est
1313 1776 1491 1799 consecutus.

1070 1815 1225 1844 Laudemus
1238 1816 1322 1852 igitur
1335 1817 1444 1845 ludam.
1459 1816 1537 1851 juxta
1551 1816 1715 1851 patriarchze
1725 1815 1821 1843 vatici-

1035 1861 1129 1894 nium;
1153 1862 1229 1889 illum
1246 1862 1351 1889 scilicet
1380 1863 1428 1897 qui
1439 1870 1473 1889 ex
1484 1862 1656 1889 confessione
1672 1869 1770 1889 nomen
1786 1862 1823 1889 sit

1035 1911 1185 1934 mutuatus.
1203 1906 1358 1934 Laudemus
1367 1911 1395 1934 ct
1409 1915 1574 1934 veneremur
1587 1914 1663 1939 eum,
1678 1906 1726 1941 qui
1739 1906 1821 1941 digne

1035 1958 1085 1985 pro
1100 1951 1172 1978 sacri
1180 1951 1301 1978 nominis
1314 1951 1421 1978 ratione
1441 1950 1527 1978 vitam
1542 1950 1712 1983 instituerit;
1725 1950 1771 1984 qui
1784 1950 1822 1977 si-

1034 2000 1083 2023 cut
1098 1996 1218 2030 reliquas
1233 1996 1361 2025 virtutes,
1375 1995 1416 2022 sic
1428 1995 1499 2022 hanc
1511 2002 1622 2029 quoque
1653 1995 1822 2022 excellenter

1034 2048 1097 2069 cum
1107 2041 1216 2068 Christo
1234 2048 1408 2068 communem
1424 2040 1569 2072 habuerit;
1589 2039 1821 2066 ferventissimum

1035 2087 1130 2122 utique
1151 2087 1214 2118 fide,
1229 2091 1258 2114 et
1269 2085 1418 2113 dilectione
1437 2085 1675 2120 probatissimum,
1690 2084 1821 2112 scientia-

1035 2141 1089 2168 que
1101 2132 1332 2168 pcrfectissimum
1349 2131 1526 2166 discipulum.
1546 2130 1593 2169 qui
1609 2130 1756 2158 sublimem
1781 2136 1812 2157 sa

1035 2185 1169 2213 crumque
1211 2178 1360 2212 complevit
1396 2175 1597 2204 duodenarium
1632 2174 1820 2210 apostolorum

199 2230 246 2257 τὸν
265 2211 457 2265 Ἰσκαριώτην·
475 2211 585 2264 μακρὰν
604 2211 779 2263 γά-ριὲκεῖνος
802 2226 857 2254 ἀπὸ
879 2211 985 2261 τῆςγεύ-

1034 2211 1160 2252 choruin.
1184 2211 1350 2256 Laudemus,
1367 2230 1423 2250 non
1436 2222 1596 2250 Iscariotem
1621 2221 1729 2256 (procul
1745 2220 1820 2248 enim

198 2275 304 2310 λογίας,
320 2276 361 2302 ὅτι
388 2275 532 2311 ἠγάπησεν
555 2274 688 2309 κατάραν,
713 2272 761 2299 καὶ
786 2270 869 2307 ἦλθεν
898 2271 983 2306 αὐτῷ·

201 2321 270 2347 ἀλλά
296 2318 410 2353 Ἰούδαν,
441 2319 488 2346 τὸν
521 2318 716 2354 ἀμφοτέρωθεν
746 2317 926 2353 περίϐλεπτόν
954 2325 985 2343 τε

199 2367 247 2394 καὶ
274 2365 468 2400 εὐγενέστατον
494 2373 502 2381 ·
520 2384 535 2399 ι
536 2365 585 2392 καὶ
612 2365 668 2395 τοῖς
695 2364 830 2398 φυσικοῖς,
856 2361 905 2389 καὶ¹
927 2363 985 2394 τοῖς

201 2412 274 2448 ὑπὲρ
287 2411 368 2446 φύσιν
381 2411 618 2446 πλεονεκτήμασιν
629 2409 776 2444 ὑπερφυῶς
793 2407 986 2443 λαμπρυνόμε-

199 2465 244 2483 νον
264 2455 313 2484 καὶ
343 2455 580 2490 καλλωπιζόμενον
594 2463 602 2469 ·
618 2454 664 2480 τὸν
682 2453 758 2480 κάτω
785 2452 835 2487 μὲν
854 2452 900 2479 ἐπὶ
919 2451 983 2486 γῆς,

199 2502 311 2536 ἔκγονον
339 2502 388 2537 μὶν
414 2502 524 2537 Ἰωσὴφ,
544 2499 673 2527 Ἰακώϐου
686 2499 715 2526 δὲ
730 2498 843 2533 ἀδελφόν
856 2505 864 2521 .'
879 2498 935 2524 ἀνω
943 2497 982 2530 δὲ,

199 2547 282 2574 παῖδα
298 2547 347 2581 μὲν
362 2547 441 2579 Θεοῦ,
462 2547 592 2580 σύγγονον
601 2545 630 2572 δὲ
640 2545 770 2579 Χριστοῦ.
782 2545 834 2571 Τὸν
851 2544 984 2578 ἀπόγονον

202 2592 252 2627 μιν
260 2592 307 2619 τοῦ
326 2592 457 2628 βασιλέως
474 2591 573 2618 Δαϐίδ”
592 2590 724 2625 συγγενέα
746 2590 775 2617 δὲ
797 2590 870 2618 κατὰ
896 2589 985 2624 σάρκα

200 2637 319 2671 Χριστοῦ
328 2645 336 2653 ·
354 2637 434 2672 εῐπερ
446 2636 479 2672 δὴ
489 2637 537 2664 καὶ
557 2636 656 2672 Ἰωσὴφ
668 2635 749 2667 αὐτὸς
762 2636 777 2661 ὸ
787 2635 888 2670 πατὴρ,
920 2643 986 2668 συγ-

200 2681 283 2717 γενὴς
292 2683 328 2717 τῇ
346 2683 454 2717 μνηστῇ
466 2681 614 2708 καθίστατο
628 2679 756 2715 Μαριάμ.
772 2679 824 2706 Τὸν
835 2679 919 2713 ἔγγὺς
935 2679 985 2713 μὲν

201 2725 351 2760 περιφανῆ,
366 2725 413 2752 καὶ
432 2725 548 2760 λαμπρά
557 2724 725 2760 κεκτημένον
739 2722 774 2749 τὰ
786 2723 834 2757 τῆς
847 2720 984 2750 δικαιοσύ-

200 2776 251 2804 vn:
278 2769 485 2806 ὕποδείγματαο
514 2769 586 2797 οὓτω
599 2768 629 2796 δὲ
654 2768 915 2804 παρευδοκτμηκότα
937 2767 986 2795 καὶ

1034 2270 1057 2298 is
1068 2275 1111 2298 est
1125 2277 1140 2297 a
1153 2269 1363 2302 benedictione;
1381 2267 1485 2303 quippe
1500 2267 1548 2302 qui
1564 2267 1692 2294 dilexerit
1703 2265 1820 2292 maledi-

1033 2316 1166 2348 ctionem,
1180 2318 1210 2342 et
1227 2314 1304 2342 venit
1315 2314 1351 2350 ei)
1365 2313 1412 2342 sed
1423 2313 1522 2341 ludam
1536 2313 1666 2347 utrinque
1683 2311 1821 2346 spectabi-

1033 2361 1086 2389 lem
1101 2368 1134 2388 ac
1146 2360 1349 2388 nobilissimum
1359 2360 1399 2392 '7;
1431 2363 1490 2386 tum
1513 2357 1621 2385 scilicet
1648 2356 1822 2384 naturalibus

1033 2406 1155 2438 dotibus,
1171 2409 1230 2432 tum
1248 2412 1309 2440 quae
1332 2408 1430 2431 natura
1442 2403 1601 2438 superiores
1620 2406 1696 2434 sunt,
1721 2401 1822 2429 eximie

1036 2452 1139 2479 clarum
1148 2455 1230 2486 atque
1245 2454 1383 2478 ornatum.
1397 2449 1437 2477 Ad
1452 2453 1588 2476 terrenam
1603 2447 1714 2482 quidem
1728 2455 1822 2482 prosa-

1036 2497 1109 2532 piam
1143 2495 1217 2530 quod
1247 2495 1356 2527 attinet,
1370 2493 1483 2528 Iosephi
1504 2493 1589 2520 lilium
1612 2500 1645 2519 ac
1659 2491 1754 2519 Jacobi
1770 2491 1823 2518 fra-

1038 2546 1124 2574 trem;
1137 2540 1209 2576 quod
1220 2545 1311 2568 autem
1323 2540 1356 2568 ad
1369 2540 1520 2573 caelestem,
1538 2539 1587 2567 Dei
1603 2539 1687 2566 filium
1702 2546 1733 2565 ac
1743 2537 1823 2564 Chri-

1033 2588 1067 2615 sli
1098 2588 1223 2618 fratrem.
1243 2590 1371 2621 nepotem
1397 2586 1508 2621 quidem
1537 2584 1648 2613 Davidis
1679 2583 1761 2618 regis.
1789 2588 1821 2608 ac

1033 2632 1173 2661 Christum
1183 2631 1329 2667 agnatione
1344 2631 1448 2658 carnali
1478 2630 1701 2666 contingentem;
1729 2625 1819 2660 siqui-

1034 2678 1095 2705 dem
1110 2677 1247 2712 etJoseph
1266 2677 1324 2711 ipse
1336 2683 1448 2712 parens,
1477 2674 1646 2711 ejuscemodi
1679 2668 1820 2706 sanguinis

1033 2723 1237 2752 necessitudine
1252 2723 1362 2750 Mariam
1387 2730 1517 2757 sponsam
1539 2718 1737 2754 contingebat:
1754 2720 1819 2749 pro-

1034 2769 1146 2804 pinquis
1173 2768 1284 2803 quidem
1313 2768 1461 2800 illustrem,
1485 2772 1514 2795 et
1538 2766 1585 2802 qui
1607 2765 1681 2792 clara
1705 2759 1818 2797 iustitiae

236 2863 340 2892 “Gen.
364 2872 435 2898 xm,
457 2864 484 2892 8.
523 2863 545 2880 "
563 2863 640 2891 Rom.
659 2869 690 2894 II.
712 2860 764 2894 28;
781 2861 860 2889 Rom.
884 2868 933 2895 vn,
957 2860 983 2889 6.
1022 2862 1045 2877 “
1061 2860 1139 2889 Joan.
1153 2868 1214 2894 vui,
1237 2860 1292 2896 39;
1318 2859 1407 2888 Colos.
1431 2867 1460 2891 ιι,
1478 2858 1520 2886 ll.
1557 2857 1579 2873 "
1594 2854 1662 2883 Psal.
1677 2861 1752 2886 cvm,
1775 2850 1819 2880 l8-
