2078 3154
245 180 302 214 259

857 177 882 207 Ν
886 176 1005 206 lCET/E
1024 176 1293 208 PAPIILAGONIS‘

1834 175 1891 208 26‘)

247 237 372 273 exempla
382 239 482 265 nactus
492 239 576 267 esset,
591 235 687 269 sicque
699 233 744 261 illa
752 233 848 269 majori
860 233 973 260 virtutis
987 234 1041 260 ela-

1094 234 1240 270 περιουσίᾳ
1254 234 1306 269 τῆς
1319 233 1424 269 ἀρετῆς
1443 233 1644 270 ὑπερϐαλόντα,
1661 233 1702 266 ὡς
1718 232 1843 265 ἐκείνους
1856 235 1888 260 ἐκ

247 286 330 312 ritate
343 284 466 315 vicisset,
487 282 577 316 iisque
585 280 791 316 praecelluisset,
804 283 834 306 ut
846 286 901 306 non
912 283 968 306 tam
981 279 1040 314 ipse

247 332 369 363 illorum,
387 337 470 365 quam
489 328 527 355 illi
542 327 602 363 ejus
623 327 704 361 longe
728 325 882 361 fulgoribus
909 325 1041 353 honesta-

247 382 345 405 rentur
352 383 384 403 ac
395 374 582 411 praeniterent.

283 424 362 451 llunc
377 427 406 450 et
423 423 450 449 in
471 427 565 456 typum
595 423 697 447 sancta:
726 425 759 444 ex
787 417 889 445 Judaeis
919 417 1042 444 collectae

247 468 378 497 Ecclesia
390 471 562 500 assumptum
575 472 636 492 esse
653 463 792 490 existimo.
819 463 888 496 Quia
913 463 987 490 enim
1000 462 1042 490 fu-

247 522 339 544 turum
354 518 426 545 erat,
437 516 467 539 ut
483 519 550 547 gens
575 511 690 539 Judaica
722 510 831 537 duabus
846 510 932 538 scissa
955 510 1042 545 parti-

248 565 308 594 bus,
327 561 411 588 altera
424 558 536 594 quidem
550 558 755 586 necessitudine
764 558 820 585 Deo
832 556 1040 592 adiungeretur,

247 608 332 636 altera
352 605 555 641 repelleretur:
573 605 639 631 hinc
670 604 782 639 quidem
795 611 845 638 per
863 603 944 630 [idem
960 603 1042 638 justi-

248 653 337 684 licata.
354 652 418 679 inde
443 650 650 679 incredulitatis
671 657 754 677 causa
783 648 933 681 damnata;
955 654 1041 683 utque

247 692 308 734 pars
321 700 406 726 altera
430 697 699 733 supermdilicarclur
736 702 821 730 super
831 694 1041 722 fundamentum

247 745 430 780 apostolorum
447 749 474 771 et
485 743 692 778 prophetarum,
703 742 788 768 altera
804 741 890 768 instar
902 747 1040 767 ramorum

247 791 386 818 aridorum
402 794 430 817 et
447 789 587 816 inutilium
603 796 618 815 a
635 792 729 814 sancta
752 786 844 813 radice
857 785 1042 821 effringeren-

247 836 459 868 lur";cxcisae
491 834 604 870 quidem
627 834 775 870 synagosw
807 837 888 868 ‘YPUS
916 833 1042 867 βτοάίί-υδ

228 899 230 902 -
247 886 288 909 est
301 882 437 909 nefandus
453 881 499 908 illc
515 881 661 916 proditor;
680 883 838 906 sanctarum
857 886 922 905 vero
944 878 1040 905 Eccle-

247 928 294 954 site
320 927 502 962 reliquiarum
531 926 613 953 saluti
638 925 794 953 dedilarum
825 928 906 960 typus
941 923 1042 951 enituit
1059 922 1079 949 Β

248 973 422 1000 beatissimus
437 973 532 1004 Judas,
557 979 640 1007 quem
659 971 912 1006 imprmsentiarum
941 969 1039 997 lauda-

247 1027 318 1047 mus.
330 1020 368 1047 Ac
393 1020 465 1046 sicut
481 1019 527 1046 ille
543 1019 579 1046 ob
601 1018 706 1053 peccati
731 1024 868 1044 summam
889 1016 1041 1051 nequitiam

246 1066 393 1093 devinctus
405 1066 576 1101 devotusque
603 1065 723 1097 diabolo,
747 1065 791 1092 his
809 1065 856 1099 qui
877 1068 1041 1100 sequuntur,

247 1113 274 1139 in
287 1113 429 1140 interitum
440 1113 520 1147 prosit
535 1121 542 1145 ;
558 1112 599 1140 sic
614 1112 665 1139 iste
678 1111 800 1147 perfecta
814 1111 920 1146 justitia
932 1110 1042 1138 Christo

246 1159 402 1194 copulatus,
420 1159 454 1186 ad
479 1158 595 1186 salutem
608 1166 691 1193 supra
707 1165 788 1192 quam
806 1157 967 1192 perfectam,
982 1163 1041 1189 eos,

246 1205 292 1240 qui
310 1204 348 1231 illi
364 1204 480 1232 comites
492 1204 689 1239 adjungantnr,
707 1203 792 1230 ducit.

281 1250 508 1284 Quandoquidem
519 1250 602 1285 igitur
617 1249 765 1284 ancipitem
774 1248 851 1276 vocis
861 1247 1041 1284 signiﬁcatio-

247 1304 311 1324 nem
326 1296 515 1328 distinximus,
525 1304 558 1323 ac
567 1295 641 1331 quod
659 1295 741 1330 vulgo
754 1295 925 1330 rudibusque
941 1295 1043 1322 abhor-

247 1350 309 1369 rere
326 1341 483 1374 videbatur,
497 1341 618 1368 nominis
648 1340 831 1376 explicatione
866 1340 1041 1374 dctersimus,

247 1396 307 1423 age,
324 1396 385 1422 quae
395 1387 427 1415 ad
440 1392 565 1415 sanctum
578 1387 653 1415 hunc
666 1387 763 1415 Judam
780 1390 928 1421 spectant;
942 1394 1041 1421 quern-

247 1434 395 1461 admodum
412 1433 470 1468 ipse
494 1432 574 1460 nobis
606 1432 717 1460 caelitus
734 1432 868 1462 illuxerit,
881 1431 1043 1458 considere-

248 1485 326 1511 mus;
338 1478 373 1504 ab
389 1477 449 1513 ejus
457 1477 569 1511 quidem
586 1476 714 1504 minutim
729 1476 869 1502 narranda
881 1475 936 1502 vita
947 1483 1043 1510 supcr-

248 1523 386 1555 sedentes,
418 1522 618 1557 apostolicique
651 1521 756 1548 laboris
777 1521 904 1556 periodo,
933 1529 1041 1548 necnon

247 1568 492 1602 praedicationibus
503 1572 532 1594 et
544 1566 687 1594 miraculis
710 1566 821 1593 omissis
837 1565 921 1600 (quod
943 1573 1041 1601 .neque

248 1614 319 1641 ullos
333 1613 467 1641 hactenus
477 1613 536 1641 haac
550 1613 768 1647 complectentes
781 1612 918 1639 nanscisci
932 1612 1043 1641 licuerit
1058 1599 1079 1627 θ

248 1658 473 1691 commentarios)
504 1656 665 1692 apostolicis
683 1662 746 1684 eum
762 1656 892 1684 laudibus
908 1656 983 1684 velut
995 1665 1041 1684 ro-

249 1710 340 1730 sarum
357 1702 473 1730 ﬂoribus
486 1703 604 1730 aliorum
620 1710 697 1730 more
707 1707 884 1734 coronantes,
896 1707 953 1730 tum
966 1708 1041 1738 grata

249 1748 289 1775 illi
304 1748 463 1781 fecerimus,
478 1752 537 1775 tum
550 1747 638 1775 amica
657 1748 737 1775 valde
754 1752 837 1782 atque
850 1753 972 1783 accepta,
987 1748 1041 1780 liis,

250 1793 297 1828 qui
318 1793 376 1820 veri
398 1797 537 1820 amantem
563 1792 689 1820 auditum
713 1792 904 1828 prmtendunt;
936 1799 967 1821 ut
995 1793 1043 1828 qui

248 1846 282 1866 cx
296 1838 492 1866 communibus
509 1838 691 1873 omniumque
708 1846 792 1865 sensu
813 1838 931 1873 receptis
960 1840 1045 1868 ratio-

250 1885 331 1911 nibus
349 1904 357 1917 ,
384 1883 511 1911 veritatis
544 1883 682 1918 discipulo
709 1883 898 1912 laudationem
916 1889 1044 1912 contexa-

251 1937 321 1956 mus.

284 1987 354 2021 Ejus
374 1986 468 2022 itaque
480 1986 515 2014 ab
529 1986 610 2014 initio
626 1986 690 2014 vitae
704 1986 777 2014 ratio
789 1993 821 2014 ac
836 1986 966 2015 educatio
981 1994 1046 2014 san-

249 2038 293 2061 cta
305 2033 390 2061 dubio
408 2034 506 2068 procul
529 2033 657 2068 justaque
670 2037 699 2060 et
720 2033 803 2061 bona.
826 2033 902 2061 Bona
927 2033 1001 2060 enim
1011 2040 1045 2059 ex

251 2080 354 2113 radice,
379 2080 459 2108 bona:
481 2080 584 2108 indolis
610 2085 704 2108 ortum
733 2087 846 2115 germen
860 2085 903 2107 est
920 2088 926 2106 :
945 2087 977 2107 ac
993 2079 1045 2106 sub

251 2130 369 2161 parente
382 2126 458 2161 justo
469 2126 630 2160 sobrioque.
652 2126 745 2154 sobrie
754 2127 884 2161 justeque
907 2126 998 2161 justus
1012 2124 1046 2152 li-

251 2171 305 2199 lius
318 2172 499 2199 erudiebatur
507 2179 540 2199 ac
551 2171 749 2199 instituebatur
760 2173 793 2198 “.
801 2172 974 2206 Quapropter
985 2179 1045 2199 om-

251 2225 301 2245 nes
320 2217 412 2245 sazculi
437 2218 573 2245 vanitates
589 2223 617 2245 et
631 2217 754 2245 insanias
769 2217 853 2245 falsas
878 2217 1020 2244 devitabat
1036 2225 1044 2243 :

251 2263 304 2290 hoc
332 2271 444 2297 cavens,
460 2271 494 2291 ue
506 2264 619 2300 ingenui
651 2263 799 2299 magnique
814 2264 876 2299 ejus
900 2263 986 2290 animi
1001 2263 1043 2290 vis
1057 2277 1082 2306 D

251 2308 363 2336 caducis
379 2309 462 2337 rebus
473 2317 506 2337 cx
517 2309 633 2336 libidine
651 2309 772 2342 addicta,
795 2312 1020 2343 corrumperetur
1034 2316 1041 2334 :

252 2358 326 2381 totus
340 2362 406 2382 vero
422 2357 451 2382 in
464 2363 493 2382 se
509 2355 670 2391 conspirans
680 2355 770 2382 acsibi
785 2355 908 2386 studens,
920 2354 1043 2390 legisque

252 2400 431 2428 meditatione
463 2401 724 2436 institutus.[atque
748 2400 940 2428 mandatorqu
959 2401 1044 2428 docu-

253 2446 353 2473 mentis
368 2447 495 2474 excultus
514 2454 547 2474 ac
567 2447 712 2482 magniﬁce
729 2447 964 2481 praeexercitatus,
988 2453 1045 2474 non

253 2491 345 2520 minus
360 2493 460 2520 mentis
479 2493 587 2526 habitu,
603 2501 686 2528 quam
698 2493 824 2527 carperis
836 2496 941 2520 statura
954 2491 1045 2527 quoti-

251 2536 298 2564 die
309 2545 446 2570 crescens,
461 2538 587 2573 prol'eetu
601 2538 764 2573 augebatur.

288 2626 359 2661 Quia
374 2627 459 2663 igitur
468 2627 526 2662 ipse
537 2626 649 2662 quidem
662 2627 826 2662 praedagogo
839 2627 900 2662 lege
914 2626 1049 2654 hactenus

252 2674 419 2706 custoditus,
433 2673 467 2701 ad
492 2681 649 2701 mensuram
673 2674 763 2701 aetatis
799 2678 856 2701 tum
883 2673 1046 2708 corporalis,

253 2724 312 2747 tum
326 2719 410 2747 animi
426 2724 610 2755 provexerat;
627 2727 756 2754 magnum
779 2723 872 2746 autem
894 2719 989 2754 gratiae
1004 2719 1048 2746 lu-

254 2773 316 2793 men
337 2765 383 2794 Sol
397 2766 522 2802 iustitiae.
542 2766 660 2801 unigena
692 2769 814 2800 paterna:
836 2765 998 2793 substantiae
1018 2765 1049 2792 ﬁ-

254 2818 332 2846 gura,
346 2811 456 2839 mortali
464 2812 520 2848 jam
530 2819 618 2839 massa
629 2819 678 2847 per
690 2810 913 2845 castissimamﬁc
928 2810 1050 2845 virgina-

291 2908 314 2925 ”
330 2910 432 2945 Ephcs.
453 2919 486 2945 ιι,
511 2911 556 2940 20.
596 2911 618 2928 "
638 2911 712 2938 Psal.
737 2919 828 2944 xxxix,
852 2909 878 2938 ὅ.

1093 280 1170 307 τοῦδε
1188 281 1257 307 πολὺ
1274 280 1388 314 μᾶλλον,
1401 280 1418 316 ἢ
1430 280 1525 307 τοῦτον
1536 280 1567 313 ἐξ
1581 280 1692 308 ἐκείνων
1705 279 1889 316 γνωρίζεσθαι

1092 327 1141 353 καὶ
1156 326 1377 363 λαμπρύνεσθαι.

1129 416 1230 443 Τοῦτον
1243 416 1365 453 ⁴ἡγοῦμαι
1385 417 1433 444 καὶ
1455 417 1496 448 εἰς
1522 416 1609 444 τύπον
1640 416 1691 451 τῆς
1702 416 1732 450 ἐξ
1752 415 1888 443 Ἰουδαίων

1093 462 1175 496 ἁγίας
1194 463 1358 497 Ἐκκλησίας
1373 462 1573 498 παρειλῆφθαι.
1601 462 1710 497 Ἐπειδὴ
1726 463 1778 498 γὰρ
1790 463 1887 498 ἔμελλε

1092 509 1153 544 διχῆ
1170 508 1201 535 τὸ
1221 508 1355 535 Ἰουδαίων
1368 508 1496 544 μερισθὲν
1517 508 1606 542 γένος,
1619 508 1650 534 τὸ
1679 509 1729 543 μὲν
1744 508 1887 544 οἰκειωθῆ-

1093 563 1138 582 ναι
1146 554 1217 589 Θεῷ,
1224 556 1254 581 τὸ
1263 555 1286 581 δ’
1297 554 1476 589 ἁποτεθῆναιν
1486 554 1517 580 τὸ
1526 554 1576 589 μὲν
1588 553 1632 581 διὰ
1639 554 1758 586 πίστεως
1770 554 1888 581 δικαιού-

1095 609 1186 637 μενον,
1200 600 1269 627 τδδὲ
1296 600 1331 627 δι’
1348 600 1493 627 ἀπείθειαν
1518 601 1764 636 κατακρινόμενοψ
1784 602 1832 628 καὶ
1856 601 1887 628 τὸ

1095 647 1145 682 μὲν
1157 646 1406 681 ἐποικώομηθῆναι
1421 646 1460 682 τῷ
1475 646 1594 681 θεμελίῳ
1604 646 1657 673 τῶν
1668 647 1827 673 ἀποστόλων
1839 647 1887 674 καὶ

1094 693 1253 728 προφητῶν,
1266 693 1297 719 τὸ
1307 693 1335 719 δὲ
1349 693 1442 728 τρόπῳ
1459 693 1565 720 κλάδων
1583 692 1674 727 ξηρῶν
1692 693 1739 719 καὶ
1752 693 1886 728 ἀκάρπων

1092 740 1142 775 τῆς
1154 740 1235 773 ἁγίας
1249 739 1432 773 ὲκκλασοῆναι
1454 738 1532 774 ῥίζης
1545 746 1552 753 ·
1566 738 1651 770 τύπος
1674 739 1724 773 μὲν
1742 738 1793 773 τῆς
1805 739 1886 765 ἐκκε-

1093 787 1236 822 κομμένης
1258 786 1424 820 Συναγωγῆς
1448 786 1552 816 ἐκεῖνος
1570 785 1584 811 ὁ
1600 784 1759 819 δυσώνυμος
1784 785 1887 820 ἀπελή-

1093 829 1191 862 λεγκτο
1216 829 1367 865 προδότης·
1396 828 1482 860 τύπος
1509 829 1538 855 δὲ
1559 828 1607 856 τοῦ
1636 829 1812 865 σεσωσμένου
1837 826 1886 865 τῆς

1095 875 1172 910 ιερᾶς
1203 874 1368 909 Ἐκκλησίας
1395 873 1632 909 καταλείμματος,
1648 875 1662 901 6
1676 875 1887 910 μακαριώτατος

1100 921 1210 952 Ἰούδας,
1226 921 1240 946 6
1255 920 1303 947 νῦν
1318 921 1515 954 ἐπαινούμενος
1541 921 1678 947 ἐδείκνυτο
1694 929 1702 936 ·
1723 922 1771 947 καὶ
1789 921 1885 958 ὥσπερ

1092 968 1196 998 ἐκεῖνος
1206 966 1240 993 δι’
1256 966 1394 1002 ἁμαρτίας
1421 967 1511 1001 ἄκρας
1537 967 1690 999 οἰκειωθεὶς
1706 968 1745 1002 τῷ
1756 967 1883 1002 διαδόὶῳ,

1093 1015 1132 1046 εἰς
1145 1014 1284 1041 ἀπώλειαν
1295 1013 1350 1040 τῶν
1378 1014 1521 1048 ἑπομένων
1553 1014 1726 1049 καθηγεῖται,
1756 1014 1885 1041 οὕτωδιὰ

1092 1059 1142 1094 τῆς
1157 1060 1263 1091 τελείας
1279 1059 1455 1093 δικαιοσύνης
1464 1056 1542 1091 οὗτος
1550 1059 1589 1094 τῷ
1601 1059 1713 1094 Χριστῷ
1725 1060 1884 1094 συναφθεὶς,

1094 1107 1162 1141 πρὸς
1190 1106 1327 1141 ὑπερτελῆ
1361 1105 1499 1141 σωτηρίαν
1509 1107 1574 1138 τοὺς
1596 1106 1795 1138 ἀκολοθοῦντας
1809 1106 1886 1143 αὐτῷ

1093 1161 1123 1189 χε
1128 1154 1268 1188 ιραγωγεί.

1135 1242 1246 1278 Ἐπειδὴ
1260 1242 1307 1269 οὖν
1321 1242 1370 1275 τὴν
1385 1243 1548 1279 ὁμωνυμίαν
1563 1243 1783 1279 διεστειλάμεθα,
1798 1244 1845 1272 καὶ
1855 1245 1886 1272 τὸ

1094 1289 1221 1320 ἀπεοικὸς
1235 1288 1332 1315 δοκοῦν
1350 1291 1407 1321 τοὶς
1435 1290 1543 1321 πολλοῖς
1567 1291 1615 1317 καὶ
1637 1290 1758 1326 ἀμαθέσι
1775 1291 1819 1318 διὰ
1836 1291 1885 1324 τῆς

1092 1335 1140 1362 τοῦ
1154 1335 1285 1370 ὀνόματος
1298 1335 1442 1370 δηλώσεως
1457 1336 1677 1372 ἀνεκαοῄραμεν,
1691 1338 1757 1372 φέρε
1769 1337 1803 1364 τὰ
1814 1337 1885 1364 κατὰ

1092 1381 1138 1408 τὸν
1154 1381 1227 1416 ἱερὸν
1249 1381 1343 1408 τοῦτον
1360 1381 1470 1413 Ἰούδαν,
1488 1381 1526 1412 ὠς
1541 1382 1574 1408 ἂν
1588 1381 1670 1413 αὐτὸς
1686 1383 1752 1417 ἡμῖν
1773 1382 1886 1417 οὐρανό-

1093 1428 1140 1453 θεν
1152 1427 1326 1462 ὲλλάμψειεν,
1347 1427 1549 1462 θεωρήσωμεν·
1582 1427 1632 1463 τὴν
1659 1427 1708 1463 μὲν
1723 1428 1770 1454 ἐπὶ
1793 1428 1884 1463 λεπτῷ

1092 1473 1142 1508 τῆς
1157 1472 1239 1499 αὐτοῦ
1257 1472 1394 1504 πολιτείας
1407 1472 1557 1507 ἀφήγησιν,
1578 1473 1624 1498 καὶ
1641 1471 1690 1507 τὴν
1704 1471 1886 1506 ἀποστολικὴν

1094 1517 1228 1553 περίοδον,
1246 1518 1293 1544 καὶ
1309 1516 1343 1543 τὰ
1359 1517 1526 1552 κηρύγματα
1540 1517 1587 1543 καὶ
1595 1517 1629 1543 τὰ
1641 1517 1768 1552 θαύματα
1780 1517 1884 1553 παρένσ

1093 1565 1203 1596 τες,ὅτι
1233 1564 1295 1599 μηδ’
1325 1564 1523 1598 ὑπομνήμασιν
1545 1564 1613 1599 ἡμῖν
1644 1563 1785 1597 ἐξεγένετο
1801 1563 1883 1598 μέχρι

1095 1610 1142 1636 τοῦ
1157 1609 1238 1645 δεῦρο
1251 1610 1407 1644 περιτυχεῖν
1417 1616 1424 1624 ·
1443 1609 1633 1640 ἀποστολικοῐς
1647 1609 1676 1635 δὲ
1697 1609 1793 1635 τοῦτον
1807 1607 1885 1635 ὲπαί-

1093 1665 1149 1688 νοις
1160 1656 1199 1688 ὡς
1217 1656 1312 1683 ἄνθεσι
1341 1655 1426 1691 ῥόδων
1459 1655 1532 1683 κατὰ
1552 1656 1609 1691 τὴν
1628 1655 1697 1690 πρὸς
1710 1655 1773 1686 τοὺς
1789 1655 1886 1687 ἄλλους

1093 1703 1222 1739 ὁμοίωσιν
1234 1702 1447 1737 ἀναδησάμενοι,
1468 1702 1543 1736 αὐτῷ
1561 1709 1591 1728 τε
1607 1702 1794 1737 κεχαρισμένα
1819 1702 1886 1736 δρά-

1094 1757 1192 1784 σαιμεν
1216 1748 1271 1779 ἂν,
1302 1748 1367 1781 φίλα
1395 1756 1424 1774 τε
1451 1747 1522 1781 ἄγαν
1551 1747 1599 1774 καὶ
1634 1747 1804 1773 εὐαπὸὁεκτα
1828 1747 1886 1778 τοῖς

1094 1793 1230 1829 φιλαλήθη
1243 1794 1431 1828 προτείνουσιν
1442 1793 1530 1828 ἀκοήν
1541 1802 1548 1808 ·
1561 1793 1599 1824 ὡς
1610 1793 1643 1819 ὲκ
1659 1792 1714 1819 τῶν
1727 1792 1825 1819 κοινῶν
1839 1793 1886 1819 καὶ

1074 1843 1077 1845 ”
1093 1839 1315 1874 ὡμολογημένων
1332 1839 1454 1872 ἐννοιῶν,
1468 1839 1518 1873 τὴν
1532 1839 1671 1874 εὐφημίαν
1686 1838 1725 1874 τῷ
1738 1839 1789 1874 τῆς
1820 1838 1886 1875 ἀλη-

1094 1885 1170 1917 θείας
1181 1884 1422 1920 διασκευαξόμενοι
1434 1884 1554 1920 μαθητῇ.

1135 1972 1169 1999 Ἦ
1184 1972 1233 2007 μὲν
1246 1972 1293 1999 οὖν
1308 1972 1338 2006 ἐξ
1355 1972 1442 2008 ἀρχῆς
1453 1971 1536 1999 αὐτοῦ
1555 1972 1649 2008 βίωσις
1673 1973 1720 2000 καὶ
1743 1973 1885 2009 ἀναγωγὴ,

1094 2019 1319 2055 ὁμολογουμένως
1335 2019 1402 2054 ἁγία
1415 2019 1463 2046 καὶ
1477 2019 1570 2046 δικαία
1591 2019 1637 2046 καὶ
1651 2020 1751 2056 ἀγαθή.
1767 2020 1887 2056 Ἀγαθῆς

1095 2066 1150 2101 γὰρ
1171 2065 1250 2101 ῥίζης
1276 2065 1434 2100 ἀγαθοφυὴς
1453 2065 1568 2099 βλαστὸς
1591 2065 1711 2098 ὲκδοοείς
1725 2074 1731 2082 ·
1762 2067 1810 2094 καὶ
1833 2067 1887 2094 ὑπὸ

1094 2111 1192 2148 δικαίῳ
1203 2112 1288 2146 πατρὶ
1299 2112 1347 2138 καὶ
1359 2113 1490 2146 σώφρονι,
1504 2112 1682 2146 σωφρονικῶς
1695 2113 1743 2139 καὶ
1757 2112 1884 2144 δικαίως,

1095 2159 1109 2185 δ
1122 2158 1227 2189 δίκαιος
1241 2157 1401 2184 ἐπαιδεύετο
1413 2158 1460 2184 καὶ
1473 2158 1591 2193 ἀνήγετο
1604 2160 1679 2190 παῖς.
1698 2159 1781 2185 Ὅθεν
1795 2159 1887 2191 πάσας

1097 2204 1147 2238 μὲν
1175 2202 1223 2229 τοῦ
1250 2202 1307 2238 βίου
1333 2203 1519 2240 ματαιᾴτητας
1546 2203 1594 2230 καὶ
1623 2205 1722 2239 μανίας
1737 2205 1887 2240 παρῃτεῖτο

1096 2249 1216 2284 ψευδεῖς,
1236 2249 1274 2285 μὴ
1289 2249 1468 2281 καταξιῶντδ
1483 2250 1593 2283 εὐγενὲς
1617 2251 1667 2285 τῆς
1694 2250 1776 2278 αὑτοῦ
1797 2251 1888 2286 ψυχῆς

1096 2297 1144 2323 καὶ
1162 2295 1344 2331 μεγαλοφυὲς,
1356 2296 1390 2331 τῇ
1404 2295 1550 2330 φιλοπαθεῖ
1565 2296 1620 2322 τῶν
1637 2296 1778 2331 ἐπικήρων
1804 2305 1889 2324 κατα-

1096 2342 1234 2378 φθαρῆναι
1257 2342 1338 2378 σχολῇ
1352 2351 1358 2358 ’
1375 2342 1443 2377 πρὸς
1468 2341 1563 2368 ἑαυτὸν
1577 2342 1605 2369 δὲ
1621 2343 1804 2375 συννενευκὼς
1817 2344 1888 2377 ὅλος,

1097 2391 1145 2416 καὶ
1155 2390 1187 2425 τῇ
1203 2388 1305 2425 μελέτῃ
1313 2388 1358 2415 τοῦ
1372 2389 1455 2422 νόμου
1477 2388 1750 2424 παιδοτριόούμενος,
1769 2390 1817 2416 καὶ
1829 2390 1889 2421 ταῖς

1098 2435 1297 2471 παραγγελίαις
1310 2434 1363 2461 τῶν
1385 2435 1501 2461 ὲντολῶν
1515 2434 1727 2470 ἐξασκούμενος,
1741 2435 1788 2462 καὶ
1804 2443 1890 2470 μεγα-

1099 2481 1207 2516 λοξρυῶς
1223 2481 1496 2516 προγυμναζόμενος,
1517 2481 1604 2513 οὕτως
1615 2482 1664 2516 οὺχ
1677 2479 1757 2517 ἦττον
1771 2481 1819 2516 τῆς
1838 2490 1891 2507 σω-

1099 2528 1218 2562 ματικῆς
1237 2527 1355 2562 ἡλικίας,
1369 2527 1418 2561 τῆς
1433 2526 1553 2558 διανοίας
1564 2527 1614 2561 τὴν
1629 2527 1686 2559 ἕξιν
1699 2526 1808 2561 ἡμέραν
1827 2525 1890 2552 καθ’

1096 2574 1205 2609 ἡμέραν
1216 2573 1351 2605 αὐξάνων,
1367 2572 1488 2599 ἐπεδίδου
1505 2573 1565 2603 ταῖς
1578 2573 1741 2607 προκοπαίς.

1138 2619 1215 2644 Ἐπεὶ
1231 2617 1297 2652 γοῦν
1321 2617 1402 2648 αὐτὸς
1432 2618 1481 2652 μὲν
1496 2617 1546 2651 τῆς
1562 2625 1592 2642 τε
1611 2616 1784 2651 σωματικῆς,
1796 2616 1845 2652 τῆς
1859 2624 1890 2643 τε

1097 2665 1169 2692 κατὰ
1182 2664 1271 2700 ψυχὴν
1283 2663 1390 2699 ἡλικίας
1406 2663 1446 2694 είς
1469 2661 1569 2698 μέτρον
1587 2662 1640 2688 ὑπὸ
1654 2661 1694 2697 τῷ
1721 2661 1890 2697 παιδαγωγῷ

1096 2713 1172 2748 νόμῳ
1204 2711 1272 2743 τέως
1299 2710 1504 2746 φρουρούμενος
1526 2709 1699 2744 προεέσηκεν
1710 2717 1717 2724 ”
1734 2709 1765 2736 τδ
1778 2709 1849 2744 μέγα
1861 2708 1890 2734 δδ

1097 2761 1147 2795 τῆς
1159 2759 1271 2794 χάριτος
1302 2757 1370 2792 φῶς,
1384 2758 1398 2784 6
1410 2756 1504 2788 Ἥλιος
1521 2756 1571 2791 τῆς
1586 2755 1771 2790 δικαιοσύνης,
1783 2756 1798 2782 δ
1810 2763 1889 2790 μονο-

1099 2808 1182 2844 γενὴς
1197 2807 1245 2842 τῆς
1264 2804 1401 2841 πατρικῆς
1430 2802 1608 2835 ὑποστάσεως
1619 2801 1776 2838 χαρακτὴρ,
1793 2800 1844 2836 ήδη
1858 2798 1891 2827 τὸ
