2078 3154
183 185 235 218 261

590 183 731 214 ORATIO
749 183 832 213 Xlll.
845 181 887 200 -”
901 183 940 213 1N
961 181 1116 212 LAUDEM
1136 181 1165 210 S.
1186 180 1292 211 IUDE
1307 180 1434 211 APOST.

1761 182 1814 214 262

184 244 306 279 βρότειον
323 239 440 275 φύραμα
459 238 504 265 διὰ
533 239 584 274 τῆς
598 239 735 272 πανάγνου
751 237 975 273 xa\r:apOevmi1;

1028 236 1080 263 lem
1092 235 1202 262 Mariam
1215 242 1365 271 assumpta.
1380 236 1488 271 subque
1504 237 1578 265 illius
1589 242 1706 273 parente
1734 239 1814 269 Iose-

182 285 336 321 ἀνειληφὼς
358 285 485 320 Μαριὰμ,
513 284 562 311 καὶ
591 284 645 310 ὑπὸ
666 285 706 319 τῷ
721 284 826 310 ἐκείνου
840 283 924 318 πατρὶ
936 282 976 317 τῷ

188 333 299 367 Ἰωσὴφ,
315 331 364 358 ἁτε
382 330 522 365 μνηστῆρι
535 330 585 364 τῆς
599 329 738 366 Παρθένου
751 329 801 364 τὴν
816 329 976 364 σωματικὴν

185 379 292 412 ἡλικίαν
327 377 494 412 ἀναγόμενος
510 383 517 390 ·
540 375 635 410 ἐπειδὴ
652 377 711 407 ταῖς
731 375 855 402 Ἰωάννου
870 383 976 409 μαρτυ-

185 424 269 458 ρίαις,
305 423 352 449 καὶ
379 422 447 448 πολὺ
476 421 575 456 μᾶλλον
601 422 662 452 ταῖς
676 421 723 448 τοῦ
735 421 860 456 οὐρανίου
872 421 976 454 [ἰατρὸς

185 470 230 495 ἐπὶ
243 467 291 494 τοῦ
309 467 406 498 ὓδατος
418 466 637 498 ἅπεκαλὺπτετο,
651 467 700 493 καὶ
714 468 770 498 τοῐς
784 466 976 502 ὑπερφυεστά-

187 521 244 545 τοις
253 512 334 540 εὐθὺς
342 513 399 539 τῶν
422 512 523 547 ἔργων,
547 512 639 547 ἠρέμα
653 512 684 538 τὸ
696 512 905 547 μεγαλοπρεπὲς
927 512 978 547 τῆς

185 557 290 589 οἰκείας
298 557 430 592 ἑπέφαινε
445 557 583 592 Θεότητος,
591 558 622 584 οὐ
632 558 702 584 κατὰ
712 559 775 589 τοὺς
786 557 977 593 ψευδωνύμως

184 600 263 635 οὗτος
281 603 424 634 Ἰουδαίους
439 603 473 629 τὰ
483 603 533 638 τῆς
545 603 660 638 καρδίας
671 604 794 638 νοήματα
806 605 977 639 πεπωρωμέ-

185 657 240 681 νος,
253 649 399 684 βασκάνοις
409 648 455 674 τὸν
478 648 628 684 εὐεργέτην
654 649 801 684 ἀνέὸλεψεν
819 649 977 684 ὀφθαλμοῖς·

183 694 238 721 οὐδ’
247 694 375 728 ἠγάπησε
396 694 457 728 μὲν,
473 695 583 728 φυσικῇ
593 694 621 720 δὲ
637 694 707 730 μόνῃ
727 694 914 730 φιλοστοργίᾳ.
930 696 978 722 καὶ

184 739 345 774 συγγενείας
359 740 508 774 οἰκειότητι
526 739 614 774 τούτῳ
626 740 815 776 συνδιόμενος,
829 741 879 775 τῆς
892 749 979 776 σωτη-

185 786 300 821 ριώδους
321 785 440 816 πίστεως
466 784 538 811 κατᾶ
560 785 624 816 to);
643 785 753 816 πλείους
769 785 824 811 τῶν
837 786 978 819 συγγενῶν

183 832 286 866 ἕρημος
298 829 332 866 ἧν
344 839 352 847 ·
369 830 429 858 οὐδὲ
452 830 543 856 πίστει
574 831 624 865 μὲν
649 831 747 866 ἐχρῆτο
761 831 868 866 βεϐαίᾳ,
884 831 935 866 τῆς
949 832 977 859 δὲ

183 877 264 911 ἁγίας
279 877 389 911 ἀγάπης
401 877 436 902 τὰ
451 876 569 911 δεύτερὰ
582 884 656 908 τινος
668 876 722 903 τῶν
737 877 776 911 τῷ
786 877 898 912 Χριστῷ
914 878 975 904 τότε

185 921 381 957 μαθητιὼντων
394 922 550 956 ἀπεφέρετο
561 930 568 936 ·
585 922 653 956 ὁμοῦ
669 922 698 948 δὲ
719 923 975 958 συνδεδραμηκότων

183 967 227 993 ἐπ’
243 966 318 1001 αὐτῷ
328 967 379 1001 τῆς
393 968 464 993 κατὰ
477 967 508 992 τὸ
520 965 601 1000 σῶμα
617 967 789 1000 συγγενείας,
800 969 848 1002 τῆς
858 970 976 1003 φυσικῆς

183 1011 380 1046 προσπαοείας,
396 1011 444 1037 εἴτ’
455 1009 503 1038 οὗν
516 1011 619 1046 φιλίας,
631 1011 681 1046 τῆς
696 1012 808 1047 ἀγάπης
822 1013 869 1039 τοῦ
889 1014 976 1040 Ilvati-

185 1067 270 1092 ματος
280 1066 287 1073 ·
297 1057 347 1092 τῆς
370 1058 419 1092 οὐχ
433 1055 514 1093 ἧττον
533 1057 578 1084 διὰ
591 1058 636 1084 τὸν
647 1057 695 1084 τοῦ
710 1058 767 1093 βίου
783 1059 892 1093 τρόπον,
912 1060 930 1094 ἢ
940 1059 976 1086 τὰ

183 1103 291 1138 μεγαλα
320 1103 447 1138 θαύματα
471 1103 600 1136 πίστεως,
627 1103 689 1130 καθ’
703 1103 732 1130 ὂν
759 1103 807 1130 καὶ
831 1105 976 1132 συνανατέ-

184 1148 301 1183 θραπτο,
319 1149 367 1175 καὶ
380 1148 531 1183 συνανῆκτο
541 1148 580 1183 τῷ
603 1149 701 1183 Ἰησοῦ,
713 1149 751 1181 ὡς
760 1149 799 1185 τῷ
809 1149 884 1184 αὺτῷ
898 1158 975 1185 νομι-

184 1194 297 1228 ζόμενος
323 1194 476 1229 κεχρῆσθαι
499 1195 599 1230 πατρί·
630 1195 675 1221 διὰ
699 1194 788 1221 ταῦτα
813 1195 904 1222 τοίνυν
925 1195 975 1230 τῆς

184 1240 338 1275 ἀκρπὰτης
358 1241 426 1275 πρὸς
444 1241 526 1267 αὑτὸν
552 1239 634 1272 εὐθὺς
647 1240 826 1275 οἰκειότητος,
853 1241 912 1276 ἢτοι
929 1250 975 1276 qua

184 1286 297 1321 λότητος
316 1288 330 1313 ὁ
354 1286 564 1322 μακαριώτατος
587 1287 761 1322 εὐμοιρηκώς
779 1295 786 1302 ·
817 1287 885 1322 ὁμοῦ
901 1295 932 1314 τε
945 1287 975 1314 τὺ

186 1332 352 1367 Εὐαγγὲλιον
366 1333 415 1366 τῆς
430 1332 475 1358 τοῦ
488 1331 557 1358 θεοῦ
583 1331 721 1367 βασιλείας
736 1332 783 1359 τοῦ
796 1332 976 1368 κηρύγματος

185 1378 295 1411 ἐδέξατο
311 1378 361 1413 τὴν
388 1378 488 1413 ἀρχὴν.
503 1379 550 1404 καὶ
562 1378 646 1410 αὐτὸς
654 1378 702 1404 τοῦ
721 1378 889 1413 Εὑαγγελίου
908 1379 976 1405 καθ-

187 1423 295 1449 ίσταται
311 1423 445 1457 μαθητής·
459 1423 507 1449 καὶ
516 1424 550 1458 τῇ
567 1424 717 1458 συγγενικῇ
731 1423 809 1459 φιλία
829 1423 879 1459 τὴν
903 1425 975 1450 κατὰ

185 1467 252 1494 Θεὸν
280 1468 455 1502 προστιθείς·
488 1470 535 1494 καὶ
551 1470 584 1502 τῇ
600 1468 777 1502 παιδαριώδει
806 1469 906 1503 γνώσει
925 1469 974 1504 τὴν

184 1514 291 1541 τελείαν
306 1513 475 1549 ἐξευρηκὼς·
489 1514 536 1540 καὶ
553 1513 592 1549 τῷ
614 1514 781 1549 παιδαγωγῷ
809 1515 884 1550 νόμῳ
906 1515 974 1550 πρὸς

184 1560 231 1586 τὸν
242 1560 324 1594 νόμον
334 1559 382 1586 τοῦ
413 1559 570 1594 ΙΙνεύματος
593 1560 680 1595 ῥᾷστα
702 1559 910 1594 συμὸισασθεὶς,
926 1561 973 1587 καὶ

185 1605 230 1632 τὸν
246 1605 405 1632 διδάσκαλον
419 1605 547 1640 εὐθύτητι
577 1604 624 1632 νοῦ
646 1605 845 1641 διανοούμενος,
869 1606 972 1633 δικαιόν

183 1659 255 1678 uta.
265 1652 314 1686 τῆς
329 1650 440 1686 πρώτης
457 1650 512 1677 τῶν
524 1651 572 1677 τοῦ
587 1650 676 1686 Ἰησοῦ
687 1651 771 1685 φίλων
783 1651 897 1684 τάξεως,
925 1652 973 1679 καὶ

184 1699 234 1733 τῆς
251 1698 325 1734 ἱερᾶς
340 1698 497 1733 ἐναρίθμιος
526 1697 664 1724 δείκνυται
692 1697 746 1725 τῶν
770 1698 879 1733 ὑψηλῶν
906 1698 973 1724 ἁπο-

187 1743 290 1770 στόλων
305 1743 463 1775 δωδεκάδος.

228 1788 370 1815 Ἐντεῦθεν
380 1789 514 1823 αὺτηκοος
524 1789 574 1823 μὲν
589 1787 748 1823 μυστηρίων
760 1787 884 1823 κρυφίων
891 1786 971 1819 Θεοῦ,

185 1834 326 1869 αὐτόπτης
350 1834 379 1860 δὲ
403 1834 493 1869 ἔργων
517 1834 683 1870 χρηματίζει
706 1833 794 1860 Θεοῦο
813 1833 914 1869 μᾶλλον
944 1834 973 1860 δὲ

187 1882 314 1913 κοινωνὸς
341 1881 390 1917 μὶν
413 1883 460 1908 καὶ
481 1881 585 1917 μύστης
604 1881 705 1916 ὀργίων
732 1881 910 1916 θεουργικῶν·
925 1880 973 1907 αὺ-

185 1928 301 1963 τουργὺς
315 1927 343 1954 δὲ
357 1927 520 1954 καθίσταται
548 1926 699 1961 θαυμάτων
731 1926 873 1953 οεοτελῶν.
903 1926 973 1953 Ὅσα

187 1974 242 2009 γὰρ
255 1974 270 1999 ὁ
287 1973 382 2008 Πατὴρ
391 1973 502 2008 ἐνήργει
513 1971 559 1999 διὰ
569 1972 616 1998 τοῦ
631 1972 812 2006 Μονογενοῦς,
836 1971 913 1998 ταῦθ’
926 1968 973 1998 οὖ-

186 2028 232 2051 τος
245 2017 324 2050 αὖθις
335 2018 508 2045 ἀποστέλλων
527 2017 591 2049 τοὺς
607 2017 724 2049 δώδεκα,
741 2017 808 2052 πρὸς
822 2017 856 2043 τὰ
865 2016 973 2043 ἀπολω-

187 2067 251 2093 λότα
266 2065 391 2101 πρόϐατα
409 2065 528 2100 Ἰσραὴλ.
542 2065 590 2091 καὶ
604 2064 671 2099 πρὸς
681 2063 731 2099 τὴν
743 2063 863 2098 μεγάλην
874 2063 974 2095 αὐτοὺς

188 2113 241 2139 τῶν
252 2111 338 2138 ἐθνῶν
350 2109 549 2146 προγυμνάζων
564 2109 727 2143 ἀποστολὴν,
745 2110 793 2136 καὶ
811 2109 869 2144 μετ’
883 2109 973 2136 αὐτῶν

187 2158 268 2192 δὲτῷ
280 2157 417 2192 πνεύματι
442 2156 627 2191 πορευόμενος
643 2155 756 2191 ἐνήργει
772 2161 780 2169 ·
797 2154 857 2190 μεθ’
873 2152 910 2182 ὢν
926 2155 973 2182 καὶ

187 2204 282 2236 αὐτὸς,
296 2201 319 2230 ὦ
334 2202 592 2238 τρισμακαριώτατε
607 2202 614 2228 l
639 2201 814 2236 πεμπόμενος
826 2222 835 2234 ,
850 2203 898 2228 καὶ
922 2201 972 2236 τὴν

189 2250 273 2285 αὐτὴν
283 2250 339 2280 τοῖς
350 2248 510 2283 κορυφαίοις
525 2248 572 2274 καὶ
586 2247 706 2283 πρώτοις
721 2246 858 2279 ἐξουσίαν.
874 2247 912 2279 ὡς
926 2248 973 2274 οὐ·

187 2297 230 2322 δὲν
249 2295 339 2322 αὐτῶν
360 2294 432 2321 κατὰ
460 2293 568 2329 πνεῦμα
591 2293 746 2328 ἁγιωσύνης
766 2293 972 2328 ἐλαττούμενος,

188 2341 317 2376 εἰληφὼς,
331 2339 461 2374 δαίμονας
478 2338 528 2373 μὲν
538 2337 691 2370 ἑξέὸαλλες,
706 2337 743 2369 ὼς
760 2337 812 2364 ὑπὸ
827 2337 914 2372 πυρὸς
924 2338 974 2373 τῆς

187 2386 352 2421 ἐνεργούσης
366 2386 395 2411 ιν
410 2385 452 2411 σοὶ
464 2384 576 2419 χάριτος
590 2383 836 2418 ἐκπιμπραμένους
847 2383 894 2410 καὶ
909 2383 973 2409 διω-

188 2433 339 2466 κομενους·
369 2430 487 2465 λεπροὺς
519 2429 691 2464 ἐκαθάριζες,
723 2429 794 2464 λόγῳ
828 2429 900 2464 μόνῳ
927 2429 974 2456 καὶ

188 2478 331 2514 ὲπικλήσει
349 2475 397 2503 τοῦ
411 2475 569 2511 πέμψαντος
582 2475 632 2510 τῆς
648 2475 750 2509 λέπρας
773 2474 973 2510 ἐκκαθαιρομέ-

188 2534 236 2559 νης
250 2532 258 2541 ·
271 2523 385 2557 νεκροὺς
397 2522 425 2549 δὲ
440 2522 473 2548 δι’
495 2522 568 2556 ἁφῆς
590 2520 681 2556 χειρὸς
697 2520 780 2556 μόνης
795 2520 843 2546 καὶ
855 2529 972 2556 προσευ-

189 2570 241 2605 χῆς
256 2569 389 2600 ἀνιστῶν,
409 2568 456 2594 καὶ
479 2566 597 2601 τυφλοὺς
620 2565 764 2600 ὸμματῶν,
793 2566 840 2593 καὶ
870 2565 973 2601 χωλοὺς

188 2614 321 2650 ἀνορθῶν,
339 2613 386 2640 καὶ
409 2613 500 2639 πᾶσαν
515 2612 592 2638 νόσον
606 2611 653 2638 καὶ
670 2612 759 2638 πᾶσαν
773 2610 900 2646 σώματος
918 2612 972 2638 πά-

188 2661 240 2696 θην
254 2660 474 2696 ἑξιὼμενοςβλον
486 2660 514 2685 ἒν
525 2659 566 2685 σοὶ
574 2658 620 2685 τὸν
632 2658 683 2692 τῆς
693 2657 765 2691 ζωῆς
780 2657 872 2692 μένειν
895 2657 972 2692 λόγον

187 2705 244 2738 τοίξ
253 2703 599 2741 θαυμασίοιςπιστούμενος
616 2703 802 2738 ἐνεργήμασιν
821 2702 969 2735 ὲδείκνυες.

223 2751 324 2778 τοῦτον
335 2750 484 2786 ἀρραϐῶνα
502 2749 612 2784 πρῶτον
623 2748 671 2775 τοῦ
684 2747 754 2774 ι]νεύ
759 2756 844 2783 ματος
859 2749 906 2775 καὶ
922 2749 972 2784 τῆς

189 2798 298 2833 χάριτος
308 2797 445 2832 ἀπαρχὴν,
460 2795 515 2823 τῶν
542 2794 671 2821 τοιούτων
692 2793 812 2829 σημείων
833 2793 883 2829 τὴν
910 2794 972 2820 ἐπι.

1027 281 1092 316 pho,
1113 285 1208 316 utpote
1233 282 1348 317 virginis
1358 290 1468 317 sponso.
1483 283 1618 317 corporali
1633 288 1713 311 male
1737 292 1816 317 auge-

1027 334 1116 357 scens,
1128 334 1190 353 cum
1214 327 1328 354 Joannis
1344 328 1515 360 testimonio,
1532 332 1588 355 tum
1602 329 1682 363 longe
1698 327 1816 364 amplius

1027 373 1084 408 ipsa
1099 373 1186 400 Patris
1197 374 1318 401 celestis
1337 381 1420 409 super
1434 382 1532 409 aquam
1547 382 1614 402 voce
1628 375 1814 411 detegeretur,

1027 419 1234 454 magniﬁcisque
1245 424 1335 447 tamen
1350 420 1482 454 operibus
1496 428 1553 448 sua
1575 422 1679 449 sensim
1700 422 1815 450 deitatis

1027 465 1257 499 magniﬁcentiam
1286 465 1432 500 proderet;
1461 466 1674 501 haudquaquam
1697 467 1730 499 il,
1753 468 1814 496 falsi

1027 511 1145 538 nominis
1161 511 1317 538 Iudaeorum
1335 518 1423 543 more,
1447 512 1589 539 censeatis
1599 513 1700 540 mentis
1726 515 1815 541 sensi-

1028 557 1091 589 bus,
1106 557 1256 584 liventibus
1270 557 1360 584 oculis
1374 557 1578 585 benefactorem
1597 559 1701 592 aspexit
1713 559 1745 586 ³⁹.
1761 559 1815 586 Ne-

1027 610 1082 637 que
1095 602 1191 629 dilexit
1218 602 1340 637 quidem,
1353 607 1382 630 at
1398 603 1514 630 naturali
1525 604 1658 631 duntaxat
1672 604 1774 632 amoris
1788 605 1815 632 vi

1028 648 1223 684 sanguinisque
1241 649 1447 676 necessitudine
1476 649 1514 676 illi
1541 649 1695 682 devinctus,
1713 649 1751 676 uti
1770 657 1815 676 co-

1028 699 1172 729 gnatorum
1188 702 1285 729 magna
1303 703 1377 729 pars.
1397 695 1509 722 salutari
1527 695 1579 722 lide
1599 695 1814 722 destituebatur.

1028 739 1122 773 Neque
1148 739 1228 774 ﬁrma
1252 739 1364 773 quidem
1386 747 1453 767 usus
1469 744 1511 766 est
1525 739 1595 772 lide;
1610 739 1683 774 quod
1694 747 1762 767 vero
1778 740 1813 767 ad

1029 790 1150 812 sanctam
1179 786 1356 813 dilectionem
1383 785 1491 816 attinet,
1514 786 1650 813 secundas
1675 793 1731 820 prae
1757 786 1814 812 ullo

1029 839 1125 858 eorum
1140 831 1215 863 tulit,
1228 831 1277 866 qui
1291 835 1349 858 tum
1365 831 1475 858 Christo
1493 831 1624 866 magistro
1644 832 1813 860 utebantur:

1029 877 1164 911 quinimo,
1181 877 1263 904 simul
1277 877 1304 903 in
1318 884 1352 904 eo
1368 877 1598 904 concurrentibus
1609 878 1744 912 corporali
1756 877 1814 904 alii-

1027 922 1124 955 nitate,
1136 922 1324 957 naturalisquc
1345 922 1460 950 atiectus
1475 922 1646 957 proclivitate
1675 923 1815 958 (amicitia:

1026 968 1132 995 scilicet
1146 968 1362 1003 necessitudine)
1378 976 1484 995 necnon
1507 969 1628 1003 Spiritus
1657 968 1810 1001 charitate;

1026 1013 1079 1041 ﬁde
1095 1014 1173 1044 item.
1190 1021 1272 1048 quam
1296 1021 1351 1041 non
1382 1015 1474 1042 minus
1489 1022 1596 1042 morum
1614 1015 1672 1050 ipsa
1697 1014 1814 1050 vittaque

1026 1060 1201 1088 necessitudo
1222 1061 1394 1091 conciliaret,
1407 1069 1488 1095 quam
1506 1061 1626 1096 ingentia
1644 1062 1688 1088 illa
1707 1066 1813 1096 patrata

1025 1105 1157 1132 miracula
1166 1105 1294 1141 (educato
1305 1106 1410 1134 scilicet
1422 1114 1483 1134 cum
1493 1107 1568 1138 Jesu,
1582 1107 1671 1142 utqui
1686 1107 1813 1135 eumdem

1026 1149 1127 1178 habere
1139 1156 1280 1185 parentem
1293 1151 1521 1187 exsistimaretur)
1538 1161 1545 1179 :
1566 1152 1619 1183 his,
1634 1152 1755 1187 inquam,
1770 1151 1814 1178 vir

1025 1195 1212 1229 beatissimus,
1228 1205 1364 1224 summam
1389 1198 1481 1224 statim
1504 1198 1607 1225 ineunt
1630 1197 1812 1225 necessitudi-

1025 1248 1098 1273 nem,
1117 1242 1175 1269 sit‘e
1182 1242 1526 1275 amicitiam,conseeutus,
1542 1243 1624 1270 simul
1632 1247 1714 1277 atque
1721 1243 1813 1270 Evan-

1024 1285 1125 1319 gelium
1143 1286 1218 1321 regni
1233 1286 1482 1322 prauiicaricmpit,
1508 1288 1565 1322 ipse
1588 1295 1698 1322 quoque
1725 1288 1813 1314 Evan-

1024 1330 1088 1364 gelii
1108 1330 1262 1370 discipulus
1285 1331 1428 1365 edicitur;
1452 1333 1682 1367 cognationisque
1711 1333 1750 1360 illi
1778 1341 1811 1360 ac

1025 1376 1169 1411 sanguinis
1197 1378 1394 1404 necessitudini
1424 1377 1518 1405 divino
1550 1385 1642 1405 amore
1671 1378 1811 1413 adjuncto.

1024 1422 1179 1457 puerilique
1208 1423 1323 1450 scientia
1354 1424 1499 1451 adinventa
1521 1432 1582 1459 qua;
1609 1425 1729 1459 perfecta
1751 1430 1810 1458 est;

1024 1468 1136 1502 legeque
1150 1468 1307 1504 paedagogo,
1325 1469 1359 1496 ad
1371 1469 1488 1504 Spiritus
1502 1470 1574 1497 facili
1587 1470 1697 1505 negotio
1716 1470 1802 1505 legem

1024 1518 1181 1547 provectus,
1197 1521 1229 1540 ac
1242 1514 1343 1541 mentis
1355 1515 1522 1542 rectitudine
1541 1515 1700 1550 magistrum
1729 1516 1809 1543 intel-

1026 1558 1123 1592 ligens,
1138 1565 1187 1593 per
1211 1566 1293 1590 quam
1316 1558 1416 1586 merito
1448 1559 1543 1593 prima:
1566 1559 1631 1587 Jesu
1657 1559 1808 1586 amicorum

1026 1603 1118 1635 classi,
1139 1612 1274 1639 sacroque
1303 1604 1463 1632 sublimium
1477 1605 1663 1640 apostolorum
1681 1605 1811 1633 duodena

1025 1650 1110 1677 choro
1120 1658 1234 1678 accense
1239 1655 1292 1678 tur.

1060 1775 1126 1804 Inde
1138 1777 1309 1804 occultorom
1331 1777 1380 1805 Dei
1404 1777 1595 1813 mysteriorum
1622 1778 1680 1813 ipse
1703 1778 1813 1806 auditor

1025 1828 1200 1858 operumque
1230 1823 1368 1858 inspector
1397 1823 1515 1851 etlicitur
1539 1833 1546 1851 ε
1571 1825 1695 1859 quinlmo
1721 1825 1813 1852 socius

1025 1867 1135 1902 quidem
1160 1876 1192 1895 ac
1212 1874 1314 1904 mystcs
1328 1877 1360 1896 ac
1387 1869 1546 1896 dciticarum
1573 1871 1811 1905 caeremoniarum,

1025 1913 1248 1948 diviniorumque
1282 1918 1406 1948 patrator
1442 1914 1639 1942 miraculorum
1674 1916 1809 1944 redditur.

1025 1958 1123 1986 Omnia
1132 1959 1206 1986 enim
1218 1967 1278 1994 qua:
1289 1960 1370 1987 Pater
1379 1960 1518 1994 Unigeniti
1536 1968 1650 1987 munere
1678 1961 1811 1995 operaba-

1026 2009 1081 2036 tur,
1099 2004 1157 2031 haec
1171 2004 1217 2032 ille
1230 2012 1326 2032 rursus
1339 2006 1451 2033 mittens
1465 2005 1611 2033 duodecim
1624 2006 1658 2033 ad
1676 2014 1741 2033 oves
1751 2015 1813 2041 qua:

1026 2051 1164 2086 perierant
1189 2051 1288 2078 domus
1308 2051 1428 2082 lsraclis,
1453 2055 1535 2086 alque
1552 2051 1586 2078 ad
1607 2059 1734 2087 magnum
1746 2047 1812 2087 gen-
1847 2072 1851 2076 .

1027 2097 1094 2124 tium
1105 2097 1286 2132 apostolatum
1299 2097 1374 2124 velut
1387 2095 1542 2124 rudimento
1550 2104 1691 2131 exercens,
1703 2097 1812 2132 illisque

1026 2152 1121 2172 comes
1149 2144 1247 2178 spiritu
1275 2143 1390 2173 vadens.
1416 2143 1511 2171 itidem
1537 2143 1713 2177 operabatur.
1742 2143 1811 2171 Cum

1026 2190 1128 2225 quibus
1145 2193 1173 2216 tu
1188 2196 1308 2223 quoque,
1326 2187 1493 2220 beatissime,
1521 2188 1631 2220 missus,
1643 2189 1719 2215 velut
1740 2188 1808 2215 nihil

986 2244 1013 2274 D
1026 2236 1081 2262 illis
1096 2233 1251 2262 sanctitatis
1265 2233 1364 2269 spiritu
1380 2233 1512 2266 deterior,
1525 2238 1623 2261 nactus
1636 2238 1810 2269 potestatem,

1025 2281 1163 2307 dzemones
1177 2279 1318 2315 ejiciebas,
1329 2286 1399 2313 quos
1408 2278 1494 2305 instar
1507 2279 1576 2313 ignis
1586 2279 1626 2305 vis
1642 2279 1735 2314 gratiae
1746 2282 1772 2306 in
1786 2284 1812 2307 te

1025 2323 1119 2351 ellicax
1132 2323 1291 2350 incenderet
1311 2327 1393 2357 atque
1408 2323 1533 2358 fugaret;
1553 2323 1678 2357 leprosos
1697 2323 1812 2350 munda-

1025 2369 1086 2400 bas,
1103 2369 1161 2396 solo
1175 2376 1302 2395 sermone
1314 2376 1347 2395 ac
1373 2368 1510 2395 mittentis
1540 2368 1666 2396 invocato
1699 2369 1811 2397 nomine

1025 2414 1129 2449 lcpram
1140 2414 1310 2449 proﬂigans;
1335 2418 1458 2441 mortuos
1486 2414 1606 2449 denique
1633 2414 1692 2442 solo
1714 2422 1812 2443 manus

1027 2465 1100 2487 tactu
1117 2464 1198 2494 atque
1223 2460 1352 2494 precibus
1374 2453 1526 2492 suscitans,
1546 2461 1623 2488 caesis
1637 2460 1725 2488 visum
1751 2461 1813 2488 rcd-

1025 2505 1103 2538 dens,
1116 2505 1231 2533 claudos
1246 2506 1366 2541 erigens,
1382 2513 1546 2540 omnemque
1563 2507 1688 2534 morbum
1706 2514 1738 2536 ac
1750 2515 1813 2534 cor-

1025 2551 1099 2585 poris
1112 2542 1303 2586 aegritudinem
1315 2558 1425 2584 sanans,
1437 2555 1523 2578 totum
1540 2552 1568 2579 in
1587 2557 1612 2579 te
1624 2554 1687 2579 vita:
1700 2559 1812 2581 manere

1023 2603 1178 2623 sermonem
1189 2596 1322 2624 mirandis
1335 2597 1466 2631 operibus
1479 2597 1653 2625 ostendebas.

1060 2751 1181 2778 Primum
1195 2751 1268 2780 hunc
1281 2752 1402 2788 Spiritus
1416 2754 1598 2782 arrhabonem
1610 2760 1643 2780 ac
1656 2751 1749 2787 gratia:
1759 2750 1810 2778 dc-

1025 2796 1196 2830 libationem,
1221 2798 1388 2834 cjusccmodi
1429 2801 1570 2836 signorum
1608 2796 1809 2826 exhibitionem

225 2885 374 2914 nMaiach.
386 2885 470 2919 “7,2;
487 2885 569 2914 Hebr.
587 2893 606 2917 ι,
620 2885 653 2917 3;
670 2884 764 2912 Matth.
786 2893 827 2919 In,
842 2885 890 2919 l7;
908 2885 973 2913 Luc.
992 2894 1032 2920 Ill,
1046 2889 1090 2917 22.
