2078 3154
248 176 303 208 263

855 167 1002 200 NICET/E
1021 164 1285 196 PAPHLAGONIS

1833 157 1888 188 $.64

249 239 368 265 nactus;
397 235 492 266 postea
511 237 578 258 vero
605 229 709 257 Christi
735 227 934 263 improperium
963 225 1042 254 sust}

1098 224 1177 256 δειξιν
1192 222 1312 258 εἰληφώς
1323 230 1331 238 ·
1353 221 1423 258 μετὰ
1435 220 1524 248 ταῦτα
1538 219 1568 247 δὲ
1581 219 1628 246 τὸν
1650 217 1803 252 ὀνειδισμὸν
1827 217 1889 243 ὑπο.

246 286 326 312 nens,
342 286 374 305 ac
391 285 455 305 eum
472 285 506 305 eo
526 277 573 312 qui
587 279 715 311 ageretur
733 275 762 302 in
784 280 894 301 crucem
908 271 1041 307 quodam-

246 325 330 361 modo
341 325 417 352 cruci
432 323 538 355 allixus,
558 321 774 356 vitatissimaque
798 319 959 354 defungenti
976 325 1040 354 pas-

246 372 325 400 sione
354 370 511 398 miserantis
540 369 632 396 animo
646 374 817 402 compassus,
831 370 933 394 etcum
946 373 1041 392 resur-

248 422 328 454 gente
341 416 556 447 consuscitatus,
576 415 664 450 majus
681 413 888 448 perfectiusque
900 412 1041 447 spiraculo

248 463 367 491 aﬁ'usum
383 462 503 497 Spiritus
515 461 617 488 donum
628 463 796 488 consecutus
812 467 852 486 es.

285 509 381 537 Postea
411 515 478 535 vero
494 515 509 534 e
524 512 598 534 terra
612 506 752 534 sublatum
783 506 903 540 ccelique
931 504 1042 540 apsides

250 558 371 585 nactum.
382 559 465 588 atque
477 553 510 580 ad
525 553 667 581 caelestem
685 553 794 580 Patrem
810 559 873 580 cum
900 551 986 587 gloria
1001 558 1044 578 as-

249 605 390 634 sumptum
403 599 489 626 ﬁlium
503 599 645 626 contuitus
664 607 704 626 es.
721 599 791 626 Tum
809 598 925 629 :veraeis
944 605 1042 632 exspe-

249 650 322 672 ctata
363 645 570 680 promissione,
609 645 761 680 perfectum
801 645 921 680 Spiritus
949 644 1040 671 atllatu

248 690 352 717 donum
364 690 392 717 in
404 691 548 718 caenaculo
561 698 624 718 cum
643 691 772 718 undecim
796 691 906 722 sedens.
931 691 991 725 ejus
1007 690 1042 717 il-

249 736 327 770 lapsu
343 736 489 771 suscepisti
506 737 593 770 (velut
617 737 749 764 nimirum
768 737 868 764 throno
883 736 976 772 gloriae
991 736 1043 764 ele-

253 785 319 808 vato
333 786 416 816 atque
430 782 550 813 excelso,
572 787 621 809 aut
637 782 729 809 divina
752 783 835 817 regia,
856 785 905 809 aut
929 782 1043 817 mystico

250 825 344 860 adyto.
355 825 398 852 vel
410 830 506 852 sancto
519 830 691 859 sanctorum,
721 826 791 853 lucis
817 826 970 860 fulgoribus
992 825 1044 852 mi-

250 876 331 898 cante
343 879 392 898 seu
408 871 525 899 deformi
550 876 704 907 praeparato
737 872 841 903 animo,
856 872 896 899 sic
915 875 1042 907 prompte

251 917 285 944 ad
296 921 323 944 ω
339 917 496 944 venientem
507 917 711 945 divinissimum
723 917 946 951 Paracletum“),
960 921 1043 951 atque

251 963 313 996 ejus
323 961 437 997 quidem
456 962 609 997 praesentia:
622 962 780 990 vehementi
800 963 893 990 sonitu
905 963 1043 990 contentis

253 1008 356 1039 nervis,
376 1008 537 1042 caelestique
556 1007 656 1035 virtute
689 1009 821 1043 repletus,
842 1012 926 1043 atque
956 1008 1044 1043 igneis

252 1054 354 1089 iinguis
378 1058 511 1090 purgatus
538 1059 567 1081 et
593 1054 728 1089 sapientia
750 1059 861 1087 auctus,
888 1054 1044 1089 plenusque

253 1098 376 1127 veritatis
390 1103 419 1127 et
436 1099 531 1134 gratiae
546 1098 675 1132 ell‘ectus,
684 1099 725 1127 sic
751 1103 781 1126 tu
807 1106 920 1134 quoque
935 1098 969 1126 ad
996 1098 1045 1126 de-

253 1144 386 1172 stinatam
403 1143 453 1171 tibi
467 1143 618 1179 apostolici
640 1143 766 1172 muneris
791 1148 896 1172 sortem
922 1143 1046 1172 cucurri-

254 1191 289 1219 sti
308 1191 336 1218 in
347 1190 394 1218 siti
405 1191 440 1218 ".

288 1235 454 1269 Cucurristi,
468 1241 500 1264 ut
513 1235 578 1264 boni
589 1239 732 1264 consortes
748 1243 922 1268 assumeres;
939 1240 970 1262 ut
984 1242 1045 1263 sca-

255 1283 375 1310 turiente
386 1282 414 1310 in
431 1286 459 1310 te
473 1282 571 1318 gratia,
584 1281 632 1317 qui
645 1282 719 1309 illius
731 1286 859 1317 expertes
873 1286 977 1314 essent,
990 1281 1048 1308 sin-

254 1327 343 1363 gulari
366 1327 536 1354 humanitate
550 1334 584 1354 ac
593 1325 763 1361 benignitate
788 1325 954 1360 impartires.
970 1324 1047 1351 Sicut

254 1373 328 1400 enim
345 1373 469 1407 pluviosa
485 1372 573 1400 nubes
588 1372 667 1407 aquis
682 1371 818 1404 conferta,
834 1379 886 1399 nec
901 1370 949 1398 diu
964 1377 1046 1406 grave

255 1419 364 1454 pondus
374 1418 512 1446 sustinere
520 1418 624 1451 valens,
635 1422 773 1453 ventoque
783 1416 1048 1451 coarctantejactata

255 1470 337 1500 atque
349 1471 516 1499 compressa,
526 1463 703 1492 versantibus
717 1463 745 1490 in
757 1467 829 1490 terra
844 1462 960 1489 imbrem
971 1469 1049 1495 spar-

255 1510 371 1546 gitzsic
381 1514 411 1538 et
436 1517 551 1545 magnus
580 1509 722 1544 apostolus
750 1508 845 1540 Judas,
873 1507 978 1535 emicsti
1003 1507 1049 1534 illa

257 1556 378 1591 Spiritus
391 1556 476 1588 unda.
491 1555 658 1590 ﬂuentisque
673 1553 845 1590 spiritalibus
857 1552 957 1580 eximie
971 1557 1049 1588 pota-

258 1607 303 1629 tus
316 1605 399 1636 atque
413 1601 518 1634 ebrius,
531 1601 673 1629 fretantem
697 1599 802 1627 diutius
817 1598 941 1626 animum
956 1603 1050 1626 tenere

259 1647 401 1682 nequibat.

293 1754 395 1782 Verum
417 1757 525 1782 terrena
535 1753 628 1781 statim
645 1753 797 1782 Jerusalem
823 1760 950 1788 egressus
967 1752 1049 1780 coale-

258 1800 309 1827 stis
325 1799 416 1827 Sionis
439 1807 522 1827 causa
546 1808 579 1827 ac
600 1804 657 1827 'um
681 1799 716 1826 ad
738 1799 903 1834 Aquilonem
932 1803 989 1826 tum
1015 1798 1050 1826 ad

258 1845 410 1878 Orientem,
428 1851 525 1881 agente
550 1853 613 1873 eum
628 1846 743 1873 Domino
768 1845 884 1880 Spiritu,
896 1849 990 1880 raptus
1005 1845 1027 1860 ³³
1042 1853 1050 1878 ;

260 1896 370 1926 totaque
395 1891 473 1927 Syria
497 1897 524 1920 et
544 1891 740 1927 Mesopotamia
762 1896 901 1926 superata,
915 1890 1051 1918 sermonis

258 1937 398 1964 doctrinas
410 1937 493 1964 vitam
511 1936 666 1972 praebentes
679 1942 762 1971 atque
777 1935 930 1971 gignentes,
948 1933 1049 1961 influit.

258 1982 315 2011 Nec
329 1991 395 2010 vero
419 1987 548 2018 tanquam
575 1982 673 2015 stillas,
697 1986 745 2009 aut
763 1985 855 2017 guttas
867 1980 949 2012 roris,
965 1984 996 2007 ut
1011 1979 1052 2007 sic

258 2029 359 2060 dicam,
383 2028 523 2056 caelestem
545 2027 636 2056 inﬂuit
655 2027 771 2055 imbrem
787 2035 795 2054 :
823 2026 870 2054 sed
886 2026 962 2061 largo
976 2025 1050 2053 velut

258 2073 389 2106 flumine,
422 2077 551 2108 tanquam
587 2080 683 2101 revera
710 2072 811 2100 ﬂumen
840 2071 888 2099 Dei
914 2071 1050 2107 repletum

258 2119 338 2155 aquis
348 2118 371 2134 "
381 2127 389 2152 ;
400 2118 502 2146 divinis
513 2119 625 2154 quidem
641 2118 817 2146 sermonibus
833 2117 955 2153 gentium
969 2124 1052 2144 aures

258 2165 288 2191 in
313 2168 456 2199 stuporem
481 2171 578 2199 agens,
607 2162 777 2190 admirandis
798 2166 889 2189 autem
920 2161 1052 2196 operibus

259 2209 356 2237 oculos
383 2209 565 2236 admiratione
580 2208 752 2243 percellens;
768 2216 800 2235 ac
817 2215 975 2235 sermonum
990 2207 1052 2242 qui-

258 2256 321 2283 dem
333 2256 448 2282 veritate
466 2262 580 2290 operum
591 2253 801 2289 magnificentia:
811 2253 892 2281 ﬁdem
905 2257 1048 2284 astruens:
1067 2262 1088 2289 ι)

259 2308 373 2335 operum
392 2308 457 2328 vero
468 2300 602 2332 claritate,
615 2307 776 2327 sermonum
795 2298 962 2326 conﬁrmans
981 2297 1054 2325 veri-

261 2350 344 2373 tatem
358 2354 365 2372 :
378 2349 426 2373 aut
437 2345 530 2374 verbis
539 2345 662 2380 quidem,
675 2345 799 2373 veritatis
816 2345 906 2372 vivam
918 2343 1054 2371 divinam-

259 2399 314 2426 que
334 2391 532 2426 praestantiam,
546 2391 678 2418 inauditis
694 2398 760 2418 vero
778 2389 919 2425 operibus,
936 2396 1051 2424 operum

259 2440 357 2463 natura
367 2437 540 2471 superiorum
556 2437 717 2472 dignitatem
729 2436 829 2463 animis
843 2434 1050 2467 commendans,

259 2483 404 2516 utriusque
428 2482 568 2517 Evangelii
600 2482 758 2514 veritatem,
787 2480 977 2516 dignissimam
1006 2479 1052 2507 cui

259 2526 327 2554 ﬁdes
340 2527 530 2560 adhiberetur,
542 2526 671 2562 gentibus
688 2526 823 2558 tradebat,
837 2533 870 2553 ac
885 2532 976 2552 rerum
988 2524 1052 2559 qui-

258 2573 321 2600 dem
337 2577 445 2606 natura,
474 2572 508 2600 ad
538 2580 635 2600 eorum
663 2579 724 2607 quae
751 2577 880 2599 naturatn
909 2573 1051 2605 superant,

258 2618 426 2654 agnitionem
447 2618 584 2653 ﬁdemque
614 2617 782 2645 suadendam
798 2624 876 2649 usus,
905 2622 1054 2649 rerumque

259 2664 296 2691 ob
311 2663 406 2691 oculos
430 2664 582 2698 positarum
608 2662 753 2698 exemplis,
778 2661 812 2689 ad
833 2660 881 2688 Dei
901 2660 947 2695 qui
978 2662 1054 2690 cerni

257 2709 344 2737 oculis
359 2717 414 2737 non
429 2714 529 2744 potest,
558 2708 768 2744 intelligentiam
785 2715 868 2734 manu
888 2707 1002 2737 ducens,
1022 2713 1054 2733 ac

257 2756 390 2791 seipsum,
405 2755 438 2783 ad
461 2756 521 2791 ejus
539 2755 587 2791 qui
613 2754 826 2790 praedicabatur,
841 2751 944 2780 Christi
970 2751 1051 2778 ﬁdem

258 2802 434 2830 simulacrum
444 2801 582 2837 quoddam
597 2808 766 2836 proponens,
779 2800 819 2827 sic
833 2797 965 2834 paulatim
975 2795 1051 2824 omni

1094 270 1166 305 σχὼν
1175 269 1224 296 τοῦ
1236 267 1369 304 Χριστοῦ,
1384 268 1432 295 καί
1457 266 1519 294 τινά
1529 267 1553 293 οί
1567 265 1669 299 τρόπον
1691 263 1890 299 σταυρουμένψ

1093 315 1296 351 συσταυρωθείς
1319 322 1328 331 ο
1364 314 1411 342 καὶ
1442 313 1473 340 τὺ
1501 311 1734 348 ζωαρχικώτατον
1769 310 1891 344 πασχόν-

1092 370 1119 388 τι
1160 361 1247 392 πάυος
1285 356 1486 394 συμπεπονθὼς
1513 365 1520 373 ·
1548 357 1597 384 καὶ
1622 354 1797 390 ἀνισταμένῳ
1829 363 1891 381 συν-

1092 406 1225 440 αναστάς,
1239 406 1292 441 τῆς
1312 405 1439 442 μείζονος
1453 405 1501 432 καὶ
1515 403 1687 438 τελεωτέρας
1700 401 1749 429 τοῦ
1763 401 1890 437 Ενεύμα‹

1093 463 1137 486 τος
1151 454 1191 490 τῷ
1204 453 1384 489 ὲμφυσήματι
1395 451 1549 486 -ιετύχηκας
1560 450 1675 484 δωρεᾶς.

1126 501 1204 528 Μετά
1214 499 1302 527 ταῦτα
1314 499 1354 532 δὲ,
1371 499 1421 534 τῆς
1437 497 1490 533 γῆς
1503 497 1554 533 μὲν
1570 495 1766 531 ἐπαιρόμενον,
1777 493 1826 521 τοῦ
1843 493 1890 520 οὒ-

1095 545 1177 581 ρανοῦ
1196 545 1225 572 δὲ
1250 544 1305 571 τῶν
1318 543 1422 579 ἀψίδων
1446 541 1715 576 ἐπιλαμϐανόμενον,
1742 541 1792 566 καὶ
1817 539 1888 575 πρὸς

1093 593 1140 620 τὸν
1155 592 1282 628 οὐράνιον
1299 590 1412 625 Πατέρα
1422 589 1468 617 τὸν
1475 589 1540 616 Υίδν
1553 587 1623 623 μετὰ
1638 587 1718 622 δόξης
1731 586 1890 621 ἀναλαμϐα-

1094 636 1378 673 νὸμενοντεθεαμένος
1388 643 1396 651 ·
1413 633 1483 667 εἶτα,
1497 634 1548 668 τὴν
1561 632 1726 667 ἐπαγγελίαν
1738 631 1787 659 τοῦ
1804 631 1890 666 ἀψευ-

1093 685 1157 717 δοῦς
1187 683 1382 719 ἐκδεδεγμένος
1399 702 1408 714 ,
1440 682 1491 716 τὴν
1523 679 1632 707 τελείαν
1655 679 1704 706 τοῦ
1729 678 1890 714 Πνεῦματος

1095 731 1249 767 ἐνέργειαν,
1264 731 1294 757 ὲν
1309 729 1427 765 ύπερὼῳ
1443 731 1499 761 τοῖς
1525 730 1624 757 ἕνδεκα
1640 726 1887 762 συγκαθεζόμενος,

1094 777 1241 812 οὐρανόθεν
1254 775 1446 812 ὲςςαλλομὲνην
1471 775 1595 807 ὑπεδέξω
1612 782 1620 790 ·
1646 770 1690 801 οἷα
1717 773 1773 808 γὰρ
1796 772 1890 808 θρόνον

1094 823 1173 858 δόξης
1188 822 1345 858 ἐπηρμένον
1369 822 1418 849 καὶ
1445 821 1575 856 ὑψηλδνῆ
1600 820 1672 847 θεῖον
1697 817 1889 854 ἀνάκτορον,ἢ

1097 868 1229 904 μυστικὸν
1244 869 1351 900 ἄδυτον,
1367 867 1384 903 ἢ
1401 867 1478 901 ἆγιον
1497 866 1595 900 ἁγίων,
1606 866 1657 900 τὴν
1672 864 1806 899 φωτοειδὴ
1821 872 1890 899 καρ-

1061 906 1082 933 Β
1094 916 1165 948 δίαν,
1180 916 1241 951 ἦτοι
1254 914 1344 950 θοειδῆ
1357 922 1448 949 προπα
1454 911 1707 948 ρασκευασάμενος,
1719 910 1808 941 οὕτως
1821 909 1891 936 ἑτοί-

1097 971 1155 997 μως
1173 962 1247 989 ἰόντα
1266 960 1341 996 παρὰ
1357 960 1386 986 σὲ
1401 959 1446 986 τὸν
1460 957 1684 993 θεαρχικώτατον
1710 955 1891 991 Παράκλητον

1095 1009 1143 1036 καὶ
1159 1009 1193 1044 τῇ
1209 1008 1258 1043 μὲν
1266 1007 1342 1042 βιαίᾳ
1356 1005 1454 1032 τούτου
1466 1004 1515 1040 τῆς
1528 1004 1680 1039 παρουσίας
1688 1003 1742 1038 ἠχῇ
1751 1002 1889 1033 τονωθεὶς,

1093 1055 1290 1089 ταϊςπυρίναις
1304 1052 1332 1079 δὲ
1359 1051 1496 1086 γλώσσαις
1521 1048 1671 1085 καθαρθείς
1683 1057 1715 1075 τε
1740 1047 1789 1076 καὶ
1813 1055 1891 1082 σοφι-

1097 1100 1182 1133 σοεὶς,
1206 1099 1254 1126 καὶ
1280 1098 1387 1133 πλήρης
1415 1095 1546 1131 ἀληθείας
1559 1094 1606 1122 καὶ
1620 1094 1732 1130 χάριτος
1758 1092 1890 1128 γεγονὼς,

1096 1145 1169 1172 οὕτω
1183 1144 1231 1172 καὶ
1241 1143 1323 1175 αὐτὸς
1336 1142 1406 1178 πρὸς
1415 1141 1462 1168 τὴν
1473 1140 1667 1177 ἀφωρισμένον
1680 1147 1721 1166 σοι
1732 1139 1834 1174 κλῆρον
1842 1138 1892 1173 τῆς

1096 1191 1249 1226 ἀποστολῆς
1264 1190 1382 1226 ἔδραμες
1397 1190 1427 1216 ὲν
1434 1188 1518 1224 δίψει.

1134 1237 1283 1272 Ἐδραμες,
1294 1235 1365 1262 ὥστε
1375 1233 1423 1261 τοῦ
1434 1233 1540 1268 ἀγαθοῦ
1550 1232 1722 1269 παραλαϐεῖν
1733 1232 1890 1264 κοινωνούς·

1097 1283 1168 1310 ὥστε
1183 1283 1240 1314 τοϊς
1255 1281 1381 1316 ἀμοίροις
1395 1280 1445 1316 τῆς
1464 1281 1494 1307 ἐν
1521 1279 1562 1306 σοὶ
1583 1278 1763 1314 πηγαζούσης
1781 1279 1892 1314 χάριτος

1098 1328 1236 1364 ὑπερϐολῇ
1247 1326 1410 1363 μεταδοῦναι
1419 1324 1625 1360 φιλανθρωπίας
1635 1326 1682 1351 καὶ
1695 1323 1891 1359 χρηστότητος.

1099 1375 1233 1409 Καθάπερ
1243 1373 1299 1408 γὰρ
1311 1371 1481 1408 δμϐροτόκος
1497 1370 1599 1405 νεφέλη
1613 1369 1662 1397 τοῦ
1688 1368 1785 1402 ὕδατος
1811 1378 1894 1405 μεμε-

1099 1418 1237 1454 στωμένη,
1252 1417 1300 1444 καὶ
1315 1416 1346 1443 τὺ
1362 1416 1445 1452 βάρος
1461 1415 1597 1450 διανέχειν
1612 1414 1659 1441 ἐπὶ
1678 1415 1746 1441 πολὺ
1763 1414 1802 1450 μὴ
1812 1414 1893 1441 δυνα-

1101 1464 1181 1500 μένη,
1199 1463 1239 1499 τῷ
1255 1463 1397 1498 συνέχοντι
1421 1462 1450 1489 δὲ
1463 1460 1600 1496 πνεύματι
1616 1459 1754 1496 φερομένη
1771 1461 1818 1486 καὶ
1831 1468 1893 1487 συν-

1100 1508 1259 1545 θλιϐομένη,
1290 1509 1337 1535 τὸν
1362 1506 1440 1534 ὑετὸν
1453 1505 1603 1538 ἀποστάζει
1627 1506 1685 1537 τοῖς
1701 1505 1749 1532 ἐπὶ
1763 1505 1814 1540 τῆς
1825 1507 1892 1540 γῆς’

1101 1554 1173 1581 οὕτω
1197 1555 1245 1582 καὶ
1259 1555 1274 1581 ό
1290 1553 1378 1589 μέγας
1393 1553 1542 1585 ἀπόστολος
1560 1552 1672 1585 Ἰούδας,
1689 1552 1740 1588 ⁴τῆς
1764 1552 1894 1588 οὐρανίας

1101 1602 1209 1637 ἐκείνης
1226 1601 1396 1636 πλημμύρας
1409 1599 1457 1627 τοῦ
1468 1598 1636 1634 Πνεύματος,
1653 1599 1700 1626 καὶ
1723 1599 1777 1625 τῶν
1792 1598 1894 1634 νοητῶν

1103 1647 1220 1683 ῥείθρων
1240 1647 1388 1682 ὑπερφυῶς
1415 1644 1573 1681 μεθυσθεὶς,
1592 1645 1642 1680 οὐχ
1667 1641 1722 1677 οἷός
1739 1653 1768 1672 τε
1792 1642 1827 1680 ἦν
1847 1646 1893 1672 ἐπὶ

1102 1694 1195 1721 πλεῖον
1208 1693 1414 1729 ἔγκυμονοῦσαν
1429 1692 1478 1728 τὴν
1490 1692 1610 1720 διάνοιαν
1621 1692 1781 1727 κατασχεῖν.

1143 1739 1224 1767 ’Δλλά
1241 1740 1291 1774 τὴν
1317 1739 1438 1773 ἐπίγειον
1471 1738 1552 1770 εὐθὺς
1583 1738 1762 1773 Ἰερουσαλὴμ
1783 1737 1827 1764 διὰ
1844 1737 1895 1772 τὴν

1100 1786 1225 1822 οὐράνιον
1235 1785 1304 1812 Σιὼν
1318 1784 1445 1818 ἐξελθὼν,
1462 1785 1510 1811 καὶ
1527 1784 1596 1820 πρὸς
1612 1784 1718 1818 Βορρᾶν
1730 1792 1760 1809 τε
1776 1783 1823 1809 καὶ
1837 1783 1894 1809 Ἕω

1100 1831 1145 1858 διὰ
1162 1831 1209 1858 τοῦ
1221 1831 1336 1865 ἄγοντος
1350 1830 1432 1857 αὐτὸν
1441 1829 1544 1865 Κυρίου
1559 1829 1710 1863 φερόμενος
1725 1828 1893 1863 Πνεύματος·

1101 1877 1151 1904 καὶ
1167 1877 1259 1904 πᾶσαν
1284 1875 1385 1910 Συρίαν
1404 1876 1450 1902 καὶ
1470 1876 1517 1910 τὴν
1545 1875 1762 1909 Μεσοποταμίαν
1787 1874 1894 1906 διαὸἀς.

1101 1923 1208 1950 επινάει
1221 1922 1270 1957 μὲν
1294 1922 1388 1953 αὐτοῖς
1404 1921 1455 1953 τὰς
1478 1920 1670 1956 ζωοπαρόχους
1689 1920 1738 1947 τοῦ
1752 1920 1832 1954 λόγου
1848 1921 1895 1947 καὶ

1102 1968 1254 2002 ζωογόνους
1277 1967 1406 2002 διδαχάς·
1423 1967 1453 1994 οὺ
1477 1966 1549 1994 κατά
1569 1966 1690 2001 ψεκάδας
1710 1966 1739 1992 δὴ
1757 1966 1806 1993 καὶ
1818 1966 1896 2001 δροσ-

1101 2014 1190 2047 ώδεις,
1201 2014 1239 2046 ὡς
1253 2014 1352 2046 εἰπεῖν,
1369 2014 1516 2047 σταγόνας,
1527 2013 1574 2040 τὸν
1583 2013 1710 2048 οὐράνιον
1723 2012 1827 2047 δμσρον
1839 2012 1874 2037 επ
1885 2027 1897 2035 -

1101 2061 1172 2093 νάει,
1186 2059 1343 2095 ποταμηδόν
1357 2059 1396 2092 δὲ,
1415 2059 1453 2090 ὡς
1466 2058 1506 2094 τῷ
1524 2058 1581 2085 δντι
1597 2057 1718 2093 ποταμὸς
1741 2056 1779 2084 ὣν
1791 2057 1896 2085 ὑδάτων

1101 2106 1169 2134 Θεοῦ
1200 2105 1434 2142 πεπληρωμένος·
1466 2104 1554 2139 λόγοις
1583 2104 1633 2139 μὲν
1659 2103 1742 2135 θείοις
1768 2104 1818 2135 τὰς
1841 2102 1896 2129 τῶν

1102 2153 1188 2180 ἐθνῶν
1200 2152 1285 2183 ἀκοὰς
1298 2151 1423 2185 ὲξιστῶν,
1436 2151 1526 2186 ἔργοις
1541 2150 1569 2176 δὲ
1585 2148 1747 2184 θαυμασίοις
1764 2148 1813 2179 τὰς
1829 2148 1896 2183 δρά-

1103 2207 1161 2231 σεις
1175 2198 1336 2234 ἐκπλήττων
1351 2198 1399 2224 καὶ
1424 2195 1589 2232 ἔκθαμϐὦν·
1605 2196 1653 2222 καὶ
1665 2196 1700 2231 τῇ
1715 2193 1830 2230 ἀληθείᾳ
1846 2193 1897 2229 μὲν

1101 2244 1157 2271 τῶν
1171 2244 1259 2278 λόγων
1278 2243 1327 2279 τὴν
1343 2243 1398 2270 τῶν
1417 2241 1506 2277 ἔργων
1526 2241 1725 2277 μεγαλειότητα
1747 2239 1899 2273 πιστούμε-

1102 2299 1158 2322 νος,
1179 2292 1213 2325 τῇ
1230 2290 1403 2325 λαμπρότητι
1413 2289 1441 2315 δὲ
1456 2288 1511 2315 τῶν
1531 2288 1619 2323 ἔργων
1634 2287 1665 2314 τδ
1684 2286 1830 2322 ιίλικρινὶς
1843 2285 1897 2311 τῶν

1102 2337 1189 2371 λόγων
1205 2335 1399 2371 βεὸαιοὺμενος
1409 2342 1416 2349 ⁸
1434 2334 1451 2370 ἢ
1467 2334 1556 2368 λόγοις
1576 2333 1626 2367 μὲν
1642 2332 1673 2359 τὸ
1695 2332 1743 2358 τοῦ
1756 2331 1836 2365 λόγου
1849 2330 1897 2365 τῆς

1102 2382 1231 2418 ἀληθείας
1249 2381 1436 2417 καινοπρεπὲς
1452 2381 1500 2407 καὶ
1519 2379 1682 2414 θεοπρεπὲς,
1696 2377 1788 2414 ἔργοις
1800 2377 1829 2403 δὲ
1844 2385 1899 2402 πα-

1104 2428 1222 2464 ραδόξοις
1249 2427 1285 2454 τὰ
1307 2427 1362 2453 τῶν
1389 2426 1477 2461 ἔργων
1504 2424 1633 2460 ὑπερφυῆ
1656 2423 1846 2459 πληροφορῶν,
1863 2421 1897 2448 δι’

1104 2473 1268 2510 ἀμφοτέρων
1285 2473 1335 2507 τὴν
1350 2472 1480 2507 ἀλήθειαν
1492 2470 1540 2498 τοῦ
1554 2469 1722 2504 Εὐαγγιλίου
1734 2470 1791 2499 τοῖς
1806 2468 1897 2494 ἔθνεσι

1105 2520 1273 2554 πιστοτάτην
1290 2518 1433 2553 παρεδίδου
1444 2525 1451 2532 ·
1464 2517 1513 2544 καὶ
1525 2517 1559 2552 τῇ
1576 2516 1657 2550 φύσει
1676 2515 1726 2550 μὲν
1740 2514 1796 2540 τῶν
1814 2513 1899 2540 δντων

1107 2565 1177 2601 πρὸς
1195 2564 1244 2600 τὴν
1261 2564 1315 2591 τῶν
1329 2563 1399 2599 ὑπὲρ
1415 2562 1495 2597 φύσιν
1507 2562 1608 2596 γνῶσιν
1623 2561 1670 2587 καὶ
1685 2560 1778 2587 πίστιν
1787 2559 1900 2595 χρώμε-

1108 2621 1151 2643 νος
1167 2609 1268 2646 ὁδηγῷ,
1283 2609 1331 2637 καὶ
1351 2609 1381 2636 ὲν
1395 2608 1576 2642 ὑποδείγμασι
1589 2608 1647 2639 τοϊς
1660 2606 1811 2641 ὁρωμένοις
1830 2604 1899 2640 πρὸς

1108 2657 1158 2693 τὴν
1168 2656 1216 2684 τοῦ
1230 2656 1346 2691 ἀοράτου
1361 2654 1429 2681 Θεοῦ
1451 2653 1616 2688 κατανόησιν
1641 2650 1836 2687 χειραγωγῶν·
1858 2649 1898 2676 εί-

1107 2703 1173 2731 κόνα
1193 2702 1222 2729 δὲ
1239 2701 1335 2728 ἑαυτὸν
1350 2700 1418 2735 πρὸς
1433 2699 1483 2734 τὴν
1500 2698 1548 2725 τοῦ
1575 2696 1781 2733 κηρυττομένου
1806 2695 1899 2721 πίστιν

1107 2748 1325 2784 προϐαλλόμενος
1343 2745 1474 2781 Χριστοῦ,
1485 2744 1557 2771 οὕτω
1571 2744 1643 2771 κατὰ
1660 2742 1758 2778 μικρὸν
1772 2741 1840 2775 πρὸς
1849 2739 1900 2774 τὴν

1104 2794 1154 2829 τῆς
1164 2792 1293 2828 ἀληθείας
1303 2791 1452 2826 ἐπίγνωσιν
1462 2789 1524 2824 τοὺς
1531 2789 1712 2824 ἀναισθήτους
1723 2785 1786 2823 inm
1797 2785 1899 2814 πείθων

283 2891 304 2908 ⁸¹
321 2892 373 2919 lsa.
386 2900 424 2922 vn.
438 2893 463 2920 l.
502 2893 524 2909 ¹¹
539 2891 610 2920 Psal.
625 2898 677 2921 Lm.
691 2890 717 2917 5.
756 2889 778 2906 "
798 2888 819 2916 ll
834 2888 899 2915 Cor.
916 2895 955 2919 In,
973 2887 1015 2914 l7.

1098 2884 1169 2913 Psal.
1188 2890 1259 2917 μιν,
1274 2881 1319 2909 l0.
