2078 3154
265 147 317 182 267

857 140 1004 171 NlCE'F/E
1033 137 1298 169 PAPHLAGONIS

1836 134 1890 166 268

265 203 516 238 magniﬁcus,eum
541 202 567 229 in
584 201 695 228 modum
707 200 854 228 Dominum
881 199 974 227 Jcsum
999 206 1048 226 ma-

1106 196 1208 231 Κύριον
1228 195 1343 231 Ἰησοῦν,
1371 194 1458 226 οὕτως
1478 193 1508 220 τὸ
1524 193 1690 227 Εἰαγγέλιον
1712 191 1893 230 ὲπληροφῦρει

264 249 409 284 gniﬁcabat
420 258 427 283 ;
439 249 479 277 sic
495 249 596 277 Christi
607 247 755 282 Evangelio
765 246 844 274 ﬁdem
857 251 960 274 certam
971 252 1048 272 arro-

264 295 354 330 gabat.

300 341 345 369 Sic
361 345 458 376 praeter
469 341 531 372 alia,
545 347 606 367 cum
620 344 647 366 et
662 338 789 366 Edessam
807 337 892 373 Syrim
904 336 1048 363 maximam

265 386 436 421 metropolim
454 385 584 416 venisset,
609 378 648 412 ac'
668 384 694 410 in
718 392 750 411 ea
768 391 823 410 non
838 383 897 410 sine
909 382 1049 409 laboribus

265 437 346 468 atque
373 431 503 459 aerumnis
527 430 666 457 Christum
693 428 892 460 annuntiasset,
910 432 1048 462 totamque

264 475 372 503 diabolo
382 474 530 505 addictam,
548 473 725 500 divinissimis
740 473 855 500 maxime
875 472 1049 500 sermonibus

263 520 447 555 operibusque
469 525 601 553 perquam
624 517 731 545 eximiis
746 517 950 552 humanumque
966 524 1047 543 exce-

263 565 392 593 dentibus
405 563 527 595 modum,
547 563 692 598 rapuisset,
710 571 741 590 ac
750 571 799 598 per
812 563 893 590 fidem
907 563 971 590 Jesu
986 570 1048 590 con-

261 611 390 641 ciliasset,
406 614 583 644 sanctamque
595 609 620 636 ei
635 609 793 641 Ecelesiam,
807 610 854 644 qui
864 617 973 637 omnem
986 609 1047 636 vin-

261 656 299 683 cit
311 655 483 684 sanctitatem
499 655 681 688 conciliasset,
697 663 729 684 ac
741 661 836 691 postea
859 655 964 683 clarum
976 655 1048 682 Deo-

260 709 314 736 que
333 701 444 736 dignum
460 701 508 728 Dei
524 701 684 736 martyrium
698 701 871 736 complesset,
884 701 924 728 sic
939 701 973 728 ad
984 708 1047 729 eum

261 747 383 782 gaudens
408 746 541 779 evolavit;
567 751 681 774 cunctos
697 746 806 781 quidem
824 746 995 782 principatus
1021 751 1049 774 et

262 797 421 828 potestates,
438 792 588 827 mundique
604 796 726 820 rectores
742 792 929 826 tenebrarum,
948 800 980 820 ac
991 792 1048 827 spi-

261 838 352 865 ritalia
379 837 471 865 omnia
500 837 631 872 nequitia:
655 837 730 865 velut
747 838 853 865 somnia
881 838 1048 873 umbrasque

261 888 482 918 praetergressus,
493 883 579 910 sacris
593 887 683 910 autem
699 891 731 910 ac
750 883 852 911 divinis
865 884 968 919 angelis
983 884 1049 918 (cte-

261 930 349 956 lorum
371 928 532 964 spiritaliter
545 929 674 956 reseratis
687 929 789 964 januis)
813 928 987 956 intermistus
1003 929 1047 962 “;

261 975 433 1010 archangelis
454 974 562 1001 obviam
581 974 678 1007 factus,
701 974 927 1010 venerabilesque
943 975 1048 1010 princi-

260 1025 341 1056 putus
359 1024 512 1053 assecutus,
537 1028 640 1055 perque
653 1027 748 1048 omnes
774 1025 882 1048 sanctas
901 1026 1049 1056 potestates

261 1073 342 1103 atque
354 1067 469 1094 virtutes
495 1074 527 1093 ac
550 1066 752 1093 dominationes
776 1066 930 1094 incredibili
955 1067 1049 1094 laetitia

261 1119 342 1148 atque
370 1112 552 1140 exsultatione
576 1119 753 1139 commeans:
771 1112 838 1147 quin
858 1117 886 1140 et
897 1120 951 1147 per
975 1113 1050 1147 ipsos

261 1167 371 1195 quoque
393 1159 495 1186 mundo
511 1158 669 1193 superiores
683 1157 808 1189 thronos,
824 1158 968 1193 mediaque
993 1159 1048 1186 cel-

261 1206 431 1233 sissimorum
443 1203 795 1238 venerabilissimorumque
806 1203 954 1231 Cherubim
967 1209 1049 1240 atque

262 1251 404 1286 Seraphim
421 1249 528 1285 agmina
543 1249 689 1281 deductus,
700 1249 775 1276 velut
788 1249 968 1278 charissimus
981 1257 1050 1284 prte-

261 1296 432 1330 dilectusque
448 1294 520 1322 ﬁlius
539 1294 565 1321 ei
585 1294 749 1328 apparuisti,
761 1295 809 1329 qui
827 1294 854 1322 in
868 1295 938 1322 solio
956 1294 1050 1330 gloriae

262 1341 338 1377 regni
360 1341 402 1368 sui
425 1340 555 1368 laudatur
572 1341 615 1373 ";
643 1348 676 1368 ac
692 1345 822 1375 tanquam
836 1341 934 1374 victor,
950 1345 978 1368 et
1001 1340 1049 1376 qui

261 1388 294 1414 ad
310 1387 390 1415 tinem
402 1395 488 1421 usque
503 1386 605 1414 Christi
616 1387 770 1414 servaveris
781 1394 873 1421 opera,
885 1386 1049 1414 diviniorem

263 1433 363 1460 iterum
380 1432 624 1468 sublimioremque
634 1437 797 1467 potestatem
814 1433 842 1459 in
859 1436 955 1468 gentes
967 1432 1003 1459 ab
1016 1439 1050 1460 eo

262 1479 451 1514 consequeris,
468 1478 560 1513 eique,
586 1478 663 1513 juxta
687 1478 809 1505 divinam
826 1478 1048 1513 promissionem,

1105 240 1235 276 Χριστοῦ.

1134 340 1214 367 Οὕτω
1226 340 1294 374 πρὸς
1302 340 1357 371 τοῖς
1364 339 1462 371 ἄλλοις,
1477 339 1524 365 καὶ
1532 339 1664 367 Ἔδεσσαν
1674 339 1805 376 μεγίστην
1811 339 1894 368 οὖσαν

1098 386 1146 420 τῆς
1158 386 1255 420 Συρίας
1271 385 1436 421 μητρόπολιν
1454 385 1624 417 καταλαϐὼν,
1640 386 1687 413 καὶ
1715 386 1744 413 ὲν
1758 388 1826 422 αὑτῇ
1848 387 1894 414 τὸν

1099 431 1216 466 Χριστὸν
1228 431 1279 457 οὐκ
1299 431 1406 462 ἀπόνως
1425 430 1683 466 εὐαγγελισάμενος,
1699 432 1787 458 πᾶσάν
1808 441 1838 459 τε
1854 433 1894 467 τῷ

1098 476 1213 512 διαϐόλῳ
1241 477 1498 513 προσανακειμὲνην
1511 478 1690 512 ἀφαρπάσας,
1715 477 1743 504 ἐν
1758 486 1787 504 τε
1801 478 1893 512 λόγοις

1098 522 1137 548 ὅτι
1154 522 1272 557 μάλιστα
1293 523 1445 554 θειοτάτοις
1471 523 1518 550 καὶ
1532 523 1624 558 ἔργοις
1649 523 1891 559 ὑπερφυεστάτοις,

1098 567 1146 593 καὶ
1158 567 1202 594 διὰ
1215 567 1333 599 πίστεως
1350 568 1389 603 τῷ
1414 568 1501 602 Ἰησοῦ
1519 568 1742 604 προσοικειώσας,
1756 569 1803 596 καὶ
1829 569 1892 595 Ἐκ-

1098 613 1212 648 κλησίαν
1227 613 1307 647 ἁγίαν
1320 614 1358 648 τῷ
1374 615 1516 650 ὑπεραγίῳ
1529 614 1632 650 ταύτην
1654 614 1890 650 ἀφιερωσάμενος,

1098 659 1145 684 καὶ
1160 659 1230 693 μετὰ
1245 658 1333 686 ταῦτά
1345 667 1374 686 τε
1397 660 1544 696 μαρτύριον
1564 660 1685 694 καθαρόν
1699 668 1728 686 τε
1749 659 1795 687 καὶ
1815 660 1887 692 ἀξιό-

1100 702 1160 729 θεον
1186 704 1432 740 ἀποπεπληρωκὼς
1451 705 1489 740 τῷ
1506 706 1576 741 Θεῷ.
1599 706 1704 741 χαίρων
1721 705 1793 732 οὕτω
1822 706 1891 742 πρὸς

1098 749 1179 776 αὑτὸν
1195 750 1311 786 ἀνέπτη,
1331 750 1422 783 πάσας
1443 751 1492 786 μὲν
1513 751 1600 786 ἀρχὰς
1616 753 1663 778 καὶ
1683 751 1817 784 ἔξουσίας,
1844 750 1891 777 καὶ

1097 795 1161 827 τοὺς
1173 797 1399 832 κοσμοκράτορας
1411 797 1457 824 τοῦ
1470 798 1592 830 σκότους,
1604 798 1650 824 καὶ
1665 798 1753 825 πάντα
1764 798 1797 825 τὰ
1811 798 1891 824 πνεύ-

1101 850 1172 876 ματα
1198 842 1248 877 τῆς
1264 842 1398 877 πονηρίας
1412 863 1420 875 ,
1447 843 1485 874 ὡς
1504 843 1630 878 ὀνείρατα
1655 843 1810 879 παρελθὼν,
1833 845 1890 876 τοῖς

1101 888 1182 924 ἱεροῖς
1195 887 1222 914 δὲ
1237 889 1284 915 καὶ
1313 889 1397 921 θείοις
1410 889 1537 923 ἀγγέλοις
1560 889 1614 916 τῶν
1638 889 1772 924 οὐρανίων
1788 890 1890 925 νοητῶς

1099 933 1368 968 ἀναπεπετασμένων
1383 935 1474 962 πυλῶν
1489 935 1684 971 παρεμϐαλὼν,
1706 935 1753 963 καὶ
1767 936 1823 967 τοῖς
1839 935 1889 970 ἀρ-

1099 979 1244 1015 χαγγέλοις
1257 981 1417 1014 ἀντιϐολῶν,
1430 982 1477 1008 καὶ
1492 983 1552 1013 ταῖς
1562 981 1666 1016 τιμίαις
1681 982 1779 1018 ἀρχαῖς
1789 981 1889 1016 τυχὼν,

1098 1024 1144 1050 καὶ
1162 1024 1206 1051 διὰ
1218 1025 1308 1060 πάσης
1318 1025 1443 1058 ἐξουσίας
1459 1026 1540 1060 ἁγίας
1555 1027 1600 1053 καὶ
1616 1027 1759 1061 δυνάμεως
1778 1026 1825 1053 καὶ
1839 1034 1891 1053 κυ-

1100 1070 1221 1105 ριότητος
1233 1071 1261 1096 ὲν
1276 1070 1388 1107 ἀρρήτῳ
1405 1072 1562 1107 φαιδρότητι
1576 1073 1623 1099 καὶ
1642 1072 1799 1106 ἀγαλλιάσει
1818 1080 1890 1107 παρ-

1099 1114 1163 1141 ιών·
1183 1115 1227 1141 ναὶ
1247 1115 1280 1150 δὴ
1301 1117 1347 1142 καὶ
1366 1116 1411 1143 διά
1434 1117 1488 1143 τῶν
1505 1117 1697 1152 ὑπερκοσμίων
1717 1117 1820 1151 θρόνων
1841 1116 1890 1143 αὑ-

1097 1159 1163 1192 τῶν,
1181 1161 1228 1187 καὶ
1242 1160 1286 1187 διὰ
1300 1161 1389 1196 μέσων
1402 1161 1456 1188 τῶν
1469 1162 1644 1197 ὑψηλοτάτων
1655 1162 1702 1188 καὶ
1717 1162 1888 1188 πιςτοτάτων

1099 1205 1146 1232 καὶ
1153 1205 1286 1241 Χερουϐεί
1290 1215 1309 1241 μ
1319 1215 1348 1233 τε
1355 1207 1405 1234 καὶ
1413 1208 1444 1233 Σε
1449 1209 1552 1243 ραφεὶμ
1560 1208 1679 1243 προσιὼν
1694 1207 1732 1242 τῷ
1739 1208 1786 1234 ἐπὶ
1793 1207 1888 1243 θρόνου

1098 1251 1177 1287 δόξης
1187 1251 1237 1287 τῆς
1252 1252 1336 1279 αὑτοῦ
1354 1253 1491 1288 βασιλείας
1505 1254 1676 1290 ὑμνουμένῳ,
1696 1254 1734 1286 ὡς
1748 1253 1889 1289 ἀγαπητὸς

1099 1297 1147 1324 καὶ
1159 1297 1250 1333 τίμιος
1266 1298 1448 1334 ἑνεφανίσθης
1463 1300 1531 1333 υίὸς,
1548 1300 1596 1327 καὶ
1617 1300 1655 1331 ὡς
1667 1298 1827 1335 νενικηκὼς,
1842 1300 1890 1325 καὶ

1098 1340 1136 1373 ὡς
1150 1342 1308 1378 τετηρηκὼς
1323 1343 1385 1378 ἄχρι
1399 1340 1491 1375 τέλους
1504 1344 1539 1371 τὰ
1556 1344 1624 1380 ἔργα
1637 1343 1683 1371 τοῦ
1699 1343 1827 1380 Χριστοῦ,
1840 1343 1889 1379 τὴν

1100 1387 1146 1413 ἐπὶ
1162 1387 1216 1414 τῶν
1230 1388 1315 1416 ἐθνῶν
1337 1388 1417 1421 αὖθις
1437 1390 1600 1426 ἐνθεὼτερον
1615 1399 1644 1418 τε
1663 1390 1710 1418 καὶ
1725 1390 1889 1426 ὑψηλότερον

1099 1432 1164 1468 παρ’
1178 1433 1261 1460 αὑτοῦ
1278 1434 1427 1470 λαμϐάνεις
1449 1434 1573 1467 ἐξουσίαν
1585 1444 1593 1452 ’
1611 1435 1659 1463 καὶ
1672 1436 1746 1472 αὑτῷ
1757 1436 1827 1463 κατά
1840 1436 1889 1472 τὴν

1100 1477 1247 1513 ὑπόσχεσιν
1258 1479 1442 1515 συνεδριάζεις
1455 1481 1503 1507 καὶ
1521 1480 1741 1515 συμποιμαίνεις,
1757 1480 1804 1507 καὶ
1818 1488 1888 1515 συμ-

263 1533 408 1554 consessor
423 1524 528 1552 assistis
539 1524 573 1556 ³⁸,
585 1531 693 1558 unaque
709 1524 808 1558 pascis,
823 1528 852 1550 et
873 1531 937 1551 vero
954 1532 1048 1559 pasces

1103 1524 1245 1557 ποιμανεῖς
1270 1523 1298 1550 δὲ
1323 1524 1357 1550 τὰ
1369 1524 1444 1558 ἔθνη,
1459 1524 1497 1556 ὡς
1523 1525 1607 1560 σκεύη
1632 1525 1716 1552 ταῦτα
1738 1524 1887 1559 συντρίϐων

263 1578 396 1607 regesque
411 1574 516 1605 gentes,
529 1569 703 1604 confringcns
719 1576 767 1596 eas
787 1572 817 1596 ut
833 1577 897 1596 vasa
918 1570 992 1605 ﬁguli
1006 1570 1049 1596 "2

264 1616 318 1644 Sed
333 1620 362 1642 et
376 1615 410 1642 de
426 1615 500 1650 ligno
517 1614 589 1647 vitae,
619 1614 691 1648 quod
709 1618 752 1641 est
777 1613 804 1640 in
819 1613 910 1640 medio
932 1614 1051 1649 paradisi

264 1667 385 1692 sumens,
397 1667 486 1695 eoque
505 1666 630 1690 vescens,
643 1658 857 1685 excelsissimam
875 1658 1051 1686 dilectionem

263 1714 295 1734 ac
308 1705 508 1733 deiﬁeationem
535 1704 742 1739 primorumque
755 1703 803 1730 Dei
827 1703 1051 1731 charissimorum

264 1752 409 1787 pignorum
425 1750 526 1778 eﬂ‘usas
537 1749 727 1786 longaavasque
740 1748 852 1777 delicias
868 1754 950 1784 atque
965 1749 1052 1777 hono-

264 1804 310 1824 res
325 1795 417 1823 adiisti
431 1795 465 1823 ".

298 1842 427 1876 Quasnam
445 1841 527 1877 igitur
537 1841 625 1869 oratio
637 1846 757 1870 vestram
770 1842 898 1877 explanet
909 1847 990 1878 atque
1001 1842 1050 1870 de-

264 1889 350 1916 claret
377 1887 622 1922 magniﬁcentiam?
651 1887 717 1921 Quis
741 1895 806 1915 vero
829 1892 931 1915 tantam
951 1888 1050 1916 divinat

265 1935 387 1962 scientia:
403 1934 455 1961 vim
472 1938 519 1961 aut
534 1934 775 1969 contemplationis
791 1935 987 1963 sublimitatem
1000 1944 1049 1962 na-

264 1984 335 2013 ctus,
350 1985 389 2012 ut,
403 1987 456 2015 qua
471 1980 579 2014 polletis
591 1979 704 2015 gloriam
718 1984 746 2007 et
758 1972 910 2008 sanctitatis
925 1981 1049 2016 magniﬁ-

264 2026 393 2058 centiam,
410 2025 509 2053 audeat
520 2030 625 2053 tentare
635 2026 646 2053 ?
655 2025 890 2059 Quemadmodum
902 2027 974 2053 enim
990 2026 1048 2054 ﬁeri

263 2080 319 2099 non
335 2075 436 2106 potest,
463 2075 494 2098 ut
510 2071 558 2106 qui
581 2075 692 2098 terreno
707 2071 798 2098 adhuc
821 2071 908 2098 utitur
922 2070 1047 2106 corpore,

263 2120 383 2144 vestram
397 2116 553 2144 beatitatem
572 2124 604 2144 ac
621 2116 750 2144 deitatem
769 2117 930 2151 conspiciat,
947 2118 988 2145 sic
999 2125 1048 2144 ne-

263 2169 317 2196 que
331 2166 361 2188 ut
370 2161 518 2188 verborum
530 2161 645 2188 canticis
656 2169 716 2188 eam
732 2161 812 2196 digne
828 2161 963 2189 laudetac
977 2162 1049 2189 cele-

1102 1569 1241 1603 κεραμικά
1250 1577 1256 1584 ·
1270 1569 1316 1596 καὶ
1329 1569 1383 1595 ἀπὺ
1398 1570 1445 1596 τοῦ
1466 1569 1544 1602 ξύλου
1558 1570 1586 1597 δὲ
1600 1570 1649 1606 τῆς
1662 1569 1735 1604 ζωῆς
1745 1569 1792 1596 τοῦ
1812 1569 1888 1603 ὄντος

1102 1613 1131 1639 ὲν
1146 1613 1220 1648 μέσῳ
1236 1613 1275 1648 τῷ
1290 1613 1446 1649 παραδείσῳ
1461 1614 1550 1641 λαϐὼν
1571 1615 1618 1641 καὶ
1632 1613 1738 1649 φαγὼν,
1756 1614 1806 1648 τῆς
1816 1614 1887 1650 ὑψη-

1101 1657 1214 1693 λοτάτης
1229 1659 1395 1693 ἀγαπήσεως
1416 1660 1461 1686 καὶ
1476 1659 1598 1691 θεώτεως
1608 1669 1615 1676 ·
1633 1659 1680 1687 καὶ
1696 1660 1750 1686 τῶν
1772 1659 1887 1695 πρώτων

1101 1703 1168 1730 Θεοῦ
1185 1704 1299 1731 τεκνίων
1313 1705 1362 1740 τῆς
1385 1705 1532 1740 ἀκρασίας,
1565 1705 1612 1732 καὶ
1638 1705 1687 1740 τῆς
1714 1705 1887 1740 μακραίωνος

1102 1749 1268 1785 ὲπιϐἐϐηκας
1284 1753 1389 1786 τρυφῆς
1406 1752 1452 1778 καὶ
1466 1751 1561 1786 τιμῆς.

1138 1834 1186 1866 Τίς
1200 1835 1233 1862 ἂν
1244 1834 1291 1863 οὖν
1306 1836 1412 1870 γένοιτο
1426 1838 1505 1873 λόγος
1519 1840 1569 1875 τῆς
1583 1840 1718 1876 ὑμετέρας
1734 1843 1896 1879 ἐκφαντορι-

1102 1879 1150 1911 κὸς
1165 1881 1394 1918 μεγαλειότητοςς
1415 1884 1457 1916 τίς
1478 1884 1506 1911 δὲ
1525 1886 1572 1912 ἐπὶ
1586 1885 1712 1913 τοσοῦτον
1724 1888 1860 1922 θεολογίας
1875 1889 1892 1924 ἢ

1102 1925 1219 1959 θεωρίας
1242 1927 1327 1962 ὕψους
1341 1929 1465 1963 ἀφίκετο,
1480 1930 1517 1962 ὡς
1529 1930 1578 1967 τὴν
1592 1931 1654 1970 καθ’
1668 1933 1740 1968 ὑμᾶς
1753 1933 1832 1965 δόξαν
1846 1934 1893 1960 καὶ

1103 1971 1343 2007 μεγαλοπρέπειαν
1371 1975 1421 2009 τῆς
1447 1976 1592 2011 ἁγιότητος
1617 1978 1754 2013 ἐκφράσαι
1771 1979 1891 2014 τολμᾷν;

1101 2016 1206 2052 ’Ὠσπερ
1232 2018 1285 2054 γάρ
1313 2020 1454 2055 ἀμήχανον
1482 2021 1526 2047 τὸν
1556 2021 1596 2048 ἔτι
1622 2023 1729 2058 σώματι
1752 2024 1893 2059 χρώμενον

1100 2062 1192 2097 γεηρῷ
1206 2062 1255 2097 τὴν
1281 2064 1417 2100 ὑμετέραν
1447 2067 1663 2103 μακαριωσύνην
1689 2068 1736 2095 καὶ
1767 2070 1892 2104 θειότητα

1100 2109 1230 2143 καθορᾷν,
1245 2109 1332 2142 οὕτως
1345 2111 1430 2146 αὑτὴν
1446 2112 1492 2139 καὶ
1506 2114 1563 2145 τοῖς
1573 2113 1617 2140 διὰ
1631 2114 1686 2140 τῶν
1700 2114 1788 2148 λόγων
1798 2114 1893 2149 ῦμνοις

1098 2154 1180 2187 ἀξίως
1192 2155 1321 2182 ἀδύνατον
1335 2157 1478 2192 εὐφημεῖν.
1498 2159 1591 2192 ’Ἄξιον
1615 2160 1761 2195 τοιγαροῦν
1781 2161 1831 2195 τὴν
1849 2169 1894 2186 σε-

264 2207 335 2233 bret.
353 2206 474 2241 Equum
498 2206 613 2241 proinde
625 2211 655 2234 ut
675 2207 897 2242 augustissimum
913 2206 1048 2242 digneque

1101 2200 1236 2235 motat-qv
1255 2201 1303 2227 καὶ
1318 2201 1620 2240 ἀξιομακαριστοτάτην
1636 2206 1893 2242 προσαγορεύοντας

265 2254 452 2281 beatissimum
467 2257 548 2288 caput
565 2254 724 2286 salutantes,
740 2254 777 2280 ita
793 2254 916 2281 dicamus
934 2263 941 2282 :

300 2300 378 2327 Salve
389 2299 436 2332 sis,
453 2306 470 2326 o
483 2299 562 2326 beate
579 2299 636 2334 ipse
649 2299 797 2334 inspector,
819 2305 938 2334 vereque
960 2306 991 2326 ac
1003 2306 1047 2326 se-

265 2346 329 2372 dule
344 2345 391 2372 Dei
406 2344 489 2372 Verbi
504 2344 615 2371 famulo.
634 2344 712 2373 Salve
728 2344 775 2377 sis,
790 2344 860 2372 Juda
876 2344 1047 2378 cbarissime,

265 2391 401 2426 dignaque
413 2389 472 2417 veri
487 2389 594 2416 lsraelis
609 2393 636 2416 et
651 2389 709 2421 Dei,
724 2396 756 2416 ac
770 2397 834 2416 vere
850 2389 935 2417 Deum
954 2389 1050 2418 viden-

266 2436 311 2468 lis,
325 2434 417 2469 proles
429 2435 435 2461 ι
449 2434 522 2469 quod
534 2438 687 2470 te_quoque
702 2442 765 2464 vere
791 2434 986 2467 laudaverunt,
1000 2443 1049 2470 pa-

265 2481 405 2516 rentisque
432 2480 610 2508 stmilitudlne
626 2481 809 2509 adoraverunt
828 2487 912 2516 atque
934 2481 1049 2509 adorant

265 2527 403 2562 spiritales
412 2526 511 2554 fratres
523 2526 562 2553 tui
579 2535 586 2552 :
602 2526 674 2561 quod
690 2526 762 2554 sicut
787 2527 832 2554 ille
852 2534 885 2554 ex
903 2526 994 2558 Patre,
1010 2526 1050 2553 sic

265 2578 293 2601 tu
315 2580 426 2609 quoque
440 2580 473 2601 ex
496 2573 543 2600 illo
555 2572 678 2600 divinum
695 2580 818 2608 germen,
834 2572 909 2600 velut
920 2580 952 2600 ex
970 2571 1049 2599 leone

264 2622 370 2649 catulus
387 2619 564 2648 αιτιοι-εἰδείη·
584 2628 590 2646 ι
606 2626 638 2646 ac
647 2619 719 2646 sicut
729 2619 772 2646 leo
788 2619 816 2645 in
828 2618 919 2646 medio
932 2617 1049 2646 heredi-

265 2666 328 2693 tatis
351 2670 405 2693 tua:
431 2665 566 2692 recubans
593 2663 772 2696 obdormisti;
790 2671 841 2690 nec
867 2663 914 2698 qui
934 2664 1049 2691 suscitet

263 2711 336 2739 ullus
351 2715 393 2738 est
404 2710 460 2746 (qui
474 2709 607 2737 nimirum
619 2716 634 2736 a
647 2708 763 2743 spiritali
773 2708 922 2735 abacturus
941 2709 977 2735 sit
993 2708 1048 2735 ha:-

264 2755 390 2788 miitate)
413 2754 486 2789 quod
505 2753 611 2780 asinam
627 2757 701 2780 tuam
716 2757 742 2779 et
756 2752 860 2786 pullum
876 2756 953 2779 tuum
969 2753 1046 2787 (gen-

299 2840 321 2856 ³¹¹
333 2840 448 2875 Ephess.
468 2849 503 2873 vi,
522 2841 563 2868 19.
602 2841 623 2857 ⁸⁷
638 2841 703 2867 Dan.
718 2848 755 2871 Ill,
772 2840 815 2866 55.
857 2840 878 2855 "'
894 2840 989 2867 Matth.
1008 2849 1050 2868 χιι

1099 2246 1230 2280 κεφαλὴν,
1246 2246 1318 2273 οὕτω
1333 2249 1414 2282 φάναι
1424 2256 1432 2265 ο

1135 2296 1232 2332 Χαῖρε,
1242 2294 1266 2325 ὦ
1277 2298 1370 2333 μάκαρ
1384 2297 1516 2331 αὐτόπτα,
1530 2298 1578 2325 καὶ
1597 2299 1720 2334 ὑπηρέτα
1728 2299 1822 2334 γνήσιε
1841 2299 1887 2325 καὶ

1099 2343 1246 2379 δραστήριε
1260 2342 1307 2370 τοῦ
1330 2343 1397 2370 Θεοῦ
1408 2343 1495 2378 Λόγου
1507 2352 1513 2359 ·
1531 2346 1621 2380 χαῖρε,
1641 2344 1725 2370 Ἰούδα
1743 2345 1827 2379 τίμιε,
1841 2345 1888 2371 καὶ

1099 2389 1157 2422 ἄξιε
1172 2387 1218 2415 τοῦ
1234 2387 1362 2424 ἀληθινοῦ
1385 2388 1492 2425 Ἰσραὴλ
1508 2390 1554 2416 καὶ
1570 2389 1648 2422 Θεοῦ,
1672 2391 1718 2416 καὶ
1733 2389 1799 2416 Θεὸν
1821 2389 1888 2424 ἁλη-

1101 2435 1155 2466 θῶς
1169 2434 1285 2470 ὁρῶντος
1297 2434 1385 2470 Ἰησοῦ
1399 2435 1519 2471 Χριστοῦ
1535 2437 1600 2463 παῖι
1619 2437 1659 2463 ὅτι
1682 2438 1727 2463 καὶ
1745 2436 1775 2463 σὲ
1789 2436 1888 2471 ᾔκασαν

1100 2480 1193 2511 ὅντως,
1209 2480 1257 2506 καὶ.
1273 2480 1303 2507 ἑν
1317 2479 1470 2516 ὁμοιώματι
1487 2481 1533 2507 τοῦ
1550 2481 1704 2512 τετοκότος,
1721 2481 1745 2507 oi
1761 2481 1790 2508 ιν
1807 2481 1889 2507 πνεύ-

1103 2534 1167 2560 ματι
1180 2525 1290 2560 ἀδελφοί
1313 2533 1359 2552 σου
1386 2525 1593 2561 προσεκύνησαν
1608 2527 1653 2552 καὶ
1668 2525 1865 2561 προσκυνοῦσιν
1878 2534 1886 2541 ·

1100 2571 1141 2598 ὅτι
1157 2570 1284 2606 καθάπερ
1299 2572 1332 2598 ὲκ
1348 2570 1395 2598 τοῦ
1409 2571 1515 2607 Πατρδς
1528 2572 1641 2603 ἐκεῖνος,
1656 2571 1743 2602 οὕτως
1756 2570 1786 2603 ἐξ
1804 2571 1888 2597 αὑτοῦ

1102 2616 1134 2642 σὺ
1149 2615 1280 2650 θεόφυτος
1291 2615 1413 2652 βλαστὸς,
1425 2616 1462 2648 ὡς
1482 2617 1514 2643 ὲκ
1533 2616 1639 2648 λέοντος
1661 2616 1781 2650 σκύμνος
1795 2617 1888 2643 ἀνεδό-

1102 2662 1151 2697 θης
1163 2670 1170 2678 ·
1184 2662 1230 2689 καὶ
1244 2661 1339 2698 ὥσπερ
1349 2662 1417 2689 λέων
1431 2662 1566 2698 ἀναμέσον
1578 2663 1625 2689 τοῦ
1637 2663 1740 2698 κλήρου
1756 2671 1803 2690 σου
1816 2663 1888 2689 ἐκοι-

1104 2707 1193 2743 μήθης
1213 2707 1372 2735 ἀναπεσὼν·
1395 2707 1442 2734 καὶ
1456 2707 1550 2741 οὐδεὶς
1574 2709 1589 2735 ὁ
1612 2709 1738 2741 ἀνιστῶν,
1754 2709 1813 2744 ἦτοι
1838 2709 1888 2743 τῆς

1102 2754 1288 2789 πνευματικῆς
1302 2753 1436 2789 μεθιστῶν
1445 2755 1638 2790 κληρονομίας,
1653 2754 1695 2781 ὅτι
1708 2755 1753 2781 τὸν
1767 2754 1828 2780 ὄνον
1840 2763 1887 2781 σου

1054 2862 1060 2874 ,
1081 2842 1126 2870 28.
1165 2843 1203 2860 ³³⁸⁵
1219 2842 1290 2870 Psal.
1303 2851 1331 2876 ll,
1348 2843 1374 2870 9.
1414 2843 1435 2860 "
1451 2843 1536 2878 Apoc.
1552 2851 1580 2876 ll,
1594 2842 1620 2869 τ.
1642 2843 1681 2859 "“
1693 2842 1760 2870 Gen.
1777 2849 1848 2873 nvi.
1859 2841 1886 2868 8.
