2078 3154
256 189 308 220 2η

838 181 985 213 ΝΙΟΕΤΕ
1003 179 1271 210 PAPIILAGONIS

1830 177 1886 215 272

255 244 336 272 acill'i
352 244 485 272 formatus
499 242 562 275 fide,
577 250 629 269 una
643 241 746 269 Christi
759 239 895 271 doctrina,
911 247 964 265 una
984 245 1044 273 gra-

1098 243 1165 266 στει,
1182 236 1230 270 μιᾷ
1245 235 1292 261 τοῦ
1304 234 1421 269 Χριστοῦ
1436 235 1540 270 διδαχῇ,
1566 236 1615 270 μιᾷ
1631 234 1721 270 χάριτι
1745 235 1791 262 καὶ
1804 236 1884 262 πνεύ-

256 289 293 317 tia
311 289 464 323 eodemque
485 287 622 323 perfectus
650 286 764 321 Spiritu,
793 284 882 320 ipsum
906 288 1044 318 postremo

256 334 446 362 beatissimum
472 333 621 367 complevit
634 331 833 359 duodenarium
858 329 1043 364 apostolorum

256 381 370 408 chorum
389 388 396 406 :
421 379 467 415 qui
495 378 543 405 ﬁat
557 382 586 404 ut
605 385 660 404 non
676 376 751 411 paria
764 375 818 403 illis
834 374 944 410 praemia
958 374 1045 401 hono-

257 433 367 460 resque,
385 429 442 451 tum
458 424 485 451 in
499 423 577 451 cmlis
592 430 606 449 a
622 422 695 457 Rege
713 421 806 458 gloriae
820 428 852 448 ac
870 419 1042 455 prcemiorum

253 471 406 507 iustissimo
417 469 533 500 arbitro,
549 472 607 495 tum
622 468 649 494 in
664 471 736 495 terra
751 466 822 501 apud
839 466 973 494 sermonis
988 473 1044 493 non

256 515 366 550 iniquos
380 514 585 549 dispensatores
603 512 745 539 obtineat?
770 511 926 539 Laudemus
952 510 1044 545 itaque

255 559 566 592 Mathiam,venerabile
588 566 700 590 nomen,
728 558 850 589 beatum,
878 556 1042 588 colendum;

255 614 323 637 rem.
335 613 396 640 qua:
407 612 456 640 pro
466 603 585 632 nominis
602 603 708 630 ratione
729 608 785 630 tum
798 602 975 637 intelligatur,
986 606 1043 628 tum

255 651 399 683 laudetur;
422 657 486 677 vere
515 649 645 676 nimirum
662 648 710 676 Dei
741 647 855 678 donum.
870 648 913 674 his
938 647 1044 674 scilicet

255 696 302 732 qui
314 696 464 730 accipiunt.
480 694 537 722 Hoc
551 694 633 722 etiam
655 694 707 721 sibi
725 693 794 725 vult,
808 692 883 728 quod
898 693 938 719 sic
950 691 1044 726 appel-

255 742 338 769 latur.
353 740 507 768 Laudemus
525 748 587 768 cum
614 740 742 771 cantico;
761 746 804 770 ae,
824 742 927 773 quanta
957 736 1044 764 facul-

255 793 307 818 tas.
325 795 400 820 eum,
411 785 459 822 qui
474 786 585 813 virtutis
597 784 798 821 magnificentia
811 791 919 811 onmem
932 783 1044 810 laudum

256 833 430 868 splendorem
458 831 609 866 superavit,
624 831 832 866 magnificemus
850 838 857 856 ι
886 837 936 857 nec
951 828 1045 856 verbis

257 878 346 906 solum
362 885 457 905 verum
478 877 542 906 .Iesu
566 877 732 912 discipulum
749 876 910 907 exaltemus.
945 875 992 902 sed
1017 879 1044 901 et

257 931 339 959 quam
354 923 505 958 magnificis
526 923 606 950 donis
617 923 728 957 Deoque
742 922 872 957 acceptis,
899 921 972 948 illius
988 928 1043 947 me-

257 969 374 997 moriam
387 969 582 1004 constipemus.

292 1055 420 1087 Quaenam
437 1063 502 1090 ergo
531 1060 595 1083 sunt
612 1063 736 1088 munera,
762 1055 862 1090 quibus
876 1062 989 1090 magnus
1003 1062 1045 1081 sa-

258 1106 359 1134 eerque
375 1100 514 1134 apostolus
529 1100 628 1129 lubens
637 1101 786 1136 accipitur?
795 1100 855 1128 Non
868 1108 967 1128 aurum
982 1100 1044 1128 dico

257 1149 286 1171 et
305 1149 459 1181 argentum,
488 1153 539 1173 nec
566 1147 699 1174 unionum
725 1146 864 1181 fulgores,
882 1150 929 1173 aut
955 1149 1045 1173 vestes

257 1188 394 1223 pretiosas
415 1192 504 1223 (terra:
523 1190 627 1218 scilicet
653 1190 782 1222 fructum,
807 1195 835 1217 et
849 1198 910 1225 quae
925 1190 952 1217 in
972 1194 1045 1217 terra

259 1232 382 1260 diffluunt
397 1241 428 1260 ae
444 1234 602 1269 intereant),
614 1235 661 1262 sed
677 1236 791 1269 perenni
808 1235 846 1262 illi
857 1243 970 1262 munere
988 1239 1045 1262 ter-

258 1286 389 1306 renorum
402 1279 594 1312 abjectionem,
616 1288 736 1308 amorem
759 1281 922 1311 caelestium,
946 1289 1044 1308 carna-

257 1323 325 1352 lium
353 1329 540 1361 eontemptum
567 1331 649 1361 atque
680 1327 856 1362 neglectum,
880 1327 1044 1362 spiritalium

258 1378 372 1406 gnavam
388 1379 498 1406 operam
514 1380 662 1407 curamque
684 1373 851 1402 offeramus:
877 1381 908 1400 ac
934 1373 1045 1408 quidem

259 1423 310 1450 pro
324 1416 440 1451 pecunia
458 1416 619 1452 longiusque
643 1425 658 1444 a
675 1418 780 1445 ratione
801 1418 967 1445 abhorrente
983 1424 1045 1445 cor-

259 1461 334 1495 poris
348 1461 488 1496 voluptate
503 1469 534 1488 ac
547 1461 661 1489 libidine
675 1463 786 1490 virtutis
798 1463 965 1490 desiderium
987 1468 1045 1489 stu-

260 1506 410 1542 diumque;
426 1514 476 1542 pro
494 1507 548 1534 cibi
559 1508 606 1542 qui
625 1508 821 1542 corrumpitur,
838 1516 953 1542 operosa
969 1508 1045 1535 solli-

260 1553 382 1581 citudine
391 1562 423 1580 ac
432 1553 583 1589 diligentia,
591 1545 732 1582 sacrorum
743 1555 915 1589 eloquiorum
924 1555 1046 1590 legisque

261 1600 375 1635 spiritus
395 1599 458 1627 vita:
473 1608 570 1635 puram
583 1601 789 1628 meditationem
805 1601 1001 1629 fructificemus
1011 1603 1043 1628 δ’.

261 1644 305 1671 Sic
320 1645 393 1671 enim
405 1653 480 1677 vere,
504 1645 547 1673 his
557 1647 603 1680 qui
619 1647 725 1674 sincere
739 1646 860 1678 laudant,
878 1647 961 1674 etiam
984 1654 1046 1674 cor-

261 1688 337 1723 poris
374 1690 550 1721 necessaria,
580 1690 700 1718 cwlestis
731 1691 820 1718 Patris
858 1691 1045 1719 munificentia

261 1733 373 1761 omnino
389 1733 577 1761 subministrat
599 1742 648 1769 pro
664 1743 697 1762 eo
715 1743 746 1763 ac
757 1736 881 1770 promisit
897 1736 938 1764 "‘.

295 1825 355 1854 Non
369 1826 442 1854 enim
457 1827 559 1854 frustra
577 1835 653 1854 sacra
670 1828 713 1854 lex
726 1828 907 1855 cessationem
929 1829 964 1855 ab
978 1837 1045 1863 ope-

262 1872 341 1899 ribus
351 1873 552 1907 eorporalibus,
578 1880 626 1908 per
641 1873 703 1901 illos
729 1874 846 1901 maxime
869 1874 928 1901 dies
944 1874 1046 1909 quibus

262 1918 394 1945 festorum
409 1919 540 1946 solemnia
554 1924 684 1954 aguntur,
709 1919 840 1947 indixisse
853 1919 1023 1955 conspicitur
1037 1929 1045 1954 ;

262 1971 312 1991 nec
336 1971 370 1991 eo
393 1963 518 1996 consilio,
545 1969 574 1991 ut
589 1965 712 1999 corporis
729 1965 786 1992 otio
812 1973 843 1992 ac
862 1965 967 1992 desidia
985 1973 1046 1992 ear-

262 2009 360 2044 nisque
372 2009 486 2037 mollitie
502 2011 623 2037 animum
643 2011 751 2038 libidini
768 2012 942 2043 laxaremus;
967 2019 1047 2039 secus

261 2062 329 2082 vero
346 2055 448 2082 indicta
466 2057 619 2088 vacatione,
636 2057 686 2083 hoc
708 2057 780 2084 serio
796 2062 873 2084 curat
888 2062 916 2085 et
937 2058 1002 2093 agit,
1018 2063 1048 2085 ut

262 2105 290 2128 et
301 2108 416 2136 corpore
427 2105 455 2127 et
472 2106 563 2130 mente
585 2107 612 2129 et
628 2103 719 2129 animo
745 2111 759 2130 a
783 2107 892 2131 terrena
909 2104 1048 2138 inquietu-

262 2147 327 2175 dine
349 2147 498 2183 laboreque
511 2155 542 2174 ae
561 2148 685 2187 molestia
699 2148 771 2175 circa
787 2156 830 2176 res
849 2157 933 2176 vanas
948 2149 1048 2176 libere-

263 2201 334 2225 mur,
350 2197 432 2227 atque
447 2193 481 2220 ad
497 2193 599 2220 bonum
618 2198 714 2220 natura
738 2197 843 2228 (verum
861 2195 926 2222 illud
943 2195 1046 2222 bonum

262 2242 290 2264 et
304 2238 420 2265 amabile
435 2242 540 2265 natura:
556 2239 630 2265 omni
648 2239 809 2274 intelligenti
832 2247 864 2267 ac
880 2241 995 2268 rationis
1019 2241 1045 2268 vi

262 2283 394 2319 praeditas)
421 2285 573 2329 erigamur;
597 2284 717 2319 dumque
741 2292 756 2311 a
773 2286 912 2312 s’eeularis
928 2286 990 2313 vitze
1008 2286 1047 2312 la-

263 2329 376 2357 boribus
392 2337 423 2357 ac
438 2330 571 2357 molestiis
586 2330 673 2357 otium
688 2331 803 2365 agimus,
820 2332 953 2365 potiorem
972 2331 1045 2358 illam

262 2378 291 2401 et
315 2378 469 2402 manentem
485 2374 599 2401 rationis
617 2379 698 2409 atque
725 2374 834 2402 virtutis
858 2375 1045 2409 operationem

263 2418 448 2453 proferamus;
463 2420 617 2454 divinisque
637 2419 753 2446 canticis
775 2427 806 2446 ac
821 2420 906 2446 sacris
923 2420 1048 2454 Scriptu-

263 2473 355 2492 rarum
374 2465 610 2496 meditationibus,
624 2465 682 2500 jugi
699 2465 817 2499 denique
842 2474 952 2500 precum
975 2467 1046 2493 assi-

262 2511 376 2542 duitate,
391 2511 507 2538 Domino
520 2511 702 2546 perfruamur.

298 2570 318 2585 ⁸¹
335 2569 414 2597 Joan.
429 2577 467 2604 vl,
484 2570 537 2601 27',
552 2570 630 2597 Rom.
648 2578 706 2603 vni,
722 2570 748 2596 9..
788 2571 820 2586 κί’
832 2570 926 2597 Matth.
944 2579 982 2603 νι,
995 2572 1040 2599 37.

262 2650 421 2678 cusscrunt,
437 2646 517 2680 cuius
530 2653 584 2672 non
600 2645 730 2673 videntur
745 2646 832 2674 Judaei
851 2646 1044 2681 habuissejus,

262 2682 308 2709 sed
326 2682 511 2709 Romanorum
541 2681 674 2708 duntaxat
697 2682 838 2715 pra-sides.
870 2682 980 2708 Placent
998 2690 1044 2707 vc-

263 2721 335 2744 tcres
360 2716 471 2748 tabulaa,
485 2716 586 2750 quibus
602 2716 706 2742 nudum
727 2716 833 2743 Mathizc
851 2716 1043 2750 consignatum

263 2753 362 2782 natale,
376 2751 541 2786 quibuscum
555 2751 646 2777 malim
667 2751 790 2786 profiteri
808 2751 913 2778 nescire
928 2751 1042 2786 reliqua,

261 2794 343 2821 quam
372 2794 433 2821 qua:
458 2786 593 2821 nesciam,
607 2789 636 2811 ut
651 2791 735 2821 certa
763 2785 916 2813 venditare.
930 2785 1045 2821 rCrescit

262 2795 343 2821 quam
372 2795 433 2813 (me
458 2795 577 2813 neseiaui
607 2795 636 2811 ul.
661 2795 735 2812 certa
763 2795 916 2813 venuuare.
939 2795 1045 2813 brOSCll

262 2829 370 2855 semper
381 2795 452 2848 ianua
469 2821 570 2847 eundo.
584 2820 734 2854 Displicent
751 2821 818 2847 Acta
828 2821 872 2847 illa
884 2828 917 2846 ex
930 2820 1045 2847 Hebraeo

263 2864 352 2887 versa,
368 2857 441 2890 quod
452 2863 532 2882 unam
547 2855 667 2883 Judwam
688 2856 774 2882 velint
800 2855 907 2882 Malhia:
933 2855 1045 2889 provin-

263 2891 417 2926 ciam,qua:
430 2891 482 2918 fuit
510 2890 604 2918 Jacobi
635 2890 771 2923 Zcbeda‘i,
792 2890 965 2924 aliorumque
981 2898 1046 2924 apo-

1096 287 1160 314 ματι
1177 278 1216 314 τῷ
1242 279 1316 313 αὑτῷ
1336 281 1562 314 κατηρτισμένος,
1580 280 1628 306 καὶ
1645 280 1695 314 τῆς
1708 279 1885 314 μακαριωτά-

1095 333 1144 360 της
1161 325 1215 352 τῶν
1228 325 1384 352 ἀποστόλων
1396 325 1602 356 δυοκαιδεκάδος
1620 325 1733 360 ὕστερον
1749 323 1886 351 suum.

1096 379 1155 398 κται
1163 379 1195 397 συ
1199 371 1273 406 μπλη
1278 371 1377 406 ρωτὴς,
1390 371 1448 402 πῶς
1456 370 1486 397 οὑ
1495 370 1549 397 τῶν
1557 371 1622 397 ἴσων
1631 379 1661 404 γε
1667 370 1720 405 ρῶν
1735 370 1780 396 καὶ
1787 369 1886 405 τιμῶν,

1095 416 1124 442 ἔν
1138 425 1167 443 τε
1180 418 1236 447 τοῖς
1253 417 1377 452 οὐρανοῖς
1394 417 1469 451 παρὰ
1481 417 1522 452 τῷ
1537 416 1646 442 Βασιλεί
1665 415 1715 450 τῆς
1730 416 1821 450 δόξης,
1839 416 1884 442 καὶ

1094 462 1148 488 τῶν
1177 462 1301 488 ἐπάθλων
1331 462 1494 497 δικαιοτάτῳ
1521 461 1672 497 βραϐευτῇο
1701 461 1748 488 καὶ
1770 461 1817 488 ἐπὶ
1832 461 1885 496 γῆς

1095 507 1169 542 παρά
1180 515 1210 541 γε
1226 509 1281 539 τοῖς
1298 507 1347 533 οὐκ
1369 507 1472 538 ἀδίκοις
1488 506 1535 533 τοῦ
1549 507 1629 539 λόγου
1644 506 1795 540 διαιτηταῖς
1817 515 1885 533 κατ-

1095 554 1189 586 αξιοῖτ’
1198 554 1229 581 ἄν
1239 553 1410 588 ;Αίνέσωμεν
1422 552 1566 587 τοιγαροῦν
1577 552 1696 585 Μαθίαν,
1702 552 1733 578 τὸ
1743 553 1888 587 σεϐάσμιον

1094 600 1189 635 δνομα,
1206 600 1236 626 τὸ
1255 600 1400 634 μακάριον,
1412 599 1443 625 τὸ
1453 599 1555 634 τίμιον,
1573 598 1603 625 τὸ
1620 598 1690 625 κατὰ
1704 598 1734 625 τὺ
1749 599 1845 633 δνομα,
1858 599 1888 625 τὸ

1095 647 1212 681 πρᾶγμα.
1223 645 1366 680 νοούμενον
1387 645 1433 672 καὶ
1452 644 1629 680 αἱνούμενονο
1644 644 1677 670 τὸ
1695 645 1802 679 άληθῶς
1816 645 1887 680 δόμα

1095 694 1162 722 Θεοῦ
1174 716 1181 727 ,
1198 694 1297 730 δηλαδὴ
1329 696 1384 726 τοῖς
1398 694 1567 729 λαμϐάνουσι
1578 702 1585 709 ·
1607 693 1687 720 τοῦτο
1702 693 1757 728 γὰρ
1769 693 1786 728 ἡ
1803 699 1889 727 προσ-

1095 741 1191 776 ηγορία
1207 740 1345 776 βούλεται·
1362 741 1514 775 αἱνέσωμεν
1531 740 1589 775 μετ’
1606 739 1689 774 ᾠδῆς,
1708 737 1756 764 καὶ
1771 737 1888 764 ἀποστο-

1094 786 1180 817 λικοίς
1195 785 1327 817 ἐπαίνοις,
1345 785 1383 816 ὡς
1399 784 1510 818 ἐφικτὸν
1524 784 1600 819 ἡμῖν,
1616 782 1823 818 μεγαλύνωμεν,
1840 781 1888 808 τὸν

1094 832 1128 865 τῇ
1138 830 1307 866 μεγαλοφυΐᾳ
1320 830 1370 864 τῆς
1381 830 1482 865 ἀρετῆς
1518 830 1609 856 πᾶσαν
1619 828 1738 854 ἐπαίνων
1753 827 1889 861 ὑπερανα-

1096 876 1180 903 6άντα
1191 875 1372 910 λαμπρότητα
1384 883 1392 890 ·
1409 874 1457 901 καὶ
1475 874 1512 910 μὴ
1535 875 1592 905 τοῖς
1612 873 1702 907 λόγοις
1718 872 1798 908 μόνον
1812 871 1888 907 ὑψώ-

1096 929 1188 956 σωμεν
1201 921 1246 947 τὸν
1267 921 1377 956 γνήσιον
1404 920 1451 947 τοῦ
1484 919 1572 954 ’ίησοῦ
1590 919 1725 954 μαθητὴν,
1753 916 1822 944 ἀλλὰ
1841 916 1889 944 καὶ

1094 967 1230 1002 λαμπροῖς
1251 967 1292 993 ὅτι
1311 966 1429 1002 μάλιστα
1457 966 1556 1001 δώροις
1578 964 1626 992 καὶ
1653 963 1813 998 θεοτερπέσι
1839 962 1887 998 τὴν

1097 1012 1207 1047 μνήμην
1223 1010 1305 1038 αὑτοῦ
1321 1010 1572 1045 καταπυκάσωμεν.

1130 1057 1198 1084 Τίνα
1211 1057 1301 1084 τοίνυν
1325 1057 1358 1083 τὰ
1371 1056 1456 1092 δῶρα,
1473 1054 1514 1088 οἷς
1528 1057 1542 1082 ὁ
1559 1055 1646 1091 μέγας
1665 1054 1712 1081 καὶ
1729 1054 1801 1090 ἱερὸς
1824 1054 1888 1081 ἀπό-

1096 1102 1188 1135 στολος
1204 1103 1294 1138 χαίρει
1314 1102 1558 1137 φιλοτιμούμενος;
1575 1101 1614 1128 οὐ
1635 1102 1735 1136 χρυσὸν
1749 1100 1821 1135 λέγω
1841 1100 1888 1128 καὶ

1094 1149 1224 1184 ἄργυρον,
1239 1148 1299 1174 οὐδὲ
1323 1148 1406 1174 λίθων
1432 1147 1640 1183 λαμπρότητας,
1659 1147 1721 1173 οὐδὲ
1735 1146 1790 1173 τῶν
1804 1145 1887 1181 ἐσθη-

1097 1193 1189 1227 μάτων
1199 1193 1250 1224 τὰς
1280 1192 1449 1227 τιμιότητας,
1465 1191 1516 1226 γῆς
1533 1191 1613 1223 ὄντας
1628 1191 1744 1227 καρπὸν,
1759 1190 1888 1217 καὶκατὰ

1094 1240 1145 1273 γῆς
1159 1240 1255 1274 ῥέοντα
1268 1239 1314 1265 καὶ
1328 1237 1463 1272 ὀλλύμενα
1473 1245 1480 1253 ·
1500 1237 1568 1264 ἀλλὰ
1587 1237 1824 1272 δωροφορὴσωμεν
1838 1235 1888 1270 τὴν

1095 1284 1149 1311 τῶν
1163 1285 1264 1318 γηΐνων
1277 1284 1418 1315 ἀπόθεσιν,
1437 1283 1490 1309 τῶν
1503 1282 1635 1318 οὐρανίων
1648 1282 1696 1318 τὴν
1712 1282 1814 1316 ἔφεσιν,
1834 1281 1888 1308 τῶν

1096 1329 1233 1364 σαρκικῶν
1263 1328 1312 1364 τὴν
1339 1328 1490 1365 ὑπεροψίαν
1518 1328 1566 1355 καὶ
1590 1329 1640 1363 τὴν
1666 1328 1807 1364 ἀμέλειαν,
1832 1327 1888 1353 τῶν

1095 1375 1287 1410 πνευματικῶν
1300 1375 1349 1409 τὴν
1365 1374 1497 1410 ἐργασίαν
1510 1374 1556 1400 καὶ
1579 1374 1750 1409 ἐπιμέλειαν·
1767 1374 1812 1400 καὶ
1827 1374 1888 1400 ἀντὶ

1097 1421 1147 1456 μὲν
1159 1420 1207 1455 τῆς
1222 1419 1452 1455 βοσκηματώδους
1463 1421 1509 1447 καὶ
1518 1419 1690 1455 ἁλογωτέρας
1701 1419 1746 1445 τοῦ
1761 1419 1887 1454 σώματος

1097 1467 1204 1501 ἡδονῆς,
1221 1466 1270 1501 τὴν
1281 1466 1330 1500 τῆς
1350 1466 1451 1502 ἀρετῆς
1471 1465 1620 1500 ἐπιθυμίαν
1637 1465 1683 1492 καὶ
1697 1465 1746 1499 τὴν
1758 1466 1887 1500 σπουδήνι

1096 1512 1156 1538 ἀντὶ
1165 1511 1194 1537 δὲ
1211 1511 1260 1546 τῆς
1275 1511 1338 1547 περὶ
1346 1512 1396 1545 τὴν
1409 1511 1600 1546 ἀπολλυμένην
1612 1511 1712 1546 βρῶσιν
1726 1511 1888 1546 πολυεργίας

1099 1557 1146 1583 καὶ
1160 1555 1327 1590 φιλοπονίας,
1353 1557 1408 1584 τῶν
1434 1557 1515 1592 ἱερῶν
1540 1556 1639 1591 λογίων
1661 1557 1708 1583 καὶ
1732 1556 1778 1583 τοῦ
1803 1556 1887 1591 νόμου

1098 1601 1145 1628 τοῦ
1161 1602 1319 1637 Πνεὺματος
1333 1604 1383 1637 τῆς
1399 1601 1472 1637 ζωῆς
1486 1602 1535 1637 τὴν
1548 1602 1671 1637 καθαρὰν
1692 1601 1807 1637 μελέτην
1821 1609 1888 1636 καρ-

1097 1647 1264 1682 ποφορῶμεν
1276 1655 1283 1663 ·
1300 1647 1387 1682 ταύτῃ
1405 1647 1460 1682 γὰρ
1476 1647 1582 1682 ἀληθῶς
1597 1648 1654 1678 τοῖς
1670 1647 1790 1681 γνησίως
1810 1646 1888 1678 δοξά-

1096 1692 1183 1726 ζουσι,
1198 1693 1245 1719 καὶ
1265 1693 1281 1727 ὴ
1303 1692 1357 1719 τῶν
1376 1693 1539 1728 ἐπιτηδείων
1551 1692 1598 1718 τοῦ
1614 1691 1740 1727 σώματος
1755 1692 1824 1727 πρὸς
1838 1691 1886 1718 τοῦ

1095 1737 1220 1772 οὐρανίου
1236 1737 1349 1773 Πατρος,
1360 1737 1397 1769 ὡς
1409 1737 1588 1773 ἐπήγγελται,
1599 1737 1706 1768 πάντως
1715 1736 1809 1763 ἕπεται
1823 1745 1886 1771 χορ-

1094 1783 1170 1817 ηγία.

1130 1827 1186 1854 Καὶ
1200 1826 1253 1861 γὰρ
1268 1826 1317 1853 οὐκ
1331 1826 1391 1860 εικῆ
1410 1825 1458 1861 τὴν
1473 1825 1526 1853 ἀπὺ
1539 1825 1593 1852 τῶν
1612 1825 1777 1860 σωματικῶν
1792 1825 1883 1860 ιργων

1095 1874 1205 1910 ἀργίαν,
1231 1875 1277 1900 καὶ
1306 1874 1422 1908 μάλιστα
1449 1873 1520 1900 κατὰ
1534 1872 1583 1904 τὰς
1609 1873 1685 1908 ίερὰς
1710 1872 1764 1898 τῶν
1782 1871 1883 1906 ἑορτῶν

1097 1919 1212 1955 ἡμέρας,
1241 1919 1340 1954 ὀίερὺς
1367 1919 1490 1954 φαίνεται
1513 1918 1593 1953 νόμος
1622 1917 1805 1952 ξων-τεταχώς-
1827 1916 1885 1944 οὐδ’

1097 1964 1166 1992 ὥστε
1180 1964 1306 2001 ῥᾳστώνῃ
1322 1963 1448 1999 σώματος
1465 1963 1513 1990 καὶ
1535 1963 1643 1990 ἀνέσεσι
1666 1964 1766 1999 σαρκὸς
1781 1964 1887 1997 ἐφεῖναι

1097 2010 1146 2044 τὴν
1169 2009 1258 2045 ψυχὴν
1276 2010 1384 2045 ἡδοναῖς
1396 2017 1403 2025 ·
1429 2009 1583 2035 τούναντίον
1608 2009 1659 2043 μὲν
1669 2007 1726 2040 οὖν,
1744 2009 1790 2035 καὶ
1807 2008 1886 2043 σῶμα

1097 2056 1145 2083 καὶ
1159 2056 1221 2083 νοῦν
1243 2056 1288 2082 καὶ
1302 2055 1388 2090 ψυχὴν
1402 2055 1571 2090 ὲξείργεσθαι
1590 2055 1640 2089 μὲν
1652 2055 1702 2090 τῆς
1718 2055 1792 2081 κάτω
1805 2063 1884 2090 περι-

1098 2102 1193 2137 φορᾶς,
1209 2102 1256 2129 καὶ
1268 2102 1316 2136 τῆς
1333 2101 1397 2136 περὶ
1409 2101 1443 2127 τὰ
1456 2101 1558 2136 μάταια
1577 2100 1727 2136 μοχθηρίας
1741 2102 1789 2126 καί
1803 2100 1883 2134 ὀχλη-

1099 2150 1160 2185 ρίας
1175 2148 1391 2176 ἀπαλλάττεσθαι
1409 2148 1453 2175 διὰ
1476 2148 1526 2182 τῆς
1552 2148 1651 2183 ἀργίας
1678 2148 1862 2183 προμηθείται
1876 2155 1884 2161 ·

1098 2196 1284 2223 ἀνατείνεσθαι
1297 2195 1324 2221 δὲ
1348 2195 1415 2230 πρὸς
1438 2195 1469 2221 τὸ
1487 2194 1567 2229 φύσει
1584 2194 1676 2226 καλὸν,
1691 2195 1722 2220 τὸ
1749 2194 1832 2225 ὅντως
1856 2194 1886 2220 ὃν

1064 2223 1085 2254 Β
1098 2241 1198 2276 ἀγαθὸν
1211 2241 1258 2268 καὶ
1270 2223 1419 2276 ἐπέραστον
1434 2223 1507 2277 πάση
1520 2241 1599 2275 νοερᾷ
1613 2241 1660 2267 καὶ
1670 2223 1777 2275 ,λογικῇ
1789 2223 1868 2273 φάσει
1877 2246 1884 2253 ·

1097 2287 1144 2313 καὶ
1168 2286 1266 2321 σχολὴν
1291 2286 1344 2312 ἀπὸ
1371 2285 1425 2312 τῶν
1459 2285 1592 2320 βιωτικῶν
1618 2286 1736 2320 ἄγοντας
1765 2285 1883 2320 μόχθων,

1097 2333 1178 2360 παντὶ
1195 2332 1283 2359 σθένει
1307 2331 1357 2367 τὴν
1382 2332 1498 2367 κρείττω
1525 2331 1574 2359 καὶ
1603 2332 1735 2366 μένουσαν
1754 2331 1886 2365 ἐργασίαν

1096 2378 1144 2404 τοῦ
1156 2377 1234 2411 λόγου
1253 2378 1300 2404 καὶ
1313 2377 1362 2412 τῆς
1372 2377 1472 2412 ἀρετῆς
1485 2378 1621 2414 προτιμᾷν
1633 2386 1640 2392 ·
1656 2377 1750 2412 ὕμνοις
1762 2385 1791 2402 τε
1805 2376 1886 2406 θείοις

1098 2423 1145 2450 καὶ
1164 2424 1249 2458 ίεραῖς
1264 2423 1318 2449 τῶν
1328 2423 1425 2457 λογίων
1442 2423 1567 2456 μελέταις
1582 2425 1628 2450 καὶ
1644 2423 1807 2459 προσευχαις
1821 2421 1886 2448 ἀεν-

1101 2471 1173 2501 νάοις
1183 2467 1228 2495 τοῦ
1244 2468 1346 2504 Κυρίου
1361 2469 1548 2505 κατατρνφᾷν.

1095 2647 1239 2679 stolorum,
1253 2650 1281 2673 et
1297 2654 1351 2681 qua
1376 2646 1482 2678 relicta,
1502 2646 1541 2682 ad?
1566 2646 1754 2682 aliasigentes
1769 2645 1885 2682 commi-

1113 2686 1218 2713 rarllnt,
1238 2689 1294 2708 uno
1309 2682 1405 2709 relicto
1415 2682 1517 2709 Jacobo
1532 2681 1616 2708 fratre
1640 2681 1748 2708 Domini
1772 2681 1885 2708 Jeroso—

1105 2724 1228 2751 ymorum
1246 2717 1378 2749 antistite,
1397 2724 1478 2751 quem
1497 2717 1585 2743 solum
1600 2723 1662 2743 eum
1680 2716 1762 2743 Petro
1776 2716 1880 2743 Paulus

1092 2751 1269 2786 Jcrosolyiuis
1295 2756 1323 2778 et
1351 2751 1378 2778 in
1407 2751 1499 2778 Judaaa
1525 2751 1644 2782 viderit;
1666 2751 1728 2778 aliis
1752 2751 1883 2777 nimirum

1094 2785 1209 2820 ipsoque
1227 2786 1328 2813 Mathia
1346 2794 1395 2820 per
1410 2786 1476 2813 alias
1493 2786 1619 2820 regiones
1643 2793 1693 2820 pro
1712 2785 1885 2820 apostolatus

1095 2828 1208 2848 munere
1225 2821 1367 2855 dispersis,
1385 2821 1428 2847 ubi
1447 2825 1506 2855 post
1521 2828 1608 2847 annos
1626 2821 1659 2847 M
1672 2829 1687 2847 a
1702 2828 1751 2848 sua
1767 2827 1885 2847 conver-

1095 2856 1183 2887 sione,
1199 2863 1233 2882 eo
1245 2856 1370 2882 ascendit
1383 2859 1413 2882 ut
1427 2856 1537 2884 Petrum
1563 2855 1707 2890 inviseret,
1722 2860 1749 2883 et
1763 2862 1827 2882 cum
1849 2860 1884 2881 eo

1095 2890 1274 2924 Evangelium
1283 2924 1286 2927 _
1294 2891 1440 2918 conferret.
