2078 3154
186 200 239 232 273

539 201 679 232 ORATIO
697 201 775 232 XIV.
796 200 883 231 -ΙΝ
899 201 1054 231 LAUDEM
1073 202 1103 232 S.
1120 202 1275 232 MATHLE
1293 203 1421 234 APOST.

1763 199 1816 231 274

221 258 301 285 οὕτω
324 257 455 292 γὰννυται
482 258 535 290 πᾶς
561 258 712 290 ἀπόστολος
739 258 977 293 δωροφοροὺμενος

1064 258 1133 285 Eum
1154 259 1182 286 in
1206 261 1316 288 modum
1347 259 1508 287 muneribus
1527 257 1614 293 accipi
1631 265 1663 285 ac
1686 255 1817 285 honorari

186 303 233 331 καὶ
243 303 396 338 τιμώμενος
408 313 414 319 ·
429 303 501 330 οὕτω
515 304 561 331 καὶ
574 305 627 336 πᾶς
640 304 716 338 ἅγιος
728 311 734 318 ·
749 304 820 331 οὕτω
835 304 882 331 καὶ
895 305 909 330 ὁ
921 304 974 330 τῶν

186 350 271 384 ἁγίων
289 350 379 385 χαίρει
390 349 466 381 Θεὸς,
486 350 581 384 ’Ἄγιος
596 351 625 376 ὲν
647 349 736 384 ἁγίοις
754 350 972 385 ἀναπαυόμενος,

187 394 234 421 καὶ
245 394 423 429 δοξαζόμενος
439 395 467 421 ὲν
478 394 676 429 δοξαζομένοις,
694 395 708 421 ὁ
725 395 771 422 καὶ
784 396 849 431 ἡμῖν
864 395 909 421 τὸν
926 396 975 430 τῆς

185 440 328 474 ἁγιότητος
343 440 424 474 νόμον
438 439 604 475 νομοθετῶν.

231 485 336 512 Οὐκοῦν
371 485 546 520 σχολάσωμεν
573 486 694 521 σήμερον
721 486 811 522 πάσης
842 488 975 522 ἐργασίας

186 531 316 566 βιωτικῆς
326 538 334 546 ·
354 531 539 566 σχολάσωμεν,
562 532 610 558 καὶ
627 532 736 567 γνῶμεν
751 533 792 559 ὅτι
807 530 884 564 οὗτός
900 534 974 560 ἐστιν

184 579 199 604 ὁ
214 577 290 611 Θεὸς,
306 578 320 603 ὸ
334 577 459 612 καθάπερ
475 578 504 604 ἐν
526 577 652 613 οὐρανοῖς
669 580 725 610 τοῖς
746 579 905 610 ἀποστόλοις
927 579 975 606 αὺ-

185 623 232 650 τοῦ
261 623 405 656 κατοικῶν,
433 623 481 650 καὶ
497 623 556 655 ὅλος
573 624 608 650 δι’
624 623 686 650 ὅλου
712 624 817 656 τούτοις
834 625 974 660 ὑπερφυέ-

184 678 271 697 στατα
284 670 322 706 τῷ
341 670 476 706 πνεύματι
493 671 698 706 συνενούμενος,
715 672 762 698 καὶ
781 672 861 707 σῶμα
876 673 974 699 ἑαυτοῦ

183 717 390 752 πανακήρατον.
408 717 580 751 πανάμωμον
611 718 903 753 κατασκευαζόμενος·
926 719 975 746 καὶ

186 763 224 797 μὴ
237 762 456 797 περιφρονῶμεν,
474 762 531 789 ἀλλ’
546 762 671 797 εἰδῶμεν,
697 763 735 794 ὡς
752 764 806 798 ὅτῳ
831 763 865 790 ἂν
881 765 975 799 τρόπῳ

182 808 240 837 τοῖς
256 806 391 841 μαθηταῖς
407 806 638 842 προσφερώμεθα,
654 806 734 833 τοῦτο
752 808 820 842 πρὸς
833 808 915 836 αὐτὸν
929 810 976 835 εὑ-

184 852 303 882 θυσόλως
317 853 362 878 τὸν
379 852 546 880 Διδάσκαλον
561 853 764 887 ἀναπέμπεται,
783 855 838 881 Καὶ
851 855 946 890 ὥσπερ
961 857 975 883 ὁ

183 898 327 932 δεχόμενος
347 898 457 931 αὐτοὺς,
474 899 521 925 τὴν
537 898 735 926 ἀποστείλαντα
760 899 888 935 δέχεται·
904 901 975 928 οὕτω

183 946 232 972 καὶ
242 947 255 972 ὸ
269 946 384 978 ἀθετῶν,
402 946 505 973 ἐκεῖνον
517 946 608 972 ἀθετεῖ
617 946 727 982 δηλαδή.

223 991 300 1017 Ἐπεὶ
312 991 340 1017 δὲ
356 991 441 1018 ταῦτα
456 991 503 1017 καὶ
521 991 630 1026 εἴρηται
655 992 746 1023 καλῶς
762 993 810 1020 καὶ
831 994 978 1020 πεπίστευ-

181 1045 239 1070 ται,
254 1037 320 1072 φέρε
335 1037 367 1072 δὴ
386 1038 433 1063 καὶ
454 1038 574 1073 σήμερον
599 1038 670 1065 κατὰ
685 1038 715 1065 τὸ
731 1039 831 1074 μέτρον
852 1039 903 1075 τῆς
915 1041 976 1067 ἑπι-

182 1083 386 1118 χορηγουμένης
413 1083 518 1110 ἄνωθεν
548 1084 679 1119 χάριτος,
708 1085 763 1112 τῶν
787 1085 975 1112 ἁποστολικῶν

182 1129 301 1156 ἐπαίνων
328 1128 472 1163 ἀῷιμεθα,
490 1130 537 1156 καὶ
552 1129 598 1156 τοῦ
617 1131 692 1166 ἱεροῦ
709 1131 756 1158 καὶ
769 1131 842 1159 θείου
856 1132 974 1164 Μαθίου,

183 1174 253 1201 κατὰ
263 1175 294 1201 τὸ
306 1175 366 1201 ὲνὸν
380 1175 430 1210 τῆς
446 1175 599 1210 δυνάμεως,
615 1177 669 1203 τῶν
683 1177 829 1212 εὐφημιῶν
843 1186 975 1213 κατατρυ-

183 1219 296 1255 φόμεν’
315 1221 365 1247 οὐκ
376 1221 416 1253 εἰς
429 1221 531 1255 πλῆθος
548 1222 595 1248 τὸν
608 1222 686 1257 λόγον
697 1223 900 1255 ἀποτείνοντες·
915 1225 976 1251 οὐδὲ

183 1266 238 1300 γὰρ
250 1266 390 1301 ἀνέχονται
402 1267 593 1303 μακρηγοριας
606 1268 632 1294 οἱ
646 1269 709 1303 περὶ
719 1268 774 1296 τῶν
785 1269 867 1296 θείων
878 1269 973 1305 ὕμνοι·

183 1310 223 1344 τῷ
246 1311 462 1346 συντετμημένῳ
489 1312 517 1339 δὲ
547 1313 647 1348 μᾶλλον
663 1313 773 1348 ἥδονται
800 1315 848 1341 καὶ
871 1315 974 1350 γοργῷ.

185 1356 292 1388 Ἀλλως
305 1356 344 1390 δὲ,
361 1358 421 1384 οὐδὲ
438 1358 498 1384 καθ’
515 1358 630 1385 ἕκαστον
652 1360 706 1386 τῶν
721 1361 873 1396 εἰρημένων
888 1360 973 1396 αὐτῷ,

184 1402 205 1437 ἦ
215 1403 428 1438 πεπραγμένων,
443 1404 494 1431 ὅσα
509 1406 568 1436 ταῖς
583 1407 702 1440 μακραῖς
717 1407 852 1442 περιόδοις
867 1416 976 1442 κατωρ-

185 1447 293 1475 arbuto
316 1449 442 1481 διεξιέναι
458 1451 558 1482 σκοπός
571 1460 578 1468 ·
594 1452 664 1478 ἀλλὰ
682 1452 789 1487 πρῶτον
806 1454 855 1489 μὲν
878 1454 927 1488 τὴν
942 1455 977 1481 ἱε-

187 1494 237 1528 ρὰν
255 1494 352 1529 κλῆσιν
363 1515 370 1526 ,
389 1495 484 1522 ἔπειτα
498 1496 547 1531 τὴν
570 1497 624 1524 ἀπὸ
641 1498 690 1532 τῆς
705 1497 834 1534 δευτέρας
844 1499 898 1526 τῶν
910 1500 977 1526 ἀπο-

186 1539 288 1565 στόλων
300 1539 403 1572 τάξεως
425 1541 471 1567 ἐπὶ
482 1541 531 1576 τὴν
553 1542 666 1577 πρώτην
681 1543 765 1570 αὐτοῦ
783 1546 979 1580 προσυπομνή·

187 1593 283 1617 σαντες
311 1587 457 1622 ἀναγωγήν
505 1585 564 1614 εἶτα
590 1588 640 1623 τὴν
666 1589 786 1624 μέθεξιν,
809 1591 870 1625 ἢτοι
895 1591 977 1626 λῆψιν

185 1630 234 1657 τοῦ
260 1632 429 1666 Πνεῦματος,
449 1633 497 1660 καὶ
522 1634 571 1670 τὴν
583 1635 767 1671 ἀποστολικὴν
793 1640 906 1673 πορείαν
918 1639 978 1664 ἐπι-

186 1679 343 1712 τέμνοντες,
367 1679 414 1705 καὶ
444 1679 547 1714 βραχέα
571 1681 829 1717 προσφωνήσαντες,
857 1683 977 1716 ἀφοσιω-

187 1723 292 1758 σόμεθα
307 1723 425 1759 μετρίως
438 1723 510 1751 οὕτω
523 1726 572 1760 τὴν
587 1726 712 1761 ὀφειλὴν.

228 1769 358 1802 Ἐκεῖνος,
383 1771 553 1807 Ἰσραηλίτης
574 1772 624 1807 μὲν
639 1771 673 1808 ἦν
701 1773 819 1809 ἀληθῶς,
838 1773 933 1810 ὥσπερ
947 1775 978 1810 δὴ

187 1815 235 1842 καὶ
249 1816 351 1847 πάντες
370 1817 395 1842 οἱ
424 1817 558 1852 μαθηταὶ,
585 1819 633 1845 καὶ
658 1819 754 1846 τέκνον
769 1819 818 1846 τοῦ
840 1820 978 1856 Ἀϐραὰμ,

186 1861 226 1892 ὡς
248 1861 278 1887 τὺ
296 1861 377 1896 ἔργον
397 1861 556 1896 πεποιηκὼς
567 1862 614 1890 τοῦ
635 1863 778 1899 Ἀϐραάμ·
792 1864 870 1901 εἴπερ
899 1865 979 1900 ἔργον

188 1907 305 1940 ἐκείνου,
321 1907 413 1939 πίστις
436 1908 599 1944 εἰλικρινὴς,
616 1910 663 1936 καὶ
679 1910 695 1945 ἡ
722 1910 842 1946 ἑπομένη
857 1911 925 1946 αὐτῇ
941 1911 980 1938 δι-

188 1952 331 1987 καιοσύνη”
353 1952 464 1988 ἐλεγχος
485 1953 514 1981 δὲ
528 1954 621 1989 πάσης
635 1955 686 1989 τῆς
703 1955 831 1988 πίστεως,
846 1958 861 1982 ό
877 1956 980 1992 Κύριος

195 1997 308 2032 Ἰησοῦς,
321 1997 352 2029 ὃς
364 1998 412 2024 καὶ
435 1997 508 2030 λίθος
524 1999 747 2034 προσκόμματος,
762 2000 810 2026 καὶ
830 1999 918 2034 πέτρα
938 2008 981 2026 τε-

189 2043 295 2069 θεῖσθαι
312 2044 468 2079 γέγραπται
497 2044 657 2076 σκανδάλου,
679 2044 781 2079 δηλαδὴ
808 2046 864 2076 τοῖς
881 2046 981 2082 καρδίᾳ

190 2089 370 2123 κεχρημένοις
382 2089 505 2125 σωμὸῇ·
521 2090 659 2124 ἀνευθέτῳ
676 2089 789 2125 γνώμης
798 2090 975 2127 στρεϐλότητι

190 2135 237 2160 καὶ
248 2134 452 2171 διεστραμμένη
463 2136 579 2171 διανοίᾳ,
603 2136 642 2171 τῷ
656 2136 752 2172 ἀγαθῷ
772 2137 820 2163 καὶ
834 2137 909 2164 εὐθεῖ
931 2137 981 2173 τὴν

191 2180 272 2214 φύσιν
291 2182 503 2217 προσπταίουσι,
530 2182 579 2209 καὶ
606 2183 813 2219 ἑφαρμοσθῆναι
828 2184 915 2219 τούτῳ
944 2184 982 2220 μὴ

192 2227 374 2262 βουλομένοις,
392 2228 408 2263 ἢ
426 2228 464 2263 μὴ
474 2228 632 2264 δυναμένοις
643 2237 649 2244 ·
665 2230 738 2261 ὅσοις
750 2229 778 2256 δὲ
789 2229 852 2262 νοῦς
865 2230 982 2266 εὐθύτη-

1028 304 1150 338 gestittnt
1164 313 1259 333 omnes
1275 307 1390 342 apostoli
1411 315 1416 333 :
1439 306 1480 333 sic
1494 310 1521 332 et
1536 304 1622 332 sancti
1646 311 1761 336 omnes;
1777 304 1817 331 sic

1028 353 1056 376 et
1074 355 1230 378 sanctorum
1248 352 1329 384 Deus,
1342 352 1387 387 qui
1401 351 1518 379 Sanctus
1530 351 1556 377 in
1570 350 1672 377 sanctis
1682 349 1818 384 conquie-

1028 397 1089 428 scit,
1105 398 1288 434 laudibusque
1304 399 1443 434 excipitur
1459 399 1487 426 in
1502 399 1535 425 iis
1548 397 1595 432 qui
1613 397 1771 429 laudantur,
1785 403 1818 423 ac

1028 442 1108 470 nobis
1124 447 1153 470 ut
1168 443 1254 471 simus
1268 443 1366 476 sancti,
1383 443 1442 479 lege
1453 443 1550 470 sancit.

1063 488 1149 523 Igitur
1177 495 1308 517 vacemus
1327 489 1409 518 hodie
1432 489 1466 517 ab
1490 489 1564 516 omni
1585 497 1619 516 ex
1643 488 1735 516 seculi
1765 496 1817 515 usu

1027 539 1127 566 opere;
1150 539 1280 560 vacemus
1295 541 1328 560 ac
1356 533 1551 568 intelligamus,
1568 533 1698 568 quoniattt
1715 533 1759 559 hic
1773 537 1816 560 est

1028 578 1111 610 Deus,
1124 578 1171 612 qui
1185 578 1213 605 in
1225 579 1356 613 apostolis
1368 579 1425 607 suis
1441 579 1546 606 habitat
1558 579 1632 606 velut
1643 579 1669 606 in
1683 578 1761 606 cmlis
1772 578 1794 594 ιθ
1807 587 1815 611 ;

1029 627 1157 658 totusque
1171 632 1204 652 cx
1221 629 1277 653 toto
1291 625 1331 653 eis
1343 633 1426 661 supra
1437 634 1519 660 quam
1530 625 1630 652 eximia
1641 625 1746 652 ratione
1758 625 1816 660 spi-

1029 669 1084 696 ritu
1100 670 1205 703 unitur,
1229 676 1364 705 suumque
1380 671 1650 705 incorruptissimum
1667 675 1695 698 et
1720 671 1819 698 imma—

1028 715 1228 743 culatissimum
1250 722 1351 750 corpus
1368 716 1429 743 illos
1454 715 1558 743 allicit:
1587 723 1638 743 nec
1653 722 1719 743 vero
1748 722 1817 743 con-
1866 730 1869 733 ι

1030 765 1192 793 temnamus,
1202 761 1250 788 sed
1267 761 1463 796 intelligamus,
1480 769 1535 796 quo
1552 761 1660 789 tandem
1676 758 1758 788 modo
1774 760 1816 787 usi

1028 806 1173 842 discipulis
1197 807 1340 839 fuerimus,
1355 807 1382 834 id
1397 807 1430 834 ad
1445 807 1534 841 ipsum
1557 811 1632 834 recta
1657 806 1816 841 Magistrum

1029 859 1171 889 spectare:
1185 862 1217 881 ac
1233 854 1306 881 sicut
1319 854 1366 888 qui
1382 861 1430 880 eos
1446 853 1554 888 recipit,
1577 859 1640 880 eum
1655 853 1753 887 recipit
1769 851 1816 887 qui

1029 900 1118 935 ipsum
1134 900 1226 932 misit,
1242 901 1282 928 sic
1302 899 1349 935 qui
1367 899 1483 935 spernit,
1500 898 1576 927 illum
1593 899 1688 934 utique
1703 906 1817 933 sperne-

993 937 1014 964 Β
1029 954 1070 979 re,
1083 951 1159 974 certo
1175 946 1334 974 noverimus
1348 946 1381 973 “.

1063 992 1290 1027 Quandoquidem
1306 997 1397 1019 autent
1425 991 1483 1019 haec
1497 995 1571 1019 recte
1593 995 1650 1018 tum
1666 991 1739 1019 dicta
1759 996 1817 1019 tum

1029 1038 1133 1066 credita
1146 1042 1220 1070 sunt,
1233 1045 1281 1073 age
1296 1038 1378 1065 hodie
1392 1038 1475 1066 etiam
1491 1045 1541 1073 pro
1555 1045 1693 1066 concessa
1709 1038 1817 1066 crelitus

1029 1084 1121 1119 gratia:
1147 1084 1269 1117 modulo,
1301 1085 1466 1119 apostolicas
1492 1083 1589 1111 laudes
1615 1084 1816 1120 aggrediamur,

1029 1130 1155 1165 sacrique
1165 1138 1198 1157 ac
1213 1129 1299 1157 divini
1317 1130 1435 1163 Mathiat,
1457 1133 1560 1165 quanta
1574 1129 1615 1157 vis
1628 1130 1711 1158 animi
1735 1138 1766 1158 ac
1777 1130 1818 1158 fa-

1029 1177 1126 1208 cultas,
1140 1177 1286 1211 praaconiis
1300 1176 1354 1204 laeti
1367 1176 1557 1211 indulgeamus
1572 1185 1578 1203 :
1594 1183 1649 1203 non
1665 1184 1696 1204 ea
1712 1176 1819 1204 ratione

1030 1226 1060 1249 ut
1076 1230 1231 1250 sermonem
1251 1223 1329 1258 copia
1347 1223 1542 1257 protrahamus
1557 1230 1564 1249 :
1580 1229 1644 1249 nam
1669 1228 1758 1256 neque
1774 1221 1818 1248 di-

1029 1267 1100 1295 vinae
1115 1268 1210 1295 laudes
1225 1268 1410 1302 prolixitatem
1427 1267 1528 1300 ferunt,
1551 1267 1617 1302 quin
1634 1266 1712 1294 brevi
1724 1266 1818 1302 potius

1029 1321 1062 1340 ac
1070 1313 1155 1340 vivaci
1166 1321 1214 1340 seu
1230 1313 1342 1341 incitato
1358 1313 1469 1348 eloquio
1479 1313 1602 1348 proclive
1614 1313 1818 1348 depangunlur.

1030 1359 1068 1386 Ac
1084 1367 1136 1386 nec
1153 1363 1286 1394 praeterea
1301 1359 1368 1386 illud
1383 1359 1477 1387 animo
1494 1359 1684 1391 constitutum,
1698 1362 1728 1385 ut
1747 1357 1820 1385 dicta

1030 1412 1146 1439 qumque
1163 1409 1211 1432 aut
1240 1404 1310 1432 facta
1335 1404 1518 1440 (quaecunque
1534 1405 1640 1432 scilicet
1652 1412 1701 1440 per
1724 1404 1820 1439 longOs

1031 1450 1164 1477 circuitus
1179 1451 1309 1485 praeclare
1336 1450 1375 1478 illi
1394 1456 1469 1486 gesta
1483 1451 1558 1486 sunt)
1582 1450 1748 1482 edisseram;
1771 1449 1820 1477 sed

1032 1501 1061 1523 ut
1074 1496 1194 1531 primum
1216 1504 1293 1524 sacra
1309 1496 1453 1524 vocatione
1473 1497 1569 1527 relata,
1595 1500 1707 1531 tumque
1720 1496 1781 1531 ejus
1804 1502 1819 1522 a

1031 1542 1152 1570 secunda
1166 1542 1200 1569 ad
1223 1543 1339 1577 primam
1364 1543 1551 1577 apostolorum
1577 1543 1692 1570 classem
1720 1549 1820 1577 prove-

1032 1589 1122 1616 ctione
1133 1593 1258 1621 narrata;
1271 1588 1426 1624 exindeque
1439 1588 1604 1623 compendio
1617 1587 1746 1615 collatum
1757 1588 1819 1623 Spi-

1032 1634 1102 1661 ritus
1125 1634 1238 1666 donum,
1259 1642 1291 1662 ac
1308 1642 1358 1669 pro
1374 1634 1526 1669 apostolico
1552 1641 1667 1661 munere
1690 1638 1819 1668 suscepta

1032 1680 1131 1707 itinera
1141 1679 1276 1711 exsecuti,
1291 1679 1424 1714 brevique
1434 1678 1632 1707 acclamatione
1649 1685 1697 1706 seu
1715 1678 1819 1706 saluta-

1033 1726 1107 1753 tione
1120 1725 1218 1757 functi,
1230 1725 1270 1753 sic
1280 1725 1321 1752 vel
1332 1725 1438 1752 modice
1449 1724 1574 1753 debitum
1591 1724 1789 1759 persolvemus.

1068 1772 1183 1799 Mathias
1209 1779 1275 1799 vere
1287 1770 1332 1799 ille
1344 1772 1456 1807 quidem
1473 1771 1595 1798 Israelita
1611 1770 1673 1803 fuit,
1690 1769 1821 1805 quemad-

1034 1818 1145 1846 modum
1174 1819 1258 1846 etiam
1275 1818 1374 1853 reliqui
1393 1816 1574 1852 discipuli“,
1600 1821 1681 1852 atque
1703 1816 1821 1844 Abrahae.

1033 1863 1117 1897 ﬁlius,
1142 1867 1172 1891 ut
1195 1864 1243 1898 qui
1260 1863 1377 1891 Abrahae
1390 1870 1459 1899 opus
1474 1863 1571 1890 fecerit
1590 1871 1597 1889 :
1623 1862 1725 1898 quippe
1750 1869 1821 1897 opus

1033 1909 1118 1942 illius,
1135 1917 1201 1937 vera
1216 1909 1284 1937 fides
1300 1913 1360 1942 est;
1377 1916 1408 1936 ac
1423 1915 1484 1943 quae
1500 1909 1566 1936 huic
1592 1915 1684 1935 eomes
1700 1907 1819 1939 exsistit,

1030 1956 1148 1992 justitia.
1171 1956 1268 1983 Omnis
1287 1959 1380 1983 autem
1396 1955 1459 1982 ﬁdei
1474 1954 1612 1989 probatio,
1627 1952 1760 1980 Dominus
1773 1953 1820 1980 Je-

1033 2010 1092 2033 sus,
1105 2009 1187 2036 quem
1211 2001 1330 2036 lapidem
1343 2000 1506 2028 offensionis
1520 2003 1549 2026 et
1568 2003 1675 2034 petram
1698 1998 1820 2026 scandali

1033 2048 1176 2084 Scriptura
1189 2048 1308 2083 positum
1332 2050 1464 2078 testatur;
1481 2052 1580 2080 nempe
1603 2045 1657 2072 illis
1671 2043 1720 2079 qui
1735 2052 1821 2079 pravo

1034 2097 1180 2122 versantur
1207 2093 1291 2121 corde
1305 2092 1341 2125 "‘;
1368 2092 1415 2127 qui
1439 2091 1571 2118 nimirum
1599 2091 1692 2126 inepta
1718 2090 1821 2118 mentis

1034 2140 1214 2175 perversitate
1228 2147 1260 2166 ac
1277 2138 1397 2174 obliquis
1417 2138 1501 2165 animi
1519 2137 1682 2169 rationibus,
1705 2137 1744 2164 illi
1769 2136 1821 2164 im-

1034 2186 1151 2221 pingunt
1163 2186 1210 2220 qui
1237 2189 1334 2212 natura
1350 2184 1438 2211 bonus
1452 2188 1598 2218 rectusque
1622 2187 1674 2215 est,
1695 2190 1746 2210 nec
1767 2183 1820 2217 ipsi

1035 2232 1157 2266 coaptari
1170 2236 1218 2259 aut
1234 2231 1340 2263 volunt,
1366 2233 1413 2257 aut
1429 2233 1559 2265 possunt:
1577 2232 1713 2264 quotquot
1728 2231 1819 2255 autem

191 2281 237 2304 τος
254 2273 367 2309 μέτοχος
381 2274 428 2300 καὶ
445 2274 625 2310 ἀγαθότητος,
640 2275 679 2310 τῷ
696 2276 781 2311 ὁμοίῳ
794 2275 824 2302 τὸ
838 2276 931 2310 ὅμοιον
944 2277 977 2308 ὡς

1035 2286 1066 2306 ea
1079 2282 1170 2305 mente
1185 2277 1304 2312 praediti,
1320 2283 1382 2311 quae
1395 2275 1430 2303 sit
1447 2274 1622 2302 rectitudinis
1635 2274 1773 2308 particeps
1788 2280 1821 2300 ac

195 2320 306 2353 τάχιστα
330 2319 438 2353 γνόντες
457 2321 506 2347 καὶ
523 2321 747 2353 πεπιστευκότες,
772 2322 819 2348 καὶ
842 2322 887 2348 τὸν
917 2322 977 2350 Tibi

1034 2323 1178 2355 bonitatis,
1197 2323 1288 2350 simile
1306 2321 1389 2349 simili
1407 2327 1488 2356 quam
1517 2320 1660 2348 celerrime
1681 2326 1818 2354 cognove-

192 2364 239 2391 τοῦ
255 2365 399 2400 ἀνθρώπου
413 2366 484 2393 κατὰ
497 2366 578 2400 φύσιν
593 2367 731 2402 ὁρώμενον
753 2368 801 2394 καὶ
812 2368 983 2403 γνωριζὴμε-

193 2419 248 2440 νον,
271 2410 317 2436 τὸν
331 2411 412 2437 αὑτὸν
427 2412 474 2438 καὶ
491 2412 555 2438 Υἰὸν
568 2412 636 2438 Θεοῦ
664 2412 752 2447 ἀληθῆ
770 2414 827 2444 τοῖς
844 2413 983 2448 ὑπερφυε-

195 2457 301 2488 στὰτοις
326 2457 380 2484 τῶν
409 2458 568 2493 θαυμασίων
589 2458 777 2493 βεϐαιούμενοι
791 2479 798 2492 ,
829 2456 902 2486 οὗτοι
934 2460 982 2487 καὶ

194 2503 276 2530 τέκνα
303 2502 349 2530 τοῦ
367 2503 505 2539 Ἀϐραὰμ,
528 2504 566 2536 ὡς
589 2504 628 2539 τῷ
647 2505 750 2531 ἐκείνου
773 2506 912 2540 μιμήματι
937 2515 984 2532 πιι

196 2549 347 2581 στεὺοντες,
361 2550 409 2576 καὶ
427 2550 513 2576 τέκνα.
538 2550 617 2583 Θεοῦ,
639 2551 689 2577 οὐκ
705 2551 850 2587 ἀκολουθίᾳ
878 2552 985 2586 φύσεως

194 2594 255 2620 οὐδὲ
271 2596 391 2630 σαρκίνῳ
411 2595 570 2631 γεννώμενα
596 2597 748 2631 θελήματι,
764 2597 808 2624 διὰ
823 2598 939 2630 πίστεως
956 2599 984 2625 δὲ

196 2640 242 2667 καὶ
258 2641 369 2676 ἀγάπης
386 2641 432 2668 τοῦ
449 2642 619 2676 Μονογενοῦς
632 2642 854 2678 ἁναγεννώμενα.

234 2733 344 2760 Τούτων
358 2731 399 2765 εἷς
415 2734 462 2760 καὶ
477 2736 491 2761 ὁ
507 2735 717 2771 μακαριώτατος
742 2736 909 2772 ἐχρημάτισε
928 2739 986 2764 Μα-

198 2779 268 2812 θίας,
284 2779 331 2806 καὶ
351 2779 451 2813 ἀγαθὸς
466 2781 516 2816 τὴν
530 2781 620 2816 ψυχὴν
633 2782 666 2809 ὲκ
693 2782 788 2813 παιδὸς
805 2782 854 2813 ὢν,
877 2783 925 2809 καὶ
940 2783 985 2810 τὸν

198 2825 260 2852 νοῦν
273 2825 365 2858 εὐθὺς,
375 2827 422 2852 καὶ
434 2826 484 2861 τὴν
500 2827 613 2862 καρδίαν
626 2827 730 2863 πραῢς,
747 2829 794 2854 καὶ
805 2827 856 2863 τὴν
871 2829 985 2864 γνώμην

1034 2373 1098 2396 runt
1119 2376 1151 2396 ac
1179 2367 1367 2399 crediderunt,
1394 2366 1548 2400 Filiumque
1575 2365 1696 2392 hominis
1723 2369 1822 2392 natura

1034 2415 1213 2449 conspicuum
1228 2421 1260 2441 ac
1281 2412 1429 2446 visibilem,
1450 2412 1578 2439 eumdem
1609 2411 1697 2446 ipsum
1724 2419 1821 2438 verum

1033 2460 1082 2488 Dei
1109 2461 1219 2491 Filium”,
1248 2459 1451 2495 prtemagnifica
1471 2458 1613 2494 signorum
1633 2458 1695 2485 luce
1714 2457 1820 2484 inducti

1035 2511 1111 2534 certo
1125 2506 1334 2537 existimarunt;
1354 2504 1382 2531 hi
1396 2504 1512 2536 scilicet,
1531 2508 1589 2531 tum
1605 2503 1653 2530 filii
1670 2503 1818 2535 Abraham,

1034 2551 1195 2579 velutillius
1210 2551 1355 2578 credentes
1379 2550 1515 2584 exemplo,
1543 2552 1599 2576 tum
1619 2548 1666 2576 lilii
1682 2548 1741 2580 Dei,
1764 2555 1818 2575 non

1034 2602 1138 2625 natura:
1151 2597 1250 2624 ordine
1267 2601 1315 2624 aut
1339 2596 1431 2623 carnis
1447 2596 1589 2623 voluntate
1616 2595 1683 2627 nati,
1703 2593 1751 2621 sed
1772 2601 1821 2627 per

1035 2643 1172 2678 Unigeniti
1196 2643 1277 2670 ﬁdem
1305 2650 1338 2669 ac
1362 2641 1540 2670 dilectionem
1568 2640 1675 2671 renati,
1705 2638 1818 2666 exstite-

1035 2694 1111 2717 runt.

1075 2736 1176 2763 Horum
1200 2743 1215 2762 e
1240 2742 1357 2762 numero
1381 2742 1452 2762 unus
1469 2733 1574 2761 exstitit
1594 2736 1621 2758 et
1644 2729 1820 2757 beatissimus

1037 2783 1168 2810 Matltias:
1185 2789 1310 2817 nempea
1336 2781 1438 2808 teneris
1461 2779 1607 2814 unguibus,
1635 2777 1705 2803 bona
1729 2775 1820 2802 anima

1037 2833 1119 2864 atque
1143 2829 1234 2856 indole
1260 2828 1402 2863 praeditus,
1429 2830 1573 2859 menteque
1593 2826 1685 2849 rectus
1700 2825 1728 2849 et
1750 2820 1821 2848 lenis

236 2912 340 2940 "Psal.
359 2921 418 2946 xtv,
439 2913 480 2942 ll.
519 2914 540 2930 ⁸³
555 2913 621 2942 Luc.
641 2923 668 2949 x,
687 2915 727 2942 16.
766 2914 878 2943 “Joan.
896 2923 914 2948 ι,
928 2915 980 2949 -i7;
1002 2923 1060 2948 vm,
1077 2916 1120 2943 59.
1160 2916 1182 2932 ³⁸
1198 2917 1250 2942 lsa.
1271 2923 1325 2946 \ttt,
1347 2914 1377 2940 ll
1395 2921 1401 2945 ;
1430 2912 1507 2938 llum.
1533 2919 1569 2943 II,
1584 2908 1628 2936 53-
