2078 3154
227 206 282 237 2⁵15

811 207 958 237 ΝΙΟΕΤιΕ
977 207 1201 238 PAPHLAGON
1206 208 1242 238 IS

1808 205 1865 238 276

227 262 330 294 animo,
356 269 493 297 sensuque
511 263 637 298 placidus
659 272 692 291 ac
720 263 861 292 modestus
887 265 1016 300 mitisque

1078 266 1195 301 [ρηστὸς,
1210 264 1310 292 καὶτὸν
1320 265 1369 301 τῆς
1382 264 1470 301 ψυχῆς
1478 265 1578 301 τρόπον
1591 264 1726 300 ἐπιεικὴς,
1737 264 1774 296 ὡς
1785 264 1867 299 μόνον

228 315 291 335 cum
306 313 389 341 esset,
400 309 447 336 ubi
462 309 582 344 primum
594 311 658 338 Jesu
670 310 741 339 fama
756 312 784 339 in
801 312 928 340 omnium
943 319 1025 339 aures

228 354 361 387 insonuit,
380 359 578 390 cmperuntque
591 355 694 383 Chriin
716 357 849 385 miracula
863 358 890 384 in
909 357 1022 386 Christo

228 399 447 432 increbrescere,
474 401 546 428 haud
562 402 628 429 satis
640 403 746 436 putavit
769 403 865 431 auditu
888 404 947 431 solo
958 412 1023 431 ver-

228 443 294 471 bum
311 445 468 480 suscipere;
485 446 552 480 quin
567 450 596 472 et
613 447 737 474 cucurrit
763 448 855 475 animo
878 448 976 475 avidus
992 453 1024 475 ut

229 491 297 526 ipsis
313 499 422 526 quoque
437 491 526 518 oculis
541 492 737 519 miraculorum
751 492 891 528 inspector
904 493 993 521 ﬁeret.

264 537 324 563 Mox
338 537 429 571 itaque
440 544 472 564 ac
489 537 568 571 vidit,
580 545 633 564 non
653 537 801 572 dubitavit,
813 543 860 566 aut
875 539 950 566 velut
975 541 1022 575 qui

229 582 344 610 modica:
379 582 442 610 ﬁdei
468 587 542 616 sunt,
575 591 677 618 anceps
709 585 799 612 haesit.
832 585 892 612 Non
920 586 1022 613 invidia

228 629 342 662 exarsit,
368 629 443 656 velut
459 630 651 666 malignissimi
671 631 776 664 Judmi;
796 639 850 659 non
869 632 1022 660 dementis-

228 674 362 701 simorum
374 675 518 710 gentilium
536 683 613 704 more
629 676 740 711 segnior
755 676 827 710 fuit;
843 678 910 712 quin
929 677 1022 705 animo

228 719 383 752 revirescit,
395 720 532 747 excitatur
545 722 664 756 spiritu;
689 729 722 749 ac
734 722 846 757 quidem
866 727 958 751 mente
973 723 1022 751 ad-

229 764 357 796 miratur.
374 765 401 792 in
417 765 587 793 desiderium
612 774 677 794 vero
691 767 822 795 transfert
845 769 1020 803 miraculum,

229 810 455 846 desideriumque
487 812 629 840 desiderio
653 813 816 846 cumulans,
843 814 871 841 in
896 815 1020 842 divinum

229 862 351 881 amorem
363 855 500 890 provehit.
512 856 676 884 Vehementi
694 858 813 893 denique
835 863 1021 895 contentaque

229 899 393 928 bonil‘ormis
422 901 525 928 amoris
555 902 675 935 ardore,
705 903 818 938 depulsa
847 910 1019 932 terrenorum

230 947 305 973 omni
331 947 493 982 cupiditate,
525 947 655 983 omnique
684 950 777 977 swculi
803 950 886 986 hujus
906 959 1022 979 excussa
1039 939 1059 966 Β

229 1001 311 1026 cura;
324 998 406 1029 atque
422 996 587 1023 necessariis
601 997 713 1031 quidem
727 997 857 1024 omnibus
877 997 953 1024 velut
971 998 1022 1024 mi-

230 1039 305 1067 nime
331 1041 496 1069 necessariis
524 1043 636 1077 spretis,
664 1043 890 1078 charissimisque
919 1043 1023 1071 relictis

229 1086 463 1118 velutextraneisi
478 1089 602 1115 omnium
620 1089 680 1116 vice
695 1097 779 1116 unum
792 1089 894 1124 oppido
911 1090 1023 1124 optabat

231 1133 352 1161 nancisci
373 1128 478 1161 .lesum.
507 1135 562 1162 Has
593 1144 663 1164 uuas
683 1137 865 1172 percupiebat
887 1137 1020 1165 divitias:

231 1183 315 1206 totam
331 1180 370 1206 illi
390 1180 474 1208 vitam
491 1189 583 1208 comes
598 1182 739 1210 adluerere
753 1183 872 1215 avebat;
893 1188 921 1210 et
935 1189 965 1211 ut
981 1183 1024 1210 di-

229 1225 308 1253 vinas
322 1226 395 1254 illius
414 1232 568 1255 mereretur
584 1228 682 1256 audire
699 1229 919 1264 praedicationes,
937 1230 1024 1264 pluris

231 1271 271 1299 illi
286 1280 396 1300 servum
413 1281 485 1306 esse,
502 1283 584 1310 quam
594 1279 624 1302 ut
636 1275 828 1303 universorum
844 1275 929 1304 herus
939 1279 1022 1308 esset,

231 1317 351 1346 habebat
366 1328 372 1346 :
389 1328 473 1347 unum
502 1321 579 1348 illum
595 1322 658 1349 vita:
680 1331 736 1350 suo:
754 1328 860 1358 patrem
878 1327 906 1351 ct
934 1328 1025 1358 pasto-

232 1371 290 1391 rem
301 1368 383 1400 atque
402 1366 564 1401 magistrum
580 1372 608 1395 et
621 1372 819 1403 praeceptorem
831 1368 963 1396 ducebat.

266 1410 338 1444 Quid
353 1419 419 1439 vero
430 1412 562 1440 Dominus
574 1413 585 1440 Τ
603 1422 668 1441 num
682 1414 811 1450 discipuli
822 1415 1025 1442 annulationem

232 1457 354 1491 sprevit?
380 1458 434 1485 Aut
447 1458 559 1487 admisit
574 1460 699 1495 quidem.
725 1461 772 1488 sed
783 1474 785 1476 -
797 1465 887 1488 tamen
904 1461 1024 1489 lidelium

235 1503 322 1530 turba:
348 1503 544 1532 innumerabili
566 1506 686 1541 adlegit?
711 1507 755 1534 vel
784 1507 904 1542 denique
928 1507 1025 1542 paucis

235 1547 346 1582 quidem
370 1553 398 1576 et
427 1549 474 1584 qui
502 1549 581 1578 facile
599 1556 814 1579 numerarentur
837 1553 990 1584 accensuit,
1008 1560 1023 1580 a

1077 311 1154 348 ήτοῦ
1181 311 1268 345 Ἰησοῦ
1285 312 1363 347 φήμη
1379 311 1432 338 ἀνὰ
1453 312 1543 342 πάσας
1567 311 1622 338 τῶν
1648 310 1802 346 ἀνθρώπων
1825 310 1865 336 δι-

1076 358 1167 392 ηχείτο
1182 356 1277 388 ἀκοὰς,
1295 357 1342 383 καὶ
1351 356 1386 382 τὰ
1400 356 1447 382 τοῦ
1464 355 1582 391 Χριστοῦ
1600 355 1740 390 θαυμάσια
1755 356 1783 381 ἐν
1798 355 1867 390 Χρι-

1076 402 1131 437 στῷ
1146 401 1365 433 ἁπεκαλύπτετο,
1390 404 1441 429 οὐκ
1456 401 1593 437 αὔταρκες
1607 402 1708 437 ἥγηται
1728 400 1761 427 δι’
1779 401 1867 435 ἀκοῆς

1076 449 1160 483 μόνης
1186 448 1217 474 τὸ
1234 449 1310 483 ῥῆμα
1334 447 1549 481 καταδέξασθαι’
1567 447 1634 474 ἀλλὰ
1659 447 1708 473 καὶ
1727 445 1867 480 αὐτόπτης

1074 495 1128 522 τῶν
1143 495 1304 529 θαυμασίων
1322 494 1423 530 ἔδραμε
1439 495 1575 530 γενέσθαι.

1116 542 1160 573 Ὠς
1170 542 1216 568 οὖν
1232 540 1312 572 εἶδεν,
1331 542 1381 568 οὐκ
1398 542 1537 569 ἐδίστασεν
1554 543 1591 574 ὡς
1605 543 1628 568 oi
1651 541 1818 575 ὀλιγόπιστοι
1830 541 1864 576 τῇ

1073 587 1185 622 διανοίᾳ.
1201 587 1258 614 Οὐκ
1281 587 1443 622 ἐὸἀσκηνεν,
1462 588 1499 619 ὡς
1511 588 1535 614 οἱ
1553 587 1700 622 κακοήθεις
1723 586 1864 613 Ἰουδαῖοι·

1072 633 1133 660 οὐδὲ
1144 632 1346 669 ἐῤῥᾳθὺμησεν,
1363 633 1401 665 ὡς
1415 634 1440 659 οἰ
1461 633 1620 660 ἀνούοτατοι
1644 633 1699 660 τῶν
1731 632 1846 659 ἐθνικῶν
1857 639 1864 646 “

1073 679 1132 705 ἀλλ’
1160 679 1306 706 ἀναϐάλλει
1337 680 1388 713 τὴν
1417 679 1554 713 καρδίαν,
1582 679 1808 714 ἀναζωπυρεῖται
1834 678 1866 704 τὸ

1072 725 1198 760 πνεῦμα·
1213 726 1259 752 καὶ
1286 725 1422 760 θαυμάζει
1440 725 1490 760 μὲν
1519 725 1558 760 τῷ
1584 725 1642 757 νοῖ,
1666 726 1705 756 είς
1729 725 1811 751 πόθον
1835 724 1865 750 δέ

1074 771 1234 807 μετατίθησι
1251 772 1281 798 τὸ
1309 771 1422 806 θαῦμα*
1449 771 1524 807 πόθῳ
1549 772 1578 798 δὲ
1593 771 1673 798 πόθον
1697 771 1865 805 προστιθεὶς,

1071 816 1112 848 είς
1137 816 1227 843 ἔνθεον
1246 816 1336 850 ἔρωτα
1365 816 1534 851 προκόπτει·
1559 816 1597 851 τῷ
1626 816 1734 851 σφοδρῷ
1759 815 1787 842 δὲ
1819 815 1864 842 τοῦ

1071 861 1244 896 ἀγαθοειδοῦς
1254 862 1354 897 ἔρωτος
1365 863 1411 889 καὶ
1421 862 1607 897 ὲτιιτεταμένῳ
1621 863 1711 888 πᾶσαν
1726 862 1780 888 τῶν
1791 862 1868 888 κάτω

1072 907 1305 943 διακρουσάμενος
1320 907 1480 942 ἐπιθυμίαν,
1496 908 1544 934 καὶ
1560 908 1651 934 πᾶσαν
1671 906 1719 934 τοῦ
1738 906 1785 933 νῦν
1798 907 1866 934 αἰῶ-

1073 962 1117 985 νος
1131 954 1366 989 ἀποτιναξάμενος
1382 954 1500 989 σπουδήν
1511 961 1518 969 ⁸
1538 954 1586 981 καὶ
1599 955 1717 986 οἰκείους
1736 954 1785 989 μὲν
1797 954 1867 981 πάν-

1073 1009 1123 1032 τας
1136 1000 1173 1032 ὠς
1188 1000 1340 1032 ἀνοικείους
1358 1000 1504 1036 ὑπεριδὼν,
1517 1000 1554 1032 ὡς
1568 1000 1726 1035 ἀλλοτρίους
1749 999 1778 1026 δὲ
1803 1000 1868 1030 τοὺς

1075 1045 1220 1079 φιλτάτους
1230 1045 1320 1080 ἀφεὶς,
1337 1045 1416 1080 μόνον
1431 1045 1503 1080 ἔχειν
1518 1045 1580 1072 ἀντὶ
1593 1046 1702 1072 πάντων
1714 1045 1808 1071 ἐπόθει
1822 1044 1869 1071 τὸν

1080 1091 1194 1126 Ἰησοῦν.
1207 1091 1296 1118 Μόνον
1309 1090 1427 1126 Χριστὸν
1443 1091 1536 1118 ἐπόθει
1551 1091 1676 1118 πλουτεῖν
1688 1100 1694 1107 ε
1712 1090 1787 1126 αὗτῷ
1803 1091 1868 1116 ἀκο-

1073 1138 1178 1165 λουθεῖν
1197 1137 1241 1164 διὰ
1255 1137 1311 1172 βίου
1329 1137 1430 1168 παντός
1443 1145 1450 1152 ·
1467 1137 1550 1164 αὑτοῦ
1569 1137 1624 1163 τῶν
1639 1136 1868 1173 θεορρημοσυνῶν
1881 1170 1884 1171 ν

1074 1183 1269 1216 καταξιοῦσθαι
1282 1191 1289 1198 ·
1319 1181 1401 1208 αὐτοῦ
1432 1181 1526 1213 δοῦλος
1555 1179 1636 1214 εἶναι,
1653 1181 1670 1216 ἢ
1687 1181 1741 1209 τῶν
1759 1181 1870 1208 πάντων

1073 1230 1208 1265 δεσπότην
1219 1228 1352 1262 ἐπεθύμει
1362 1235 1368 1242 ·
1388 1227 1434 1255 καὶ
1451 1228 1533 1254 αὐτὸν
1548 1228 1598 1263 τῆς
1615 1227 1717 1258 οἰκείας
1730 1227 1804 1261 ζωῆς
1816 1235 1870 1253 πα-

1074 1275 1152 1309 τέρα,
1179 1275 1296 1310 ποιμένα
1324 1275 1372 1302 καὶ
1397 1273 1558 1301 διδάσκαλον
1586 1274 1666 1309 μόνον
1691 1273 1796 1300 ἐτίθετο
1820 1271 1868 1299 καὶ

1075 1320 1247 1356 καθηγητήν.

1112 1412 1144 1440 Τί
1160 1412 1204 1440 δαὶ
1217 1414 1232 1440 ό
1245 1412 1365 1447 Κύριος;
1381 1409 1435 1447 ἄρα
1455 1411 1568 1447 παρεῖδε
1583 1410 1628 1437 τὸν
1650 1409 1730 1444 ζῆλον
1755 1409 1801 1435 τοῦ
1817 1417 1870 1443 μα-

1076 1458 1181 1494 (inscii;
1207 1459 1242 1484 Ἦ
1258 1457 1393 1493 προσέσχε
1413 1457 1472 1492 μὲν,
1497 1456 1535 1491 τῷ
1561 1455 1705 1491 ἀναρίθμῳ
1720 1454 1749 1480 δέ
1774 1453 1871 1480 τοῦτον

1076 1504 1173 1539 πλήθει
1186 1503 1315 1535 συνέταξε
1330 1503 1384 1530 τῶν
1402 1502 1506 1529 πιστῶν
1518 1510 1525 1534 ;
1541 1502 1558 1538 ἢ
1572 1502 1628 1533 τοῖς
1640 1501 1742 1534 ὀλίγοις
1759 1500 1808 1535 μὲν
1822 1499 1870 1526 καὶ

1073 1549 1269 1585 εὐαριθμήτοις
1287 1549 1502 1585 συνηρίθμησεν,
1527 1548 1576 1582 τῆς
1595 1546 1707 1583 πρώτης
1724 1546 1752 1573 δέ
1765 1545 1871 1579 τάξεως

235 1593 322 1628 prima
341 1598 431 1622 tamen
448 1597 534 1624 classe
549 1597 673 1631 repulit?
697 1597 807 1625 Minime
820 1598 962 1632 gentium;
975 1599 1023 1626 sed

1078 1596 1227 1628 ἁπώσατο;
1245 1593 1389 1629 Οὐδαμῶς·
1407 1593 1476 1621 ἀλλὰ,
1496 1593 1544 1628 τῆς
1559 1592 1688 1628 δευτέρας
1705 1591 1754 1640 μὲν
1767 1590 1872 1640 1:55p);

236 1648 299 1666 cum
324 1640 442 1675 primum
469 1643 598 1670 secunda:
621 1643 823 1678 discipulorum
844 1645 938 1672 classis
961 1653 1024 1672 eum

235 1685 383 1718 ell‘ecisset,
398 1694 430 1714 ac
442 1687 622 1723 Septuaginta
636 1689 794 1724 adlegisset,
810 1690 972 1725 cunctisque
987 1690 1028 1718 di-

236 1731 309 1759 vinis
318 1733 572 1769 sacratioribusque
593 1735 730 1763 doctrinis
745 1743 777 1762 ac
792 1736 933 1763 miraculis
945 1737 1027 1764 abso-

236 1776 364 1805 lutiorem
382 1783 552 1813 priestasset,
567 1787 631 1807 eum
655 1781 683 1808 in
702 1781 814 1809 modum
837 1781 911 1808 omni
930 1789 1029 1816 prove-

237 1827 310 1850 ctum
321 1823 421 1858 pietate
431 1829 512 1860 atque
521 1825 634 1858 virtute,
646 1826 679 1854 ad
691 1835 849 1861 supremum
864 1835 971 1860 eorum.
980 1829 1028 1864 qui

238 1870 373 1904 coryphaei
389 1875 492 1904 essent,
504 1871 585 1906 digne
594 1880 644 1907 pro
653 1873 760 1901 meritis
773 1874 1027 1909 sustollitgradum.

273 1915 307 1942 At
335 1916 471 1950 quisnam.
489 1917 568 1949 cedo.
592 1918 691 1946 modus
709 1920 918 1947 translationis?
937 1921 1029 1948 Domi-

238 1969 292 1988 nus
308 1961 397 1994 .lesus,
409 1963 451 1990 sui
468 1963 493 1990 in
506 1968 578 1991 terra
589 1964 724 1992 incolatus
748 1965 873 1992 absoluta
887 1973 973 1999 mora,
988 1974 1031 1993 sa-

238 2008 390 2043 lutarisque
406 2009 620 2044 dispensationis
641 2016 753 2046 peracto
778 2020 872 2046 opcrc,
899 2020 932 2040 ac
954 2013 1029 2040 omni

239 2055 329 2082 Patris
362 2055 470 2090 expleto
486 2057 614 2088 consilio.
646 2057 679 2084 ad
704 2057 841 2085 viviﬁcam
867 2059 1030 2094 beatamque

239 2100 332 2128 crucis
347 2101 501 2136 passionem
514 2107 637 2130 venerat.
664 2103 702 2131 Ac
721 2104 807 2131 Judas
823 2104 935 2138 quidem
960 2112 1031 2131 unus

240 2146 274 2173 de
285 2146 443 2178 duodecim,
461 2147 508 2174 illo
525 2147 638 2179 ludat-is,
657 2148 721 2174 data
749 2148 884 2182 pecunia,
910 2148 1030 2182 prodito,

240 2193 420 2226 apostolicum
440 2201 542 2220 munus
556 2193 658 2228 laqueo
674 2198 866 2220 commutarat.
883 2193 968 2220 Judaei
984 2193 1033 2220 ﬂa-

241 2240 319 2271 gellis
327 2247 439 2272 caesum,
456 2240 581 2274 colaphis
602 2239 812 2266 dehonestatum
827 2240 854 2268 ιο
875 2240 950 2267 nulla
966 2247 1030 2268 ver-

1076 1641 1131 1667 τῶν
1146 1640 1228 1668 αὑτοῦ
1245 1639 1373 1674 μαθητῶν
1388 1639 1497 1674 πρῶτον
1510 1637 1635 1673 ἠξιωκὼς
1646 1637 1692 1663 καὶ
1705 1637 1759 1668 τοῖς
1781 1635 1872 1662 Ἑϐδο-

1079 1687 1200 1722 μήκοντα
1215 1685 1397 1720 συντεταχὼς,
1415 1685 1463 1712 καὶ¹
1478 1684 1580 1715 πάσαις
1602 1683 1683 1710 αὑτὸν
1697 1682 1870 1717 θεουργιχαῖς

1078 1732 1370 1768 προκαταρτισάμενος
1386 1730 1610 1766 μυσταγωγίαις,
1626 1729 1698 1756 οὕτω
1722 1728 1794 1755 κατὰ
1817 1728 1871 1754 πᾶ-

1079 1787 1128 1805 σαν
1143 1777 1286 1804 εὐσέϐειαν
1312 1777 1360 1803 καὶ
1385 1776 1487 1812 ἀρετὴν
1505 1775 1706 1811 προκεκοφότα,
1734 1773 1803 1808 προς
1824 1773 1870 1799 τὸν

1078 1824 1216 1853 ἀνώτατον
1242 1823 1297 1850 τῶν
1326 1822 1484 1858 κορυφαίων
1509 1820 1683 1856 ἀξιοπρεπῶς
1711 1819 1806 1854 ἀνάγει
1822 1818 1871 1853 βα-

1079 1871 1159 1906 θμόν.

1114 1917 1162 1949 Τίς
1190 1917 1234 1943 δαὶ
1255 1917 1303 1943 καὶ
1330 1917 1431 1952 τρόπος
1457 1915 1507 1950 τῆς
1538 1914 1724 1950 μεταθέσεως;
1759 1913 1870 1948 Ἐπειδὴ

1081 1963 1248 1990 συνετελείτο
1273 1963 1322 1997 μὲν
1345 1962 1384 1996 τῷ
1402 1961 1496 1996 Κυρίῳ
1519 1960 1635 1995 Ἰησοῦὴ
1661 1960 1708 1986 ἐπὶ
1732 1959 1784 1993 γῆς
1801 1957 1872 1991 μετὰ

1081 2011 1206 2045 σώματος
1222 2009 1357 2045 διατριϐὴ,
1373 2009 1402 2035 τὺ
1416 2008 1496 2043 ἔργον
1519 2007 1548 2034 δὲ
1558 2007 1608 2041 τῆς
1626 2005 1760 2041 σωτηρίου
1781 2005 1871 2031 διατε-

1080 2055 1198 2088 τελεκὼς
1216 2055 1383 2090 οἰκονομίας,
1401 2055 1448 2081 καὶ
1475 2055 1566 2081 πᾶσαν
1590 2055 1639 2088 τὴν
1666 2052 1804 2087 πατρικὴν
1827 2059 1872 2077 πε-

1082 2103 1165 2137 ράνας
1182 2102 1289 2137 βουλὴν,
1306 2102 1351 2128 ἐπὶ
1366 2101 1395 2127 τὸ
1415 2100 1548 2133 ζωοποιὸν
1561 2099 1607 2126 τοῦ
1623 2098 1741 2134 σταυροῦ
1757 2098 1804 2124 καὶ
1817 2106 1870 2132 μα-

1081 2148 1176 2182 κάριον
1192 2145 1243 2183 ἧκε
1266 2147 1351 2178 πάθος
1362 2155 1368 2161 ·
1381 2147 1428 2173 καὶ
1453 2145 1553 2174 Ἰούδας
1569 2145 1619 2180 μὲν
1634 2143 1673 2176 είς
1685 2144 1740 2171 τῶν
1767 2143 1871 2170 δώδεκα

1081 2196 1137 2226 τοῖς
1160 2194 1297 2224 Ἰουδαίοις
1321 2193 1416 2220 τοῦτον
1444 2192 1578 2228 ἀργυρίου
1596 2192 1756 2226 προέμενος,
1775 2190 1871 2226 βρόχον

1081 2239 1216 2275 ἠλλάξατο
1228 2240 1279 2274 τῆς
1299 2240 1452 2274 ἀποστολῆς
1462 2248 1470 2255 ⁸
1485 2240 1509 2266 οἱ
1525 2239 1552 2265 δὲ
1567 2238 1662 2264 τοῦτον
1679 2236 1873 2272 φραγελώσαν-

241 2285 339 2312 horum
357 2286 383 2312 vi
400 2285 589 2320 explicabilem
610 2285 875 2321 longanimitateml)
901 2286 1027 2314 illusum-

1079 2294 1124 2317 τες
1149 2286 1344 2318 κολαφίσαντες
1382 2285 1415 2316 (ὣ
1442 2285 1633 2320 μακροθυμίας
1663 2282 1799 2318 ἀφάτουί)
1825 2282 1871 2308 καὶ

242 2338 296 2363 que
314 2331 389 2358 cruci
412 2331 562 2358 allixerant.
593 2330 618 2358 is
637 2336 730 2358 autem
759 2331 921 2358 conculcata
940 2335 1030 2359 morte

244 2383 275 2402 ac
292 2383 326 2402 eo
343 2375 390 2410 qui
418 2376 515 2402 mortis
539 2376 656 2404 habebat
683 2376 840 2412 imperium.
867 2385 881 2404 a
913 2377 1031 2404 mortuis

244 2421 401 2453 suscitatus,
419 2421 531 2456 jamque
547 2422 673 2456 pluribus
687 2423 776 2450 modis
788 2423 931 2458 discipulis
944 2423 1033 2451 iactus

244 2467 419 2502 conspicuus,
434 2473 572 2502 postremo
588 2468 642 2495 illis
657 2469 817 2496 videntibus
833 2470 859 2497 'rn
872 2470 971 2497 ctelum
987 2477 1029 2497 rc.

244 2515 340 2546 emptus
351 2515 420 2539 erat.
436 2512 582 2546 Postquam
599 2513 691 2548 itaque
701 2514 758 2540 hac
771 2513 807 2540 ita
823 2517 899 2548 gesta
912 2514 1031 2545 fuerant,

243 2558 358 2592 “ungit
374 2558 464 2585 statim
480 2565 595 2593 magnus
607 2558 732 2586 Petrus"
743 2559 792 2593 (illi
810 2559 882 2586 enim
899 2559 1033 2587 sermonis

245 2604 425 2638 principatus,
449 2604 549 2639 jusque
578 2605 720 2638 pascendae
743 2609 825 2640 atque
842 2605 968 2640 regendae
984 2605 1033 2631 Ec-

244 2649 334 2677 clesiae
349 2649 538 2676 concreditum
555 2651 625 2682 erat)
644 2650 726 2684 inque
739 2650 828 2678 media
845 2651 1032 2685 apostolorum

245 2696 336 2727 turba,
353 2695 462 2731 publica
487 2695 513 2722 in
537 2695 640 2730 Spiritu
653 2696 786 2723 concione
804 2696 881 2724 Juda:
895 2696 1032 2731 proditio-

245 2749 318 2773 nem,
327 2745 356 2770 et
368 2749 450 2776 quam
465 2741 525 2777 ejus
535 2748 616 2768 causa
628 2741 748 2776 diruptis
762 2741 915 2769 visceribus
924 2750 1032 2776 pcenam

245 2786 270 2814 is
285 2787 452 2819 sustulisset,
470 2793 669 2816 commemorat
685 2797 692 2815 :
713 2788 914 2815 duodenarium
934 2796 1032 2815 nume-

246 2839 317 2862 rum.
331 2840 413 2866 quem
425 2833 559 2860 Dominus
573 2833 601 2860 in
616 2834 748 2868 apostolis
763 2841 872 2860 sacrum
889 2833 1032 2866 voluisset,

247 2876 350 2904 iuluda
365 2878 624 2912 diminutum,haud
651 2879 858 2915 despiciendum
881 2887 956 2908 esse:
986 2883 1035 2907 aut

282 2935 305 2952 ³⁸
321 2934 380 2964 Act.
403 2943 422 2969 1,
441 2936 483 2964 i5.

1082 2331 1301 2364 καταπαίξαντες
1327 2331 1518 2366 ἐσταύρωσαν·
1539 2331 1553 2356 ὁ
1568 2331 1595 2357 δὲ
1610 2331 1654 2357 τὸν
1672 2329 1798 2359 θάνατον,
1823 2329 1871 2355 καὶ

1081 2378 1127 2404 τὸν
1144 2378 1175 2404 τὸ
1189 2378 1288 2412 κράτος
1317 2377 1412 2412 ἔχοντα
1426 2376 1473 2403 τοῦ
1489 2377 1604 2403 θανάτου
1618 2375 1795 2410 πεπατηχὼς,
1812 2383 1871 2409 τρι-

1083 2424 1186 2458 ήμερος
1200 2423 1309 2457 ἁνίσχεν
1324 2423 1356 2448 ὲκ
1368 2422 1422 2448 τῶν
1444 2421 1560 2454 νεκρῶν,
1580 2423 1628 2448 καὶ
1651 2421 1761 2456 τρόποις
1775 2420 1872 2447 ἑαυτὸν

1083 2469 1203 2496 πλείοσιν
1227 2468 1380 2503 ἐμφανίσας
1405 2469 1460 2499 τοῖς
1482 2468 1628 2502 μαθηταῖς,
1643 2467 1769 2502 ὁρώντων
1784 2466 1870 2492 αὐτῶν

1083 2515 1195 2550 ἔσχατον
1208 2516 1248 2544 είς
1260 2515 1304 2541 τὸν
1320 2514 1434 2548 οὐρανὸν
1450 2514 1681 2549 ἀναλαμϐάνεται.
1703 2512 1812 2547 Ἐπειδὴ
1825 2510 1871 2546 οὖν

1083 2559 1155 2586 οὕτω
1179 2559 1265 2586 ταῦτα
1285 2558 1485 2588 συντετέλεστο.
1510 2559 1667 2586 ἀνίσταται
1684 2558 1732 2592 μὲν
1754 2558 1768 2584 ό
1785 2557 1872 2592 μέγας

1084 2605 1193 2639 Πέτρος
1208 2604 1288 2636 εὐθύς
1301 2612 1308 2620 ·
1324 2604 1412 2639 τούτῳ
1430 2605 1483 2640 γὰρ
1495 2604 1540 2630 τοῦ
1553 2604 1632 2638 λόγου
1647 2603 1697 2638 τὴν
1712 2603 1871 2638 ἡγεμονίαν,

1085 2652 1130 2677 καὶ
1145 2652 1193 2685 τῆς
1212 2650 1376 2684 Ἐκκλησίας
1392 2650 1594 2685 ἐγκεχειρίσθαι
1609 2648 1657 2684 τὴν
1672 2648 1870 2683 ποιμαντικήν·

1084 2697 1112 2722 ἐν
1130 2696 1204 2731 μέσῳ
1218 2696 1244 2723 δέ
1262 2696 1300 2732 τῷ
1317 2695 1416 2730 πλήθει
1430 2696 1484 2722 τῶν
1499 2695 1657 2722 ἀποστόλων
1674 2695 1702 2721 ἐν
1727 2694 1764 2729 τῷ
1786 2693 1872 2720 Ilvati-

1086 2750 1150 2777 ματι
1162 2742 1337 2777 δημηγορῶν,
1350 2741 1552 2776 ἀναμιμνήσκει
1570 2740 1619 2776 μὲν
1632 2741 1681 2776 τὴν
1708 2740 1792 2767 Ἰούδα
1804 2748 1872 2772 προσ

1083 2788 1186 2819 δοσίαν,
1201 2788 1248 2814 καὶ
1263 2788 1340 2823 ῥῆξιν
1354 2787 1388 2822 ἣν
1403 2787 1436 2814 δι’
1451 2787 1535 2822 αὐτὴν
1551 2787 1653 2820 ὑπέστη
1666 2795 1673 2802 σ
1693 2786 1743 2812 οὐκ
1756 2785 1830 2817 ἄξιον
1842 2785 1871 2812 δέ

1085 2843 1151 2869 φησι
1164 2834 1214 2869 τὴν
1228 2833 1267 2869 τῷ
1281 2833 1376 2869 Κυρίῳ
1389 2835 1574 2868 τετιμημένην
1597 2832 1734 2859 δωδεκάδα
1749 2831 1874 2867 μειωθεῖ-

1086 2889 1136 2908 σαν
1160 2879 1309 2915 ὑπεριδεῖν,
1325 2879 1386 2906 οὺδέ
1401 2879 1445 2907 τὸν
1461 2877 1508 2905 τοῦ
1535 2878 1763 2914 παραϐεϐηκὸτος
1788 2878 1872 2904 τόπον
