2078 3154
169 214 222 247 217

540 214 680 245 ORATIO
699 214 823 244 XIV.—
843 213 884 244 ΙΝ
904 213 1062 244 LAUDEM
1080 215 1111 245 S.
1124 215 1281 246 ΜΑΤΗΙίΕ
1300 217 1423 248 APOST.

1745 219 1800 252 278

170 270 358 306 κακενωμένον
378 270 499 306 ὁρῶντας
521 269 707 306 παραμελεῖν·
730 270 779 296 ἕνα
804 270 832 297 δὲ
847 270 902 297 δεῖν
915 269 961 296 τὸν

1012 270 1250 304 committendum,
1277 277 1307 300 ut
1329 281 1411 308 quem
1438 273 1548 302 videant
1575 282 1690 302 vacuum
1719 276 1796 304 Judae

170 318 203 345 ἐκ
218 317 269 352 τῆς
280 315 411 351 δευτέρας
434 315 548 349 τάξεως,
576 315 636 350 ἦτοι
656 316 705 350 τῆς
725 316 799 350 ἱερᾶς
813 315 868 342 τῶν
893 315 962 342 ἀπο-

171 362 270 390 στόλων
293 361 541 397 ὲδδομηκοντάδος,
579 360 632 388 τῶν
655 361 783 396 ἀπῳχῆς
801 361 848 388 τοῦ
877 361 960 395 εὐαγ-

172 407 280 443 γελικοΰ
293 407 470 442 κηρύγματος
482 407 561 442 ἄχρις
576 406 661 441 αὐτῆς
675 407 834 442 ἀναλήψεως
851 407 889 442 τῷ
908 407 961 442 Ἰη-

172 453 220 480 σοῦ
234 452 525 488 παρηκολουθηκότων,
541 452 586 479 τὸν
598 452 783 487 δοκιμώτατον
794 452 888 488 κλήρῳ
903 453 961 480 δια-

171 497 293 531 ¹γνόντας,
309 498 348 528 εἰς
364 497 409 524 τὸν
425 496 472 523 τοῦ
488 496 710 532 ἀπωλισθηκότος
726 498 961 534 ἀντικαταστῆσαι

171 542 286 578 κλῆρον.

206 633 261 660 Καὶ
274 633 369 665 οὕτως,
382 629 405 659 ὦ
420 632 615 668 μακαριώτατε
635 633 678 665 σὺ,
699 633 728 660 ἐν
749 633 843 668 μέσοις
865 634 958 666 αὐτοῖς

170 679 209 711 ὡς
222 680 421 715 ἐπισημότατος
431 679 486 706 τῶν
496 679 583 706 ἄλλων
594 679 758 715 προδληθείς
770 689 799 707 τε
813 681 858 707 καὶ
871 689 961 716 παραυ

172 726 247 758 στὰς,
263 726 310 753 καὶ
323 726 362 761 τῷ
377 725 441 760 ἱερῷ
456 725 779 762 συγκληρωθεὶςΊούστῳ
792 734 799 741 ·
815 724 886 759 εἶτα,
899 728 960 759 ταῖς

170 771 224 798 τῶν
241 771 397 805 κορυφαίων
424 771 509 806 ἱεραῖς
529 771 703 806 προσευχαῖς,
722 771 770 798 καὶ
799 771 897 806 μᾶλλον
926 773 959 808 τῇ

170 817 262 854 δικαίᾳ
283 818 330 844 τοῦ
343 817 411 844 Θεοῦ
426 817 520 853 ψήφῳ,
543 818 591 845 τοῦ
613 818 648 845 τὰ
674 818 743 854 βάθη
760 819 814 845 τῶν
835 819 960 846 διανοιῶν

169 864 296 900 δρῶντος,
321 864 368 890 τοῦ
383 864 484 900 κλήρου
508 865 638 896 πεσόντος
657 865 704 891 ἐπὶ
720 865 760 898 σέ,
778 865 958 901 ἀναλαμϐάνῃ

173 910 222 945 μὲν
236 910 268 936 ἐκ
280 909 334 936 τῶν
358 910 574 945 Ἐὸδομήκοντα,
590 912 646 942 τοῖς
661 911 758 938 ἕνδεκα
776 910 804 937 δὲ
820 919 958 944 συγκατα-

170 956 339 991 ψηφισθεὶς,
363 956 410 983 τὸν
435 957 525 992 τίμιον
553 956 603 992 τῆς
627 957 777 988 δωδεκάδος
802 957 959 993 ἁνέπλησας

171 1002 303 1038 ἀριθμόν
320 1001 406 1035 οὕτως
418 1002 467 1038 τὴν
494 1003 629 1038 μυστικὴν
647 1003 694 1030 τοῦ
713 1003 781 1030 Θεοῦ
806 1003 959 1039 παράταξιν

171 1051 376 1086 ἀνεπλήρωσας,
390 1052 439 1078 καὶ
450 1051 500 1087 τὴν
513 1052 559 1078 ἐπὶ
571 1051 610 1087 τῷ
623 1052 782 1079 πεπτωκότι
802 1051 890 1086 λύπην
904 1051 960 1083 τοῖς

171 1097 219 1124 τοῦ
233 1097 315 1130 λόγου
329 1099 585 1133 πρωταγωνιστής,
602 1098 648 1125 διὰ
660 1099 710 1134 τῆς
723 1098 773 1133 σῆς
785 1098 960 1129 ἀναστάσεως

171 1142 361 1178 παρεμυθήσω
374 1152 381 1159 ·
399 1144 447 1170 καὶ
473 1143 523 1179 τὴν
547 1144 702 1179 ἐπισκοπὴν
717 1144 821 1171 ἐκείνου
847 1143 917 1170 κατὰ
930 1143 961 1170 τὺ

172 1187 245 1222 ἱερδν
256 1187 346 1222 λόγιον
358 1188 459 1220 λαϐὼν,
476 1190 524 1216 καὶ¹
546 1189 594 1216 τοῦ
612 1189 713 1224 κλήρου
743 1188 793 1223 τῆς
809 1188 961 1223 ἀποστολῆς

171 1233 436 1269 κεκληρονομηκώς·
457 1235 505 1261 καὶ
532 1234 583 1269 τῆς
597 1235 781 1269 time-sanxi;
806 1235 888 1270 τιμῆς
913 1235 961 1261 καὶ

171 1280 305 1315 καθέδρας
328 1281 396 1312 τέως
417 1281 468 1316 μὲν
486 1281 536 1316 τῆς
560 1281 634 1308 κάτω
657 1281 704 1307 καὶ
732 1280 876 1307 κατέναντι
905 1280 960 1306 τῶν

171 1326 267 1357 ἐθνῶν,
286 1327 355 1362 μετὰ
374 1326 460 1354 ταῦτα
481 1327 510 1353 δὲ
527 1327 573 1354 καὶ
587 1327 636 1361 τῆς
647 1328 677 1353 ἐν
689 1326 813 1362 οὐρανοῖς
830 1327 906 1361 παρὰ
920 1324 960 1361 τῷ

171 1371 325 1406 ἐπουρανίῳ
351 1371 574 1407 συγκαθιζήσεως
590 1372 709 1404 Βασιλεῖ,
744 1372 803 1407 ἅμα
821 1373 876 1403 τοῖς
891 1381 959 1407 πρε-

174 1415 317 1448 σϐυτάτοις
329 1416 543 1452 κατηξιωμένος,
564 1417 672 1453 όφθήσῃ
688 1416 818 1451 φαιδρῶς,
833 1416 899 1452 ὡςή
914 1417 961 1444 τοῦ

172 1459 305 1494 ἀψευδοῦς
319 1461 475 1496 ὑπόσχεσις,
491 1462 555 1493 τοῖς
569 1461 668 1488 ἕνδεκα
683 1462 900 1496 συγκαθήμενος,
916 1463 962 1489 καὶ

172 1505 275 1540 κρίνων
289 1504 335 1532 τὸν
356 1505 474 1541 Ἰσραήλ.
495 1505 575 1532 Ἀλλὰ
588 1505 667 1532 τοῦτο
682 1505 731 1541 μὲν
752 1504 875 1541 ὕστερον.

209 1594 276 1620 τότε
299 1594 328 1621 δέ
346 1596 402 1627 τοῖς
416 1595 536 1631 πρώτοις
550 1595 604 1622 τῶν
620 1595 701 1632 ιερῶν
718 1595 850 1631 θεολόγων
861 1596 900 1628 ὡς
921 1593 961 1627 εἷς

173 1640 211 1667 ὢν
219 1641 310 1667 αὐτῶν
322 1641 351 1667 ἐν
366 1641 463 1677 ἐκείνῳ
475 1641 514 1677 τῷ
529 1641 647 1678 ὑπερῴῳ
662 1642 840 1678 συνεδρεύων,
853 1643 900 1669 καὶ
912 1643 961 1677 τὴν

172 1687 220 1713 τοῦ
234 1686 391 1722 Πνεύματος
418 1687 519 1720 ὁμοίως
532 1687 646 1720 ἐκείνοις
661 1688 828 1722 ἐπαγγελίαν
844 1688 960 1723 προσδε-

173 1733 305 1768 χόμενοςο
321 1733 416 1768 ἐπειδὴ
428 1733 458 1760 τὸ
472 1733 585 1769 Πνεῦμα
596 1733 626 1760 τὸ
638 1734 716 1768 ἅγιον
729 1735 780 1770 τῆς
799 1734 879 1767 ἁγίας
894 1735 962 1761 Πεν-

171 1779 305 1813 τηκοστῆς
335 1778 594 1814 συμπληρουμένης.
611 1779 758 1815 οὐρανόθεν
775 1780 804 1807 ἐν
819 1780 883 1807 εῖδει
909 1789 961 1806 πυ-

172 1824 254 1860 ρίνων
264 1824 395 1860 ἐπεδήμει
410 1824 552 1860 γλωσσῶν,
567 1826 614 1853 καὶ
627 1826 671 1861 ἐφ’
684 1826 724 1852 ἐνὶ
738 1826 841 1853 τούτων
854 1826 961 1862 ἑκάστῳ

171 1869 366 1905 καθεζόμενον,
385 1871 433 1905 τῆς
455 1870 550 1897 ἐαυτοῦ
576 1871 717 1906 δυνάμεως
732 1871 861 1908 ἐπλήρου,
891 1871 960 1907 πλη-

172 1915 270 1952 ροῦσαι
284 1917 333 1952 μὲν
350 1917 398 1944 καὶ
413 1916 494 1950 αὐτὸς
506 1917 616 1954 χάριτος
640 1917 741 1954 ζώσης,
768 1918 921 1953 πληροῦσαι
932 1918 961 1945 δὲ

173 1963 269 1997 σοφίας
285 1963 334 1990 καὶ
360 1963 503 1996 συνέσεως.
526 1965 582 1992 Καὶ
600 1964 631 1991 οὐ
645 1964 724 2000 τήνδε
752 1964 802 2000 μὲν
818 1964 959 2001 ἐνέργειαν

170 2009 218 2036 τοῦ
234 2009 412 2044 Παρακλήτω
428 2009 567 2041 πλουτεῖς,
584 2010 633 2046 τῆς
652 2010 681 2037 δὲ
702 2010 800 2046 λείπτγ
820 2010 915 2046 ὥσπερ
931 2011 959 2038 δέ

171 2054 236 2085 ναὸς
249 2054 370 2090 καθαρὸς
386 2055 433 2082 καὶ
447 2055 535 2089 ἅγιος,
553 2055 639 2091 αὐτῆς
653 2055 700 2083 τοῦ
719 2056 787 2082 Θεοῦ
801 2055 960 2091 Πνεύματος

170 2101 221 2136 τῆς
232 2100 336 2133 οὐσίας,
344 2101 400 2132 τοῖς
414 2100 504 2133 ἄλλοις
517 2101 617 2136 ὁμοίως
635 2102 797 2133 ἀποστόλοις
812 2101 856 2129 διὰ
869 2103 959 2138 πάσης

170 2145 318 2181 γενόμενος
329 2146 431 2182 ἀρετῆς
454 2147 501 2173 καὶ
515 2146 571 2181 βίου
592 2146 789 2182 καθαρότητος,
801 2147 864 2182 ὃλην
876 2148 961 2183 ὑπερ-

173 2192 302 2227 αρρήτως
329 2192 376 2219 καὶ
403 2192 574 2228 ὑπερουσίως
602 2193 631 2220 ἐν
657 2192 746 2228 ἐαυτῷ
772 2192 821 2229 τὴν
846 2193 960 2229 θεότητα

172 2238 351 2270 κατέπαυσας
361 2246 369 2254 ·
383 2238 455 2266 οὕτω
469 2239 498 2266 δέ
507 2239 555 2266 καὶ
568 2238 623 2265 τῶν
639 2239 835 2274 πνευματικῶν
845 2242 959 2275 ἐνεργη-

1012 316 1229 351 praevaricatoris
1262 318 1371 351 locum,
1399 319 1452 354 ipsi
1480 320 1620 356 negligant
1643 329 1651 348 :
1685 329 1798 350 necesse

1011 369 1085 394 esse,
1102 367 1132 390 ut
1147 363 1181 390 de
1203 364 1323 392 secunda
1340 365 1426 392 classe
1446 365 1510 401 (hoe
1531 371 1584 399 est,
1604 375 1636 394 ex
1657 375 1734 395 sacra
1757 376 1801 395 se-

1011 407 1151 442 ptuaginta
1166 409 1352 443 apostolorum
1370 410 1462 445 turba)
1479 419 1564 438 unum
1577 419 1612 439 ex
1625 412 1677 445 his,
1701 413 1748 447 qui
1764 413 1799 440 ab

1011 454 1175 489 evangelica:
1189 455 1391 490 praedicationis
1410 456 1524 483 exordio
1540 457 1573 484 ad
1590 457 1676 492 ipsam
1690 458 1755 486 Jesu
1771 459 1799 486 in

1011 500 1110 528 caelum
1138 501 1336 536 receptioncm,
1361 502 1456 530 sedulo
1478 503 1603 531 assectati
1633 504 1698 537 sint,
1716 512 1798 540 quem

1011 546 1273 575 sortisindicatione
1290 548 1514 583 probatissimum
1531 550 1669 583 noverint,
1687 551 1714 577 in
1739 552 1800 586 ejus

1010 593 1059 627 qui
1074 592 1168 627 lapsus
1185 592 1231 625 sit,
1245 598 1347 621 sortem
1362 602 1519 629 munusque
1536 595 1682 623 suiliciant.

1044 636 1134 671 Atque
1159 637 1210 666 hac
1224 639 1340 671 ratione,
1361 644 1390 667 tu
1408 641 1436 669 (ο
1451 640 1639 675 beatissimcl)
1659 649 1711 668 ceu
1736 642 1800 669 reli-

1010 680 1073 715 quis
1088 681 1231 715 illustrior,
1251 682 1279 709 in
1306 683 1426 711 medium
1442 685 1593 720 productus
1605 693 1637 713 ac
1653 691 1800 721 praesenta-

1012 729 1065 757 tus,
1083 725 1200 761 dataque
1214 734 1278 754 cum
1299 733 1394 756 sancto
1408 729 1487 756 .lusto
1507 731 1646 758 communi
1670 731 1800 767 sociaque

1011 777 1096 806 sorte,
1112 777 1225 809 tumque
1244 775 1330 802 sacris
1352 776 1559 811 coryphmorum
1574 778 1705 812 precibus
1721 779 1799 814 (quin

1011 818 1058 846 Dei
1076 819 1177 854 potius,
1195 820 1239 848 cui
1251 820 1406 848 animorum
1423 821 1559 856 profunda
1567 828 1709 858 perspecta
1723 828 1798 857 sunt,

1008 863 1083 899 justo
1100 865 1251 900 sullragio),
1266 865 1354 893 illa-in
1369 871 1395 894 te
1411 867 1539 901 cadente,
1567 876 1601 895 ex
1622 868 1798 905 Septuaginta

1010 915 1176 945 assumptus,
1208 911 1392 947 undecimque
1416 913 1514 948 primis
1540 913 1674 948 adlectus,
1705 922 1799 942 sacra-

1010 958 1103 980 mento
1116 954 1302 983 venerabilem
1320 955 1519 984 duodenarium
1544 954 1688 985 numerum
1704 958 1801 993 imple-

1009 997 1056 1025 sti.
1073 998 1119 1026 Sic
1131 998 1262 1027 nimirum
1273 1000 1417 1036 mysticam
1441 1001 1489 1029 Dei
1510 1003 1598 1030 aciem
1612 1003 1745 1038 integram
1760 1003 1800 1030 cf-

1010 1044 1110 1078 l‘ecisti,
1125 1052 1325 1082 aspersumque
1335 1046 1413 1075 Judze
1424 1048 1504 1075 ruina
1518 1048 1614 1083 prinris
1638 1049 1693 1076 illis
1715 1057 1799 1077 evan-

1009 1091 1103 1126 gelicae
1113 1091 1317 1126 praedicationis
1327 1092 1446 1121 ducibus
1460 1101 1607 1122 mmrorem
1621 1095 1798 1125 suscitatione

1010 1141 1057 1164 tua
1070 1137 1224 1166 abstersisti
1237 1139 1278 1166 δτι
1295 1139 1423 1175 illiusque
1441 1145 1539 1169 nactus
1553 1141 1741 1176 episcopatum
1755 1142 1799 1176 (ut

1011 1190 1089 1210 sacro
1104 1185 1319 1218 praenuntiatum
1339 1191 1400 1214 erat
1414 1187 1539 1220 oraculo)
1556 1193 1714 1223 sortemque
1730 1196 1798 1223 apo-

1011 1228 1102 1256 stolici
1125 1230 1249 1258 muneris
1274 1236 1350 1259 sorte
1371 1233 1488 1268 adeptus
1509 1233 1696 1269 (apostolicam
1721 1234 1800 1262 deni-
1852 1248 1855 1250 -

1010 1281 1065 1308 que
1087 1274 1248 1309 dignitatem
1261 1284 1293 1304 ac
1312 1277 1416 1311 sedem,
1432 1278 1566 1306 hactenus
1576 1279 1687 1314 quidem
1702 1280 1730 1307 in
1744 1285 1799 1307 ter-

1011 1319 1049 1347 ris
1064 1325 1093 1347 et
1105 1327 1199 1348 coram
1222 1322 1360 1357 gentibus,
1376 1328 1472 1358 postea
1487 1332 1553 1352 vero
1572 1325 1653 1352 etiam
1665 1325 1694 1352 in
1709 1325 1797 1361 ecelis)

1010 1365 1143 1393 caelorum
1158 1366 1226 1402 Regi
1243 1371 1274 1395 ut
1286 1368 1431 1396 consideas
1454 1377 1508 1396 una
1523 1377 1585 1397 cum
1598 1370 1799 1405 antiquissimis

1011 1411 1065 1439 illis
1077 1418 1245 1441 consecutus
1263 1414 1324 1442 laete
1346 1422 1379 1442 ac
1397 1415 1542 1450 splendide
1556 1417 1597 1449 (ut
1612 1418 1671 1452 ejus
1688 1417 1735 1452 qui
1750 1425 1799 1445 vo-

1012 1464 1060 1484 rax
1072 1461 1114 1485 est
1135 1458 1282 1492 promissio
1296 1459 1349 1493 est)
1372 1460 1431 1495 pari
1446 1468 1509 1488 cum
1530 1462 1658 1489 undecim
1681 1463 1798 1498 collegio

1011 1501 1110 1529 sedens
1127 1509 1160 1530 ac
1180 1502 1308 1531 lsraelem
1332 1504 1469 1540 judicans,
1483 1506 1634 1541 apparebis
1649 1507 1682 1534 “.
1695 1508 1797 1535 Verum

1012 1545 1070 1573 haec
1085 1550 1190 1581 postea.

1047 1591 1125 1619 Tunc
1140 1600 1206 1620 vero
1219 1602 1273 1622 una
1295 1602 1358 1622 cum
1379 1603 1520 1624 sacrorum
1540 1597 1728 1633 theologorum
1740 1600 1798 1635 pri-

1012 1636 1065 1664 mis
1079 1638 1249 1667 antistitibus
1265 1640 1342 1668 velut
1356 1648 1428 1673 unus
1443 1649 1478 1669 ex
1496 1642 1537 1670 eis
1552 1643 1579 1670 in
1595 1645 1738 1672 caenaculo
1751 1646 1799 1673 illo

1012 1684 1173 1715 conscdens,
1193 1685 1307 1721 parique
1329 1687 1383 1714 illis
1405 1687 1511 1716 ratione
1526 1690 1692 1724 promissum
1710 1691 1799 1726 Spiri-

1012 1732 1069 1756 tum
1083 1734 1208 1758 sanctum
1230 1737 1410 1767 exspectans;
1433 1734 1605 1763 divinissimo
1628 1736 1676 1763 illo
1694 1736 1798 1772 Spiritu

1011 1774 1076 1802 dum
1094 1777 1278 1811 complerctur
1292 1783 1387 1806 sancta
1406 1779 1567 1808 Pentecoste
1579 1781 1720 1817 ignearum
1734 1791 1798 1818 spe-

1011 1820 1053 1848 cie
1065 1821 1219 1856 linguarum
1237 1831 1252 1851 e
1265 1824 1336 1852 caelo
1346 1825 1485 1858 veniente,
1507 1834 1539 1854 ac
1555 1827 1678 1862 singulos
1700 1837 1797 1856 eorum

1010 1867 1112 1902 quibus
1126 1868 1238 1902 insedit,
1262 1877 1311 1897 sua
1326 1871 1428 1899 virtute
1455 1872 1597 1908 implente,
1619 1874 1750 1909 impletus
1768 1881 1796 1903 et

1011 1912 1069 1947 ipse
1082 1912 1144 1940 viva
1168 1915 1255 1949 gratia
1277 1923 1324 1943 es:
1346 1916 1476 1951 impletus
1491 1918 1625 1952 sapientia
1642 1924 1670 1946 et
1695 1920 1798 1948 intelli-

1010 1958 1118 1992 gentia:
1133 1967 1185 1986 nec
1199 1960 1250 1988 hac
1264 1961 1374 1996 quidem
1390 1962 1523 1991 Paracleti
1537 1965 1640 1991 virtute
1655 1965 1799 1994 aﬂlucntcr

1010 2002 1129 2031 donatus
1143 2012 1184 2035 es,
1204 2005 1305 2040 illaque
1320 2006 1465 2034 deﬁceris:
1479 2008 1546 2042 quin
1561 2009 1654 2042 potius
1669 2011 1799 2038 substan-

1011 2048 1056 2076 tiae
1065 2049 1114 2076 Dei
1133 2049 1262 2084 Spiritus,
1280 2052 1357 2079 velut
1380 2053 1515 2080 mundum
1534 2059 1714 2090 sanctumque
1735 2061 1800 2083 tem-

1011 2093 1097 2131 plum,
1113 2095 1186 2123 haud
1208 2103 1289 2124 secus
1307 2104 1339 2124 ac
1359 2098 1477 2132 apostoli
1494 2099 1602 2134 reliqui.
1627 2101 1703 2128 omni
1722 2102 1798 2129 cultu

1011 2139 1120 2167 virtutis
1144 2141 1263 2176 vitaeque
1286 2142 1432 2176 munditia,
1457 2143 1582 2176 ell‘ectus,
1607 2146 1681 2173 nulla
1698 2147 1798 2174 verbo-

1012 2193 1072 2213 rum
1085 2186 1115 2213 vi
1127 2187 1293 2222 explicabili,
1321 2188 1548 2225 divinissimaque
1574 2191 1690 2224 ratione,
1716 2193 1744 2220 in
1772 2198 1798 2221 te

1013 2233 1097 2258 totam
1114 2231 1286 2259 divinitatem
1303 2233 1500 2268 conquiescere
1517 2234 1606 2262 fecisti
1622 2235 1657 2268 δ’,
1672 2240 1754 2271 atque
1770 2237 1798 2264 in

172 2284 275 2318 μάτων,
288 2285 320 2312 οὐ
339 2284 395 2311 τῶν
410 2285 470 2320 μὲν,
484 2284 538 2312 τῶν
557 2285 578 2311 δ’
591 2284 621 2311 οὗ
631 2292 639 2300 '
660 2285 768 2312 πάντων
785 2285 814 2312 δὲ
829 2285 960 2321 κατηξιω-

1011 2284 1074 2304 eum
1089 2276 1211 2310 modum,
1225 2285 1280 2304 non
1293 2278 1346 2306 alia
1359 2279 1482 2313 quidem,
1493 2279 1556 2307 aliis
1565 2280 1738 2314 desideratis,
1749 2283 1798 2310 sed

172 2330 263 2366 μένος,
290 2330 340 2357 καὶ
363 2331 464 2362 πάσαις
487 2330 575 2362 θείαις
602 2330 735 2365 δυνάμεσι
757 2330 808 2365 τῆς
819 2330 866 2357 τοῦ
890 2331 958 2357 Θεοῦ

170 2375 407 2411 συγκροτούμενος
419 2375 520 2407 δεξιᾶς,
538 2375 673 2410 εὐκαίρως
687 2376 735 2402 καὶ
754 2375 835 2406 αὐτὸς
849 2376 905 2407 τοῖς
915 2375 960 2408 ζο-

170 2421 336 2456 φορωτέροις
353 2420 496 2455 ἐπιδημεῖς
512 2419 566 2446 τῶν
587 2419 682 2453 ἐθνῶν,
705 2420 849 2455 περιουσίᾳ
862 2419 957 2455 νοεροῦ

170 2466 370 2500 κατακαλύψων
385 2466 484 2500 φωτός.

207 2511 262 2537 Καὶ
273 2512 327 2546 γὰρ
348 2510 442 2546 ὥσπερ
454 2510 506 2546 ὕλῃ
531 2510 584 2536 τινὶ
607 2509 749 2545 παχυτέρα
762 2517 792 2536 τε
818 2509 865 2536 καὶ
879 2510 960 2544 ὑγρο-

169 2557 239 2593 τέρᾳ
261 2558 317 2591 πῦρ
331 2556 476 2592 ἐμϐληθὲν,
502 2555 625 2591 ἀμυδρὸν
642 2556 691 2590 μὲν
706 2555 747 2588 ὃν,
766 2555 833 2590 ἔσϐη
846 2556 895 2582 καὶ
910 2565 960 2591 με-

172 2603 310 2639 μάρανται
332 2603 476 2638 παραυ-τὰ,
501 2602 551 2635 τῆς
574 2600 729 2635 παχύτητος
759 2599 776 2635 ἢ
810 2600 961 2635 ὑγρότητος

168 2648 286 2684 ἡττηθέν
298 2657 307 2664 ⁸
324 2647 423 2683 λάϐρον
444 2648 467 2674 δ’
481 2648 522 2674 ὃτι
543 2647 660 2682 μάλιστα
673 2646 720 2674 καὶ
733 2645 897 2681 δραστήριον
912 2655 960 2672 πε-

170 2695 266 2731 φηνὸς,
284 2693 440 2729 παραυτίκα
455 2693 504 2729 μὲν
516 2693 581 2724 ἴσως
596 2692 646 2719 οὐκ
657 2692 754 2727 ἀνῆψε,
770 2693 803 2727 τῇ
817 2691 864 2718 τοῦ
875 2692 960 2718 ὑπεκ-

170 2737 309 2773 καύματος
325 2737 557 2772 ἀνεπιτηδειότητι
569 2745 577 2753 ·
594 2736 759 2771 ἐνδομυχοῦν
774 2735 803 2762 δέ
819 2737 889 2763 κατὰ
911 2736 958 2771 βά-

170 2783 226 2816 θος.
243 2785 289 2811 καὶ
316 2783 466 2818 λεληθότως
489 2784 538 2818 τὴν
564 2783 747 2818 ὑποκειμένην
774 2782 956 2816 ἀναξηραῖνον

171 2828 247 2865 ὓλην,
268 2829 308 2861 εἰς
324 2829 445 2864 μεγάλην
458 2828 587 2864 ἐξαίφνης
603 2827 782 2863 ἀνερῤιπίσοη
797 2827 894 2862 φλόγα,
910 2828 956 2855 καὶ

1009 2321 1101 2348 omnia
1116 2321 1189 2349 illius
1204 2323 1276 2350 dona
1289 2328 1468 2356 consecutus,
1495 2325 1656 2360 cunctisque
1672 2326 1719 2353 Dei
1733 2326 1799 2354 dex—

1009 2371 1076 2394 terae
1090 2367 1241 2395 virtutibus
1268 2369 1430 2402 instructus,
1460 2374 1614 2404 opportune
1637 2376 1666 2398 et
1688 2372 1746 2407 ipse
1763 2373 1797 2400 ad

1009 2417 1106 2447 gentes
1123 2414 1219 2449 majori
1239 2415 1338 2442 oblitas
1354 2415 1482 2451 caligine,
1497 2415 1700 2446 abundantiore
1716 2426 1799 2454 oper-

1012 2463 1091 2486 turus
1101 2459 1161 2487 luce
1172 2460 1314 2494 profectus
1326 2468 1366 2488 es.

1045 2505 1153 2532 Etenim
1167 2505 1239 2533 sicut
1250 2505 1332 2541 ignis,
1347 2506 1369 2534 si
1380 2506 1407 2533 in
1421 2506 1586 2535 crassiorem
1602 2508 1798 2537 humidiorem-

1009 2557 1062 2584 que
1075 2550 1191 2578 forsitan
1213 2552 1351 2587 lignorum
1371 2558 1476 2581 struem
1492 2554 1610 2590 injicias,
1635 2555 1725 2590 sitque
1751 2556 1797 2583 ille

1009 2596 1090 2623 exilis
1104 2604 1136 2624 ac
1153 2597 1254 2630 tenuis,
1269 2606 1334 2625 mox
1354 2599 1540 2635 exstinguitur
1569 2604 1598 2628 et
1614 2601 1795 2637 elanguescit.

1009 2642 1145 2670 crassitiei
1165 2643 1204 2670 illi
1228 2651 1261 2671 ac
1275 2643 1433 2672 humiditati
1451 2645 1539 2673 victus
1561 2646 1735 2673 concedens:
1752 2645 1794 2671 sin

1012 2692 1102 2715 autem
1126 2689 1242 2716 maxime
1258 2697 1339 2716 vorax
1355 2690 1482 2725 aerisque
1502 2690 1650 2722 exstiterit,
1662 2689 1713 2716 etsi
1725 2688 1796 2716 forte

1011 2740 1068 2760 non
1094 2734 1221 2768 protinus
1243 2734 1374 2763 accendat
1396 2735 1512 2763 inhabili
1536 2734 1630 2762 fomite
1658 2741 1711 2761 nec
1729 2732 1797 2760 satis

1011 2777 1154 2813 disposito,
1176 2779 1295 2814 penitius
1312 2784 1402 2808 tamen
1422 2780 1545 2808 insidens
1567 2779 1675 2812 imaque
1695 2784 1795 2812 perva-

1010 2823 1088 2856 dens,
1103 2831 1135 2851 ac
1148 2826 1249 2852 sensim
1265 2826 1415 2862 subjectam
1431 2825 1570 2853 materiam
1590 2823 1742 2857 exsiccans,
1765 2823 1795 2852 in

207 2917 230 2933 "
239 2915 313 2946 Psal.
330 2924 404 2952 cun,
421 2918 448 2946 8.
486 2919 507 2934 “
522 2918 619 2947 Matth.
635 2927 690 2951 xix,
709 2919 756 2945 ‘23.
789 2919 810 2935 λε’
825 2918 903 2946 .lonn.
923 2928 958 2952 iv,
978 2921 1022 2948 24.
