2078 3154
251 216 305 249 279

822 218 969 248 NICET/E
987 219 1255 249 PAPHLAGONIS

1824 215 1877 246 280

250 279 377 307 magnam
400 271 548 306 derepente
567 272 750 298 exsuscitatnr
769 272 916 304 ﬂammam,
940 277 1037 301 totam-

1089 273 1152 308 ὅλην
1160 273 1193 299 δι’
1209 273 1269 299 ὅλου
1285 271 1426 304 λεπτῦνον,
1444 269 1533 306 ἑαυτῷ
1556 270 1728 305 ὲξωμοίωσεν
1738 278 1744 284 ·
1760 269 1832 296 οὕτω
1844 269 1877 305 δὴ

251 324 304 352 que
319 324 432 352 prorsus
443 317 542 345 molem
559 322 720 346 extenuans.
732 317 773 343 sui
791 317 909 348 similem
925 318 1016 345 reddit
1030 327 1036 345 ε

250 363 291 392 sic
302 371 367 392 sane
384 363 466 390 etiam
482 370 596 398 magnus
619 363 662 390 hic
679 363 818 397 Evangelii
835 371 936 397 pneco.
961 368 1038 398 post-

250 417 332 445 quam
346 409 450 437 cmlosti
461 409 560 444 plenus
577 408 649 443 igne.
671 416 756 442 reque
777 409 835 443 ipsa
857 409 927 444 ignis
943 417 1037 436 evase-

251 460 303 486 rat.
321 459 430 482 terrena
450 455 543 483 relicta
554 454 716 486 Jerusalem,
737 459 818 489 atque
838 454 871 481 ad
885 463 933 482 eas
947 455 1037 490 profe-

250 507 312 528 ctus
325 504 430 535 gentes,
448 499 482 526 ad
505 508 573 534 quas
588 499 679 526 aliiatn
707 508 757 527 suo
779 501 891 527 divinus
917 500 1037 535 Spiritus

249 546 440 576 advocaverat,
464 545 621 579 sensimque
638 546 698 579 ejus
725 546 804 580 ignis,
823 553 904 580 quem
925 550 1036 580 pectore

249 591 382 626 gestabat,
404 591 457 618 illis
467 591 597 618 virtutem
613 591 773 622 innuittcns,
787 591 952 626 optimisque
965 591 1035 618 divi-

248 637 292 664 nis
306 636 548 671 praedicationibus
571 637 858 672 pnestantissimisqne
884 637 1033 668 miraculis,

248 681 379 717 paulatim
396 682 559 709 insidentem
572 690 667 709 eorum
681 683 839 717 pectoribus
854 683 1033 717 impietatem,

248 727 425 762 inolitamque
439 727 622 755 viscositatem
634 732 756 755 atterens
767 736 799 755 ac
817 733 943 759 tenuaus,
963 731 1035 754 tum-

248 779 302 806 que
322 772 405 800 animi
418 772 514 800 sordes
537 773 702 805 absumens,
726 777 809 808 atque
836 774 870 800 ad
890 773 952 800 lidei
971 773 1034 799 illu-

248 817 408 847 strationem
425 817 541 845 idoneos
560 825 727 852 praeparans,
746 818 784 845 sic
808 823 922 852 repente
937 818 971 845 ad
987 826 1034 845 ve-

248 864 337 892 ritatis
349 863 410 890 illos
420 863 587 898 agnitionem
599 863 734 894 accendit,
742 871 774 891 ac
785 862 890 898 Spiritu
899 863 1033 896 illustrat,

248 908 413 942 innovatque
425 915 505 942 aqua,
522 915 554 935 ac
574 915 652 935 sacra
668 908 796 935 unctione
807 908 961 944 consignat,
973 909 1035 936 Dei-

248 962 302 988 que
316 954 399 981 verbo
411 954 579 981 sanctiﬁcat:
597 955 679 989 inque
689 962 752 981 eum
765 955 877 982 modum
890 959 962 982 totos
975 962 1035 982 om-
1053 950 1072 976 Β

249 1001 326 1033 nino,
335 1007 391 1034 quo
403 1001 533 1028 incensus
541 1004 610 1033 erat,
622 1001 726 1028 caelesti
739 1008 787 1028 eos
802 1001 864 1036 igne
877 1001 996 1036 replens,
1008 1001 1035 1027 iu

250 1053 327 1072 suam
344 1045 426 1072 trahit
443 1045 662 1072 similitudinem.
678 1045 883 1081 Scripturarum
901 1046 977 1073 enim
990 1046 1036 1073 do-

250 1090 386 1118 cumentis
399 1098 461 1125 quae
484 1091 615 1123 tironum,
635 1098 668 1118 ac
684 1091 881 1118 rudimentaria
899 1095 974 1123 sunt,
987 1098 1035 1118 eos

248 1136 401 1165 emundans
411 1144 442 1163 ac
456 1136 616 1168 instituens,
624 1135 890 1171 perfectioribusque
900 1136 1035 1163 doctrinis

247 1181 406 1210 illuminans
420 1186 502 1216 atque
514 1189 692 1216 componens,
702 1189 753 1209 nec
769 1189 824 1208 non
839 1181 976 1216 supremis
991 1181 1035 1208 di-

247 1227 573 1262 vinispradicationibus
589 1227 746 1262 perﬁciens,
769 1229 929 1262 donansque
954 1228 1035 1254 abso-

247 1271 365 1303 lutione,
379 1273 428 1301 Dei
440 1273 512 1301 ﬁlios
525 1272 725 1305 immnculatos,
739 1273 898 1300 coheredes
915 1281 947 1301 ac
966 1281 1034 1300 con-

247 1319 406 1354 rorporales
416 1319 793 1354 eomparticipesqueChristi
809 1319 892 1347 elﬁcit
909 1329 916 1346 :
938 1320 1035 1354 sicque

246 1365 300 1400 iam
316 1365 343 1393 in
358 1365 496 1393 Ecelesias
513 1369 623 1392 sanctas
640 1365 772 1399 Domino,
802 1374 954 1401 gregesque
975 1374 1035 1393 ma-

247 1416 302 1444 gno
327 1409 501 1437 sacerdotum
529 1413 724 1444 pastoruqu
749 1410 868 1445 principi
889 1417 1000 1446 cogens,
1019 1418 1035 1437 a

248 1455 411 1489 nequissimi
426 1458 563 1490 potestate
574 1455 705 1483 liberatos
727 1461 808 1491 atque
820 1456 936 1489 solutos,
951 1457 1035 1484 coale-

247 1502 284 1529 sti
305 1504 353 1529 eos
368 1501 441 1528 Patri
458 1509 644 1536 supremoque
657 1502 781 1530 omnium
800 1502 866 1537 Regi
881 1503 1018 1529 admovet.

281 1547 327 1574 Sic
344 1547 458 1574 Mathias
473 1548 620 1575 Dominum
645 1548 816 1580 clariﬁcavit,
844 1549 939 1583 sicque
953 1548 1035 1576 vicis-

248 1592 303 1622 sim
317 1592 395 1620 illum
419 1592 553 1620 Dominus
573 1593 749 1626 elariﬁcavit;
778 1597 892 1628 eratque
908 1594 1034 1621 mirabile
1049 1614 1070 1628 ,.

1049 1615 1059 1642 (

248 1638 389 1672 quoddam
403 1639 474 1666 inter
489 1639 584 1666 ambos
601 1639 676 1667 velut
691 1644 842 1671 certamen,
860 1648 892 1667 ac
907 1640 1034 1668 vincendi
1049 1633 1070 1644 “¹

248 1683 342 1711 ardor.
355 1684 421 1711 Nam
438 1685 508 1711 alter
521 1685 645 1719 quidem,
669 1685 716 1720 qui
729 1685 854 1713 salvandi
874 1690 967 1714 essent
983 1686 1036 1712 Do-

248 1731 324 1761 mino
333 1730 509 1765 adjungebat,
525 1731 655 1766 omnique
668 1736 767 1759 conatu
779 1740 811 1760 ac
822 1732 1036 1768 industriae-jus,

248 1776 296 1812 qui
309 1777 432 1809 miserat,
459 1785 585 1812 quaerens
599 1778 724 1812 gloriam,
746 1786 842 1806 eorum
859 1786 974 1806 numero
990 1778 1036 1805 ad-

249 1822 353 1850 debat:
374 1822 442 1850 alter
470 1827 582 1855 autem,
611 1823 656 1850 his
678 1824 724 1858 qui
753 1824 937 1851 credidissent
963 1824 1037 1851 illius

249 1874 343 1902 opera,
358 1875 487 1895 coronam
499 1867 594 1903 gloriae
617 1867 756 1902 animique
772 1869 987 1896 exsultationem
1004 1876 1037 1894 ac

249 1912 334 1941 decus
346 1913 494 1941 muniﬁcus
512 1918 703 1942 remunerator
721 1914 851 1941 donabat.

284 1957 356 1987 Sane
370 1958 482 1993 quidem
500 1959 617 1986 maxima
638 1959 712 1994 digni
729 1959 912 1987 admiratione
936 1959 1037 1987 beatis-

249 2004 311 2032 simi
326 2004 442 2039 apostoli
463 2004 595 2033 circuitus
614 2012 711 2032 omnes
727 2013 758 2032 ac
780 2005 1035 2041 peregrinationes;

249 2052 384 2084 quotquot
396 2048 462 2077 item
475 2049 514 2077 illi
531 2049 640 2077 fortiter
647 2054 723 2085 gesta
737 2051 881 2078 universas
893 2051 1037 2078 lustranda

247 2095 384 2128 nationes,
400 2096 622 2130 splendidissima
640 2097 686 2124 illa
700 2097 781 2132 plane
792 2105 824 2125 ac
840 2097 1012 2124 divinissima
1027 2106 1034 2130 ;

247 2145 310 2167 cum
327 2138 425 2172 primis
441 2147 508 2166 vero
530 2140 601 2175 apud
624 2148 673 2168 eos
687 2141 820 2174 exhibita,
839 2142 885 2176 qui
903 2142 931 2169 in
948 2142 1036 2176 prima

246 2182 387 2219 Ethiopia
398 2184 478 2212 sedes
496 2185 608 2213 habent.
629 2186 815 2215 Admirandus
830 2188 905 2215 enim
924 2188 968 2214 vir
984 2188 1036 2216 iste

249 2229 326 2262 Jesu,
340 2229 413 2264 apud
427 2234 506 2258 atros
521 2231 584 2258 illos
597 2232 721 2266 corporis
737 2233 862 2269 fuligine,
880 2234 1035 2268 mentisque

1089 320 1136 345 καὶ
1153 319 1167 345 ὁ
1187 318 1272 353 μέγας
1282 315 1358 348 οὗτος
1375 317 1422 343 τοῦ
1442 317 1522 350 λόγου
1536 314 1676 351 οέηγόρος,
1695 316 1789 351 ἐπειδὴ
1808 315 1877 352 πλήο

1090 373 1141 400 ρης
1156 364 1261 391 ἐκείνου
1278 363 1324 389 τοῦ
1336 362 1462 400 οὐρανίου
1478 361 1565 397 πυρὸς
1588 360 1631 396 ἦν,
1653 361 1699 388 καὶ
1715 361 1876 397 αὐτόχρημα

1089 410 1154 444 πῦρ,
1171 410 1219 445 τὴν
1231 409 1306 436 κάτω
1319 407 1406 435 λιπὼν
1425 406 1613 442 Ἰερουσαλὴμ,
1630 407 1677 433 καὶ
1692 406 1735 441 ἐφ’
1750 406 1768 433 ἀ
1781 405 1877 433 τοῦτον

1087 457 1152 491 Eum
1171 456 1201 482 τὸ
1214 455 1305 482 κινοῦν
1328 454 1440 489 Πνεῦμα
1466 454 1538 480 ῡεῖον
1555 452 1759 488 προσκέκληται
1774 460 1875 486 πορευ-

1088 501 1156 533 θεὶς,
1175 502 1220 527 καὶ
1240 501 1288 536 τὴν
1310 501 1451 535 ἐνέργειαν
1469 499 1561 534 ἡρέμα
1577 497 1682 529 τούτοις
1695 497 1742 523 τοῦ
1763 498 1791 523 ἐν
1803 496 1880 532 αὐτῷ

1088 548 1172 583 πυρὸς
1188 547 1286 579 ἐνιεὶς,
1313 546 1360 572 καὶ
1384 545 1533 578 θεολογίαις
1559 543 1684 578 ἀρίσταις
1707 541 1755 568 καὶ
1770 542 1878 577 θαυμα-

1086 594 1226 629 τουργίαις
1239 591 1399 627 κρατίσταις
1412 589 1572 623 καταϐραχὺ
1587 588 1637 622 τὴν
1654 586 1876 622 ὲνεσκιρωμένην

1086 639 1147 670 ταῖς
1158 637 1247 664 αὐτῶν
1261 636 1386 671 καρδίαις
1398 634 1524 661 ἀσέϐειαν
1541 633 1681 659 λεπτύνων
1691 641 1698 648 ’
1712 632 1759 658 καὶ
1771 632 1821 666 τὴν
1831 632 1875 659 ὲν-

1087 684 1257 720 τετηγμένην
1270 682 1463 717 γλισχρότητα,
1489 681 1539 707 εἰτ’
1556 679 1603 706 οὖν
1628 678 1725 714 κηλίδα
1742 678 1794 712 τῆς
1814 677 1875 704 δια-

1086 732 1158 762 νοίας
1182 729 1339 762 ὲξανελὼν,
1371 728 1418 754 καὶ
1436 726 1605 761 ἐπιτηδείους
1634 724 1704 760 πρὸς
1733 723 1875 759 φωτισμὸν

1086 777 1203 807 πίστεως
1218 772 1560 810 προπαρασκευαζόμενος,
1575 771 1662 802 οὕτως
1678 770 1809 804 ἐξαπίνης
1826 770 1878 796 αὐ-

1085 823 1148 852 τοὺς
1164 821 1231 856 πρὸς
1253 820 1301 854 τὴν
1318 819 1368 854 τῆς
1384 818 1511 853 ἀληθείας
1526 818 1674 852 ἐπίγνωσιν
1687 816 1811 848 ἀνάπτει,
1830 816 1877 843 καὶ

1085 867 1238 902 λαμπρύνει
1253 866 1292 900 τῷ
1306 865 1456 900 Πνεῦμα-τι,
1474 864 1521 890 καὶ
1536 863 1653 895 καινίζει
1668 863 1706 897 τῷ
1719 862 1795 889 ὕδατι
1808 870 1815 877 ·
1829 862 1877 888 καὶ

1087 912 1152 948 ίερῷ
1169 911 1300 947 χρίσματι
1321 908 1477 945 σφραγίζει,
1493 909 1539 936 καὶ
1555 909 1656 944 ῥήματι
1670 908 1779 941 ἁγιάζει
1792 907 1877 933 Θεοῦ·

1087 958 1135 985 καὶ
1149 957 1235 988 οὕτως
1261 956 1339 988 ὅλους
1354 956 1388 982 δι’
1406 955 1468 982 ὅλου
1491 954 1537 981 τοῦ
1560 954 1623 981 κατ’
1646 953 1729 980 αὑτὸν
1748 952 1875 988 οὐρανίου

1087 1003 1274 1039 πεπληρωκὼς
1289 1002 1383 1038 πυρὸς,
1399 1001 1490 1036 ἑαυτῷ
1504 1000 1634 1036 ἐξομοιοῖ.
1653 1000 1718 1030 Ταῖς
1731 999 1878 1032 εἰσαγωγι-

1087 1052 1147 1081 καίς
1165 1050 1219 1085 γὰρ
1236 1049 1290 1076 τῶν
1316 1048 1414 1082 λογίων
1435 1047 1557 1082 διδαχαῖς
1572 1045 1712 1081 καθαίρων
1734 1045 1782 1072 καὶ
1805 1052 1878 1070 στοι-

1086 1096 1176 1131 χειῶν,
1193 1097 1249 1129 τοῖς
1264 1095 1441 1129 τελειοτέροις
1462 1093 1490 1120 δὲ
1511 1092 1566 1119 τῶν
1583 1091 1727 1126 δογμάτων
1749 1089 1876 1125 φωτίζων

1086 1142 1133 1169 καὶ
1146 1141 1286 1176 συμὸιὸὦν
1298 1149 1306 1156 ·
1322 1141 1383 1171 ταῖς
1394 1140 1524 1166 ἀνωτάτω
1540 1138 1568 1165 δὲ
1580 1137 1732 1172 θεολογίαις
1745 1135 1877 1170 καταρτί-

1086 1188 1140 1219 ζων
1151 1187 1249 1218 αὐτοὺς
1265 1186 1311 1213 καὶ
1327 1184 1536 1220 τελεσιουργῶν,
1553 1184 1637 1210 τέκνα.
1648 1182 1716 1209 Θεοῦ
1736 1181 1877 1216 ἀμώμητα

1087 1230 1299 1266 συγκληρονόμα
1314 1231 1361 1256 καὶ
1377 1229 1509 1264 σύσσωμα
1522 1229 1569 1256 καὶ
1583 1228 1741 1263 συμμέτοχα
1757 1227 1876 1253 δείκνυσι

1086 1277 1132 1303 τοῦ
1147 1276 1281 1312 Χριστοῦ·
1300 1277 1347 1302 καὶ
1377 1275 1449 1302 οὓτω
1472 1275 1565 1301 λοιπὸν
1582 1275 1622 1305 εἰς
1638 1273 1784 1308 ἐκκλησίας
1795 1272 1878 1305 ἁγίας

1086 1323 1191 1357 Κυρίῳ,
1208 1322 1254 1348 καὶ
1267 1321 1353 1347 σεπτὰ
1380 1321 1493 1355 ποίμνια
1507 1319 1547 1354 τῷ
1562 1318 1673 1353 μεγάλῳ
1690 1318 1814 1353 ἀρχιερεῖ
1829 1317 1876 1343 καὶ

1086 1366 1260 1402 ἀρχιποίμενι
1284 1365 1430 1395 καθιστῶν,
1454 1364 1609 1398 ἀπήλλαττε
1635 1363 1684 1397 μὲν
1705 1361 1752 1388 καὶ
1767 1360 1876 1394 ἠλευθὲ-

1087 1422 1134 1449 ρου
1150 1413 1200 1445 τῆς
1225 1411 1349 1445 ἐξουσίας
1366 1411 1413 1437 τοῦ
1431 1409 1552 1445 πονηροῦ
1563 1418 1571 1425 ·
1588 1409 1627 1444 τῷ
1641 1407 1759 1443 οὐρανίῳ
1772 1406 1800 1433 δὲ
1813 1405 1877 1432 τοῦ-

1085 1467 1148 1490 τους
1159 1459 1276 1494 παρίστη
1289 1457 1377 1493 Πατρὶ
1393 1458 1440 1483 καὶ
1454 1456 1637 1492 Παμὸασιλεῐ.

1123 1552 1202 1578 Οὕτω
1226 1550 1334 1582 Μαθίας
1348 1549 1457 1582 ἐδόξασε
1473 1549 1519 1575 τὸν
1530 1549 1644 1583 Κύριον,
1659 1547 1706 1573 καὶ
1719 1545 1805 1577 οὕτως
1823 1544 1874 1571 αὐ-

1086 1599 1132 1625 τὴν
1148 1595 1324 1630 ἁντεδόξασεν
1337 1597 1351 1623 ὁ
1367 1596 1485 1631 Κύριος·
1503 1595 1550 1622 καὶ
1561 1592 1595 1629 ἦν
1606 1592 1750 1628 θαυμαστή
1766 1600 1810 1623 τις
1819 1588 1875 1617 οἷον

1087 1643 1186 1678 ἅμιλλα
1202 1644 1232 1669 ἐν
1248 1642 1423 1677 ἀμφοτέροις.
1447 1641 1477 1667 Ὀ
1496 1641 1545 1676 μὲν
1570 1639 1624 1675 γὰρ
1639 1637 1796 1674 προσετίθει
1812 1637 1874 1668 τοὺς

1088 1687 1259 1722 σωζομένους
1271 1687 1309 1722 τῷ
1325 1686 1432 1721 Κυρίῳ,
1447 1686 1522 1720 πάσῃ
1539 1685 1646 1720 μηχανῇ
1658 1683 1707 1718 τὴν
1723 1682 1803 1715 δόξαν
1826 1681 1874 1708 τοῦ

1087 1734 1243 1768 πέμψαντος
1255 1733 1335 1759 αὐτὸν
1353 1732 1443 1766 ζητῶν
1453 1740 1460 1748 ⁸
1475 1733 1490 1758 ὁ
1512 1731 1540 1757 δὲ
1563 1730 1650 1765 τούτῳ
1665 1731 1729 1761 τοὺς
1740 1728 1773 1755 δι’
1788 1727 1873 1755 αὑτοῦ

1087 1779 1273 1811 πιστεύοντας,
1288 1779 1448 1813 καυχήσεως
1461 1778 1603 1811 στέφανον,
1617 1776 1774 1811 ἀγαλλίαμά
1783 1784 1812 1802 τε
1824 1775 1871 1802 καὶ

1086 1825 1164 1857 δόξαν
1179 1824 1267 1860 ψυχῆς
1279 1823 1464 1859 ἀντεδωρεῖτο.

1124 1966 1202 1991 Ἔστι
1223 1964 1272 1998 μὲν
1286 1963 1332 1990 οὖν
1347 1964 1436 1994 πάσας
1449 1962 1495 1989 τοῦ
1509 1962 1719 1998 μακαριωτάτου
1733 1962 1782 1993 τὰς
1795 1970 1873 1996 περι-

1086 2011 1161 2042 όδους
1184 2008 1383 2045 ὑπεράγασθαι,
1414 2009 1460 2035 καὶ
1475 2009 1523 2040 τὰς
1546 2009 1739 2044 ἀνδραγαθίας,
1764 2010 1829 2040 ὅσας
1845 2009 1874 2034 ὲν

1087 2057 1171 2083 πᾶσιν
1185 2056 1273 2082 ἔθνεσι
1292 2055 1482 2091 κατεπράξατο
1502 2055 1626 2091 περιιὼν,
1638 2056 1676 2087 ὡς
1697 2055 1874 2089 ἀξιολογωτά-

1085 2111 1135 2134 τας
1150 2101 1197 2129 καὶ
1210 2101 1424 2134 ἀξιοθεωτάτας·
1438 2101 1488 2136 οὺχ
1501 2101 1601 2136 ἣκιστα
1616 2101 1654 2134 δὲ,
1670 2101 1702 2136 ἦν
1715 2101 1744 2126 ἐν
1757 2101 1812 2130 τοῖς
1826 2100 1875 2134 τὴν

1087 2148 1198 2183 πρώτην
1225 2147 1368 2174 Αἰθιοπίαν
1398 2146 1521 2173 οἰκοῦσιν
1546 2146 1711 2178 ἐπεδείξατο.
1739 2146 1803 2177 Τοῖς
1820 2147 1874 2180 γὰρ

1088 2193 1216 2227 μέλανσιν
1233 2192 1348 2223 ἐκείνοις
1382 2191 1413 2218 τὸ
1439 2192 1529 2227 σῶμα,
1550 2191 1724 2226 μελαντέροις
1749 2191 1777 2217 δὲ
1807 2190 1875 2216 πολὺ

1088 2238 1167 2264 πλέον
1181 2238 1226 2264 τὸν
1242 2237 1305 2264 νοῦν
1317 2237 1364 2264 καὶ
1377 2238 1428 2272 τὴν
1442 2237 1542 2272 ψυχὴν,
1552 2238 1598 2264 καὶ
1611 2237 1759 2272 ὠμοδόρων
1772 2236 1875 2271 θηρίων

250 2273 310 2308 ipsa
323 2279 405 2310 atque
421 2276 506 2304 animi
520 2276 637 2312 caligine
645 2278 725 2314 longe
738 2280 866 2312 atriores,
882 2287 934 2306 nec
952 2279 1034 2314 quid-

1087 2283 1267 2318 διενηνοχόσιν
1296 2283 1382 2315 οὐδὲν,
1411 2283 1426 2309 ό
1453 2282 1604 2317 θαυμάσιος
1630 2278 1706 2313 οὗτος
1732 2281 1874 2316 ἄνθρωπος

249 2327 331 2354 quam
352 2321 508 2350 crudivoris
524 2323 712 2351 animantibus
727 2324 893 2357 dissimiles,
914 2333 1035 2352 commo-

249 2369 339 2397 ratus,
354 2365 438 2400 inquo
455 2366 547 2394 medio
565 2369 714 2402 agrestium
736 2370 886 2398 bestiarum
905 2375 1034 2405 tanquam

249 2409 348 2443 homo,
377 2418 428 2439 seu
451 2412 547 2447 potius
573 2413 646 2442 inter
673 2415 882 2444 scelestissimos
909 2417 1036 2445 homines

248 2458 326 2492 quasi
347 2458 420 2487 Deus
445 2459 553 2493 beatus,
581 2461 608 2488 in
625 2461 736 2497 longum
759 2467 868 2498 tempus
887 2469 1013 2491 versatus
1027 2484 1034 2496 ,

249 2504 352 2532 nodum
373 2505 478 2533 nullum
497 2514 613 2542 prorsus
627 2508 737 2536 illorum
755 2510 902 2544 proterviae
917 2518 949 2538 ac
970 2511 1035 2538 [οι-ί·
1055 2515 1068 2524 ’³

248 2550 314 2579 tatis
336 2552 483 2587 vestigium
502 2553 554 2581 sibi
572 2554 630 2589 ipse
652 2555 758 2587 ascivit,
780 2563 876 2583 verum
898 2564 947 2584 sua
972 2557 1035 2584 illos

249 2598 461 2627 mansuetudine
476 2598 621 2634 impartiit.
636 2600 742 2628 Nedum
764 2602 839 2629 nulla
854 2602 913 2629 vitii
929 2603 1035 2630 macula

247 2642 351 2670 Christi
370 2643 483 2672 dotibus
494 2645 686 2680 pramitentem
705 2647 827 2675 animum
845 2649 953 2681 imbuit,
967 2649 1034 2684 quin

248 2688 285 2716 ad:
297 2688 442 2717 meliorem
457 2697 507 2718 eos
515 2690 619 2727 frugem
635 2694 823 2720 commutavit.
836 2693 953 2721 Prorsus
961 2694 1034 2721 enim

247 2736 416 2763 contrarium
425 2738 682 2772 contrariosanans,
693 2747 789 2767 eorum
800 2741 892 2768 cordis
905 2741 1034 2768 duritiam

247 2784 276 2806 et
298 2782 482 2816 pervicaciam
501 2791 533 2811 ac
552 2784 723 2819 superbiam,
746 2794 853 2813 morum
878 2788 1011 2815 suavitate
1028 2808 1035 2819 ,

248 2825 372 2859 lenitate,
389 2829 546 2863 placiditate
567 2831 747 2865 emolliebat;
771 2832 919 2865 feritatem,
945 2833 1035 2867 dolos,

248 2870 456 2906 malignitatem,
476 2874 561 2901 animi
585 2875 771 2910 benignitate,
801 2877 932 2910 candore,
959 2886 1037 2905 man-

249 2916 396 2946 suetudine
412 2919 568 2948 inﬂectebat
583 2929 590 2953 ;
606 2921 745 2950 melliﬂuis
762 2922 882 2959 denique
900 2924 1036 2952 sermoni-

1085 2328 1281 2364 ἑμφιλοχωρῶν
1292 2328 1339 2355 τοῦ
1363 2328 1461 2364 Ἰησοῦ,
1475 2329 1521 2354 καὶ
1532 2328 1562 2354 ὲν
1576 2328 1651 2362 μέσῳ
1666 2326 1758 2362 θηρῶν
1770 2326 1875 2361 ἀγρίων

1086 2376 1123 2407 ὡς
1136 2375 1294 2410 ἄνθρωπος·
1314 2374 1413 2410 μᾶλλον
1426 2375 1455 2401 δὲ
1472 2374 1575 2409 μεταξὺ
1586 2372 1712 2408 πονηρῶν
1723 2372 1877 2407 ἀνθρώπων

1085 2421 1129 2450 οἶα
1145 2423 1212 2454 Θεὸς
1225 2423 1326 2456 ἀγαθὸς
1338 2423 1385 2449 ἐπὶ
1400 2423 1466 2449 πολὺ
1483 2421 1618 2449 κατοικῶν
1629 2441 1636 2453 ,
1655 2421 1685 2447 οὐ
1700 2421 1747 2455 τῆς
1762 2419 1875 2446 ἐκείνων

1087 2467 1250 2502 ἰταμότητος
1275 2467 1347 2501 ἴχνος
1360 2467 1427 2499 ὅλως
1442 2468 1601 2501 ἑπεσῠρετο,
1628 2465 1677 2500 τῆς
1693 2464 1795 2495 οἰκείας
1810 2472 1875 2499 μετ-

1086 2513 1170 2540 έδωκε
1183 2513 1367 2548 χρηστότητος
1382 2512 1410 2538 δέ
1420 2521 1426 2528 ·
1452 2511 1508 2538 οὔτ’
1529 2509 1576 2538 οὖν
1590 2512 1639 2546 τῆς
1667 2510 1766 2541 κακίας
1778 2509 1874 2536 σπῖλον

1086 2560 1118 2594 τῇ
1130 2558 1291 2594 χριστοειδεῖ
1303 2558 1504 2594 προσετρίψατο
1518 2557 1590 2592 ψυχῇ
1601 2565 1609 2572 ·
1623 2557 1775 2592 κρείττονος
1791 2563 1874 2590 μετα-

1086 2605 1168 2640 ϐολῆς
1180 2604 1291 2636 τούτους
1306 2604 1459 2640 κατηξίωσε
1468 2604 1506 2630 δέ’
1515 2603 1554 2639 τῷ
1563 2604 1676 2636 ἐναντίῳ
1686 2603 1740 2638 γὰρ
1755 2603 1875 2638 ἀτεχνῶς

1086 2650 1239 2677 τούναντίον
1249 2650 1403 2685 ἐξιώμενος,
1415 2650 1446 2676 τὸ
1456 2650 1572 2684 σκληρὸν
1584 2649 1632 2685 μὲν
1646 2648 1736 2675 αὐτῶν
1744 2646 1793 2682 τῆς
1805 2656 1874 2682 καρ-

1085 2696 1143 2727 δίας
1157 2697 1202 2722 καὶ
1218 2695 1362 2727 δυσπειθὲς
1379 2695 1427 2721 καὶ
1443 2695 1593 2729 ἀγέρωχον,
1609 2693 1648 2729 τῷ
1664 2693 1760 2728 ἁπαλῷ
1771 2702 1800 2719 τε
1813 2693 1874 2729 ἤθει

1086 2743 1133 2769 καὶ
1162 2742 1285 2776 μειλιχίῳ
1309 2741 1497 2776 κατεμάλαττε
1512 2740 1559 2767 καὶ
1575 2741 1674 2775 πραεῖ”
1692 2739 1721 2766 τὸ
1736 2740 1874 2774 ἀνήμερον

1086 2789 1114 2815 δὲ
1130 2789 1175 2815 καὶ
1193 2788 1309 2815 ὓπουλον
1326 2788 1373 2814 καὶ
1394 2788 1497 2819 σκαιὸν,
1512 2786 1550 2822 τῷ
1562 2786 1716 2821 ἀγαθοειδεῖ
1732 2785 1783 2820 τῆς
1796 2784 1874 2819 ’γνώ-

1088 2843 1152 2869 μης,
1167 2833 1290 2868 ἁπλοῑκῷ
1303 2842 1331 2860 τε
1346 2834 1393 2860 καὶ
1407 2834 1539 2868 προσηνεί
1556 2831 1742 2859 κατεδυσώπει
1754 2839 1760 2846 ·
1771 2831 1817 2858 καὶ
1834 2829 1874 2865 τῷ

1086 2881 1140 2906 τῶν
1153 2881 1240 2914 λόγων
1251 2880 1280 2906 δὲ
1289 2879 1443 2915 μελιῤῥύτῳ
1458 2879 1504 2905 καὶ
1513 2879 1551 2914 τῷ
1564 2879 1611 2906 τοῦ
1626 2879 1726 2914 τρόπον
1740 2877 1768 2905 δὲ
1777 2877 1873 2911 ἑνῦέῳ,

1087 2925 1133 2952 καὶ
1151 2925 1189 2959 τῷ
1205 2924 1258 2952 τῶν
1274 2923 1363 2959 ἔργων
1379 2924 1406 2951 δὲ
1424 2923 1592 2959 μεγαλοδόξῳ
1615 2923 1812 2957 καταπλήττων
1827 2921 1874 2947 αὺ-
