2078 3154
155 160 213 192 289

550 160 693 191 ORATIO
713 162 771 192 XV.
787 175 819 180 —
842 162 881 192 ΙΝ
898 162 1055 193 LAUDEM
1075 164 1106 194 S.
1128 164 1247 195 MARCI
1259 164 1387 196 APOST.

1736 167 1790 200 290

153 213 200 240 καὶ
225 209 432 245 εὐαγγελιστὴν,
457 211 603 247 προσθήσω
625 211 654 238 δὲ
670 213 716 238 καὶ
733 213 874 248 ίεράρχην,
900 213 947 240 καὶ

1001 220 1074 242 stam
1086 235 1094 248 ,
1110 216 1205 243 addam
1221 224 1286 243 vero
1298 222 1324 244 et
1336 217 1496 249 antistitem,
1509 217 1628 254 Jesuque
1639 219 1790 254 maiestatis

152 258 203 293 τῆς
229 257 317 292 Ἰησοῦ
343 258 556 292 μεγαλειότητος
568 257 694 292 μάρτυρα
708 258 822 294 Μάρκον
836 258 973 304 ἀφηγῆ-Ιί

154 311 198 329 σαι
209 310 216 317 ·
232 302 279 328 καὶ
295 302 352 332 τοῖς
367 302 400 327 ὲκ
415 301 469 327 τῶν
483 301 571 335 λόγων
593 302 714 333 ἐπαίνοις
725 303 762 334 ὡς
780 303 889 330 ἄνθεσιν
903 303 950 329 εὑ-

152 348 266 375 ωδιάσαι
275 347 323 373 καὶ
337 348 556 382 κατακοσμῆσαι.
568 345 653 379 Οὗτος
665 348 719 383 γὰρ
735 350 809 384 ἡμᾶς
819 349 947 384 σήμερον,

151 394 191 430 τῷ
204 393 330 428 γλυκερῷ
345 392 394 428 μὲν
409 393 457 419 καὶ
471 393 571 428 ἡδίστῳ
587 393 636 428 τῆς
652 394 735 420 αὐτοῦ
756 395 866 430 μνήμης
881 395 948 430 πρὸς

151 441 251 466 οἰκεῖον
265 438 454 473 ἀναζωπυρῶν
469 437 544 465 αῐνον
553 448 560 454 ·
573 439 611 474 τῷ
623 439 737 474 ποικίλῳ
747 440 775 466 δὲ
785 441 832 474 τῆς
849 441 949 477 ἀρετῆς

152 485 200 511 καὶ
221 484 437 519 μεγαλοπρεπεῖ,
467 484 514 510 τὸν
536 484 616 511 ὃκνον
637 486 703 520 ἡμῖν
716 486 808 517 ἐνιεὶς.
828 487 948 520 ἀγωνίας

150 539 182 556 τε
203 530 260 564 ἅμα
275 529 323 556 καὶ
340 529 494 565 προθυμίας
513 530 693 565 ἐμπίπλησιν.
715 531 784 557 Ἀλλ’
807 533 888 567 ἡμεῖς
900 531 947 558 τοῦ

152 575 313 610 Πνεύματος
333 575 383 610 τὴν
405 575 562 610 ἐνέργειαν,
590 576 637 602 καὶ
669 576 716 603 τοῦ
735 577 946 612 εὐφημουμένου

150 622 202 657 τὴν
217 621 342 654 θεολόγον
354 622 586 656 ἐπικαλεσάμενοι
602 623 706 658 φωνὴν,
724 623 829 658 βραχέα
848 623 946 658 τούτῳ,

151 669 199 696 καὶ
224 669 275 695 ὃσα
302 668 383 694 δώσει
410 667 667 704 προσλαλήσωμενο
691 669 762 695 οὕτω
779 669 833 704 γὰρ
856 670 904 696 καὶ
918 669 948 695 τὸ

151 714 232 750 χρέος
247 714 286 749 τῷ
300 714 456 749 λογιωτάτῳ
470 714 518 740 τοῦ
533 714 621 748 Λόγου
637 716 708 741 κατά
718 714 836 749 δύναμιν
850 715 948 749 ὑφέξο-

153 769 203 796 μεν
224 760 344 795 μαθητῇ,
364 760 410 787 καὶ
428 762 461 796 τῇ
490 760 640 796 Ἐκκλησία
662 761 711 787 τοῦ
735 761 802 787 Θεοῦ
817 761 864 788 τὸν
877 761 948 796 ἱερὸν

151 806 362 840 ἀφοσιωσόμεθα
379 805 472 832 πόθον.

188 848 273 884 οὗτος
284 852 374 878 τοίνυν
389 853 403 879 6
420 851 548 884 ἐκλεκτὸς
562 853 608 879 καὶ
624 852 737 887 δόκιμος
750 853 947 888 εὖαγγελιστὴς

151 897 198 924 τοῦ
219 897 318 931 Ἰησοῦ,
335 898 349 924 6
362 897 489 933 λαμπρὸς
505 899 555 932 τῆς
575 898 732 933 οἰκονομίας
743 898 790 924 τοῦ
806 898 875 925 Θεοῦ
893 899 945 925 Λό-

152 951 201 977 γου
221 942 365 976 θεολόγος·
392 943 406 969 6
433 943 677 977 φωτοφανέστατος
705 943 755 978 τῆς
783 943 947 979 Ἐκκλησίας

152 989 283 1024 λαμπτήρ
293 995 300 1002 ·
313 989 327 1015 6
337 989 375 1024 μὴ
387 988 477 1022 λόγοις
495 989 575 1023 μόνον
594 990 697 1022 σοφοῖς,
713 989 781 1016 ἀλλά
798 990 845 1016 καὶ
855 990 948 1023 ἁγίαις

153 1034 285 1070 Γραφαίς,
299 1034 368 1060 ἀλλὰ
380 1035 428 1060 καὶ
447 1033 535 1068 ἀγῶσι
554 1035 690 1070 στερροῖς,
708 1034 776 1062 ἀλλὰ
792 1036 839 1062 καὶ
861 1036 948 1071 παθή-

154 1089 237 1116 μασιν
251 1080 408 1115 ἀθλητικοῖς
436 1080 636 1116 ὑπέρλαμπρον
649 1081 680 1107 τὸ
707 1081 767 1108 κατ’
783 1081 864 1108 αὑτὸν
879 1090 948 1116 μαρ-

153 1127 245 1161 τύριον
270 1125 477 1162 ἀποπληρώσας
502 1126 541 1161 τῷ
563 1126 634 1161 Θεῷ.
664 1123 758 1159 Οὗτος,
788 1127 838 1162 τὴν
863 1127 947 1162 ἀκοὴν

154 1171 286 1207 πρότερον
312 1171 440 1206 ἀκηκοὼς
470 1171 518 1198 τοῦ
536 1171 634 1207 Ἰησοῦ,
657 1172 708 1199 οὐκ
732 1172 812 1199 ἑδυσε
839 1173 873 1199 τὰ
890 1170 948 1199 ὦτα

153 1218 224 1245 κατὰ
235 1218 297 1249 τοὺς
313 1217 438 1249 ἀπειθεῖς
449 1237 457 1249 ,
474 1217 530 1245 οὐδ’
545 1218 647 1252 ἤκουσε
671 1219 730 1253 μὲν,
747 1219 888 1250 ἀσυνέτως
900 1219 928 1245 δέ
938 1227 946 1235 ο

153 1264 214 1290 οὐδὲ
229 1263 346 1295 συνετῶς
359 1263 419 1299 μὲν,
436 1263 466 1290 οὐ
482 1264 552 1299 μετὰ
567 1264 688 1296 πίστεως
707 1265 736 1291 δέ
747 1273 754 1280 ·
768 1265 829 1292 οὐδὲ
845 1265 948 1297 πιστῶς

155 1310 216 1345 μὲν,
229 1309 340 1344 ᾶμελῶς
358 1309 386 1336 δὲ
409 1309 448 1344 τῷ
464 1310 661 1345 χηρυττομένῳ
685 1312 839 1346 προσφοιτᾷ
851 1311 923 1346 λόγῳ
938 1318 945 1325 ·

154 1355 244 1388 πάσης
269 1354 298 1381 δὲ
317 1354 389 1381 κατά
414 1355 505 1390 σάρκα
520 1356 692 1389 συγγενείας,
709 1356 800 1392 πάσης
823 1358 947 1391 κτήσεως

154 1401 200 1427 καὶ
213 1401 400 1436 προσπαθείας
409 1400 438 1427 δὲ
451 1400 542 1436 πάσης
554 1401 609 1427 τῶν
624 1402 727 1436 γηΐνων
742 1402 850 1433 τελείως
864 1403 948 1437 ὑπερ-

156 1447 228 1480 ιδὼν,
243 1446 339 1482 ὥσπερ
364 1447 462 1482 ἔλαφος
482 1447 600 1483 ἔδραμεν
615 1449 643 1474 ἐν
655 1447 736 1482 δίψει,
750 1448 804 1475 τῶν
818 1448 946 1484 ζωηρῤύ-

153 1502 209 1521 των
223 1494 343 1530 Χριστοῦ
359 1495 584 1531 πλησθησόμενος
595 1495 702 1530 πηγῶν.

188 1586 223 1613 Τί
236 1586 282 1613 οὖν
294 1587 308 1613 6
318 1586 431 1622 Κύριος,
445 1587 462 1621 ὴ
475 1585 550 1621 πηγὴ
566 1586 620 1613 τῶν
636 1586 754 1620 δωρεῶν,
765 1587 795 1612 τὺ
809 1586 945 1623 πλήρωμα

153 1634 210 1660 τῶν
225 1633 346 1666 ἀγαθῶν,
362 1633 376 1659 6
386 1632 433 1659 τοῦ
449 1633 554 1668 [ἰατρὸς
566 1633 776 1668 ἀπαράλλακτος
792 1634 946 1670 χαρακτὴρ,

153 1680 168 1706 6
187 1678 233 1706 τοῦ
247 1677 378 1705 θεωτικοῧ
389 1677 547 1713 Πνεὺματος
557 1677 659 1712 δοτήρ;
678 1678 733 1710 πῶς
749 1676 836 1709 οὗτος,
853 1679 870 1713 ἢ
885 1679 948 1713 ποίᾳ

153 1724 273 1751 διαθέσει
285 1724 331 1750 τὸν
343 1723 444 1758 θερμὸν
458 1723 530 1749 οὕτω
541 1724 699 1759 προσήκατο
711 1724 840 1759 φοιτητὴν
853 1732 860 1756 ;
875 1721 948 1760 Ἀρά

153 1780 186 1806 γε
201 1769 341 1802 τοῦτονὼς
354 1769 404 1796 οὐκ
418 1769 526 1795 εῦθετον
542 1768 688 1802 ambusto;
709 1769 725 1804 ἢ
741 1769 820 1802 λόγου
834 1769 948 1804 βραχέος

153 1817 271 1852 ἀξιοῖςῆ
287 1816 326 1852 τῷ
343 1815 433 1850 πολλῷ
456 1814 555 1849 πλήθει
579 1815 742 1850 συναριθμεῖ
754 1815 809 1841 τῶν
825 1815 947 1849 πιστῶν;

153 1864 171 1899 ἢ
184 1863 240 1890 τῶν
267 1861 519 1898 πρωτοαποστόλων
546 1861 619 1892 τινὸς
635 1862 709 1896 ἥττω
728 1861 881 1896 παρέσχετο
898 1861 947 1895 τὴν

152 1909 238 1944 τιμήν
250 1917 258 1941 ;
276 1907 425 1943 οὔμενουν.
444 1907 527 1942 Ὁμοῦ
541 1907 570 1933 δὲ
580 1904 634 1933 εἶδε
647 1907 749 1940 τοῦτον,
766 1908 812 1934 καὶ
822 1907 860 1942 τῷ
871 1907 948 1942 βάθει

152 1954 206 1989 τῆς
220 1953 334 1989 καρδίας
357 1952 440 1980 αὑτοῦ
464 1952 606 1986 ἐνέϐλεψεν
629 1952 666 1984 ὡς
681 1952 758 1984 Θεὸς,
786 1955 834 1979 καὶ
849 1953 878 1980 δν
896 1953 948 1989 πρὸ

153 1999 309 2035 ¹καταϐολῆς
325 1999 384 2034 ⁴ᾕδει
401 1998 448 2025 τοῦ
465 1999 568 2033 κόσμου
590 1998 630 2034 τῷ
646 1998 729 2025 αὐτοῦ
757 1998 862 2033 σώματι
878 1999 948 2034 σύμ-

156 2055 262 2082 μορφον
277 2046 416 2080 ἐσόμενον,
432 2045 526 2072 τοῦτον
553 2045 600 2072 καὶ
617 2045 781 2079 σωματικῶς
807 2045 870 2080 ἄρτι
888 2054 948 2080 φοι-

154 2091 244 2119 τῶντα
256 2091 321 2127 παρ’
333 2091 414 2118 αὑτὸν
429 2090 501 2122 ἰδὼν,
518 2090 567 2126 τὴν
577 2090 624 2117 τοῦ
640 2090 699 2121 νοὸς
715 2089 797 2122 εὐθὺς
819 2091 948 2126 ᾑρέτισεν

155 2138 303 2173 εὐθύτητα,
332 2137 380 2164 καὶ
397 2137 428 2163 τὸ
444 2137 593 2172 ἀκραιφνὲς
617 2136 725 2172 ηγάσθη
751 2136 801 2171 τῆς
817 2137 945 2168 πίστεως,

156 2185 204 2211 καὶ
213 2185 244 2211 τὸ
252 2183 371 2218 καθαρὸν
379 2182 506 2218 ἠγάπησε
519 2183 568 2217 τῆς
584 2182 714 2214 διανοίας,
726 2183 774 2208 καὶ
788 2182 818 2209 τὺ
833 2182 947 2216 ἀληθευ-

1002 264 1098 288 testem
1114 261 1235 289 Marcum
1252 262 1381 290 laudibus
1389 263 1571 296 celebremus,
1585 272 1618 292 ac
1631 265 1705 293 velut
1720 275 1786 294 sua-

1001 306 1174 334 veolentibus
1189 305 1314 338 ﬂoribus,
1333 308 1530 337 encomiastico
1543 317 1669 338 sermone
1691 318 1788 345 asper-

1000 358 1097 386 gamus
1111 359 1142 379 ac
1158 360 1336 380 exornemus.
1351 354 1402 380 Hic
1412 354 1483 381 enim
1496 363 1547 383 nos
1559 355 1639 384 hodie
1649 356 1722 384 dulci
1737 366 1788 386 sua

1001 397 1220 431 suavissimaque
1237 398 1380 431 memoria,
1398 398 1425 426 in
1447 406 1524 426 suam
1537 401 1637 429 excitat
1661 402 1786 435 laudem;

1000 440 1128 476 idemque
1155 441 1337 469 nihilominus
1353 444 1430 470 vario
1447 451 1479 471 ac
1505 446 1708 479 praemagniﬁco
1727 455 1789 475 sua-

1000 495 1060 513 rum
1079 487 1211 514 virtutmn
1236 487 1324 520 cultu,
1351 492 1490 523 torporem
1518 490 1657 525 injicieus,
1691 493 1789 521 timore

1000 533 1102 567 pariter
1117 540 1149 560 ac
1164 533 1306 560 alacritate
1318 534 1461 568 adimplet.
1477 535 1534 563 Nos
1548 536 1689 563 enimvero
1706 537 1786 565 invo-
1841 543 1846 548 ‘

999 582 1062 606 calo
1086 579 1208 614 Spiritus
1220 579 1322 611 afﬂatu,
1339 580 1457 615 ejusque
1474 581 1564 616 ipsius
1577 582 1622 616 qui
1639 583 1727 611 laudis
1744 592 1789 611 ar-

999 629 1129 659 gumento
1140 625 1300 660 propositus
1311 632 1362 659 est,
1373 626 1465 654 divina
1481 627 1560 655 nobis
1571 628 1693 655 adhibita
1709 637 1786 663 voce,

999 677 1086 704 pauca
1114 670 1164 703 illi,
1183 675 1210 698 et
1236 679 1298 706 quae
1327 672 1481 704 donaverit,
1507 674 1713 708 proloquamur.
1743 676 1789 703 Sic

998 716 1082 745 enim,
1100 720 1160 743 tum
1177 717 1402 752 eloquentissimo
1429 717 1510 745 Verbi
1527 719 1661 755 discipulo
1683 729 1733 756 pro
1749 723 1790 749 vi-

999 761 1042 788 rili
1060 766 1152 788 nostra
1164 761 1286 789 debitum
1301 763 1482 793 exsolvamus.
1499 767 1555 790 tum
1567 771 1648 793 sacro
1662 765 1789 794 Ecclesiae

999 804 1045 832 Dei
1058 805 1196 832 desiderio
1209 806 1404 840 deiungemur.

1035 849 1085 878 llic
1101 851 1184 886 igitur
1198 851 1331 886 probatus
1346 856 1430 887 atque
1451 853 1558 882 electus
1580 855 1646 883 Jesu
1666 864 1787 891 evange-

1000 895 1072 927 lista,
1101 896 1149 923 Dei
1173 896 1254 924 Verbi
1283 897 1499 933 dispensationis
1515 900 1607 928 clarus
1634 902 1788 936 theologus,

999 943 1130 969 Ecclesim
1145 943 1346 971 lucidissimum
1365 945 1456 972 lumen
1469 966 1477 978 ,
1494 947 1540 981 qui
1556 947 1658 975 nedum
1674 948 1786 983 sapien-

999 988 1113 1015 tissimis
1131 989 1317 1021 sermonibus,
1335 989 1383 1016 sed
1405 995 1431 1018 et
1446 989 1597 1026 Scripturis
1622 992 1722 1025 sacris,
1738 993 1788 1020 sed

998 1038 1025 1061 et
1037 1034 1142 1062 robusti
1154 1035 1237 1062 animi
1251 1036 1459 1069 certaminibus,
1472 1038 1519 1064 sed
1533 1043 1559 1065 et
1573 1039 1712 1066 atltleticis
1724 1046 1788 1073 pas-

999 1080 1134 1111 siouibus.
1149 1087 1232 1116 supra
1248 1081 1358 1108 modum
1384 1083 1491 1111 illustre
1516 1084 1677 1118 martyrium
1705 1092 1787 1112 suum

1000 1126 1056 1153 Deo
1082 1126 1250 1161 adimplevit.
1273 1127 1310 1160 Is,
1332 1127 1425 1155 audita
1448 1129 1524 1163 prius
1545 1127 1610 1158 Jesu
1637 1130 1787 1161 auditione.

998 1171 1211 1207 haudquaquam
1227 1173 1430 1200 incredulorum
1443 1182 1518 1202 more
1531 1183 1612 1203 aures
1627 1176 1763 1203 obluravil
1777 1185 1785 1209 ;

999 1225 1049 1244 nec
1063 1225 1128 1245 vero
1144 1218 1249 1246 audivit
1272 1223 1389 1252 tantum,
1406 1223 1434 1246 at
1461 1221 1521 1248 sine
1552 1221 1711 1255 intellectu;
1736 1231 1787 1251 nec

998 1271 1059 1291 cum
1076 1264 1216 1291 intellectu
1240 1265 1363 1299 quidem,
1387 1269 1415 1293 at
1429 1265 1488 1293 sine
1504 1265 1575 1299 (ide;
1592 1275 1642 1294 nec
1657 1267 1710 1294 ﬁde
1723 1268 1786 1303 qui-

998 1310 1073 1340 dem,
1094 1314 1121 1336 at
1139 1310 1223 1337 animi
1245 1311 1371 1338 socordia
1388 1311 1573 1346 prtedicationi
1599 1313 1721 1340 auditum
1738 1314 1788 1341 ad—

998 1356 1083 1382 movit
1100 1365 1106 1382 :
1122 1356 1247 1391 quinimo
1267 1357 1370 1384 carnali
1391 1358 1466 1384 omni
1493 1362 1584 1392 spreta
1609 1361 1785 1394 cogitatione,

997 1401 1072 1427 omni
1093 1402 1220 1436 despecta
1238 1401 1405 1434 substantia,
1431 1407 1601 1431 terrenorum
1627 1406 1701 1432 oumi
1725 1405 1787 1432 libi-

997 1447 1060 1474 dine
1077 1447 1195 1482 perfecte
1207 1452 1375 1481 contempla,
1389 1448 1461 1474 cervi
1481 1448 1507 1475 in
1527 1457 1641 1481 morem,
1658 1450 1787 1478 vitalibus

996 1493 1099 1521 Christi
1117 1494 1244 1522 laticibus
1258 1495 1437 1524 inebriandos
1459 1503 1491 1524 ae
1506 1497 1674 1532 prolueudus
1689 1504 1787 1524 accur-

958 1553 981 1584 c
996 1540 1032 1567 rit
1047 1540 1073 1567 in
1090 1540 1134 1567 siti
1149 1540 1183 1566 ⁸³.

1035 1595 1105 1629 Quid
1122 1596 1204 1631 igitur
1218 1595 1359 1630 Dominus,
1380 1597 1441 1625 fons
1460 1597 1505 1625 ille
1525 1597 1673 1630 donorum,
1701 1598 1788 1626 bono-

998 1649 1058 1668 rum
1073 1642 1223 1677 plenitudol
1241 1641 1330 1670 Patris
1342 1643 1573 1670 incommutabilis
1588 1643 1684 1678 ﬁgura,
1697 1643 1787 1671 deiﬂci

999 1686 1118 1721 Spiritus
1133 1687 1233 1714 dator?
1248 1686 1272 1714 ls
1289 1688 1419 1714 nimirum
1432 1695 1549 1722 quanam
1571 1689 1685 1720 ratione,
1697 1695 1787 1724 quove

1000 1733 1101 1760 mentis
1118 1732 1229 1764 aﬂectu,
1244 1736 1321 1760 tanto
1333 1737 1424 1760 actum
1438 1733 1544 1762 fervore
1559 1734 1725 1768 discipulum
1736 1735 1786 1762 ad-

998 1778 1095 1805 misit?
1115 1778 1184 1804 Num
1199 1778 1278 1812 quasi
1297 1779 1388 1805 minus
1400 1778 1528 1806 idoneum
1539 1779 1657 1814 repulit?
1671 1785 1717 1806 aut
1733 1780 1787 1807 mi-

998 1823 1074 1851 noris
1094 1823 1181 1850 fecit?
1198 1823 1239 1850 vel
1261 1824 1425 1858 promiscuae
1445 1823 1565 1851 tldelium
1586 1825 1674 1851 turbze
1696 1831 1786 1851 annuo

998 1869 1104 1896 met-at?
1117 1872 1165 1896 aut
1181 1869 1288 1895 minore
1303 1869 1408 1896 honore
1432 1869 1513 1896 habet
1533 1877 1565 1896 ac
1591 1869 1676 1896 ullum
1703 1869 1786 1903 primi

997 1916 1103 1942 ordinis
1122 1915 1295 1950 apostolum?
1317 1914 1556 1949 Miuimegentium
1579 1923 1586 1941 :
1603 1916 1741 1949 quinmox
1755 1921 1786 1941 ac

998 1960 1077 1991 vidit,
1092 1965 1119 1988 et
1134 1961 1209 1987 velut
1233 1960 1315 1990 Deus.
1337 1960 1411 1986 illius
1429 1959 1483 1986 alta
1500 1960 1619 1994 pectoris
1648 1961 1786 1992 inspexit;

997 2015 1078 2040 quem
1093 2011 1156 2033 ante
1170 2005 1264 2032 mtmdi
1279 2005 1505 2032 constitutionem
1524 2012 1576 2032 suo
1591 2005 1700 2038 corpori
1716 2012 1783 2031 con.

998 2052 1113 2079 formem
1137 2052 1195 2077 fore
1215 2053 1347 2077 noverat:
1363 2050 1394 2076 ad
1416 2056 1445 2077 se
1462 2049 1519 2084 jam
1546 2050 1628 2076 etiam
1649 2049 1785 2083 corporali

998 2105 1092 2132 gressu
1107 2097 1261 2124 uenientem
1278 2103 1406 2127 cernens,
1426 2095 1486 2129 ejus
1495 2095 1589 2122 statim
1605 2096 1687 2121 animi
1705 2095 1785 2122 recti-

1001 2141 1124 2168 tudiuem
1147 2140 1291 2175 probavit;
1310 2139 1369 2166 ﬁdei
1390 2139 1577 2167 sinceritatem
1601 2139 1716 2166 miratus
1731 2143 1785 2171 est,

999 2187 1099 2214 nwntis
1125 2187 1271 2222 puritatem
1285 2185 1400 2217 dilexit;
1419 2192 1563 2220 moresque
1586 2185 1643 2212 veri
1673 2189 1787 2213 tenaces

155 2233 230 2260 τικὺν
245 2232 291 2259 τοῦ
311 2231 412 2266 τρόπου
429 2231 478 2257 καὶ
490 2231 629 2257 ἄπλαστον
642 2229 811 2265 πεφιληκὼς,
825 2231 881 2262 τοῖς
898 2238 943 2256 πι-

999 2238 1080 2268 atque
1096 2232 1236 2267 simplices
1258 2239 1365 2263 amans,
1391 2230 1613 2258 ﬁdelissimorum
1634 2230 1787 2265 discipulo-

157 2278 297 2309 στοτάτοις
313 2277 456 2304 συντάττει
467 2277 521 2303 τῶν
537 2276 685 2311 ὁμιλητῶν.

191 2324 247 2350 Καὶ
276 2322 372 2357 ἐπειδὴ
408 2322 466 2353 τοῖς
490 2321 689 2357 πρεσϐυτάτοις
727 2321 949 2355 ὲγκαταλεγῆναι

157 2369 288 2396 ἀδύνατον
296 2366 343 2403 ἦν,
364 2368 414 2404 ἤδη
431 2367 480 2402 τῆς
496 2368 570 2403 ίερᾶς
584 2367 733 2399 δωδεκάδος
746 2368 950 2402 συμπεπληρωο

157 2415 257 2450 μένηςο
283 2415 341 2446 τοῖς
365 2413 501 2448 δευτέροις
516 2413 565 2447 μὲν
577 2412 625 2448 τὴν
642 2412 718 2444 τάξιν
730 2412 871 2447 ὲναριθμεῖ
884 2419 891 2426 ”
915 2414 948 2447 τῇ

156 2461 324 2496 ὲὸὂοματικῇ
351 2459 425 2493 λέγω
453 2459 545 2494 λογὸδι
572 2459 628 2485 τῶν
656 2459 802 2494 μαθητῶν
829 2459 878 2494 τῆς
894 2459 949 2485 τῶν

157 2506 272 2541 πρώτων
287 2505 316 2532 δὲ
331 2505 442 2540 χάριτος
458 2503 583 2537 καταξιοῖ
595 2504 642 2531 καὶ
657 2503 738 2539 τιμῆς
749 2511 756 2519 ·
774 2501 825 2536 οἷς,
838 2504 884 2530 καὶ
902 2504 948 2530 τοῦ

156 2551 327 2586 Εὑαγγελίου
345 2551 443 2578 σεπτὸν
457 2551 599 2585 ὑποφήτην
614 2551 695 2577 αὑτὸν
713 2551 782 2585 μετὰ
796 2551 892 2583 ταῦτα,
903 2550 949 2577 καὶ

156 2599 280 2631 ἀξιωεον
291 2597 484 2624 ἀποδείκνυσιν
495 2595 671 2631 ἱεροφάντην.
702 2595 812 2630 Ἐπειδὴ
829 2595 883 2630 γὰρ
894 2596 948 2622 τῶν

157 2644 216 2671 κατ’
236 2644 318 2670 αὑτὸν
334 2642 493 2678 μυστηρίων
511 2641 660 2676 ἀκροατὴν,
677 2641 724 2668 καὶ
743 2641 796 2667 τῶν
816 2641 946 2668 θεοτελῶν

157 2688 246 2723 ἔργων
275 2688 408 2720 ἐκείνων,
439 2687 487 2714 καὶ
515 2686 570 2713 τῶν
591 2686 730 2717 ζωοποιῶν
753 2686 943 2720 παθημάτων,

157 2735 204 2760 καὶ
233 2734 284 2768 τῆς
312 2733 488 2764 ἀναστάσεως
520 2732 567 2758 καὶ
590 2731 639 2765 τῆς
671 2731 831 2766 ἀναλήψεως
863 2732 944 2759 αὐτὴν

158 2780 280 2814 ἀπέφηνε
309 2780 413 2814 μύστην
442 2778 489 2804 καὶ
517 2777 629 2813 θεατήν-
665 2777 713 2804 καὶ
746 2777 792 2804 τοῦ
820 2778 945 2814 Πνεὺμα-

191 2868 217 2886 ⁸³
226 2868 301 2896 Psal.
322 2876 376 2902 ut,
392 2867 420 2897 5.

1000 2286 1059 2305 rum
1075 2277 1190 2311 collegio
1206 2277 1339 2312 ailjungil.

1034 2323 1170 2356 Quoniam
1182 2330 1249 2350 vero
1267 2322 1337 2349 haud
1356 2321 1414 2348 ﬁeri
1444 2325 1562 2356 poterat,
1581 2324 1611 2347 ut
1635 2328 1716 2348 sacro
1728 2321 1787 2358 jam

998 2368 1167 2395 duodenario
1191 2367 1327 2401 completo
1353 2373 1482 2398 numero,
1508 2366 1707 2400 antiquissimis
1732 2365 1787 2395 illis

999 2414 1147 2448 primisque
1160 2415 1332 2443 accenseret;
1344 2411 1377 2438 iis
1390 2414 1529 2442 accensct,
1543 2411 1588 2444 qui
1602 2410 1714 2438 secundi
1726 2411 1787 2445 qui:

1000 2459 1062 2486 dem
1081 2458 1186 2485 ordinis
1207 2462 1299 2485 essent
1320 2456 1511 2492 (septuaginta
1537 2456 1665 2484 nimirum
1692 2457 1787 2485 electis

1000 2501 1168 2538 discipulis),
1190 2506 1218 2528 at
1236 2503 1386 2536 primorqu
1411 2505 1501 2529 tamen
1519 2501 1605 2535 gratia
1629 2505 1656 2528 et
1682 2502 1788 2533 honore

1000 2553 1100 2584 auget;
1118 2556 1172 2584 qua
1185 2552 1212 2575 et
1226 2548 1400 2583 postmodum
1417 2547 1555 2582 Evangelii
1571 2549 1731 2583 praeclarum
1748 2549 1787 2574 in-

1000 2599 1158 2629 terpretem,
1177 2595 1356 2628 divinumque
1373 2601 1515 2621 sacrorum
1540 2594 1692 2622 antistitem
1710 2593 1785 2625 facit,

1000 2641 1078 2674 Quod
1095 2641 1168 2668 enim
1182 2648 1294 2667 suorum
1315 2645 1340 2666 te
1356 2640 1550 2674 mysteriorum
1564 2639 1727 2669 auditorem,
1742 2638 1791 2674 di-q

999 2688 1181 2720 vinorumque
1195 2692 1307 2719 operum
1320 2685 1441 2717 illorum,
1456 2691 1488 2711 ac
1497 2684 1667 2712 viviﬁcarum
1681 2678 1791 2716 passio?

999 2741 1075 2765 unm,
1095 2731 1360 2765 resurrectionisque
1376 2735 1459 2765 atque
1486 2730 1512 2757 in
1530 2729 1628 2756 coelum
1647 2731 1790 2761 receptio-.1

1000 2779 1044 2806 nis
1068 2777 1223 2813 cognitione
1255 2776 1398 2809 imbuerat,
1429 2776 1581 2810 horumque
1603 2764 1790 2810 spectatorem“
