2078 3154
180 166 233 200 297

584 164 725 195 ORATIO
744 164 804 196 XV.
822 177 858 182 -
875 165 917 196 ῐΝ
937 164 1094 196 LAUDEM
1108 165 1137 195 S.
1153 163 1272 195 MARCI
1291 165 1419 196 APOST.

1762 167 1814 199 298

182 225 321 259 πανιέρως
337 222 594 257 διασκευαζὸμενος,
622 223 671 249 καὶ
690 221 847 257 προσευχὰς
873 221 975 256 ἐγγρά-

1027 222 1205 249 ςιιετοηιοηίοε
1245 223 1432 251 sacratissime
1457 230 1625 260 componens
1652 232 1685 253 ac
1720 234 1817 262 preces

182 279 248 304 φους
264 269 439 304 παραδιδοὺς,
456 269 503 294 καὶ
516 268 567 303 τὴν
583 267 716 304 μυστικὴν
733 268 780 295 καὶ
804 268 973 302 ἀναίμακτον

180 316 228 343 τοῦ
250 314 408 351 ζωαρχικοῦ
434 314 561 348 σώματος
585 313 634 340 καὶ
649 313 763 348 αἵματος
776 313 974 348 ἱεροτελεστίαν

181 372 211 389 τε
243 363 291 390 καὶ
319 360 502 396 λειτουργίαν,
528 359 709 390 θεοτυπὼτοις
734 359 909 395 παραδόσεσι,
927 359 975 385 καὶ

182 406 310 442 ἀμώμοις
328 405 368 441 τῷ
393 405 530 441 πνεύματι
555 405 771 439 διατυποὺμενος
791 405 973 436 ἀκολουθίσις,

181 454 267 480 τῦπον
291 461 320 479 τε
340 452 395 479 τῶν
410 451 577 487 βαπτισμῶν
605 455 654 478 καὶ
678 451 853 487 χειροτονιῶν
881 452 973 487 ἱερῶν,

182 498 230 524 καὶ
256 499 346 525 πᾶσαν
371 497 465 529 ἁπλῶς
487 498 537 532 τὴν
561 497 792 532 ἐκκλησιαστικὴν
820 497 972 532 ἰεραρχίαν,

181 544 271 579 εὐχῶν
295 553 325 570 τε
344 543 484 579 μυστικῶν
512 543 686 579 ἱερολογίαις,
715 543 763 570 καὶ
794 543 975 578 συμΰολικαίς

182 591 375 626 θεσμοθεσίαις
391 590 577 622 ἀποστολικῶς
594 590 803 625 διαταξάμενος,
818 590 849 615 οὐ
865 590 897 624 τῇ
914 589 975 616 κατ’

182 638 265 664 αὑτὸν
277 638 359 672 γενεᾷ
377 638 467 672 μόνον,
492 637 561 664 ἀλλὰ
587 637 634 664 καὶ
655 637 756 668 πάσαις
773 636 847 671 ἑξῆς,
873 635 974 671 ἱεροθέ-

179 691 231 716 της
249 683 394 717 σωτήριος,
421 682 469 708 καὶ
491 683 588 717 καινῆς
614 681 747 717 διαθήκης
762 681 873 716 ἄριστος
896 688 977 715 νομο-

183 729 266 762 θέτης
285 728 471 763 ἀναπέφηνεν.

218 774 272 799 Καὶ
287 773 336 808 οὐχ
357 773 452 809 ὥσπερ
470 774 574 809 Μωσῆς
597 773 700 804 ἐκεῖνος
719 774 734 799 6
757 773 840 805 πάνυ,
857 773 976 809 κραταιᾷ

181 819 254 854 χειρὶ
285 820 343 850 τοῖς
371 819 530 854 Αἰγυπτίοις
549 819 730 854 ὲμπεπαιιὼς
741 827 748 834 ·
765 820 833 855 πρὸς
849 820 897 855 τὴν
912 819 976 855 ἕρη-

182 874 233 899 μον
247 865 275 891 δὲ
291 865 340 892 καὶ
365 865 397 892 τὸ
419 865 484 901 ὅρος
505 866 689 902 διαϐεϐηκώς·
705 865 815 896 ἐδέξατο
840 865 889 901 μὲν
904 866 975 893 ἄνω-

1028 266 1132 301 scripto
1147 267 1269 300 tradens,
1285 269 1485 303 mysticamquc
1500 274 1527 297 et
1556 269 1728 298 incruentam
1747 272 1819 299 vivi—

1028 313 1072 339 iici
1088 313 1214 347 corporis
1228 317 1311 348 alque
1324 316 1465 350 sanguinis
1485 316 1700 344 celebrationem
1719 318 1818 346 ritum-

1028 366 1082 392 que
1094 358 1195 385 divinis
1211 359 1418 392 traditionibus,
1434 368 1466 388 ac
1481 362 1556 389 omni
1581 362 1644 390 labe
1661 364 1738 398 puris
1760 364 1819 392 olli-

1029 405 1080 432 ciis
1096 405 1266 438 iniormans;
1283 407 1478 442 baptismatum
1496 408 1614 444 denique
1629 417 1661 437 ac
1677 417 1818 439 sacrarum

1011 451 1233 480 .ordinntiouum
1262 452 1355 486 ritum,
1372 461 1536 488 omnemque
1556 461 1671 489 prorsus
1692 456 1820 484 ecclesia-

1029 498 1127 524 sticam
1144 498 1326 525 hierarchiam
1345 507 1456 533 precum
1469 502 1645 535 mysticarum
1663 502 1751 530 sacris
1765 510 1820 530 ser-

1030 543 1158 570 monibus
1177 551 1208 571 ac
1235 545 1395 579 symbolicis
1421 546 1642 576 institutionibus
1669 550 1820 583 apostolico

1030 595 1111 615 sensu
1130 593 1252 623 nutuque
1266 590 1424 621 instituens,
1438 591 1543 625 [nedum
1561 600 1629 625 suae,
1644 593 1691 620 sed
1712 599 1740 621 et
1750 601 1819 621 cun-

1029 634 1081 660 ctis
1095 634 1226 670 deinceps
1236 636 1375 668 aetatibus,
1390 637 1520 665 salutaris
1531 645 1674 666 sacrorum
1690 639 1818 674 antistes,

1029 680 1148 715 novique
1162 682 1318 709 testamenti
1332 683 1454 717 optimus
1467 683 1607 719 legislator
1622 684 1735 713 effulsit.

1065 770 1120 798 Nec
1138 772 1209 799 sicut
1223 772 1420 800 celeberrimus
1441 773 1487 801 ille
1504 773 1593 802 Moses
1610 775 1637 802 in
1655 783 1738 804 manu
1753 776 1818 805 t‘orti

1030 818 1171 853 percussis
1186 818 1333 854 Egyptiis,
1346 822 1429 854 atque
1456 820 1484 847 in
1511 820 1651 849 desertum
1676 823 1819 856 secedens,

1030 871 1239 899 conscensoque
1253 869 1347 893 monte
1358 866 1469 894 caelitus
1483 867 1606 902 quidem,
1623 873 1651 895 at
1668 868 1695 895 in
1724 869 1819 897 littera

181 911 228 938 θεν
241 912 334 946 νόμον,
350 912 397 938 τὸν
421 912 450 938 ὲν
470 913 614 948 γράμματι
631 913 674 939 δέ·
691 913 738 939 καὶ
756 913 896 947 νομοθετεῖ
912 911 972 946 μὲν,

1029 913 1119 937 tamen
1136 910 1253 944 positam
1267 910 1365 946 Legem
1382 912 1502 947 accepit;
1515 920 1548 940 ac
1561 913 1620 946 lege
1633 912 1743 948 quidem
1759 919 1820 942 san-

183 959 258 992 μόνῳ
273 957 312 992 τῷ
335 958 444 993 Ἰσραὴλ
466 958 494 984 δέ
505 965 512 973 '
538 958 596 985 ἀλλ’
612 958 773 992 Αἰγυπτίοις
791 958 840 994 μὲν
856 959 972 994 νοητοῖς,

181 1005 240 1035 ταῖς
265 1004 507 1038 ἀντιτεταγμένοις
524 1004 666 1040 δυνάμεσι,
695 1006 741 1031 καὶ
758 1006 825 1032 πᾶσι
839 1007 896 1037 τοῖς
909 1005 975 1031 ἀσε-

183 1051 258 1077 ὃέσιν
270 1050 325 1076 τῶν
339 1051 496 1084 Αἰγυπτίων
516 1051 752 1086 συμπλεκόμενος,
771 1052 818 1078 καὶ
834 1051 974 1086 κατακρά-

182 1106 227 1129 τος
241 1097 353 1127 τούτους
378 1097 564 1132 τροπούμενος
587 1098 635 1123 καὶ
660 1097 816 1133 καθαιρῶν·
834 1098 885 1133 τὴν
908 1098 973 1124 ἀσέ-

183 1144 258 1170 6ειαν
273 1144 301 1170 δὲ
316 1144 406 1170 αὐτῶν
421 1144 467 1170 καὶ
494 1144 639 1178 ἀσέλγειαν
654 1144 823 1179 ἀπημάντως
841 1144 879 1175 ὼς
899 1144 974 1179 1Ερυ-

182 1191 250 1226 θρὰν
272 1192 302 1217 ὲν
324 1190 436 1226 Χριστῷ
458 1190 546 1225 Ἰησοὖ
570 1190 677 1224 διαϐὰς,
695 1191 742 1218 καὶ
765 1191 832 1225 πρὸς
846 1191 896 1225 τὴν
912 1192 975 1226 ἠρε-

184 1237 266 1270 μαίαν
279 1236 326 1263 τοῦ
340 1236 387 1263 νοῦ
403 1236 571 1263 κατάστασιν
588 1237 635 1263 καὶ
651 1237 789 1272 γαλήνιον,
805 1236 844 1268 ὠς
869 1235 973 1271 ἔρημον

183 1283 363 1319 προσ-χωρῶν,
387 1283 434 1310 καὶ
455 1282 494 1318 ’τῷ
521 1284 570 1318 τῆς
590 1283 730 1316 θεολογίας
747 1283 974 1318 προσαναϐαἰνων

181 1329 239 1364 δρει
255 1329 344 1364 στόμα
359 1329 430 1356 κατὰ
451 1329 539 1364 στόμα
561 1329 709 1364 προσλαλεῖ
725 1329 763 1364 τῷ
779 1329 849 1365 Θεῷ-
868 1330 916 1356 καὶ
929 1329 975 1356 τὸν

182 1374 264 1408 νόμον
286 1375 393 1401 ὲκείοεν
410 1375 440 1400 οὺ
454 1375 500 1401 τοῦ
516 1375 692 1410 γράμματος,
708 1375 774 1402 ἀλλὰ
788 1375 835 1402 τοῦ
852 1375 974 1410 πνεύμα-

183 1428 228 1451 τος
244 1420 449 1455 νομοθετεῖται·
466 1421 512 1446 καὶ
538 1421 706 1456 ἱερουργίαν,
721 1422 750 1447 οὺ
766 1421 816 1456 τὴν
832 1422 861 1448 ὲν
879 1421 974 1453 τύποις

181 1475 211 1492 τε
238 1468 285 1493 καὶ
303 1468 405 1499 σκιαῖς,
420 1467 488 1493 ἀλλὰ
503 1467 552 1502 τὴν
578 1469 606 1493 ὲν
621 1467 736 1503 ἀληθείᾳ
763 1467 812 1494 καὶ
838 1467 976 1503 πνεύματι

182 1511 374 1547 θεωρουμένην
393 1509 632 1548 μυσταγωγηθεὶς,
648 1513 677 1539 οὐ
694 1514 727 1548 τῇ
742 1512 803 1539 κατ’
817 1513 900 1540 αὐτὸν
916 1513 977 1540 Ἐκ-

182 1557 282 1592 κλησὶᾳ
298 1559 388 1593 μόνον,
407 1558 475 1585 ἀλλὰ
490 1560 523 1594 τῇ
541 1558 672 1594 καθολικῇ
692 1559 843 1594 νομοθετεῖ.
860 1560 915 1586 Καὶ
925 1560 974 1595 οὐχ

181 1605 223 1630 ἑνὶ
236 1605 316 1639 μόνον
329 1605 411 1637 ἔθνει,
425 1605 471 1631 καὶ
488 1604 574 1639 τούτῳ
594 1605 685 1640 μικρῷ
699 1606 747 1632 καὶ
766 1606 850 1640 ὁρίοις
865 1608 974 1642 μικροῖς

179 1651 377 1686 διειλημμένῳ,
396 1652 429 1687 τῇ
450 1651 598 1688 οἰκουμένῃ
615 1651 643 1678 δὲ
665 1652 751 1688 πάσῃ,
770 1653 816 1679 καὶ
839 1653 921 1679 παντὶ
936 1652 976 1688 τῷ

179 1697 372 1732 Χριστωνύμῳ
395 1696 559 1733 πληρώματι
586 1698 726 1733 μυστικῶς
754 1700 905 1726 ἐπιστατεῖ·
925 1699 974 1726 καὶ

179 1741 297 1777 διαθήκη
307 1743 399 1778 καινὴ,
414 1744 463 1770 καὶ
476 1743 624 1779 παράδοσις
641 1744 818 1780 ἀποστολικὴ,
832 1745 881 1772 καὶ
893 1745 975 1780 νόμος

179 1790 320 1825 ἀληθείας,
342 1791 397 1818 πᾶν
409 1791 438 1818 τὸ
454 1793 518 1826 παρ’
536 1791 641 1818 ἐκείνου
659 1791 764 1827 λεχθὲν,
778 1791 794 1827 ἢ
810 1792 973 1827 παραδοθὲν,

178 1836 211 1862 οὖ
227 1838 282 1869 τοῖς
303 1837 510 1873 Ἀλεξανδρεῦσι
526 1837 627 1873 μόνοις,
645 1837 713 1864 ἀλλὰ
726 1838 772 1864 καὶ
789 1838 889 1870 πάσαις
904 1838 972 1865 καθ-

178 1881 243 1908 όλου
258 1883 316 1913 ταῖς
330 1883 417 1916 ἱεραῖς
440 1882 616 1916 Ἐκκλησίαις
630 1883 803 1918 χρηματίζει.

226 1927 303 1954 Ἐπεὶ
323 1928 352 1954 δὲ
376 1929 477 1959 πάσαις
498 1928 550 1963 μὲν
574 1929 769 1961 ἀποστολικαῖς
785 1929 973 1964 θεοσημείαις,

179 1974 284 2005 πάσαις
297 1974 326 2000 δὲ
345 1973 431 2006 θείαις
443 1973 584 2009 χρώμενος
599 1974 777 2010 ἱερουργίαις,
792 1974 823 2001 τὸ
838 1974 918 2010 ἔργον
934 1974 975 2001 εὑ-

178 2020 297 2054 ἁρεπον
316 2019 376 2054 Θεῷ
391 2020 438 2046 καὶ
453 2019 557 2046 τέλειον
576 2020 626 2055 τῆς
641 2019 723 2046 αὑτοῦ
743 2020 901 2055 παρέστησε
916 2020 974 2046 δια-

179 2066 287 2098 κονίας,
296 2066 343 2092 καὶ
360 2065 476 2097 πολλοὺς
493 2066 542 2100 μὲν
557 2065 596 2101 τῷ
611 2065 742 2102 χρίσματι
756 2066 806 2100 τῆς
824 2065 974 2101 ἱερωσύνης

177 2110 374 2142 τετελειωκώς·
397 2111 572 2145 παμπόλλους
596 2112 624 2138 δὲ
639 2113 688 2146 τῆς
704 2111 848 2146 εἰδωλικῆς
860 2112 974 2147 ἀπάτης

178 2159 227 2184 καὶ
243 2158 349 2192 πλάνης
369 2158 525 2193 ῥυσάμενος
535 2177 541 2189 ,
560 2157 604 2184 διὰ
619 2158 738 2189 πίστεως
760 2158 920 2194 προσήγαγε
935 2157 974 2192 τῷ

177 2203 303 2238 Χριστῷ,
322 2203 396 2235 ἄξιον
412 2203 537 2238 κέκριται
559 2204 626 2239 μηδὲ
650 2204 700 2239 τῆς
715 2203 898 2240 ἀθλοφορικῆς
916 2204 972 2239 (57)

177 2250 261 2275 αὐτὸν
276 2249 474 2284 ἀπολελεῖφθαι
490 2249 585 2286 τιμῆς.

987 1581 1011 1613 C

1029 952 1076 988 cii,
1093 964 1188 983 verum
1215 957 1266 985 soli
1285 956 1379 985 lsraeli
1394 966 1401 985 :
1419 958 1543 993 quinimo
1565 966 1626 987 cum
1645 960 1820 995 spiritalibus

1030 1003 1165 1040 )Egyptiis
1183 1005 1361 1040 (adversariis
1376 1006 1482 1034 scilicet
1499 1007 1682 1042 potestatibus
1696 1009 1821 1037 cunctis-

1029 1056 1083 1084 que
1098 1049 1290 1085 Egyptiorum
1307 1051 1411 1086 impiis)
1422 1059 1600 1087 congressus,
1615 1052 1703 1088 iisque
1712 1055 1821 1089 penitus

1030 1095 1100 1122 fusis
1118 1103 1150 1122 ac
1180 1095 1343 1130 proﬂigatis,
1370 1103 1476 1124 necnon
1505 1096 1614 1124 illorum
1635 1097 1777 1134 impietate
1789 1106 1821 1127 ac

1030 1139 1153 1173 lascivia,
1173 1140 1261 1168 instar
1274 1141 1357 1169 maris
1370 1141 1456 1169 Rubri
1469 1143 1579 1171 innoxie
1592 1144 1620 1171 in
1631 1143 1740 1172 Christo
1754 1144 1819 1172 Jesu

1029 1190 1173 1221 superata;
1190 1188 1319 1222 velutque
1345 1189 1372 1215 in
1394 1188 1547 1223 desertum,
1573 1190 1606 1218 ad
1640 1192 1818 1227 tranquillum

1029 1235 1129 1260 mentis
1143 1237 1244 1261 statum
1261 1235 1439 1270 quietumque
1455 1236 1596 1269 secedens,
1612 1241 1725 1273 tumque
1737 1240 1821 1266 abun-

1029 1278 1063 1306 de
1081 1286 1234 1307 conscenso
1253 1281 1397 1316 theologia:
1410 1287 1513 1313 monte,
1530 1290 1578 1309 ore
1593 1283 1626 1310 ad
1640 1292 1672 1311 os
1689 1292 1750 1312 cum
1765 1285 1820 1313 Deo

1030 1333 1173 1354 sermones
1203 1327 1316 1360 miscet;
1339 1327 1457 1363 indeque
1478 1336 1531 1356 non
1561 1329 1669 1363 litterze,
1689 1332 1738 1359 sed
1766 1334 1821 1368 spi-

1029 1372 1099 1399 ritus
1117 1372 1203 1408 legem
1221 1373 1354 1408 docetur;
1379 1382 1543 1410 sacramque
1564 1376 1746 1411 l'unctionem,
1763 1387 1818 1408 non

1028 1426 1089 1454 quae
1104 1419 1132 1446 in
1153 1419 1249 1454 ﬁguris
1264 1423 1291 1447 et
1317 1420 1440 1453 umbris,
1468 1422 1515 1449 sed
1529 1430 1590 1457 quae
1619 1423 1646 1450 in
1674 1425 1772 1459 spiritu
1792 1430 1820 1452 ct

1028 1464 1144 1491 veritate
1159 1464 1338 1500 intelligatur,
1351 1465 1492 1499 hauriens,
1507 1467 1606 1494 nedum
1619 1476 1675 1496 sua:
1688 1469 1755 1504 ipse,
1770 1471 1817 1497 sed

1028 1513 1055 1537 et
1084 1510 1234 1537 universali
1259 1511 1349 1537 sancit
1380 1511 1527 1546 Ecclesiae;
1542 1520 1593 1540 nec
1617 1513 1663 1540 uni
1685 1513 1820 1541 duntaxat

1029 1555 1114 1590 genti,
1127 1557 1208 1597 eique
1227 1556 1373 1592 ejusmodi,
1391 1561 1421 1584 ut
1447 1558 1506 1592 ipsa
1526 1559 1635 1594 exigua
1655 1560 1820 1595 angustiori-

1028 1602 1135 1636 busque
1160 1601 1286 1629 terminis
1314 1602 1514 1637 comprehensa
1539 1603 1587 1637 sit,
1609 1603 1657 1632 sed
1689 1605 1819 1633 universo

1028 1650 1164 1676 terrarum
1180 1647 1240 1674 orbi
1256 1654 1289 1674 ac
1314 1646 1536 1674 Christianorum
1555 1647 1629 1675 omni
1646 1648 1732 1676 ccctui
1758 1657 1819 1684 my-

1027 1695 1098 1722 stice
1112 1694 1288 1729 praescribit;
1315 1701 1474 1729 novumque
1488 1698 1685 1722 testamentum
1702 1701 1729 1723 et
1749 1702 1818 1731 apo-

1026 1740 1125 1768 stolica
1143 1741 1265 1773 traditio,
1281 1740 1380 1776 lexque
1390 1740 1514 1768 veritatis
1528 1741 1616 1773 audit,
1631 1741 1765 1777 quidquid
1782 1742 1817 1768 ab

1026 1793 1059 1813 eo
1073 1785 1173 1813 nedum
1186 1785 1394 1820 Alexandrinis,
1413 1785 1459 1813 sed
1474 1790 1501 1813 et
1526 1787 1635 1814 cunctis
1666 1787 1816 1816 universim

1026 1833 1131 1860 sanctis
1144 1831 1278 1860 Ecclesiis
1294 1833 1399 1860 dictum
1413 1836 1460 1859 aut
1472 1833 1604 1860 traditum
1625 1834 1670 1860 sit.

1062 1922 1141 1955 Quod
1172 1929 1238 1949 vero
1266 1922 1406 1950 universis
1432 1922 1596 1957 apostolicis
1621 1922 1709 1958 signis
1723 1924 1817 1952 divina

1026 1969 1128 1996 virtute
1158 1969 1300 2001 exhibitis,
1325 1969 1490 2001 cunctisque
1520 1969 1608 1997 sacris
1628 1969 1818 1998 [unctionibus

1026 2015 1159 2050 peractis,
1179 2015 1323 2043 ministerii
1350 2016 1392 2043 sui
1410 2023 1481 2050 opus
1495 2022 1578 2050 quam
1598 2022 1741 2051 acceptum
1764 2016 1819 2044 Deo

1025 2061 1233 2096 perfectumque
1273 2062 1448 2094 reddiderat,
1479 2062 1630 2098 multisque
1652 2063 1817 2090 sacerdotali

1025 2110 1156 2137 unt-tione
1167 2110 1380 2141 consummatis,
1392 2109 1551 2144 complures
1567 2116 1582 2135 a
1601 2109 1816 2137 simulacrorum

1025 2157 1101 2183 cultu
1119 2160 1201 2191 atque
1217 2163 1313 2183 errore
1329 2155 1460 2183 liberatos
1474 2163 1522 2190 per
1537 2155 1617 2182 iidem
1634 2155 1748 2183 Christo
1768 2154 1803 2182 ad

1024 2201 1166 2236 junxerat,
1186 2208 1277 2235 operm
1306 2202 1424 2235 pretium
1455 2201 1549 2228 visum"
1564 2205 1618 2232 est,
1631 2209 1666 2228 ne
1681 2206 1708 2228 et
1719 2200 1818 2228 trium-

1018 2249 1109 2285 phalis
1129 2257 1192 2277 eum
1203 2257 1302 2284 pugna:
1320 2249 1410 2276 honor
1424 2248 1566 2276 deﬁceret.

177 2337 193 2357 a
209 2329 444 2360 Sancto‘Andrea,
480 2330 612 2357 Ecclesia:
628 2329 793 2357 Parisiensis
816 2329 976 2361 canonicos,
991 2329 1018 2360 D
1032 2329 1212 2365 singulariter
1228 2337 1258 2357 se
1278 2330 1393 2357 missum
1409 2337 1423 2356 a
1439 2327 1544 2364 Spiritu
1560 2333 1654 2365 saneto
1676 2328 1819 2364 professus

177 2373 213 2392 ex
226 2365 288 2392 eod.
299 2365 460 2393 monasterii
474 2365 502 2392 S.
513 2365 605 2392 Maria:
619 2366 668 2400 τῆς
685 2365 865 2401 Ὀδηγητρίας
878 2366 908 2401 in
921 2365 974 2401 Ga-

178 2401 279 2433 labria,
289 2401 467 2428 ex~cribente
479 2405 562 2435 atque
572 2401 698 2428 mittente
709 2400 736 2427 Si
744 2401 811 2427 rleto
821 2400 973 2428 cardinale.

178 2436 353 2470 Fucrintque
364 2435 434 2462 adeo
448 2436 503 2462 duo
514 2436 604 2470 magni
619 2436 758 2462 antistites
767 2435 818 2470 ipsi
831 2443 975 2462 sacrorum

177 2471 321 2498 antistites
344 2475 373 2498 et
399 2470 555 2497 divinarum
582 2471 808 2498 caeremoniarum
835 2475 973 2502 auctores,

177 2506 264 2532 ambo
283 2506 402 2540 apostoli
418 2506 532 2532 secundi
548 2506 666 2537 ordinis,
683 2506 735 2532 viri
759 2506 876 2533 maxime
891 2506 975 2540 spiri-

179 2542 261 2572 tales,
283 2541 406 2568 Jaeobus
425 2546 453 2567 et
476 2541 600 2567 Marcus:
629 2541 702 2568 unde
724 2541 821 2576 reliqui
845 2547 975 2576 tanquam

178 2584 213 2603 ex
228 2577 427 2611 limpidissimo
439 2575 525 2607 fonte,
540 2584 601 2611 quae
619 2577 679 2610 ejus
689 2577 799 2611 generis
813 2575 907 2603 saneta
923 2581 973 2604 tra-

177 2612 322 2642 diderunt,
347 2611 506 2643 hauserint;
524 2611 581 2638 sive
601 2612 684 2638 etiam
716 2612 781 2642 illis,
798 2619 848 2638 ceu
863 2611 974 2638 solidis—

178 2648 251 2673 simo
264 2647 459 2678 fundamento,
477 2653 525 2673 sua
554 2654 604 2680 pro
625 2652 779 2681 temporum
807 2647 913 2673 ratione
929 2647 971 2674 vel

177 2683 364 2716 cxplicatoria
378 2681 420 2708 vel
435 2681 570 2712 breviata,
588 2689 634 2708 sou
648 2682 729 2708 aliter
747 2681 909 2716 composita,
925 2689 972 2708 su-

182 2718 409 2751 perstruxerint;
426 2717 484 2743 sive
504 2716 530 2743 id
547 2716 584 2743 ita
608 2717 663 2743 illis
687 2721 851 2751 usurpatum
878 2716 974 2745 divino

180 2752 327 2781 instinctu.
345 2759 378 2779 ac
392 2756 492 2786 sponte
519 2759 552 2778 ea
576 2757 717 2786 assumpta
740 2751 893 2786 provincia.
915 2752 973 2780 sive

178 2787 243 2821 quia
257 2788 378 2822 majores
392 2787 510 2821 apostoli
534 2787 608 2813 istud
633 2788 757 2814 muneris
774 2787 815 2814 eis
842 2786 971 2821 iniunxe-

179 2826 255 2851 runt.
271 2823 339 2849 dum
350 2822 408 2858 illi,
421 2822 456 2858 iis
465 2829 526 2856 quae
539 2825 605 2858 sunt
618 2823 738 2858 propius
750 2822 894 2858 apostolici
908 2830 970 2850 mu-

179 2858 265 2893 neris,
285 2857 335 2884 toti
348 2857 525 2893 incumbunt.
546 2857 572 2884 id
585 2862 638 2888 est.
666 2857 874 2892 praedicationi;
889 2865 972 2893 quam

180 2891 283 2920 Paulus
298 2893 339 2920 sic
352 2892 497 2927 proprium
510 2892 561 2919 sibi
573 2891 674 2920 munus
699 2893 797 2928 voluit,
817 2897 847 2921 ut
860 2891 907 2922 ad'
920 2894 973 2921 hoc

351 2939 489 2969 PATROL.
510 2939 569 2970 Gn.
585 2939 649 2970 CV.

1031 2364 1146 2397 sit,’non
1164 2365 1197 2392 ad
1212 2365 1420 2400 baptizandum.
1437 2365 1478 2391 vel
1492 2365 1575 2400 etiam
1588 2364 1621 2391 ad
1641 2365 1711 2391 ritus
1725 2371 1819 2400 sacros

1027 2398 1259 2428 conscribendum
1274 2409 1281 2427 :
1300 2407 1457 2435 quanquam
1473 2399 1619 2426 tradidisse
1644 2407 1707 2427 eum
1719 2398 1819 2427 Corin-

1028 2436 1105 2466 thiis,
1132 2443 1193 2470 quae
1223 2435 1403 2463 Eucharistiae
1432 2435 1515 2462 ritum
1536 2439 1705 2469 spectarent,
1728 2439 1756 2462 et
1783 2437 1817 2463 ad

1028 2471 1156 2503 εὐταξίαν
1169 2471 1196 2498 in
1212 2471 1348 2503 Ecclesia,
1365 2471 1474 2505 aliaque
1487 2471 1547 2505 ejus
1564 2471 1684 2505 generis,
1714 2471 1816 2498 nedum

1028 2507 1142 2541 scripto,
1163 2506 1210 2533 sed
1225 2506 1308 2533 etiam
1325 2504 1471 2537 verbo.’ex
1486 2504 1546 2541 ejus
1561 2504 1593 2532 ad
1607 2513 1655 2533 eos
1686 2504 1818 2540 Epistolis

1028 2542 1280 2576 compertissimum
1295 2546 1347 2568 cst.
1365 2541 1513 2569 DeJacobo
1531 2541 1600 2568 alias
1624 2541 1680 2568 dixi
1707 2542 1734 2568 in
1755 2549 1817 2568 meo

1025 2576 1163 2612 Hippolyti
1194 2576 1328 2607 indtculo,
1355 2576 1445 2611 deque
1469 2576 1596 2609 regendas
1627 2576 1758 2604 Ecclesiae
1785 2584 1817 2603 ac

1025 2612 1204 2639 instituendas
1227 2612 1266 2638 sic
1293 2612 1365 2639 inter
1386 2612 1463 2639 illum
1474 2612 1625 2639 etPctrum
1637 2620 1669 2639 ac
1682 2612 1816 2639 Joannem

1025 2647 1178 2674 distributo
1194 2655 1319 2674 munere.

1062 2682 1115 2716 (57)
1135 2682 1218 2713 Μηδὲ
1238 2682 1290 2715 τῆς
1319 2682 1534 2716 ιίθλοφορικῆς.
1548 2682 1630 2710 Marci
1651 2681 1815 2716 martyrium

1026 2717 1142 2756 perinde
1176 2717 1278 2744 Menam
1296 2717 1432 2756 referunt,
1461 2718 1594 2756 Metaph.,
1611 2717 1738 2750 Niceph.,
1759 2720 1813 2756 etc.

1026 2751 1104 2786 Quod
1119 2753 1211 2788 ignem
1222 2753 1372 2780 accessisse
1382 2753 1416 2780 ad
1433 2751 1544 2787 reliqua
1563 2756 1699 2788 tormenta
1715 2751 1815 2788 scribit

1026 2785 1147 2820 Nicetes,
1169 2787 1280 2815 videtur
1308 2788 1458 2823 singulare.
1485 2785 1577 2815 Potuit
1592 2787 1640 2823 sic
1672 2785 1752 2823 turba
1771 2791 1815 2814 tu-

1026 2824 1181 2850 multuante
1195 2831 1227 2850 ac
1240 2821 1415 2856 san’ienté,ut
1425 2821 1722 2850 estAlexaudrinorum
1739 2822 1816 2850 ferox

1028 2859 1181 2893 ingenium,
1197 2859 1316 2885 cadaver
1333 2859 1361 2886 in
1390 2859 1479 2892 ignem
1503 2856 1621 2893 conjici;
1641 2856 1714 2893 unde
1730 2857 1814 2885 Marci

1027 2891 1156 2929 discipuli
1171 2898 1325 2921 extractum
1341 2891 1491 2921 honoritice
1521 2891 1694 2927 sepelierint.

1532 2936 1566 2969 10
