2078 3154
281 171 334 203 2'19

316 225 384 252 Cum
393 224 449 260 jam
464 224 556 260 itaque
582 229 681 259 prmslo
707 228 782 251 esset
797 223 984 259 emigrationis
1000 226 1069 250 tem-
1085 225 1109 254 Α

282 279 334 307 pus
348 279 380 298 ac
394 270 506 306 praemia
518 269 685 298 conferenda
701 273 806 298 essent.
837 270 984 304 derepente
1006 268 1070 296 Ale-

283 317 482 345 xandrinorum
513 316 694 352 nequissimis
710 316 786 343 zelus
801 315 967 348 inardescit;
995 315 1072 342 zelus

284 363 391 391 scilicet
422 361 586 389 dtemoniaci
607 361 710 388 furoris
734 369 766 388 ac
795 361 837 388 sui
862 361 1009 396 impotens.
1027 359 1070 392 Hi,

283 409 429 437 consilium
441 408 468 435 in
483 412 609 435 sanctum
621 406 759 439 ineuntes,
775 407 897 442 atquein
923 406 986 441 ejus
998 405 1072 434 aedes

283 455 452 486 invadentes,
465 460 527 480 cum
541 452 714 480 Dominicum
739 460 808 488 opus
833 456 958 488 agentem
984 452 1071 480 oll‘en-

283 501 400 533 dissent,
444 499 564 539 violenta
590 506 674 527 manu
708 500 864 534 abreptum,
906 498 956 526 soli
990 497 1073 533 pavi-

283 550 378 574 mento
397 545 536 579 allidunt;
561 549 676 582 tumque
704 545 797 581 ligatis
811 552 827 573 e
843 545 915 573 collo
949 544 1071 576 funibus,

282 592 329 618 alii
343 591 454 626 quidem
473 591 562 619 media
577 590 744 619 Alexandria
757 590 876 618 ludibrio
893 590 1073 625 propudioso-

283 646 336 673 que
350 637 508 673 spectaculo
520 638 554 666 ab
572 642 634 665 ante
647 637 804 669 trahebant,
821 637 866 664 alii
882 637 970 664 secuti
990 636 1072 664 fusti-

282 683 537 719 buslapidibusque
556 682 712 710 tundebaut
729 691 736 710 :
753 690 807 717 qua
819 682 842 709 is
858 681 974 712 servitia.
992 688 1072 709 sacra

283 729 395 764 Deoque
410 728 508 756 dilecta
525 735 556 755 ac
574 728 733 764 gratissima
745 728 856 755 victima
870 727 989 754 exstitit.

319 817 386 844 Eum
399 817 427 844 in
439 816 561 849 modutn,
571 816 758 851 apostolorum
770 823 876 843 summa
892 815 1073 842 admiratione

282 863 375 897 digne.
401 868 545 889 sacrorum
575 860 729 888 antistitum
758 859 1072 892 sacratissime,triutn-

878 167 1025 198 NICET/E
1043 166 1309 198 PAPHLAGONIS

1867 169 1920 201 ΜΟ

1167 222 1243 249 Ἐπεὶ
1258 222 1287 248 δέ
1301 221 1351 257 τῆς
1364 221 1522 253 ἀναλύσεως
1535 222 1583 248 καὶ
1599 221 1653 248 τῶν
1669 223 1811 258 στεφάνων
1824 223 1840 250 ὸ
1855 232 1918 251 και-

1126 268 1171 304 ρὸς
1191 267 1242 303 ἠδη
1264 267 1375 303 παρῆν,
1393 267 1473 300 ζῆλος
1496 267 1545 303 μέν
1565 267 1680 300 ἐξάπινα
1699 270 1756 301 τοῖς
1769 270 1824 296 τῶν
1845 270 1919 297 Ἀλε-

1123 313 1259 348 ξανδρίων
1274 313 1426 340 άνάπτεται
1443 313 1650 349 πονηροτάτοις·
1664 315 1745 350 ζῆλος
1762 315 1919 351 δαιμωνιιῖι-

1122 359 1181 395 δης,
1194 359 1242 387 καὶ
1258 360 1288 386 οὺ
1301 359 1444 391 καθεκτός·
1463 360 1488 386 οι
1504 359 1668 394 συμϐούλιον
1685 361 1747 388 κατ’
1768 362 1852 389 αὑτοῦ
1868 363 1917 389 λα-

1123 406 1229 439 ὃόντις,
1248 405 1296 432 καὶ
1317 406 1367 441 τὴν
1395 406 1486 433 οἰκίαν
1507 405 1555 432 τοῦ
1575 407 1715 442 μακαρίου
1732 409 1917 442 πεφθακότες,

1123 451 1171 477 καὶ
1182 450 1276 477 τοῦτον
1290 449 1338 477 τοῦ
1353 450 1459 486 Κυρίου
1473 450 1503 477 τὸ
1520 451 1601 486 ἔργον
1618 451 1823 485 καταλαὸόντες
1833 454 1916 489 ἐργα-

1124 495 1250 531 ζόμενον,
1267 496 1473 531 συναρπάζουσί
1484 505 1514 523 τε
1533 496 1667 532 σφοδρῶς,
1684 497 1732 524 καὶ
1745 497 1785 534 τῷ
1799 499 1848 534 τῆς
1866 500 1916 535 γῆς

1124 541 1219 576 ἐδάφει
1237 541 1487 578 προσαράσσονσιν.
1511 540 1579 569 Εἶτα
1601 542 1744 575 καλωδίοις
1765 543 1850 571 αὐτοῦ
1870 547 1918 572 τὸν

1123 585 1260 622 τράχηλον
1284 586 1452 622 ἐξάψαντες,
1474 587 1499 614 οἰ
1520 587 1570 623 μὲν
1585 587 1743 624 ἔμπροσθεν
1767 586 1859 618 εἷλκον
1873 590 1919 617 διὰ

1126 632 1213 667 μέσης
1232 633 1439 669 Ἀλεξανδρείας
1466 633 1653 669 θεατρίζοντες
1676 636 1724 662 καὶ
1741 636 1867 670 παίγνιον
1880 645 1919 663 τι-

1124 677 1226 710 θέντες·
1242 679 1266 705 ol
1291 679 1320 706 δὲ
1337 679 1425 712 ξύλοις
1443 680 1489 706 καὶ
1514 679 1601 713 λίθοις
1617 681 1746 716 ἑπόμενοι
1762 682 1916 709 κατέκλων

1126 725 1171 751 καὶ
1184 724 1258 760 θῦμα
1280 725 1351 760 ἱερὸν
1371 725 1443 752 οὕτω
1460 726 1507 752 καὶ
1527 726 1604 760 φίλον
1617 726 1678 762 Θεῷ
1692 727 1741 754 καὶ
1754 728 1916 763 εὐχάριστον

1126 769 1259 805 ἱέρευσαν.

1160 816 1277 848 Οὕτως,
1299 813 1322 843 ὦ
1343 816 1553 852 θαυμασιώτατε
1582 817 1638 844 τῶν
1663 818 1835 853 ἀποστόλων,
1861 819 1916 846 τῶν

1130 863 1265 899 ἱεραρχῶν
1295 863 1580 898 ἱεροτελεστικώκατε·
1597 864 1652 890 τῶν
1665 864 1828 900 ἁθληφόρων
1838 867 1916 903 στερ-

284 909 432 943 pltatorum
449 907 614 935 athletarum
636 907 787 935 fortissime
802 914 833 934 ac
847 906 1070 942 generosissitne.

1125 910 1222 945 ρότατε
1241 910 1289 936 καὶ
1308 911 1496 944 γενναιότατε,
1522 910 1553 937 τὸ
1569 911 1696 946 σάρκινον
1714 912 1825 948 ἔλυτρον
1840 921 1915 948 μιαι-

283 957 428 980 cruentum
440 953 530 980 adhuc
546 953 704 981 necantium
731 953 858 980 manibus
879 953 1000 980 scissum
1014 960 1073 980 car-

282 1000 326 1026 nis
339 999 557 1034 integumentum
569 999 739 1033 relinquens,
753 999 787 1026 ad
806 999 967 1027 certaminis
983 998 1071 1034 ipsum

283 1044 426 1080 pnesidem
443 1052 474 1072 ac
487 1043 662 1071 Servatoretn
677 1044 817 1072 Christum
831 1051 931 1071 corona
966 1044 1072 1071 redimi-

282 1095 328 1117 tus
340 1094 468 1125 receptus
489 1097 533 1123 es;
557 1094 709 1125 posteaque
734 1098 815 1118 sacro
838 1090 884 1118 illo
907 1090 1073 1126 corpusculo

283 1136 339 1171 igni
361 1135 528 1168 sacrillcalo,
546 1136 584 1163 ita
608 1136 730 1171 undique
756 1135 793 1167 ei.
816 1144 897 1172 quem
924 1137 1071 1168 dilexeras.

282 1182 373 1209 factus
389 1181 491 1214 hostia,
512 1181 704 1209 holocaustum
732 1181 884 1216 perfectura
914 1181 1071 1210 immacula-

284 1233 340 1254 tum
357 1228 384 1254 in
396 1227 508 1255 odorem
525 1227 669 1255 suavitatis
695 1227 804 1256 oblatus
816 1235 856 1255 es.

317 1272 374 1299 Ave
384 1273 486 1307 itaque,
502 1272 594 1300 divine
619 1272 767 1308 diviuoqtte
793 1281 876 1300 sensu
887 1274 1069 1308 evangelista!

282 1317 387 1347 Gaude.
396 1318 468 1352 quod
477 1317 528 1345 etsi
539 1317 663 1345 inferiori
674 1317 817 1346 duodecim
825 1318 921 1346 ordine
931 1326 962 1345 ac
971 1318 1070 1351 classe,

282 1363 420 1398 Evangelii
450 1367 542 1391 tamen
569 1362 711 1392 iunctione
734 1371 765 1392 ac
777 1363 911 1392 Paracleti
925 1365 1014 1398 donis,
1037 1366 1072 1393 ab

282 1416 378 1437 eorum
400 1409 468 1437 nihil
483 1409 654 1445 perfectione
671 1410 798 1438 delicias.

317 1498 413 1526 Gaude
425 1498 496 1533 qttod
511 1498 645 1534 apostolis
675 1503 705 1526 ut
727 1499 877 1534 apostolus.
897 1499 1071 1534 cvangelistis

282 1548 413 1579 tanquam
441 1544 622 1579 evangelista,
652 1545 816 1579 patriarchis
846 1549 876 1572 ut
903 1546 1068 1579 patriarcha,

282 1595 364 1624 atque
380 1593 409 1616 ut
421 1595 524 1625 martyr
540 1591 705 1626 martyribus
733 1596 950 1619 connutncratus
975 1592 1013 1619 sis
1036 1599 1068 1619 ac

282 1640 441 1671 eooptatus;
475 1636 594 1670 hincque
633 1638 700 1665 varii
723 1639 832 1673 generis
852 1646 954 1665 corona
971 1638 1070 1666 eximie

283 1680 461 1715 praefulgens,
477 1688 585 1708 summo
601 1683 723 1709 otunium
744 1681 809 1718 Regi
828 1689 918 1711 astare
933 1691 947 1710 a
965 1683 1069 1711 dextris

282 1728 298 1753 tl
312 1734 382 1761 guns
395 1726 505 1754 habitus
521 1734 561 1753 es.

318 1772 426 1804 Gaude,
454 1772 528 1807 quod
550 1780 603 1800 non
619 1773 715 1806 semel,
737 1773 784 1801 sed
812 1778 840 1801 et
869 1774 980 1810 saepius.
996 1774 1070 1802 bono

282 1818 347 1845 Jrsu
367 1817 525 1844 testimonio
546 1817 720 1852 perfunctus,
743 1827 830 1854 neque
850 1819 936 1847 semel
961 1821 1070 1848 vinctus

284 1864 407 1894 tunibus,
426 1863 513 1890 media
534 1864 646 1891 civitate
659 1869 775 1898 tractus,
792 1871 819 1892 et
833 1864 970 1893 laceratus
984 1865 1071 1893 carni-

283 1910 334 1936 lius
357 1916 398 1941 es,
411 1914 437 1935 et
462 1913 508 1935 ttto
535 1909 623 1944 ipsius
645 1917 744 1937 cruore
773 1910 916 1938 infectus:
937 1911 984 1938 sed
1009 1916 1071 1946 post

283 1955 398 1989 primatu
424 1954 571 1986 lanienam,
597 1955 748 1983 semivivus
769 1955 795 1982 in
817 1964 957 1983 caret-rem
975 1957 1069 1991 conje-

282 2006 356 2033 ctus,
373 2008 405 2028 ac
422 2007 504 2028 noctu
524 2001 646 2036 angelica
660 2009 726 2029 voce
741 2007 854 2030 sanatus
871 2007 954 2038 atque
969 2003 1071 2031 anima-

281 2053 345 2080 tus,
363 2051 390 2074 et
405 2048 432 2074 in
462 2048 615 2075 crastinum
634 2048 716 2075 simili
739 2049 829 2076 adhuc
849 2049 956 2076 ratione
971 2049 1070 2085 ligatus

281 2097 442 2128 tractusque
456 2112 464 2125 ,
482 2093 565 2128 inque
579 2102 641 2120 eum
659 2094 770 2121 modum
784 2095 901 2122 astantis
914 2095 1021 2122 Domini
1037 2103 1070 2122 ac

282 2139 358 2173 pacis
369 2138 465 2165 osculo
481 2138 611 2165 donantis
626 2143 737 2172 aspectu
753 2144 894 2166 recreatus
921 2139 993 2166 nulla
1009 2147 1070 2167 ver-

282 2183 379 2209 borum
396 2182 420 2209 vi
438 2182 592 2217 explicaltili
605 2183 705 2217 gaudio
717 2189 745 2210 et
760 2183 942 2212 exsultatione
958 2186 990 2212 ad
1007 2192 1068 2212 eum

281 2229 420 2264 emigrasti
427 2248 433 2256 .

315 2275 420 2307 Gaude,
437 2274 538 2308 Marce,
572 2274 677 2302 Επειεί
711 2277 866 2303 mandatum
891 2286 922 2304 ex
949 2278 1069 2306 nominis

282 2321 341 2355 ipsa
359 2321 477 2347 ratione.
511 2320 581 2348 Vere
606 2322 678 2348 t-nitn
705 2323 837 2350 Altissimi
869 2324 1068 2359 propemodum

283 2366 441 2394 mandatum
458 2368 600 2400 exstitisti,
611 2369 768 2403 jttstiiicatts
784 2378 831 2398 eos
847 2371 893 2405 qui
919 2379 1070 2406 sequeren-

284 2416 337 2442 tur,
348 2418 380 2438 ac
390 2411 577 2440 condemnans
588 2420 646 2444 eos,
657 2414 704 2447 qui
717 2417 764 2440 tuo
776 2413 923 2449 Evangelia
936 2415 1068 2443 increduli

282 2461 384 2483 essent.
403 2456 498 2484 Gaude
511 2463 538 2484 et
551 2458 655 2490 laetare,
674 2459 768 2494 tuique
780 2467 933 2487 memorum
952 2468 1067 2494 memor,

282 2507 337 2529 tute
352 2510 402 2530 nos
413 2503 549 2531 claritatis
572 2508 598 2531 et
626 2505 731 2539 gratim,
758 2509 812 2532 tute
827 2506 853 2532 in
879 2506 1069 2541 ctelisjucun-

281 2549 375 2576 ditatis
403 2553 430 2576 et
445 2549 600 2584 splendmis
617 2552 766 2586 participes
792 2552 922 2586 precibus
939 2552 1025 2585 eﬂice,
1039 2553 1067 2580 in

279 2595 390 2622 Christo
404 2595 468 2622 Jesu
482 2595 597 2622 Domino
614 2601 720 2630 nostro,
736 2597 780 2625 ctti
797 2601 839 2625 est
854 2597 952 2629 honor,
980 2598 1067 2634 gloria

279 2645 307 2668 et
318 2645 440 2675 potestas
453 2644 566 2668 :eterna.
588 2641 685 2669 Amen.

1124 952 1213 986 φόνοις
1229 952 1271 980 ἐτι
1289 953 1458 989 ῥηγνύμενον
1475 954 1570 990 χερσὶν
1581 956 1674 990 ἀφεὶς,
1690 956 1757 992 πρὸς
1774 957 1821 984 τὸν
1840 958 1915 992 ἀγω-

1122 997 1236 1032 νοθέτην
1257 998 1304 1024 καὶ
1320 998 1435 1034 Σωτῆρα
1450 1000 1665 1035 στεφανηφορῶν
1679 1001 1832 1037 άνιλήφθης
1847 1003 1915 1037 Χρι-

1123 1043 1196 1070 στόν·
1214 1043 1262 1070 καὶ
1279 1043 1310 1070 τὸ
1325 1044 1398 1079 ἱερὸν
1413 1044 1442 1071 δὲ
1460 1044 1529 1080 μετὰ
1548 1045 1635 1072 ταῦτα
1653 1047 1791 1081 σωμάτιον
1805 1048 1849 1075 διὰ
1863 1057 1914 1074 ma-

1124 1091 1171 1124 ρδις
1192 1090 1432 1125 ἱερουργούμενος,
1453 1092 1501 1117 καὶ
1511 1091 1593 1123 οὓτω,
1609 1092 1651 1119 διὰ
1667 1093 1776 1120 πάντων
1794 1094 1833 1129 τῷ
1844 1095 1915 1129 ὴγα-

1122 1135 1226 1171 πηκότι
1242 1144 1271 1162 σε
1287 1136 1510 1172 καθιερούμενος,
1522 1137 1708 1174 ὁλοκάρπωμα
1721 1139 1824 1167 τέλειον
1836 1140 1915 1176 dtu-ta

1124 1189 1174 1216 μον
1188 1182 1229 1214 εις
1245 1182 1334 1218 ὀσμὴν
1351 1183 1465 1215 εὐωδίας
1486 1184 1639 1220 άνηνέχθης
1653 1184 1737 1220 αὐτῷ.

1158 1268 1243 1305 Χαῖρε
1257 1269 1357 1301 τοίνυν,
1376 1266 1400 1296 ὦ
1422 1270 1548 1298 θεσπέσιε
1573 1271 1621 1298 καὶ
1635 1271 1750 1307 θεόφρον
1768 1272 1914 1306 εὐαγγελιι

1122 1315 1184 1342 στά.
1201 1315 1297 1351 Χαῖρε,
1311 1315 1352 1342 ὅτι
1365 1316 1389 1342 ει
1402 1316 1449 1343 καὶ
1468 1317 1518 1351 τὴν
1530 1317 1606 1350 τάξιν
1620 1319 1669 1352 τῆς
1681 1317 1831 1350 δωδεκάδος
1844 1319 1912 1344 ὑπο-

1122 1359 1244 1396 ϐέϐηκας
1256 1382 1264 1393 ,
1279 1361 1348 1388 ἀλλὰ
1363 1363 1397 1398 τῇ
1412 1362 1551 1399 ἱερουργίᾳ
1563 1363 1609 1390 τοῦ
1621 1364 1788 1398 Εὑαγγελίου
1800 1364 1846 1391 καὶ
1858 1365 1914 1396 τοῖς

1121 1406 1169 1434 τοῦ
1203 1408 1384 1443 Παρακλήτου
1416 1406 1583 1445 χαρίσμασῦι
1620 1409 1697 1437 οὐδὲν
1722 1411 1772 1446 τῆς
1800 1411 1913 1448 ἐκείνων

1122 1451 1250 1488 ἐλείφθης
1270 1453 1453 1488 τελειότητος.

1159 1498 1256 1534 Χαῖρε,
1283 1500 1324 1526 ὅτι
1350 1501 1407 1532 τοῖς
1429 1499 1588 1532 ἀποστόλοις
1602 1500 1640 1533 ὡς
1669 1501 1835 1534 ἀπόστολος,
1858 1503 1914 1533 τοῖς

1124 1544 1330 1579 εὖαγγελισταῖς
1349 1545 1387 1577 ὡς
1403 1545 1615 1580 εὐαγγελιστὴς,
1642 1547 1691 1573 καὶ
1706 1548 1763 1579 τοῖς
1778 1547 1914 1583 πατριάρ-

1082 1575 1104 1604 c
1120 1575 1185 1624 χαις.
1197 1575 1247 1624 μὲν
1269 1589 1307 1622 ὼς
1320 1575 1509 1627 -πατριάρέης,
1525 1591 1564 1622 ὼς
1576 1575 1697 1627 ’μάρτυς
1713 1591 1741 1618 δὲ
1753 1575 1823 1624 ⁷τοῖς
1836 1575 1913 1627 ¹μάρ-

1119 1643 1182 1661 τυσι
1212 1635 1448 1671 συνηριθμημὲνος
1480 1637 1527 1663 καὶ
1543 1636 1771 1672 συντεταγμένος,
1787 1637 1835 1664 καὶ
1851 1646 1913 1663 ποι-

1120 1680 1188 1716 κίλῳ
1203 1682 1329 1717 στεφάνῳ
1346 1681 1390 1708 διὰ
1405 1682 1493 1709 ταῦτα
1509 1681 1757 1718 καθωραπόμενος,
1772 1683 1804 1709 ἐκ
1818 1682 1912 1716 δεξιιῖυ

1120 1727 1297 1762 παραστῆναι
1309 1727 1347 1762 τῷ
1361 1727 1531 1763 Παμὸασιλεῑ
1544 1727 1733 1761 καταξιοῦσαι.

1155 1773 1253 1809 Χαῖρε,
1268 1774 1366 1809 ὅτιοὺχ
1377 1774 1452 1807 άπαξ
1475 1774 1525 1810 τὴν
1543 1773 1629 1809 καλὴν
1649 1773 1737 1809 Ἰησοῦ
1757 1774 1912 1809 μαρτυρίαν

1120 1818 1328 1854 ἐμαρτύρησας,
1369 1819 1515 1848 πλεονάκις
1536 1819 1565 1846 δέ
1578 1827 1585 1834 ·
1609 1819 1662 1846 οὐδ’
1689 1818 1763 1852 ἅπαξ
1784 1819 1913 1854 σχοινίοις

1120 1865 1280 1896 καταδεθεὶς
1306 1864 1351 1891 διὰ
1378 1865 1464 1900 μέσης
1485 1865 1534 1900 τῆς
1554 1865 1660 1896 πόλεως
1684 1864 1847 1900 εἰλκύσθης,
1865 1865 1913 1892 καὶ

1120 1909 1170 1942 τὰς
1185 1911 1290 1946 σάρκας
1318 1910 1522 1946 κατετρύφθης,
1553 1911 1601 1938 καὶ
1624 1911 1664 1947 τῷ
1693 1911 1786 1945 οἰκείῳ
1813 1911 1912 1946 αἵματι

1121 1956 1237 1991 ἐδάφης·
1253 1956 1321 1983 ἀλλὰ
1342 1957 1412 1992 μετὰ
1434 1957 1479 1983 τὸν
1502 1957 1670 1992 σπαραγμὸν
1687 1957 1732 1984 τὸν
1750 1957 1857 1993 πρῶτον
1871 1958 1910 1989 εἰς

1121 2001 1235 2037 εἱρκτὴν
1259 2001 1394 2037 ἡμιθανὴς
1415 2000 1573 2036 ἐμϐληθεὶς,
1596 2002 1644 2029 καὶ
1663 2002 1697 2029 δι’
1718 2001 1834 2036 ἀγγέλου
1853 2010 1910 2035 φω-

1120 2048 1168 2082 νῆς
1185 2047 1281 2078 νυκτὸς
1296 2047 1381 2078 ἰαθεὶς
1396 2047 1444 2074 καὶ
1461 2046 1721 2082 προθυμοποιηθείς·
1735 2047 1783 2074 καὶ
1798 2048 1832 2081 τῇ
1846 2046 1910 2080 ἑξῆς

1120 2092 1197 2124 αὖθις
1221 2092 1322 2127 ὁμοίως
1340 2092 1429 2124 δεθεὶς
1460 2094 1508 2119 καὶ
1537 2094 1716 2129 κατασυρεὶς,
1746 2093 1794 2119 καὶ
1825 2092 1912 2124 οὕτως

1120 2138 1270 2165 ἐπιστάντα
1293 2137 1339 2164 τὸν
1365 2138 1468 2173 Κύριον
1488 2140 1534 2166 καὶ
1559 2139 1707 2175 εἰρηνικῶς
1721 2139 1912 2174 ἀσπαζόμενον

1119 2183 1295 2219 τεθεαμένος,
1311 2184 1380 2219 μετὰ
1393 2185 1480 2220 χαρᾶς
1491 2185 1633 2221 άφράστου
1657 2186 1705 2212 καὶ
1725 2184 1913 2220 ἀγαλλιάσεως

1081 2243 1109 2274 D
1122 2230 1294 2266 ἐξεδήμησας
1314 2232 1384 2266 πρὶς
1396 2231 1489 2258 αὐτόν.

1156 2277 1254 2313 Χαῖρε,
1268 2278 1366 2313 Μάρκε
1376 2298 1384 2309 ,
1397 2278 1416 2311 ἡ
1428 2278 1482 2305 τοῦ
1491 2278 1624 2313 Tal-12.101")
1635 2277 1756 2312 ἐντολὴ,
1777 2276 1848 2304 κατὰ
1862 2276 1912 2312 τὴν

1122 2323 1262 2359 σημασίαν
1289 2323 1335 2350 τοῦ
1362 2324 1513 2359 ὀνόματοςσ
1539 2324 1660 2360 καὶγὰρ
1680 2323 1788 2360 ἀληθῶς
1811 2323 1912 2358 τρόπον

1121 2369 1183 2397 τινὰ
1207 2369 1255 2396 τοῦ
1280 2369 1408 2404 Ὑψίστου
1425 2370 1540 2404 γέγονας
1566 2370 1672 2406 ἐντολὴ,
1702 2368 1844 2397 δικαιοῦσα
1863 2369 1913 2403 μὲν

1122 2415 1186 2445 τοὺς
1202 2415 1364 2449 ἑπομένους,
1378 2415 1583 2450 κατακρίνουσα
1603 2415 1632 2442 δὲ
1653 2415 1715 2447 τοὺς
1729 2414 1912 2445 ἀπειθοῦντας

1121 2459 1160 2495 τῷ
1177 2459 1335 2494 Εὐαγγελιῳ
1361 2469 1419 2487 σουο
1441 2463 1521 2497 χαῖρε
1543 2462 1591 2488 καὶ
1619 2461 1779 2497 εὐφραίνου,
1795 2460 1912 2487 καὶτῶν

1122 2507 1305 2542 μεμνημένων
1332 2515 1380 2533 σου
1399 2507 1584 2542 μεμνημένος,
1611 2509 1662 2543 τῆς
1690 2507 1740 2542 σῆς
1759 2507 1839 2542 δόξης
1864 2508 1911 2533 καὶ

1120 2552 1242 2587 χάριτος,
1257 2553 1308 2588 τῆς
1322 2552 1371 2587 σῆς
1393 2553 1423 2579 ἐν
1445 2554 1571 2589 οὐρανοῖς
1591 2553 1761 2589 εὐφροσύνης
1783 2553 1829 2579 καὶ
1842 2551 1910 2587 λαμ-

1119 2598 1257 2633 πρότητος
1288 2598 1439 2634 πρόσευξαι
1465 2601 1624 2635 μετασχεῖν·
1643 2600 1673 2626 ἐν
1689 2598 1801 2635 Χριστῷ
1821 2597 1910 2633 Ἰησοῦ

1118 2643 1157 2678 τῷ
1173 2644 1267 2680 Κυρίῳ
1281 2645 1369 2680 ἡμῶν,
1382 2642 1404 2679 ᾧ
1418 2645 1436 2680 ἡ
1449 2645 1524 2679 δόξα,
1536 2645 1604 2681 τιμὴ
1615 2645 1662 2673 καὶ
1673 2645 1773 2681 κράτος
1789 2644 1908 2672 αἰώνιον.

1127 2689 1223 2726 Ἀμήν.
