2078 3154
154 165 206 197 289

542 165 685 196 ORATIO
705 166 764 196 XV.
779 179 811 184 --
834 167 874 196 ΙΝ
891 167 1047 198 LAUDEM
1067 169 1097 198 S.
1120 169 1239 199 MARCI
1251 169 1379 200 APOST.

1728 172 1782 205 290

152 217 196 244 καὶ
218 214 424 250 εὖαγγελιστὴν,
448 215 596 251 προσθήσω
618 216 646 242 δὲ
662 217 709 242 καὶ
726 217 866 253 ίεράρχην,
892 217 939 244 καὶ

993 224 1065 246 stam
1078 240 1085 252 ,
1102 220 1197 248 addam
1212 228 1277 248 vero
1290 227 1316 248 et
1328 221 1488 254 antistitem.
1501 222 1620 258 Jesuque
1631 224 1782 259 maiestatis

151 263 199 297 τῆς
221 261 309 296 Ἰησοῦ
335 262 548 296 μεγαλειότητος
560 261 687 296 μάρτυρα
701 262 814 298 Μάρκον
828 263 941 298 ἀφηγῆ-
961 284 965 290 ,

152 316 193 333 σαι
204 314 210 322 ’
224 306 271 332 καὶ
287 306 344 336 τοῖς
359 306 392 332 ὲκ
407 305 462 332 τῶν
476 306 563 339 λόγων
585 306 706 337 ὲπαίνοις
717 307 754 339 ὡς
772 307 880 334 ἄνθεσιν
895 299 956 334 εὑί

151 353 258 379 ωδιάσαι
267 351 315 378 καὶ
328 353 548 386 κατακοσμῆσαι.
561 349 646 383 Οὗτος
657 352 712 387 γὰρ
727 354 802 388 ἡμᾶς
811 354 939 388 σήμερον,

150 398 186 434 τῷ
199 397 321 432 γλυκερῷ
337 397 386 433 μὲν
401 398 449 424 καὶ
464 397 563 432 ἡδίστῳ
579 398 629 433 τῆς
644 398 727 425 αὑτοῦ
749 399 859 434 μνήμης
873 400 940 434 πρὸς

150 445 243 471 οἰκεῖον
257 442 446 477 ἀναζωπυρῶν
461 441 535 469 αἶνον
546 453 552 459 ·
565 444 603 478 τῷ
615 443 729 478 ποικίλῳ
739 445 767 470 δὲ
778 445 824 478 τῆς
841 446 941 481 ἀρετῆς

151 489 194 515 καὶ
214 489 429 524 μεγαλοπρεπεῖ,
459 489 505 515 τὸν
528 489 608 516 ὄκνον
629 490 696 525 ἡμῖν
708 491 800 521 ἐνιεὶς,
820 491 940 524 ἀγωνίας

149 543 177 561 τε
196 534 252 569 ἅμα
267 534 315 560 καὶ
332 534 486 569 προθυμίας
505 534 685 570 ἐμπίπλησιν.
707 535 776 562 Ἀλλ’
799 537 881 571 ἡμεῖς
892 535 939 562 τοῦ

150 580 304 614 Πνεὺματος
325 579 375 615 τὴν
398 580 554 615 ἐνέργειαν,
582 581 629 607 καὶ
661 581 708 608 τοῦ
727 581 938 617 εὑφημουμένου

148 627 195 661 τὴν
210 626 333 659 θεολόγον
346 626 578 661 ἐπικαλεσάμενοι
594 627 698 663 φωνὴν,
716 627 821 662 βραχέσι
840 628 938 663 τούτῳ,

148 673 192 700 καὶ
215 673 267 699 ὃσα
294 672 374 699 δώσει
402 672 659 708 προσλαλήσωμεν·
683 673 753 699 οὕτω
771 674 825 709 γὰρ
848 674 940 701 καὶτὸ

149 719 223 754 χρέος
237 718 277 754 τῷ
292 719 448 754 λογιωτάτῳ
462 719 509 745 τοῦ
525 718 612 753 Λόγου
629 721 700 746 κατὰ
709 719 828 754 δύναμιν
842 719 940 754 ὑφέξο-

150 774 196 800 μεν
216 765 335 800 μαθητῇ,
356 765 401 791 καὶ
419 766 453 800 τῇ
482 764 631 800 Ἐκκλησία
654 765 702 792 τοῦ
727 765 795 792 Θεοῦ
809 765 856 792 τὸν
869 766 940 801 ίερὺν

148 810 354 845 ἀφοσιωσόμεθα
371 810 464 836 πόθον.

180 852 264 888 οὗτος
274 856 366 883 τοίνυν
381 857 395 882 ὁ
411 855 539 888 ἐκλεκτὸς
553 857 599 883 καὶ
616 857 728 891 δόκιμος
741 857 939 893 εὑαγγελιστὴς

148 901 190 928 τοῦ
210 901 310 936 Ἰησοῦ,
327 903 341 928 ὁ
355 901 481 937 λαμπρὸς
497 903 547 937 τῆς
566 902 724 937 οἰκονομίας
735 903 782 929 τοῦ
798 903 866 930 Θεοῦ
884 904 937 930 Λό-

148 955 192 981 γου
211 946 358 980 θεολόγοςσ
384 947 398 972 ό
425 947 669 981 φωτοφανέστατος
697 948 747 982 τῆς
775 948 939 983 Ἑκκλησίοις

148 992 274 1029 λαμπτὴρ
285 999 292 1006 ·
305 993 319 1019 ὁ
329 993 366 1028 μὴ
379 992 469 1026 λόγοις
487 993 566 1028 μόνον
586 995 689 1026 σοφοῖς,
705 993 773 1020 ἀλλὰ
791 995 837 1020 καὶ
846 994 940 1028 ἁγίαις

148 1038 277 1074 Γραφαῖς,
291 1038 360 1065 ἀλλὰ
372 1039 420 1064 καὶ
439 1038 526 1072 ἀγῶσι
546 1040 681 1075 στερῤοῖς,
700 1039 767 1066 ἀλλὰ
784 1041 831 1066 καὶ
852 1041 940 1075 παθή-

150 1093 225 1119 μασιν
240 1084 400 1119 ἀθλητικοῖς
428 1084 628 1120 ὑπέρλαμπρον
641 1085 672 1111 τὸ
698 1086 759 1113 κατ’
775 1086 856 1112 αὑτὸν
870 1095 940 1121 μαρ-

148 1131 233 1166 τύριον
260 1130 469 1166 ἀποπληρώσας
494 1130 533 1166 τῷ
555 1130 626 1165 Θεῷ.
656 1127 752 1163 Οὗτος,
780 1131 830 1167 τὴν
855 1132 939 1166 ἀκοὴν

149 1176 277 1211 πρότερον
304 1175 433 1210 ἀκηκοὼς
462 1175 510 1202 τοῦ
527 1176 626 1212 Ἰησοῦ,
650 1177 700 1203 οὐκ
724 1177 804 1203 ἐὸυσε
830 1177 864 1204 τὰ
881 1174 939 1204 ὦτα

148 1223 212 1249 κατὰ
222 1223 289 1254 τοὺς
306 1221 431 1253 ἀπειθεῖς
441 1242 449 1253 ,
466 1221 521 1250 οὐδ’
536 1222 638 1257 ἢκουσε
662 1223 722 1257 μὲν,
739 1224 879 1255 ἀσυνέτως
892 1224 920 1250 δέ
930 1232 938 1240 ο

147 1268 202 1294 οὐδέ
216 1268 338 1299 συνετῶς
351 1268 411 1303 μὲν,
428 1268 458 1294 οὐ
474 1268 544 1303 μετὰ
559 1268 679 1300 πίστεως
698 1269 728 1296 δέ
739 1278 745 1284 ·
760 1269 821 1296 οὐδὲ
837 1270 939 1302 πιστῶς

150 1314 204 1349 μὲν,
217 1313 332 1349 ἀμελῶς
350 1314 378 1340 δὲ
401 1313 440 1348 τῷ
456 1315 652 1349 κηρυττομένῳ
676 1317 831 1351 προσφοιτᾷ
843 1315 915 1350 λόγῳ
929 1323 937 1330 ⁸

148 1359 231 1393 πάσης
257 1359 289 1386 δὲ
310 1358 380 1386 κατὰ
406 1360 496 1394 σάρκα
512 1361 683 1393 συγγενείας,
701 1361 792 1396 πάσης
815 1362 939 1395 κτήσεως

148 1405 188 1431 καὶ
201 1405 391 1441 προσπαθείας
401 1404 429 1431 δὲ
443 1405 533 1440 πάσης
545 1405 600 1431 τῶν
616 1406 719 1440 γηΐνων
734 1406 842 1437 τελείως
856 1408 940 1441 ὑπερ-

150 1451 214 1485 ιδὼν,
229 1451 331 1487 ὥσπερ
356 1451 453 1486 ἔλαφος
474 1452 592 1488 ἔδραμεν
606 1453 635 1478 ὲν
647 1452 727 1486 δίψει,
742 1452 795 1479 τῶν
810 1453 938 1489 ζωηρῤὑ-

148 1506 197 1525 των
209 1499 335 1535 Χριστοῦ
351 1499 576 1535 πλησθησόμενος
587 1500 693 1534 πηγῶν,

950 1558 972 1588 C

178 1591 209 1618 Τί
221 1591 269 1618 οὖν
285 1591 299 1618 ὸ
309 1590 422 1626 Κύριος,
436 1591 453 1625 ή
467 1589 542 1626 πηγὴ
557 1590 611 1617 τῶν
628 1590 746 1623 δωρεῶν,
757 1591 787 1617 τὸ
801 1591 937 1627 πλήρωμα

148 1637 196 1664 τῶν
211 1637 338 1672 ἀγαθῶν,
354 1637 368 1663 ὁ
378 1636 425 1663 τοῦ
440 1637 545 1672 Πατρδς
557 1637 767 1672 ἀπαράλλακτος
784 1638 938 1674 χαρακτὴρ,

148 1684 161 1709 ὁ
176 1683 219 1710 τοῦ
231 1682 369 1709 θεωτικοῦ
381 1682 538 1717 Πνεύματος
549 1682 650 1716 δοτήρ;
670 1682 725 1714 πῶς
740 1680 828 1714 οὗτος,
845 1683 861 1718 ἢ
876 1685 940 1718 ποίᾳ

148 1728 258 1756 διαθέσει
272 1728 322 1754 τὸν
335 1727 435 1762 θερμὸν
449 1727 521 1754 οὕτω
532 1728 691 1763 προσήκατο
702 1729 832 1763 φοιτητὴν
845 1737 851 1761 ;
867 1726 940 1764 *Αρά

148 1783 175 1809 γε
188 1775 287 1802 τοῦτον
295 1774 332 1806 ὡς
346 1774 395 1800 οὐκ
410 1773 518 1800 εὔθετον
533 1773 680 1806 (induam;
700 1773 717 1808 ἢ
733 1773 812 1806 λόγου
825 1773 940 1809 βραχέος

147 1821 255 1857 ἀξιοῖςῆ
272 1820 317 1856 τῷ
334 1819 424 1854 πολλῷ
447 1818 547 1854 πλήθει
571 1819 734 1854 συναριθμεῖ
746 1819 801 1845 τῶν
816 1820 938 1853 πιστῶνς

147 1867 225 1902 ἢτῶν
251 1865 511 1902 πρωτοαποστόλων
537 1865 610 1896 τινὸς
627 1866 700 1900 ἥττω
719 1865 873 1900 παρέσχετο
890 1866 939 1900 τὴν

146 1914 222 1949 τιμήν
234 1922 241 1946 ;
260 1911 416 1947 οῡμενουν.
435 1911 519 1946 Ὀμοῦ
533 1911 561 1938 δὲ
572 1909 626 1938 εἶδε
638 1911 741 1944 τοῦτον,
757 1912 804 1938 καὶ
813 1911 852 1946 τῷ
863 1911 940 1946 βάθει

146 1957 192 1993 τῆς
205 1958 326 1994 καρδίας
349 1956 431 1984 αὑτοῦ
456 1956 598 1990 ἐνέϐλεψεν
620 1957 657 1988 ὡς
672 1957 749 1988 Θεὸς,
778 1959 825 1983 καὶ
841 1957 870 1984 ὃν
888 1957 940 1992 πρὸ

147 2005 299 2040 ιαταδολῆς
315 2003 376 2039 ᾔδει
392 2002 440 2029 τοῦ
456 2003 560 2037 κόσμου
581 2002 621 2038 τῷ
637 2002 720 2029 αὑτοῦ
749 2002 854 2037 σώματι
870 2004 940 2038 σύμ-

151 2058 248 2086 μορφον
263 2050 408 2084 ἐσόμενον,
423 2049 517 2076 τοῦτον
544 2050 591 2076 καὶ
608 2049 773 2084 σωματικῶς
798 2049 861 2085 ἄρτι
880 2058 940 2084 φοι-

149 2095 231 2123 τῶντα
242 2095 310 2132 παρ’
324 2095 406 2122 αὑτὸν
421 2094 493 2126 ιδὼν,
509 2095 558 2130 τὴν
569 2094 615 2121 τοῦ
632 2094 691 2125 νοὸς
707 2094 788 2126 εὐθὺς
811 2095 939 2130 ᾑρέτισεν

149 2142 291 2178 εὐθύτητα,
323 2141 372 2167 καὶ
389 2141 419 2167 τὺ
436 2141 585 2177 ἀκραιφνὲς
609 2141 717 2176 ἠγάσθη
742 2141 793 2175 τῆς
808 2141 936 2173 πίστεως,

150 2188 193 2214 καὶ
201 2189 232 2215 τὸ
239 2187 363 2223 καθαρὸν
371 2187 498 2222 ἠγάπησε
510 2187 560 2222 τῆς
576 2187 705 2218 διανοίας,
717 2187 765 2213 καὶ
779 2186 810 2213 τὺ
825 2187 939 2221 ἀληθευ-

994 268 1090 292 testem
1106 265 1227 293 Marcum
1244 267 1372 295 laudibus
1381 268 1563 301 celebremus,
1577 277 1610 297 ac
1623 270 1697 298 velut
1712 280 1778 300 sua-

993 310 1165 338 reolentibus
1181 310 1306 343 ﬂoribus.
1325 313 1522 341 enoomiastico
1535 322 1661 342 sermone
1683 323 1781 350 asper-

992 363 1089 390 ganius
1103 363 1133 383 ac
1151 365 1327 385 exornemus.
1343 359 1394 386 Hic
1403 359 1475 386 enim
1488 367 1539 388 nos
1551 361 1630 389 hodie
1641 361 1714 389 dulci
1730 371 1780 390 sua

993 402 1212 436 suavissimaque
1229 403 1371 435 memoria,
1390 403 1417 431 in
1439 411 1516 431 suam
1529 406 1630 434 excitat
1652 407 1778 440 laudem;

992 444 1120 481 idemque
1148 446 1329 473 nihilominus
1345 448 1422 474 vario
1439 455 1470 476 ac
1497 451 1700 484 praemagniﬁco
1718 459 1781 480 sua-

992 499 1052 518 rum
1071 492 1203 519 virtutum
1228 492 1315 525 cultll,
1342 497 1482 527 torporem
1510 495 1649 530 injiciens,
1683 498 1781 526 timore

992 537 1094 572 pariter
1109 545 1141 564 ac
1156 537 1298 565 alacritate
1310 539 1452 573 adimplet.
1469 540 1526 567 Nos
1540 541 1681 568 enimvero
1698 543 1777 569 invo-

991 587 1054 610 cato
1078 583 1200 618 Spiritus
1212 583 1314 615 alllatu.
1331 585 1449 620 ejusque
1466 586 1555 621 ipsius
1568 587 1614 621 qui
1631 588 1719 616 laudis
1736 597 1781 615 ar-

990 634 1120 663 gumento
1133 630 1292 664 propositus
1303 636 1353 664 est,
1365 631 1458 658 divina
1472 631 1551 659 nobis
1563 633 1685 660 adhibita
1700 641 1778 668 voce,

991 681 1077 709 pauca
1106 675 1156 707 illi,
1174 679 1201 702 et
1229 684 1289 710 qua:
1319 676 1473 709 donaverit.
1499 678 1704 713 proloquamur.
1735 681 1781 708 Sic

990 721 1074 749 enim.
1092 724 1152 747 tum
1169 722 1395 757 eloquentissimo
1421 722 1502 750 Verbi
1518 724 1652 760 discipulo
1676 734 1725 760 pro
1740 728 1782 754 vi-

991 765 1033 792 rili
1051 770 1144 793 nostra
1156 766 1278 794 debitum
1293 768 1474 798 exsolvamus.
1490 772 1547 795 tum
1559 776 1639 797 sacro
1654 770 1782 799 Ecclesiae

991 809 1037 837 Dei
1050 809 1188 836 desiderio
1201 810 1396 844 defungetnur.

1027 854 1077 882 llic
1093 856 1175 891 igitur
1190 856 1323 890 probatus
1338 861 1422 892 atque
1443 858 1550 887 electus
1572 859 1637 888 Jcsu
1658 869 1779 895 evange-

957 886 1063 932 Blista,
1093 886 1140 927 liei
1164 886 1245 929 verbi
1274 886 1491 937 dispensationis
1507 886 1780 941 ειᾹι-ιλζῖιιέοιᾴζέῖῖς,

991 947 1121 974 Ecclesim
1136 947 1338 976 lucidissimum
1357 949 1448 977 lumen
1461 971 1468 982 .
1486 952 1532 985 qui
1548 952 1650 979 nedum
1666 953 1778 988 sapien-

990 993 1104 1020 tissimis
1123 994 1309 1025 sermonibus,
1326 994 1375 1021 sed
1397 999 1423 1022 et
1438 994 1589 1030 Scripturis
1613 997 1714 1030 sacris,
1730 998 1780 1026 sed

989 1043 1016 1066 ct
1028 1039 1134 1066 robusti
1145 1040 1229 1066 animi
1243 1041 1451 1074 certaminibus,
1464 1042 1510 1069 sed
1525 1048 1551 1070 et
1565 1043 1704 1070 athleticis
1716 1051 1780 1078 pas-

990 1084 1125 1116 sionibus.
1140 1092 1223 1120 supra
1240 1086 1350 1113 modum
1376 1087 1483 1115 illustre
1508 1089 1669 1123 martyrium
1697 1097 1778 1116 suum

992 1131 1047 1158 Deo
1073 1131 1241 1166 adimplevit.
1265 1132 1301 1165 ls,
1324 1132 1417 1160 audita
1439 1134 1516 1168 prius
1537 1132 1602 1162 Jesu
1629 1135 1779 1166 auditione,

991 1176 1202 1212 haudquaquam
1219 1177 1422 1206 incredulorum
1435 1187 1510 1207 more
1523 1188 1603 1208 aures
1619 1181 1755 1208 obluravil
1770 1190 1777 1214 ;

990 1229 1040 1249 nec
1054 1230 1119 1249 vero
1136 1223 1240 1250 audivit
1263 1228 1381 1257 tantum,
1398 1228 1426 1252 at
1453 1225 1512 1253 sine
1544 1226 1703 1260 intellectu;
1729 1236 1779 1256 nec

989 1276 1050 1296 cum
1067 1268 1207 1296 intellectu
1232 1269 1355 1304 quidem,
1380 1274 1407 1298 at
1421 1271 1480 1298 sine
1496 1271 1566 1304 ﬁde;
1583 1280 1634 1299 nec
1650 1272 1701 1300 [ille
1716 1273 1778 1308 qui-

990 1315 1064 1345 dem.
1085 1319 1113 1341 at
1130 1315 1214 1342 animi
1237 1316 1363 1342 socordia
1380 1317 1565 1351 praedicationi
1590 1319 1712 1345 auditum
1729 1319 1779 1346 ad-

990 1361 1074 1387 movit
1092 1369 1098 1387 :
1114 1360 1239 1395 quinimo
1259 1361 1362 1388 carnali
1384 1363 1457 1389 omni
1484 1368 1576 1397 spreta
1601 1366 1777 1399 cogitatione.

989 1406 1063 1432 omni
1084 1406 1212 1440 despecta
1230 1406 1397 1438 substantia,
1423 1412 1593 1436 tcrrenorum
1619 1411 1693 1436 omni
1716 1410 1779 1437 libi-

988 1451 1052 1478 dine
1068 1451 1187 1486 perfecte
1199 1457 1366 1486 contempla,
1380 1453 1453 1478 cervi
1473 1453 1498 1479 in
1519 1461 1633 1486 morem,
1649 1455 1778 1483 vitalibus

988 1497 1090 1526 Christi
1108 1499 1235 1527 laticibns
1250 1499 1429 1529 inebriandos
1451 1509 1483 1528 ac
1497 1501 1666 1536 proluendus
1680 1509 1778 1528 accur-

988 1544 1024 1571 rit
1039 1544 1065 1571 in
1081 1545 1126 1571 siti
1141 1545 1175 1571 ⁵³.

1027 1600 1097 1633 Quid
1114 1600 1196 1635 igitur
1210 1600 1351 1634 Dominus,
1371 1601 1432 1630 fons
1452 1602 1498 1629 ille
1517 1602 1664 1635 donorum,
1692 1602 1779 1630 bono-

990 1653 1050 1673 rum
1065 1647 1215 1681 plenitudo,
1233 1646 1322 1674 Patris
1334 1647 1565 1675 incommutabilis
1580 1648 1676 1682 figura,
1688 1647 1777 1675 deiﬁci

991 1691 1110 1726 Spiritus
1125 1691 1225 1718 dator?
1240 1691 1264 1719 ls
1281 1692 1410 1719 nimirum
1423 1700 1540 1726 quanam
1562 1694 1676 1724 ratione,
1689 1699 1778 1728 quove

992 1738 1092 1765 mentis
1111 1737 1220 1769 allecto,
1235 1741 1312 1764 tanto
1325 1742 1416 1764 actum
1430 1738 1536 1766 fervore
1551 1739 1716 1773 discipulum
1727 1739 1778 1766 ad-

990 1783 1087 1809 misit?
1107 1783 1176 1809 Num
1191 1783 1270 1817 quasi
1288 1783 1380 1809 minus
1392 1783 1519 1810 idoneum
1530 1783 1649 1818 repulit?
1663 1789 1709 1810 aut
1724 1784 1778 1811 mi-

990 1828 1066 1855 noris
1085 1827 1173 1854 fecit?
1190 1828 1231 1854 vel
1252 1828 1416 1862 promiscuae
1437 1828 1556 1855 lidelium
1578 1828 1665 1855 turbze
1688 1836 1777 1855 annuo

990 1873 1096 1900 merat?
1110 1877 1156 1900 aut
1173 1873 1279 1900 minore
1295 1874 1400 1900 honore
1423 1873 1505 1900 habet
1525 1881 1556 1900 ac
1582 1873 1667 1900 ullum
1695 1873 1778 1907 primi

989 1921 1094 1947 ordinis
1114 1919 1286 1954 apostolum?
1309 1919 1547 1954 Minimegentium
1571 1928 1577 1946 :
1594 1920 1660 1953 quin
1672 1925 1733 1945 mox
1746 1925 1778 1945 ac

990 1965 1069 1995 vidit.
1084 1969 1111 1992 et
1126 1965 1201 1992 velut
1225 1964 1306 1995 Deus,
1328 1964 1402 1990 illius
1421 1964 1474 1990 alta
1491 1964 1611 1998 pectoris
1640 1965 1777 1997 inspexit;

990 2019 1070 2045 quem
1085 2015 1148 2038 ante
1162 2010 1255 2037 mundi
1271 2010 1496 2037 constitutionem
1515 2017 1567 2036 suo
1582 2009 1691 2043 corpori
1708 2016 1774 2036 con-

990 2056 1105 2083 formcm
1129 2056 1187 2082 fore
1207 2059 1338 2082 noverat:
1354 2055 1386 2081 ad
1407 2061 1437 2081 se
1454 2053 1510 2088 jam
1538 2054 1618 2081 etiam
1641 2055 1776 2088 corporali

989 2109 1084 2137 gressu
1098 2102 1252 2128 Venientem
1270 2108 1398 2133 cernens,
1417 2100 1478 2134 ejus
1486 2101 1581 2127 statim
1597 2100 1679 2126 animi
1696 2100 1777 2127 recti-

993 2145 1116 2172 tudinem
1138 2145 1283 2180 probavit;
1301 2144 1361 2171 ﬁdei
1382 2144 1568 2172 sinceritatem
1592 2144 1708 2171 miratus
1722 2148 1777 2176 est,

990 2192 1091 2219 montis
1117 2191 1262 2226 puritatem
1276 2190 1391 2222 dilexit;
1410 2197 1554 2225 moresque
1577 2190 1634 2217 veri
1664 2194 1779 2218 tenaces.

149 2237 218 2263 τικδν
233 2236 280 2263 τοῦ
300 2235 404 2270 τρόπου
420 2235 469 2261 καὶ
482 2235 621 2261 ἄπλαστον
634 2234 803 2269 πεφιληκὼς,
816 2235 872 2266 τοῖς
890 2243 934 2260 πι-

991 2243 1072 2272 atque
1088 2237 1228 2271 simplices
1250 2243 1357 2268 amans,
1382 2235 1603 2263 ﬁdelissimorum
1626 2236 1778 2271 discipulo-

151 2283 285 2314 ποτάτοις
303 2281 447 2307 συντάττει
458 2281 512 2307 τῶν
529 2280 676 2316 ὁμιλητῶν.

182 2328 236 2354 Καὶ
265 2326 365 2361 ἐπειδὴ
400 2327 457 2357 τοῖς
481 2326 680 2361 πμσὸυτάτοις
719 2326 941 2359 ἐγκαταλεγῆναι

151 2373 278 2400 ἀδύνατον
287 2370 336 2408 ἦν,
356 2372 406 2408 ἠδη
422 2371 472 2407 τῆς
487 2372 562 2407 ἱερᾶς
575 2372 724 2403 δωδεκάδος
738 2372 941 2407 συμπεπληρω-

153 2418 246 2454 μὲνης·
273 2420 333 2450 τοῖς
357 2417 493 2452 δευτέροις
507 2418 557 2451 μὲν
569 2416 616 2452 τὴν
633 2417 709 2449 τάξιν
721 2417 863 2452 ὲναριθμεῖ
876 2423 883 2431 ’
908 2418 940 2451 τῇ

152 2465 315 2500 ὲὸὗοματικῇ
342 2464 416 2497 λέγω
444 2463 537 2498 mea.
563 2463 619 2489 τῶν
647 2463 794 2498 μαθητῶν
820 2464 870 2498 τῆς
886 2464 941 2490 τῶν

152 2509 263 2543 πρώτων
277 2509 307 2535 δὲ
322 2509 433 2544 χάριτος
449 2507 574 2541 καταξιοῖ
587 2508 633 2535 καὶ
648 2507 730 2543 τιμῆς
741 2516 747 2524 ·
766 2506 817 2540 οἷς,
830 2507 876 2534 καὶ
894 2508 940 2534 τοῦ

152 2554 318 2590 mamma
336 2555 434 2582 σεπτὸν
448 2555 591 2589 ὑποφήτην
606 2555 686 2581 αὑτὸν
704 2555 773 2589 μετὰ
787 2555 884 2587 ταῦτα,
895 2554 941 2582 κα)⁸

152 2601 270 2634 ἀξιόθεον
282 2600 475 2628 ἀποδείκνυσιν
486 2599 662 2635 ἱεροφάντην.
693 2599 804 2634 Ἐπειδὴ
821 2600 875 2634 γὰρ
886 2600 940 2626 τῶν

153 2647 208 2674 κατ’
227 2647 309 2673 αὑτὸν
326 2646 484 2682 μυστηρίων
502 2645 651 2680 ἀκροατὴν,
668 2646 715 2672 καὶ
734 2645 788 2671 τῶν
807 2645 938 2672 οεοτελῶν

153 2690 237 2726 ἔργων
266 2692 399 2724 ἐκείνων,
431 2691 478 2718 καὶ
506 2690 561 2717 τῶν
582 2690 721 2722 ζωοποιῶν
745 2690 935 2725 παθημάτων,

154 2738 197 2762 καὶ
225 2737 275 2772 τῆς
304 2737 479 2768 ἀναστάσεως
512 2736 558 2762 καὶ
581 2735 630 2770 τῆς
662 2735 822 2770 ἀναλήψεως
855 2736 936 2763 αὑτὸν

154 2782 272 2818 ἀπέφηνε
300 2784 404 2818 μύστην
433 2782 480 2808 καὶ
508 2782 620 2817 θεατήν·
657 2782 704 2809 καὶ
737 2782 783 2808 τοῦ
811 2782 937 2818 Πνεῦμα-

187 2870 211 2888 ⁶³
220 2870 294 2899 Psal.
316 2879 367 2906 tu,
382 2871 410 2902 5,

991 2291 1050 2309 rum
1066 2282 1182 2316 collegio
1198 2281 1330 2316 adiungit.

1026 2327 1161 2360 Quoniam
1173 2335 1241 2354 vero
1258 2327 1330 2353 haud
1347 2326 1405 2353 lieri
1435 2329 1553 2360 poterat,
1572 2329 1602 2352 ut
1627 2333 1707 2353 sacro
1719 2325 1778 2363 jam

990 2372 1159 2400 dnodcnario
1183 2372 1318 2405 completo
1345 2378 1473 2402 numero,
1499 2370 1698 2404 antiquissimis
1723 2371 1777 2399 illis

990 2418 1139 2452 primisque
1152 2419 1323 2448 accenseret;
1336 2415 1369 2443 iis
1382 2419 1520 2447 accenset,
1534 2416 1580 2449 qui
1593 2415 1705 2443 secundi
1718 2416 1777 2450 qui:

991 2463 1053 2490 dem
1073 2463 1177 2489 ordinis
1199 2466 1290 2490 essent
1311 2461 1502 2496 (septuaginta
1528 2461 1656 2488 nimirum
1683 2461 1778 2491 electi:

991 2507 1159 2543 discipulis),
1181 2511 1210 2533 at
1228 2507 1377 2541 primorum
1403 2510 1493 2533 tamen
1510 2506 1596 2540 gratia
1620 2510 1647 2533 et
1674 2506 1779 2539 honoro

991 2558 1092 2589 auget;
1110 2561 1163 2589 qua
1177 2557 1203 2580 et
1217 2553 1391 2588 postmodum
1407 2553 1546 2587 Evangelii
1563 2553 1723 2588 praeclarum
1739 2554 1778 2580 in-

992 2604 1149 2634 terpretem,
1168 2599 1347 2633 divinumque
1364 2606 1507 2626 sacrorum
1531 2599 1683 2626 antistitem
1701 2598 1776 2630 facit.

991 2646 1070 2679 Quod
1086 2646 1160 2673 enitn
1173 2653 1286 2672 suorum
1306 2649 1332 2671 te
1347 2645 1540 2680 mysteriorum
1555 2644 1718 2675 auditorem,
1734 2643 1782 2680 dli

990 2693 1172 2725 vinol-umque
1186 2697 1298 2724 operum
1312 2689 1432 2722 illorum,
1447 2696 1479 2716 ac
1488 2689 1658 2717 viviﬁcarum
1671 2682 1782 2722 passim‘

990 2745 1066 2770 num,
1087 2736 1351 2770 resurrectionisque
1367 2740 1450 2770 atque
1477 2735 1503 2762 in
1521 2734 1619 2761 caelum
1638 2737 1781 2775 recepttoe:

991 2783 1035 2810 nis
1059 2781 1214 2818 cognitione
1245 2782 1390 2814 imbuerat,
1419 2781 1572 2814 horumque
1593 2776 1778 2814 spectatorem
