  <div class='ocr_page' id='page_1' title='image "/cluster/home/n/w/nwhite01/storage/ocr_20150623/105/njp.32101077772893/182.png"; bbox 0 0 2078 3154; ppageno 0'>
   <div class='ocr_carea' id='block_1_1' title="bbox 151 137 207 168">
    <p class='ocr_par' dir='ltr' id='par_1_1' title="bbox 151 137 207 168">
     <span class='ocr_line' id='line_1_1' title="bbox 151 137 207 168; baseline 0 0"><span class='ocrx_word' id='word_1_1' title='bbox 151 137 207 168; x_wconf 78' lang='grc'><strong>293</strong></span> 
     </span>
    </p>
   </div>
   <div class='ocr_carea' id='block_1_2' title="bbox 546 137 1397 171">
    <p class='ocr_par' dir='ltr' id='par_1_2' title="bbox 546 137 1397 171">
     <span class='ocr_line' id='line_1_2' title="bbox 546 137 1397 171; baseline 0 -2"><span class='ocrx_word' id='word_1_2' title='bbox 546 138 689 170; x_wconf 73' lang='lat' dir='ltr'><strong>ORATIO</strong></span> <span class='ocrx_word' id='word_1_3' title='bbox 702 139 762 170; x_wconf 78' lang='lat' dir='ltr'><strong>XV.</strong></span> <span class='ocrx_word' id='word_1_4' title='bbox 782 151 817 158; x_wconf 88' lang='lat'><strong>-</strong></span> <span class='ocrx_word' id='word_1_5' title='bbox 850 139 892 171; x_wconf 86' lang='lat' dir='ltr'><strong>IN</strong></span> <span class='ocrx_word' id='word_1_6' title='bbox 906 137 1065 170; x_wconf 81' lang='lat' dir='ltr'><strong>LAUDEM</strong></span> <span class='ocrx_word' id='word_1_7' title='bbox 1082 137 1113 169; x_wconf 85' lang='lat' dir='ltr'><strong>S.</strong></span> <span class='ocrx_word' id='word_1_8' title='bbox 1133 138 1254 169; x_wconf 80' lang='lat' dir='ltr'><strong>MARCI</strong></span> <span class='ocrx_word' id='word_1_9' title='bbox 1270 137 1397 170; x_wconf 78' lang='lat' dir='ltr'><strong>APOST.</strong></span> 
     </span>
    </p>
   </div>
   <div class='ocr_carea' id='block_1_3' title="bbox 1735 139 1790 173">
    <p class='ocr_par' dir='ltr' id='par_1_3' title="bbox 1735 139 1790 173">
     <span class='ocr_line' id='line_1_3' title="bbox 1735 139 1790 173; baseline 0 0"><span class='ocrx_word' id='word_1_10' title='bbox 1735 139 1790 173; x_wconf 67' lang='grc'><strong>294</strong></span> 
     </span>
    </p>
   </div>
   <div class='ocr_carea' id='block_1_4' title="bbox 187 190 948 231">
    <p class='ocr_par' dir='ltr' id='par_1_4' title="bbox 187 190 946 229">
     <span class='ocr_line' id='line_1_4' title="bbox 187 190 946 229; baseline 0.003 -10"><span class='ocrx_word' id='word_1_11' title='bbox 187 192 257 219; x_wconf 69' lang='lat' dir='ltr'><strong>Auct</strong></span> <span class='ocrx_word' id='word_1_12' title='bbox 268 190 338 227; x_wconf 78' lang='grc' dir='ltr'>γοῦν</span> <span class='ocrx_word' id='word_1_13' title='bbox 350 192 408 224; x_wconf 81' lang='grc' dir='ltr'>τοῖς</span> <span class='ocrx_word' id='word_1_14' title='bbox 423 191 556 220; x_wconf 76' lang='grc' dir='ltr'><strong>ἀνωτάτω</strong></span> <span class='ocrx_word' id='word_1_15' title='bbox 569 193 616 220; x_wconf 86' lang='grc' dir='ltr'>τοῦ</span> <span class='ocrx_word' id='word_1_16' title='bbox 632 193 791 229; x_wconf 77' lang='grc' dir='ltr'>Πνεῦματος</span> <span class='ocrx_word' id='word_1_17' title='bbox 805 194 946 229; x_wconf 78' lang='grc' dir='ltr'>χαρίσμα-</span> 
     </span>
    </p>
   </div>
   <div class='ocr_carea' id='block_1_5' title="bbox 991 190 1787 231">
    <p class='ocr_par' dir='ltr' id='par_1_5' title="bbox 1033 192 1787 231">
     <span class='ocr_line' id='line_1_5' title="bbox 1033 192 1787 231; baseline 0.007 -12"><span class='ocrx_word' id='word_1_18' title='bbox 1033 192 1137 228; x_wconf 89' lang='lat' dir='ltr'><strong>Duplici</strong></span> <span class='ocrx_word' id='word_1_19' title='bbox 1152 193 1245 230; x_wconf 88' lang='lat' dir='ltr'><strong>itaque</strong></span> <span class='ocrx_word' id='word_1_20' title='bbox 1259 201 1389 230; x_wconf 86' lang='lat' dir='ltr'><strong>supremo</strong></span> <span class='ocrx_word' id='word_1_21' title='bbox 1403 193 1524 230; x_wconf 74' lang='lat' dir='ltr'><strong>Spiritus</strong></span> <span class='ocrx_word' id='word_1_22' title='bbox 1536 202 1649 224; x_wconf 88' lang='lat' dir='ltr'><strong>munere</strong></span> <span class='ocrx_word' id='word_1_23' title='bbox 1661 195 1787 231; x_wconf 84' lang='lat' dir='ltr'><strong>(aposto-</strong></span> 
     </span>
    </p>
   </div>
   <div class='ocr_carea' id='block_1_6' title="bbox 151 237 945 276">
    <p class='ocr_par' dir='ltr' id='par_1_6' title="bbox 151 237 945 276">
     <span class='ocr_line' id='line_1_6' title="bbox 151 237 945 276; baseline 0.003 -10"><span class='ocrx_word' id='word_1_24' title='bbox 151 247 205 271; x_wconf 88' lang='grc' dir='ltr'>σιν,</span> <span class='ocrx_word' id='word_1_25' title='bbox 222 237 396 273; x_wconf 75' lang='grc' dir='ltr'>ἀποστολικῷ</span> <span class='ocrx_word' id='word_1_26' title='bbox 421 247 452 265; x_wconf 86' lang='grc' dir='ltr'><strong>τε</strong></span> <span class='ocrx_word' id='word_1_27' title='bbox 479 239 527 266; x_wconf 80' lang='grc' dir='ltr'>καὶ</span> <span class='ocrx_word' id='word_1_28' title='bbox 552 239 703 275; x_wconf 80' lang='grc' dir='ltr'>ἱεραρχικῷ</span> <span class='ocrx_word' id='word_1_29' title='bbox 717 240 945 276; x_wconf 80' lang='grc' dir='ltr'>κατηρτισμένος,</span> 
     </span>
    </p>
   </div>
   <div class='ocr_carea' id='block_1_7' title="bbox 150 283 946 322">
    <p class='ocr_par' dir='ltr' id='par_1_7' title="bbox 150 283 946 322">
     <span class='ocr_line' id='line_1_7' title="bbox 150 283 946 322; baseline 0.004 -11"><span class='ocrx_word' id='word_1_30' title='bbox 150 284 190 320; x_wconf 85' lang='grc' dir='ltr'>τῷ</span> <span class='ocrx_word' id='word_1_31' title='bbox 205 285 254 319; x_wconf 81' lang='grc' dir='ltr'>μὲν</span> <span class='ocrx_word' id='word_1_32' title='bbox 269 283 338 320; x_wconf 80' lang='grc' dir='ltr'>πρὸς</span> <span class='ocrx_word' id='word_1_33' title='bbox 362 284 426 316; x_wconf 76' lang='grc' dir='ltr'>τοὺς</span> <span class='ocrx_word' id='word_1_34' title='bbox 451 284 504 317; x_wconf 78' lang='grc' dir='ltr'><strong>ἔξω</strong></span> <span class='ocrx_word' id='word_1_35' title='bbox 529 285 579 319; x_wconf 86' lang='grc' dir='ltr'>τῆς</span> <span class='ocrx_word' id='word_1_36' title='bbox 607 285 736 319; x_wconf 79' lang='grc' dir='ltr'>πίστεως,</span> <span class='ocrx_word' id='word_1_37' title='bbox 760 286 800 322; x_wconf 85' lang='grc' dir='ltr'>τῷ</span> <span class='ocrx_word' id='word_1_38' title='bbox 825 287 854 314; x_wconf 78' lang='grc' dir='ltr'><strong>δὲ</strong></span> <span class='ocrx_word' id='word_1_39' title='bbox 877 287 946 322; x_wconf 78' lang='grc' dir='ltr'>πρὸς</span> 
     </span>
    </p>
   </div>
   <div class='ocr_carea' id='block_1_8' title="bbox 149 330 944 370">
    <p class='ocr_par' dir='ltr' id='par_1_8' title="bbox 149 330 944 370">
     <span class='ocr_line' id='line_1_8' title="bbox 149 330 944 370; baseline 0.004 -13"><span class='ocrx_word' id='word_1_40' title='bbox 149 330 214 362; x_wconf 80' lang='grc' dir='ltr'>τοὺς</span> <span class='ocrx_word' id='word_1_41' title='bbox 225 330 259 357; x_wconf 85' lang='grc' dir='ltr'><strong>δι’</strong></span> <span class='ocrx_word' id='word_1_42' title='bbox 277 330 362 357; x_wconf 82' lang='grc' dir='ltr'>αὑτοῦ</span> <span class='ocrx_word' id='word_1_43' title='bbox 385 331 563 363; x_wconf 78' lang='grc' dir='ltr'><strong>πιστεύοντας</strong></span> <span class='ocrx_word' id='word_1_44' title='bbox 575 332 589 358; x_wconf 85' lang='grc' dir='ltr'><strong>ό</strong></span> <span class='ocrx_word' id='word_1_45' title='bbox 608 332 818 367; x_wconf 81' lang='grc' dir='ltr'><strong>μακαριώτατος</strong></span> <span class='ocrx_word' id='word_1_46' title='bbox 833 333 944 370; x_wconf 66' lang='grc' dir='ltr'>ἐχρῆτο·</span> 
     </span>
    </p>
   </div>
   <div class='ocr_carea' id='block_1_9' title="bbox 150 374 946 413">
    <p class='ocr_par' dir='ltr' id='par_1_9' title="bbox 150 374 946 413">
     <span class='ocr_line' id='line_1_9' title="bbox 150 374 946 413; baseline 0.005 -9"><span class='ocrx_word' id='word_1_47' title='bbox 150 378 199 405; x_wconf 77' lang='grc' dir='ltr'><strong>καὶ</strong></span> <span class='ocrx_word' id='word_1_48' title='bbox 212 374 255 404; x_wconf 76' lang='grc' dir='ltr'>οἷα</span> <span class='ocrx_word' id='word_1_49' title='bbox 284 377 336 412; x_wconf 82' lang='grc' dir='ltr'>μὲν</span> <span class='ocrx_word' id='word_1_50' title='bbox 352 377 511 411; x_wconf 82' lang='grc' dir='ltr'>ἀπόστολος,</span> <span class='ocrx_word' id='word_1_51' title='bbox 538 377 606 413; x_wconf 83' lang='grc' dir='ltr'>πρὸς</span> <span class='ocrx_word' id='word_1_52' title='bbox 621 379 683 411; x_wconf 84' lang='grc' dir='ltr'>τοὺς</span> <span class='ocrx_word' id='word_1_53' title='bbox 700 379 889 413; x_wconf 74' lang='grc' dir='ltr'>ἑλληνίζοντας</span> <span class='ocrx_word' id='word_1_54' title='bbox 905 381 946 409; x_wconf 71' lang='grc' dir='ltr'>ἔτι</span> 
     </span>
    </p>
   </div>
   <div class='ocr_carea' id='block_1_10' title="bbox 150 423 946 462">
    <p class='ocr_par' dir='ltr' id='par_1_10' title="bbox 150 423 946 462">
     <span class='ocr_line' id='line_1_10' title="bbox 150 423 946 462; baseline 0.006 -13"><span class='ocrx_word' id='word_1_55' title='bbox 150 423 420 459; x_wconf 76' lang='grc' dir='ltr'>παρρησιαζόμενος,</span> <span class='ocrx_word' id='word_1_56' title='bbox 449 424 617 460; x_wconf 81' lang='grc' dir='ltr'>παρακαλῶν</span> <span class='ocrx_word' id='word_1_57' title='bbox 631 444 639 457; x_wconf 88' lang='grc'><strong>,</strong></span> <span class='ocrx_word' id='word_1_58' title='bbox 659 424 803 458; x_wconf 80' lang='grc' dir='ltr'><strong>νουθετῶν,</strong></span> <span class='ocrx_word' id='word_1_59' title='bbox 825 426 946 462; x_wconf 77' lang='grc' dir='ltr'><strong>ἐλέγχων</strong></span> 
     </span>
    </p>
   </div>
   <div class='ocr_carea' id='block_1_11' title="bbox 150 468 945 507">
    <p class='ocr_par' dir='ltr' id='par_1_11' title="bbox 150 468 945 507">
     <span class='ocr_line' id='line_1_11' title="bbox 150 468 945 507; baseline 0.006 -12"><span class='ocrx_word' id='word_1_60' title='bbox 150 468 200 504; x_wconf 77' lang='grc' dir='ltr'>τὴν</span> <span class='ocrx_word' id='word_1_61' title='bbox 215 468 354 502; x_wconf 77' lang='grc' dir='ltr'>ἀσέϐειαν,</span> <span class='ocrx_word' id='word_1_62' title='bbox 373 469 511 505; x_wconf 81' lang='grc' dir='ltr'><strong>διασύρων</strong></span> <span class='ocrx_word' id='word_1_63' title='bbox 531 470 581 505; x_wconf 85' lang='grc' dir='ltr'>τὴν</span> <span class='ocrx_word' id='word_1_64' title='bbox 596 471 752 505; x_wconf 75' lang='grc' dir='ltr'><strong>ἀσέλγειαν,</strong></span> <span class='ocrx_word' id='word_1_65' title='bbox 768 471 945 507; x_wconf 77' lang='grc' dir='ltr'>θριαμὸεύων</span> 
     </span>
    </p>
   </div>
   <div class='ocr_carea' id='block_1_12' title="bbox 149 514 946 552">
    <p class='ocr_par' dir='ltr' id='par_1_12' title="bbox 149 514 946 552">
     <span class='ocr_line' id='line_1_12' title="bbox 149 514 946 552; baseline 0.005 -11"><span class='ocrx_word' id='word_1_66' title='bbox 149 514 199 550; x_wconf 82' lang='grc' dir='ltr'>τὴν</span> <span class='ocrx_word' id='word_1_67' title='bbox 224 514 276 549; x_wconf 84' lang='grc' dir='ltr'>τῆς</span> <span class='ocrx_word' id='word_1_68' title='bbox 297 514 447 550; x_wconf 72' lang='grc' dir='ltr'>θρησκείας</span> <span class='ocrx_word' id='word_1_69' title='bbox 473 516 660 551; x_wconf 75' lang='grc' dir='ltr'>ματαιότητα,</span> <span class='ocrx_word' id='word_1_70' title='bbox 685 517 946 552; x_wconf 75' lang='grc' dir='ltr'>παραδειγματιζων</span> 
     </span>
    </p>
   </div>
   <div class='ocr_carea' id='block_1_13' title="bbox 148 561 946 600">
    <p class='ocr_par' dir='ltr' id='par_1_13' title="bbox 148 561 946 600">
     <span class='ocr_line' id='line_1_13' title="bbox 148 561 946 600; baseline 0.005 -13"><span class='ocrx_word' id='word_1_71' title='bbox 148 561 204 588; x_wconf 75' lang='grc' dir='ltr'><strong>τῶν</strong></span> <span class='ocrx_word' id='word_1_72' title='bbox 228 561 411 596; x_wconf 78' lang='grc' dir='ltr'>σεόασμάτων</span> <span class='ocrx_word' id='word_1_73' title='bbox 431 561 481 596; x_wconf 82' lang='grc' dir='ltr'>τὴν</span> <span class='ocrx_word' id='word_1_74' title='bbox 503 561 670 598; x_wconf 83' lang='grc' dir='ltr'>σαθρότητα,</span> <span class='ocrx_word' id='word_1_75' title='bbox 691 563 946 600; x_wconf 80' lang='grc' dir='ltr'><strong>διαμαρτυρόμενος</strong></span> 
     </span>
    </p>
   </div>
   <div class='ocr_carea' id='block_1_14' title="bbox 147 606 945 644">
    <p class='ocr_par' dir='ltr' id='par_1_14' title="bbox 147 606 945 644">
     <span class='ocr_line' id='line_1_14' title="bbox 147 606 945 644; baseline 0.004 -12"><span class='ocrx_word' id='word_1_76' title='bbox 147 606 178 633; x_wconf 72' lang='grc' dir='ltr'><strong>δὲ</strong></span> <span class='ocrx_word' id='word_1_77' title='bbox 193 606 240 633; x_wconf 78' lang='grc' dir='ltr'><strong>τὸν</strong></span> <span class='ocrx_word' id='word_1_78' title='bbox 254 606 310 633; x_wconf 87' lang='grc' dir='ltr'><strong>τῶν</strong></span> <span class='ocrx_word' id='word_1_79' title='bbox 326 606 395 633; x_wconf 82' lang='grc' dir='ltr'>ὅλων</span> <span class='ocrx_word' id='word_1_80' title='bbox 406 607 579 642; x_wconf 74' lang='grc' dir='ltr'>Δημιουργὸν</span> <span class='ocrx_word' id='word_1_81' title='bbox 597 609 645 635; x_wconf 79' lang='grc' dir='ltr'>καὶ</span> <span class='ocrx_word' id='word_1_82' title='bbox 657 610 772 644; x_wconf 80' lang='grc' dir='ltr'>συνοχέα</span> <span class='ocrx_word' id='word_1_83' title='bbox 786 610 864 637; x_wconf 84' lang='grc' dir='ltr'>Θεόν.</span> <span class='ocrx_word' id='word_1_84' title='bbox 882 611 945 636; x_wconf 67' lang='grc' dir='ltr'>Δια-</span> 
     </span>
    </p>
   </div>
   <div class='ocr_carea' id='block_1_15' title="bbox 149 650 946 690">
    <p class='ocr_par' dir='ltr' id='par_1_15' title="bbox 149 650 946 690">
     <span class='ocr_line' id='line_1_15' title="bbox 149 650 946 690; baseline 0.006 -13"><span class='ocrx_word' id='word_1_85' title='bbox 149 650 357 686; x_wconf 75' lang='grc' dir='ltr'>μαρτυρόμενος</span> <span class='ocrx_word' id='word_1_86' title='bbox 371 651 514 679; x_wconf 83' lang='grc' dir='ltr'>πιστεύειν</span> <span class='ocrx_word' id='word_1_87' title='bbox 526 652 586 688; x_wconf 86' lang='grc' dir='ltr'><strong>Θεῷ</strong></span> <span class='ocrx_word' id='word_1_88' title='bbox 599 652 682 684; x_wconf 81' lang='grc' dir='ltr'>ζῶντι</span> <span class='ocrx_word' id='word_1_89' title='bbox 697 654 743 681; x_wconf 73' lang='grc' dir='ltr'>καὶ</span> <span class='ocrx_word' id='word_1_90' title='bbox 754 655 884 690; x_wconf 78' lang='grc' dir='ltr'><strong>ἀληθινῷ,</strong></span> <span class='ocrx_word' id='word_1_91' title='bbox 898 656 946 682; x_wconf 75' lang='grc' dir='ltr'>καὶ</span> 
     </span>
    </p>
   </div>
   <div class='ocr_carea' id='block_1_16' title="bbox 146 696 946 736">
    <p class='ocr_par' dir='ltr' id='par_1_16' title="bbox 146 696 946 736">
     <span class='ocr_line' id='line_1_16' title="bbox 146 696 946 736; baseline 0.008 -14"><span class='ocrx_word' id='word_1_92' title='bbox 146 696 188 731; x_wconf 80' lang='grc' dir='ltr'>τῷ</span> <span class='ocrx_word' id='word_1_93' title='bbox 202 696 286 723; x_wconf 84' lang='grc' dir='ltr'>αὑτοῦ</span> <span class='ocrx_word' id='word_1_94' title='bbox 303 697 384 732; x_wconf 83' lang='grc' dir='ltr'><strong>Λόγῳ</strong></span> <span class='ocrx_word' id='word_1_95' title='bbox 414 697 452 729; x_wconf 84' lang='grc' dir='ltr'><strong>ὡς</strong></span> <span class='ocrx_word' id='word_1_96' title='bbox 487 700 608 733; x_wconf 80' lang='grc' dir='ltr'>συμφυεῖ</span> <span class='ocrx_word' id='word_1_97' title='bbox 635 700 683 726; x_wconf 76' lang='grc' dir='ltr'><strong>καὶ</strong></span> <span class='ocrx_word' id='word_1_98' title='bbox 710 701 880 736; x_wconf 72' lang='grc' dir='ltr'>συναναρχῳ,</span> <span class='ocrx_word' id='word_1_99' title='bbox 907 701 946 733; x_wconf 84' lang='grc' dir='ltr'>ὼς</span> 
     </span>
    </p>
   </div>
   <div class='ocr_carea' id='block_1_17' title="bbox 146 742 946 779">
    <p class='ocr_par' dir='ltr' id='par_1_17' title="bbox 146 742 946 779">
     <span class='ocr_line' id='line_1_17' title="bbox 146 742 946 779; baseline 0.006 -11"><span class='ocrx_word' id='word_1_100' title='bbox 146 742 314 777; x_wconf 77' lang='grc' dir='ltr'>πρωτοτόκῳ</span> <span class='ocrx_word' id='word_1_101' title='bbox 343 743 435 778; x_wconf 85' lang='grc' dir='ltr'>πάσης</span> <span class='ocrx_word' id='word_1_102' title='bbox 455 743 581 776; x_wconf 80' lang='grc' dir='ltr'>κτίσεως,</span> <span class='ocrx_word' id='word_1_103' title='bbox 598 743 645 771; x_wconf 77' lang='grc' dir='ltr'>καὶ</span> <span class='ocrx_word' id='word_1_104' title='bbox 661 745 810 779; x_wconf 85' lang='grc' dir='ltr'>Μονογενεῖ</span> <span class='ocrx_word' id='word_1_105' title='bbox 821 754 828 761; x_wconf 90' lang='grc'><strong>·</strong></span> <span class='ocrx_word' id='word_1_106' title='bbox 845 746 946 774; x_wconf 69' lang='grc' dir='ltr'>εἰδέναι</span> 
     </span>
    </p>
   </div>
   <div class='ocr_carea' id='block_1_18' title="bbox 145 788 945 826">
    <p class='ocr_par' dir='ltr' id='par_1_18' title="bbox 145 788 945 826">
     <span class='ocr_line' id='line_1_18' title="bbox 145 788 945 826; baseline 0.005 -11"><span class='ocrx_word' id='word_1_107' title='bbox 145 788 176 815; x_wconf 79' lang='grc' dir='ltr'><strong>δὲ</strong></span> <span class='ocrx_word' id='word_1_108' title='bbox 193 788 240 814; x_wconf 83' lang='grc' dir='ltr'><strong>καὶ</strong></span> <span class='ocrx_word' id='word_1_109' title='bbox 257 788 369 824; x_wconf 81' lang='grc' dir='ltr'>Πνεῦμα</span> <span class='ocrx_word' id='word_1_110' title='bbox 393 788 424 815; x_wconf 78' lang='grc' dir='ltr'>τὸ</span> <span class='ocrx_word' id='word_1_111' title='bbox 451 788 529 823; x_wconf 70' lang='grc' dir='ltr'>ἅγιον</span> <span class='ocrx_word' id='word_1_112' title='bbox 552 789 590 821; x_wconf 88' lang='grc' dir='ltr'><strong>ὡς</strong></span> <span class='ocrx_word' id='word_1_113' title='bbox 621 790 752 826; x_wconf 77' lang='grc' dir='ltr'>ὁμότιμον</span> <span class='ocrx_word' id='word_1_114' title='bbox 773 791 881 822; x_wconf 80' lang='grc' dir='ltr'>τούτοις</span> <span class='ocrx_word' id='word_1_115' title='bbox 897 792 945 819; x_wconf 77' lang='grc' dir='ltr'><strong>καὶ</strong></span> 
     </span>
    </p>
   </div>
   <div class='ocr_carea' id='block_1_19' title="bbox 147 832 945 871">
    <p class='ocr_par' dir='ltr' id='par_1_19' title="bbox 147 832 945 871">
     <span class='ocr_line' id='line_1_19' title="bbox 147 832 945 871; baseline 0.006 -12"><span class='ocrx_word' id='word_1_116' title='bbox 147 832 294 867; x_wconf 79' lang='grc' dir='ltr'>σύνθρονον</span> <span class='ocrx_word' id='word_1_117' title='bbox 319 833 366 859; x_wconf 74' lang='grc' dir='ltr'><strong>καὶ</strong></span> <span class='ocrx_word' id='word_1_118' title='bbox 382 833 506 868; x_wconf 81' lang='grc' dir='ltr'>συμφυές</span> <span class='ocrx_word' id='word_1_119' title='bbox 517 842 524 848; x_wconf 93' lang='grc'><strong>·</strong></span> <span class='ocrx_word' id='word_1_120' title='bbox 539 833 686 868; x_wconf 77' lang='grc' dir='ltr'>διδάσκων,</span> <span class='ocrx_word' id='word_1_121' title='bbox 705 836 753 862; x_wconf 77' lang='grc' dir='ltr'>καὶ</span> <span class='ocrx_word' id='word_1_122' title='bbox 777 837 945 871; x_wconf 81' lang='grc' dir='ltr'>παρακαλῶν</span> 
     </span>
    </p>
   </div>
   <div class='ocr_carea' id='block_1_20' title="bbox 145 878 945 918">
    <p class='ocr_par' dir='ltr' id='par_1_20' title="bbox 145 878 945 918">
     <span class='ocr_line' id='line_1_20' title="bbox 145 878 945 918; baseline 0.006 -14"><span class='ocrx_word' id='word_1_123' title='bbox 145 878 287 905; x_wconf 82' lang='grc' dir='ltr'>πιστεύειν</span> <span class='ocrx_word' id='word_1_124' title='bbox 303 879 351 906; x_wconf 77' lang='grc' dir='ltr'>καὶ</span> <span class='ocrx_word' id='word_1_125' title='bbox 368 881 545 915; x_wconf 83' lang='grc' dir='ltr'>προσκυνεῖν,</span> <span class='ocrx_word' id='word_1_126' title='bbox 567 880 678 916; x_wconf 75' lang='grc' dir='ltr'>Πατέρα</span> <span class='ocrx_word' id='word_1_127' title='bbox 696 882 747 916; x_wconf 81' lang='grc' dir='ltr'>μὲν</span> <span class='ocrx_word' id='word_1_128' title='bbox 769 882 808 913; x_wconf 84' lang='grc' dir='ltr'>ὡς</span> <span class='ocrx_word' id='word_1_129' title='bbox 829 882 945 918; x_wconf 70' lang='grc' dir='ltr'>ἀγέννη-</span> 
     </span>
    </p>
   </div>
   <div class='ocr_carea' id='block_1_21' title="bbox 144 924 945 962">
    <p class='ocr_par' dir='ltr' id='par_1_21' title="bbox 144 924 945 962">
     <span class='ocr_line' id='line_1_21' title="bbox 144 924 945 962; baseline 0.004 -11"><span class='ocrx_word' id='word_1_130' title='bbox 144 933 194 951; x_wconf 83' lang='grc' dir='ltr'><strong>τον</strong></span> <span class='ocrx_word' id='word_1_131' title='bbox 206 925 254 951; x_wconf 76' lang='grc' dir='ltr'>καὶ</span> <span class='ocrx_word' id='word_1_132' title='bbox 264 924 319 952; x_wconf 88' lang='grc' dir='ltr'><strong>τῶν</strong></span> <span class='ocrx_word' id='word_1_133' title='bbox 336 925 405 952; x_wconf 81' lang='grc' dir='ltr'>ὅλων</span> <span class='ocrx_word' id='word_1_134' title='bbox 419 925 519 958; x_wconf 77' lang='grc' dir='ltr'>αἴτιον,</span> <span class='ocrx_word' id='word_1_135' title='bbox 538 926 585 952; x_wconf 77' lang='grc' dir='ltr'><strong>καὶ</strong></span> <span class='ocrx_word' id='word_1_136' title='bbox 602 926 781 962; x_wconf 84' lang='grc' dir='ltr'>προάναρχον</span> <span class='ocrx_word' id='word_1_137' title='bbox 793 927 848 954; x_wconf 83' lang='grc' dir='ltr'><strong>τῶν</strong></span> <span class='ocrx_word' id='word_1_138' title='bbox 861 928 945 954; x_wconf 74' lang='grc' dir='ltr'>όντων</span> 
     </span>
    </p>
   </div>
   <div class='ocr_carea' id='block_1_22' title="bbox 145 970 945 1008">
    <p class='ocr_par' dir='ltr' id='par_1_22' title="bbox 145 970 945 1008">
     <span class='ocr_line' id='line_1_22' title="bbox 145 970 945 1008; baseline 0.004 -11"><span class='ocrx_word' id='word_1_139' title='bbox 145 971 258 997; x_wconf 71' lang='grc' dir='ltr'>πάντων</span> <span class='ocrx_word' id='word_1_140' title='bbox 277 971 365 1006; x_wconf 74' lang='grc' dir='ltr'>ἀρχήν</span> <span class='ocrx_word' id='word_1_141' title='bbox 376 979 382 986; x_wconf 81' lang='grc'><em>’</em></span> <span class='ocrx_word' id='word_1_142' title='bbox 401 970 467 998; x_wconf 85' lang='grc' dir='ltr'>Υἱδν</span> <span class='ocrx_word' id='word_1_143' title='bbox 479 971 518 1002; x_wconf 80' lang='grc' dir='ltr'>δὲ,</span> <span class='ocrx_word' id='word_1_144' title='bbox 534 971 571 1002; x_wconf 82' lang='grc' dir='ltr'><strong>ὡς</strong></span> <span class='ocrx_word' id='word_1_145' title='bbox 598 972 631 999; x_wconf 82' lang='grc' dir='ltr'>ὲκ</span> <span class='ocrx_word' id='word_1_146' title='bbox 656 971 703 999; x_wconf 79' lang='grc' dir='ltr'>τοῦ</span> <span class='ocrx_word' id='word_1_147' title='bbox 721 973 826 1008; x_wconf 79' lang='grc' dir='ltr'>[ἰατρὸς</span> <span class='ocrx_word' id='word_1_148' title='bbox 843 973 945 1007; x_wconf 76' lang='grc' dir='ltr'>γεννώ-</span> 
     </span>
    </p>
   </div>
   <div class='ocr_carea' id='block_1_23' title="bbox 147 1016 945 1054">
    <p class='ocr_par' dir='ltr' id='par_1_23' title="bbox 147 1016 945 1054">
     <span class='ocr_line' id='line_1_23' title="bbox 147 1016 945 1054; baseline 0.005 -12"><span class='ocrx_word' id='word_1_149' title='bbox 147 1024 230 1050; x_wconf 82' lang='grc' dir='ltr'>μενον</span> <span class='ocrx_word' id='word_1_150' title='bbox 247 1016 421 1050; x_wconf 84' lang='grc' dir='ltr'>προαιωνιως</span> <span class='ocrx_word' id='word_1_151' title='bbox 447 1017 495 1044; x_wconf 72' lang='grc' dir='ltr'>καὶ</span> <span class='ocrx_word' id='word_1_152' title='bbox 518 1017 700 1052; x_wconf 70' lang='grc' dir='ltr'>ύπερουσιωςο</span> <span class='ocrx_word' id='word_1_153' title='bbox 724 1019 772 1045; x_wconf 66' lang='grc' dir='ltr'><strong>καὶ¹</strong></span> <span class='ocrx_word' id='word_1_154' title='bbox 788 1019 900 1054; x_wconf 84' lang='grc' dir='ltr'>Πνεῦμα</span> <span class='ocrx_word' id='word_1_155' title='bbox 917 1019 945 1046; x_wconf 76' lang='grc' dir='ltr'><strong>δὲ</strong></span> 
     </span>
    </p>
   </div>
   <div class='ocr_carea' id='block_1_24' title="bbox 145 1061 945 1099">
    <p class='ocr_par' dir='ltr' id='par_1_24' title="bbox 145 1061 945 1099">
     <span class='ocr_line' id='line_1_24' title="bbox 145 1061 945 1099; baseline 0.005 -12"><span class='ocrx_word' id='word_1_156' title='bbox 145 1061 177 1087; x_wconf 82' lang='grc' dir='ltr'>τὸ</span> <span class='ocrx_word' id='word_1_157' title='bbox 190 1061 279 1095; x_wconf 76' lang='grc' dir='ltr'>ἆγιον,</span> <span class='ocrx_word' id='word_1_158' title='bbox 296 1062 333 1093; x_wconf 83' lang='grc' dir='ltr'>ὡς</span> <span class='ocrx_word' id='word_1_159' title='bbox 346 1062 378 1088; x_wconf 82' lang='grc' dir='ltr'>ὲκ</span> <span class='ocrx_word' id='word_1_160' title='bbox 388 1061 438 1095; x_wconf 87' lang='grc' dir='ltr'>τῆς</span> <span class='ocrx_word' id='word_1_161' title='bbox 454 1061 541 1096; x_wconf 85' lang='grc' dir='ltr'>αὐτῆς</span> <span class='ocrx_word' id='word_1_162' title='bbox 555 1062 645 1094; x_wconf 75' lang='grc' dir='ltr'>αἰτίας</span> <span class='ocrx_word' id='word_1_163' title='bbox 656 1063 854 1099; x_wconf 82' lang='grc' dir='ltr'>ύπερανάρχως</span> <span class='ocrx_word' id='word_1_164' title='bbox 866 1064 945 1097; x_wconf 75' lang='grc' dir='ltr'>ἐξαλ-</span> 
     </span>
    </p>
   </div>
   <div class='ocr_carea' id='block_1_25' title="bbox 145 1106 945 1147">
    <p class='ocr_par' dir='ltr' id='par_1_25' title="bbox 145 1106 945 1147">
     <span class='ocr_line' id='line_1_25' title="bbox 145 1106 945 1147; baseline 0.006 -15"><span class='ocrx_word' id='word_1_165' title='bbox 145 1106 270 1142; x_wconf 80' lang='grc' dir='ltr'>λόμενον.</span> <span class='ocrx_word' id='word_1_166' title='bbox 288 1106 434 1142; x_wconf 85' lang='grc' dir='ltr'>Παραινῶν</span> <span class='ocrx_word' id='word_1_167' title='bbox 445 1106 473 1133; x_wconf 73' lang='grc' dir='ltr'><strong>δὲ</strong></span> <span class='ocrx_word' id='word_1_168' title='bbox 490 1108 537 1134; x_wconf 72' lang='grc' dir='ltr'><strong>καὶ</strong></span> <span class='ocrx_word' id='word_1_169' title='bbox 553 1108 784 1144; x_wconf 86' lang='grc' dir='ltr'>παρεγγυώμενος</span> <span class='ocrx_word' id='word_1_170' title='bbox 801 1110 848 1147; x_wconf 84' lang='grc' dir='ltr'><strong>ὅλῃ</strong></span> <span class='ocrx_word' id='word_1_171' title='bbox 864 1109 945 1137; x_wconf 88' lang='grc' dir='ltr'>δυνά-</span> 
     </span>
    </p>
   </div>
   <div class='ocr_carea' id='block_1_26' title="bbox 146 1152 943 1193">
    <p class='ocr_par' dir='ltr' id='par_1_26' title="bbox 146 1152 943 1193">
     <span class='ocr_line' id='line_1_26' title="bbox 146 1152 943 1193; baseline 0.008 -15"><span class='ocrx_word' id='word_1_172' title='bbox 146 1161 192 1187; x_wconf 84' lang='grc' dir='ltr'><strong>μει</strong></span> <span class='ocrx_word' id='word_1_173' title='bbox 208 1153 255 1179; x_wconf 70' lang='grc' dir='ltr'>καὶ</span> <span class='ocrx_word' id='word_1_174' title='bbox 268 1152 316 1180; x_wconf 84' lang='grc' dir='ltr'>τοῦ</span> <span class='ocrx_word' id='word_1_175' title='bbox 332 1153 391 1185; x_wconf 79' lang='grc' dir='ltr'>ἐνδς</span> <span class='ocrx_word' id='word_1_176' title='bbox 407 1153 457 1188; x_wconf 76' lang='grc' dir='ltr'>τῆς</span> <span class='ocrx_word' id='word_1_177' title='bbox 479 1154 642 1189; x_wconf 83' lang='grc' dir='ltr'>ὑπερουσίου</span> <span class='ocrx_word' id='word_1_178' title='bbox 662 1155 764 1190; x_wconf 84' lang='grc' dir='ltr'>ταύτης</span> <span class='ocrx_word' id='word_1_179' title='bbox 780 1156 828 1183; x_wconf 77' lang='grc' dir='ltr'>καὶ</span> <span class='ocrx_word' id='word_1_180' title='bbox 843 1165 943 1193; x_wconf 88' lang='grc' dir='ltr'>μοναρ-</span> 
     </span>
    </p>
   </div>
   <div class='ocr_carea' id='block_1_27' title="bbox 144 1199 942 1236">
    <p class='ocr_par' dir='ltr' id='par_1_27' title="bbox 144 1199 942 1236">
     <span class='ocr_line' id='line_1_27' title="bbox 144 1199 942 1236; baseline 0.005 -12"><span class='ocrx_word' id='word_1_181' title='bbox 144 1199 226 1233; x_wconf 77' lang='grc' dir='ltr'>χικῆς</span> <span class='ocrx_word' id='word_1_182' title='bbox 246 1199 362 1234; x_wconf 69' lang='grc' dir='ltr'>Τριάδος</span> <span class='ocrx_word' id='word_1_183' title='bbox 377 1199 428 1233; x_wconf 77' lang='grc' dir='ltr'>τὴν</span> <span class='ocrx_word' id='word_1_184' title='bbox 440 1199 632 1235; x_wconf 79' lang='grc' dir='ltr'>φιλάνθρωπον</span> <span class='ocrx_word' id='word_1_185' title='bbox 648 1201 764 1228; x_wconf 77' lang='grc' dir='ltr'>κένωσιν</span> <span class='ocrx_word' id='word_1_186' title='bbox 780 1202 942 1236; x_wconf 73' lang='grc' dir='ltr'>ἐπιγνῶναι,</span> 
     </span>
    </p>
   </div>
   <div class='ocr_carea' id='block_1_28' title="bbox 144 1243 943 1282">
    <p class='ocr_par' dir='ltr' id='par_1_28' title="bbox 144 1243 943 1282">
     <span class='ocr_line' id='line_1_28' title="bbox 144 1243 943 1282; baseline 0.005 -12"><span class='ocrx_word' id='word_1_187' title='bbox 144 1244 193 1270; x_wconf 73' lang='grc' dir='ltr'>καὶ</span> <span class='ocrx_word' id='word_1_188' title='bbox 210 1243 258 1270; x_wconf 78' lang='grc' dir='ltr'>τοῦ</span> <span class='ocrx_word' id='word_1_189' title='bbox 276 1243 346 1271; x_wconf 83' lang='grc' dir='ltr'>Θεοῦ</span> <span class='ocrx_word' id='word_1_190' title='bbox 360 1244 448 1279; x_wconf 80' lang='grc' dir='ltr'>Λόγου</span> <span class='ocrx_word' id='word_1_191' title='bbox 477 1245 527 1280; x_wconf 77' lang='grc' dir='ltr'>τὴν</span> <span class='ocrx_word' id='word_1_192' title='bbox 559 1246 698 1280; x_wconf 78' lang='grc' dir='ltr'>σάρκωσιν</span> <span class='ocrx_word' id='word_1_193' title='bbox 728 1246 766 1282; x_wconf 80' lang='grc' dir='ltr'>μὴ</span> <span class='ocrx_word' id='word_1_194' title='bbox 794 1247 943 1275; x_wconf 79' lang='grc' dir='ltr'>ἀπαναίνε-</span> 
     </span>
    </p>
   </div>
   <div class='ocr_carea' id='block_1_29' title="bbox 146 1289 942 1328">
    <p class='ocr_par' dir='ltr' id='par_1_29' title="bbox 146 1289 942 1328">
     <span class='ocr_line' id='line_1_29' title="bbox 146 1289 942 1328; baseline 0.006 -13"><span class='ocrx_word' id='word_1_195' title='bbox 146 1289 220 1316; x_wconf 74' lang='grc' dir='ltr'>σῡαιο</span> <span class='ocrx_word' id='word_1_196' title='bbox 234 1289 304 1316; x_wconf 76' lang='grc' dir='ltr'>ἀλλὰ</span> <span class='ocrx_word' id='word_1_197' title='bbox 327 1290 373 1316; x_wconf 77' lang='grc' dir='ltr'>καὶ</span> <span class='ocrx_word' id='word_1_198' title='bbox 401 1290 452 1326; x_wconf 77' lang='grc' dir='ltr'>τὴν</span> <span class='ocrx_word' id='word_1_199' title='bbox 477 1290 506 1324; x_wconf 74' lang='grc' dir='ltr'><strong>ἐξ</strong></span> <span class='ocrx_word' id='word_1_200' title='bbox 533 1291 619 1326; x_wconf 81' lang='grc' dir='ltr'>ἁγνῆς</span> <span class='ocrx_word' id='word_1_201' title='bbox 634 1293 721 1326; x_wconf 80' lang='grc' dir='ltr'>κόρης</span> <span class='ocrx_word' id='word_1_202' title='bbox 737 1292 876 1328; x_wconf 79' lang='grc' dir='ltr'>γέννησιν,</span> <span class='ocrx_word' id='word_1_203' title='bbox 895 1293 942 1320; x_wconf 86' lang='grc' dir='ltr'>καὶ</span> 
     </span>
    </p>
   </div>
   <div class='ocr_carea' id='block_1_30' title="bbox 143 1334 942 1374">
    <p class='ocr_par' dir='ltr' id='par_1_30' title="bbox 143 1334 942 1374">
     <span class='ocr_line' id='line_1_30' title="bbox 143 1334 942 1374; baseline 0.004 -13"><span class='ocrx_word' id='word_1_204' title='bbox 143 1334 193 1370; x_wconf 82' lang='grc' dir='ltr'>τὴν</span> <span class='ocrx_word' id='word_1_205' title='bbox 207 1334 253 1362; x_wconf 73' lang='grc' dir='ltr'><strong>διὰ</strong></span> <span class='ocrx_word' id='word_1_206' title='bbox 268 1334 316 1361; x_wconf 83' lang='grc' dir='ltr'><strong>τοῦ</strong></span> <span class='ocrx_word' id='word_1_207' title='bbox 339 1334 462 1362; x_wconf 83' lang='grc' dir='ltr'>Ἰωάννου</span> <span class='ocrx_word' id='word_1_208' title='bbox 476 1335 617 1370; x_wconf 79' lang='grc' dir='ltr'>βάπτισιν,</span> <span class='ocrx_word' id='word_1_209' title='bbox 633 1337 679 1363; x_wconf 78' lang='grc' dir='ltr'>καὶ</span> <span class='ocrx_word' id='word_1_210' title='bbox 692 1336 742 1373; x_wconf 82' lang='grc' dir='ltr'>τὴν</span> <span class='ocrx_word' id='word_1_211' title='bbox 758 1337 942 1374; x_wconf 81' lang='grc' dir='ltr'>εὑαγγελικὴν</span> 
     </span>
    </p>
   </div>
   <div class='ocr_carea' id='block_1_31' title="bbox 142 1380 941 1418">
    <p class='ocr_par' dir='ltr' id='par_1_31' title="bbox 142 1380 941 1418">
     <span class='ocr_line' id='line_1_31' title="bbox 142 1380 941 1418; baseline 0.006 -12"><span class='ocrx_word' id='word_1_212' title='bbox 142 1380 255 1415; x_wconf 72' lang='grc' dir='ltr'>διδαχὴν</span> <span class='ocrx_word' id='word_1_213' title='bbox 281 1381 390 1412; x_wconf 78' lang='grc' dir='ltr'>πᾶσαν,</span> <span class='ocrx_word' id='word_1_214' title='bbox 413 1380 452 1412; x_wconf 77' lang='grc' dir='ltr'>ὡς</span> <span class='ocrx_word' id='word_1_215' title='bbox 471 1381 606 1416; x_wconf 88' lang='grc' dir='ltr'>σωτήριον</span> <span class='ocrx_word' id='word_1_216' title='bbox 634 1382 740 1414; x_wconf 84' lang='grc' dir='ltr'>πάντας</span> <span class='ocrx_word' id='word_1_217' title='bbox 760 1383 941 1418; x_wconf 77' lang='grc' dir='ltr'>ἀποδέχεσθαι</span> 
     </span>
    </p>
   </div>
   <div class='ocr_carea' id='block_1_32' title="bbox 142 1426 940 1464">
    <p class='ocr_par' dir='ltr' id='par_1_32' title="bbox 142 1426 940 1464">
     <span class='ocr_line' id='line_1_32' title="bbox 142 1426 940 1464; baseline 0.005 -12"><span class='ocrx_word' id='word_1_218' title='bbox 142 1427 226 1462; x_wconf 82' lang='grc' dir='ltr'>νόμον</span> <span class='ocrx_word' id='word_1_219' title='bbox 250 1427 300 1453; x_wconf 76' lang='grc' dir='ltr'><strong>καὶ</strong></span> <span class='ocrx_word' id='word_1_220' title='bbox 328 1426 459 1462; x_wconf 78' lang='grc' dir='ltr'>ἀληθείας</span> <span class='ocrx_word' id='word_1_221' title='bbox 477 1426 605 1462; x_wconf 77' lang='grc' dir='ltr'>δόγματα</span> <span class='ocrx_word' id='word_1_222' title='bbox 627 1429 790 1464; x_wconf 82' lang='grc' dir='ltr'>παρεκάλει·</span> <span class='ocrx_word' id='word_1_223' title='bbox 817 1430 884 1464; x_wconf 75' lang='grc' dir='ltr'>πρὸς</span> <span class='ocrx_word' id='word_1_224' title='bbox 900 1430 940 1462; x_wconf 80' lang='grc' dir='ltr'><strong>δὲ,</strong></span> 
     </span>
    </p>
   </div>
   <div class='ocr_carea' id='block_1_33' title="bbox 142 1472 939 1508">
    <p class='ocr_par' dir='ltr' id='par_1_33' title="bbox 142 1472 939 1508">
     <span class='ocr_line' id='line_1_33' title="bbox 142 1472 939 1508; baseline 0.006 -10"><span class='ocrx_word' id='word_1_225' title='bbox 142 1473 192 1499; x_wconf 71' lang='grc' dir='ltr'>καὶ</span> <span class='ocrx_word' id='word_1_226' title='bbox 217 1472 268 1507; x_wconf 80' lang='grc' dir='ltr'>τὴν</span> <span class='ocrx_word' id='word_1_227' title='bbox 300 1472 369 1507; x_wconf 79' lang='grc' dir='ltr'>ὑπὲρ</span> <span class='ocrx_word' id='word_1_228' title='bbox 392 1472 472 1508; x_wconf 79' lang='grc' dir='ltr'>ἡμῶν</span> <span class='ocrx_word' id='word_1_229' title='bbox 502 1473 665 1508; x_wconf 86' lang='grc' dir='ltr'>σταύρωσιν,</span> <span class='ocrx_word' id='word_1_230' title='bbox 682 1475 794 1502; x_wconf 74' lang='grc' dir='ltr'>καὶτὸν</span> <span class='ocrx_word' id='word_1_231' title='bbox 811 1475 939 1507; x_wconf 81' lang='grc' dir='ltr'>θάνατον,</span> 
     </span>
    </p>
   </div>
   <div class='ocr_carea' id='block_1_34' title="bbox 143 1518 940 1556">
    <p class='ocr_par' dir='ltr' id='par_1_34' title="bbox 143 1518 940 1556">
     <span class='ocr_line' id='line_1_34' title="bbox 143 1518 940 1556; baseline 0.006 -13"><span class='ocrx_word' id='word_1_232' title='bbox 143 1518 191 1544; x_wconf 74' lang='grc' dir='ltr'>καὶ</span> <span class='ocrx_word' id='word_1_233' title='bbox 212 1518 263 1553; x_wconf 83' lang='grc' dir='ltr'>τὴν</span> <span class='ocrx_word' id='word_1_234' title='bbox 283 1518 397 1553; x_wconf 79' lang='grc' dir='ltr'>λόγχην,</span> <span class='ocrx_word' id='word_1_235' title='bbox 419 1519 466 1545; x_wconf 72' lang='grc' dir='ltr'>καὶ</span> <span class='ocrx_word' id='word_1_236' title='bbox 489 1518 537 1554; x_wconf 80' lang='grc' dir='ltr'><strong>τὴν</strong></span> <span class='ocrx_word' id='word_1_237' title='bbox 556 1519 646 1555; x_wconf 74' lang='grc' dir='ltr'>ταφὴν</span> <span class='ocrx_word' id='word_1_238' title='bbox 668 1520 706 1555; x_wconf 82' lang='grc' dir='ltr'>μὴ</span> <span class='ocrx_word' id='word_1_239' title='bbox 727 1522 940 1556; x_wconf 78' lang='grc' dir='ltr'>ἐπαισχύνεσθαι</span> 
     </span>
    </p>
   </div>
   <div class='ocr_carea' id='block_1_35' title="bbox 141 1563 937 1603">
    <p class='ocr_par' dir='ltr' id='par_1_35' title="bbox 141 1563 937 1603">
     <span class='ocr_line' id='line_1_35' title="bbox 141 1563 937 1603; baseline 0.006 -13"><span class='ocrx_word' id='word_1_240' title='bbox 141 1563 181 1596; x_wconf 81' lang='grc' dir='ltr'><strong>ὡς</strong></span> <span class='ocrx_word' id='word_1_241' title='bbox 195 1564 300 1599; x_wconf 83' lang='grc' dir='ltr'>ἀσθενῆ</span> <span class='ocrx_word' id='word_1_242' title='bbox 315 1564 363 1591; x_wconf 77' lang='grc' dir='ltr'>καὶ</span> <span class='ocrx_word' id='word_1_243' title='bbox 381 1564 564 1591; x_wconf 69' lang='grc' dir='ltr'>ἐπονείδιστα·</span> <span class='ocrx_word' id='word_1_244' title='bbox 579 1565 646 1592; x_wconf 81' lang='grc' dir='ltr'>ἀλλὰ</span> <span class='ocrx_word' id='word_1_245' title='bbox 663 1566 712 1602; x_wconf 85' lang='grc' dir='ltr'>τὴν</span> <span class='ocrx_word' id='word_1_246' title='bbox 724 1566 754 1599; x_wconf 78' lang='grc' dir='ltr'><strong>ἐξ</strong></span> <span class='ocrx_word' id='word_1_247' title='bbox 776 1567 841 1602; x_wconf 81' lang='grc' dir='ltr'>ᾷδου</span> <span class='ocrx_word' id='word_1_248' title='bbox 867 1577 911 1603; x_wconf 85' lang='grc' dir='ltr'><strong>τρι</strong></span> <span class='ocrx_word' id='word_1_249' title='bbox 924 1582 937 1587; x_wconf 95' lang='grc'><strong>-</strong></span> 
     </span>
    </p>
   </div>
   <div class='ocr_carea' id='block_1_36' title="bbox 142 1610 939 1646">
    <p class='ocr_par' dir='ltr' id='par_1_36' title="bbox 142 1610 939 1646">
     <span class='ocr_line' id='line_1_36' title="bbox 142 1610 939 1646; baseline 0.006 -10"><span class='ocrx_word' id='word_1_250' title='bbox 142 1610 247 1645; x_wconf 75' lang='grc' dir='ltr'>ἡμερον</span> <span class='ocrx_word' id='word_1_251' title='bbox 255 1610 316 1646; x_wconf 81' lang='grc' dir='ltr'>μετ’</span> <span class='ocrx_word' id='word_1_252' title='bbox 325 1610 450 1643; x_wconf 77' lang='grc' dir='ltr'>ἐξουσίας</span> <span class='ocrx_word' id='word_1_253' title='bbox 458 1611 579 1646; x_wconf 71' lang='grc' dir='ltr'>ἔγερσιν,</span> <span class='ocrx_word' id='word_1_254' title='bbox 589 1612 636 1638; x_wconf 75' lang='grc' dir='ltr'>καὶ</span> <span class='ocrx_word' id='word_1_255' title='bbox 645 1612 694 1645; x_wconf 83' lang='grc' dir='ltr'>τὴν</span> <span class='ocrx_word' id='word_1_256' title='bbox 707 1614 939 1646; x_wconf 76' lang='grc' dir='ltr'>συνεξανάστασιν</span> 
     </span>
    </p>
   </div>
   <div class='ocr_carea' id='block_1_37' title="bbox 142 1655 939 1695">
    <p class='ocr_par' dir='ltr' id='par_1_37' title="bbox 142 1655 939 1695">
     <span class='ocr_line' id='line_1_37' title="bbox 142 1655 939 1695; baseline 0.006 -13"><span class='ocrx_word' id='word_1_257' title='bbox 142 1655 198 1682; x_wconf 84' lang='grc' dir='ltr'><strong>τῶν</strong></span> <span class='ocrx_word' id='word_1_258' title='bbox 211 1656 329 1692; x_wconf 75' lang='grc' dir='ltr'>νεκρῶν,</span> <span class='ocrx_word' id='word_1_259' title='bbox 348 1657 395 1683; x_wconf 75' lang='grc' dir='ltr'>καὶ</span> <span class='ocrx_word' id='word_1_260' title='bbox 409 1657 458 1692; x_wconf 84' lang='grc' dir='ltr'>τὴν</span> <span class='ocrx_word' id='word_1_261' title='bbox 474 1658 514 1689; x_wconf 76' lang='grc' dir='ltr'>εἰς</span> <span class='ocrx_word' id='word_1_262' title='bbox 529 1658 646 1693; x_wconf 78' lang='grc' dir='ltr'>οὐρανὸν</span> <span class='ocrx_word' id='word_1_263' title='bbox 657 1659 755 1686; x_wconf 74' lang='grc' dir='ltr'>ἄνοδον</span> <span class='ocrx_word' id='word_1_264' title='bbox 765 1659 939 1695; x_wconf 78' lang='grc' dir='ltr'>θεωροῦντας</span> 
     </span>
    </p>
   </div>
   <div class='ocr_carea' id='block_1_38' title="bbox 143 1701 938 1738">
    <p class='ocr_par' dir='ltr' id='par_1_38' title="bbox 143 1701 938 1738">
     <span class='ocr_line' id='line_1_38' title="bbox 143 1701 938 1738; baseline 0.006 -11"><span class='ocrx_word' id='word_1_265' title='bbox 143 1703 189 1728; x_wconf 74' lang='grc' dir='ltr'>καὶ</span> <span class='ocrx_word' id='word_1_266' title='bbox 205 1701 394 1735; x_wconf 68' lang='grc' dir='ltr'>πιστεύοντας,</span> <span class='ocrx_word' id='word_1_267' title='bbox 409 1702 652 1738; x_wconf 73' lang='grc' dir='ltr'>ὲλλαμπρύνεσθαι</span> <span class='ocrx_word' id='word_1_268' title='bbox 671 1704 774 1738; x_wconf 84' lang='grc' dir='ltr'>μᾶλλον</span> <span class='ocrx_word' id='word_1_269' title='bbox 790 1705 836 1731; x_wconf 78' lang='grc' dir='ltr'>καὶ</span> <span class='ocrx_word' id='word_1_270' title='bbox 858 1705 938 1738; x_wconf 74' lang='grc' dir='ltr'><strong>δοξά‹</strong></span> 
     </span>
    </p>
   </div>
   <div class='ocr_carea' id='block_1_39' title="bbox 143 1748 939 1786">
    <p class='ocr_par' dir='ltr' id='par_1_39' title="bbox 143 1748 939 1786">
     <span class='ocr_line' id='line_1_39' title="bbox 143 1748 939 1786; baseline 0.005 -12"><span class='ocrx_word' id='word_1_271' title='bbox 143 1748 259 1781; x_wconf 80' lang='grc' dir='ltr'>ζεσοαι,</span> <span class='ocrx_word' id='word_1_272' title='bbox 279 1749 360 1784; x_wconf 71' lang='grc' dir='ltr'>εἴπερ</span> <span class='ocrx_word' id='word_1_273' title='bbox 389 1748 457 1775; x_wconf 84' lang='grc' dir='ltr'>Θεοῦ</span> <span class='ocrx_word' id='word_1_274' title='bbox 478 1749 622 1784; x_wconf 80' lang='grc' dir='ltr'>δυνάμεως</span> <span class='ocrx_word' id='word_1_275' title='bbox 645 1749 733 1776; x_wconf 81' lang='grc' dir='ltr'>ταῦτα</span> <span class='ocrx_word' id='word_1_276' title='bbox 759 1751 939 1786; x_wconf 81' lang='grc' dir='ltr'>γνωρίσματα</span> 
     </span>
    </p>
   </div>
   <div class='ocr_carea' id='block_1_40' title="bbox 144 1794 939 1831">
    <p class='ocr_par' dir='ltr' id='par_1_40' title="bbox 144 1794 939 1831">
     <span class='ocr_line' id='line_1_40' title="bbox 144 1794 939 1831; baseline 0.005 -11"><span class='ocrx_word' id='word_1_277' title='bbox 144 1794 230 1829; x_wconf 70' lang='grc' dir='ltr'>σαφῆ·</span> <span class='ocrx_word' id='word_1_278' title='bbox 247 1795 403 1830; x_wconf 81' lang='grc' dir='ltr'>προσδοκᾷν</span> <span class='ocrx_word' id='word_1_279' title='bbox 417 1794 446 1822; x_wconf 79' lang='grc' dir='ltr'><strong>δὲ</strong></span> <span class='ocrx_word' id='word_1_280' title='bbox 461 1795 508 1822; x_wconf 83' lang='grc' dir='ltr'><strong>καὶ</strong></span> <span class='ocrx_word' id='word_1_281' title='bbox 525 1795 574 1831; x_wconf 81' lang='grc' dir='ltr'>τὴν</span> <span class='ocrx_word' id='word_1_282' title='bbox 590 1794 620 1827; x_wconf 76' lang='grc' dir='ltr'><strong>ἐξ</strong></span> <span class='ocrx_word' id='word_1_283' title='bbox 633 1795 749 1830; x_wconf 82' lang='grc' dir='ltr'>ούρανοῦ</span> <span class='ocrx_word' id='word_1_284' title='bbox 775 1797 857 1824; x_wconf 83' lang='grc' dir='ltr'>πάλιν</span> <span class='ocrx_word' id='word_1_285' title='bbox 877 1797 939 1824; x_wconf 86' lang='grc' dir='ltr'>δευ-</span> 
     </span>
    </p>
   </div>
   <div class='ocr_carea' id='block_1_41' title="bbox 143 1839 939 1876">
    <p class='ocr_par' dir='ltr' id='par_1_41' title="bbox 143 1839 939 1876">
     <span class='ocr_line' id='line_1_41' title="bbox 143 1839 939 1876; baseline 0.004 -9"><span class='ocrx_word' id='word_1_286' title='bbox 143 1839 227 1875; x_wconf 79' lang='grc' dir='ltr'>τέραν</span> <span class='ocrx_word' id='word_1_287' title='bbox 250 1841 322 1875; x_wconf 72' lang='grc' dir='ltr'>μετὰ</span> <span class='ocrx_word' id='word_1_288' title='bbox 333 1840 412 1874; x_wconf 71' lang='grc' dir='ltr'>δόξης</span> <span class='ocrx_word' id='word_1_289' title='bbox 427 1841 598 1876; x_wconf 70' lang='grc' dir='ltr'>ἐπιφάνειαν,</span> <span class='ocrx_word' id='word_1_290' title='bbox 612 1841 661 1868; x_wconf 74' lang='grc' dir='ltr'><strong>καὶ</strong></span> <span class='ocrx_word' id='word_1_291' title='bbox 678 1843 778 1874; x_wconf 73' lang='grc' dir='ltr'>παντὸς</span> <span class='ocrx_word' id='word_1_292' title='bbox 801 1843 876 1870; x_wconf 82' lang='grc' dir='ltr'>τοῦδε</span> <span class='ocrx_word' id='word_1_293' title='bbox 892 1844 939 1871; x_wconf 80' lang='grc' dir='ltr'>τοῦ</span> 
     </span>
    </p>
   </div>
   <div class='ocr_carea' id='block_1_42' title="bbox 143 1887 939 1925">
    <p class='ocr_par' dir='ltr' id='par_1_42' title="bbox 143 1887 939 1925">
     <span class='ocr_line' id='line_1_42' title="bbox 143 1887 939 1925; baseline 0.006 -13"><span class='ocrx_word' id='word_1_294' title='bbox 143 1887 248 1920; x_wconf 82' lang='grc' dir='ltr'>κόσμου</span> <span class='ocrx_word' id='word_1_295' title='bbox 267 1887 317 1922; x_wconf 84' lang='grc' dir='ltr'>τὴν</span> <span class='ocrx_word' id='word_1_296' title='bbox 338 1888 384 1913; x_wconf 74' lang='grc' dir='ltr'><strong>ἐπὶ</strong></span> <span class='ocrx_word' id='word_1_297' title='bbox 418 1887 448 1914; x_wconf 76' lang='grc' dir='ltr'>τδ</span> <span class='ocrx_word' id='word_1_298' title='bbox 471 1889 595 1923; x_wconf 74' lang='grc' dir='ltr'>κρεῖττον</span> <span class='ocrx_word' id='word_1_299' title='bbox 619 1888 764 1916; x_wconf 82' lang='grc' dir='ltr'>ἀλλοίωσιν</span> <span class='ocrx_word' id='word_1_300' title='bbox 788 1890 837 1916; x_wconf 70' lang='grc' dir='ltr'>καὶ</span> <span class='ocrx_word' id='word_1_301' title='bbox 855 1898 939 1925; x_wconf 87' lang='grc' dir='ltr'>μετα-</span> 
     </span>
    </p>
   </div>
   <div class='ocr_carea' id='block_1_43' title="bbox 143 1931 940 1967">
    <p class='ocr_par' dir='ltr' id='par_1_43' title="bbox 143 1931 940 1967">
     <span class='ocr_line' id='line_1_43' title="bbox 143 1931 940 1967; baseline 0.006 -11"><span class='ocrx_word' id='word_1_302' title='bbox 143 1931 265 1966; x_wconf 79' lang='grc' dir='ltr'>ποίησιν,</span> <span class='ocrx_word' id='word_1_303' title='bbox 292 1932 340 1957; x_wconf 77' lang='grc' dir='ltr'>καὶ</span> <span class='ocrx_word' id='word_1_304' title='bbox 364 1931 418 1958; x_wconf 74' lang='grc' dir='ltr'><strong>¹τῶν</strong></span> <span class='ocrx_word' id='word_1_305' title='bbox 440 1932 547 1967; x_wconf 89' lang='grc' dir='ltr'>νεκρῶν</span> <span class='ocrx_word' id='word_1_306' title='bbox 561 1933 611 1967; x_wconf 82' lang='grc' dir='ltr'>τὴν</span> <span class='ocrx_word' id='word_1_307' title='bbox 633 1933 794 1966; x_wconf 75' lang='grc' dir='ltr'>ἀνάστασιν,</span> <span class='ocrx_word' id='word_1_308' title='bbox 813 1935 860 1961; x_wconf 63' lang='grc' dir='ltr'>καὶ</span> <span class='ocrx_word' id='word_1_309' title='bbox 885 1934 940 1961; x_wconf 84' lang='grc' dir='ltr'><strong>τῶν</strong></span> 
     </span>
    </p>
   </div>
   <div class='ocr_carea' id='block_1_44' title="bbox 142 1974 938 2013">
    <p class='ocr_par' dir='ltr' id='par_1_44' title="bbox 142 1974 938 2013">
     <span class='ocr_line' id='line_1_44' title="bbox 142 1974 938 2013; baseline 0.006 -13"><span class='ocrx_word' id='word_1_310' title='bbox 142 1974 256 2001; x_wconf 82' lang='grc' dir='ltr'>δικαίων</span> <span class='ocrx_word' id='word_1_311' title='bbox 277 1975 328 2010; x_wconf 78' lang='grc' dir='ltr'>τὴν</span> <span class='ocrx_word' id='word_1_312' title='bbox 352 1975 470 2008; x_wconf 80' lang='grc' dir='ltr'>ζώωσιν,</span> <span class='ocrx_word' id='word_1_313' title='bbox 489 1976 537 2002; x_wconf 83' lang='grc' dir='ltr'>καὶ</span> <span class='ocrx_word' id='word_1_314' title='bbox 556 1975 610 2002; x_wconf 87' lang='grc' dir='ltr'><strong>τῶν</strong></span> <span class='ocrx_word' id='word_1_315' title='bbox 625 1977 799 2012; x_wconf 76' lang='grc' dir='ltr'>ἁμαρτωλῶν</span> <span class='ocrx_word' id='word_1_316' title='bbox 815 1977 865 2013; x_wconf 78' lang='grc' dir='ltr'>τὴν</span> <span class='ocrx_word' id='word_1_317' title='bbox 888 1987 938 2005; x_wconf 91' lang='grc' dir='ltr'>κα-</span> 
     </span>
    </p>
   </div>
   <div class='ocr_carea' id='block_1_45' title="bbox 141 2027 281 2055">
    <p class='ocr_par' dir='ltr' id='par_1_45' title="bbox 141 2027 281 2055">
     <span class='ocr_line' id='line_1_45' title="bbox 141 2027 281 2055; baseline 0.014 -10"><span class='ocrx_word' id='word_1_318' title='bbox 141 2027 281 2055; x_wconf 76' lang='grc' dir='ltr'>τακρισιν.</span> 
     </span>
    </p>
   </div>
   <div class='ocr_carea' id='block_1_46' title="bbox 998 237 1788 276">
    <p class='ocr_par' dir='ltr' id='par_1_46' title="bbox 998 237 1788 276">
     <span class='ocr_line' id='line_1_46' title="bbox 998 237 1788 276; baseline 0.004 -10"><span class='ocrx_word' id='word_1_319' title='bbox 998 237 1052 266; x_wconf 88' lang='lat' dir='ltr'><strong>lico</strong></span> <span class='ocrx_word' id='word_1_320' title='bbox 1063 239 1170 267; x_wconf 76' lang='lat' dir='ltr'><strong>scilicet</strong></span> <span class='ocrx_word' id='word_1_321' title='bbox 1185 243 1213 267; x_wconf 90' lang='lat' dir='ltr'><strong>et</strong></span> <span class='ocrx_word' id='word_1_322' title='bbox 1224 239 1396 268; x_wconf 87' lang='lat' dir='ltr'><strong>hierarehico</strong></span> <span class='ocrx_word' id='word_1_323' title='bbox 1405 247 1453 268; x_wconf 89' lang='lat' dir='ltr'><strong>seu</strong></span> <span class='ocrx_word' id='word_1_324' title='bbox 1466 240 1618 276; x_wconf 83' lang='lat' dir='ltr'><strong>pontiﬁcio)</strong></span> <span class='ocrx_word' id='word_1_325' title='bbox 1634 240 1770 276; x_wconf 79' lang='lat' dir='ltr'><strong>perfectus</strong></span> <span class='ocrx_word' id='word_1_326' title='bbox 1780 261 1788 275; x_wconf 91' lang='lat'><strong>,</strong></span> 
     </span>
    </p>
   </div>
   <div class='ocr_carea' id='block_1_47' title="bbox 997 285 1790 322">
    <p class='ocr_par' dir='ltr' id='par_1_47' title="bbox 997 285 1790 322">
     <span class='ocr_line' id='line_1_47' title="bbox 997 285 1790 322; baseline 0.003 -10"><span class='ocrx_word' id='word_1_327' title='bbox 997 285 1083 313; x_wconf 88' lang='lat' dir='ltr'><strong>altero</strong></span> <span class='ocrx_word' id='word_1_328' title='bbox 1098 285 1208 321; x_wconf 89' lang='lat' dir='ltr'><strong>quidem</strong></span> <span class='ocrx_word' id='word_1_329' title='bbox 1223 286 1264 313; x_wconf 90' lang='lat' dir='ltr'><strong>vir</strong></span> <span class='ocrx_word' id='word_1_330' title='bbox 1279 286 1456 314; x_wconf 89' lang='lat' dir='ltr'><strong>beatissimus</strong></span> <span class='ocrx_word' id='word_1_331' title='bbox 1466 295 1527 322; x_wconf 72' lang='lat' dir='ltr'><strong>erga</strong></span> <span class='ocrx_word' id='word_1_332' title='bbox 1545 295 1593 315; x_wconf 87' lang='lat' dir='ltr'><strong>eos</strong></span> <span class='ocrx_word' id='word_1_333' title='bbox 1607 287 1732 314; x_wconf 88' lang='lat' dir='ltr'><strong>utebatur</strong></span> <span class='ocrx_word' id='word_1_334' title='bbox 1742 287 1790 322; x_wconf 85' lang='lat' dir='ltr'><strong>qui</strong></span> 
     </span>
    </p>
   </div>
   <div class='ocr_carea' id='block_1_48' title="bbox 997 332 1788 369">
    <p class='ocr_par' dir='ltr' id='par_1_48' title="bbox 997 332 1788 369">
     <span class='ocr_line' id='line_1_48' title="bbox 997 332 1788 369; baseline 0.003 -11"><span class='ocrx_word' id='word_1_335' title='bbox 997 336 1122 358; x_wconf 79' lang='lat' dir='ltr'><strong>extranei</strong></span> <span class='ocrx_word' id='word_1_336' title='bbox 1136 340 1151 359; x_wconf 90' lang='lat' dir='ltr'><strong>a</strong></span> <span class='ocrx_word' id='word_1_337' title='bbox 1171 332 1223 359; x_wconf 86' lang='lat' dir='ltr'><strong>lide</strong></span> <span class='ocrx_word' id='word_1_338' title='bbox 1235 337 1332 364; x_wconf 88' lang='lat' dir='ltr'><strong>erant,</strong></span> <span class='ocrx_word' id='word_1_339' title='bbox 1352 333 1439 360; x_wconf 87' lang='lat' dir='ltr'><strong>altero</strong></span> <span class='ocrx_word' id='word_1_340' title='bbox 1451 334 1477 360; x_wconf 93' lang='lat' dir='ltr'><strong>in</strong></span> <span class='ocrx_word' id='word_1_341' title='bbox 1489 341 1547 366; x_wconf 85' lang='lat' dir='ltr'><strong>eos,</strong></span> <span class='ocrx_word' id='word_1_342' title='bbox 1559 333 1605 368; x_wconf 86' lang='lat' dir='ltr'><strong>qui</strong></span> <span class='ocrx_word' id='word_1_343' title='bbox 1620 334 1693 361; x_wconf 86' lang='lat' dir='ltr'><strong>illius</strong></span> <span class='ocrx_word' id='word_1_344' title='bbox 1706 341 1788 369; x_wconf 81' lang='lat' dir='ltr'><strong>opera</strong></span> 
     </span>
    </p>
   </div>
   <div class='ocr_carea' id='block_1_49' title="bbox 996 376 1787 414">
    <p class='ocr_par' dir='ltr' id='par_1_49' title="bbox 996 376 1787 414">
     <span class='ocr_line' id='line_1_49' title="bbox 996 376 1787 414; baseline 0.004 -11"><span class='ocrx_word' id='word_1_345' title='bbox 996 376 1030 403; x_wconf 90' lang='lat' dir='ltr'><strong>ad</strong></span> <span class='ocrx_word' id='word_1_346' title='bbox 1058 376 1138 404; x_wconf 80' lang='lat' dir='ltr'><strong>ﬁdem</strong></span> <span class='ocrx_word' id='word_1_347' title='bbox 1163 378 1367 410; x_wconf 84' lang='lat' dir='ltr'><strong>accessissent;</strong></span> <span class='ocrx_word' id='word_1_348' title='bbox 1395 385 1437 410; x_wconf 86' lang='lat' dir='ltr'><strong>ae,</strong></span> <span class='ocrx_word' id='word_1_349' title='bbox 1462 386 1510 413; x_wconf 88' lang='lat' dir='ltr'><strong>pro</strong></span> <span class='ocrx_word' id='word_1_350' title='bbox 1535 379 1650 414; x_wconf 78' lang='lat' dir='ltr'><strong>apostoli</strong></span> <span class='ocrx_word' id='word_1_351' title='bbox 1677 379 1787 412; x_wconf 88' lang='lat' dir='ltr'><strong>quidem</strong></span> 
     </span>
    </p>
   </div>
   <div class='ocr_carea' id='block_1_50' title="bbox 997 423 1785 458">
    <p class='ocr_par' dir='ltr' id='par_1_50' title="bbox 997 423 1785 458">
     <span class='ocr_line' id='line_1_50' title="bbox 997 423 1785 458; baseline 0.005 -9"><span class='ocrx_word' id='word_1_352' title='bbox 997 430 1122 456; x_wconf 88' lang='lat' dir='ltr'><strong>munere,</strong></span> <span class='ocrx_word' id='word_1_353' title='bbox 1144 423 1177 450; x_wconf 91' lang='lat' dir='ltr'><strong>ad</strong></span> <span class='ocrx_word' id='word_1_354' title='bbox 1191 431 1239 451; x_wconf 88' lang='lat' dir='ltr'><strong>eos</strong></span> <span class='ocrx_word' id='word_1_355' title='bbox 1254 424 1300 458; x_wconf 89' lang='lat' dir='ltr'><strong>qui</strong></span> <span class='ocrx_word' id='word_1_356' title='bbox 1315 423 1474 451; x_wconf 64' lang='lat' dir='ltr'><strong>Graecanico</strong></span> <span class='ocrx_word' id='word_1_357' title='bbox 1490 424 1579 452; x_wconf 89' lang='lat' dir='ltr'><strong>adhuc</strong></span> <span class='ocrx_word' id='word_1_358' title='bbox 1599 432 1693 452; x_wconf 86' lang='lat' dir='ltr'><strong>errore</strong></span> <span class='ocrx_word' id='word_1_359' title='bbox 1709 429 1785 453; x_wconf 90' lang='lat' dir='ltr'><strong>tene-</strong></span> 
     </span>
    </p>
   </div>
   <div class='ocr_carea' id='block_1_51' title="bbox 997 469 1789 506">
    <p class='ocr_par' dir='ltr' id='par_1_51' title="bbox 997 469 1789 506">
     <span class='ocr_line' id='line_1_51' title="bbox 997 469 1789 506; baseline 0.005 -12"><span class='ocrx_word' id='word_1_360' title='bbox 997 472 1094 495; x_wconf 88' lang='lat' dir='ltr'><strong>rentur</strong></span> <span class='ocrx_word' id='word_1_361' title='bbox 1113 469 1230 503; x_wconf 88' lang='lat' dir='ltr'><strong>loquens</strong></span> <span class='ocrx_word' id='word_1_362' title='bbox 1253 469 1351 502; x_wconf 82' lang='lat' dir='ltr'><strong>libere,</strong></span> <span class='ocrx_word' id='word_1_363' title='bbox 1370 469 1533 501; x_wconf 83' lang='lat' dir='ltr'><strong>obsecrans,</strong></span> <span class='ocrx_word' id='word_1_364' title='bbox 1560 471 1718 506; x_wconf 76' lang='lat' dir='ltr'><strong>increpans,</strong></span> <span class='ocrx_word' id='word_1_365' title='bbox 1742 479 1789 498; x_wconf 87' lang='lat' dir='ltr'><strong>ar-</strong></span> 
     </span>
    </p>
   </div>
   <div class='ocr_carea' id='block_1_52' title="bbox 996 514 1790 550">
    <p class='ocr_par' dir='ltr' id='par_1_52' title="bbox 996 514 1790 550">
     <span class='ocr_line' id='line_1_52' title="bbox 996 514 1790 550; baseline 0.004 -11"><span class='ocrx_word' id='word_1_366' title='bbox 996 521 1083 548; x_wconf 78' lang='lat' dir='ltr'><strong>guens</strong></span> <span class='ocrx_word' id='word_1_367' title='bbox 1096 514 1277 549; x_wconf 87' lang='lat' dir='ltr'><strong>impietatem,</strong></span> <span class='ocrx_word' id='word_1_368' title='bbox 1295 514 1497 549; x_wconf 72' lang='lat' dir='ltr'><strong>impudicitiam</strong></span> <span class='ocrx_word' id='word_1_369' title='bbox 1520 522 1666 548; x_wconf 78' lang='lat' dir='ltr'><strong>accusans,</strong></span> <span class='ocrx_word' id='word_1_370' title='bbox 1692 523 1790 550; x_wconf 84' lang='lat' dir='ltr'><strong>super-</strong></span> 
     </span>
    </p>
   </div>
   <div class='ocr_carea' id='block_1_53' title="bbox 997 559 1788 588">
    <p class='ocr_par' dir='ltr' id='par_1_53' title="bbox 997 559 1788 588">
     <span class='ocr_line' id='line_1_53' title="bbox 997 559 1788 588; baseline 0.001 -2"><span class='ocrx_word' id='word_1_371' title='bbox 997 559 1119 587; x_wconf 88' lang='lat' dir='ltr'><strong>stitionis</strong></span> <span class='ocrx_word' id='word_1_372' title='bbox 1131 560 1279 587; x_wconf 92' lang='lat' dir='ltr'><strong>vanitatem</strong></span> <span class='ocrx_word' id='word_1_373' title='bbox 1292 559 1451 588; x_wconf 83' lang='lat' dir='ltr'><strong>traducens.</strong></span> <span class='ocrx_word' id='word_1_374' title='bbox 1464 559 1608 586; x_wconf 90' lang='lat' dir='ltr'><strong>numinum</strong></span> <span class='ocrx_word' id='word_1_375' title='bbox 1620 560 1788 587; x_wconf 84' lang='lat' dir='ltr'><strong>debilitatem</strong></span> 
     </span>
    </p>
   </div>
   <div class='ocr_carea' id='block_1_54' title="bbox 996 606 1790 641">
    <p class='ocr_par' dir='ltr' id='par_1_54' title="bbox 996 606 1790 641">
     <span class='ocr_line' id='line_1_54' title="bbox 996 606 1790 641; baseline 0.001 -8"><span class='ocrx_word' id='word_1_376' title='bbox 996 606 1166 641; x_wconf 73' lang='lat' dir='ltr'><strong>suggillatis;</strong></span> <span class='ocrx_word' id='word_1_377' title='bbox 1188 606 1435 640; x_wconf 86' lang='lat' dir='ltr'><strong>universorumque</strong></span> <span class='ocrx_word' id='word_1_378' title='bbox 1453 606 1609 633; x_wconf 83' lang='lat' dir='ltr'><strong>Creatorem</strong></span> <span class='ocrx_word' id='word_1_379' title='bbox 1628 610 1655 633; x_wconf 90' lang='lat' dir='ltr'><strong>et</strong></span> <span class='ocrx_word' id='word_1_380' title='bbox 1677 614 1790 634; x_wconf 65' lang='lat' dir='ltr'><strong>consero</strong></span> 
     </span>
    </p>
   </div>
   <div class='ocr_carea' id='block_1_55' title="bbox 997 651 1788 679">
    <p class='ocr_par' dir='ltr' id='par_1_55' title="bbox 997 651 1788 679">
     <span class='ocr_line' id='line_1_55' title="bbox 997 651 1788 679; baseline 0.003 -2"><span class='ocrx_word' id='word_1_381' title='bbox 997 655 1118 679; x_wconf 85' lang='lat' dir='ltr'><strong>vatorem</strong></span> <span class='ocrx_word' id='word_1_382' title='bbox 1149 651 1236 678; x_wconf 82' lang='lat' dir='ltr'><strong>Deum</strong></span> <span class='ocrx_word' id='word_1_383' title='bbox 1264 656 1433 679; x_wconf 85' lang='lat' dir='ltr'><strong>contestans.</strong></span> <span class='ocrx_word' id='word_1_384' title='bbox 1464 652 1629 679; x_wconf 87' lang='lat' dir='ltr'><strong>Contestans</strong></span> <span class='ocrx_word' id='word_1_385' title='bbox 1658 652 1788 679; x_wconf 89' lang='lat' dir='ltr'><strong>nimirum</strong></span> 
     </span>
    </p>
   </div>
   <div class='ocr_carea' id='block_1_56' title="bbox 998 695 1788 732">
    <p class='ocr_par' dir='ltr' id='par_1_56' title="bbox 998 695 1788 732">
     <span class='ocr_line' id='line_1_56' title="bbox 998 695 1788 732; baseline 0.001 -9"><span class='ocrx_word' id='word_1_386' title='bbox 998 695 1053 723; x_wconf 85' lang='lat' dir='ltr'><strong>beo</strong></span> <span class='ocrx_word' id='word_1_387' title='bbox 1066 697 1126 724; x_wconf 84' lang='lat' dir='ltr'><strong>vivo</strong></span> <span class='ocrx_word' id='word_1_388' title='bbox 1145 705 1177 724; x_wconf 87' lang='lat' dir='ltr'><strong>ac</strong></span> <span class='ocrx_word' id='word_1_389' title='bbox 1189 705 1253 725; x_wconf 89' lang='lat' dir='ltr'><strong>vero</strong></span> <span class='ocrx_word' id='word_1_390' title='bbox 1268 698 1392 728; x_wconf 85' lang='lat' dir='ltr'><strong>credere,</strong></span> <span class='ocrx_word' id='word_1_391' title='bbox 1407 698 1524 732; x_wconf 82' lang='lat' dir='ltr'><strong>ejusque</strong></span> <span class='ocrx_word' id='word_1_392' title='bbox 1539 697 1640 730; x_wconf 81' lang='lat' dir='ltr'><strong>Verbo,</strong></span> <span class='ocrx_word' id='word_1_393' title='bbox 1665 697 1788 732; x_wconf 80' lang='lat' dir='ltr'><strong>ejusdem</strong></span> 
     </span>
    </p>
   </div>
   <div class='ocr_carea' id='block_1_57' title="bbox 997 742 1785 778">
    <p class='ocr_par' dir='ltr' id='par_1_57' title="bbox 997 742 1785 778">
     <span class='ocr_line' id='line_1_57' title="bbox 997 742 1785 778; baseline 0.001 -9"><span class='ocrx_word' id='word_1_394' title='bbox 997 742 1104 769; x_wconf 81' lang='lat' dir='ltr'><strong>scilicet</strong></span> <span class='ocrx_word' id='word_1_395' title='bbox 1120 751 1152 770; x_wconf 88' lang='lat' dir='ltr'><strong>ac</strong></span> <span class='ocrx_word' id='word_1_396' title='bbox 1169 743 1214 770; x_wconf 91' lang='lat' dir='ltr'><strong>ille</strong></span> <span class='ocrx_word' id='word_1_397' title='bbox 1230 747 1347 775; x_wconf 73' lang='lat' dir='ltr'><strong>naturae,</strong></span> <span class='ocrx_word' id='word_1_398' title='bbox 1363 751 1394 770; x_wconf 89' lang='lat' dir='ltr'><strong>ac</strong></span> <span class='ocrx_word' id='word_1_399' title='bbox 1411 748 1561 775; x_wconf 60' lang='lat' dir='ltr'><strong>coaeterni),</strong></span> <span class='ocrx_word' id='word_1_400' title='bbox 1578 749 1708 776; x_wconf 80' lang='lat' dir='ltr'><strong>tanquam</strong></span> <span class='ocrx_word' id='word_1_401' title='bbox 1726 743 1785 778; x_wconf 86' lang='lat' dir='ltr'><strong>pri-</strong></span> 
     </span>
    </p>
   </div>
   <div class='ocr_carea' id='block_1_58' title="bbox 997 790 1789 825">
    <p class='ocr_par' dir='ltr' id='par_1_58' title="bbox 997 790 1789 825">
     <span class='ocr_line' id='line_1_58' title="bbox 997 790 1789 825; baseline 0.003 -9"><span class='ocrx_word' id='word_1_402' title='bbox 997 790 1136 825; x_wconf 74' lang='lat' dir='ltr'><strong>tnogeuito</strong></span> <span class='ocrx_word' id='word_1_403' title='bbox 1159 790 1250 817; x_wconf 91' lang='lat' dir='ltr'><strong>omnis</strong></span> <span class='ocrx_word' id='word_1_404' title='bbox 1272 794 1408 818; x_wconf 73' lang='lat' dir='ltr'><strong>creaturae</strong></span> <span class='ocrx_word' id='word_1_405' title='bbox 1424 790 1460 820; x_wconf 62' lang='lat' dir='ltr'><strong>l‘,</strong></span> <span class='ocrx_word' id='word_1_406' title='bbox 1476 794 1503 817; x_wconf 90' lang='lat' dir='ltr'><strong>et</strong></span> <span class='ocrx_word' id='word_1_407' title='bbox 1522 790 1680 824; x_wconf 81' lang='lat' dir='ltr'><strong>Unigeuito.</strong></span> <span class='ocrx_word' id='word_1_408' title='bbox 1711 790 1789 818; x_wconf 86' lang='lat' dir='ltr'><strong>Scire</strong></span> 
     </span>
    </p>
   </div>
   <div class='ocr_carea' id='block_1_59' title="bbox 997 836 1788 871">
    <p class='ocr_par' dir='ltr' id='par_1_59' title="bbox 997 836 1788 871">
     <span class='ocr_line' id='line_1_59' title="bbox 997 836 1788 871; baseline 0.001 -8"><span class='ocrx_word' id='word_1_409' title='bbox 997 844 1063 863; x_wconf 79' lang='lat' dir='ltr'><strong>vero</strong></span> <span class='ocrx_word' id='word_1_410' title='bbox 1092 837 1173 863; x_wconf 87' lang='lat' dir='ltr'><strong>etiam</strong></span> <span class='ocrx_word' id='word_1_411' title='bbox 1204 836 1337 871; x_wconf 81' lang='lat' dir='ltr'><strong>Spiritum</strong></span> <span class='ocrx_word' id='word_1_412' title='bbox 1364 841 1500 868; x_wconf 86' lang='lat' dir='ltr'><strong>sanctum,</strong></span> <span class='ocrx_word' id='word_1_413' title='bbox 1529 841 1659 871; x_wconf 89' lang='lat' dir='ltr'><strong>tanquam</strong></span> <span class='ocrx_word' id='word_1_414' title='bbox 1680 837 1737 871; x_wconf 88' lang='lat' dir='ltr'><strong>pari</strong></span> <span class='ocrx_word' id='word_1_415' title='bbox 1756 844 1788 864; x_wconf 89' lang='lat' dir='ltr'><strong>ac</strong></span> 
     </span>
    </p>
   </div>
   <div class='ocr_carea' id='block_1_60' title="bbox 961 878 1789 916">
    <p class='ocr_par' dir='ltr' id='par_1_60' title="bbox 961 878 1789 916">
     <span class='ocr_line' id='line_1_60' title="bbox 961 878 1789 916; baseline 0.001 -9"><span class='ocrx_word' id='word_1_416' title='bbox 961 878 1034 908; x_wconf 86' lang='lat' dir='ltr'><strong>Billi</strong></span> <span class='ocrx_word' id='word_1_417' title='bbox 1064 883 1168 908; x_wconf 84' lang='lat' dir='ltr'><strong>honore</strong></span> <span class='ocrx_word' id='word_1_418' title='bbox 1195 885 1221 909; x_wconf 91' lang='lat' dir='ltr'><strong>et</strong></span> <span class='ocrx_word' id='word_1_419' title='bbox 1243 882 1394 916; x_wconf 81' lang='lat' dir='ltr'><strong>dignitate,</strong></span> <span class='ocrx_word' id='word_1_420' title='bbox 1426 882 1576 916; x_wconf 85' lang='lat' dir='ltr'><strong>eademque</strong></span> <span class='ocrx_word' id='word_1_421' title='bbox 1603 882 1667 910; x_wconf 82' lang='lat' dir='ltr'><strong>Sede</strong></span> <span class='ocrx_word' id='word_1_422' title='bbox 1699 881 1789 909; x_wconf 86' lang='lat' dir='ltr'><strong>subli-</strong></span> 
     </span>
    </p>
   </div>
   <div class='ocr_carea' id='block_1_61' title="bbox 997 928 1788 962">
    <p class='ocr_par' dir='ltr' id='par_1_61' title="bbox 997 928 1788 962">
     <span class='ocr_line' id='line_1_61' title="bbox 997 928 1788 962; baseline -0.003 -7"><span class='ocrx_word' id='word_1_423' title='bbox 997 935 1068 955; x_wconf 85' lang='lat' dir='ltr'><strong>mem</strong></span> <span class='ocrx_word' id='word_1_424' title='bbox 1094 936 1125 955; x_wconf 88' lang='lat' dir='ltr'><strong>ac</strong></span> <span class='ocrx_word' id='word_1_425' title='bbox 1141 928 1264 962; x_wconf 76' lang='lat' dir='ltr'><strong>ejusdem</strong></span> <span class='ocrx_word' id='word_1_426' title='bbox 1293 932 1408 955; x_wconf 60' lang='lat' dir='ltr'><strong>naturae.</strong></span> <span class='ocrx_word' id='word_1_427' title='bbox 1443 928 1548 955; x_wconf 89' lang='lat' dir='ltr'><strong>Docens</strong></span> <span class='ocrx_word' id='word_1_428' title='bbox 1566 928 1706 960; x_wconf 87' lang='lat' dir='ltr'><strong>nimirum,</strong></span> <span class='ocrx_word' id='word_1_429' title='bbox 1723 929 1788 954; x_wconf 85' lang='lat' dir='ltr'><strong>hur-</strong></span> 
     </span>
    </p>
   </div>
   <div class='ocr_carea' id='block_1_62' title="bbox 996 973 1788 1009">
    <p class='ocr_par' dir='ltr' id='par_1_62' title="bbox 996 973 1788 1009">
     <span class='ocr_line' id='line_1_62' title="bbox 996 973 1788 1009; baseline -0.001 -8"><span class='ocrx_word' id='word_1_430' title='bbox 996 980 1116 1009; x_wconf 89' lang='lat' dir='ltr'><strong>tansque</strong></span> <span class='ocrx_word' id='word_1_431' title='bbox 1133 981 1165 1001; x_wconf 82' lang='lat' dir='ltr'><strong>ac</strong></span> <span class='ocrx_word' id='word_1_432' title='bbox 1179 974 1341 1004; x_wconf 84' lang='lat' dir='ltr'><strong>obsecrans.</strong></span> <span class='ocrx_word' id='word_1_433' title='bbox 1358 973 1503 1001; x_wconf 85' lang='lat' dir='ltr'><strong>crederent</strong></span> <span class='ocrx_word' id='word_1_434' title='bbox 1519 980 1545 1001; x_wconf 78' lang='lat' dir='ltr'><strong>et</strong></span> <span class='ocrx_word' id='word_1_435' title='bbox 1560 977 1718 1006; x_wconf 64' lang='lat' dir='ltr'><strong>adorari-nt,</strong></span> <span class='ocrx_word' id='word_1_436' title='bbox 1736 973 1788 999; x_wconf 49' lang='lat' dir='ltr'><strong>Pa.</strong></span> 
     </span>
    </p>
   </div>
   <div class='ocr_carea' id='block_1_63' title="bbox 995 1020 1786 1055">
    <p class='ocr_par' dir='ltr' id='par_1_63' title="bbox 995 1020 1786 1055">
     <span class='ocr_line' id='line_1_63' title="bbox 995 1020 1786 1055; baseline -0.003 -8"><span class='ocrx_word' id='word_1_437' title='bbox 995 1024 1065 1048; x_wconf 88' lang='lat' dir='ltr'><strong>trem</strong></span> <span class='ocrx_word' id='word_1_438' title='bbox 1084 1020 1195 1055; x_wconf 89' lang='lat' dir='ltr'><strong>quidem</strong></span> <span class='ocrx_word' id='word_1_439' title='bbox 1210 1024 1239 1046; x_wconf 87' lang='lat' dir='ltr'><strong>ut</strong></span> <span class='ocrx_word' id='word_1_440' title='bbox 1255 1020 1406 1054; x_wconf 76' lang='lat' dir='ltr'><strong>ingenitum</strong></span> <span class='ocrx_word' id='word_1_441' title='bbox 1428 1027 1575 1054; x_wconf 88' lang='lat' dir='ltr'><strong>rerumque</strong></span> <span class='ocrx_word' id='word_1_442' title='bbox 1596 1021 1786 1046; x_wconf 76' lang='lat' dir='ltr'><strong>universarum</strong></span> 
     </span>
    </p>
   </div>
   <div class='ocr_carea' id='block_1_64' title="bbox 995 1064 1786 1100">
    <p class='ocr_par' dir='ltr' id='par_1_64' title="bbox 995 1064 1786 1100">
     <span class='ocr_line' id='line_1_64' title="bbox 995 1064 1786 1100; baseline -0.003 -8"><span class='ocrx_word' id='word_1_443' title='bbox 995 1071 1146 1098; x_wconf 87' lang='lat' dir='ltr'><strong>auctorem,</strong></span> <span class='ocrx_word' id='word_1_444' title='bbox 1166 1066 1289 1093; x_wconf 90' lang='lat' dir='ltr'><strong>omnium</strong></span> <span class='ocrx_word' id='word_1_445' title='bbox 1312 1064 1431 1098; x_wconf 88' lang='lat' dir='ltr'><strong>denique</strong></span> <span class='ocrx_word' id='word_1_446' title='bbox 1446 1064 1611 1100; x_wconf 83' lang='lat' dir='ltr'><strong>principium</strong></span> <span class='ocrx_word' id='word_1_447' title='bbox 1628 1072 1710 1092; x_wconf 88' lang='lat' dir='ltr'><strong>omne</strong></span> <span class='ocrx_word' id='word_1_448' title='bbox 1735 1071 1786 1091; x_wconf 87' lang='lat' dir='ltr'><strong>an-</strong></span> 
     </span>
    </p>
   </div>
   <div class='ocr_carea' id='block_1_65' title="bbox 995 1110 1788 1146">
    <p class='ocr_par' dir='ltr' id='par_1_65' title="bbox 995 1110 1788 1146">
     <span class='ocr_line' id='line_1_65' title="bbox 995 1110 1788 1146; baseline -0.001 -8"><span class='ocrx_word' id='word_1_449' title='bbox 995 1112 1125 1139; x_wconf 86' lang='lat' dir='ltr'><strong>tecedens</strong></span> <span class='ocrx_word' id='word_1_450' title='bbox 1152 1111 1319 1146; x_wconf 88' lang='lat' dir='ltr'><strong>principium</strong></span> <span class='ocrx_word' id='word_1_451' title='bbox 1340 1120 1347 1138; x_wconf 84' lang='lat'><strong>:</strong></span> <span class='ocrx_word' id='word_1_452' title='bbox 1367 1110 1465 1138; x_wconf 84' lang='lat' dir='ltr'><strong>Filium</strong></span> <span class='ocrx_word' id='word_1_453' title='bbox 1491 1118 1567 1143; x_wconf 88' lang='lat' dir='ltr'><strong>vero,</strong></span> <span class='ocrx_word' id='word_1_454' title='bbox 1591 1115 1621 1138; x_wconf 91' lang='lat' dir='ltr'><strong>ut</strong></span> <span class='ocrx_word' id='word_1_455' title='bbox 1644 1118 1677 1138; x_wconf 75' lang='lat' dir='ltr'><strong>ex</strong></span> <span class='ocrx_word' id='word_1_456' title='bbox 1706 1110 1788 1138; x_wconf 82' lang='lat' dir='ltr'><strong>Patre</strong></span> 
     </span>
    </p>
   </div>
   <div class='ocr_carea' id='block_1_66' title="bbox 995 1155 1786 1191">
    <p class='ocr_par' dir='ltr' id='par_1_66' title="bbox 995 1155 1786 1191">
     <span class='ocr_line' id='line_1_66' title="bbox 995 1155 1786 1191; baseline -0.001 -9"><span class='ocrx_word' id='word_1_457' title='bbox 995 1161 1157 1191; x_wconf 62' lang='lat' dir='ltr'><strong>praemterne</strong></span> <span class='ocrx_word' id='word_1_458' title='bbox 1168 1163 1200 1183; x_wconf 85' lang='lat' dir='ltr'><strong>ac</strong></span> <span class='ocrx_word' id='word_1_459' title='bbox 1215 1155 1522 1190; x_wconf 84' lang='lat' dir='ltr'><strong>supersubstantialiter</strong></span> <span class='ocrx_word' id='word_1_460' title='bbox 1534 1160 1628 1182; x_wconf 87' lang='lat' dir='ltr'><strong>natum</strong></span> <span class='ocrx_word' id='word_1_461' title='bbox 1644 1164 1651 1182; x_wconf 84' lang='lat'><strong>:</strong></span> <span class='ocrx_word' id='word_1_462' title='bbox 1664 1163 1696 1181; x_wconf 88' lang='lat' dir='ltr'><strong>ac</strong></span> <span class='ocrx_word' id='word_1_463' title='bbox 1711 1155 1786 1182; x_wconf 84' lang='lat' dir='ltr'><strong>deni-</strong></span> 
     </span>
    </p>
   </div>
   <div class='ocr_carea' id='block_1_67' title="bbox 994 1201 1788 1237">
    <p class='ocr_par' dir='ltr' id='par_1_67' title="bbox 994 1201 1788 1237">
     <span class='ocr_line' id='line_1_67' title="bbox 994 1201 1788 1237; baseline -0.003 -8"><span class='ocrx_word' id='word_1_464' title='bbox 994 1210 1048 1237; x_wconf 89' lang='lat' dir='ltr'><strong>que</strong></span> <span class='ocrx_word' id='word_1_465' title='bbox 1065 1202 1197 1237; x_wconf 88' lang='lat' dir='ltr'><strong>Spiritum</strong></span> <span class='ocrx_word' id='word_1_466' title='bbox 1218 1207 1358 1233; x_wconf 83' lang='lat' dir='ltr'><strong>sanctum,</strong></span> <span class='ocrx_word' id='word_1_467' title='bbox 1376 1207 1404 1228; x_wconf 92' lang='lat' dir='ltr'><strong>ut</strong></span> <span class='ocrx_word' id='word_1_468' title='bbox 1420 1202 1466 1235; x_wconf 87' lang='lat' dir='ltr'><strong>qui</strong></span> <span class='ocrx_word' id='word_1_469' title='bbox 1481 1201 1578 1228; x_wconf 85' lang='lat' dir='ltr'><strong>eodem</strong></span> <span class='ocrx_word' id='word_1_470' title='bbox 1595 1206 1709 1228; x_wconf 89' lang='lat' dir='ltr'><strong>auctore</strong></span> <span class='ocrx_word' id='word_1_471' title='bbox 1721 1208 1788 1235; x_wconf 69' lang='lat' dir='ltr'><strong>prae-</strong></span> 
     </span>
    </p>
   </div>
   <div class='ocr_carea' id='block_1_68' title="bbox 993 1245 1788 1282">
    <p class='ocr_par' dir='ltr' id='par_1_68' title="bbox 993 1245 1788 1282">
     <span class='ocr_line' id='line_1_68' title="bbox 993 1245 1788 1282; baseline -0.001 -8"><span class='ocrx_word' id='word_1_472' title='bbox 993 1251 1095 1275; x_wconf 66' lang='lat' dir='ltr'><strong>aeterne</strong></span> <span class='ocrx_word' id='word_1_473' title='bbox 1106 1247 1243 1282; x_wconf 87' lang='lat' dir='ltr'><strong>prosiliat.</strong></span> <span class='ocrx_word' id='word_1_474' title='bbox 1258 1245 1379 1274; x_wconf 78' lang='lat' dir='ltr'><strong>ﬂorlans</strong></span> <span class='ocrx_word' id='word_1_475' title='bbox 1394 1247 1460 1274; x_wconf 86' lang='lat' dir='ltr'><strong>lotis</strong></span> <span class='ocrx_word' id='word_1_476' title='bbox 1475 1247 1584 1274; x_wconf 85' lang='lat' dir='ltr'><strong>viribus</strong></span> <span class='ocrx_word' id='word_1_477' title='bbox 1601 1252 1685 1282; x_wconf 87' lang='lat' dir='ltr'><strong>atqtte</strong></span> <span class='ocrx_word' id='word_1_478' title='bbox 1695 1247 1788 1282; x_wconf 85' lang='lat' dir='ltr'><strong>admo-</strong></span> 
     </span>
    </p>
   </div>
   <div class='ocr_carea' id='block_1_69' title="bbox 995 1293 1786 1328">
    <p class='ocr_par' dir='ltr' id='par_1_69' title="bbox 995 1293 1786 1328">
     <span class='ocr_line' id='line_1_69' title="bbox 995 1293 1786 1328; baseline 0 -8"><span class='ocrx_word' id='word_1_479' title='bbox 995 1301 1086 1326; x_wconf 87' lang='lat' dir='ltr'><strong>nens,</strong></span> <span class='ocrx_word' id='word_1_480' title='bbox 1122 1293 1207 1322; x_wconf 84' lang='lat' dir='ltr'><strong>unius</strong></span> <span class='ocrx_word' id='word_1_481' title='bbox 1240 1301 1349 1328; x_wconf 90' lang='lat' dir='ltr'><strong>quoque</strong></span> <span class='ocrx_word' id='word_1_482' title='bbox 1387 1293 1663 1328; x_wconf 71' lang='lat' dir='ltr'><strong>supersnbstantialis</strong></span> <span class='ocrx_word' id='word_1_483' title='bbox 1703 1293 1786 1328; x_wconf 86' lang='lat' dir='ltr'><strong>hujus</strong></span> 
     </span>
    </p>
   </div>
   <div class='ocr_carea' id='block_1_70' title="bbox 993 1339 1783 1375">
    <p class='ocr_par' dir='ltr' id='par_1_70' title="bbox 993 1339 1783 1375">
     <span class='ocr_line' id='line_1_70' title="bbox 993 1339 1783 1375; baseline 0 -8"><span class='ocrx_word' id='word_1_484' title='bbox 993 1339 1142 1368; x_wconf 80' lang='lat' dir='ltr'><strong>Trinitatis</strong></span> <span class='ocrx_word' id='word_1_485' title='bbox 1164 1347 1274 1374; x_wconf 90' lang='lat' dir='ltr'><strong>unoque</strong></span> <span class='ocrx_word' id='word_1_486' title='bbox 1291 1340 1447 1375; x_wconf 75' lang='lat' dir='ltr'><strong>principatu:</strong></span> <span class='ocrx_word' id='word_1_487' title='bbox 1468 1339 1596 1374; x_wconf 80' lang='lat' dir='ltr'><strong>pollentis</strong></span> <span class='ocrx_word' id='word_1_488' title='bbox 1620 1339 1783 1374; x_wconf 72' lang='lat' dir='ltr'><strong>benignissi-</strong></span> 
     </span>
    </p>
   </div>
   <div class='ocr_carea' id='block_1_71' title="bbox 993 1383 1785 1419">
    <p class='ocr_par' dir='ltr' id='par_1_71' title="bbox 993 1383 1785 1419">
     <span class='ocr_line' id='line_1_71' title="bbox 993 1383 1785 1419; baseline -0.003 -7"><span class='ocrx_word' id='word_1_489' title='bbox 993 1393 1066 1412; x_wconf 88' lang='lat' dir='ltr'><strong>ntam</strong></span> <span class='ocrx_word' id='word_1_490' title='bbox 1078 1384 1294 1412; x_wconf 80' lang='lat' dir='ltr'><strong>exinanitionem</strong></span> <span class='ocrx_word' id='word_1_491' title='bbox 1306 1388 1497 1419; x_wconf 74' lang='lat' dir='ltr'><strong>agnoscerent,</strong></span> <span class='ocrx_word' id='word_1_492' title='bbox 1517 1384 1619 1418; x_wconf 81' lang='lat' dir='ltr'><strong>Deique</strong></span> <span class='ocrx_word' id='word_1_493' title='bbox 1637 1383 1716 1411; x_wconf 85' lang='lat' dir='ltr'><strong>Verbi</strong></span> <span class='ocrx_word' id='word_1_494' title='bbox 1740 1384 1785 1412; x_wconf 85' lang='lat' dir='ltr'><strong>in-</strong></span> 
     </span>
    </p>
   </div>
   <div class='ocr_carea' id='block_1_72' title="bbox 992 1430 1787 1462">
    <p class='ocr_par' dir='ltr' id='par_1_72' title="bbox 992 1430 1787 1462">
     <span class='ocr_line' id='line_1_72' title="bbox 992 1430 1787 1462; baseline 0 -5"><span class='ocrx_word' id='word_1_495' title='bbox 992 1431 1181 1458; x_wconf 83' lang='lat' dir='ltr'><strong>carnationem</strong></span> <span class='ocrx_word' id='word_1_496' title='bbox 1205 1438 1258 1458; x_wconf 93' lang='lat' dir='ltr'><strong>non</strong></span> <span class='ocrx_word' id='word_1_497' title='bbox 1280 1430 1442 1457; x_wconf 88' lang='lat' dir='ltr'><strong>abnuerent.</strong></span> <span class='ocrx_word' id='word_1_498' title='bbox 1461 1430 1531 1462; x_wconf 87' lang='lat' dir='ltr'><strong>Quin</strong></span> <span class='ocrx_word' id='word_1_499' title='bbox 1545 1435 1571 1456; x_wconf 83' lang='lat' dir='ltr'><strong>et</strong></span> <span class='ocrx_word' id='word_1_500' title='bbox 1588 1430 1720 1458; x_wconf 84' lang='lat' dir='ltr'><strong>suadebat</strong></span> <span class='ocrx_word' id='word_1_501' title='bbox 1736 1439 1787 1457; x_wconf 81' lang='lat' dir='ltr'><strong>na-</strong></span> 
     </span>
    </p>
   </div>
   <div class='ocr_carea' id='block_1_73' title="bbox 992 1476 1783 1512">
    <p class='ocr_par' dir='ltr' id='par_1_73' title="bbox 992 1476 1783 1512">
     <span class='ocr_line' id='line_1_73' title="bbox 992 1476 1783 1512; baseline -0.001 -8"><span class='ocrx_word' id='word_1_502' title='bbox 992 1481 1050 1504; x_wconf 81' lang='lat' dir='ltr'><strong>tum</strong></span> <span class='ocrx_word' id='word_1_503' title='bbox 1069 1485 1100 1504; x_wconf 81' lang='lat' dir='ltr'><strong>ex</strong></span> <span class='ocrx_word' id='word_1_504' title='bbox 1113 1477 1270 1504; x_wconf 72' lang='lat' dir='ltr'><strong>castissima</strong></span> <span class='ocrx_word' id='word_1_505' title='bbox 1287 1477 1389 1512; x_wconf 83' lang='lat' dir='ltr'><strong>puella,</strong></span> <span class='ocrx_word' id='word_1_506' title='bbox 1412 1481 1438 1504; x_wconf 90' lang='lat' dir='ltr'><strong>et</strong></span> <span class='ocrx_word' id='word_1_507' title='bbox 1459 1484 1474 1503; x_wconf 90' lang='lat' dir='ltr'><strong>a</strong></span> <span class='ocrx_word' id='word_1_508' title='bbox 1490 1476 1598 1504; x_wconf 81' lang='lat' dir='ltr'><strong>Joanne</strong></span> <span class='ocrx_word' id='word_1_509' title='bbox 1625 1477 1783 1510; x_wconf 89' lang='lat' dir='ltr'><strong>intinctum,</strong></span> 
     </span>
    </p>
   </div>
   <div class='ocr_carea' id='block_1_74' title="bbox 991 1523 1783 1558">
    <p class='ocr_par' dir='ltr' id='par_1_74' title="bbox 991 1523 1783 1558">
     <span class='ocr_line' id='line_1_74' title="bbox 991 1523 1783 1558; baseline 0.001 -8"><span class='ocrx_word' id='word_1_510' title='bbox 991 1531 1156 1558; x_wconf 88' lang='lat' dir='ltr'><strong>omnemque</strong></span> <span class='ocrx_word' id='word_1_511' title='bbox 1167 1523 1352 1557; x_wconf 77' lang='lat' dir='ltr'><strong>evangelicam</strong></span> <span class='ocrx_word' id='word_1_512' title='bbox 1368 1523 1535 1556; x_wconf 90' lang='lat' dir='ltr'><strong>doctrinam,</strong></span> <span class='ocrx_word' id='word_1_513' title='bbox 1554 1531 1604 1550; x_wconf 91' lang='lat' dir='ltr'><strong>eeu</strong></span> <span class='ocrx_word' id='word_1_514' title='bbox 1633 1523 1783 1551; x_wconf 84' lang='lat' dir='ltr'><strong>salutarem</strong></span> 
     </span>
    </p>
   </div>
   <div class='ocr_carea' id='block_1_75' title="bbox 991 1567 1784 1602">
    <p class='ocr_par' dir='ltr' id='par_1_75' title="bbox 991 1567 1784 1602">
     <span class='ocr_line' id='line_1_75' title="bbox 991 1567 1784 1602; baseline 0 -7"><span class='ocrx_word' id='word_1_515' title='bbox 991 1568 1076 1602; x_wconf 74' lang='lat' dir='ltr'><strong>legem</strong></span> <span class='ocrx_word' id='word_1_516' title='bbox 1087 1576 1120 1595; x_wconf 88' lang='lat' dir='ltr'><strong>ac</strong></span> <span class='ocrx_word' id='word_1_517' title='bbox 1135 1568 1259 1595; x_wconf 75' lang='lat' dir='ltr'><strong>veritatis</strong></span> <span class='ocrx_word' id='word_1_518' title='bbox 1279 1567 1402 1599; x_wconf 87' lang='lat' dir='ltr'><strong>decreta,</strong></span> <span class='ocrx_word' id='word_1_519' title='bbox 1419 1575 1515 1594; x_wconf 85' lang='lat' dir='ltr'><strong>omnes</strong></span> <span class='ocrx_word' id='word_1_520' title='bbox 1528 1568 1693 1602; x_wconf 85' lang='lat' dir='ltr'><strong>reciperent.</strong></span> <span class='ocrx_word' id='word_1_521' title='bbox 1711 1567 1784 1595; x_wconf 68' lang='lat' dir='ltr'><strong>Prae-</strong></span> 
     </span>
    </p>
   </div>
   <div class='ocr_carea' id='block_1_76' title="bbox 991 1614 1785 1649">
    <p class='ocr_par' dir='ltr' id='par_1_76' title="bbox 991 1614 1785 1649">
     <span class='ocr_line' id='line_1_76' title="bbox 991 1614 1785 1649; baseline -0.001 -8"><span class='ocrx_word' id='word_1_522' title='bbox 991 1619 1065 1642; x_wconf 82' lang='lat' dir='ltr'><strong>terea</strong></span> <span class='ocrx_word' id='word_1_523' title='bbox 1083 1621 1148 1641; x_wconf 91' lang='lat' dir='ltr'><strong>vero</strong></span> <span class='ocrx_word' id='word_1_524' title='bbox 1163 1614 1247 1642; x_wconf 87' lang='lat' dir='ltr'><strong>etiam</strong></span> <span class='ocrx_word' id='word_1_525' title='bbox 1273 1619 1383 1649; x_wconf 87' lang='lat' dir='ltr'><strong>propter</strong></span> <span class='ocrx_word' id='word_1_526' title='bbox 1413 1621 1464 1642; x_wconf 86' lang='lat' dir='ltr'><strong>nos</strong></span> <span class='ocrx_word' id='word_1_527' title='bbox 1479 1620 1637 1649; x_wconf 79' lang='lat' dir='ltr'><strong>susceptam</strong></span> <span class='ocrx_word' id='word_1_528' title='bbox 1661 1621 1785 1646; x_wconf 81' lang='lat' dir='ltr'><strong>erucem,</strong></span> 
     </span>
    </p>
   </div>
   <div class='ocr_carea' id='block_1_77' title="bbox 989 1659 1777 1696">
    <p class='ocr_par' dir='ltr' id='par_1_77' title="bbox 989 1659 1777 1696">
     <span class='ocr_line' id='line_1_77' title="bbox 989 1659 1777 1696; baseline 0 -9"><span class='ocrx_word' id='word_1_529' title='bbox 989 1665 1163 1696; x_wconf 90' lang='lat' dir='ltr'><strong>mortemque</strong></span> <span class='ocrx_word' id='word_1_530' title='bbox 1177 1664 1205 1688; x_wconf 91' lang='lat' dir='ltr'><strong>et</strong></span> <span class='ocrx_word' id='word_1_531' title='bbox 1219 1660 1402 1696; x_wconf 84' lang='lat' dir='ltr'><strong>sepulturam,</strong></span> <span class='ocrx_word' id='word_1_532' title='bbox 1418 1664 1447 1686; x_wconf 94' lang='lat' dir='ltr'><strong>ut</strong></span> <span class='ocrx_word' id='word_1_533' title='bbox 1466 1659 1575 1687; x_wconf 80' lang='lat' dir='ltr'><strong>inﬁrma</strong></span> <span class='ocrx_word' id='word_1_534' title='bbox 1595 1664 1622 1687; x_wconf 83' lang='lat' dir='ltr'><strong>et</strong></span> <span class='ocrx_word' id='word_1_535' title='bbox 1647 1660 1777 1694; x_wconf 90' lang='lat' dir='ltr'><strong>probrum</strong></span> 
     </span>
    </p>
   </div>
   <div class='ocr_carea' id='block_1_78' title="bbox 991 1705 1781 1740">
    <p class='ocr_par' dir='ltr' id='par_1_78' title="bbox 991 1705 1781 1740">
     <span class='ocr_line' id='line_1_78' title="bbox 991 1705 1781 1740; baseline -0.001 -7"><span class='ocrx_word' id='word_1_536' title='bbox 991 1706 1118 1733; x_wconf 89' lang='lat' dir='ltr'><strong>habentia</strong></span> <span class='ocrx_word' id='word_1_537' title='bbox 1134 1714 1188 1733; x_wconf 89' lang='lat' dir='ltr'><strong>non</strong></span> <span class='ocrx_word' id='word_1_538' title='bbox 1207 1705 1420 1738; x_wconf 86' lang='lat' dir='ltr'><strong>erubescerent;</strong></span> <span class='ocrx_word' id='word_1_539' title='bbox 1436 1705 1483 1732; x_wconf 82' lang='lat' dir='ltr'><strong>sed</strong></span> <span class='ocrx_word' id='word_1_540' title='bbox 1497 1705 1543 1740; x_wconf 86' lang='lat' dir='ltr'><strong>qui</strong></span> <span class='ocrx_word' id='word_1_541' title='bbox 1571 1705 1728 1732; x_wconf 82' lang='lat' dir='ltr'><strong>triduanam</strong></span> <span class='ocrx_word' id='word_1_542' title='bbox 1748 1713 1781 1732; x_wconf 78' lang='lat' dir='ltr'><strong>ex</strong></span> 
     </span>
    </p>
   </div>
   <div class='ocr_carea' id='block_1_79' title="bbox 991 1751 1784 1786">
    <p class='ocr_par' dir='ltr' id='par_1_79' title="bbox 991 1751 1784 1786">
     <span class='ocr_line' id='line_1_79' title="bbox 991 1751 1784 1786; baseline 0 -7"><span class='ocrx_word' id='word_1_543' title='bbox 991 1752 1089 1780; x_wconf 81' lang='lat' dir='ltr'><strong>inferis</strong></span> <span class='ocrx_word' id='word_1_544' title='bbox 1099 1760 1160 1779; x_wconf 75' lang='lat' dir='ltr'><strong>cum</strong></span> <span class='ocrx_word' id='word_1_545' title='bbox 1178 1756 1313 1786; x_wconf 84' lang='lat' dir='ltr'><strong>potestate</strong></span> <span class='ocrx_word' id='word_1_546' title='bbox 1327 1751 1548 1783; x_wconf 77' lang='lat' dir='ltr'><strong>suscitationetn,</strong></span> <span class='ocrx_word' id='word_1_547' title='bbox 1559 1756 1784 1786; x_wconf 85' lang='lat' dir='ltr'><strong>mortuornmque</strong></span> 
     </span>
    </p>
   </div>
   <div class='ocr_carea' id='block_1_80' title="bbox 989 1797 1780 1833">
    <p class='ocr_par' dir='ltr' id='par_1_80' title="bbox 989 1797 1780 1833">
     <span class='ocr_line' id='line_1_80' title="bbox 989 1797 1780 1833; baseline -0.003 -8"><span class='ocrx_word' id='word_1_548' title='bbox 989 1798 1091 1833; x_wconf 87' lang='lat' dir='ltr'><strong>pariter</strong></span> <span class='ocrx_word' id='word_1_549' title='bbox 1109 1797 1316 1827; x_wconf 78' lang='lat' dir='ltr'><strong>excitationem,</strong></span> <span class='ocrx_word' id='word_1_550' title='bbox 1343 1801 1425 1832; x_wconf 91' lang='lat' dir='ltr'><strong>atque</strong></span> <span class='ocrx_word' id='word_1_551' title='bbox 1450 1797 1476 1823; x_wconf 92' lang='lat' dir='ltr'><strong>in</strong></span> <span class='ocrx_word' id='word_1_552' title='bbox 1503 1797 1602 1824; x_wconf 58' lang='lat' dir='ltr'><strong>caelum</strong></span> <span class='ocrx_word' id='word_1_553' title='bbox 1633 1804 1780 1824; x_wconf 84' lang='lat' dir='ltr'><strong>ascensum</strong></span> 
     </span>
    </p>
   </div>
   <div class='ocr_carea' id='block_1_81' title="bbox 989 1842 1783 1877">
    <p class='ocr_par' dir='ltr' id='par_1_81' title="bbox 989 1842 1783 1877">
     <span class='ocr_line' id='line_1_81' title="bbox 989 1842 1783 1877; baseline 0 -7"><span class='ocrx_word' id='word_1_554' title='bbox 989 1843 1199 1871; x_wconf 83' lang='lat' dir='ltr'><strong>considerarent</strong></span> <span class='ocrx_word' id='word_1_555' title='bbox 1223 1850 1256 1870; x_wconf 90' lang='lat' dir='ltr'><strong>ac</strong></span> <span class='ocrx_word' id='word_1_556' title='bbox 1282 1843 1425 1870; x_wconf 79' lang='lat' dir='ltr'><strong>crederent</strong></span> <span class='ocrx_word' id='word_1_557' title='bbox 1452 1842 1610 1869; x_wconf 65' lang='lat' dir='ltr'><strong>Iretarentur</strong></span> <span class='ocrx_word' id='word_1_558' title='bbox 1637 1843 1723 1877; x_wconf 75' lang='lat' dir='ltr'><strong>magis</strong></span> <span class='ocrx_word' id='word_1_559' title='bbox 1750 1850 1783 1870; x_wconf 85' lang='lat' dir='ltr'><strong>ac</strong></span> 
     </span>
    </p>
   </div>
   <div class='ocr_carea' id='block_1_82' title="bbox 989 1888 1782 1924">
    <p class='ocr_par' dir='ltr' id='par_1_82' title="bbox 989 1888 1782 1924">
     <span class='ocr_line' id='line_1_82' title="bbox 989 1888 1782 1924; baseline -0.003 -8"><span class='ocrx_word' id='word_1_560' title='bbox 989 1891 1173 1924; x_wconf 70' lang='lat' dir='ltr'><strong>gloriarentur</strong></span> <span class='ocrx_word' id='word_1_561' title='bbox 1187 1898 1193 1916; x_wconf 92' lang='lat'><strong>:</strong></span> <span class='ocrx_word' id='word_1_562' title='bbox 1208 1889 1307 1924; x_wconf 89' lang='lat' dir='ltr'><strong>quippe</strong></span> <span class='ocrx_word' id='word_1_563' title='bbox 1319 1897 1380 1915; x_wconf 86' lang='lat' dir='ltr'><strong>cum</strong></span> <span class='ocrx_word' id='word_1_564' title='bbox 1401 1888 1458 1916; x_wconf 66' lang='lat' dir='ltr'><strong>haec</strong></span> <span class='ocrx_word' id='word_1_565' title='bbox 1473 1889 1574 1915; x_wconf 76' lang='lat' dir='ltr'><strong>divina:</strong></span> <span class='ocrx_word' id='word_1_566' title='bbox 1589 1889 1698 1915; x_wconf 87' lang='lat' dir='ltr'><strong>virtutis</strong></span> <span class='ocrx_word' id='word_1_567' title='bbox 1721 1896 1782 1922; x_wconf 79' lang='lat' dir='ltr'><strong>pcr-</strong></span> 
     </span>
    </p>
   </div>
   <div class='ocr_carea' id='block_1_83' title="bbox 991 1935 1780 1969">
    <p class='ocr_par' dir='ltr' id='par_1_83' title="bbox 991 1935 1780 1969">
     <span class='ocr_line' id='line_1_83' title="bbox 991 1935 1780 1969; baseline -0.003 -7"><span class='ocrx_word' id='word_1_568' title='bbox 991 1935 1085 1969; x_wconf 87' lang='lat' dir='ltr'><strong>spieua</strong></span> <span class='ocrx_word' id='word_1_569' title='bbox 1103 1935 1203 1962; x_wconf 84' lang='lat' dir='ltr'><strong>indicia</strong></span> <span class='ocrx_word' id='word_1_570' title='bbox 1219 1938 1312 1961; x_wconf 86' lang='lat' dir='ltr'><strong>essent</strong></span> <span class='ocrx_word' id='word_1_571' title='bbox 1330 1943 1337 1960; x_wconf 93' lang='lat'>:</span> <span class='ocrx_word' id='word_1_572' title='bbox 1355 1938 1547 1968; x_wconf 69' lang='lat' dir='ltr'><strong>exspectarent</strong></span> <span class='ocrx_word' id='word_1_573' title='bbox 1567 1935 1684 1969; x_wconf 86' lang='lat' dir='ltr'><strong>denique</strong></span> <span class='ocrx_word' id='word_1_574' title='bbox 1699 1935 1780 1961; x_wconf 88' lang='lat' dir='ltr'><strong>etiam</strong></span> 
     </span>
    </p>
   </div>
   <div class='ocr_carea' id='block_1_84' title="bbox 994 1977 1782 2012">
    <p class='ocr_par' dir='ltr' id='par_1_84' title="bbox 994 1977 1782 2012">
     <span class='ocr_line' id='line_1_84' title="bbox 994 1977 1782 2012; baseline -0.004 -7"><span class='ocrx_word' id='word_1_575' title='bbox 994 1978 1140 2005; x_wconf 86' lang='lat' dir='ltr'><strong>secundam</strong></span> <span class='ocrx_word' id='word_1_576' title='bbox 1171 1985 1186 2004; x_wconf 89' lang='lat' dir='ltr'><strong>e</strong></span> <span class='ocrx_word' id='word_1_577' title='bbox 1216 1979 1286 2004; x_wconf 63' lang='lat' dir='ltr'><strong>caelo</strong></span> <span class='ocrx_word' id='word_1_578' title='bbox 1314 1985 1422 2003; x_wconf 60' lang='lat' dir='ltr'><strong>rursum</strong></span> <span class='ocrx_word' id='word_1_579' title='bbox 1446 1985 1509 2003; x_wconf 85' lang='lat' dir='ltr'><strong>cum</strong></span> <span class='ocrx_word' id='word_1_580' title='bbox 1535 1977 1676 2011; x_wconf 67' lang='lat' dir='ltr'><strong>tnajvstate</strong></span> <span class='ocrx_word' id='word_1_581' title='bbox 1698 1985 1782 2012; x_wconf 79' lang='lat' dir='ltr'><strong>appa-</strong></span> 
     </span>
    </p>
   </div>
   <div class='ocr_carea' id='block_1_85' title="bbox 990 2021 1781 2056">
    <p class='ocr_par' dir='ltr' id='par_1_85' title="bbox 990 2021 1781 2056">
     <span class='ocr_line' id='line_1_85' title="bbox 990 2021 1781 2056; baseline -0.006 -6"><span class='ocrx_word' id='word_1_582' title='bbox 990 2023 1130 2055; x_wconf 88' lang='lat' dir='ltr'><strong>ritionem,</strong></span> <span class='ocrx_word' id='word_1_583' title='bbox 1163 2022 1312 2056; x_wconf 87' lang='lat' dir='ltr'><strong>mundique</strong></span> <span class='ocrx_word' id='word_1_584' title='bbox 1340 2023 1458 2049; x_wconf 77' lang='lat' dir='ltr'><strong>universi</strong></span> <span class='ocrx_word' id='word_1_585' title='bbox 1484 2021 1511 2048; x_wconf 92' lang='lat' dir='ltr'><strong>in</strong></span> <span class='ocrx_word' id='word_1_586' title='bbox 1529 2022 1625 2049; x_wconf 81' lang='lat' dir='ltr'><strong>melius</strong></span> <span class='ocrx_word' id='word_1_587' title='bbox 1651 2022 1781 2048; x_wconf 79' lang='lat' dir='ltr'><strong>immuta-</strong></span> 
     </span>
    </p>
   </div>
   <div class='ocr_carea' id='block_1_86' title="bbox 143 2067 1779 2105">
    <p class='ocr_par' dir='ltr' id='par_1_86' title="bbox 143 2067 1779 2105">
     <span class='ocr_line' id='line_1_86' title="bbox 143 2067 1779 2105; baseline 0 -11"><span class='ocrx_word' id='word_1_588' title='bbox 143 2069 258 2098; x_wconf 78' lang='lat' dir='ltr'><strong>tiorn-m,</strong></span> <span class='ocrx_word' id='word_1_589' title='bbox 271 2075 378 2095; x_wconf 86' lang='lat' dir='ltr'><strong>necnon</strong></span> <span class='ocrx_word' id='word_1_590' title='bbox 393 2071 563 2094; x_wconf 85' lang='lat' dir='ltr'><strong>mortuorum</strong></span> <span class='ocrx_word' id='word_1_591' title='bbox 578 2069 820 2100; x_wconf 85' lang='lat' dir='ltr'><strong>resurrectionem,</strong></span> <span class='ocrx_word' id='word_1_592' title='bbox 839 2070 1032 2105; x_wconf 84' lang='lat' dir='ltr'><strong>jnstorumque</strong></span> <span class='ocrx_word' id='word_1_593' title='bbox 1045 2068 1256 2096; x_wconf 80' lang='lat' dir='ltr'><strong>viviﬁcationem</strong></span> <span class='ocrx_word' id='word_1_594' title='bbox 1273 2075 1305 2094; x_wconf 86' lang='lat' dir='ltr'><strong>ac</strong></span> <span class='ocrx_word' id='word_1_595' title='bbox 1321 2072 1495 2102; x_wconf 75' lang='lat' dir='ltr'><strong>peccatorum</strong></span> <span class='ocrx_word' id='word_1_596' title='bbox 1513 2067 1779 2094; x_wconf 71' lang='lat' dir='ltr'><strong>contlrmuationem.</strong></span> 
     </span>
    </p>
   </div>
   <div class='ocr_carea' id='block_1_87' title="bbox 161 2115 406 2146">
    <p class='ocr_par' dir='ltr' id='par_1_87' title="bbox 161 2115 406 2146">
     <span class='ocr_line' id='line_1_87' title="bbox 161 2115 406 2146; baseline -0.004 -3"><span class='ocrx_word' id='word_1_597' title='bbox 161 2116 186 2132; x_wconf 78' lang='lat'>&quot;</span> <span class='ocrx_word' id='word_1_598' title='bbox 198 2115 306 2143; x_wconf 83' lang='lat' dir='ltr'><strong>Coloss.</strong></span> <span class='ocrx_word' id='word_1_599' title='bbox 331 2123 350 2146; x_wconf 86' lang='grc' dir='ltr'><strong>ι,</strong></span> <span class='ocrx_word' id='word_1_600' title='bbox 363 2115 406 2142; x_wconf 83' lang='lat' dir='ltr'><strong>l5.</strong></span> 
     </span>
    </p>
   </div>
   <div class='ocr_carea' id='block_1_88' title="bbox 143 2182 935 2217">
    <p class='ocr_par' dir='ltr' id='par_1_88' title="bbox 143 2182 935 2217">
     <span class='ocr_line' id='line_1_88' title="bbox 143 2182 935 2217; baseline -0.003 -7"><span class='ocrx_word' id='word_1_601' title='bbox 143 2183 317 2217; x_wconf 65' lang='grc' dir='ltr'>θεραπευτὰς</span> <span class='ocrx_word' id='word_1_602' title='bbox 332 2189 379 2208; x_wconf 88' lang='lat' dir='ltr'><strong>seu</strong></span> <span class='ocrx_word' id='word_1_603' title='bbox 393 2182 515 2210; x_wconf 82' lang='lat' dir='ltr'><strong>cultores</strong></span> <span class='ocrx_word' id='word_1_604' title='bbox 536 2182 711 2210; x_wconf 87' lang='lat' dir='ltr'><strong>Christianos</strong></span> <span class='ocrx_word' id='word_1_605' title='bbox 723 2183 778 2217; x_wconf 88' lang='lat' dir='ltr'><strong>jant</strong></span> <span class='ocrx_word' id='word_1_606' title='bbox 798 2187 854 2209; x_wconf 90' lang='lat' dir='ltr'><strong>tum</strong></span> <span class='ocrx_word' id='word_1_607' title='bbox 874 2190 935 2209; x_wconf 91' lang='lat' dir='ltr'><strong>mo-</strong></span> 
     </span>
    </p>
   </div>
   <div class='ocr_carea' id='block_1_89' title="bbox 143 2217 933 2252">
    <p class='ocr_par' dir='ltr' id='par_1_89' title="bbox 143 2217 933 2252">
     <span class='ocr_line' id='line_1_89' title="bbox 143 2217 933 2252; baseline -0.003 -6"><span class='ocrx_word' id='word_1_608' title='bbox 143 2218 249 2246; x_wconf 73' lang='lat' dir='ltr'><strong>nachos</strong></span> <span class='ocrx_word' id='word_1_609' title='bbox 266 2217 366 2248; x_wconf 81' lang='lat' dir='ltr'><strong>fuisse,</strong></span> <span class='ocrx_word' id='word_1_610' title='bbox 382 2218 529 2252; x_wconf 85' lang='lat' dir='ltr'><strong>quilllareo</strong></span> <span class='ocrx_word' id='word_1_611' title='bbox 545 2218 660 2245; x_wconf 88' lang='lat' dir='ltr'><strong>doctore</strong></span> <span class='ocrx_word' id='word_1_612' title='bbox 678 2217 850 2244; x_wconf 75' lang='lat' dir='ltr'><strong>Alexander</strong></span> <span class='ocrx_word' id='word_1_613' title='bbox 863 2226 933 2252; x_wconf 75' lang='lat' dir='ltr'><strong>pne-</strong></span> 
     </span>
    </p>
   </div>
   <div class='ocr_carea' id='block_1_90' title="bbox 990 2180 1778 2216">
    <p class='ocr_par' dir='ltr' id='par_1_90' title="bbox 990 2180 1778 2216">
     <span class='ocr_line' id='line_1_90' title="bbox 990 2180 1778 2216; baseline 0.001 -8"><span class='ocrx_word' id='word_1_614' title='bbox 990 2181 1150 2214; x_wconf 74' lang='grc' dir='ltr'>ἀσκοῦντες.</span> <span class='ocrx_word' id='word_1_615' title='bbox 1169 2182 1215 2216; x_wconf 90' lang='lat' dir='ltr'><strong>qui</strong></span> <span class='ocrx_word' id='word_1_616' title='bbox 1233 2182 1289 2208; x_wconf 85' lang='lat' dir='ltr'><strong>vita</strong></span> <span class='ocrx_word' id='word_1_617' title='bbox 1301 2180 1434 2208; x_wconf 81' lang='lat' dir='ltr'><strong>severiori</strong></span> <span class='ocrx_word' id='word_1_618' title='bbox 1447 2181 1619 2207; x_wconf 80' lang='lat' dir='ltr'><strong>sanctitatem</strong></span> <span class='ocrx_word' id='word_1_619' title='bbox 1632 2181 1778 2214; x_wconf 86' lang='lat' dir='ltr'><strong>quamdam</strong></span> 
     </span>
    </p>
   </div>
   <div class='ocr_carea' id='block_1_91' title="bbox 990 2216 1788 2252">
    <p class='ocr_par' dir='ltr' id='par_1_91' title="bbox 990 2216 1788 2252">
     <span class='ocr_line' id='line_1_91' title="bbox 990 2216 1788 2252; baseline 0 -9"><span class='ocrx_word' id='word_1_620' title='bbox 990 2218 1073 2252; x_wconf 78' lang='lat' dir='ltr'><strong>vulgo</strong></span> <span class='ocrx_word' id='word_1_621' title='bbox 1082 2219 1214 2252; x_wconf 85' lang='lat' dir='ltr'><strong>majorem</strong></span> <span class='ocrx_word' id='word_1_622' title='bbox 1229 2217 1402 2252; x_wconf 61' lang='lat' dir='ltr'><strong>praeferrent,</strong></span> <span class='ocrx_word' id='word_1_623' title='bbox 1418 2224 1487 2250; x_wconf 85' lang='lat' dir='ltr'><strong>quos</strong></span> <span class='ocrx_word' id='word_1_624' title='bbox 1499 2216 1612 2243; x_wconf 82' lang='lat' dir='ltr'><strong>latuisse</strong></span> <span class='ocrx_word' id='word_1_625' title='bbox 1625 2216 1788 2252; x_wconf 58' lang='lat' dir='ltr'><strong>lfhilonem,’</strong></span> 
     </span>
    </p>
   </div>
   <div class='ocr_carea' id='block_1_92' title="bbox 144 2240 1779 2287">
    <p class='ocr_par' dir='ltr' id='par_1_92' title="bbox 144 2240 1779 2287">
     <span class='ocr_line' id='line_1_92' title="bbox 144 2240 1779 2287; baseline 0 -7"><span class='ocrx_word' id='word_1_626' title='bbox 144 2240 260 2282; x_wconf 60' lang='lat' dir='ltr'><strong>starent,</strong></span> <span class='ocrx_word' id='word_1_627' title='bbox 275 2251 349 2287; x_wconf 90' lang='lat' dir='ltr'><strong>quod</strong></span> <span class='ocrx_word' id='word_1_628' title='bbox 358 2240 543 2287; x_wconf 47' lang='lat' dir='ltr'><strong>&#39;Jelrosolymis</strong></span> <span class='ocrx_word' id='word_1_629' title='bbox 563 2240 668 2285; x_wconf 76' lang='lat' dir='ltr'><strong>ﬁdeles,</strong></span> <span class='ocrx_word' id='word_1_630' title='bbox 687 2260 757 2287; x_wconf 89' lang='lat' dir='ltr'><strong>quos</strong></span> <span class='ocrx_word' id='word_1_631' title='bbox 774 2240 878 2279; x_wconf 60' lang='lat' dir='ltr'><strong>Lucasr</strong></span> <span class='ocrx_word' id='word_1_632' title='bbox 891 2261 934 2279; x_wconf 90' lang='lat' dir='ltr'><strong>re-</strong></span> <span class='ocrx_word' id='word_1_633' title='bbox 954 2240 975 2266; x_wconf 75' lang='grc' dir='ltr'>υ</span> <span class='ocrx_word' id='word_1_634' title='bbox 990 2240 1113 2280; x_wconf 60' lang='grc' dir='ltr'>ειυιιῗυὶηο</span> <span class='ocrx_word' id='word_1_635' title='bbox 1125 2240 1274 2279; x_wconf 48' lang='lat' dir='ltr'><strong>Jessentran</strong></span> <span class='ocrx_word' id='word_1_636' title='bbox 1289 2240 1452 2283; x_wconf 63' lang='lat' dir='ltr'><strong>Christiani,</strong></span> <span class='ocrx_word' id='word_1_637' title='bbox 1465 2258 1528 2278; x_wconf 89' lang='lat' dir='ltr'><strong>cum</strong></span> <span class='ocrx_word' id='word_1_638' title='bbox 1542 2251 1598 2286; x_wconf 87' lang='lat' dir='ltr'><strong>ipse</strong></span> <span class='ocrx_word' id='word_1_639' title='bbox 1611 2240 1779 2280; x_wconf 59' lang='lat' dir='ltr'><strong>:\le\antlrité</strong></span> 
     </span>
    </p>
   </div>
   <div class='ocr_carea' id='block_1_93' title="bbox 144 2287 938 2322">
    <p class='ocr_par' dir='ltr' id='par_1_93' title="bbox 144 2287 938 2322">
     <span class='ocr_line' id='line_1_93' title="bbox 144 2287 938 2322; baseline -0.003 -6"><span class='ocrx_word' id='word_1_640' title='bbox 144 2290 208 2319; x_wconf 82' lang='lat' dir='ltr'><strong>fert,</strong></span> <span class='ocrx_word' id='word_1_641' title='bbox 239 2287 362 2314; x_wconf 80' lang='lat' dir='ltr'><strong>venditis</strong></span> <span class='ocrx_word' id='word_1_642' title='bbox 387 2288 618 2322; x_wconf 74' lang='lat' dir='ltr'><strong>possessionibus,</strong></span> <span class='ocrx_word' id='word_1_643' title='bbox 645 2288 678 2315; x_wconf 91' lang='lat' dir='ltr'><strong>ad</strong></span> <span class='ocrx_word' id='word_1_644' title='bbox 694 2288 777 2322; x_wconf 81' lang='lat' dir='ltr'><strong>pedes</strong></span> <span class='ocrx_word' id='word_1_645' title='bbox 795 2287 938 2322; x_wconf 88' lang='lat' dir='ltr'><strong>apostolo-</strong></span> 
     </span>
    </p>
   </div>
   <div class='ocr_carea' id='block_1_94' title="bbox 143 2322 938 2358">
    <p class='ocr_par' dir='ltr' id='par_1_94' title="bbox 143 2322 938 2358">
     <span class='ocr_line' id='line_1_94' title="bbox 143 2322 938 2358; baseline -0.003 -7"><span class='ocrx_word' id='word_1_646' title='bbox 143 2331 206 2351; x_wconf 85' lang='lat' dir='ltr'><strong>rum</strong></span> <span class='ocrx_word' id='word_1_647' title='bbox 224 2323 345 2358; x_wconf 88' lang='lat' dir='ltr'><strong>pretium</strong></span> <span class='ocrx_word' id='word_1_648' title='bbox 367 2322 511 2358; x_wconf 83' lang='lat' dir='ltr'><strong>detulisse,</strong></span> <span class='ocrx_word' id='word_1_649' title='bbox 540 2323 726 2357; x_wconf 80' lang='lat' dir='ltr'><strong>habuisseque</strong></span> <span class='ocrx_word' id='word_1_650' title='bbox 749 2324 840 2349; x_wconf 88' lang='lat' dir='ltr'><strong>omnia</strong></span> <span class='ocrx_word' id='word_1_651' title='bbox 862 2330 938 2350; x_wconf 89' lang='lat' dir='ltr'><strong>com-</strong></span> 
     </span>
    </p>
   </div>
   <div class='ocr_carea' id='block_1_95' title="bbox 145 2357 936 2393">
    <p class='ocr_par' dir='ltr' id='par_1_95' title="bbox 145 2357 936 2393">
     <span class='ocr_line' id='line_1_95' title="bbox 145 2357 936 2393; baseline -0.001 -8"><span class='ocrx_word' id='word_1_652' title='bbox 145 2357 257 2391; x_wconf 84' lang='lat' dir='ltr'><strong>munia;</strong></span> <span class='ocrx_word' id='word_1_653' title='bbox 273 2366 336 2392; x_wconf 74' lang='lat' dir='ltr'><strong>quae</strong></span> <span class='ocrx_word' id='word_1_654' title='bbox 352 2357 433 2393; x_wconf 76' lang='lat' dir='ltr'><strong>nobis</strong></span> <span class='ocrx_word' id='word_1_655' title='bbox 451 2357 539 2384; x_wconf 78' lang='lat' dir='ltr'><strong>forma</strong></span> <span class='ocrx_word' id='word_1_656' title='bbox 555 2358 690 2393; x_wconf 62' lang='lat' dir='ltr'><strong>religiosae</strong></span> <span class='ocrx_word' id='word_1_657' title='bbox 713 2358 892 2393; x_wconf 80' lang='lat' dir='ltr'><strong>paupertatis,</strong></span> <span class='ocrx_word' id='word_1_658' title='bbox 909 2358 936 2384; x_wconf 93' lang='lat' dir='ltr'><strong>in</strong></span> 
     </span>
    </p>
   </div>
   <div class='ocr_carea' id='block_1_96' title="bbox 143 2392 936 2428">
    <p class='ocr_par' dir='ltr' id='par_1_96' title="bbox 143 2392 936 2428">
     <span class='ocr_line' id='line_1_96' title="bbox 143 2392 936 2428; baseline 0 -8"><span class='ocrx_word' id='word_1_659' title='bbox 143 2393 249 2421; x_wconf 79' lang='lat' dir='ltr'><strong>Christi</strong></span> <span class='ocrx_word' id='word_1_660' title='bbox 274 2393 333 2427; x_wconf 72' lang='lat' dir='ltr'><strong>ip5a</strong></span> <span class='ocrx_word' id='word_1_661' title='bbox 349 2392 451 2420; x_wconf 79' lang='lat' dir='ltr'><strong>familia</strong></span> <span class='ocrx_word' id='word_1_662' title='bbox 467 2397 495 2420; x_wconf 89' lang='lat' dir='ltr'><strong>et</strong></span> <span class='ocrx_word' id='word_1_663' title='bbox 508 2394 642 2428; x_wconf 79' lang='lat' dir='ltr'><strong>apostolis</strong></span> <span class='ocrx_word' id='word_1_664' title='bbox 671 2396 842 2420; x_wconf 83' lang='lat' dir='ltr'><strong>consecrata.</strong></span> <span class='ocrx_word' id='word_1_665' title='bbox 857 2392 936 2425; x_wconf 87' lang='lat' dir='ltr'><strong>Quod</strong></span> 
     </span>
    </p>
   </div>
   <div class='ocr_carea' id='block_1_97' title="bbox 144 2427 938 2462">
    <p class='ocr_par' dir='ltr' id='par_1_97' title="bbox 144 2427 938 2462">
     <span class='ocr_line' id='line_1_97' title="bbox 144 2427 938 2462; baseline -0.004 -6"><span class='ocrx_word' id='word_1_666' title='bbox 144 2429 182 2456; x_wconf 87' lang='lat' dir='ltr'><strong>ita</strong></span> <span class='ocrx_word' id='word_1_667' title='bbox 194 2428 316 2456; x_wconf 75' lang='lat' dir='ltr'><strong>senserit</strong></span> <span class='ocrx_word' id='word_1_668' title='bbox 334 2427 471 2454; x_wconf 83' lang='lat' dir='ltr'><strong>Eusebius</strong></span> <span class='ocrx_word' id='word_1_669' title='bbox 485 2431 513 2454; x_wconf 89' lang='lat' dir='ltr'><strong>et</strong></span> <span class='ocrx_word' id='word_1_670' title='bbox 527 2427 693 2462; x_wconf 76' lang='lat' dir='ltr'><strong>scripserit,</strong></span> <span class='ocrx_word' id='word_1_671' title='bbox 708 2427 830 2462; x_wconf 80' lang='lat' dir='ltr'><strong>graviter</strong></span> <span class='ocrx_word' id='word_1_672' title='bbox 843 2435 938 2462; x_wconf 62' lang='lat' dir='ltr'><strong>repre-</strong></span> 
     </span>
    </p>
   </div>
   <div class='ocr_carea' id='block_1_98' title="bbox 145 2462 938 2497">
    <p class='ocr_par' dir='ltr' id='par_1_98' title="bbox 145 2462 938 2497">
     <span class='ocr_line' id='line_1_98' title="bbox 145 2462 938 2497; baseline -0.003 -7"><span class='ocrx_word' id='word_1_673' title='bbox 145 2463 244 2490; x_wconf 81' lang='lat' dir='ltr'><strong>hendit</strong></span> <span class='ocrx_word' id='word_1_674' title='bbox 268 2463 391 2497; x_wconf 76' lang='lat' dir='ltr'><strong>Scaliger</strong></span> <span class='ocrx_word' id='word_1_675' title='bbox 406 2463 477 2489; x_wconf 72' lang='lat' dir='ltr'><strong>libro</strong></span> <span class='ocrx_word' id='word_1_676' title='bbox 492 2470 519 2490; x_wconf 81' lang='lat' dir='ltr'><strong>Vl</strong></span> <span class='ocrx_word' id='word_1_677' title='bbox 539 2463 577 2489; x_wconf 81' lang='lat' dir='ltr'><strong>De</strong></span> <span class='ocrx_word' id='word_1_678' title='bbox 596 2462 699 2489; x_wconf 77' lang='lat' dir='ltr'><strong>emend.</strong></span> <span class='ocrx_word' id='word_1_679' title='bbox 723 2468 880 2497; x_wconf 80' lang='lat' dir='ltr'><strong>temporum,</strong></span> <span class='ocrx_word' id='word_1_680' title='bbox 897 2463 938 2489; x_wconf 88' lang='lat' dir='ltr'><strong>ei-</strong></span> 
     </span>
    </p>
   </div>
   <div class='ocr_carea' id='block_1_99' title="bbox 144 2497 937 2534">
    <p class='ocr_par' dir='ltr' id='par_1_99' title="bbox 144 2497 937 2534">
     <span class='ocr_line' id='line_1_99' title="bbox 144 2497 937 2534; baseline -0.001 -9"><span class='ocrx_word' id='word_1_681' title='bbox 144 2507 198 2534; x_wconf 90' lang='lat' dir='ltr'><strong>que</strong></span> <span class='ocrx_word' id='word_1_682' title='bbox 216 2499 370 2526; x_wconf 85' lang='lat' dir='ltr'><strong>assentitur</strong></span> <span class='ocrx_word' id='word_1_683' title='bbox 385 2497 510 2534; x_wconf 35' lang='lat' dir='ltr'><strong>llenrie,</strong></span> <span class='ocrx_word' id='word_1_684' title='bbox 529 2497 655 2525; x_wconf 83' lang='lat' dir='ltr'><strong>Valesius</strong></span> <span class='ocrx_word' id='word_1_685' title='bbox 687 2497 721 2524; x_wconf 88' lang='lat' dir='ltr'><strong>ad</strong></span> <span class='ocrx_word' id='word_1_686' title='bbox 734 2497 862 2534; x_wconf 85' lang='lat' dir='ltr'><strong>eumdem</strong></span> <span class='ocrx_word' id='word_1_687' title='bbox 881 2497 937 2524; x_wconf 84' lang='lat' dir='ltr'><strong>Eu-</strong></span> 
     </span>
    </p>
   </div>
   <div class='ocr_carea' id='block_1_100' title="bbox 145 2532 939 2567">
    <p class='ocr_par' dir='ltr' id='par_1_100' title="bbox 145 2532 939 2567">
     <span class='ocr_line' id='line_1_100' title="bbox 145 2532 939 2567; baseline -0.003 -6"><span class='ocrx_word' id='word_1_688' title='bbox 145 2532 273 2566; x_wconf 70' lang='lat' dir='ltr'><strong>sebium;</strong></span> <span class='ocrx_word' id='word_1_689' title='bbox 289 2540 340 2560; x_wconf 91' lang='lat' dir='ltr'><strong>nec</strong></span> <span class='ocrx_word' id='word_1_690' title='bbox 356 2536 451 2567; x_wconf 88' lang='lat' dir='ltr'><strong>putem</strong></span> <span class='ocrx_word' id='word_1_691' title='bbox 467 2532 620 2559; x_wconf 81' lang='lat' dir='ltr'><strong>abhorrere</strong></span> <span class='ocrx_word' id='word_1_692' title='bbox 635 2539 705 2567; x_wconf 87' lang='lat' dir='ltr'><strong>quos</strong></span> <span class='ocrx_word' id='word_1_693' title='bbox 721 2539 817 2559; x_wconf 79' lang='lat' dir='ltr'><strong>omnes</strong></span> <span class='ocrx_word' id='word_1_694' title='bbox 840 2532 868 2559; x_wconf 91' lang='lat' dir='ltr'><strong>in</strong></span> <span class='ocrx_word' id='word_1_695' title='bbox 883 2540 939 2559; x_wconf 89' lang='lat' dir='ltr'><strong>ma-</strong></span> 
     </span>
    </p>
   </div>
   <div class='ocr_carea' id='block_1_101' title="bbox 145 2567 938 2602">
    <p class='ocr_par' dir='ltr' id='par_1_101' title="bbox 145 2567 938 2602">
     <span class='ocr_line' id='line_1_101' title="bbox 145 2567 938 2602; baseline -0.004 -6"><span class='ocrx_word' id='word_1_696' title='bbox 145 2570 232 2596; x_wconf 85' lang='lat' dir='ltr'><strong>nibus</strong></span> <span class='ocrx_word' id='word_1_697' title='bbox 251 2567 336 2595; x_wconf 77' lang='lat' dir='ltr'><strong>Marci</strong></span> <span class='ocrx_word' id='word_1_698' title='bbox 362 2567 521 2594; x_wconf 80' lang='lat' dir='ltr'><strong>laudatores</strong></span> <span class='ocrx_word' id='word_1_699' title='bbox 547 2567 636 2594; x_wconf 86' lang='lat' dir='ltr'><strong>habeo</strong></span> <span class='ocrx_word' id='word_1_700' title='bbox 662 2567 745 2601; x_wconf 86' lang='lat' dir='ltr'><strong>(Beda</strong></span> <span class='ocrx_word' id='word_1_701' title='bbox 771 2571 886 2602; x_wconf 79' lang='lat' dir='ltr'><strong>excepto</strong></span> <span class='ocrx_word' id='word_1_702' title='bbox 910 2573 938 2594; x_wconf 88' lang='lat' dir='ltr'><strong>et</strong></span> 
     </span>
    </p>
   </div>
   <div class='ocr_carea' id='block_1_102' title="bbox 145 2601 937 2637">
    <p class='ocr_par' dir='ltr' id='par_1_102' title="bbox 145 2601 937 2637">
     <span class='ocr_line' id='line_1_102' title="bbox 145 2601 937 2637; baseline -0.003 -6"><span class='ocrx_word' id='word_1_703' title='bbox 145 2604 304 2635; x_wconf 85' lang='lat' dir='ltr'><strong>Damiano),</strong></span> <span class='ocrx_word' id='word_1_704' title='bbox 332 2603 468 2633; x_wconf 77' lang='lat' dir='ltr'><strong>Nieetam.</strong></span> <span class='ocrx_word' id='word_1_705' title='bbox 501 2602 668 2637; x_wconf 78' lang='lat' dir='ltr'><strong>Procopium</strong></span> <span class='ocrx_word' id='word_1_706' title='bbox 697 2602 794 2637; x_wconf 17' lang='lat' dir='ltr'><strong>rhet.,r</strong></span> <span class='ocrx_word' id='word_1_707' title='bbox 813 2601 937 2629; x_wconf 84' lang='lat' dir='ltr'><strong>Lauren-</strong></span> 
     </span>
    </p>
   </div>
   <div class='ocr_carea' id='block_1_103' title="bbox 145 2636 937 2672">
    <p class='ocr_par' dir='ltr' id='par_1_103' title="bbox 145 2636 937 2672">
     <span class='ocr_line' id='line_1_103' title="bbox 145 2636 937 2672; baseline -0.004 -6"><span class='ocrx_word' id='word_1_708' title='bbox 145 2640 215 2666; x_wconf 84' lang='lat' dir='ltr'><strong>tium</strong></span> <span class='ocrx_word' id='word_1_709' title='bbox 226 2638 342 2670; x_wconf 82' lang='lat' dir='ltr'><strong>Justin.,</strong></span> <span class='ocrx_word' id='word_1_710' title='bbox 356 2643 423 2669; x_wconf 87' lang='lat' dir='ltr'><strong>etc.,</strong></span> <span class='ocrx_word' id='word_1_711' title='bbox 447 2637 521 2672; x_wconf 89' lang='lat' dir='ltr'><strong>quod</strong></span> <span class='ocrx_word' id='word_1_712' title='bbox 540 2637 568 2664; x_wconf 88' lang='lat' dir='ltr'><strong>in</strong></span> <span class='ocrx_word' id='word_1_713' title='bbox 591 2636 651 2664; x_wconf 81' lang='lat' dir='ltr'><strong>suis</strong></span> <span class='ocrx_word' id='word_1_714' title='bbox 678 2636 812 2672; x_wconf 83' lang='lat' dir='ltr'><strong>encontiis</strong></span> <span class='ocrx_word' id='word_1_715' title='bbox 835 2637 937 2664; x_wconf 87' lang='lat' dir='ltr'><strong>nullam</strong></span> 
     </span>
    </p>
   </div>
   <div class='ocr_carea' id='block_1_104' title="bbox 145 2671 937 2710">
    <p class='ocr_par' dir='ltr' id='par_1_104' title="bbox 145 2671 937 2710">
     <span class='ocr_line' id='line_1_104' title="bbox 145 2671 937 2710; baseline -0.005 -8"><span class='ocrx_word' id='word_1_716' title='bbox 145 2675 208 2710; x_wconf 87' lang='lat' dir='ltr'><strong>ejus</strong></span> <span class='ocrx_word' id='word_1_717' title='bbox 224 2674 264 2702; x_wconf 88' lang='lat' dir='ltr'><strong>rei</strong></span> <span class='ocrx_word' id='word_1_718' title='bbox 281 2671 594 2710; x_wconf 31' lang='lat' dir='ltr'><strong>mentionemifecerint,</strong></span> <span class='ocrx_word' id='word_1_719' title='bbox 611 2677 643 2710; x_wconf 79' lang='lat' dir='ltr'><strong>ut</strong></span> <span class='ocrx_word' id='word_1_720' title='bbox 660 2680 713 2710; x_wconf 78' lang='lat' dir='ltr'><strong>nec</strong></span> <span class='ocrx_word' id='word_1_721' title='bbox 731 2671 817 2699; x_wconf 60' lang='lat' dir='ltr'><strong>Graeci</strong></span> <span class='ocrx_word' id='word_1_722' title='bbox 838 2672 867 2710; x_wconf 87' lang='lat' dir='ltr'><strong>in</strong></span> <span class='ocrx_word' id='word_1_723' title='bbox 880 2672 937 2710; x_wconf 70' lang='lat' dir='ltr'><strong>ltig-</strong></span> 
     </span>
    </p>
   </div>
   <div class='ocr_carea' id='block_1_105' title="bbox 145 2706 935 2744">
    <p class='ocr_par' dir='ltr' id='par_1_105' title="bbox 145 2706 935 2744">
     <span class='ocr_line' id='line_1_105' title="bbox 145 2706 935 2744; baseline -0.003 -7"><span class='ocrx_word' id='word_1_724' title='bbox 145 2706 233 2737; x_wconf 49' lang='lat' dir='ltr'><strong>u&#39;a‘is:</strong></span> <span class='ocrx_word' id='word_1_725' title='bbox 258 2716 378 2744; x_wconf 80' lang='lat' dir='ltr'><strong>quorum</strong></span> <span class='ocrx_word' id='word_1_726' title='bbox 400 2707 525 2744; x_wconf 79' lang='lat' dir='ltr'><strong>proinde</strong></span> <span class='ocrx_word' id='word_1_727' title='bbox 549 2715 601 2743; x_wconf 69' lang='lat' dir='ltr'><strong>ego</strong></span> <span class='ocrx_word' id='word_1_728' title='bbox 622 2706 758 2744; x_wconf 82' lang='lat' dir='ltr'><strong>judicium</strong></span> <span class='ocrx_word' id='word_1_729' title='bbox 785 2715 841 2734; x_wconf 91' lang='lat' dir='ltr'><strong>non</strong></span> <span class='ocrx_word' id='word_1_730' title='bbox 852 2706 935 2744; x_wconf 62' lang='lat' dir='ltr'><strong>facile</strong></span> 
     </span>
    </p>
   </div>
   <div class='ocr_carea' id='block_1_106' title="bbox 146 2742 938 2779">
    <p class='ocr_par' dir='ltr' id='par_1_106' title="bbox 146 2742 938 2779">
     <span class='ocr_line' id='line_1_106' title="bbox 146 2742 938 2779; baseline -0.003 -7"><span class='ocrx_word' id='word_1_731' title='bbox 146 2742 304 2779; x_wconf 83' lang='lat' dir='ltr'><strong>rejceeriin.</strong></span> <span class='ocrx_word' id='word_1_732' title='bbox 319 2742 436 2771; x_wconf 81' lang='lat' dir='ltr'><strong>Uteniin</strong></span> <span class='ocrx_word' id='word_1_733' title='bbox 452 2742 580 2779; x_wconf 84' lang='lat' dir='ltr'><strong>placeant</strong></span> <span class='ocrx_word' id='word_1_734' title='bbox 597 2743 796 2779; x_wconf 81' lang='lat' dir='ltr'><strong>monachorum</strong></span> <span class='ocrx_word' id='word_1_735' title='bbox 816 2743 938 2779; x_wconf 78' lang='lat' dir='ltr'><strong>Origines</strong></span> 
     </span>
    </p>
   </div>
   <div class='ocr_carea' id='block_1_107' title="bbox 146 2777 937 2814">
    <p class='ocr_par' dir='ltr' id='par_1_107' title="bbox 146 2777 937 2814">
     <span class='ocr_line' id='line_1_107' title="bbox 146 2777 937 2814; baseline -0.004 -7"><span class='ocrx_word' id='word_1_736' title='bbox 146 2777 186 2807; x_wconf 74' lang='lat' dir='ltr'><strong>sic</strong></span> <span class='ocrx_word' id='word_1_737' title='bbox 203 2780 338 2814; x_wconf 69' lang='lat' dir='ltr'><strong>antiquae.</strong></span> <span class='ocrx_word' id='word_1_738' title='bbox 354 2785 410 2805; x_wconf 92' lang='lat' dir='ltr'><strong>non</strong></span> <span class='ocrx_word' id='word_1_739' title='bbox 427 2783 524 2814; x_wconf 61' lang='lat' dir='ltr'><strong>tamen</strong></span> <span class='ocrx_word' id='word_1_740' title='bbox 553 2777 633 2814; x_wconf 79' lang='lat' dir='ltr'><strong>facile</strong></span> <span class='ocrx_word' id='word_1_741' title='bbox 646 2782 700 2814; x_wconf 80' lang='lat' dir='ltr'><strong>est.</strong></span> <span class='ocrx_word' id='word_1_742' title='bbox 726 2782 799 2814; x_wconf 78' lang='lat' dir='ltr'><strong>tanta</strong></span> <span class='ocrx_word' id='word_1_743' title='bbox 813 2785 874 2812; x_wconf 70' lang='lat' dir='ltr'><strong>qum</strong></span> <span class='ocrx_word' id='word_1_744' title='bbox 886 2777 937 2814; x_wconf 85' lang='lat' dir='ltr'><strong>ob-</strong></span> 
     </span>
    </p>
   </div>
   <div class='ocr_carea' id='block_1_108' title="bbox 145 2812 938 2848">
    <p class='ocr_par' dir='ltr' id='par_1_108' title="bbox 145 2812 938 2848">
     <span class='ocr_line' id='line_1_108' title="bbox 145 2812 938 2848; baseline -0.003 -7"><span class='ocrx_word' id='word_1_745' title='bbox 145 2820 223 2841; x_wconf 83' lang='lat' dir='ltr'><strong>stant</strong></span> <span class='ocrx_word' id='word_1_746' title='bbox 234 2812 403 2848; x_wconf 80' lang='lat' dir='ltr'><strong>decoquere.</strong></span> <span class='ocrx_word' id='word_1_747' title='bbox 426 2813 511 2848; x_wconf 83' lang='lat' dir='ltr'><strong>Erant</strong></span> <span class='ocrx_word' id='word_1_748' title='bbox 537 2813 709 2840; x_wconf 68' lang='lat' dir='ltr'><strong>Alexandria!</strong></span> <span class='ocrx_word' id='word_1_749' title='bbox 721 2820 735 2839; x_wconf 89' lang='lat' dir='ltr'><strong>a</strong></span> <span class='ocrx_word' id='word_1_750' title='bbox 748 2812 835 2846; x_wconf 87' lang='lat' dir='ltr'><strong>prima</strong></span> <span class='ocrx_word' id='word_1_751' title='bbox 851 2813 938 2847; x_wconf 87' lang='lat' dir='ltr'><strong>capti-</strong></span> 
     </span>
    </p>
   </div>
   <div class='ocr_carea' id='block_1_109' title="bbox 148 2847 935 2882">
    <p class='ocr_par' dir='ltr' id='par_1_109' title="bbox 148 2847 935 2882">
     <span class='ocr_line' id='line_1_109' title="bbox 148 2847 935 2882; baseline -0.003 -7"><span class='ocrx_word' id='word_1_752' title='bbox 148 2852 233 2876; x_wconf 78' lang='lat' dir='ltr'><strong>vitate</strong></span> <span class='ocrx_word' id='word_1_753' title='bbox 253 2847 473 2876; x_wconf 76' lang='lat' dir='ltr'><strong>innumerabiles</strong></span> <span class='ocrx_word' id='word_1_754' title='bbox 483 2847 589 2881; x_wconf 61' lang='lat' dir='ltr'><strong>Judmi;</strong></span> <span class='ocrx_word' id='word_1_755' title='bbox 608 2847 658 2882; x_wconf 87' lang='lat' dir='ltr'><strong>ipsi</strong></span> <span class='ocrx_word' id='word_1_756' title='bbox 671 2847 738 2882; x_wconf 79' lang='lat' dir='ltr'><strong>legis</strong></span> <span class='ocrx_word' id='word_1_757' title='bbox 749 2847 935 2882; x_wconf 70' lang='lat' dir='ltr'><strong>aemulatores,</strong></span> 
     </span>
    </p>
   </div>
   <div class='ocr_carea' id='block_1_110' title="bbox 147 2881 938 2919">
    <p class='ocr_par' dir='ltr' id='par_1_110' title="bbox 147 2881 938 2919">
     <span class='ocr_line' id='line_1_110' title="bbox 147 2881 938 2919; baseline 0 -9"><span class='ocrx_word' id='word_1_758' title='bbox 147 2884 175 2911; x_wconf 88' lang='lat' dir='ltr'><strong>in</strong></span> <span class='ocrx_word' id='word_1_759' title='bbox 206 2885 312 2919; x_wconf 79' lang='lat' dir='ltr'><strong>quibus</strong></span> <span class='ocrx_word' id='word_1_760' title='bbox 331 2888 410 2911; x_wconf 83' lang='lat' dir='ltr'><strong>erant</strong></span> <span class='ocrx_word' id='word_1_761' title='bbox 431 2884 454 2909; x_wconf 83' lang='grc' dir='ltr'>οῐ</span> <span class='ocrx_word' id='word_1_762' title='bbox 483 2883 518 2910; x_wconf 80' lang='grc' dir='ltr'>τὰ</span> <span class='ocrx_word' id='word_1_763' title='bbox 541 2881 645 2918; x_wconf 78' lang='grc' dir='ltr'>πάτρῐα</span> <span class='ocrx_word' id='word_1_764' title='bbox 672 2881 890 2917; x_wconf 70' lang='grc' dir='ltr'>φιλοσοφοῦντες,</span> <span class='ocrx_word' id='word_1_765' title='bbox 909 2888 938 2910; x_wconf 88' lang='lat' dir='ltr'><strong>et</strong></span> 
     </span>
    </p>
   </div>
   <div class='ocr_carea' id='block_1_111' title="bbox 990 2287 1778 2322">
    <p class='ocr_par' dir='ltr' id='par_1_111' title="bbox 990 2287 1778 2322">
     <span class='ocr_line' id='line_1_111' title="bbox 990 2287 1778 2322; baseline 0 -8"><span class='ocrx_word' id='word_1_766' title='bbox 990 2293 1093 2322; x_wconf 83' lang='lat' dir='ltr'><strong>ageret.</strong></span> <span class='ocrx_word' id='word_1_767' title='bbox 1115 2295 1261 2321; x_wconf 85' lang='lat' dir='ltr'><strong>rerumque</strong></span> <span class='ocrx_word' id='word_1_768' title='bbox 1282 2287 1460 2322; x_wconf 84' lang='lat' dir='ltr'><strong>.lndaicarnm</strong></span> <span class='ocrx_word' id='word_1_769' title='bbox 1486 2287 1671 2320; x_wconf 81' lang='lat' dir='ltr'><strong>peritissimus</strong></span> <span class='ocrx_word' id='word_1_770' title='bbox 1694 2291 1778 2317; x_wconf 77' lang='lat' dir='ltr'><strong>esset.</strong></span> 
     </span>
    </p>
   </div>
   <div class='ocr_carea' id='block_1_112' title="bbox 989 2321 1778 2356">
    <p class='ocr_par' dir='ltr' id='par_1_112' title="bbox 989 2321 1778 2356">
     <span class='ocr_line' id='line_1_112' title="bbox 989 2321 1778 2356; baseline 0 -7"><span class='ocrx_word' id='word_1_771' title='bbox 989 2321 1041 2349; x_wconf 76' lang='lat' dir='ltr'><strong>nec</strong></span> <span class='ocrx_word' id='word_1_772' title='bbox 1058 2329 1121 2349; x_wconf 83' lang='lat' dir='ltr'><strong>eum</strong></span> <span class='ocrx_word' id='word_1_773' title='bbox 1152 2329 1196 2349; x_wconf 85' lang='lat' dir='ltr'><strong>res</strong></span> <span class='ocrx_word' id='word_1_774' title='bbox 1224 2322 1390 2349; x_wconf 81' lang='lat' dir='ltr'><strong>Cliristiame</strong></span> <span class='ocrx_word' id='word_1_775' title='bbox 1420 2321 1550 2351; x_wconf 87' lang='lat' dir='ltr'><strong>laterent,</strong></span> <span class='ocrx_word' id='word_1_776' title='bbox 1569 2329 1641 2356; x_wconf 70' lang='lat' dir='ltr'><strong>aegre</strong></span> <span class='ocrx_word' id='word_1_777' title='bbox 1667 2322 1778 2349; x_wconf 75' lang='lat' dir='ltr'><strong>suaderi</strong></span> 
     </span>
    </p>
   </div>
   <div class='ocr_carea' id='block_1_113' title="bbox 989 2356 1780 2392">
    <p class='ocr_par' dir='ltr' id='par_1_113' title="bbox 989 2356 1780 2392">
     <span class='ocr_line' id='line_1_113' title="bbox 989 2356 1780 2392; baseline 0 -8"><span class='ocrx_word' id='word_1_778' title='bbox 989 2363 1091 2392; x_wconf 89' lang='lat' dir='ltr'><strong>potest.</strong></span> <span class='ocrx_word' id='word_1_779' title='bbox 1119 2356 1261 2384; x_wconf 81' lang='lat' dir='ltr'><strong>Accedunt</strong></span> <span class='ocrx_word' id='word_1_780' title='bbox 1290 2356 1342 2383; x_wconf 85' lang='lat' dir='ltr'><strong>alia</strong></span> <span class='ocrx_word' id='word_1_781' title='bbox 1370 2363 1431 2391; x_wconf 60' lang='lat' dir='ltr'><strong>qua:</strong></span> <span class='ocrx_word' id='word_1_782' title='bbox 1449 2356 1626 2392; x_wconf 65' lang='lat' dir='ltr'><strong>prosequitur</strong></span> <span class='ocrx_word' id='word_1_783' title='bbox 1657 2356 1780 2392; x_wconf 79' lang='lat' dir='ltr'><strong>Valesius</strong></span> 
     </span>
    </p>
   </div>
   <div class='ocr_carea' id='block_1_114' title="bbox 989 2390 1776 2428">
    <p class='ocr_par' dir='ltr' id='par_1_114' title="bbox 989 2390 1776 2428">
     <span class='ocr_line' id='line_1_114' title="bbox 989 2390 1776 2428; baseline 0.001 -10"><span class='ocrx_word' id='word_1_784' title='bbox 989 2390 1069 2428; x_wconf 78' lang='lat' dir='ltr'><strong>longe</strong></span> <span class='ocrx_word' id='word_1_785' title='bbox 1085 2392 1194 2419; x_wconf 84' lang='lat' dir='ltr'><strong>diversa</strong></span> <span class='ocrx_word' id='word_1_786' title='bbox 1205 2391 1317 2428; x_wconf 67' lang='lat' dir='ltr'><strong>ab_illi_s</strong></span> <span class='ocrx_word' id='word_1_787' title='bbox 1330 2399 1391 2428; x_wconf 76' lang='lat' dir='ltr'><strong>qua:</strong></span> <span class='ocrx_word' id='word_1_788' title='bbox 1418 2395 1497 2418; x_wconf 87' lang='lat' dir='ltr'><strong>erant</strong></span> <span class='ocrx_word' id='word_1_789' title='bbox 1519 2390 1669 2428; x_wconf 82' lang='lat' dir='ltr'><strong>Christiani</strong></span> <span class='ocrx_word' id='word_1_790' title='bbox 1694 2392 1776 2425; x_wconf 90' lang='lat' dir='ltr'><strong>ritus,</strong></span> 
     </span>
    </p>
   </div>
   <div class='ocr_carea' id='block_1_115' title="bbox 989 2426 1781 2463">
    <p class='ocr_par' dir='ltr' id='par_1_115' title="bbox 989 2426 1781 2463">
     <span class='ocr_line' id='line_1_115' title="bbox 989 2426 1781 2463; baseline -0.001 -9"><span class='ocrx_word' id='word_1_791' title='bbox 989 2426 1091 2463; x_wconf 14' lang='lat' dir='ltr'><strong>eliquat:</strong></span> <span class='ocrx_word' id='word_1_792' title='bbox 1108 2431 1218 2463; x_wconf 83' lang='lat' dir='ltr'><strong>recepta</strong></span> <span class='ocrx_word' id='word_1_793' title='bbox 1243 2426 1620 2463; x_wconf 14' lang='lat' dir='ltr'><strong>‘CliristianrorunIAmoribus</strong></span> <span class='ocrx_word' id='word_1_794' title='bbox 1634 2426 1781 2463; x_wconf 24' lang='lat' dir='ltr'><strong>AJerosoly-</strong></span> 
     </span>
    </p>
   </div>
   <div class='ocr_carea' id='block_1_116' title="bbox 989 2461 1778 2490">
    <p class='ocr_par' dir='ltr' id='par_1_116' title="bbox 989 2461 1778 2490">
     <span class='ocr_line' id='line_1_116' title="bbox 989 2461 1778 2490; baseline 0.003 -2"><span class='ocrx_word' id='word_1_795' title='bbox 989 2461 1044 2489; x_wconf 80' lang='lat' dir='ltr'><strong>mis</strong></span> <span class='ocrx_word' id='word_1_796' title='bbox 1069 2469 1120 2489; x_wconf 88' lang='lat' dir='ltr'><strong>nos</strong></span> <span class='ocrx_word' id='word_1_797' title='bbox 1136 2462 1218 2488; x_wconf 73' lang='lat' dir='ltr'><strong>doce:</strong></span> <span class='ocrx_word' id='word_1_798' title='bbox 1234 2461 1353 2488; x_wconf 79' lang='lat' dir='ltr'><strong>Actuum</strong></span> <span class='ocrx_word' id='word_1_799' title='bbox 1372 2461 1453 2488; x_wconf 90' lang='lat' dir='ltr'><strong>liber.</strong></span> <span class='ocrx_word' id='word_1_800' title='bbox 1474 2461 1601 2488; x_wconf 70' lang='lat' dir='ltr'><strong>Dit’crsos</strong></span> <span class='ocrx_word' id='word_1_801' title='bbox 1616 2461 1650 2488; x_wconf 89' lang='lat' dir='ltr'><strong>ab</strong></span> <span class='ocrx_word' id='word_1_802' title='bbox 1667 2461 1778 2490; x_wconf 83' lang='lat' dir='ltr'><strong>Esseuis</strong></span> 
     </span>
    </p>
   </div>
   <div class='ocr_carea' id='block_1_117' title="bbox 988 2496 1779 2530">
    <p class='ocr_par' dir='ltr' id='par_1_117' title="bbox 988 2496 1779 2530">
     <span class='ocr_line' id='line_1_117' title="bbox 988 2496 1779 2530; baseline 0.001 -7"><span class='ocrx_word' id='word_1_803' title='bbox 988 2497 1113 2524; x_wconf 83' lang='lat' dir='ltr'><strong>ostendit</strong></span> <span class='ocrx_word' id='word_1_804' title='bbox 1140 2497 1265 2524; x_wconf 83' lang='lat' dir='ltr'><strong>Valesius</strong></span> <span class='ocrx_word' id='word_1_805' title='bbox 1294 2501 1390 2523; x_wconf 82' lang='lat' dir='ltr'><strong>contra</strong></span> <span class='ocrx_word' id='word_1_806' title='bbox 1414 2496 1596 2530; x_wconf 73' lang='lat' dir='ltr'><strong>Scaligerum.</strong></span> <span class='ocrx_word' id='word_1_807' title='bbox 1625 2496 1691 2523; x_wconf 80' lang='lat' dir='ltr'><strong>Milli</strong></span> <span class='ocrx_word' id='word_1_808' title='bbox 1723 2505 1779 2524; x_wconf 88' lang='lat' dir='ltr'><strong>non</strong></span> 
     </span>
    </p>
   </div>
   <div class='ocr_carea' id='block_1_118' title="bbox 989 2530 1778 2566">
    <p class='ocr_par' dir='ltr' id='par_1_118' title="bbox 989 2530 1778 2566">
     <span class='ocr_line' id='line_1_118' title="bbox 989 2530 1778 2566; baseline 0.001 -8"><span class='ocrx_word' id='word_1_809' title='bbox 989 2531 1054 2560; x_wconf 83' lang='lat' dir='ltr'><strong>licet</strong></span> <span class='ocrx_word' id='word_1_810' title='bbox 1080 2532 1159 2566; x_wconf 86' lang='lat' dir='ltr'><strong>plura</strong></span> <span class='ocrx_word' id='word_1_811' title='bbox 1184 2532 1336 2566; x_wconf 83' lang='lat' dir='ltr'><strong>inquirere.</strong></span> <span class='ocrx_word' id='word_1_812' title='bbox 1363 2531 1557 2558; x_wconf 80' lang='lat' dir='ltr'><strong>Monachorum</strong></span> <span class='ocrx_word' id='word_1_813' title='bbox 1588 2530 1778 2566; x_wconf 63' lang='lat' dir='ltr'><strong>.‘Egyptiorum</strong></span> 
     </span>
    </p>
   </div>
   <div class='ocr_carea' id='block_1_119' title="bbox 988 2566 1778 2602">
    <p class='ocr_par' dir='ltr' id='par_1_119' title="bbox 988 2566 1778 2602">
     <span class='ocr_line' id='line_1_119' title="bbox 988 2566 1778 2602; baseline -0.001 -8"><span class='ocrx_word' id='word_1_814' title='bbox 988 2567 1122 2601; x_wconf 77' lang='lat' dir='ltr'><strong>origines.</strong></span> <span class='ocrx_word' id='word_1_815' title='bbox 1138 2571 1200 2601; x_wconf 89' lang='lat' dir='ltr'><strong>post</strong></span> <span class='ocrx_word' id='word_1_816' title='bbox 1218 2567 1280 2593; x_wconf 90' lang='lat' dir='ltr'><strong>illas</strong></span> <span class='ocrx_word' id='word_1_817' title='bbox 1293 2566 1471 2602; x_wconf 73' lang='lat' dir='ltr'><strong>Jt-rosolymis</strong></span> <span class='ocrx_word' id='word_1_818' title='bbox 1484 2566 1554 2602; x_wconf 81' lang='lat' dir='ltr'><strong>etin</strong></span> <span class='ocrx_word' id='word_1_819' title='bbox 1581 2567 1778 2602; x_wconf 27' lang='lat' dir='ltr'><strong>apostolisﬁde-</strong></span> 
     </span>
    </p>
   </div>
   <div class='ocr_carea' id='block_1_120' title="bbox 990 2601 1778 2636">
    <p class='ocr_par' dir='ltr' id='par_1_120' title="bbox 990 2601 1778 2636">
     <span class='ocr_line' id='line_1_120' title="bbox 990 2601 1778 2636; baseline 0 -8"><span class='ocrx_word' id='word_1_820' title='bbox 990 2602 1175 2636; x_wconf 81' lang='lat' dir='ltr'><strong>signatioucs.</strong></span> <span class='ocrx_word' id='word_1_821' title='bbox 1192 2603 1309 2628; x_wconf 82' lang='lat' dir='ltr'><strong>maxime</strong></span> <span class='ocrx_word' id='word_1_822' title='bbox 1324 2601 1422 2635; x_wconf 86' lang='lat' dir='ltr'><strong>probo,</strong></span> <span class='ocrx_word' id='word_1_823' title='bbox 1435 2608 1504 2635; x_wconf 87' lang='lat' dir='ltr'><strong>quas</strong></span> <span class='ocrx_word' id='word_1_824' title='bbox 1515 2601 1543 2628; x_wconf 92' lang='lat' dir='ltr'><strong>in</strong></span> <span class='ocrx_word' id='word_1_825' title='bbox 1559 2602 1701 2628; x_wconf 84' lang='lat' dir='ltr'><strong>monachis</strong></span> <span class='ocrx_word' id='word_1_826' title='bbox 1714 2601 1778 2636; x_wconf 72' lang='lat' dir='ltr'><strong>Bai-</strong></span> 
     </span>
    </p>
   </div>
   <div class='ocr_carea' id='block_1_121' title="bbox 990 2635 1777 2671">
    <p class='ocr_par' dir='ltr' id='par_1_121' title="bbox 990 2635 1777 2671">
     <span class='ocr_line' id='line_1_121' title="bbox 990 2635 1777 2671; baseline 0 -9"><span class='ocrx_word' id='word_1_827' title='bbox 990 2635 1084 2664; x_wconf 68' lang='lat' dir='ltr'><strong>thitnis</strong></span> <span class='ocrx_word' id='word_1_828' title='bbox 1097 2641 1125 2663; x_wconf 90' lang='lat' dir='ltr'><strong>et</strong></span> <span class='ocrx_word' id='word_1_829' title='bbox 1138 2636 1254 2664; x_wconf 87' lang='lat' dir='ltr'><strong>Sinaitis</strong></span> <span class='ocrx_word' id='word_1_830' title='bbox 1269 2637 1353 2663; x_wconf 86' lang='lat' dir='ltr'><strong>habet</strong></span> <span class='ocrx_word' id='word_1_831' title='bbox 1379 2637 1543 2663; x_wconf 83' lang='lat' dir='ltr'><strong>Ammonius</strong></span> <span class='ocrx_word' id='word_1_832' title='bbox 1562 2644 1577 2663; x_wconf 88' lang='lat' dir='ltr'><strong>a</strong></span> <span class='ocrx_word' id='word_1_833' title='bbox 1601 2643 1644 2663; x_wconf 87' lang='lat' dir='ltr'><strong>me</strong></span> <span class='ocrx_word' id='word_1_834' title='bbox 1672 2635 1777 2671; x_wconf 76' lang='lat' dir='ltr'><strong>produ-</strong></span> 
     </span>
    </p>
   </div>
   <div class='ocr_carea' id='block_1_122' title="bbox 988 2670 1776 2706">
    <p class='ocr_par' dir='ltr' id='par_1_122' title="bbox 988 2670 1776 2706">
     <span class='ocr_line' id='line_1_122' title="bbox 988 2670 1776 2706; baseline -0.004 -7"><span class='ocrx_word' id='word_1_835' title='bbox 988 2676 1061 2704; x_wconf 83' lang='lat' dir='ltr'><strong>ctus,</strong></span> <span class='ocrx_word' id='word_1_836' title='bbox 1076 2672 1254 2706; x_wconf 87' lang='lat' dir='ltr'><strong>insinuatque</strong></span> <span class='ocrx_word' id='word_1_837' title='bbox 1275 2672 1385 2699; x_wconf 82' lang='lat' dir='ltr'><strong>Antonii</strong></span> <span class='ocrx_word' id='word_1_838' title='bbox 1412 2671 1483 2704; x_wconf 88' lang='lat' dir='ltr'><strong>Vita,</strong></span> <span class='ocrx_word' id='word_1_839' title='bbox 1498 2676 1527 2699; x_wconf 91' lang='lat' dir='ltr'><strong>et</strong></span> <span class='ocrx_word' id='word_1_840' title='bbox 1547 2671 1623 2698; x_wconf 83' lang='lat' dir='ltr'><strong>Pauli</strong></span> <span class='ocrx_word' id='word_1_841' title='bbox 1639 2670 1776 2706; x_wconf 31' lang='lat' dir='ltr'><strong>Ercmitzi,</strong></span> 
     </span>
    </p>
   </div>
   <div class='ocr_carea' id='block_1_123' title="bbox 988 2704 1777 2744">
    <p class='ocr_par' dir='ltr' id='par_1_123' title="bbox 988 2704 1777 2744">
     <span class='ocr_line' id='line_1_123' title="bbox 988 2704 1777 2744; baseline -0.001 -11"><span class='ocrx_word' id='word_1_842' title='bbox 988 2714 1021 2734; x_wconf 91' lang='lat' dir='ltr'><strong>ae</strong></span> <span class='ocrx_word' id='word_1_843' title='bbox 1031 2707 1053 2733; x_wconf 89' lang='lat' dir='ltr'><strong>si</strong></span> <span class='ocrx_word' id='word_1_844' title='bbox 1072 2706 1138 2741; x_wconf 92' lang='lat' dir='ltr'><strong>quid</strong></span> <span class='ocrx_word' id='word_1_845' title='bbox 1151 2704 1241 2744; x_wconf 78' lang='lat' dir='ltr'><strong>exstat</strong></span> <span class='ocrx_word' id='word_1_846' title='bbox 1251 2707 1295 2734; x_wconf 90' lang='lat' dir='ltr'><strong>his</strong></span> <span class='ocrx_word' id='word_1_847' title='bbox 1322 2706 1476 2744; x_wconf 81' lang='lat' dir='ltr'><strong>antiquius,</strong></span> <span class='ocrx_word' id='word_1_848' title='bbox 1505 2706 1587 2734; x_wconf 90' lang='lat' dir='ltr'><strong>modo</strong></span> <span class='ocrx_word' id='word_1_849' title='bbox 1614 2713 1686 2732; x_wconf 68' lang='lat' dir='ltr'><strong>sanie</strong></span> <span class='ocrx_word' id='word_1_850' title='bbox 1701 2704 1777 2744; x_wconf 76' lang='lat' dir='ltr'><strong>ﬁdei.</strong></span> 
     </span>
    </p>
   </div>
   <div class='ocr_carea' id='block_1_124' title="bbox 988 2742 1778 2779">
    <p class='ocr_par' dir='ltr' id='par_1_124' title="bbox 988 2742 1778 2779">
     <span class='ocr_line' id='line_1_124' title="bbox 988 2742 1778 2779; baseline -0.004 -10"><span class='ocrx_word' id='word_1_851' title='bbox 988 2749 1049 2779; x_wconf 23' lang='lat' dir='ltr'><strong>non»</strong></span> <span class='ocrx_word' id='word_1_852' title='bbox 1070 2742 1297 2779; x_wconf 14' lang='lat' dir='ltr'><strong>apocryphorum‘</strong></span> <span class='ocrx_word' id='word_1_853' title='bbox 1321 2742 1467 2779; x_wconf 81' lang='lat' dir='ltr'><strong>insomniis</strong></span> <span class='ocrx_word' id='word_1_854' title='bbox 1478 2743 1656 2779; x_wconf 72' lang='lat' dir='ltr'><strong>nuta_iis,_aut</strong></span> <span class='ocrx_word' id='word_1_855' title='bbox 1685 2742 1778 2779; x_wconf 66' lang='lat' dir='ltr'><strong>militis</strong></span> 
     </span>
    </p>
   </div>
   <div class='ocr_carea' id='block_1_125' title="bbox 988 2774 1775 2814">
    <p class='ocr_par' dir='ltr' id='par_1_125' title="bbox 988 2774 1775 2814">
     <span class='ocr_line' id='line_1_125' title="bbox 988 2774 1775 2814; baseline -0.004 -11"><span class='ocrx_word' id='word_1_856' title='bbox 988 2774 1181 2814; x_wconf 46' lang='lat' dir='ltr'><strong>exploratum;</strong></span> <span class='ocrx_word' id='word_1_857' title='bbox 1204 2777 1233 2804; x_wconf 88' lang='lat' dir='ltr'><strong>Si</strong></span> <span class='ocrx_word' id='word_1_858' title='bbox 1255 2777 1300 2804; x_wconf 89' lang='lat' dir='ltr'><strong>cui</strong></span> <span class='ocrx_word' id='word_1_859' title='bbox 1323 2782 1423 2814; x_wconf 88' lang='lat' dir='ltr'><strong>tamcn_</strong></span> <span class='ocrx_word' id='word_1_860' title='bbox 1441 2776 1567 2807; x_wconf 74' lang='lat' dir='ltr'><strong>Eusebii,</strong></span> <span class='ocrx_word' id='word_1_861' title='bbox 1599 2774 1775 2814; x_wconf 73' lang='lat' dir='ltr'><strong>Hieronymi,</strong></span> 
     </span>
    </p>
   </div>
   <div class='ocr_carea' id='block_1_126' title="bbox 988 2811 1777 2846">
    <p class='ocr_par' dir='ltr' id='par_1_126' title="bbox 988 2811 1777 2846">
     <span class='ocr_line' id='line_1_126' title="bbox 988 2811 1777 2846; baseline -0.003 -8"><span class='ocrx_word' id='word_1_862' title='bbox 988 2811 1149 2846; x_wconf 85' lang='lat' dir='ltr'><strong>Epiphanii.</strong></span> <span class='ocrx_word' id='word_1_863' title='bbox 1164 2817 1230 2843; x_wconf 88' lang='lat' dir='ltr'><strong>etc.,</strong></span> <span class='ocrx_word' id='word_1_864' title='bbox 1246 2812 1383 2840; x_wconf 83' lang='lat' dir='ltr'><strong>sententia</strong></span> <span class='ocrx_word' id='word_1_865' title='bbox 1398 2811 1498 2846; x_wconf 88' lang='lat' dir='ltr'><strong>placet,</strong></span> <span class='ocrx_word' id='word_1_866' title='bbox 1513 2811 1653 2846; x_wconf 48' lang='grc' dir='ltr'>ιιι-ωειςῇ</span> <span class='ocrx_word' id='word_1_867' title='bbox 1678 2811 1721 2842; x_wconf 86' lang='lat' dir='ltr'><strong>pia</strong></span> <span class='ocrx_word' id='word_1_868' title='bbox 1747 2813 1777 2836; x_wconf 90' lang='lat' dir='ltr'><strong>et</strong></span> 
     </span>
    </p>
   </div>
   <div class='ocr_carea' id='block_1_127' title="bbox 988 2841 1777 2877">
    <p class='ocr_par' dir='ltr' id='par_1_127' title="bbox 988 2841 1777 2877">
     <span class='ocr_line' id='line_1_127' title="bbox 988 2841 1777 2877; baseline -0.001 -5"><span class='ocrx_word' id='word_1_869' title='bbox 988 2841 1085 2873; x_wconf 64' lang='lat' dir='ltr'><strong>l&#39;a&#39;vens</strong></span> <span class='ocrx_word' id='word_1_870' title='bbox 1113 2841 1240 2875; x_wconf 83' lang='lat' dir='ltr'><strong>instituto</strong></span> <span class='ocrx_word' id='word_1_871' title='bbox 1275 2841 1495 2877; x_wconf 76' lang='lat' dir='ltr'><strong>monachorum,</strong></span> <span class='ocrx_word' id='word_1_872' title='bbox 1526 2841 1777 2871; x_wconf 30' lang='lat' dir='ltr'><strong>adeat‘l’iarontttln</strong></span> 
     </span>
    </p>
   </div>
   <div class='ocr_carea' id='block_1_128' title="bbox 990 2883 1095 2909">
    <p class='ocr_par' dir='ltr' id='par_1_128' title="bbox 990 2883 1095 2909">
     <span class='ocr_line' id='line_1_128' title="bbox 990 2883 1095 2909; baseline 0.01 -1"><span class='ocrx_word' id='word_1_873' title='bbox 990 2889 1035 2908; x_wconf 89' lang='lat' dir='ltr'><strong>an.</strong></span> <span class='ocrx_word' id='word_1_874' title='bbox 1051 2883 1095 2909; x_wconf 70' lang='grc'><strong>64.</strong></span> 
     </span>
    </p>
   </div>
  </div>
