2078 3154
291 161 347 195 295

911 154 1057 185 ΝΙΟΕΤΑἘ
1072 152 1337 183 PAPHLAGONIS

1867 149 1923 182 296

336 218 397 246 Haec
412 217 521 254 quidem
545 216 602 248 ille.
631 223 679 243 ceu
696 214 775 250 plane
798 219 878 240 verax
905 219 935 238 ac
956 211 1078 238 veritatis

1165 208 1257 235 Ταῦτα
1266 210 1280 236 ὁ
1293 208 1353 243 μὲν,
1366 208 1402 240 ὡς
1411 208 1514 244 ἀληθὴς
1522 207 1561 243 τῷ
1569 207 1625 234 ὖντι
1639 207 1686 234 καὶ
1696 205 1826 241 ἀληθείας
1835 207 1920 241 εὐαγ-

291 272 394 302 prteco,
412 263 516 299 sot'ipto
538 262 641 298 pariter
657 262 773 295 vivaque
788 265 854 286 voce
883 258 1005 289 tradens,
1027 263 1078 291 po-

292 313 365 348 pulis
381 311 555 347 prmdicabat.
573 308 612 335 Ex
630 307 683 334 illis
698 313 772 337 vero.
790 305 834 332 alii
851 304 960 339 quidem
990 303 1080 330 verbis

293 358 534 388 nsscntiebantur;
559 355 718 389 quicunque
743 352 848 379 scilicet
882 355 958 378 recto
987 350 1079 376 animo

293 408 381 435 crant,
400 411 430 429 ac
446 409 562 436 quorum
581 407 627 427 cor
652 399 799 425 invisibilis
827 396 947 432 Spiritus
973 395 1080 423 afﬂatus

299 449 433 484 tetigerat.
450 447 504 473 Hos
516 446 644 472 nimirtttn
661 444 768 471 veritati
784 443 915 470 doctrinae
931 442 1080 468 admovens

292 503 323 521 ac
337 502 406 529 aqua
418 491 580 524 etnnndans,
597 491 756 525 Spiritnque
785 489 954 517 illntnlnans.
974 494 1079 514 necnon

292 541 378 566 sacris
388 540 541 566 divinorum
558 537 645 572 signis
655 537 767 562 initians
781 540 860 568 atque
870 539 1079 564 constunmans,

293 583 362 610 Iilios
376 582 565 609 immaculatos
580 589 629 616 per
642 581 779 607 lavacrum
790 579 1005 612 regi-uerationis
1017 577 1071 604 Deo

292 628 466 662 obsignabat.
492 628 654 661 Quicunque
680 630 771 652 autent
800 632 884 659 pravo
901 623 983 651 corde
999 627 1080 657 atque

293 674 368 707 impii
392 677 480 705 erant,
503 672 529 699 in
548 672 667 698 divinam
693 670 885 698 contumeliosi
914 669 1079 701 doctrinam,

292 719 412 754 superbo
423 719 515 745 animo
530 725 563 745 ac
575 717 644 744 dura
671 720 763 744 mente
783 716 915 743 adversus
931 713 1082 742 disertissi-

293 775 367 794 mqu
385 771 566 794 contumaces
580 770 745 800 preconem,
761 762 847 789 nimio
865 761 957 788 furore
984 759 1080 794 perciti

295 812 423 839 dentibus
441 812 467 838 in
479 819 540 838 eum
557 809 727 842 stridebant;
743 807 940 842 struebantqne
953 806 1080 838 insidias,

293 867 348 894 qua
362 862 455 894 aperta
473 858 615 885 molitione
629 859 799 892 grassantes,
810 861 864 888 qua
885 853 1003 880 occultis
1015 860 1082 879 con-

1131 253 1270 290 γελιστὴς,
1279 254 1425 289 ἐγγράφως
1437 262 1466 280 τε
1476 255 1523 280 καὶ
1540 254 1672 289 ἀγράφως
1686 252 1851 288 παραδιδοὺς
1865 253 1922 285 τοῖς

1133 301 1207 331 λαοῖς
1220 299 1421 334 εὐηγγελίζετο
1433 298 1486 325 τῶν
1497 299 1524 325 δέ
1539 299 1563 324 οι
1578 299 1627 333 μὶν
1641 297 1760 324 ἐτίθεντο
1775 299 1831 329 τοῖς
1844 297 1923 331 λεγο-

1132 344 1351 380 μένοις,ὃσοιτδν
1367 344 1428 370 νοῦν
1438 342 1508 379 ἦσαν
1523 344 1678 376 Hmagni
1692 341 1729 370 ὦν
1745 343 1795 377 τῆς
1807 343 1922 377 καρδίας

1131 391 1258 425 ἀοράτως
1274 390 1304 416 τδ
1321 389 1432 424 Πνεῦμα
1443 389 1648 425 κατιδράττετο·
1670 388 1781 419 τούτους
1795 387 1834 423 τῷ
1849 388 1922 423 λόγῳ

1130 438 1180 472 τῆς
1197 435 1325 471 ἀληθείας
1343 437 1558 471 προσαγόμενος,
1571 436 1618 463 καὶ
1626 435 1664 471 τῷ
1677 435 1753 462 ὕδατι
1770 435 1920 471 καθαίρων,

1131 483 1178 509 καὶ
1200 482 1239 517 τῷ
1267 481 1405 517 Πνεύματι
1422 482 1558 517 φωτίζων,
1581 483 1629 508 καὶ
1652 482 1824 516 ἱερομύστοις
1844 481 1923 507 τελε·

1132 529 1267 564 σιουργῶν
1292 528 1504 561 Oeaxida-riam,
1534 527 1674 563 ἀμώμητα
1696 527 1779 554 τέκνα
1805 528 1850 554 διὰ
1872 528 1923 562 τῆς

1137 575 1348 610 παλιγγενεσίας
1361 575 1509 610 ἐσφράγιζε
1524 574 1593 609 Θεῷ·
1612 575 1669 601 ὅσοι
1684 574 1712 600 δέ
1726 574 1836 604 σκολιᾶς
1847 573 1923 604 ὄντες

1133 621 1282 656 ἐτύγχανον
1306 620 1419 656 καρδίας
1437 621 1484 647 καὶ
1510 619 1666 652 δυσσεεοῦς,
1695 619 1763 654 πρὸς
1784 619 1829 645 τὸν
1852 618 1925 644 θεῖον

1132 666 1211 700 λόγον
1237 665 1436 700 ἐξυϐρίζοντες,
1458 665 1505 691 καὶ¹
1523 664 1633 696 ἀλαζόνι
1658 665 1736 698 φρενὶ
1757 663 1803 690 καὶ
1827 663 1924 698 γνώμῃ

1134 712 1243 747 σκληρᾷ
1261 711 1308 737 τοῦ
1322 710 1490 745 λογιωτάτου
1510 711 1630 745 κήρυκος
1647 708 1923 742 ἀπαυθαδιαζόμενοι,

1133 758 1239 793 ἑτριζον
1269 757 1319 792 μὲν
1343 758 1406 788 τοὺς
1428 756 1542 787 ὀδόντας
1566 756 1768 790 ὲμμαινὸμενοι
1785 753 1921 789 σψοδρῶξο

1133 804 1312 831 ἐπεϐούλευον
1341 803 1388 830 δέ·
1417 802 1497 829 τοῦ-ιο
1525 802 1575 837 μὶν
1600 801 1753 835 ἀναφανδὸν
1768 800 1826 827 κατ’
1843 799 1925 827 αὑτοῦ

1134 850 1374 885 συσκευαζόμενοι,
1389 849 1468 876 τοῦτο
1482 848 1510 875 δὲ
1533 848 1580 874 καὶ
1604 847 1696 883 κρυφῆ
1715 846 1924 882 σκαιωροῠντες,

294 905 363 932 siliis
379 904 570 939 malignantes,
587 891 669 937 atque
683 908 731 929 eos
744 901 789 936 qui
802 904 895 928 essent
908 907 942 926 ex
961 898 1082 926 Ecclesia

1138 897 1181 923 καὶ
1201 897 1264 928 τοὺς
1286 896 1341 922 ἀπὺ
1363 895 1413 929 τῆς
1438 894 1601 930 Ἐκκλησίας
1628 892 1857 929 συναρπάζοντες,
1881 891 1926 918 καὶ

294 951 485 986 corripientes,
502 948 766 985 magistratibusque
783 954 815 974 ac
833 945 996 981 praesidibus
1011 944 1079 972 offe-

295 1001 398 1028 rcntcs,
413 996 627 1027 calumniantes,
644 993 789 1021 facultates
804 992 971 1023 auferentes,
991 991 1083 1018 modis

295 1043 424 1070 euntibus
438 1040 637 1076 aggredientes,
652 1039 726 1066 omni
745 1038 871 1065 machina
886 1042 999 1071 arteque
1014 1035 1084 1062 afﬂi-

296 1091 391 1123 gentes
409 1086 418 1121 (
432 1084 601 1120 ejusccmodi
614 1083 743 1110 nimirum
760 1081 860 1118 diaboli
874 1079 1012 1107 a-mulatio
1021 1078 1084 1112 est)

295 1134 440 1169 omniSqnc
452 1132 561 1168 generis
577 1130 696 1158 inventis
708 1134 850 1156 creaturos
877 1134 907 1154 se
930 1125 1083 1152 molestiam

296 1179 435 1214 animique
474 1181 618 1213 angustam
658 1176 818 1203 beatissimo
855 1173 913 1200 viro
945 1172 1084 1198 arbitran-

295 1229 348 1253 tes.

331 1271 356 1298 ῐί
371 1274 473 1302 autem,
489 1269 559 1296 baud
573 1276 654 1296 secus
667 1275 697 1294 ac
710 1267 823 1303 grandis
838 1266 961 1301 quaedam
979 1265 1086 1293 marina

296 1324 379 1352 rupes
396 1321 476 1349 atque
488 1316 624 1350 praedura.
640 1315 740 1349 vixque
754 1322 808 1340 non
821 1312 923 1344 dicant,
937 1313 992 1339 imo
1006 1318 1085 1338 terra:

296 1362 358 1389 sinu
392 1361 525 1392 radicula,
554 1360 717 1387 irruentium
756 1358 886 1385 fluctuum
928 1357 1086 1385 incursibus

296 1407 423 1435 munibus
437 1413 469 1433 ac
493 1406 643 1440 reciprocis
660 1405 786 1436 testibus,
803 1405 965 1437 cunctisque
992 1408 1086 1429 vento-

296 1461 358 1481 rmn
376 1451 502 1479 violentis
527 1451 635 1478 iiatitms
661 1451 827 1477 inconcussa
860 1449 1011 1483 inﬂexaque
1028 1455 1087 1474 rna-

297 1501 358 1529 net;
379 1497 419 1524 sic
432 1503 498 1523 sane
512 1494 556 1522 hic
567 1501 687 1529 quoque,
710 1493 768 1520 alto
785 1492 864 1519 valde
879 1493 995 1518 consilio
1006 1496 1088 1525 atque

298 1543 401 1575 auium,
420 1543 447 1569 in
468 1549 544 1572 vera,
562 1545 589 1567 et
604 1547 665 1574 quae
685 1544 777 1566 tuente
796 1539 968 1572 intelligitur.
989 1537 1086 1564 funda<

298 1592 344 1615 tus
358 1592 444 1622 petra,
470 1585 687 1618 rectissimisque
710 1591 741 1611 ac
759 1583 917 1610 fortissimis
935 1582 1088 1610 rationibus

299 1633 466 1659 inconcusse
483 1631 510 1658 in
539 1630 652 1658 Christo
673 1629 820 1661 radicatus,
851 1628 985 1655 concinne
1012 1632 1088 1655 tran-

298 1678 441 1713 quillaque
470 1676 620 1704 securitate
647 1675 675 1702 in
690 1682 724 1702 eo
744 1674 929 1707 consistebat;
959 1674 1089 1708 nulloque

299 1723 462 1750 terrentium
477 1721 580 1749 insultu
596 1720 723 1756 pavidus.
751 1719 787 1751 ei,
805 1720 850 1754 qui
869 1721 1021 1746 secundum
1044 1719 1090 1746 do-

299 1769 419 1796 ctrinam
441 1772 493 1801 est,
509 1767 582 1794 fideli
606 1765 727 1793 sermoni
744 1765 935 1797 incumbebat;
959 1770 1040 1800 atque
1055 1764 1089 1791 ad

298 1820 381 1841 omne
398 1813 532 1840 tentantis
548 1811 700 1846 periculum
718 1815 877 1844 struemque
903 1809 1089 1843 impercusaus

300 1862 384 1893 atque
411 1857 528 1884 inflexus
545 1863 671 1887 manens,
693 1854 841 1883 Ecciesiam
866 1861 944 1883 suam
975 1854 1090 1882 firmiter

298 1909 394 1937 tutans
408 1905 579 1940 stipansqne.
590 1903 624 1930 ab
638 1902 841 1930 adversantium
857 1901 970 1930 ﬁatuum
989 1902 1089 1937 injuria

301 1951 416 1980 illa-sam
432 1949 629 1978 conservabat.

336 1997 405 2025 Eum
421 1996 448 2023 in
466 1996 579 2023 modum
594 1995 636 2022 vir
653 1994 771 2030 inclytus
784 1993 903 2026 Marcus,
917 2001 977 2028 qua:
991 1994 1017 2021 in
1031 2001 1091 2021 ver-

300 2043 343 2073 bis
358 2043 446 2078 posita
461 2045 502 2069 est
523 2040 700 2076 (quandoque
713 2048 778 2068 vero
788 2041 870 2068 etiam
885 2048 946 2075 qua:
962 2041 989 2067 in
1004 2040 1090 2075 signis

300 2093 385 2124 atque
398 2087 543 2123 portentis)
561 2087 738 2122 apostolicam
753 2087 883 2114 virtutem
899 2094 962 2122 erga
980 2086 1091 2114 Graecus

300 2135 462 2167 ostendens,
481 2133 698 2161 domesticorum
718 2132 780 2160 fidei
802 2136 932 2167 tanquam
951 2132 1091 2160 divinissi-

301 2189 364 2209 unus
376 2181 491 2208 antistes
505 2179 622 2207 salutem
649 2178 825 2213 adimplebat.
852 2177 919 2210 Quis
951 2179 1091 2206 enimvero

301 2227 363 2262 ejus
381 2226 525 2262 implenda
539 2225 638 2252 modus
648 2225 659 2252 τ
670 2224 772 2252 Divina;
788 2224 929 2259 sapientiae
947 2224 1038 2253 verbis
1053 2229 1092 2252 at-
1109 2243 1131 2270 υ

302 2280 356 2314 que
369 2272 500 2300 doctrinm
524 2271 654 2306 Spiritus,
673 2277 770 2298 eorum
791 2270 916 2306 quotidie
943 2274 1049 2298 mentes
1063 2270 1093 2298 ii-

301 2318 454 2353 tustrabat;
481 2324 513 2344 ac
534 2316 674 2344 carnalem
694 2316 805 2351 quidem
834 2316 982 2343 amicitiam
1009 2322 1092 2351 atque

300 2364 410 2403 ipeccati
441 2362 670 2391 consuetudinem
696 2362 836 2395 inhibens,
853 2363 969 2397 spiritus
983 2362 1042 2397 lege
1060 2369 1093 2389 ac

298 2411 406 2446 amoris
422 2410 448 2436 vi
465 2409 577 2441 Christo
594 2408 798 2444 despondebat;
812 2410 845 2435 ab
859 2408 988 2444 omnique
1009 2409 1091 2436 noxia

299 2457 464 2492 cupiditate.
480 2464 514 2485 ac
528 2461 701 2483 terrenorutn
717 2455 835 2482 dementi
853 2455 971 2486 ratione.
984 2455 1092 2490 appeti-

301 2503 379 2535 tlone
397 2510 506 2534 arcens.
523 2501 678 2529 caelestium
704 2501 838 2528 duntaxat
854 2505 881 2528 et
898 2501 1050 2534 stabilium,
1064 2505 1092 2529 et

302 2555 364 2584 ante
381 2555 444 2576 vera
455 2548 526 2576 bona
542 2548 608 2580 sint,
624 2546 792 2575 desiderium
811 2546 973 2575 instillabat.

340 2593 388 2621 Sic
412 2593 506 2626 igitur,
524 2598 552 2620 ut
577 2593 675 2628 paucis
690 2592 791 2625 dicam,
815 2592 901 2620 sacris
915 2593 1092 2620 sermonibus

304 2642 389 2673 atque
399 2638 526 2666 doctrina
552 2637 672 2664 fidelium
689 2641 794 2664 mentes
809 2638 958 2668 aedificatus,
980 2644 1093 2664 rursus-

302 2690 355 2720 que
369 2683 499 2724 operibus
515 2689 611 2711 sacras
626 2686 868 2710 sacrosanctorum
896 2683 1090 2718 mysteriorum

339 2757 395 2795 (56)
414 2759 469 2795 Τὰς
484 2760 564 2794 Ιερὰς
587 2759 646 2787 τῶν
673 2759 760 2793 ιερῶν
782 2760 959 2794 μυστηρίων
979 2761 1094 2795 leporu-

304 2794 391 2828 πίας(
403 2794 451 2823 Est
467 2802 550 2830 grave
567 2795 620 2822 hoc
635 2794 823 2830 testimonium
839 2802 890 2829 pro
902 2796 984 2823 Marci
1000 2794 1094 2822 Litur-

303 2831 357 2895 εἳ,
373 2837 426 2865 qua
452 2829 481 2857 et
503 2830 585 2871 modo
611 2833 728 2857 utuntur
754 2829 884 2870 Egypt“,
911 2830 1094 2871 meminitque

343 2865 459 2895 lsanion.
473 2869 526 2894 ctst
540 2865 618 2894 locus
633 2871 689 2892 non
711 2869 844 2895 occurrit.
871 2873 925 2895 oua
947 2871 1038 2894 tamen
1052 2874 1093 2894 ets

343 2865 459 2898 tsatnon,
473 2865 526 2894 etsi
540 2865 618 2894 locus
633 2871 689 2892 non
711 2865 844 2898 occurrit,
871 2873 925 2902 qua
947 2871 1038 2894 tamen
1052 2866 1093 2894 cis

1134 942 1191 973 τοῖς
1205 941 1384 977 πολιτάρχαις
1406 941 1602 976 προσάγοντες.
1619 937 1863 972 συκοφαντοῦντες,
1877 937 1926 971 ζη-

1136 988 1272 1023 μιοῦντες,
1299 988 1366 1014 πᾶσι
1390 987 1501 1022 τρόποις
1517 984 1728 1021 ἐπιχειροῦντες,
1747 985 1821 1019 πάσῃ
1838 992 1928 1019 μηχα-

1134 1035 1166 1069 νῇ
1181 1033 1330 1064 κακοῦντες
1343 1031 1471 1067 (τοιοῦτος
1484 1031 1537 1067 γὰρ
1566 1032 1580 1057 ὀ
1607 1030 1654 1057 τοῦ
1671 1029 1794 1056 διαϐόλου
1820 1029 1923 1063 ζῆλος),

1135 1079 1183 1106 καὶ
1200 1079 1300 1110 πάσαις
1324 1077 1460 1109 ἐπινοίαις
1476 1077 1522 1104 τὸν
1552 1075 1763 1111 μακαριώτατον
1787 1074 1870 1109 ἄνδρα
1888 1074 1928 1100 δο-

1136 1124 1248 1156 κοῦντες
1261 1125 1368 1151 λυπεῖν.

1177 1264 1207 1290 ’0
1223 1263 1261 1295 δὲ,
1278 1263 1404 1298 καθάπερ
1417 1271 1456 1294 τις
1471 1262 1561 1297 πέτρα
1578 1261 1670 1293 πελιὺς
1687 1260 1790 1296 μεγάλη
1804 1259 1851 1286 καὶ
1868 1267 1930 1285 στε-

1138 1310 1198 1346 ρεὰ,
1218 1312 1257 1342 εἰς
1270 1309 1350 1345 βάθος
1364 1309 1426 1344 γῆς,
1441 1308 1471 1335 οὐ
1491 1308 1540 1343 μὲν
1555 1307 1602 1334 οὖν
1617 1308 1678 1334 ὅσον
1694 1308 1793 1338 εἰπεῖν,
1811 1305 1930 1341 ἐρριζω-

1139 1355 1219 1390 μένη,
1233 1356 1334 1386 πάσαις
1359 1354 1407 1389 μὲν
1434 1353 1564 1388 χωμάτων
1581 1352 1739 1387 ἐμπτώσεσι
1762 1351 1808 1378 καὶ
1831 1351 1930 1386 παλιρ-

1141 1401 1240 1438 ροίαις,
1257 1401 1357 1432 πάσαις
1374 1400 1402 1426 δέ
1425 1399 1495 1435 βίαις
1511 1400 1673 1435 πνευμάτων
1697 1399 1744 1426 καὶ
1769 1398 1931 1434 προσϐολαῖς

1138 1447 1274 1483 apem—.6,-
1298 1455 1326 1473 τε
1340 1446 1414 1481 μένει
1439 1445 1487 1472 καὶ
1512 1444 1634 1480 ἀκλινὴς,
1651 1445 1722 1472 οὓτω
1738 1445 1770 1480 δὴ
1782 1445 1828 1471 κα)⁵
1842 1440 1930 1476 οὗτος,

1141 1494 1236 1529 βαθείᾳ
1252 1493 1355 1528 σφόδρα
1375 1493 1480 1529 διανοίᾳ
1504 1494 1536 1528 τῇ
1550 1492 1665 1528 ἀληθινῇ
1681 1492 1769 1527 πέτρᾳ
1784 1491 1832 1518 καὶ
1847 1491 1930 1526 νοητῇ

1139 1539 1384 1574 τεθεμελιωμένος,
1406 1539 1453 1566 καὶ
1478 1538 1618 1574 λογισμοῖς
1647 1537 1803 1569 εὐθυτάτοις
1830 1545 1859 1563 τε
1885 1537 1931 1563 καὶ

1101 1570 1122 1600 C
1142 1585 1331 1619 σῖερῤοτάτοις
1359 1570 1565 1616 ἀκατασείστως
1593 1583 1777 1620 ὲῤῥιζωμένος
1808 1581 1930 1617 Χριστῷ,

1138 1629 1235 1665 ἔμενεν
1252 1630 1301 1664 μὲν
1327 1630 1469 1665 ἀραρότως
1492 1629 1540 1656 καὶ
1566 1629 1679 1660 ἀπαθῶς
1697 1629 1727 1655 ἐν
1741 1627 1825 1663 αὐτῷ’
1839 1628 1931 1654 ἀντιίο

1139 1684 1202 1711 χετο
1218 1675 1245 1702 δὲ
1261 1675 1308 1702 τοῦ
1324 1675 1394 1702 κατὰ
1407 1676 1456 1712 τὴν
1471 1675 1583 1711 διδαχὴν
1600 1674 1697 1702 πιστοῦ
1713 1675 1802 1709 λόγου,
1819 1674 1932 1709 οὐδεμιᾷ

1140 1722 1311 1757 πτυρόμενος
1328 1722 1383 1749 τῶν
1399 1721 1566 1758 νομιζόντων
1588 1722 1682 1756 φοσεῐν
1702 1721 1850 1757 προσῦολῗγ
1863 1720 1931 1747 ἀκα-

1140 1769 1295 1804 τάπληκτος
1319 1769 1347 1796 δὲ
1370 1769 1460 1804 μένων
1488 1769 1557 1804 πρὸς
1578 1769 1670 1795 πᾶσαν
1685 1767 1731 1795 τοῦ
1754 1767 1932 1803 πειράζοντος

1140 1817 1238 1850 πεῖραν
1256 1815 1303 1842 καὶ
1322 1816 1459 1851 ἀρρεπὴς,
1475 1815 1522 1842 καὶ
1548 1815 1597 1850 τὴν
1622 1815 1683 1841 κατ’
1696 1813 1780 1842 αὑτοῦ
1803 1813 1932 1849 ἀρῥαγῶς

1147 1859 1311 1895 Ἐκκλησίαν
1327 1859 1496 1895 συγκροτῶν,
1509 1860 1559 1895 τῆς
1570 1860 1624 1886 ἀπὸ
1634 1859 1689 1885 τῶν
1704 1858 1833 1886 ἐναντίων
1849 1866 1932 1885 πνευ-

1143 1906 1235 1942 μάτων
1248 1906 1379 1942 ἐπηρείας
1397 1906 1603 1942 ἀνεπηρέαστον
1615 1906 1719 1942 ἐτήρει.

1176 1995 1270 2028 Οὕτως
1287 1996 1301 2022 ὁ
1324 1995 1411 2031 μέγας
1425 1995 1539 2030 Μάρκος
1560 1995 1628 2030 πρὸς
1646 1995 1709 2026 τοὺς
1728 1994 1932 2030 ἐλληνίζοντας,

1140 2041 1190 2077 τὴν
1205 2042 1234 2068 ἐν
1250 2043 1306 2073 τοῖς
1321 2041 1421 2075 λόγοις,
1441 2041 1497 2067 ἔστι
1519 2041 1541 2067 δ’
1560 2041 1605 2067 ὅτε
1627 2041 1674 2067 καὶ
1689 2041 1738 2076 τὴν
1759 2042 1787 2067 ἐν
1809 2041 1934 2075 σημείοις

1141 2088 1188 2114 καὶ
1212 2087 1333 2122 τέρασιν,
1349 2086 1531 2121 ἀποστολικὴν
1551 2085 1666 2120 δύναμιν
1691 2085 1913 2121 ἐπιδεικνύμενος
1925 2105 1933 2117 ,

1140 2132 1196 2160 τῶν
1209 2131 1316 2159 οἰκείων
1331 2131 1405 2168 αὑτῷ
1421 2132 1491 2159 κατά
1511 2132 1602 2159 πίστιν
1617 2131 1654 2164 ὡς
1687 2132 1819 2167 ἱεράρχης
1833 2129 1934 2158 ἐνθεὼ-

1141 2186 1221 2209 τατος
1239 2178 1289 2213 τὴν
1312 2178 1451 2213 σωτηρίαν
1476 2178 1625 2213 ἱερούργει.
1644 2177 1724 2204 Ἀλλὰ
1741 2178 1783 2209 τίς
1797 2178 1811 2203 ό
1830 2177 1881 2212 τῆς
1895 2178 1935 2204 ἱε-

1144 2223 1271 2260 ρουργίας
1283 2223 1399 2259 τρόπος;
1415 2223 1512 2257 Δόγοις
1527 2224 1576 2258 μέν
1589 2223 1731 2257 θεοσοφίας
1748 2225 1795 2249 καὶ
1805 2223 1934 2250 διδασκα-

1143 2270 1204 2301 λίας
1218 2268 1265 2296 τοῦ
1283 2269 1452 2305 Πνεύματος,
1472 2270 1522 2301 τὰς
1539 2269 1630 2296 αὐτῶν
1658 2269 1795 2304 ὁσημέραι
1810 2269 1936 2304 κατεφώ-

1144 2316 1203 2349 τιζε
1217 2315 1316 2351 ψυχάς·
1338 2316 1385 2342 καὶ
1401 2315 1450 2351 τὴν
1466 2315 1603 2351 σαρκικὴν
1629 2316 1680 2350 μὲν
1702 2316 1806 2351 φιλίαν,
1821 2315 1868 2342 καὶ
1884 2315 1934 2350 τὴν

1145 2362 1289 2397 συνήθειαν
1312 2361 1363 2396 τῆς
1385 2361 1523 2396 ἁμαρτίας
1541 2361 1709 2394 ἐπικόπτων,
1742 2362 1781 2396 τῷ
1795 2361 1871 2396 νόμῳ
1886 2360 1935 2387 τοῦ

1144 2408 1302 2443 Πνεύματος
1317 2408 1363 2434 καὶ
1376 2407 1414 2442 τῷ
1431 2407 1534 2443 φίλτρῳ
1544 2408 1720 2442 κατηγγυᾶτο
1735 2406 1864 2442 Χριστοῦ⁵
1881 2407 1936 2433 πά-

1147 2463 1197 2490 σης
1221 2454 1249 2481 δέ
1277 2453 1414 2489 βλαὸερᾶς
1436 2454 1585 2488 ἐπιθυμίας
1611 2453 1742 2489 ἐξείργων
1764 2453 1813 2488 τῆς
1843 2452 1937 2486 ἀλογισ-

1147 2501 1223 2533 στίας
1242 2501 1297 2528 τῶν
1321 2501 1366 2527 ἐπὶ
1386 2501 1447 2536 γῆς,
1467 2501 1547 2535 μόνον
1563 2500 1617 2526 τῶν
1634 2500 1767 2536 οὐρανίων
1787 2499 1833 2526 καὶ
1849 2498 1936 2526 ἐστώ-

1145 2555 1210 2577 των.
1226 2547 1271 2573 καὶ
1288 2547 1372 2578 ὅντως
1387 2546 1477 2573 καλῶν
1493 2547 1543 2582 τὴν
1565 2546 1656 2582 ὄρεξιν
1672 2546 1825 2578 ἐνέσταζεν.

1185 2593 1231 2624 Ὠς
1255 2594 1284 2619 ἐν
1310 2593 1408 2628 βραχεῖ
1426 2592 1475 2628 μὲν
1489 2591 1537 2620 οὖν
1555 2593 1588 2627 δὴ
1603 2593 1700 2625 εἰπεῖν,
1718 2592 1805 2624 οὕτως
1826 2593 1854 2618 ἐν
1878 2593 1936 2623 τοϊς

1148 2638 1231 2672 ἱεροῖς
1246 2638 1335 2672 λόγοις
1349 2638 1398 2670 τὰς
1415 2637 1519 2664 πιστῶν
1533 2637 1667 2672 ᾠκοδόμει
1684 2637 1783 2672 ψυχάς·
1800 2637 1890 2672 ἔργοις
1907 2636 1936 2662 δὲ

1147 2684 1376 2721 πάλινέτὰςὶερὰς
1386 2683 1440 2710 τῶν
1455 2683 1534 2719 ἱερῶν
1547 2684 1704 2719 μυστηρίων
1717 2683 1936 2719 ἱεροτυπίαςῶθ)

1148 2761 1188 2789 uti
1202 2769 1257 2789 non
1285 2769 1399 2797 prorsus
1418 2761 1538 2789 liberum
1564 2761 1599 2789 sit
1618 2761 1873 2797 Constantinopoli,
1887 2762 1937 2790 sed

1147 2804 1179 2824 ea
1204 2796 1292 2832 quam’
1304 2798 1406 2832 passim
1425 2796 1453 2823 in
1480 2797 1566 2824 sacris
1591 2796 1705 2832 adhibet
1727 2796 1848 2824 Ecclesia
1865 2797 1940 2824 Con-

1148 2831 1395 2867 stantinopolitana
1409 2852 1416 2863 ,
1443 2866 1446 2867 ν
1464 2837 1564 2867 nempe
1599 2831 1811 2867 Chrysostomi;
1852 2833 1940 2860 certis

1146 2870 1230 2897 etiam
1242 2866 1341 2896 diebus
1356 2866 1459 2896 Basilii.
1476 2866 1571 2896 Edidit
1582 2866 1666 2896 Marci
1679 2866 1831 2897 Liturciam
1855 2867 1938 2896 Joan.
