2078 3154
167 176 220 210 9.97

571 174 712 205 ORATIO
731 174 790 205 XV.
809 187 844 193 -
861 175 904 206 IN
923 174 1081 206 LAUDEM
1095 175 1124 206 S.
1140 174 1259 205 MARCl
1280 175 1405 206 APOST.

1748 177 1800 209 298

170 235 308 269 πανιέρως
324 233 581 267 διασκευαζόμενος,
609 233 658 259 καὶ
676 232 834 267 προσευχὰς
859 232 961 266 ἐγγρά-

1014 232 1192 260 caeremonias
1232 233 1418 262 sacratissime
1445 241 1612 270 componens
1639 242 1672 263 ac
1707 244 1803 272 preces

169 289 236 315 (ρους
251 278 426 314 παραδιδοὺς,
443 279 490 305 καὶ
503 278 554 314 τὴν
570 278 703 314 μυστικὴν
719 278 766 305 καὶ
791 277 960 312 ἀναίμακτον

168 327 215 353 τοῦ
237 324 395 361 ζωαρχικοῦ
421 324 548 359 σώματος
572 324 621 350 καὶ
635 323 960 359 αϊματοςὶεροτελεστίαν

169 381 199 399 τε
230 373 278 400 καὶ
306 370 489 406 λειτουργίαν,
514 370 695 400 θεοτυπὼτοις
721 369 895 405 παραδόσεσι,
914 369 961 396 καὶ

169 417 296 452 ἁμώμοις
315 416 355 450 τῷ
380 415 517 450 πνεύματι
542 415 757 450 διατυπούμενος
778 415 959 447 ἀκολουθίαις,

169 463 254 490 ria-rev
278 472 307 489 τε
327 463 382 489 τῶν
397 462 563 497 βαπτισμῶν
592 465 640 488 καὶ
665 461 840 498 χειροτονιῶν
868 462 960 497 ἱερῶν,

170 508 217 534 καὶ
243 509 333 535 πᾶσαν
357 508 452 539 ἁπλῶς
474 508 524 542 τὴν
548 507 779 543 ἐκκλησιαστικὴν
807 507 959 542 ἱεραρχίαν,

169 554 258 589 εὐχῶν
282 563 312 580 τε
331 554 472 589 μυστικῶν
499 554 672 589 ἱερολογίαις,
702 553 750 580 καὶ
781 553 961 588 συμϐολικαῖς

169 601 362 636 θεσμοθεσίαις
377 600 564 632 ἀποστολικῶς
581 600 789 635 διαταξάμενος,
804 600 835 626 οὺ
851 601 884 635 τῇ
900 599 961 626 κατ’

169 648 252 674 αὑτὸν
264 648 346 682 γενεᾷ
363 647 454 682 μόνον,
479 647 548 674 ἀλλὰ
574 648 621 674 καὶ
642 647 742 678 πάσαις
760 647 834 681 ἑξῆς,
859 645 961 682 ἱεροθέ-

165 701 218 726 της
236 693 381 727 σωτήριος,
407 692 456 719 καὶ
477 693 575 728 καινῆς
601 691 734 727 διαθήκης
749 691 859 726 ἄριστος
882 699 964 726 νομο-

169 739 253 773 θέτης
271 739 458 774 ἀναπέφηνεν.

205 784 259 810 Kal.
274 783 323 818 οὐχ
344 783 439 819 ὥσπερ
458 784 561 819 Μωσῆς
583 785 687 815 ἐκεῖνος
706 784 720 810 6
744 783 827 816 πάνυ,
843 783 962 819 κραταιᾷ

167 830 241 864 χειρὶ
272 831 330 860 τοῖς
358 830 517 864 Αἰγυπτίοις
536 829 734 865 ἐμπεπαιλώς·
752 831 820 865 πρὸς
835 831 884 865 τὴν
899 830 962 865 ἔρη-

169 884 220 909 μον
234 875 262 902 δὲ
277 875 326 902 καὶ
352 876 384 902 τὸ
406 876 471 911 ὅρος
491 876 676 912 διαϐεϐηκώς·
691 876 801 906 ἐδέξατο
827 876 876 911 μὲν
891 877 962 903 ἄνω-

1015 277 1118 312 scripto
1133 277 1256 310 tradens,
1273 279 1471 313 mysticamque
1487 285 1513 307 et
1542 280 1715 308 incruentam
1735 282 1805 309 vivi-

1015 323 1059 349 tici
1075 323 1200 357 corporis
1215 328 1298 359 atque
1311 326 1452 359 sanguinis
1472 326 1687 355 celebrationem
1705 328 1804 356 ritum-

1015 376 1068 402 que
1081 368 1182 396 divinis
1198 370 1405 403 traditionibus,
1420 378 1453 398 ac
1468 372 1543 399 omni
1568 373 1632 401 labe
1648 374 1725 409 puris
1747 374 1806 402 olli-

1015 415 1066 442 ciis
1083 416 1253 448 inl'ormans;
1270 417 1465 453 baptismatum
1482 418 1601 454 denique
1616 427 1648 447 ac
1664 427 1804 450 sacrarum

998 461 1220 490 ,ordinntiouum
1248 463 1342 496 ritum,
1358 471 1523 499 omnemque
1543 471 1658 499 prorsus
1678 467 1806 494 ecclesia-

1015 508 1114 534 sticam
1131 508 1313 535 hierarchiam
1332 517 1443 544 precum
1456 512 1632 546 mysticarum
1650 513 1737 540 sacris
1752 521 1808 540 ser-

1017 554 1145 581 monibus
1164 561 1195 581 ac
1222 555 1382 590 symbolicis
1407 556 1629 586 institutionibus
1655 560 1806 593 apostolico

1016 606 1098 625 sensu
1117 603 1238 634 nutuque
1252 600 1411 632 instituens,
1424 602 1530 636 [nedum
1548 610 1615 636 suze,
1631 603 1677 631 sed
1699 610 1726 631 et
1737 612 1806 631 cun-

1015 645 1067 671 ctis
1082 645 1212 680 deinceps
1223 646 1362 679 aetatibus,
1377 647 1506 675 salutaris
1517 655 1661 676 sacrorum
1676 650 1804 685 antistes,

1016 690 1135 725 novique
1148 692 1305 719 testamenti
1319 694 1440 728 optimus
1453 694 1594 729 lt-gisiator
1609 695 1721 724 eil'ulsit.

1052 781 1107 809 Nec
1124 782 1195 809 sicut
1209 783 1407 811 celeberrimus
1428 784 1474 812 ille
1491 784 1579 813 Moses
1597 786 1624 812 in
1641 793 1724 814 manu
1739 787 1804 815 forti

1016 829 1157 863 percussis
1173 828 1319 864 Aigyptiis,
1333 833 1416 864 atque
1443 830 1470 857 in
1497 831 1637 859 desertum
1662 833 1805 866 secedens,

1016 881 1225 909 conscensoque
1240 880 1333 904 monte
1345 876 1456 904 caelitus
1469 877 1592 912 quidem,
1610 883 1638 906 at
1654 879 1682 906 in
1711 879 1806 907 littera

168 921 214 948 Θεν
227 922 320 957 νόμον,
337 922 383 948 τὸν
408 923 438 949 ὲν
456 923 601 958 γράμματι
618 923 661 949 δέ·
677 923 725 950 καὶ
742 923 883 958 νομοθετεῖ
898 922 959 957 μὲν,

1015 924 1106 947 tamen
1123 921 1239 954 positam
1253 921 1351 957 Legem
1368 923 1488 957 accepit;
1501 930 1534 950 ac
1547 923 1606 956 lege
1619 923 1730 959 quidem
1746 930 1806 952 sau-

169 969 243 1003 μόνῳ
259 967 299 1003 τῷ
322 968 431 1003 Ἰσραὴλ
453 968 481 995 δέ
492 976 499 983 ο
525 969 583 995 ἀλλ’
599 969 760 1003 Αἰγυπτίοις
778 969 827 1004 μὲν
842 970 958 1004 νοητοῖς,

167 1016 226 1045 ταῖς
251 1014 494 1049 ἅντιτεταγμέναις
511 1014 653 1050 δυνάμεσι,
682 1016 728 1042 καὶ
745 1017 811 1042 πᾶσι
826 1017 882 1047 τοῖς
895 1016 962 1041 ἀσε-

168 1062 244 1087 6ἐσιν
256 1060 312 1087 τῶν
326 1061 483 1095 Αἰγυπτίων
503 1061 739 1096 συμπλεκόμενος,
757 1062 805 1088 καὶ
820 1062 961 1096 κατακρά-

167 1116 212 1139 τος
227 1107 340 1138 τούτους
365 1107 550 1142 τροπούμενος
574 1108 621 1134 καὶ
646 1107 802 1144 καθαιρῶν*
821 1108 872 1143 τὴν
894 1108 960 1134 ἀσέο

168 1154 245 1180 ϐειαν
259 1154 287 1180 δὲ
303 1154 392 1180 αὐτῶν
408 1154 454 1180 καὶ
480 1154 626 1188 ἀσέλγειαν
641 1155 810 1190 ἀπημάντως
828 1155 866 1185 ὡς
885 1155 961 1189 Ἐρυ-

168 1201 236 1236 θρὰν
259 1202 288 1228 ἐν
311 1201 423 1236 Χριστῷ
445 1201 532 1236 Ἰησοῦ
557 1201 664 1234 διαϐὰς,
682 1201 729 1228 καὶ
752 1201 819 1236 πρὸς
832 1202 882 1236 τὴν
899 1202 961 1236 ἡρε-

170 1247 252 1281 μαίαν
266 1247 313 1274 τοῦ
327 1247 373 1274 νοῦ
390 1247 558 1274 κατάστασιν
574 1247 621 1273 καὶ
638 1247 775 1282 γαλήνιον,
792 1247 830 1279 ὡς
855 1246 960 1281 ἔρημον

168 1294 350 1329 προσ-χωρῶν,
375 1294 421 1320 καὶ
442 1293 481 1328 τῷ
508 1294 557 1328 τῆς
577 1293 716 1327 θεολογίας
734 1293 960 1328 προσαναῦαίνων

167 1340 226 1374 δρει
242 1340 331 1374 στόμα
346 1339 416 1366 κατὰ
437 1339 525 1374 στόμα
547 1339 696 1375 προσλαλεῐ
712 1339 750 1374 τῷ
766 1339 836 1375 Θεῷ·
854 1340 902 1366 καὶ
915 1339 961 1366 τὸν

167 1385 251 1419 νόμον
272 1385 380 1411 ἐκεῖθεν
397 1385 426 1411 οὺ
441 1385 487 1411 τοῦ
503 1385 679 1420 γράμματος,
694 1385 761 1412 ἀλλὰ
775 1385 822 1412 τοῦ
839 1386 961 1420 πνεύμα-

168 1439 214 1462 τος
230 1431 436 1465 νομοθετεῖται·
452 1431 498 1457 καὶ
524 1431 693 1466 ἱερουργίαν,
707 1431 736 1457 οὐ
753 1432 802 1467 τὴν
819 1433 848 1458 ὲν
865 1431 961 1463 τύποις

167 1486 197 1502 τε
225 1479 272 1503 καὶ
290 1479 392 1509 σκιαῖς,
407 1477 475 1504 ἀλλὰ
490 1477 538 1512 τὴν
565 1479 593 1504 ὲν
608 1477 723 1512 ἀληθείᾳ
750 1478 799 1504 καὶ
825 1477 962 1513 πνεύματι

167 1522 360 1558 θεωρουμένην
380 1519 619 1558 μυσταγωγηθεὶς,
634 1523 664 1549 οὑ
681 1524 713 1558 τῇ
728 1523 790 1549 κατ’
804 1523 886 1550 αὐτὸν
902 1523 964 1550 Ἐκ-

167 1568 269 1603 κλησίᾳ
284 1570 375 1604 μόνον,
394 1568 462 1595 ἀλλὰ
477 1570 509 1604 τῇ
527 1568 659 1604 καθολικῇ
679 1569 829 1604 νομοθετεῖ.
846 1570 901 1596 Καὶ
911 1571 960 1605 οὐχ

167 1615 208 1640 ἐνὶ
221 1615 302 1650 μόνον
316 1615 398 1648 ἔθνει,
411 1616 458 1642 καὶ
474 1614 561 1650 τούτῳ
581 1615 671 1650 μικρῷ
686 1616 733 1642 καὶ
752 1615 836 1650 ὁρίοις
851 1617 960 1652 μικροῖς

165 1660 363 1696 διειλημμένῳ,
382 1662 415 1697 τῇ
437 1662 585 1698 οἰκουμένῃ
601 1662 630 1689 δὲ
651 1662 737 1698 πάσῃ,
757 1663 803 1689 καὶ
826 1663 908 1689 παντὶ
923 1662 962 1698 τῷ

166 1707 358 1742 Χριστωνύμῳ
382 1707 545 1743 πληρώματι
572 1708 711 1743 μυστικῶς
740 1710 891 1736 ἐπιστατεῖ·
911 1709 960 1736 καὶ

165 1752 285 1787 διαθήκη
294 1753 386 1788 καινὴ,
401 1754 449 1780 καὶ
462 1753 610 1789 παράδοσις
627 1755 804 1790 ἀποστολικὴ,
819 1755 867 1782 καὶ
879 1755 962 1790 νόμος

165 1800 308 1835 ἀληθείας,
330 1802 383 1827 πᾶν
396 1801 425 1827 τὸ
440 1803 505 1837 παρ’
522 1801 628 1828 ἐκείνου
645 1801 750 1837 λεχθὲν,
765 1802 781 1837 ἢ
797 1802 959 1837 παραδοθὲν,

163 1847 195 1872 οὺ
212 1848 270 1879 τοῖς
291 1847 496 1882 Ἀλεξανδρεῦσι
512 1847 614 1883 μόνοις,
631 1848 700 1874 ἀλλὰ
712 1848 758 1874 καὶ
775 1848 876 1880 πάσαις
890 1848 958 1876 καθ-

164 1891 228 1918 όλου
244 1893 303 1923 ταῖς
317 1893 404 1926 ἱεραῖς
427 1891 602 1926 Ἐκκλησίαις
616 1893 789 1928 χρηματίζει,

211 1938 290 1965 Ἐπεὶ
310 1938 339 1964 δὲ
363 1938 463 1970 πάσαις
484 1938 536 1973 μὲν
560 1939 755 1971 ἀποστολικαῐς
771 1939 959 1974 θεοσημείαις,

164 1985 270 2016 πάσαις
284 1984 312 2011 δὲ
333 1983 418 2016 θείαις
430 1984 571 2019 χρώμενος
585 1985 764 2020 ἱερουργίαις,
778 1985 810 2011 τὸ
823 1985 905 2020 ἔργον
921 1985 962 2011 εὑ-

164 2030 284 2064 ἀρεστον
303 2029 363 2064 Θεῷ
378 2030 425 2056 καὶ
440 2029 543 2056 τέλειον
562 2030 612 2065 τῆς
627 2030 710 2057 αὐτοῦ
730 2030 887 2065 παρέστησε
902 2031 960 2056 δια-

165 2076 330 2108 κονίας,καὶ
347 2075 462 2107 πολλοὺς
479 2075 528 2111 μὲν
543 2075 582 2112 τῷ
597 2076 729 2112 χρίσματι
742 2076 792 2111 τῆς
810 2076 961 2111 ἱερωσύνης

163 2121 361 2152 τετελειωκὼς·
384 2121 559 2156 παμπόλλους
582 2122 611 2148 δὲ
625 2123 675 2157 τῆς
691 2121 834 2156 εἰδωλικῆς
847 2122 960 2157 ἀπάτης

165 2170 214 2195 καὶ
229 2168 335 2202 πλάνης
357 2169 511 2203 ῥυσάμενος
521 2187 528 2200 ,
546 2168 591 2194 διὰ
606 2169 725 2199 πίστεως
747 2168 906 2204 προσήγαγε
922 2167 960 2203 τῷ

164 2214 291 2248 Χριστῷ,
309 2213 383 2245 ἄξιον
399 2213 524 2249 κέκριται
546 2214 613 2250 μηδὲ
636 2214 687 2249 τῆς
702 2214 884 2250 ἀθλοφορικῆς
902 2214 958 2250 (57)

163 2260 248 2286 αὑτὸν
264 2259 461 2294 ἀπολελεῖφθαι
476 2260 572 2296 τιμῆς,

1015 962 1063 998 cii,
1080 974 1175 994 verum
1201 967 1253 996 soli
1272 967 1366 996 lsraeli
1381 977 1387 995 :
1405 969 1530 1004 quiuimo
1551 977 1613 997 cum
1632 971 1807 1005 spiritalibus

1016 1013 1151 1051 Egyptiis
1169 1016 1348 1051 (adversariis
1362 1016 1469 1044 scilicet
1485 1018 1668 1052 potestatibus
1683 1019 1807 1047 cunctis-

1016 1067 1070 1094 que
1085 1059 1277 1096 !Egyptiorum
1293 1061 1397 1097 impiis)
1408 1069 1586 1098 congressus,
1602 1063 1689 1098 iisque
1698 1065 1807 1100 penitus

1017 1105 1087 1133 fusis
1105 1113 1137 1133 ac
1166 1105 1329 1141 proﬂigatis,
1356 1114 1462 1134 necnon
1491 1106 1600 1135 illorum
1622 1108 1763 1144 impietate
1775 1117 1808 1138 ac

1016 1150 1140 1183 lascivia,
1159 1151 1248 1179 instar
1260 1152 1344 1180 maris
1356 1151 1442 1180 Rubri
1455 1154 1566 1181 innoxie
1579 1155 1606 1182 in
1617 1154 1727 1183 Christo
1741 1154 1806 1183 Jesu

1016 1201 1160 1231 superata;
1177 1198 1306 1233 velutque
1332 1200 1359 1226 in
1380 1199 1533 1233 desertum,
1559 1201 1593 1228 ad
1626 1203 1805 1237 tranquillum

1016 1245 1115 1271 mentis
1130 1248 1230 1271 statum
1248 1246 1426 1280 quietumque
1441 1247 1583 1279 secedens,
1598 1251 1712 1283 tumque
1723 1251 1808 1276 abun-

1015 1289 1050 1316 de
1067 1296 1221 1317 conscenso
1240 1291 1383 1326 theologia:
1397 1297 1499 1323 monte.
1517 1300 1564 1319 ore
1579 1293 1613 1320 ad
1627 1302 1658 1321 os
1675 1303 1737 1322 cum
1751 1295 1806 1323 Deo

1016 1343 1159 1364 sermones
1189 1337 1302 1371 miscet;
1325 1338 1444 1373 indeque
1465 1346 1518 1366 non
1547 1340 1656 1373 litterae,
1675 1342 1724 1370 sed
1753 1344 1808 1378 spi-

1016 1383 1086 1410 ritus
1103 1382 1190 1418 legem
1208 1383 1340 1418 docetur;
1365 1392 1529 1421 sacramque
1551 1386 1732 1422 l'unctionem,
1750 1398 1804 1418 non

1015 1436 1076 1464 qua:
1091 1429 1118 1456 in
1141 1429 1235 1465 ﬁguris
1251 1434 1278 1457 et
1303 1430 1426 1463 umbris,
1454 1433 1501 1460 sed
1516 1441 1576 1468 quae
1605 1433 1633 1461 in
1661 1435 1759 1470 spiritu
1778 1441 1806 1463 ct

1015 1474 1131 1501 veritate
1145 1474 1325 1510 intelligatur,
1337 1476 1479 1510 hauriens,
1493 1477 1592 1505 nedum
1605 1486 1662 1506 suae
1674 1480 1742 1514 ipse,
1757 1481 1803 1508 sed

1014 1524 1042 1547 et
1071 1520 1220 1548 universali
1245 1521 1336 1548 sancit
1366 1521 1514 1555 Ecclesiae;
1529 1531 1579 1550 nec
1604 1524 1650 1551 uni
1672 1524 1806 1552 duntaxat

1015 1566 1100 1600 genti,
1113 1567 1194 1607 eique
1213 1566 1360 1602 ejusmodi,
1378 1572 1408 1594 ut
1434 1568 1492 1603 ipsa
1512 1569 1621 1604 exigua
1641 1571 1806 1606 angustioric

1014 1611 1121 1646 busque
1146 1612 1272 1639 terminis
1300 1612 1501 1647 comprehensa
1525 1613 1573 1647 sit,
1596 1614 1644 1642 sed
1676 1615 1806 1643 universo

1014 1660 1151 1687 terrarum
1167 1657 1226 1684 orbi
1243 1665 1275 1684 ac
1301 1657 1523 1685 Christianorum
1541 1658 1616 1688 omni
1633 1659 1718 1686 coetui
1744 1667 1806 1695 my-

1014 1704 1084 1732 stice
1099 1704 1274 1739 praescribit;
1302 1712 1460 1739 novumque
1475 1709 1671 1733 testamentum
1689 1711 1715 1734 et
1736 1713 1804 1741 apo-

1013 1750 1112 1778 stolica
1129 1751 1252 1783 traditio,
1268 1751 1366 1786 lexque
1376 1751 1500 1779 veritatis
1515 1751 1603 1784 audit,
1617 1752 1752 1787 quidquid
1769 1752 1803 1779 ab

1013 1803 1046 1823 eo
1060 1795 1160 1823 nedum
1173 1796 1380 1831 Alexandrinis,
1399 1796 1446 1824 sed
1460 1800 1487 1824 et
1513 1798 1621 1826 cunctis
1653 1798 1803 1826 univcrsim

1012 1843 1117 1870 sanctis
1131 1841 1264 1870 Ecclesiis
1280 1843 1386 1870 dictum
1400 1847 1447 1870 aut
1459 1843 1591 1871 traditum
1612 1845 1657 1871 sit.

1049 1932 1128 1966 Quod
1158 1940 1224 1960 vero
1252 1932 1393 1961 universis
1419 1933 1583 1968 apostolicis
1607 1933 1695 1968 signis
1710 1934 1803 1962 divina

1012 1980 1115 2007 virtute
1145 1979 1286 2012 exhibitis,
1312 1979 1477 2012 cunctisque
1506 1979 1595 2007 sacris
1614 1979 1804 2008 iunctiouibus

1013 2025 1145 2060 peractis,
1165 2025 1309 2054 ministerii
1337 2026 1379 2053 sui
1397 2033 1467 2060 opus
1481 2033 1564 2061 quam
1585 2032 1727 2061 acceptum
1750 2026 1805 2054 Deo

1012 2071 1220 2107 perfectumque
1260 2071 1434 2105 reddiderat,
1466 2072 1616 2108 multisque
1637 2073 1804 2100 sacerdotali

1011 2120 1142 2147 unt-tione
1154 2120 1366 2151 consummatis,
1378 2120 1537 2155 cornplures
1553 2126 1568 2146 a
1587 2119 1802 2147 simulacrorum

1011 2167 1088 2193 cultu
1105 2170 1188 2201 atque
1204 2173 1300 2193 errore
1315 2166 1447 2194 liberatos
1460 2173 1508 2200 per
1523 2166 1604 2192 [idem
1621 2165 1734 2193 Christo
1754 2164 1789 2192 ad

1010 2211 1153 2247 iunxerat,
1172 2219 1264 2246 operm
1292 2212 1410 2245 pretium
1441 2212 1535 2239 visum‘
1550 2215 1604 2243 est,
1617 2219 1652 2238 ne
1668 2217 1694 2239 et
1706 2210 1804 2238 trium-

1004 2260 1095 2296 phalis
1116 2267 1178 2288 eum
1190 2267 1288 2295 pugna:
1307 2259 1396 2287 honor
1411 2258 1551 2286 deﬁceret.

164 2347 180 2367 a
195 2340 443 2376 Sancto-Andrea,
466 2340 599 2368 Ecclesia
615 2339 780 2368 Parisiensis
802 2339 963 2376 canonicos,
978 2340 1005 2371 D
1018 2340 1204 2376 singularitch
1214 2347 1244 2367 se
1265 2340 1379 2376 missum
1395 2347 1410 2366 a
1425 2338 1530 2376 Spiritu
1546 2343 1648 2376 sanctor
1662 2338 1806 2373 professus

164 2384 200 2402 ex
213 2376 276 2402 cod.
287 2375 446 2403 monasterii
461 2375 488 2402 S.
500 2376 592 2403 Mariae
605 2377 654 2410 τῆς
671 2375 851 2411 Ὀδηγητρίας
866 2376 894 2402 in
908 2375 961 2402 Ca-

165 2411 267 2442 labria,
277 2411 454 2438 ex-cribente
466 2415 548 2445 atque
558 2411 684 2438 mittente
696 2410 723 2438 Si
730 2410 797 2438 ricto
807 2410 960 2438 cardinale.

166 2446 341 2481 Fucrintque
351 2446 421 2473 adeo
435 2446 489 2473 duo
501 2447 590 2481 magni
606 2446 804 2481 autistitcsipsi
818 2453 961 2473 sacrorutn

165 2481 308 2508 antistites
332 2485 360 2508 et
386 2481 541 2508 divinarum
569 2482 794 2508 caeremoniarum
820 2485 959 2512 auctores,

164 2517 252 2543 ambo
271 2516 389 2551 apostoli
404 2516 519 2543 secundi
535 2516 653 2547 ordinis,
669 2517 721 2542 viri
745 2516 862 2543 maxime
877 2516 962 2550 spiri-

165 2552 248 2583 tales,
271 2552 392 2579 Jacobus
412 2557 440 2578 et
463 2551 586 2578 Marcus:
616 2551 689 2578 unde
710 2551 807 2586 rcliqui
832 2557 961 2586 tanquam

164 2594 201 2613 ex
215 2587 413 2622 limpidissimo
425 2586 511 2618 fonte,
527 2594 587 2621 quae
605 2587 665 2621 ejus
676 2587 785 2621 generis
799 2591 893 2613 sancta
909 2591 959 2622 tra-

163 2621 309 2652 diderunt,
334 2622 492 2654 hauserint;
510 2622 568 2648 sive
588 2622 670 2648 etiam
702 2622 767 2652 illis,
785 2629 834 2648 ceu
850 2621 960 2648 solidis-

164 2659 238 2684 simo
252 2657 445 2689 fundamento,
463 2664 511 2683 sua
540 2664 591 2691 pro
611 2663 764 2691 temporum
793 2657 899 2683 ratione
915 2657 958 2685 vel

164 2693 350 2726 explicatoria
364 2692 407 2718 vel
421 2692 556 2723 breviata,
574 2699 620 2719 seu
634 2692 714 2719 aliter
732 2691 896 2726 composita,
911 2699 959 2719 su-

168 2728 395 2762 perstruxerint;
412 2727 470 2754 sive
490 2726 516 2753 id
533 2727 571 2754 ita
595 2727 649 2754 illis
673 2732 848 2762 usurpatum,
865 2727 960 2755 divino

165 2761 314 2790 instinctu.
332 2770 364 2789 ac
379 2766 478 2796 sponte
506 2769 538 2789 ea
563 2767 703 2797 assumpta
726 2761 879 2797 provincia.
902 2762 959 2790 sive

163 2798 230 2832 quia
244 2799 364 2832 majores
379 2797 496 2831 apostoli
521 2797 594 2824 istud
619 2798 743 2824 muneris
760 2797 801 2824 eis
828 2797 957 2832 iniunxe-

163 2837 241 2863 runt,
259 2833 325 2859 dum
343 2832 394 2863 illi,
408 2832 442 2868 iis
452 2839 512 2866 quae
526 2836 591 2859 sunt
605 2833 718 2867 propius
736 2832 880 2868 apostolici
894 2840 956 2860 mu-

164 2868 253 2903 neris.
271 2868 321 2895 toti
334 2867 511 2903 incumbunt.
532 2867 558 2894 id
572 2872 624 2898 est.
652 2867 860 2902 praedicationi;
876 2875 958 2903 quam

165 2902 270 2931 Paulus
285 2904 325 2931 sic
338 2902 483 2938 proprium
496 2903 548 2929 sibi
559 2910 660 2930 munus
685 2903 783 2937 voluit,
802 2907 833 2931 ut
847 2903 881 2931 ad
907 2903 960 2931 hoc

338 2949 476 2979 ΡΑτιςιοι.
497 2949 555 2980 Gn.
572 2949 635 2980 CV.

1018 2374 1133 2407 sitfnon
1150 2376 1183 2402 ad
1198 2375 1406 2410 baptizandum.
1423 2376 1466 2402 vel
1478 2375 1560 2410 etiam
1574 2374 1607 2401 ad
1627 2375 1697 2401 ritus
1711 2381 1805 2410 sacros

1013 2409 1246 2438 conscribendum
1261 2419 1268 2436 :
1286 2417 1443 2445 quanquam
1459 2409 1605 2437 tradidisse
1631 2417 1693 2437 eum
1705 2409 1805 2438 Corin-

1015 2446 1092 2477 thiis,
1118 2454 1180 2480 qua:
1210 2445 1390 2473 Eucharistite
1418 2445 1502 2472 ritum
1522 2449 1691 2479 spectarent,
1714 2449 1742 2472 et
1769 2447 1803 2473 ad

1014 2481 1143 2513 εὐταξίαν
1155 2481 1183 2508 in
1198 2481 1334 2513 Ecclesia,
1351 2481 1460 2515 aliaque
1473 2481 1534 2515 ejus
1550 2480 1671 2515 generis,
1701 2481 1803 2508 nedum

1015 2517 1129 2551 scripto,
1149 2516 1197 2543 scd
1211 2516 1294 2543 etiam
1311 2515 1407 2546 verbo,
1425 2523 1458 2542 ex
1472 2518 1532 2551 ejus
1547 2516 1580 2542 ad
1593 2523 1642 2543 eos
1672 2515 1804 2551 Epistolis

1014 2551 1267 2586 compertissimum
1281 2556 1333 2578 cst.
1351 2551 1500 2579 DeJacobo
1518 2551 1586 2578 alias
1611 2551 1666 2578 dixi
1694 2553 1721 2578 in
1742 2559 1804 2578 meo

1011 2586 1163 2622 Hippolyti
1181 2586 1315 2617 indrculo,
1342 2586 1431 2620 deque
1455 2586 1582 2622 regendas
1614 2587 1744 2614 Ecclesia:
1771 2594 1804 2612 ac

1011 2621 1191 2649 instituenda:
1213 2622 1252 2648 sic
1280 2621 1351 2648 inter
1372 2622 1449 2648 illum
1460 2626 1489 2649 et
1499 2621 1612 2649 Petrum
1623 2629 1656 2649 ac
1668 2622 1802 2649 Joannem

1012 2657 1164 2684 distributo
1180 2665 1305 2684 munere.

1048 2693 1102 2726 (57>
1122 2692 1204 2723 Μηδέ
1224 2692 1276 2724 τῆς
1305 2691 1520 2726 (ὶθνίοφορικῆς.
1535 2692 1616 2719 Marci
1638 2691 1801 2726 martyrium

1012 2727 1128 2765 perinde
1162 2727 1264 2754 Meneta
1282 2727 1418 2765 referunt,
1448 2727 1581 2765 hictaph.,
1597 2726 1726 2760 Niceph.,
1746 2730 1799 2765 etc.

1012 2760 1091 2796 Quod
1105 2763 1195 2797 ignem
1208 2763 1358 2790 accessisse
1369 2763 1402 2790 ad
1419 2760 1529 2797 reliqua
1550 2766 1686 2789 tormenta
1702 2760 1802 2797 scribit

1013 2795 1134 2830 Hicetas.
1155 2797 1267 2824 videtur
1295 2798 1444 2833 singulare.
1470 2795 1563 2825 Potuit
1577 2796 1627 2833 sic
1658 2795 1738 2833 turba
1757 2800 1802 2822 tu-

1013 2834 1167 2860 multuante
1181 2841 1214 2860 ac
1226 2831 1401 2866 sasvienté,ut
1411 2837 1453 2860 est
1462 2831 1709 2866 Alexandrinorum
1725 2831 1802 2858 ferox

1014 2869 1167 2906 ingenium,
1184 2868 1302 2895 cadaver
1320 2869 1347 2906 in
1376 2869 1466 2906 ignem
1489 2866 1607 2906 conjici;
1628 2865 1701 2906 ttnde
1717 2865 1800 2894 Marci

1014 2901 1143 2939 discipuli
1157 2907 1310 2931 extractum
1327 2901 1477 2931 bonoriiice
1507 2901 1680 2936 sepelierint.

1517 2945 1552 2978 10
