2078 3154
271 181 324 212 299

307 232 439 268 Cumjam
454 233 546 268 itaque
571 236 672 267 praesto
697 235 773 259 esset
787 230 974 266 cmigrationis
990 234 1059 257 tem-
1076 233 1100 262 Α

273 288 325 316 pus
338 288 371 307 ac
385 279 496 315 praemia
508 277 675 306 conferenda
691 281 796 306 essent.
828 278 974 311 derepente
995 275 1059 303 Ale-

274 326 472 354 xandrinorum
503 324 685 359 nequissimis
701 324 777 351 zelus
791 323 958 356 inardescit;
985 322 1062 349 zelus

275 372 382 400 scilicet
412 369 578 398 daemoniaci
598 369 700 396 furoris
725 376 757 396 ac
786 369 828 396 sui
853 369 999 404 impotens.
1018 366 1061 399 Hi,

274 417 419 446 consilium
432 417 459 443 in
474 420 600 444 sanctutn
612 414 750 447 ineuntes,
766 418 848 450 atquc
860 414 888 441 in
915 413 977 448 ejus
989 413 1062 441 aedes

274 464 443 495 invadentes,
455 468 518 489 cum
533 460 706 488 Dominicum
729 468 799 496 opus
824 463 950 496 agentem
975 459 1062 486 offen-

274 510 391 542 dissent,
435 507 555 536 violenta
581 514 665 535 manu
699 507 855 541 ahreptum.
897 505 947 534 soli
981 504 1064 540 pavi-

274 559 369 583 mento
388 545 528 587 allidunt,
552 557 667 590 tumque
695 553 788 588 ligatis
803 560 819 580 e
835 552 906 581 collo
941 551 1062 582 funibus,

274 601 320 628 alii
334 599 446 635 quidem
464 599 554 628 media
569 598 736 626 Alexandria
748 597 868 626 ludibrio
884 596 1064 632 propudioso-

274 655 328 682 que
342 646 500 682 spectaculo
511 646 546 674 ab
563 650 626 673 ante
638 645 795 677 trahebant.
813 645 858 672 alii
874 643 962 672 secuti
982 643 1063 670 fusti»

273 692 529 727 huslapidibusque
548 690 704 718 tttndebant
720 699 728 717 :
745 697 800 725 qua
811 689 834 717 is
850 689 966 719 saevitia.
984 695 1064 716 sacra

275 738 387 773 Dquue
401 737 500 765 dilecta
516 744 548 764 ac
565 736 725 772 gratissima
738 735 848 763 victima
862 735 980 762 exstitit.

311 823 380 853 Eum
391 827 418 853 in
430 825 553 858 modum,
563 824 750 859 apostolorum
762 830 869 851 summa
885 822 1065 849 admiratione

274 872 368 906 digne,
393 877 537 898 sacrorum
568 869 722 896 antistitum
750 867 1064 899 sacratissime,triutn-

868 174 1015 205 NICET/E
1033 173 1299 205 PAPHLAGONIS

1857 173 1910 205 300

1157 228 1234 255 Ἐπεὶ
1248 227 1277 255 δὲ
1291 227 1341 262 ιι-ῑις
1354 226 1511 258 ἀναλύσεως
1525 227 1573 253 καὶ
1589 226 1643 253 τῶν
1659 227 1801 262 στεφάνων
1814 227 1830 255 ὁ
1845 236 1908 255 και-

1116 275 1162 310 ρὸς
1181 274 1232 310 ἤδη
1255 273 1366 309 παρῆν,
1382 273 1463 305 ζῆλος
1486 273 1535 308 μὲν
1555 272 1671 304 ἐξάπινα
1689 274 1746 306 τοῖς
1759 274 1814 300 τῶν
1836 274 1910 301 Ἀλε-

1113 320 1249 355 ξανδρέων
1265 319 1416 351 ἀνάπτεται
1433 318 1640 354 πονηροτάτοις
1655 319 1735 355 ζῆλος
1753 319 1909 355 δαιμωνιώ-

1113 366 1171 401 δης,
1184 366 1232 393 καὶ
1248 366 1279 392 οὺ
1291 365 1434 396 καθεκτός·
1454 365 1478 391 οἰ
1494 364 1659 399 συμϐούλιον
1676 366 1737 392 κατ’
1758 366 1842 393 αὑτοῦ
1859 367 1907 393 λα-

1114 412 1219 446 ϐόντες,
1238 412 1286 438 καὶ
1307 412 1357 447 τὴν
1385 411 1476 438 οίκίαν
1497 411 1546 437 τοῦ
1566 412 1706 447 μακαρίου
1723 413 1908 447 πεφθακότες,

1114 457 1161 484 καὶ
1173 456 1266 483 τοῦτον
1280 455 1328 483 τοῦ
1344 456 1450 492 Κυρίου
1464 455 1494 482 τὸ
1511 456 1592 491 ἔργον
1609 457 1814 490 καταλαὸόντες
1825 458 1907 493 ἰργα-

1115 501 1240 537 ζόμενον,
1257 501 1464 536 συναρπάζουσί
1475 510 1505 528 τι
1523 501 1658 537 σφοδρῶς,
1675 502 1723 529 καὶ
1736 502 1776 538 τῷ
1790 503 1840 538 τῆς
1856 504 1907 538 γῆς

1115 548 1210 582 ἐδάφει
1228 547 1478 584 προσαράσσουσιν.
1501 546 1570 575 Εῐτα
1591 547 1736 580 καλωδίοις
1756 547 1841 576 αὑτοῦ
1861 551 1908 576 τὸν

1115 592 1251 628 τράχηλον
1275 592 1443 628 ἐξάψαντες,
1466 593 1491 619 οἱ
1512 593 1561 628 μὲν
1577 592 1734 629 ἔμπροσθεν
1759 591 1851 622 εἷλκον
1865 594 1910 621 διὰ

1117 638 1204 673 μέσης
1223 639 1430 675 Ἀλεξανδρείας
1457 638 1645 675 θεατρίζοντες
1668 641 1715 666 καὶ
1733 640 1858 674 παίγνιον
1871 649 1910 667 τι-

1116 684 1217 716 θέντες
1234 686 1258 711 οί
1282 685 1311 711 δὲ
1328 685 1416 718 ξύλοις
1435 686 1481 712 καὶ
1505 685 1592 718 λίθοις
1609 686 1737 721 ἑπόμενοι
1754 687 1907 714 κατέκλων·

1118 732 1163 758 καὶ
1175 730 1250 766 θῦμα
1271 731 1343 766 ἱερὸν
1363 731 1434 757 οὕτω
1451 731 1498 758 καὶ
1518 731 1596 766 φίλον
1609 731 1669 767 Θεῷ
1684 732 1732 758 καὶ
1746 733 1908 767 εὐχάριστον

1118 776 1250 812 ίέρευσαν.
1558 782 1562 785 ·

1151 822 1269 855 Οὕτως,
1291 819 1314 849 ὧ
1335 821 1545 858 θαυμασιώτατε
1575 822 1630 849 τῶν
1655 823 1827 858 ἀποστόλων,
1853 823 1908 850 τῶν

1122 869 1257 905 ἱεραρχῶν
1287 868 1572 904 ίεροτελεστιχώκατε·
1589 869 1644 896 τῶν
1657 869 1821 905 άθληφόρων
1830 871 1908 906 στερ-

276 918 425 952 phatorum
442 916 606 944 athletarum
628 915 780 943 fortissime
795 921 826 941 ac
840 913 1062 950 generosissime,

1117 916 1214 952 ρότατε
1232 916 1281 943 καὶ
1300 916 1488 950 γενναιότατε,
1514 916 1544 942 τδ
1560 917 1688 952 σάρκινον
1707 917 1817 952 ἔλυτρον
1832 926 1908 952 μιαι-

276 965 421 989 cruentum
433 962 523 989 adhuc
539 961 697 989 necantitnn
724 960 851 987 manibus
871 960 993 987 scissum
1007 967 1066 986 car-

275 1009 319 1036 nis
332 1008 549 1043 integumentum
561 1007 732 1042 rclinquens,
746 1007 779 1034 ad
799 1006 960 1034 certaminis
975 1005 1064 1040 ipsum

276 1053 419 1089 prmsidem
435 1061 467 1080 ac
479 1052 654 1080 Servatorem
670 1052 810 1080 Christum
824 1059 924 1079 corona
958 1051 1065 1078 redimi-

275 1104 321 1126 tus
333 1103 462 1134 receptus
481 1105 526 1132 es;
550 1102 702 1133 posteaque
727 1105 808 1126 sacro
831 1098 877 1125 illo
901 1097 1065 1132 corpusculo

276 1145 332 1180 igni
354 1144 521 1176 sacrilicato,
539 1144 577 1171 ita
601 1144 723 1179 undique
750 1143 786 1175 ei.
810 1152 891 1179 quem
917 1144 1064 1175 dilexeras.

275 1191 366 1218 factus
382 1190 484 1223 hostia,
505 1189 697 1217 holocaustutn
725 1189 877 1224 perfectutu
908 1189 1065 1217 immacula-

277 1241 334 1263 tum
350 1237 377 1263 in
389 1235 501 1264 odorem
518 1236 662 1264 suavitatis
689 1235 798 1263 oblatus
809 1242 849 1262 es.

311 1281 480 1316 Aveitaque,
496 1281 587 1308 divine
612 1280 761 1316 divinoqtte
786 1289 869 1308 sensu
881 1281 1063 1315 evangelista!

276 1326 381 1356 Gaude.
390 1327 461 1360 quod
470 1326 522 1353 etsi
532 1325 656 1353 inferiori
667 1325 811 1353 duodecim
819 1325 914 1352 ordine
925 1333 956 1352 ac
965 1325 1064 1358 classe,

276 1371 414 1407 Evangelii
444 1375 536 1399 tamen
562 1370 705 1399 functione
727 1379 759 1399 ac
771 1371 905 1399 Paraclcti
919 1371 1008 1404 donis,
1031 1373 1065 1400 ab

276 1425 372 1445 eorum
394 1417 462 1445 nihil
477 1417 647 1453 perfectione
664 1417 792 1446 delicias.

312 1506 408 1534 Gaude
419 1506 491 1541 quod
505 1506 640 1542 apostolis
669 1511 699 1534 ut
721 1507 871 1542 apestolus,
891 1506 1065 1541 cvangelistis

277 1556 408 1587 tanquam
435 1552 616 1587 evangelista,
646 1553 810 1587 patriarchis
841 1556 869 1579 ut
897 1553 1061 1586 patriarcha,

277 1603 359 1632 atque
374 1602 404 1624 ut
415 1603 518 1634 martyr
534 1599 700 1634 martyribus
727 1603 944 1626 connumeratus
970 1599 1007 1626 sis
1030 1606 1062 1626 ac

277 1649 436 1680 euoptatus;
469 1645 588 1679 hincque
627 1646 694 1673 varii
717 1647 826 1681 generis
847 1654 948 1673 corona
966 1645 1064 1673 eximie

276 1689 456 1725 praefulgens,
472 1697 580 1717 sunnno
596 1691 717 1717 ornnium
739 1689 804 1726 Regi
822 1696 912 1718 astare
928 1698 942 1718 a
959 1690 1064 1718 dextris

277 1737 293 1762 ιι
307 1743 377 1771 guns
390 1735 500 1763 habitus
515 1743 556 1762 es.

313 1781 420 1814 Gaude,
449 1781 522 1816 quod
544 1788 597 1808 non
614 1781 709 1814 semel,
732 1781 778 1808 sed
807 1785 835 1809 et
864 1781 975 1817 saepius.
991 1781 1064 1809 bono

277 1828 341 1855 Jesu
362 1827 519 1854 testimonio
540 1826 714 1861 perfunctus,
737 1834 825 1862 neque
845 1827 930 1854 semel
956 1828 1065 1854 vinctus

279 1874 402 1904 funibus,
420 1872 508 1899 media
529 1872 641 1899 civitate
654 1877 770 1906 tractus,
787 1878 814 1900 et
828 1871 965 1900 laceratus
979 1872 1066 1899 carni-

279 1919 329 1946 hus
352 1926 393 1951 es,
406 1923 432 1944 et
457 1922 504 1944 tuo
530 1918 618 1952 ipsitts
641 1925 739 1945 cruore
769 1917 911 1945 infectus:
933 1918 980 1945 sed
1004 1922 1066 1953 post

278 1965 394 1999 primum
419 1963 566 1995 lanienam,
593 1963 744 1991 setnivivus
764 1963 791 1989 in
813 1971 953 1990 carcerem
971 1963 1065 1999 conje-

277 2016 352 2043 ctus,
368 2018 401 2037 ac
418 2016 500 2037 noctu
520 2010 642 2044 angelica
656 2017 722 2037 voce
737 2015 850 2037 sanatus
867 2015 949 2045 atque
965 2010 1066 2038 anima-

277 2062 341 2090 tus,
359 2061 386 2084 et
401 2057 428 2083 in
459 2057 611 2084 crastinum
630 2056 712 2084 simili
735 2057 825 2083 adhuc
845 2057 953 2083 ratione
967 2056 1066 2092 ligatus

278 2107 439 2137 tractusque
453 2121 460 2134 ,
478 2102 561 2137 inque
575 2110 637 2129 eutn
656 2103 766 2129 modum
780 2103 897 2129 astantis
910 2102 1017 2129 Domini
1034 2109 1066 2129 ac

279 2148 354 2182 pacis
366 2148 461 2175 osculo
477 2147 608 2174 donantis
622 2151 734 2181 aspectu
749 2151 891 2174 recreatus
918 2146 989 2174 nulla
1006 2154 1066 2174 ver-

279 2193 376 2219 borum
393 2191 417 2218 vi
435 2191 588 2226 explicahili
602 2192 701 2226 gaudio
714 2198 742 2219 et
756 2192 939 2220 exsultatione
954 2193 987 2219 ad
1003 2199 1065 2219 eum

278 2239 417 2274 emigrasti
424 2257 431 2265 .

313 2285 418 2317 Gaude,
434 2283 535 2317 Marce,
568 2283 673 2311 Επείεί
707 2285 863 2312 mandatum
887 2293 919 2312 ex
945 2286 1067 2314 nominis

279 2331 338 2365 ipsa
357 2331 475 2356 ratione.
509 2329 579 2357 Vere
603 2330 675 2357 enim
701 2331 834 2358 Altissimi
866 2331 1065 2367 propemodum

280 2377 439 2404 mandatum
456 2377 597 2409 exstitisti,
608 2378 765 2412 justiticaus
781 2386 828 2406 eos
844 2378 891 2413 qui
916 2386 1068 2414 sequeren-

281 2426 335 2452 tur,
346 2429 378 2448 ac
388 2421 575 2449 condetnnans
585 2429 644 2453 eos,
655 2423 702 2456 qui
714 2426 762 2449 tuo
773 2422 920 2457 Evangelio
934 2423 1066 2450 increduli

280 2471 382 2494 essent.
401 2465 496 2494 Gaude
508 2472 536 2494 et
549 2467 652 2499 laetare,
672 2467 766 2502 tuique
778 2474 931 2495 memorum
949 2475 1066 2500 memor,

281 2518 335 2540 tua;
350 2520 400 2540 nos
412 2512 546 2541 claritatis
569 2517 596 2540 et
624 2513 729 2548 gratiae,
756 2517 809 2540 tuae
825 2513 851 2540 in
877 2513 1068 2548 cmlisjucun-

280 2559 374 2586 ditatis
402 2563 429 2586 et
444 2559 597 2594 splendoris
615 2561 764 2594 participes
790 2560 919 2594 precibus
937 2559 1024 2593 eﬂice,
1038 2560 1065 2586 in

278 2606 388 2632 Christo
402 2605 467 2632 Jesu
479 2605 595 2632 Domino
612 2609 718 2638 nostro,
734 2605 779 2633 cui
795 2609 837 2633 est
852 2605 950 2636 honor,
979 2605 1066 2642 gloria

278 2655 305 2678 et
317 2655 438 2685 potestas
452 2654 564 2678 aeterna.
586 2650 684 2678 Amen.

1116 959 1206 993 φόνοις
1221 958 1262 986 ἐτι
1281 959 1450 995 ῥηγνύμενον
1467 960 1562 996 χερσὶν
1574 961 1666 995 ἀφεὶς,
1682 961 1750 996 πρὸς
1766 962 1813 989 τὸν
1833 962 1908 996 ἀγω-

1115 1003 1228 1038 νοθέτην
1249 1004 1297 1030 καὶ
1313 1004 1428 1039 Σωτῆρα
1443 1005 1657 1040 στεφανηφορῶν
1671 1006 1825 1042 ἀνελήφθης
1840 1007 1908 1041 Χρι-

1116 1049 1190 1076 στόψ
1207 1049 1255 1077 καὶ
1272 1049 1303 1076 τὸ
1318 1050 1390 1085 ἱερὸν
1406 1049 1435 1077 δὲ
1452 1050 1522 1085 μετὰ
1541 1050 1628 1077 ταῦτα
1645 1052 1783 1086 σωμάτιον
1798 1052 1842 1080 διὰ
1855 1061 1907 1079 rru—

1117 1097 1164 1130 p‘c
1185 1096 1425 1131 ἱερουργούμενος,
1446 1097 1494 1123 καὶ
1504 1096 1586 1128 οὕτω,
1601 1097 1644 1124 διὰ
1660 1098 1769 1125 πάντων
1787 1098 1826 1134 τῷ
1836 1099 1908 1134 ὴγαο

1116 1141 1219 1177 πηκότι
1235 1150 1264 1168 σε
1280 1142 1502 1178 καθιερούμενος,
1515 1143 1700 1179 ὀλοκάρπωμα
1715 1144 1817 1172 τέλειον
1829 1144 1908 1180 ἄμω-

1117 1196 1167 1223 μον
1181 1188 1222 1220 είς
1238 1187 1327 1224 ὀσμὴν
1345 1188 1458 1220 εὐωδίας
1479 1189 1633 1225 ἀνηνέχθης
1646 1189 1731 1225 αὐτῷ.

1151 1275 1237 1311 Χαῖρε
1249 1275 1350 1307 τοίνυν,
1370 1272 1393 1302 ὦ
1415 1275 1542 1303 θεσπέσιε
1567 1277 1615 1303 καὶ
1629 1276 1743 1312 θεόφρον
1761 1276 1908 1311 εὐαγγελι-

1116 1321 1177 1348 στά.
1194 1321 1291 1356 Χαῖρε,
1304 1321 1345 1348 ὃτι
1359 1322 1383 1348 εἰ
1395 1321 1443 1348 καὶ
1462 1323 1511 1357 τὴν
1523 1322 1600 1356 τάξιν
1614 1323 1663 1358 τῆς
1675 1322 1824 1354 δωδεκάδος
1838 1323 1906 1348 ὑπο-

1115 1365 1238 1402 ϐέϐηκας
1250 1387 1257 1399 ,
1272 1367 1341 1394 ἀλλὰ
1357 1369 1391 1403 τῇ
1405 1368 1545 1404 ίερουργίᾳ
1557 1367 1603 1395 τοῦ
1614 1368 1781 1403 Εὑαγγελῐου
1794 1368 1840 1395 καὶ
1852 1369 1908 1400 τοῖς

1115 1412 1162 1440 τοῦ
1197 1414 1378 1450 Παρακλήτου
1410 1410 1577 1450 χαρίσμασῖν
1614 1414 1691 1442 οὐδὲν
1717 1415 1766 1450 τῆς
1794 1415 1908 1453 ἐκείνων

1116 1458 1244 1494 ἐλείφθης
1264 1459 1447 1493 τελειότητος.

1152 1504 1250 1540 Χαῖρε,
1277 1505 1319 1532 ὅτι
1344 1506 1401 1537 τοῖς
1423 1505 1582 1537 ἀποστόλοις
1597 1505 1635 1538 ὡς
1663 1505 1829 1538 ἀπόστολος,
1852 1507 1908 1538 Ιτοῖς

1117 1550 1324 1585 εύαγγελισταῖς
1343 1551 1381 1583 ὡς
1397 1551 1610 1586 εὐαγγελιστὴς,
1637 1551 1686 1578 καὶ
1701 1552 1757 1583 τοίς
1772 1551 1908 1587 πατριάρ-

1114 1605 1176 1631 χαις
1192 1595 1242 1630 μὲν
1264 1595 1302 1628 ὡς
1320 1597 1503 1632 πατριάρχης,
1520 1596 1558 1627 ὡς
1588 1596 1692 1631 μάρτυς
1707 1596 1736 1622 δὲ
1761 1596 1818 1628 τοῖς
1838 1595 1908 1630 μάρη

1114 1649 1176 1667 τυσι
1206 1641 1443 1677 συνηριθμημένος
1474 1642 1522 1668 καὶ
1538 1641 1766 1676 συντεταγμένος,
1782 1641 1830 1668 καὶ
1845 1649 1908 1667 ποι-

1115 1686 1183 1722 κίλῳ
1198 1687 1324 1723 στεφάνῳ
1341 1687 1385 1714 διὰ
1401 1687 1488 1714 ταῦτα
1504 1686 1752 1722 καθωραῖζόμενος.
1766 1687 1799 1713 ὲκ
1813 1686 1908 1720 δεξιῶι

1115 1733 1292 1768 παραστῆναι
1304 1733 1342 1768 τῷ
1355 1733 1526 1769 Παμῦασιλεῖ
1539 1732 1728 1765 καταειοῦσαι.

1150 1779 1249 1815 Χαῖρε,
1263 1780 1362 1815 ὂτιούχ
1372 1779 1447 1812 ἅπαξ
1470 1779 1520 1815 τὴν
1539 1778 1625 1814 καλὴν
1645 1777 1732 1813 Ἰησοῦ
1752 1777 1908 1813 μαρτυρίαν

1115 1824 1323 1861 ἐμαρτύρησας,
1365 1825 1510 1853 πλεονάκις
1531 1824 1580 1851 δέ·
1604 1823 1658 1850 οὐδ’
1685 1823 1758 1856 ἅπαξ
1779 1823 1909 1858 σχοινίοις

1115 1871 1276 1903 καταδεθεὶς
1302 1870 1347 1897 διὰ
1373 1870 1459 1906 μέσης
1480 1870 1530 1905 τῆς
1550 1869 1655 1901 πόλεως
1679 1869 1843 1904 εἰλκύσθης,
1861 1868 1908 1895 καὶ

1116 1916 1166 1948 τὰς
1180 1917 1286 1952 σάρκας
1314 1915 1518 1952 κατετρύφθης,
1549 1916 1597 1943 καὶ
1620 1915 1660 1952 τῷ
1689 1915 1782 1949 οἰκείῳ
1809 1915 1908 1950 αἵματι

1117 1962 1232 1998 ὲσάφης·
1249 1962 1317 1990 ἀλλά
1338 1962 1408 1998 μετὰ
1430 1962 1475 1988 τὸν
1499 1962 1666 1997 σπαραγμὸν
1682 1961 1727 1988 τὺν
1745 1961 1853 1997 πρῶτον
1866 1962 1906 1993 είς

1116 2008 1231 2044 εἱρκτὴν
1255 2007 1390 2043 ἡμιθανὴς
1410 2006 1569 2042 ἐμϐληθεὶς,
1592 2007 1640 2033 καὶ
1659 2006 1692 2033 δι’
1713 2005 1829 2040 ἀγγέλου
1849 2014 1906 2039 φω-

1116 2054 1165 2089 νῆς
1182 2053 1277 2084 νυκτὸς
1293 2053 1377 2084 ἰαθεὶς
1393 2052 1441 2079 καὶ
1458 2051 1717 2087 προθυμοποιηθείς·
1731 2051 1779 2078 καὶ
1794 2052 1828 2085 τῇ
1842 2050 1906 2085 ἑξῆς

1116 2098 1194 2130 αὖθις
1218 2099 1319 2134 ὁμοίως
1336 2097 1425 2130 δεθεὶς
1456 2099 1504 2125 καὶ
1533 2098 1712 2133 κατασυρεὶς,
1743 2097 1790 2124 καὶ
1822 2096 1909 2128 οὕτως

1116 2144 1267 2171 ἐπιστάντα
1289 2144 1336 2171 τὸν
1362 2143 1464 2179 Κύριον
1484 2145 1531 2172 καὶ
1556 2144 1703 2180 εἰρηνικῶς
1718 2143 1909 2178 ἀσπαζόμενον

1116 2190 1292 2225 τεθεαμένος,
1307 2190 1377 2225 μετὰ
1390 2191 1477 2226 χαρᾶς
1488 2191 1629 2226 ἀφράστου
1654 2191 1701 2217 καὶ
1721 2189 1909 2224 ἀγαλλιάσεως

1078 2249 1106 2281 D
1119 2237 1291 2272 ἑξεδήμησας
1311 2238 1380 2272 πρὶς
1393 2237 1486 2264 αὐτόν.

1154 2284 1251 2320 Χαῖρε,
1265 2284 1363 2319 Μάρκε
1373 2304 1381 2315 ,
1394 2283 1413 2317 ἡ
1425 2283 1479 2311 τοῦ
1488 2283 1621 2318 Ὑψηλοῦ
1632 2282 1753 2316 ἐντολὴ,
1773 2281 1845 2309 κατά
1859 2281 1909 2317 τὴν

1120 2330 1260 2366 σημασίαν
1286 2329 1332 2356 τοῦ
1359 2330 1510 2365 ὀνόματος·
1537 2330 1585 2356 καὶ
1602 2329 1657 2366 γὰρ
1678 2328 1785 2364 ἀληθῶς
1808 2327 1910 2362 τρόπον

1119 2376 1180 2403 τινὰ
1205 2375 1253 2403 τοῦ
1278 2375 1405 2410 Ὑψίστου
1422 2375 1537 2410 γέγονας
1563 2375 1669 2411 ἐντολὴ,
1699 2373 1841 2401 δικαιοῦσα
1859 2373 1911 2407 μὲν

1119 2421 1184 2452 τοὺς
1199 2421 1362 2455 ἑπομένους,
1375 2420 1580 2456 κατακρίνουσα
1601 2420 1629 2447 δὲ
1649 2420 1712 2452 τοὺς
1727 2418 1910 2449 ἀπειθοῦντας

1119 2465 1158 2501 τῷ
1175 2465 1332 2501 Εὐαγγελίῳ
1359 2474 1416 2493 σου·
1439 2468 1518 2502 χαῖρε
1541 2467 1589 2493 καὶ
1616 2466 1776 2502 εὐφραίνου,
1792 2464 1910 2491 καὶτῶν

1120 2512 1303 2548 μεμνημένων
1330 2521 1377 2539 σου
1397 2512 1582 2547 μεμνημένος,
1609 2513 1660 2548 τῆς
1688 2512 1737 2547 σῆς
1758 2511 1836 2546 δόξης
1862 2512 1910 2537 καὶ

1118 2558 1240 2594 χάριτος,
1255 2559 1305 2594 τῆς
1319 2558 1369 2593 σῆς
1391 2559 1421 2585 ἐν
1443 2559 1569 2594 οὐρανοῖς
1589 2557 1759 2594 εὐφροσύνης
1780 2557 1827 2583 καὶ
1840 2556 1909 2591 λαμ-

1118 2604 1255 2640 πρότητος
1286 2604 1437 2640 πρόσευξαι
1464 2605 1622 2640 μετασχεῖν
1640 2605 1671 2631 ἑν
1688 2602 1799 2639 Χριστῷ
1819 2602 1909 2637 Ἰησοῦ

1117 2650 1156 2685 τῷ
1172 2650 1266 2686 Κυρίῳ
1279 2650 1367 2686 ἡμῶν,
1380 2647 1402 2685 ᾧ
1417 2651 1434 2685 ἠ
1448 2649 1522 2683 δόξα,
1535 2650 1603 2686 τιμὴ
1613 2650 1660 2677 καὶ
1671 2650 1771 2685 κράτος
1786 2649 1908 2677 αἰώνιον.

1125 2696 1222 2732 Ἀμήν.
