2078 3154
208 133 263 166 303

803 130 949 160 ΝΙΟΕΤίΒ
966 130 1227 165 PAPHLAGUNIS

1790 131 1841 162 304

210 195 254 217 est
270 187 515 215 sanctiﬁcationem
532 187 610 214 nobis
626 187 805 217 asciscanms,
822 185 998 220 condignam-

1058 194 1139 218 .tsvm,
1162 186 1208 212 τὸν
1235 186 1300 221 παρ’
1318 185 1407 212 αὐτῶν
1438 185 1486 219 μὲν
1504 185 1638 220 ἁγιασμὺν
1659 185 1700 219 ἐφ’
1727 187 1842 218 ἑαυτοὺς

211 242 264 269 que
283 234 336 261 illis
350 233 449 264 vicem,
467 232 584 259 salutem
600 236 723 259 nostram
740 230 899 258 elici-amns.

359 288 376 309 \

247 320 376 348 Sanctum
387 318 495 354 quidem
506 326 537 345 ac
545 316 844 349 convenientissimum,
856 321 885 343 ut
893 316 938 351 qui
947 316 1001 342 Deo

212 367 410 402 propinquant,
435 371 530 391 onmes
550 362 678 389 laudibus
701 366 782 397 atque
806 363 910 389 honore
936 370 1000 397 pro-

214 419 371 446 sequamur,
385 410 432 438 sed
447 417 493 436 eos
509 409 637 440 maxime,
662 408 708 443 qui
735 408 854 434 maxima
875 407 930 435 Deo
955 416 1002 435 ne-

212 456 380 484 cessitudine
395 454 558 489 junguntur.
578 453 639 480 Non
665 453 737 480 enim
764 460 859 479 omnes
878 453 1000 486 ejusdem

211 501 317 528 ordinis
332 508 363 527 ac
373 500 471 527 classis
482 499 634 531 exsistunt;
648 499 694 526 sed
712 499 738 525 in
749 498 836 532 primo
848 498 893 525 alii
905 506 1001 531 censu,

212 547 258 574 alii
289 547 317 573 in
349 550 488 580 postremo
515 545 661 572 habentur.
694 545 740 572 Uti
767 545 896 571 nimirum
918 545 1002 572 etiam

214 593 285 627 apud
303 600 380 627 reges
396 597 475 619 terrae
490 599 543 618 non
557 598 630 618 unus
658 591 786 625 idemque
801 591 923 617 omnium
937 598 1003 617 cou-

213 646 308 666 sessus
325 638 492 673 gradusque,
520 637 566 665 sed
595 637 641 664 alii
662 637 763 671 primo,
790 636 835 662 alii
863 641 1002 672 p'istrcmo

214 686 351 712 habentur
377 693 383 711 :
407 684 519 718 quidam
548 683 630 710 etiam
659 682 760 713 medio,
789 689 840 716 pro
868 682 1003 717 cujusque

214 729 323 755 virtutis
335 728 450 760 ratione,
467 731 514 754 aut
529 727 590 761 ejus
603 726 648 761 qui
662 730 761 761 praeest
773 727 806 753 ad
819 734 867 754 eos
883 734 979 754 amore
995 737 1000 753 :

214 774 251 800 ita
280 773 411 800 nimirum
439 773 520 800 etiam
539 772 567 799 in
593 773 750 800 coelestibus
775 772 903 805 arbitror,
933 772 1003 800 alios

215 820 371 854 superiores
385 818 647 853 eminentior-asque,
664 818 732 846 alios
746 818 893 846 inferiores
906 824 1002 846 nactos

1054 232 1284 268 ἐπισπασώμεοαο
1315 232 1433 267 ἀμοιϐὴν
1455 232 1483 259 δὲ
1508 233 1601 264 αὐτοῖς
1618 232 1780 269 ἀξιόχρεων,
1794 235 1844 268 τὴν

1054 278 1134 313 ἡμῶν
1153 278 1291 314 σωτηρίαν
1307 277 1535 312 ἀφοσιωσώμεθα.

1090 323 1197 354 Πάντας
1214 323 1264 357 μὲν
1280 321 1327 349 οὖν
1346 323 1440 357 ὑμνεῖν
1452 322 1499 348 καὶ
1510 323 1593 358 τιμᾷν
1607 324 1670 355 τοὺς
1685 325 1846 359 ὲγγίζοντας

1053 368 1093 402 τῷ
1107 367 1177 402 Θεῷ,
1192 368 1264 394 ὅσιόν
1281 376 1310 394 τε
1325 366 1394 403 ὁμοῦ
1408 368 1454 393 καὶ
1473 368 1711 402 πρεπωδέστατον·
1726 371 1846 406 μάλιστα

1053 414 1082 440 δὲ
1095 415 1158 445 τοὺς
1182 414 1298 449 μάλιστα
1324 413 1411 448 τούτῳ
1439 415 1712 449 προσῳκειωμένους.
1732 418 1768 443 Οὐ
1792 419 1846 452 γὰρ

1054 461 1103 495 τῆς
1119 460 1202 494 αὐτῆς
1217 457 1286 486 εἶναι
1303 461 1408 490 πάντας
1425 460 1530 491 τάξεως
1546 460 1592 486 καὶ
1604 461 1737 493 στάσεως·
1751 462 1846 498 ὥσπερ

1053 505 1085 540 δὴ
1101 506 1148 531 καὶ
1172 506 1248 540 παρὰ
1272 507 1329 535 τοῖς
1348 505 1478 540 κρατοῦσι
1503 505 1564 539 γῆς,
1580 506 1610 531 οὐ
1638 507 1701 541 μιᾶς
1722 509 1781 534 οὐδὲ
1797 510 1846 543 τῆς

1054 551 1139 586 αὐτῆς
1168 552 1268 582 πάντες
1299 551 1433 586 καθέδρας
1457 552 1473 586 ἢ
1503 552 1625 584 στάσεως
1655 556 1846 588 τυγχάνουσιν-

1054 596 1110 623 ἀλλ’
1124 598 1148 623 οἱ
1165 596 1215 631 μὲν
1229 596 1350 631 πρώτης,
1371 597 1395 622 oi
1417 597 1445 623 δὲ
1467 597 1596 632 ἐσχάτης·
1612 598 1686 625 ἄλλοι
1701 599 1729 625 δὲ
1744 600 1848 627 τούτων

1056 641 1157 677 μεταξὺ
1175 642 1235 668 κατ’
1248 643 1394 675 ἀναλογίαν
1409 643 1458 676 τῆς
1472 644 1584 678 ἀρετῆς,
1604 645 1619 677 ἢ
1634 644 1683 680 τῆς
1697 645 1744 672 τοῦ
1765 647 1848 682 ὑπερ⁹

1054 689 1163 723 ἐχοντος
1180 687 1248 722 πρὸς
1263 688 1362 719 αὐτοὺς
1377 688 1567 715 διατάττονται
1585 689 1738 724 φιλότητος·
1762 690 1848 722 οὕτως

1055 733 1174 768 ἡγοῦμαι
1199 734 1250 760 κάν
1276 736 1331 766 τοῖς
1358 734 1503 769 οὐρανίοις,
1521 737 1584 767 τοὺς
1610 736 1659 770 μὲν
1680 737 1847 772 ὑπερτέρας,

1054 779 1116 810 τοὺς
1133 779 1162 806 δὲ
1176 780 1390 814 καταδεεστέρας
1405 781 1497 816 λαχεῖν
1512 781 1626 814 τάξεως,
1644 782 1784 817 ἀναλόγως
1795 784 1845 818 τῆς

1058 824 1210 858 μειωτικῆς
1223 824 1277 850 ἀπὸ
1293 825 1348 851 τῶν
1375 825 1494 860 πρώτων
1519 827 1641 860 ὑφέσεως
1672 828 1718 854 καὶ
1749 829 1850 856 ὑποδά-

214 865 304 897 sedes,
316 872 347 892 ea
366 869 425 892 rata
449 865 564 897 ratione,
579 871 632 899 qua
648 871 663 891 a
678 864 774 898 primis
800 865 904 892 minore
935 872 1003 899 pra:-

1058 877 1135 900 σεως.
1152 870 1182 895 Εἰ
1194 869 1222 896 δὲ
1237 872 1404 905 μακαριστοὶ
1424 871 1537 903 πάντες,
1554 873 1600 898 καὶ
1615 871 1714 905 πάντες
1735 874 1848 901 ἐπαινε-

215 912 316 939 stantia
356 915 438 946 atque
470 911 571 938 virtute
599 910 742 938 recedunt.
765 910 843 943 Quod
871 912 893 938 si
909 918 1003 938 omnes

216 958 287 984 beati
306 957 403 984 merito
422 956 587 992 praedicandi
599 963 682 991 atque
696 957 821 984 laudibus
835 957 1003 989 celebrandi,

216 1004 295 1038 longe
312 1003 388 1037 prius
405 1003 450 1038 qui
471 1003 558 1038 primo
574 1003 600 1029 in
618 1003 672 1029 illis
686 1003 773 1038 gradu
799 1006 872 1035 sunt,
901 1002 1004 1037 prima-

215 1058 269 1084 que
280 1049 392 1077 Christo
408 1048 616 1076 necessitudine
631 1049 762 1075 devincti.

251 1095 311 1128 Quo
327 1095 410 1131 igitur
432 1095 492 1122 loco
520 1094 650 1122 Theclam
681 1094 891 1126 collocabimus,
919 1102 1005 1122 sacrre

219 1143 281 1169 tldei
296 1142 426 1169 decorum
437 1142 546 1177 pignus,
564 1141 727 1169 venerandae
752 1141 918 1176 virginitatis
944 1149 1004 1168 mo-

217 1189 283 1220 nile,
301 1189 431 1215 intactam
452 1187 556 1214 Christi
581 1195 722 1222 sponsam,
748 1187 932 1215 inviolabilem
959 1196 1005 1223 ge-

217 1235 319 1263 nialem
349 1233 546 1262 lectum?Ubi
575 1233 700 1269 inquam,
730 1241 820 1269 quove
845 1234 941 1261 ordine
972 1242 1004 1261 ac

217 1283 277 1310 lico
305 1286 467 1314 statuemus,
499 1288 581 1316 quam
603 1281 629 1308 ei
652 1280 861 1308 convenientem
894 1281 1003 1308 laudem

217 1326 334 1354 oblaturi
351 1333 446 1353 sumus
457 1326 468 1352 'I
478 1325 572 1353 Illisne
585 1325 778 1352 accensebitur
789 1325 835 1359 qui
848 1325 1005 1359 virginitate

217 1374 379 1406 sanctisque
405 1371 530 1397 moribus
562 1371 645 1397 vitam
672 1371 862 1402 instituerunt,
889 1375 918 1397 ut
944 1377 1004 1405 qua:

219 1416 348 1443 nimirum
366 1416 456 1443 omnis
472 1415 610 1442 castitatis
626 1415 743 1449 vitaeque
758 1414 894 1450 religiosae
907 1422 1004 1442 norma

220 1463 321 1490 mumlo
348 1461 508 1489 exstiterit?
530 1461 608 1488 Haud
637 1462 776 1488 enimvero
801 1469 817 1488 a
846 1460 1003 1496 triumphali

218 1510 325 1544 agmine
342 1508 439 1535 abesse
462 1507 605 1541 patiatur;
623 1513 650 1534 at
672 1514 761 1541 neque
788 1507 903 1541 primam
930 1513 1004 1533 mar-

1055 915 1108 947 τοὶ,
1120 916 1210 950 πολλῷ
1223 916 1331 951 πρῶτον
1344 918 1368 943 οἱ
1384 917 1489 953 πρῶτοι
1500 918 1550 953 τὴν
1561 918 1639 951 τάξιν
1654 921 1702 946 καὶ
1716 920 1766 955 τὴν
1781 921 1849 956 πρὸς

1055 960 1101 987 τὸν
1119 961 1237 996 Χριστὸν
1257 962 1406 989 οίκείωσιν.

1091 1090 1147 1116 Ποῦ
1167 1090 1255 1118 τοίνυν
1269 1092 1388 1127 θήσομεν
1405 1092 1519 1125 Θέκλαν,
1533 1093 1563 1120 τὸ
1574 1094 1624 1129 τῆς
1642 1095 1718 1130 ἱερᾶς
1732 1095 1850 1128 πίστεως

1055 1135 1186 1171 ἄγαλμα,
1213 1137 1243 1163 τὸ
1279 1139 1329 1172 τῆς
1370 1138 1472 1173 σεπτῆς
1507 1139 1655 1174 παροενίας
1695 1141 1849 1176 κειμήλιον,

1054 1181 1104 1217 τὴν
1128 1182 1266 1217 ἄψαυστον
1290 1184 1337 1209 τοῦ
1363 1183 1483 1218 Χριστοῦ
1505 1185 1614 1220 νύμφην
1630 1187 1675 1212 καὶ
1687 1187 1851 1214 ἀνεπίϐατον

1056 1228 1182 1255 παστάδα
1195 1237 1201 1261 ;
1219 1229 1273 1256 Ποῦ
1288 1230 1402 1265 ταύτην,
1419 1230 1465 1257 καὶ
1478 1231 1507 1257 ὲν
1522 1231 1590 1266 ποίῳ
1603 1232 1710 1267 θέμενοι
1720 1233 1850 1268 τάγματι,

1056 1274 1105 1310 τὴν
1125 1275 1194 1311 αὐτῇ
1212 1276 1371 1309 πρέπουσαν
1386 1276 1489 1304 αἵνεσιν
1503 1278 1689 1314 προσάξομεν;
1699 1280 1765 1312 Ταῖς
1778 1289 1851 1316 παρ-

1055 1320 1169 1348 Θενικῶε
1197 1323 1242 1348 καὶ
1265 1322 1345 1354 ὁσίως
1374 1323 1549 1358 βεὸιωκυίαις
1580 1326 1781 1358 συντετάξεται,
1814 1328 1852 1359 ὠς

1054 1366 1202 1401 ἀγνότητος
1212 1368 1301 1403 πάσης
1311 1369 1357 1394 καὶ
1365 1369 1514 1404 ἁσκητικοῦ
1526 1370 1584 1406 βίου
1593 1371 1738 1407 νομοθεσία
1745 1373 1801 1407 (59)
1812 1374 1852 1408 τῷ

1056 1411 1106 1446 βίῳ
1120 1413 1269 1448 γενομένη;
1286 1414 1356 1441 Ἀλλ’
1374 1415 1424 1442 οὐκ
1439 1415 1472 1442 ἂν
1488 1418 1538 1450 τῆς
1553 1416 1734 1452 ἀθλοφορικῆς
1747 1419 1852 1445 ἀπολεί-

1055 1458 1152 1485 πεσθαι
1168 1459 1269 1492 τάξεως
1281 1460 1434 1495 ἀνάσχοιτο·
1443 1462 1499 1488 ἀλλ’
1510 1462 1569 1489 οὐδὲ
1579 1463 1612 1489 τὰ
1622 1465 1791 1499 πρωτοτόκια
1802 1467 1852 1500 τῆς

1057 1504 1210 1539 μαρτυρίας
1235 1505 1307 1540 ἄλλῳ
1325 1508 1453 1541 παρεῖναι
1484 1508 1673 1541 καταδέξαιτο*
1692 1510 1786 1545 πρώτη
1801 1520 1851 1545 γυ-

219 1555 281 1590 tyrii
301 1555 421 1581 lauream
439 1553 486 1580 ulli
504 1553 662 1580 mortalium
678 1553 758 1580 cedat
775 1561 782 1586 ;
799 1559 860 1587 quae
877 1552 1005 1580 videlicet

1058 1549 1158 1575 ναικῶν
1171 1550 1287 1583 ὲντόνοις
1296 1552 1426 1586 ἀγωνίαις
1437 1553 1467 1579 τὺ
1475 1553 1524 1588 τῆς
1539 1553 1649 1590 θηλείας
1659 1555 1766 1590 φύσεως
1779 1558 1850 1583 ὄνει-

219 1599 364 1627 mnlierum
387 1599 485 1632 prima,
501 1597 677 1625 contentione
693 1597 831 1628 certandi,
848 1597 1006 1632 ingentique

217 1643 372 1670 animorum
389 1642 425 1676 vi,
440 1642 583 1670 muliebris
603 1649 686 1669 sexus
698 1642 831 1677 probrum
844 1642 1004 1674 sustulerit,

220 1690 366 1724 primaque
397 1688 542 1722 spirituale
578 1688 752 1722 pancratium
791 1687 969 1715 desudaverit
997 1696 1004 1721 ;

218 1741 280 1769 quae
313 1733 414 1760 teneris
444 1731 558 1766 pedibus
588 1731 735 1759 draconem
767 1731 842 1759 illum
878 1739 1007 1766 magnum

221 1779 388 1816 protriverit,
417 1786 448 1805 ac
476 1779 549 1805 velut
589 1779 681 1812 regina
710 1785 724 1804 a
759 1777 865 1804 dextris
904 1777 1004 1805 summi

219 1825 341 1851 omnium
369 1823 450 1858 Regis
476 1831 577 1850 corona
603 1823 731 1857 insignita
745 1823 790 1849 sit.
818 1822 888 1855 Quid
913 1822 1005 1856 igitur,

221 1870 379 1905 triumphali
397 1868 499 1904 agmini
514 1868 704 1895 accensebitur
719 1868 730 1894 ?
746 1867 891 1894 Enimvero
920 1867 1006 1894 Paulo

221 1915 424 1952 praedicationis
440 1915 527 1947 socia,
542 1922 660 1948 eumque
680 1913 814 1941 doctrinis
828 1921 860 1940 ac
877 1913 1006 1947 operibus

222 1963 337 1994 imitata,
364 1961 559 1993 communique
583 1960 806 1995 persecutionum
829 1966 860 1986 ac
883 1959 1009 1986 tentatio-

221 2016 286 2036 nttm
305 2007 406 2040 stadio,
422 2006 523 2034 Christi
542 2005 605 2034 Jesu
631 2006 774 2041 apostolus
793 2005 876 2036 facta,
904 2009 1008 2040 marty-

221 2062 282 2081 rum
309 2057 381 2081 coetu
410 2052 533 2080 coerceri
559 2052 638 2078 nolit.
668 2050 793 2084 Quonam
822 2050 905 2086 igitur
927 2051 1007 2077 modo

220 2101 281 2133 ejus
298 2099 427 2126 laudibus
441 2098 634 2133 deiungentes,
649 2105 710 2132 qua:
731 2102 809 2132 grata
826 2096 918 2124 futura
941 2098 1007 2129 sint,

222 2143 532 2179 praestiterimus?Num
552 2142 643 2177 plane,
664 2149 718 2169 non
742 2145 871 2176 tanquam
898 2149 931 2169 ex
955 2150 1008 2168 una

1057 1595 1101 1626 δος
1112 1596 1285 1630 περιελοῦσα,
1298 1600 1344 1624 καὶ
1356 1598 1450 1634 πρώτη
1463 1600 1558 1635 νοητὸν
1570 1602 1740 1636 παγκράτιον
1750 1604 1850 1636 διαγω-

1058 1642 1200 1677 νισαμένη·
1224 1643 1271 1669 καὶ
1283 1644 1361 1670 ποσὶν
1379 1645 1493 1677 ἁπαλοῖς
1512 1646 1557 1673 τὸν
1575 1647 1709 1681 δράκοντα
1725 1657 1851 1675 καταπα-

1060 1687 1166 1722 τήσασα
1187 1689 1233 1715 τὸν
1250 1689 1347 1724 μέγαν·
1362 1691 1411 1717 καὶ
1425 1692 1594 1728 στεφηφόρος
1605 1690 1650 1720 οἷα
1662 1693 1805 1728 βασίλισσα
1817 1695 1850 1722 ἐκ

1060 1732 1156 1765 δεξιῶν
1178 1734 1215 1768 τῷ
1230 1735 1412 1770 Παμϐασιλεῖ.
1426 1737 1458 1763 Τί
1471 1736 1518 1764 οὖν
1529 1747 1536 1770 ;
1549 1740 1604 1770 τοῖς
1620 1739 1780 1775 ἀθλοφόροις
1789 1749 1850 1767 συν-

1060 1779 1201 1812 τετάξεται
1210 1789 1216 1813 ;
1231 1781 1300 1807 Ἀλλ’
1313 1782 1381 1817 αὑτὴ
1391 1783 1489 1818 Παύλῳ
1495 1785 1542 1811 τοῦ
1551 1785 1710 1819 εὐαγγελίου
1719 1788 1850 1822 κοινωνή-

1061 1833 1131 1852 σασα
1152 1826 1219 1861 (60),
1241 1827 1288 1853 καὶ
1307 1829 1339 1863 τῇ
1357 1830 1473 1863 μιμήσει
1488 1830 1542 1856 τῶν
1568 1830 1656 1865 λόγων
1679 1832 1791 1859 καὶτῶν
1805 1832 1851 1866 ἐρ-

1059 1878 1126 1904 γων·
1141 1872 1188 1898 καὶ
1200 1873 1232 1906 τῇ
1245 1874 1375 1909 κοινωνίᾳ
1390 1875 1443 1900 τῶν
1467 1875 1595 1910 διωγμῶν
1610 1877 1658 1903 καὶ
1677 1879 1848 1913 πειρασμῶν.

1061 1915 1208 1947 ἀπόστολος
1230 1917 1318 1952 Ἰησοῦ
1335 1918 1455 1954 Χριστοῦ
1473 1920 1656 1955 γεγενημένη,
1673 1921 1723 1947 οὐκ
1744 1921 1777 1948 ἂν
1790 1921 1851 1948 ἐθέ-

1061 1962 1102 1988 λοι
1118 1963 1174 1994 τοίς
1189 1963 1309 1998 μάρτυσι
1324 1965 1515 1999 περιωρίσθω.
1533 1966 1594 1998 Πῶς
1609 1964 1655 1994 οὖν
1672 1967 1756 2000 αὐτὴν
1772 1968 1851 1994 ἐπαι-

1062 2006 1182 2040 νοῦντες,
1197 2009 1384 2044 κεχαρισμένα
1405 2009 1557 2045 δράσαιμεν
1575 2011 1629 2043 ἄν;
1652 2011 1687 2037 ’Ἦ
1705 2011 1784 2047 δῆλον
1811 2012 1849 2043 ὡς

1062 2051 1112 2077 οὺκ
1134 2051 1164 2083 ἐξ
1186 2052 1246 2084 ἐνὸς
1274 2053 1290 2088 ἢ
1311 2053 1446 2088 δευτέρου;
1465 2055 1546 2089 μόνον
1570 2057 1793 2092 προτερήματος’
1817 2057 1850 2083 ὲκ

1062 2097 1171 2123 πάντων
1200 2097 1229 2124 δὲ
1252 2098 1306 2125 τῶν
1335 2099 1415 2134 ἱερῶν
1440 2101 1525 2135 αὐτῆς
1550 2101 1774 2137 ἐπιτηδευμάτων
1785 2100 1849 2135 ,βοίς

1063 2142 1134 2169 κατὰ
1162 2143 1193 2170 τὸ
1217 2145 1368 2180 ἀκρότατον
1395 2146 1634 2182 ὲνευδοκιμηκέναι
1674 2150 1850 2186 μεμαρτύρη-

222 2190 342 2217 alterave
364 2189 454 2217 solum
470 2188 643 2221 excellentia,
670 2188 718 2215 sed
742 2196 776 2215 ex
798 2187 926 2214 omnibus
947 2187 1005 2222 ejus

1059 2195 1116 2220 ται,
1135 2189 1254 2226 ἀγαπῴη
1270 2190 1303 2217 ἂν
1320 2191 1490 2219 ἐπαινεῖσθαι
1513 2194 1560 2220 καὶ
1577 2182 1777 2229 θαυμάζεσθαι.

222 2236 310 2262 sacris
323 2235 472 2266 institutis,
489 2233 589 2268 quibus
604 2240 711 2260 summe
726 2233 871 2264 claruisse,
883 2233 1048 2267 egregiaque
1082 2233 1162 2262 laude
1193 2235 1364 2270 perfunctam
1392 2245 1462 2270 esse,
1487 2238 1668 2274 conspicuum
1701 2246 1753 2274 est,
1788 2241 1848 2269 lau-

220 2281 280 2309 dari
298 2284 407 2315 exoptet
423 2287 455 2307 ac
471 2278 645 2306 admirationi
662 2278 778 2305 haberi?

258 2326 314 2360 (59)
333 2324 511 2359 Ἀσκητίκοῦ
520 2325 592 2357 ,βίου
599 2325 771 2358 νομοθεσία.
790 2323 903 2358 Norma,
915 2326 1006 2360 regula

222 2361 282 2388 vita:
295 2361 434 2395 religiom.
456 2360 501 2387 Sic
517 2360 614 2386 merito
630 2361 752 2394 σεμνεῖον
783 2364 863 2395 vocat
888 2368 1004 2395 sequen-

223 2396 307 2427 tibus,
324 2396 465 2422 aadiculam
495 2395 523 2420 in
555 2399 646 2421 monte
669 2402 752 2429 prope
780 2394 944 2428 Seleuciam,
961 2396 1006 2423 tibi

223 2431 342 2464 quietam
358 2430 441 2457 vitam
457 2430 652 2464 agebat,extra
670 2431 770 2455 civium
788 2431 894 2460 turbas.
907 2435 934 2457 et
951 2439 1006 2465 quo

224 2465 298 2491 illam
326 2465 433 2492 femina:
462 2470 489 2490 et
517 2465 610 2498 acgroti
639 2465 916 2497 conveniebant;ubi
942 2471 969 2493 et
992 2474 1005 2492 ιι

224 2504 299 2533 petra
310 2507 392 2527 orans
408 2500 547 2533 absorpta,
561 2504 588 2525 ut
599 2499 633 2526 ab
644 2499 752 2533 spurcis
767 2499 925 2527 hominibus
936 2505 1009 2528 esset

223 2535 262 2562 illi
278 2540 346 2567 tuta,
360 2535 465 2561 illibata
477 2534 631 2568 virginitas.
656 2535 697 2560 Sit
723 2535 814 2568 itaque
837 2535 950 2568 Thecla,
970 2535 1009 2562 uti

225 2574 387 2606 martyrum,
401 2569 440 2606 sic
452 2574 478 2596 et
494 2576 634 2596 sacrarum
656 2569 804 2606 virginum.
832 2571 884 2596 sub
915 2575 1010 2597 sancto

224 2606 350 2633 instituto
370 2605 496 2639 princeps
508 2609 669 2640 etnormat
678 2611 742 2640 vere
765 2605 927 2640 ὰ-εξκήτρεια,
949 2606 1010 2639 ejus

225 2641 263 2668 illi
276 2639 394 2667 instituti
410 2638 519 2666 auctore
547 2646 645 2673 magno
658 2639 752 2666 Paulo.
779 2638 868 2666 Nostri
886 2638 1010 2667 l‘horen-

225 2683 268 2713 ses
278 2676 348 2713 hanc
360 2675 466 2713 laudem
481 2673 738 2713 lilal'thaztiribuunt,
753 2675 810 2713 sive
822 2675 903 2713 etiam
922 2674 1012 2713 Maria:

225 2709 400 2745 Magdalenté,
415 2718 476 2744 quce
500 2711 541 2737 sic
568 2709 722 2744 religiosam
743 2710 825 2736 vitam
854 2709 1010 2743 coluerint;

225 2744 374 2779 acquidem
395 2745 527 2772 Martham
552 2744 681 2772 similium
709 2745 844 2779 virginum
873 2745 1009 2777 sodalitno,

225 2781 296 2813 quod
313 2780 392 2807 ﬁdem
409 2781 529 2811 haberet,
546 2779 597 2807 nisi
617 2784 677 2806 acta
708 2779 875 2813 laborarent,
896 2788 956 2814 qua:
984 2784 1011 2807 et

226 2814 289 2841 l'ius
304 2813 324 2840 V
339 2823 354 2841 e
369 2815 447 2841 Ιὶιιιη.
465 2814 605 2842 Breviario
619 2822 727 2840 movere
741 2815 889 2849 cogitabat,
904 2813 935 2842 ut
952 2819 1011 2843 erat

227 2849 441 2878 ununctissima-
460 2850 545 2883 naris,
561 2854 587 2878 et
602 2849 642 2876 sic
667 2849 780 2877 incertis
798 2850 870 2884 piam
889 2849 1009 2878 ﬁdelium

1059 2326 1250 2362 credulitatem
1265 2327 1375 2354 onerari
1391 2335 1462 2362 aegre
1479 2328 1595 2358 ferebat.

1095 2361 1152 2395 (60)
1163 2361 1398 2402 Τςῇεύᾳγτελίοιζ
1411 2361 1634 2402 κοίνωγήσρσαι
1647 2365 1692 2393 Sic
1703 2367 1847 2402 evangelii.

1060 2403 1108 2424 seu
1123 2396 1327 2434 praedicationis
1341 2397 1416 2424 socia
1440 2398 1526 2425 Paulo
1554 2399 1654 2428 Thecla
1675 2396 1791 2434 exstitit:
1818 2396 1848 2429 ut

1061 2439 1114 2458 non
1131 2431 1181 2458 nisi
1199 2431 1326 2466 privatim
1343 2439 1375 2458 ac
1392 2434 1565 2466 necessitate,
1588 2436 1645 2463 sive
1670 2435 1747 2464 Pauli
1780 2431 1847 2465 alio.

1061 2474 1177 2500 rumque
1206 2467 1395 2493 ministrorum
1427 2468 1558 2500 absentia,
1596 2471 1712 2498 docendi
1748 2479 1849 2500 munus

1062 2501 1202 2541 usurparit
1216 2510 1222 2527 :
1237 2502 1312 2541 quod
1326 2503 1483 2541 ce_rte__ips_is
1497 2503 1576 2541 _Pauli
1591 2506 1696 2541 legibus
1708 2515 1740 2534 ac
1754 2506 1849 2535 Ecde-

1061 2536 1118 2573 size,
1133 2536 1167 2573 de
1188 2536 1377 2573 mulierumrin
1399 2536 1520 2566 Ecclesia
1547 2536 1667 2573 sileniio,
1686 2549 1740 2568 non
1757 2547 1847 2569 nocet.

1062 2570 1140 2603 Quod
1155 2578 1220 2609 ergo
1237 2571 1386 2603 ἀπόστολος
1401 2573 1503 2600 dicitur
1517 2574 1647 2609 singulari
1661 2570 1848 2609 excellentia,

1062 2613 1139 2632 more
1155 2604 1311 2632 Graecorum
1338 2612 1396 2645 est,
1413 2609 1459 2642 qui
1486 2604 1623 2645 apostolos
1656 2612 1775 2645 proclive
1800 2604 1848 2639 vo;

1063 2644 1127 2667 cant
1143 2647 1189 2668 eos
1202 2648 1298 2682 ompes
1317 2642 1517 2682 quininurem“
1529 2644 1589 2682 ﬁdei
1601 2642 1728 2682 “ina-juris
1746 2647 1847 2682 aliquid

1064 2683 1154 2710 opera:
1162 2676 1350 2716 contulerunt.
1363 2677 1412 2716 “Sic
1423 2677 1477 2716 illis
1490 2678 1618 2716 discipuli
1641 2676 1737 2709 omnes
1752 2676 1849 2716 primi-

1066 2718 1119 2750 que
1135 2711 1390 2750 ministriapostoli.
1419 2712 1460 2750 sic
1487 2711 1683 2750 Constantinus
1709 2711 1849 2750 Augustus

1067 2745 1252 2784 ίσαπόστολος,
1266 2753 1315 2784 par
1330 2747 1455 2784 apostolis
1484 2748 1570 2783 eisque
1591 2757 1735 2784 consonus,
1753 2745 1785 2778 ἷιι
1799 2752 1848 2778 Se-

1066 2789 1147 2822 verus
1163 2781 1189 2807 in
1203 2780 1331 2822 Martipo.
1346 2781 1392 2809 Sic
1407 2780 1545 2822 “Mentqu
1560 2785 1616 2820 Τῆς
1630 2786 1710 2819 ἁγίας
1729 2780 1852 2822 ’μεγαλο-

1067 2816 1204 2857 perprope;
1223 2816 1270 2857 διαὶ
1284 2817 1460 2857 ξσαποστόλου
1484 2816 1600 2856 eum:
1623 2816 1852 2857 Atiatdl.'1rpwto-

1067 2853 1171 2886 μάρτυς
1183 2851 1326 2879 ἁπόστολε.
