2078 3154
208 192 261 224 305

615 192 759 223 ORATIO
773 193 849 223 XVI.
867 205 901 211 —
919 193 959 223 ΙΝ
977 193 1134 224 LAUDEM
1155 194 1184 223 S.
1205 194 1373 224 THECLAE.

1793 199 1846 230 306

248 250 360 284 Πρῶτον
375 249 424 284 μὲν
439 246 486 276 οὗν
501 249 551 284 τὴν
566 249 736 285 παρθενικὴν
752 248 835 285 αὐτῆς
858 250 891 276 ὲκ
906 250 1002 285 νεότη-

1091 250 1212 277 Primum
1242 251 1334 286 itaque
1371 252 1532 287 virginalem
1569 253 1630 288 ejus
1659 261 1673 280 a
1701 253 1845 289 iuventute

207 304 254 328 τος
276 296 462 331 ἀναστροφὴν,
481 296 582 331 μᾶλλον
601 295 631 322 δὲ
662 296 712 331 τὴν
736 297 776 327 είς
797 296 916 331 Χριστὸν
936 295 1004 330 ἁγά-

210 350 293 377 πησιν
317 342 366 368 καὶ
391 341 484 369 πίστιν
508 342 580 368 κατὰ
605 341 721 377 δύναμιν
754 341 947 376 ὲπαινώμεθασ
969 341 1003 369 δι’

209 384 252 422 ἧς,
274 387 292 421 ἦ
320 395 350 413 τε
375 386 511 421 ampliean
533 387 612 422 καὶή
641 386 755 422 ἄθλησις
776 387 1001 420 ὑπερανθήσασα,

210 433 251 464 εἰς
273 432 323 468 τὴν
343 432 528 466 ἀποστολικὴν
546 432 632 467 αὐτὴν
650 431 867 467 προσανύῲωσεν
882 433 1005 468 κορυφὴν

210 478 227 512 ἢ
245 478 400 513 περιωπήν.
420 478 500 512 "Ap-rt
520 478 574 514 γὰρ
585 478 632 504 τοῦ
662 478 784 512 μεγάλου
807 479 857 514 τῆς
876 478 1005 514 ἀληθείας

210 523 426 558 εὐαγγελιστοῦ,
453 524 503 558 τῆς
521 524 652 558 οὐρανίας
668 524 716 550 καὶ
741 525 1005 560 μεγαλοφωνοτάτης

210 570 258 596 τοῦ
275 569 442 604 Εὑαγγελίου
462 569 589 604 βροντῆς,
604 570 654 603 τῆς
668 570 832 604 ὑπερφώτου
848 570 901 596 τῶν
917 571 1006 606 ἔργων

211 614 330 650 Χριστοῦ
347 615 394 641 καὶ
410 614 500 648 λόγων
522 614 669 649 ἀστραπῆς
695 615 769 650 (61)·
794 615 901 642 Παύλου
921 616 1005 649 λέγω,

211 661 260 687 τοῦ
274 661 410 696 στόματος
439 660 536 694 Ἰησοῦ,
553 660 601 686 τοῦ
625 661 742 696 ὀργάνου
768 661 815 687 τοῦ
836 661 1006 696 Πνεύματος,

211 707 262 741 τῆς
277 706 464 741 εὺηχεστάτης
483 706 551 733 Θεοῦ
581 706 743 741 σάλπιγγος,
766 707 816 741 τῆς
843 707 878 734 τὰ
905 707 1007 742 πέρατα

213 751 455 788 συγκαλουμένης·
471 752 580 784 τούτου,
598 753 621 778 τ’
637 752 705 779 ἄλλα
727 761 757 779 τε
775 753 825 787 τῆς
844 753 1007 787 οἰκουμένης

213 798 329 830 διιόντος
355 797 438 833 μέρη,
463 798 511 824 καὶ
524 797 570 824 τὸν
592 798 642 832 τῆς
666 798 740 832 ζωῆς
768 798 848 832 λόγον
867 797 962 833 ὥσπερ
980 807 1006 825 τι

214 845 288 871 θεῖον
312 844 555 879 καταῦαλλομένου
577 844 691 880 σπέρμα
708 853 715 860 '
741 844 783 871 ἔτι
809 844 838 871 δὲ
868 844 937 879 πρὸς
951 847 1008 876 τοῖς

214 891 305 924 ἄλλοις
329 891 377 918 καὶ
405 891 517 918 Ἰκόνιον
543 891 749 926 κατειληφότος,
775 891 822 918 καὶ
846 891 912 926 παρ’
930 891 1007 926 ἀνδρὶ

217 937 458 972 ξεναγωγουμένου
474 937 572 972 πιστῷ·
592 937 639 964 καὶ
650 924 738 972 Ἲάρτῳ
757 937 808 972 μὲν
829 937 868 972 τῷ
884 924 938 964 ἀπὸ
954 924 1007 972 γῆς

1067 939 1113 964 ζειιι
1151 937 1252 971 hospes
1280 941 1373 971 ageret
1396 945 1404 970 ;

215 984 247 1010 τὸ
267 983 407 1018 σωμάτιον
431 982 639 1018 στηριζομένου·
668 983 742 1019 ἄρτῳ
766 982 795 1009 δὲ
815 983 934 1018 οὐρανίῳ
952 983 1008 1010 τῶν

215 1030 455 1064 ἑπισυναγομένων
470 1027 647 1064 στηρίζοντος
665 1029 788 1064 καρδίαςε
816 1029 863 1055 καὶ
880 1028 948 1055 θεῶν
959 1029 1009 1064 μὲν

215 1075 318 1108 ἀθέων,
346 1075 396 1101 καὶ
430 1074 575 1110 συνηθείας
597 1076 704 1110 κακῆς,
734 1075 782 1101 καὶ
812 1075 1009 1110 δεισιδαίμονος

216 1121 329 1155 ἀγωγῆς
351 1121 382 1147 τὸ
407 1120 555 1155 θεοστυγὲς
582 1120 757 1155 διασύροντος
790 1121 838 1147 καὶ
873 1120 1009 1156 μυσαρὸν·

218 1166 349 1202 secum;
375 1166 403 1193 δὲ
429 1167 478 1201 τὴν
504 1165 584 1198 δόξαν
611 1166 658 1192 τοῦ
677 1166 791 1200 ὑψίστου
807 1166 888 1199 Θεοῦ,
900 1166 948 1193 καὶ
960 1166 1011 1201 τὴν

217 1214 338 1249 ἄρρητον
366 1213 507 1247 σάρκωσιν
529 1212 576 1239 τοῦ
598 1212 698 1247 Ἰησοῦ·
719 1213 749 1239 τό
761 1222 791 1239 τε
811 1213 943 1245 ζωοποιὺν
960 1213 1012 1240 πά-

218 1259 264 1290 θος
284 1258 331 1285 καὶ
355 1259 500 1293 σωτήριονο
514 1259 564 1293 τήν
591 1267 621 1284 τε
632 1259 784 1294 τριήμερον
806 1258 961 1285 ἀνάστασιν
975 1259 1009 1285 ὲκ

219 1304 337 1339 νεκρῶν,
358 1305 406 1331 καὶ
425 1305 475 1340 τὴν
495 1304 791 1340 τεσσαρακονθήμερον
807 1304 941 1339 ἀνάληψιν
958 1305 1012 1331 ἀπὸ

218 1350 283 1384 γῆς·
299 1350 346 1376 καὶ
360 1349 409 1384 τὴν
420 1349 567 1384 οὐρανόθεν
585 1347 668 1381 αὖθις
681 1350 843 1384 ἐπιφάνειαν
852 1349 899 1376 καὶ
908 1349 1010 1384 κρίσιν·

220 1395 266 1421 καὶ
282 1394 332 1430 τὴν
353 1394 462 1421 δικαίαν
477 1395 532 1420 τῶν
559 1394 732 1429 βεϐιωμένων
752 1394 880 1421 ἀπόδοσιν
903 1395 1012 1429 φιλοσο-

220 1442 345 1476 φοῦντος,
363 1441 410 1468 καὶ
424 1441 529 1478 ῥήμασι
546 1442 657 1476 χάριτος
667 1441 816 1477 ὑμνοῦντος
831 1442 952 1476 μεστοῖς’
970 1441 1014 1468 ναὶ

222 1488 277 1524 μὴν
298 1488 347 1515 καὶ
363 1488 408 1514 τὸν
426 1487 550 1523 ἡδυπαθῆ
569 1488 618 1522 μὲν
641 1489 689 1514 καὶ
709 1487 860 1514 ἀκόλαστον
876 1487 933 1522 βίον
954 1487 1014 1513 ὲπι-

223 1533 397 1565 σκώπτοντος
414 1533 452 1565 ὼς
472 1533 625 1568 βδελυκτόν·
638 1533 684 1560 τὸν
698 1533 813 1569 ἄμωμον
826 1534 856 1560 δὲ
867 1533 914 1560 καὶ
933 1533 1015 1568 ἁγνὸν

222 1579 422 1615 μακαρίζοντας
445 1579 494 1606 καὶ
509 1579 684 1615 παρθενικδν,
706 1579 744 1611 ὡς
757 1580 858 1607 οἰκεῖον
878 1579 943 1607 ὂντα
954 1579 1015 1615 Θεῷ
1030 1590 1052 1619 c

221 1627 268 1653 καὶ
284 1626 333 1661 ἀρε
338 1627 408 1654 ττόν.

258 1717 352 1744 Ταῦτα
368 1716 415 1744 τοῦ
432 1717 535 1752 ὑψηλοῦ
557 1719 679 1752 κήρυκος
700 1717 756 1750 τοῖς
773 1716 841 1752 πρὸς
859 1717 941 1743 αὑτὸν
957 1717 1015 1743 είσ-

225 1761 313 1788 ιοῦσιν
329 1762 486 1797 ὁμιλοῦντος
497 1771 504 1777 ·
531 1763 578 1788 καὶ
591 1762 673 1789 τινῶν
692 1762 742 1797 μὲν
757 1762 842 1797 ἡδέως
864 1762 911 1789 καὶ
929 1770 1016 1797 προσ-

224 1808 299 1842 ηνῶς
315 1808 501 1843 ἀκροωμένων
512 1815 519 1822 ⁶
536 1808 618 1834 τινῶν
630 1807 657 1834 δὲ
672 1807 740 1842 πρὸς
754 1807 799 1833 τὸν
813 1807 891 1841 λόγον
903 1809 1017 1834 ἀνεπαι-

223 1854 332 1889 σθὴτως
341 1853 545 1888 διατιθεμένωψ
555 1852 639 1889 ἔ[σ]τι
648 1852 670 1878 δ’
682 1850 719 1879 ὦν
732 1853 779 1879 καὶ
789 1852 1017 1889 ὑποτονθορυζρν-

223 1909 289 1932 των,
307 1900 354 1926 καὶ
370 1900 476 1935 πονηρὰ
502 1898 687 1934 λογιζομένων
711 1899 771 1925 ἀντὶ
789 1899 910 1932 ἀγαθῶν,
929 1899 1018 1925 Θέκλα

223 1946 327 1978 νεᾶνις,
341 1945 466 1980 θυγάτηρ
482 1945 532 1980 μὲν
546 1945 692 1977 Θεοκλείας
704 1965 712 1976 ,
732 1947 837 1980 μνηστὴ
854 1945 883 1971 δὲ
896 1945 1019 1980 θαμύρι-

224 1992 282 2023 δος,
296 1990 327 2023 ἐξ
339 1992 461 2025 ὑπογύου
483 1991 604 2026 μένουσα
617 1990 735 2022 τούτοις,
753 1991 800 2016 καὶ
815 1990 859 2017 διὰ
872 1992 921 2025 τῆς
941 1991 1017 2026 θυρί-

224 2038 271 2070 δος
287 2038 318 2064 τὸ
334 2038 380 2070 οὓς
402 2037 578 2072 ὑποσχομένη
592 2057 598 2069 ,
622 2037 678 2063 τῶν
706 2036 815 2063 Παύλου
837 2036 1018 2063 διδασκαλιῶν

226 2085 395 2119 ἐπηκροᾶτο.
412 2084 466 2110 Καὶ
484 2083 514 2110 τὸ
536 2083 683 2118 πρόσωπον
702 2083 752 2117 μὲν
772 2083 839 2117 ὸρᾷν
857 2083 908 2108 οὐκ
930 2081 1018 2117 εἶχεν·

226 2130 300 2156 οὕτω
314 2130 343 2156 δὲ
355 2131 403 2164 τῆς
420 2129 530 2164 διδαχῆς
545 2129 592 2155 καὶ
618 2129 671 2155 τῶν
687 2129 768 2156 αὑτοῦ
786 2129 872 2163 λόγων
887 2130 1021 2165 ἐξήρτητο

229 2175 436 2210 μυσταγωγίας,
463 2175 500 2206 ὡς
515 2175 578 2210 ὃλην
593 2175 627 2201 δι’
643 2175 703 2201 ’ὀλου
716 2175 771 2201 τῶν
797 2175 939 2210 παρόντων
967 2176 1021 2201 ὰπ-

228 2221 396 2250 αναστᾶσκν,
413 2220 481 2254 προς
496 2220 542 2246 τδν
557 2219 803 2254 εὐαγγελιζόμενον
823 2220 940 2254 ἀρθῆναι
953 2220 1020 2255 Χρι-

229 2267 304 2292 στόν.
319 2266 414 2297 Οὕτως
425 2267 457 2292 ἐκ
468 2265 579 2301 πρώτης
591 2265 670 2296 εὐθὺς
686 2265 812 2300 ἀκοῆς,ὣ
824 2266 874 2301 τῆς
887 2266 1020 2298 πίστεωςί
1035 2256 1063 2286 D

230 2313 327 2347 ἐξέστη
340 2312 389 2346 μὲν
404 2312 459 2338 τῶν
475 2312 582 2338 οἰκείων
593 2319 599 2326 ³
611 2312 707 2347 ἐξέστη
728 2312 756 2338 δὲ
771 2312 857 2348 αὐτῆς
868 2320 875 2326 ·
893 2314 941 2340 καὶ
955 2314 1024 2349 μήτε

231 2358 354 2390 σημείων
371 2358 469 2390 πεῖραν
481 2356 612 2388 λαϐοῦσα,
629 2356 698 2392 μήτε
713 2356 801 2392 χρόνῳ
817 2356 863 2383 τὸν
880 2355 960 2390 λόγον
976 2356 1024 2382 τοῦ

232 2403 401 2437 Εὐαγγελίου
424 2403 611 2437 δοκιμάσασα,
633 2402 701 2429 ἀλλὰ
720 2401 788 2438 μηδὲ
811 2401 857 2428 τὸν
884 2402 1025 2436 εὐαγγελι-

233 2451 311 2484 στὴν,
332 2450 362 2476 τὸ
387 2449 616 2484 παραδοξότατον,
637 2448 743 2484 ὄμμασι
767 2448 938 2483 τεθεαμένη,
955 2448 1027 2474 οὕτω

233 2496 364 2523 κατέθετο
380 2497 413 2531 τῇ
426 2495 541 2531 ἀληθείᾳ
552 2515 559 2527 ,
585 2495 632 2522 καὶ
657 2495 727 2530 πρὸς
749 2495 835 2529 αὐτῆς
850 2494 894 2520 διὰ
908 2495 1026 2525 πίστεως

232 2543 353 2576 ἐγένετο,
370 2542 408 2573 ὡς
428 2542 474 2568 ἐπὶ
500 2542 591 2576 τρισὶν
622 2542 740 2577 ἡμέραις
766 2541 918 2576 ἆμνηστεῐν
942 2540 1026 2575 αὐτὴν

233 2589 334 2619 πάντα,
353 2589 400 2615 καὶ
413 2587 567 2623 βρώματος,
585 2588 631 2614 καὶ
648 2587 778 2622 πόματος.

273 2636 327 2661 Kal.
357 2636 449 2670 μήτηρ
471 2634 521 2669 μὲν
543 2634 713 2669 φιλοστόργῳ
738 2633 791 2659 τινὶ
812 2633 858 2660 καὶ
888 2632 1028 2667 φιλοψύχῳ

235 2681 357 2707 διαθέσει
377 2680 438 2715 περὶ
454 2680 539 2716 αὐτὴν
558 2679 691 2711 εἰσιοῦσαι,
709 2679 755 2705 καὶ
772 2679 901 2705 στένουσα
915 2680 962 2705 καὶ
973 2679 1028 2704 διας

236 2726 410 2761 πονουμένη·
431 2726 476 2752 καὶ
491 2727 517 2752 τί
538 2726 592 2761 γὰρ
610 2727 626 2760 ἡ
641 2725 750 2760 μήτηρ;
771 2725 808 2758 πῆ
829 2724 878 2759 μὲν
894 2724 1027 2750 κολακεύ-

236 2781 317 2804 ουσα,
336 2772 384 2799 καὶ
410 2772 546 2807 αἱμυλίοις
559 2771 764 2806 ὑποποιουμένη
785 2769 885 2804 λόγοις,
906 2770 1026 2801 Τέκνον,

237 2817 314 2848 ἐϐόα,
331 2817 496 2852 φίλτατον²
515 2815 623 2843 τέκνον
641 2815 767 2850 ἣδιστόν
788 2815 814 2849 γ’
832 2812 889 2842 οὖν
903 2815 952 2841 καὶ
967 2823 1029 2849 τερ-

1058 296 1309 329 conversationem,
1333 297 1400 331 quin
1425 299 1526 333 potius,
1547 307 1601 334 qua
1617 299 1758 327 Christum
1782 308 1846 335 pro-

1058 346 1152 369 secuta
1172 346 1225 375 est,
1238 342 1416 370 dilectionem
1435 351 1468 370 ae
1483 344 1574 377 ﬁdem,
1598 353 1648 380 pro
1663 346 1735 373 virili
1752 350 1847 374 nostra

1058 387 1202 415 laudemus
1219 407 1227 420 ,
1243 388 1322 423 cujus
1342 389 1472 415 nimirum
1493 397 1554 424 ope,
1578 390 1720 425 virginitas
1742 391 1847 425 pariter

1057 433 1192 468 vigorque
1222 433 1382 461 certaminis
1412 434 1511 462 altiore
1543 436 1682 462 cumulata
1711 435 1789 469 llore,
1813 437 1847 464 ad

1059 478 1245 513 apostolicum
1262 479 1347 514 ipsam
1369 487 1507 507 snnunum
1522 481 1653 508 verticem
1678 488 1727 508 seu
1752 489 1848 516 specu-

1059 525 1112 551 lam
1136 524 1245 552 abunde
1263 530 1456 559 provexerunt.
1478 525 1538 553 .lam
1555 527 1628 553 enim
1651 535 1751 562 magno
1775 529 1847 555 veri-

1059 571 1124 597 tatis
1149 578 1287 605 praecone,
1322 571 1428 599 etelesti
1452 572 1684 607 voealissimoque
1709 573 1848 607 Evangelii

1059 617 1176 650 tonitru,
1208 617 1268 644 luce
1288 617 1364 645 omni
1389 618 1507 645 clariore
1529 617 1631 646 Christi
1655 626 1769 654 operum
1790 627 1848 647 ser—

1063 670 1233 697 monumque
1265 662 1394 698 fulgetra,
1419 655 1504 690 liaulo
1530 664 1673 696 nimirum,
1698 663 1763 692 Jesu
1789 673 1849 697 ore,

1061 708 1180 743 Spiritus
1193 716 1309 743 organo,
1332 708 1378 735 Dei
1403 709 1558 736 clarissima
1580 709 1655 741 tuba,
1678 710 1756 737 orbis
1780 717 1849 737 cons

1060 760 1176 782 vocante
1211 754 1279 781 lines
1304 763 1311 780 :
1335 754 1406 787 hoc,
1439 755 1562 789 inquam,
1589 763 1651 783 cum
1680 756 1749 783 alias
1774 756 1850 784 orbis

1061 804 1222 835 peragrante
1236 804 1336 834 partes,
1355 807 1386 826 ac
1405 800 1517 827 verbum
1541 800 1603 827 vitae
1633 800 1707 828 velut
1730 801 1850 828 divinam

1061 846 1208 880 quamdam
1226 849 1376 873 sementem
1391 845 1570 880 jaeiente;ac
1587 853 1649 873 eum
1675 851 1775 881 praeter
1798 846 1850 874 alia

1062 891 1121 917 loca
1138 890 1220 917 etiam
1240 889 1364 917 Iconium
1381 891 1515 923 venisset,
1535 895 1562 918 et
1580 890 1653 926 apud
1679 891 1768 918 virum
1784 891 1851 918 lide

1431 944 1463 964 ac
1497 944 1567 972 pane
1599 937 1711 972 quidem
1740 941 1852 966 terreno

1061 981 1257 1015 corpusculum
1288 980 1476 1011 confirmaret,
1505 981 1611 1008 caelesti
1645 987 1720 1012 vero,
1756 988 1850 1008 eorum

1060 1027 1107 1062 qui
1137 1026 1170 1054 ad
1202 1034 1264 1054 eum
1298 1032 1549 1062 congregarentur,
1585 1027 1693 1054 animos
1722 1026 1850 1060 fulciret,

1060 1072 1241 1107 inaniumque
1257 1072 1372 1100 deorutu
1393 1077 1420 1100 et
1443 1080 1534 1108 prava;
1557 1073 1776 1105 consuetudinis,
1805 1080 1852 1100 su-

1062 1117 1284 1153 perstitiosaeque
1307 1118 1504 1152 institutionis,
1536 1119 1654 1146 invisum
1682 1118 1737 1147 Deo
1762 1120 1854 1147 scelus

1061 1164 1310 1199 detestandumque
1328 1165 1498 1199 traduceret,
1525 1165 1627 1200 Deique
1649 1165 1777 1194 altissimi
1795 1166 1854 1200 glo-

1063 1211 1142 1243 riam,
1159 1215 1186 1238 et
1208 1217 1337 1237 arcanam
1363 1210 1428 1238 Jesu
1456 1211 1674 1239 incarnationem
1703 1212 1853 1244 exaltaret,

1062 1257 1255 1292 vivilicamque
1269 1261 1296 1284 et
1311 1257 1459 1284 salutarem
1473 1258 1629 1293 passionem
1643 1257 1856 1293 triduanamque

1063 1310 1095 1330 ex
1112 1303 1228 1330 mortuis
1244 1304 1486 1334 resurrectionem.
1504 1308 1587 1338 atque
1603 1312 1618 1331 e
1635 1303 1718 1331 terris
1734 1304 1854 1338 quadra-

1064 1348 1167 1384 gesimo
1191 1349 1235 1376 die
1256 1349 1282 1376 in
1311 1349 1397 1376 eteius
1423 1349 1620 1384 reeeptionem,
1649 1357 1818 1384 rursumque
1841 1358 1856 1377 e

1065 1396 1143 1422 uelis
1173 1395 1386 1430 apparitionem,
1413 1395 1603 1431 jndiciumque
1626 1403 1658 1424 ac
1678 1390 1779 1431 ju‘stam
1807 1404 1856 1431 pro

1060 1442 1128 1468 .vita:
1146 1441 1256 1469 meritis
1272 1443 1298 1468 in
1313 1449 1400 1476 eaque
1414 1442 1500 1476 gestis
1518 1442 1728 1469 retributionem
1744 1442 1855 1477 sapient-

1066 1491 1108 1515 ter
1121 1487 1288 1520 declararet,
1306 1495 1338 1514 ac
1364 1488 1455 1515 verbis
1471 1488 1566 1522 gratia:
1591 1488 1679 1522 plenis
1705 1488 1829 1515 laudaret
1849 1496 1855 1514 :

1066 1540 1173 1560 necnon
1203 1533 1285 1560 etiam
1313 1533 1497 1569 voluptariam
1511 1541 1544 1561 ac
1570 1534 1746 1561 libidinosam
1772 1533 1855 1560 vitam

1068 1578 1142 1605 velut
1156 1578 1347 1606 detestabilem
1365 1578 1536 1613 suggillarel,
1555 1578 1725 1613 impollutam
1745 1586 1811 1605 vero
1830 1583 1858 1605 ct

1068 1625 1172 1648 castam
1190 1628 1222 1647 ac
1238 1621 1412 1656 virginalem,
1434 1625 1564 1656 tanquam
1590 1622 1644 1649 Deo
1673 1622 1857 1651 necessariam

1067 1667 1149 1702 eique
1162 1667 1291 1701 placitam
1309 1668 1416 1695 beatam
1434 1668 1608 1703 praedicaret.

1083 1719 1086 1727 '
1104 1715 1166 1742 Haec
1184 1714 1278 1749 itaque
1289 1715 1401 1742 sublimi
1416 1723 1545 1750 prieconc
1560 1715 1594 1742 ad
1610 1722 1672 1742 eum
1690 1714 1860 1742 adeuntibus

1069 1766 1225 1795 perorante,
1244 1768 1276 1788 ae
1288 1768 1350 1788 eum
1371 1761 1417 1788 alii
1436 1762 1546 1796 quidem
1563 1761 1682 1788 dulciter
1697 1761 1860 1796 placideque

1068 1806 1207 1838 audirent,
1223 1806 1269 1833 alii
1283 1814 1348 1834 vero
1364 1806 1440 1833 nullo
1460 1801 1598 1834 sermonis
1612 1815 1695 1834 sensu
1717 1807 1860 1833 allieeren—

1068 1856 1124 1885 tur,
1156 1852 1203 1879 alii
1223 1852 1307 1879 etiam
1326 1857 1545 1884 murmurarent,
1568 1860 1601 1879 ac
1625 1859 1674 1887 pro
1695 1852 1774 1880 bonis
1791 1853 1861 1879 mala

1069 1899 1230 1934 cogitarent,
1257 1898 1357 1926 Thecla
1377 1899 1476 1932 puella,
1497 1898 1639 1926 Theoeleae
1661 1898 1771 1933 quidem
1797 1898 1862 1930 ﬁlia,

1069 1952 1171 1980 sponsa
1199 1951 1264 1972 vero
1291 1943 1478 1980 Thamyridis,
1495 1952 1510 1972 e
1530 1944 1620 1971 vicino
1645 1944 1718 1971 aedes
1745 1944 1862 1976 habens,

1070 1997 1102 2017 ac
1117 1997 1164 2024 per
1189 1989 1337 2016 fenestram
1350 1997 1443 2016 aurem
1462 1990 1685 2022 aecommodans,
1706 1989 1783 2016 Pauli
1803 1990 1865 2016 doc-

1072 2036 1154 2063 trinis
1182 2035 1366 2063 auscultabat.
1393 2035 1432 2062 Ac
1447 2036 1558 2070 quidem
1578 2035 1674 2063 faciem
1698 2036 1792 2063 videre
1810 2043 1864 2062 non

1072 2081 1174 2109 licebat
1198 2090 1205 2114 ;
1224 2081 1266 2109 sic
1300 2089 1364 2108 vero
1387 2089 1402 2108 a
1418 2081 1544 2108 doctrina
1569 2081 1685 2116 ejusque
1708 2089 1865 2108 sermonum

1074 2128 1251 2155 institutione
1269 2127 1418 2162 pendebat,
1436 2132 1466 2154 ut
1492 2131 1549 2154 tota
1573 2135 1689 2163 prorsus
1707 2135 1721 2155 c
1737 2127 1866 2159 terrenis,

1073 2174 1106 2200 ad
1127 2174 1268 2202 Christum
1280 2174 1326 2208 qui
1345 2174 1571 2206 annuntiabatur,
1598 2173 1691 2201 animo
1713 2173 1865 2200 tolleretur.

1075 2219 1120 2248 Sic
1133 2228 1166 2248 ex
1184 2221 1272 2255 primo
1285 2222 1376 2248 statim
1392 2221 1486 2248 auditu
1502 2221 1539 2255 (0
1555 2221 1620 2248 lides
1632 2221 1637 2247 !
1651 2222 1659 2254 )
1671 2220 1788 2247 excessit
1805 2220 1867 2255 qui-

1075 2266 1136 2294 dem
1159 2267 1252 2298 domo,
1275 2267 1394 2294 excessit
1414 2271 1441 2294 et
1456 2268 1546 2301 seipsa
1566 2275 1573 2299 ;
1592 2266 1674 2300 idque
1697 2273 1760 2293 cum
1779 2273 1868 2300 neque

1076 2313 1217 2348 signorum
1252 2314 1470 2347 experinmntum
1502 2313 1586 2340 ullum
1622 2311 1746 2344 fecisset,
1779 2319 1868 2347 neque

1079 2359 1217 2393 Evangelii
1250 2359 1403 2386 doctrinam
1437 2367 1484 2394 per
1512 2364 1621 2394 tempus
1651 2359 1795 2393 probasset
1818 2363 1871 2385 :at

1079 2411 1168 2437 neque
1193 2404 1400 2439 praedicatorem
1439 2404 1512 2438 (rem
1540 2411 1648 2431 summe
1680 2404 1870 2431 inauditamll

1078 2450 1166 2476 oculis
1191 2453 1361 2483 usurpasset,
1383 2450 1423 2476 sic
1443 2449 1552 2475 veritati
1572 2449 1694 2476 assensit
1709 2449 1803 2484 _eiquc
1821 2456 1869 2483 prr

1081 2495 1160 2522 Iidem
1187 2495 1313 2527 adhaesit,
1341 2501 1370 2522 ut
1396 2496 1488 2523 triduo
1510 2496 1635 2522 omnium
1659 2495 1746 2522 oblita
1770 2495 1817 2526 sit,
1844 2497 1871 2520 et

1080 2542 1134 2569 cibi
1147 2546 1174 2569 et
1187 2548 1278 2577 potus.

1118 2629 1204 2656 Mater
1221 2637 1284 2656 vero
1306 2630 1420 2656 materni
1446 2629 1564 2665 quadam
1589 2628 1692 2656 amoris
1711 2628 1746 2661 vi,
1764 2627 1872 2660 impen-

1081 2676 1207 2710 sioreque
1222 2675 1249 2702 in
1266 2683 1326 2702 eam
1341 2676 1444 2703 carnali
1463 2676 1559 2702 alleetu
1587 2676 1722 2708 ingressa,
1746 2678 1871 2707 gemens-

1085 2731 1138 2758 que
1155 2730 1186 2749 ac
1201 2723 1350 2757 quiritans,
1368 2723 1443 2758 (quid
1462 2723 1535 2750 enim
1548 2722 1621 2749 aliud
1642 2720 1768 2754 mater?)
1790 2717 1872 2744 modo

1085 2769 1194 2804 quidem
1212 2768 1368 2800 blandiens,
1386 2769 1549 2803 lenibusque
1560 2766 1651 2793 verbis
1669 2765 1827 2792 demulceus
1839 2772 1872 2790 ac

1084 2815 1135 2842 sibi
1153 2814 1313 2848 concilians,
1337 2815 1409 2842 Filia
1423 2813 1579 2847 ,clamabat,
1597 2811 1757 2839 charissima
1771 2809 1781 2836 .'
1799 2809 1873 2836 Filia

278 2907 332 2942 (6|)
351 2906 406 2941 Τῆς
419 2904 591 2940 ίνπθρεεὼτου
605 2903 772 2938 ἀστραπῆς.
791 2903 892 2939 Fulgur
915 2913 989 2931 omne

1067 2914 1101 2931 ἠς
1123 2905 1219 2931 Ιαηιινιι.
1241 2904 1316 2931 l'auli
1335 2902 1602 2936 seitunnq»ithctum_
