2078 3154
256 176 311 209 3ί5

839 177 988 208 ΝῙΟΕΤΑΕ
999 178 1267 212 PAPHLAGONIS

1843 182 1896 217 3l6

258 230 342 259 fecit?
355 228 583 266 Haudquaquam.
599 231 670 265 Quid
689 231 781 266 itaque
795 230 860 259 facit
875 232 886 258 ί
901 232 993 268 Surgit
1007 233 1047 260 si-

1104 235 1249 271 Οὑμενοῦν.
1262 235 1344 263 Ἀλλὰ
1353 235 1380 263 τί
1392 236 1647 270 ποιεῖς”Δνίσταται
1662 237 1733 264 κατὰ
1748 238 1834 274 μέσας
1849 241 1897 268 νύ-

257 277 343 304 lentio
365 276 454 304 media
480 281 585 310 nocte;
612 277 751 311 Deumque
775 276 851 304 Pauli
874 277 994 310 invocat,
1018 281 1048 305 ut

257 330 351 350 cantes
364 330 426 351 esse
444 323 510 349 velit
526 331 534 355 ;
557 326 685 350 ornatum
712 323 827 357 spernit,
844 322 964 355 inaures,
987 330 1048 358 spe-

259 369 332 401 cula,
344 369 475 404 quidquid
491 369 680 396 illecebrarum
696 373 738 396 est
764 369 933 403 iuventutis;
948 370 1049 397 instar-

259 422 314 450 qtte
342 415 491 449 evangelici
510 414 582 441 illius
608 415 781 444 mercatoris.
803 414 912 442 inventa
929 410 1047 450 pretiosa

259 461 406 496 margarita
417 480 423 492 ,
441 467 551 487 suorunt
568 460 690 487 omniunt
707 460 795 494 pretio
809 468 868 487 eam
885 461 986 487 cnentit
1001 461 1023 477 ⁸⁹
1039 469 1047 493 ;

258 514 290 533 ac
310 508 384 534 velut
399 506 457 540 ejus
472 511 633 541 praeceptor,
656 514 717 540 qua:
731 506 768 533 illi
785 510 864 534 erant
879 507 964 538 lucra,
982 515 1047 541 pro-

258 557 300 580 ter
314 552 452 579 Christum
476 553 670 580 detrimentum
688 553 851 580 existimans
870 553 903 586 “,
923 553 975 579 alia
1005 553 1049 586 ja-

258 599 341 626 nitori
358 599 503 633 praebebat,
522 599 574 626 alia
589 599 757 631 carcerario,
774 599 855 626 modo
871 599 959 626 solum
977 600 1050 626 sine-

258 649 334 672 retur
347 644 462 672 Paulum
486 646 586 676 ridere.
607 645 688 680 eique
708 645 841 676 carceris.
863 646 926 678 soli,
949 647 1050 673 vincu-

258 691 346 718 lorqu
384 691 486 718 sociam
523 690 654 718 accedere
679 699 688 724 ;
717 690 874 726 divinaeque
911 691 1049 727 Evangelii

257 737 462 772 pra'dirationis
477 737 624 772 perfectius
639 737 800 772 participem
809 737 877 764 fore.
899 737 963 764 Erat
979 739 1051 766 inter

258 783 317 810 hac
336 784 509 817 conspicere,
529 784 602 810 illam
619 783 730 819 quidem
746 788 777 811 ut
797 784 1049 813 siticulosissimam

257 837 366 857 cervam
382 830 414 856 ad
433 830 478 857 Dei
498 837 585 865 aquas
602 838 749 858 accurrere
770 851 779 863 ,
802 831 876 858 hunc
900 839 965 859 vero
990 837 1050 859 tan-

257 883 338 910 quam
356 876 535 910 proﬂuentem
548 875 673 910 ﬂuvium,
695 876 770 904 illius
791 878 893 905 mentis
908 878 950 904 ori
967 878 1049 905 uber—
1065 887 1084 915 Β

259 922 359 949 rimtun
379 922 524 957 theologia
541 922 650 951 laticem
665 922 704 950 illi
719 922 872 951 aﬂundere.
880 925 919 952 Ac
932 924 972 952 illi
987 925 1049 960 qui-

258 968 320 996 dem
334 968 361 995 in
377 968 419 995 bis
430 972 521 995 erant.

293 1056 384 1084 Prima
399 1056 490 1084 statim
505 1065 616 1090 aurora,
630 1058 782 1094 ingensque
797 1058 965 1086 domesticos
979 1061 1052 1095 cepit

259 1104 390 1131 turbatio.
408 1103 587 1137 Quaerebatur
609 1112 728 1140 namque
752 1105 854 1133 Thecla
872 1114 879 1132 :
895 1106 931 1133 de
950 1105 1051 1133 Thecla

259 1157 355 1177 rumor
372 1156 450 1177 erat:
468 1151 538 1185 apud
554 1154 646 1183 notos,
664 1151 735 1186 apud
752 1156 882 1187 cognatos
896 1152 970 1179 omni
988 1151 1052 1179 dili-

258 1198 350 1232 gentia
367 1198 556 1230 vestigabatur
568 1218 576 1230 ,
604 1198 732 1233 interque
747 1198 864 1229 vicinos.
884 1202 913 1225 ut
935 1206 983 1232 par
996 1202 1049 1229 est.

257 1249 284 1270 et
305 1244 420 1270 amicos.
437 1243 542 1270 Famuli
572 1243 784 1278 inquireltantur
798 1252 805 1276 ;
821 1244 928 1271 ancillae
957 1251 1052 1279 pennas

258 1289 380 1321 dabant;
406 1290 496 1316 omnis
518 1289 621 1316 familia
636 1290 801 1323 agitabatur.
818 1289 932 1324 Cognita
949 1295 1049 1322 tamen,

259 1335 292 1362 ad
313 1335 388 1362 l‘auli
407 1335 488 1370 pedes
503 1335 645 1370 provoluta
659 1335 768 1362 inventa
789 1340 832 1363 est
848 1344 855 1367 ;
878 1343 909 1362 ac
929 1335 1050 1370 quidem,

257 1381 332 1417 juxta
357 1381 466 1411 Isaiam.
488 1382 562 1408 illius
578 1381 676 1415 pedum
700 1382 839 1416 pulverem
863 1382 981 1415 lingelnat
997 1381 1017 1396 “
1043 1390 1050 1413 ;

259 1432 391 1462 tanquam
401 1435 466 1454 vero
481 1427 526 1454 Dei
542 1426 612 1454 Filio
623 1427 734 1461 Deoque
750 1427 790 1453 sic.
799 1427 953 1454 reverentia
970 1432 1052 1462 atque

260 1479 378 1501 tremore
393 1474 431 1499 illi
453 1474 573 1500 astabat.
594 1473 639 1500 Sic
655 1473 786 1500 nimirum
807 1480 913 1500 summe
927 1480 986 1500 cam
1006 1473 1050 1499 Dei

261 1520 346 1546 timor
358 1523 469 1553 ceperat.
484 1527 540 1553 quo
552 1519 607 1552 jam
622 1519 730 1545 conﬁxa
741 1522 870 1552 lentaque
885 1526 916 1544 ac
932 1519 1050 1545 constri-

260 1569 316 1597 cta,
334 1565 402 1592 nihil
427 1564 504 1599 pensi
529 1564 648 1591 habebat
668 1568 715 1590 aut
732 1563 899 1594 attendebat,
924 1563 970 1597 qui
993 1563 1053 1598 ejus
1066 1555 1088 1583 (ἶ

262 1618 346 1638 causa
364 1615 411 1637 aut
425 1611 521 1638 turbas
537 1610 654 1642 cierent.
681 1614 729 1636 aut
749 1609 815 1644 ipsis
831 1609 922 1636 illatas
938 1609 1051 1637 ferrent.

276 1695 281 1699 ’
300 1697 371 1730 Quid
391 1697 474 1731 igitur
487 1696 633 1732 Thamyris
648 1697 659 1723 ί
676 1696 779 1724 Furore
794 1704 892 1723 rursus
907 1696 1027 1731 agitatur
1044 1705 1052 1730 ;

263 1749 361 1770 rursus
378 1742 525 1775 turbatur;
542 1749 639 1768 rursus
651 1742 828 1773 incenditur;
847 1749 945 1769 rursus
960 1742 1055 1769 turbas

262 1789 346 1824 cogit,
369 1788 502 1822 luttgt'que
524 1788 610 1822 magis
635 1795 667 1814 ac
689 1787 776 1822 prius.
797 1791 900 1822 quanto
925 1788 1054 1816 nimirum

262 1835 344 1862 etiam
361 1835 504 1861 (‘ct‘liort‘m
525 1834 639 1869 virginis
656 1834 844 1861 seductionem
862 1835 984 1868 putabat.
1002 1834 1056 1861 De-

262 1881 317 1907 {ert
343 1888 439 1907 rursus
466 1880 575 1915 praesidi
604 1880 737 1907 adversus
765 1879 878 1906 Paulum
899 1888 906 1912 ;
930 1880 1058 1915 velutque

264 1925 352 1960 palam
373 1925 475 1960 injuria
494 1926 586 1955 lassus.
610 1932 719 1959 pmnam
743 1924 857 1959 irrogari
882 1925 1015 1959 deposcit.
1033 1925 1057 1954 Is

262 1970 355 2003 itaque
364 1970 534 2004 apparitores
545 1975 668 2001 secutus,
677 1969 710 1996 ad
719 1969 854 2003 judicium
864 1969 947 1996 alacri
961 1977 1058 1998 rursus

262 2015 356 2043 animo
385 2015 574 2043 ascendebat:
598 2015 646 2042 sed
671 2019 699 2041 ct
722 2015 778 2047 illa,
807 2019 836 2041 ut
864 2015 940 2042 Pauli
964 2023 1058 2043 revera

263 2061 410 2096 discipula.
421 2066 515 2089 vocata
530 2069 591 2087 cum
605 2065 690 2092 esset,
708 2061 839 2094 praeclara
852 2061 935 2087 animi
952 2062 1059 2096 magni.

268 2107 361 2133 tudine
374 2114 406 2133 ac
423 2107 591 2141 praestantia,
612 2106 645 2133 ad
658 2106 779 2133 trilmnal
795 2106 899 2132 adibat.
913 2105 971 2133 Non
985 2107 1058 2133 enim

267 2153 371 2180 Christi
384 2152 558 2187 Evangelium
572 2153 751 2179 erubescebat
762 2160 769 2184 ;
780 2152 828 2179 sed
840 2152 969 2187 gaudium
980 2153 1055 2180 illius

264 2199 365 2225 eximie
376 2207 435 2230 cor,
448 2198 621 2234 mysticaquc
637 2197 785 2225 exsultatio
804 2203 973 2232 pervaserat.
984 2199 1058 2233 quod

266 2245 431 2280 protlhristo
437 2251 499 2271 cum
507 2244 591 2271 Paulo
601 2244 676 2270 urbis
685 2243 792 2270 theatro
798 2243 904 2271 traduci
914 2249 1062 2276 meruerat.

306 2291 357 2318 Ubi
376 2290 469 2324 itaque
486 2289 566 2316 anibo
579 2289 664 2321 iudici
682 2288 827 2316 astiterant
844 2298 851 2321 ;
870 2289 982 2316 Paulum
998 2291 1062 2325 qui-

268 2335 329 2362 dem
345 2342 393 2361 nec
410 2334 493 2362 verbo
510 2334 667 2368 dignantur.
684 2333 756 2368 quod
779 2333 824 2361 ille
835 2334 892 2369 jam
907 2335 949 2362 sui
963 2335 1060 2363 defen-

269 2382 348 2410 sione
367 2380 529 2415 perfunctus
547 2384 617 2413 erat,
641 2381 769 2415 quodque
800 2389 832 2408 ex
859 2381 948 2416 prima
968 2382 1060 2409 statim

268 2427 450 2461 responsione
469 2427 573 2453 illatum
597 2427 701 2453 crimen
718 2432 830 2454 strenue
846 2427 955 2461 quidem
973 2429 1061 2463 depu-

267 2473 338 2501 lerat
355 2481 362 2498 :
378 2480 410 2499 ex
423 2467 523 2499 Thecla
539 2479 603 2499 vero
617 2472 750 2500 rationem
776 2477 929 2507 exposcunt
952 2479 1062 2508 spreta-

269 2526 329 2545 rum
353 2518 523 2552 nuptiarum,
544 2517 644 2552 quidve
666 2525 750 2545 causa
771 2518 861 2546 aversi
880 2518 941 2553 ejus
954 2527 969 2546 a
987 2520 1062 2547 Tha-

271 2560 376 2596 myridc
398 2561 480 2587 animi
500 2561 625 2588 exsistat.
645 2562 679 2587 At
694 2562 750 2595 illa,
767 2570 801 2590 ne
822 2563 935 2590 verbum
951 2564 1061 2597 quidem

268 2607 383 2643 dignata
400 2607 484 2641 loqui,
501 2607 604 2634 intenta
619 2607 646 2634 in
659 2607 776 2635 Paulum
794 2612 864 2641 erat,
896 2609 1063 2644 silentioque

268 2660 349 2680 Suam
375 2653 480 2680 sensim
513 2656 631 2680 tuentem
661 2653 819 2680 videntibus
842 2653 1061 2687 subindicabat;

271 2706 368 2733 nempe
391 2706 444 2725 non
464 2698 550 2726 licere
573 2704 706 2734 praesente
732 2699 875 2733 magistro.
895 2699 1061 2734 discipulum

271 2752 322 2778 pro
333 2745 470 2772 concione
491 2744 576 2780 loqui.
599 2744 823 2779 lndisciplinatos
842 2746 935 2780 itaque
953 2753 1002 2773 seu
1018 2747 1063 2773 in-

271 2789 441 2823 compositos
466 2789 671 2824 rcprehendeus
696 2790 880 2823 magnanimis
905 2790 987 2826 Virgo
1014 2791 1061 2825 qui

272 2834 489 2868 sciscitarentur,
497 2835 524 2862 in
535 2843 596 2863 eum
608 2835 718 2863 modutn
729 2836 919 2872 nihil-loquens
929 2838 1068 2865 manebat.

1099 288 1166 311 κτας
1182 279 1271 315 ἠσυχῆ
1282 288 1289 296 ·
1302 280 1473 308 ἐπικαλεῖται
1495 281 1541 308 τὸν
1557 281 1664 308 Παύλου
1681 281 1748 309 Θεὸν
1767 284 1808 316 εις
1835 294 1898 312 συν-

1098 326 1183 353 οδίαν·
1193 327 1329 359 ἑξουθενεῖ
1339 327 1372 354 τὰ
1385 327 1497 363 κόσμια,
1508 328 1543 355 τὰ
1563 328 1673 361 ἐνώτια,
1689 329 1724 355 τὰ
1741 330 1895 367 κάτοπτρα,

1099 371 1134 398 τὰ
1159 372 1297 408 θέλγητρα
1324 374 1414 400 πάντα
1436 374 1486 407 τῆς
1513 373 1655 408 νεότητος·
1674 375 1721 401 καὶ
1749 377 1821 403 κατὰ
1852 378 1898 405 τὸν

1099 417 1276 452 εὐαγγελικδν
1295 419 1399 446 ἐκεῖνον
1424 419 1555 454 ἔμπορον,
1581 420 1627 446 τὸν
1649 421 1797 456 πολύτιμον
1813 423 1896 458 εὕρη-

1099 464 1163 489 xui:
1181 465 1371 499 μαργαρίτην,
1396 465 1505 492 πάντων
1519 462 1557 492 ὧν
1572 463 1645 500 εἶχεν
1662 466 1777 502 ἐπρίατο
1792 468 1874 495 αὐτόν
1885 477 1892 484 ’

1099 509 1145 535 καὶ
1157 510 1227 535 κατὰ
1239 510 1284 535 τὸν
1298 509 1383 544 αὐτῆς
1393 510 1562 543 διδάσκαλον,
1580 511 1658 538 ἅτινα
1670 510 1704 547 ἦν
1715 512 1783 548 αὐτῇ
1801 514 1895 549 κέρδη.

1099 553 1143 580 διὰ
1159 554 1206 580 τὸν
1221 554 1338 589 Χριστὸν
1351 554 1453 589 ζημίαν
1465 556 1640 591 ἡγησαμένη,
1660 556 1677 584 ἃ
1695 558 1744 591 μὲν
1761 558 1847 585 ἐδίδου
1858 559 1897 594 τῷ

1100 600 1228 635 πυλωρῷ,
1241 600 1298 627 ἂδὲ
1317 601 1355 635 τῷ
1379 601 1580 636 δεσμοφύλακι·
1601 603 1691 637 μόνον,
1712 604 1783 631 ὥστε
1807 607 1898 640 ἰἒαρα-

1099 645 1224 679 χωρῆσαι
1239 644 1324 679 ταύτῃ
1347 645 1392 671 τὸν
1411 644 1517 672 Παῦλον
1543 645 1624 678 ίδεζν,
1641 647 1686 673 καὶ
1711 648 1760 683 τῆς
1784 649 1898 685 εἱρκτῆς

1100 689 1174 724 αὐτῷ
1201 691 1247 716 καὶ
1263 691 1310 716 τοῦ
1328 690 1442 724 ἐδάφους
1457 691 1619 725 κοινωνῆσαι
1637 693 1683 718 καὶ
1706 694 1762 719 τῶν
1777 694 1896 729 δεσμῶν,

1101 737 1149 762 καὶ
1161 736 1194 771 δὴ
1210 737 1257 762 καὶ
1284 736 1335 770 τῆς
1363 737 1544 771 εὑαγγελικῆς
1559 737 1706 771 οεηγορίας
1730 739 1898 774 τελεώτερον

1103 784 1258 818 μετασχεῖν.
1274 780 1328 809 Ἦν
1343 781 1390 810 οὖν
1406 784 1464 809 ἐκεῖ
1479 783 1612 820 καθορᾷν,
1623 786 1674 820 τὴν
1693 784 1742 820 μὲν
1758 782 1802 812 οἶα
1815 785 1897 821 διψη-

1100 828 1253 862 τικωτάτην
1267 828 1364 860 ἔλαφον
1375 828 1468 863 δρόμῳ
1476 828 1512 855 τὰ
1528 828 1613 856 ὕδατα
1626 829 1674 856 τοῦ
1693 830 1760 857 Θεοῦ
1775 831 1899 858 καταλα-

1101 874 1201 901 ϐοῦσαν
1213 883 1220 889 ·
1234 875 1280 901 τὸν
1295 875 1333 907 δὲ,
1364 875 1489 910 καθάπερ
1514 876 1684 911 προρρἑντα
1697 877 1831 912 ποταμὸν,
1850 878 1897 904 καὶ

1100 920 1172 947 κατὰ
1188 920 1235 947 τοῦ
1262 920 1355 956 νοεροῦ
1375 921 1506 955 στόματος
1524 922 1608 957 αὐτῆς
1638 922 1668 949 τὸ
1685 923 1733 957 τῆς
1758 923 1899 957 Θεολογίας

1101 967 1174 1001 νάμα
1193 967 1385 1002 δαψιλέστατον
1400 967 1590 1000 ὲπιὸλύζοντα.
1611 969 1665 995 Καὶ
1680 969 1705 994 οῑ
1727 969 1776 1004 μὲν
1790 967 1860 1004 ἦσαν
1869 969 1899 996 ὲν

1100 1012 1215 1044 τούτοις.

1138 1059 1215 1092 Ἅμα
1230 1058 1259 1085 δὲ
1271 1058 1320 1092 ἕω,
1346 1059 1395 1085 καὶ
1414 1059 1533 1095 τάραχος
1554 1060 1641 1095 μέγας
1659 1060 1819 1094 κατειλήφει
1835 1060 1899 1092 τοὺς

1101 1104 1230 1135 οίκείους.
1262 1104 1399 1139 Ἐζητεϊτο
1420 1105 1476 1141 γὰρ
1500 1105 1606 1132 Θέκλα·
1622 1105 1773 1132 διελαλεῖτο
1788 1106 1878 1133 Θὲκλα
1889 1113 1898 1121 '

1101 1151 1270 1186 ἀνηρευνᾶτο
1295 1151 1371 1186 παρὰ
1387 1153 1444 1183 τοῖς
1468 1153 1610 1185 γνωστοῖς,
1627 1152 1704 1188 παρὰ
1725 1154 1782 1184 τοῖς
1801 1161 1901 1186 συγγε·

1101 1197 1175 1229 νέσι,
1204 1197 1252 1224 καὶ
1269 1198 1344 1233 παρὰ
1367 1198 1497 1232 γείτοσιν,
1515 1198 1553 1229 ὡς
1576 1198 1660 1230 εἰκὸς,
1689 1198 1738 1224 καὶ
1753 1198 1850 1233 φίλοις.
1867 1199 1900 1226 Οί

1101 1243 1206 1270 οἰκέται
1233 1243 1383 1278 ὴτάζοντο,
1399 1244 1426 1270 αἱ
1440 1244 1633 1279 θεραπαινίδες
1658 1243 1738 1276 δίκας
1767 1244 1898 1271 ὲτίννυοψ

1102 1290 1150 1315 καὶ
1160 1289 1184 1314 ot
1200 1289 1248 1315 ἐπὶ
1259 1289 1309 1322 τῆς
1321 1289 1412 1321 οῑκίας
1427 1289 1528 1321 πάντες
1547 1289 1695 1316 ὲδονοῦντο.
1721 1289 1863 1325 Ἐγνώσθη
1874 1288 1901 1317 δ’

1101 1334 1149 1361 οὖν
1161 1335 1246 1369 ὅμως,
1255 1335 1302 1361 καὶ
1314 1335 1381 1369 πρὸς
1394 1336 1450 1366 τοῖς
1461 1335 1568 1361 Παύλου
1581 1335 1730 1371 κυλιομένη
1741 1336 1899 1372 κατελήφθη

1103 1380 1191 1406 ποσίν·
1205 1380 1251 1406 καὶ
1260 1380 1306 1406 τὸν
1316 1379 1381 1414 χοῦν
1397 1380 1446 1414 μὲν
1459 1380 1514 1407 τῶν
1523 1380 1617 1413 αὐτοῦ,
1631 1380 1702 1407 κατὰ
1714 1381 1760 1407 τὸν
1775 1381 1900 1413 Ἡσαΐαν,

1103 1425 1190 1460 ἓλειχε
1201 1425 1289 1451 ποδῶν
1300 1433 1307 1439 ·
1322 1425 1397 1460 αὐτῷ
1407 1426 1435 1451 δὲ
1453 1426 1511 1460 μετ’
1526 1426 1670 1458 εὐλαδείας
1679 1426 1751 1453 οὕτω
1775 1426 1823 1453 καὶ
1835 1426 1901 1462 τρό-

1105 1480 1155 1507 μου
1175 1471 1338 1506 παρίστατο,
1361 1471 1399 1502 ὼς
1423 1471 1474 1507 υιῴ
1491 1471 1560 1498 Θεοῦ
1580 1474 1628 1499 καὶ
1650 1472 1704 1507 θεῷ
1716 1480 1722 1488 ·
1752 1472 1824 1499 οὕτω
1840 1464 1902 1499 κατ’

1105 1517 1193 1550 ᾶκρας
1212 1516 1298 1552 αὐτὴν
1309 1513 1381 1543 εἷλεν
1398 1517 1412 1543 ὁ
1427 1516 1495 1543 Θεοῦ
1511 1517 1603 1550 φόϐος,
1618 1513 1641 1551 ᾧ
1664 1517 1757 1544 λοιπὸν
1772 1517 1896 1552 καθηλω-

1106 1562 1174 1597 μένη
1193 1562 1239 1588 καὶ
1253 1562 1431 1597 συνεχομένη,
1448 1562 1577 1598 οὐδεμίαν
1592 1563 1665 1596 δπιν,
1690 1563 1820 1598 οὐδεμίαν
1836 1564 1899 1590 ἑπι-

1105 1607 1225 1641 στροφὴν
1244 1607 1299 1633 τῶν
1324 1606 1358 1633 δι’
1369 1607 1454 1642 αὐτὴν
1465 1607 1652 1642 θορυϐούντων
1666 1608 1682 1644 ἦ
1694 1608 1901 1644 θορυὸουμένων

1104 1653 1231 1680 ἐποιεῖτο.

1141 1699 1174 1725 Τί
1187 1699 1216 1725 δὲ
1242 1699 1256 1725 ὁ
1273 1698 1418 1734 Θάμυριςς
1439 1699 1574 1726 Μαίνεται
1602 1699 1698 1726 πάλιν
1725 1700 1902 1734 ταράττεται,

1106 1746 1187 1772 πάλιν
1203 1745 1348 1777 ἐξάπτεται
1361 1753 1367 1759 ·
1379 1744 1535 1779 ὀχλαγωγεῐ
1549 1745 1641 1777 πάλιν,
1655 1745 1703 1772 καὶ
1715 1744 1782 1771 πολὺ
1801 1745 1903 1780 μᾶλλον

1106 1791 1123 1827 ἢ
1139 1791 1233 1827 πρώην
1244 1811 1251 1823 ,
1267 1791 1322 1826 ὅσῳ
1332 1791 1379 1818 καὶ
1395 1790 1572 1826 βεϐαιοτέραν
1585 1791 1718 1826 ὑπείληφε
1733 1791 1784 1826 τῆς
1797 1791 1902 1826 παρθέ-

1107 1845 1153 1863 νου
1164 1836 1213 1872 τὴν
1228 1835 1347 1871 ἀπάτην.
1368 1835 1528 1871 Ἐμφανίζει
1540 1836 1621 1868 αὖθις
1640 1836 1680 1871 τῷ
1704 1836 1818 1871 ἡγεμόνι
1831 1837 1903 1863 κατὰ

1108 1881 1231 1908 Παύλου·
1249 1881 1295 1907 καὶ
1322 1881 1360 1912 ὡς
1379 1880 1510 1915 ἄντικρυς
1528 1881 1701 1916 ἠδικημένος,
1728 1881 1807 1916 δίκην
1833 1882 1904 1908 αίτετ

1105 1926 1210 1955 λαϐεῖν.
1236 1926 1282 1953 καὶ
1307 1925 1336 1958 ὃς
1350 1927 1406 1958 τοῖς
1420 1927 1571 1961 κλητῆρσιν
1595 1926 1738 1961 ἑπόμενος,
1755 1927 1903 1962 προθύμως
1951 1936 1954 1938 ⁷

1109 1969 1187 2002 αὖθις
1200 1971 1248 1997 ἐπὶ
1259 1970 1290 1997 τὺ
1307 1970 1483 2006 δικαστήριον
1498 1971 1586 2006 ἀνῄει.
1608 1970 1641 1997 'H
1660 1970 1688 1997 δὲ
1706 1971 1753 1997 καὶ
1769 1971 1838 2005 αὑτὴ
1865 1970 1903 2002 ὡς

1108 2016 1217 2044 Παύλου
1238 2017 1277 2052 τῷ
1292 2016 1349 2043 δντι
1365 2016 1505 2052 μαθήτρια
1525 2017 1723 2052 κλητευομένη,
1740 2017 1809 2052 μετὰ
1827 2016 1903 2043 πλεί-

1110 2073 1176 2098 στης
1193 2065 1259 2099 ὅσης
1271 2063 1348 2099 ἀνῄει
1375 2064 1589 2099 μεγαλοψυχίας.
1610 2064 1648 2090 Οὐ
1664 2064 1719 2099 γὰρ
1737 2064 1905 2100 ἔπῃσχύνετο

1110 2110 1141 2136 τὸ
1157 2110 1324 2143 Εὐαγγέλιον
1350 2109 1397 2136 τοῦ
1412 2109 1532 2144 Χριστοῦ
1543 2118 1550 2125 ·
1575 2109 1649 2145 χαρὰ
1667 2110 1696 2136 δὲ
1722 2110 1806 2144 αὐτῆς
1820 2110 1905 2143 ὑπερ-

1111 2156 1188 2190 φυῶς
1202 2156 1251 2190 τὴν
1265 2155 1389 2190 καρδίαν,
1398 2156 1446 2182 καὶ
1463 2156 1581 2190 μυστικὴ
1591 2155 1724 2189 διειλήφει
1735 2156 1903 2189 ἀγαλλίασις,

1079 2218 1102 2246 D
1115 2201 1157 2228 ὃτι
1175 2201 1245 2236 ὑπὲρ
1259 2200 1380 2236 Χριστοῦ
1397 2201 1466 2236 μετὰ
1479 2200 1586 2228 Παύλου
1601 2201 1754 2236 θεατρίςειν
1768 2201 1886 2235 ἠξιοῦτο.

1155 2289 1232 2316 Ἐπεὶ
1246 2286 1293 2316 οὖν
1307 2289 1483 2325 παρέστησαν
1494 2289 1580 2324 ἄμφω
1594 2289 1633 2323 τῷ
1647 2288 1760 2324 δυωστῇ
1772 2309 1779 2320 ,
1794 2289 1839 2316 τὸν
1857 2289 1906 2324 μὲν

1111 2335 1162 2362 οὐκ
1177 2335 1282 2367 ἀξιοῦσι
1298 2335 1391 2368 λόγου,
1412 2335 1463 2371 ἤδη
1480 2335 1514 2362 τὰ
1526 2335 1592 2370 περὶ
1604 2335 1688 2362 αὐτοῦ
1702 2334 1766 2361 ἀπο)
1773 2334 1906 2370 ελογημέ-

1111 2391 1167 2415 νον,
1183 2381 1232 2408 καὶ
1255 2381 1293 2412 ὡς
1322 2382 1355 2408 ὲκ
1380 2381 1431 2416 τῆς
1443 2380 1556 2415 πρώτης
1574 2380 1656 2412 εὐθὺς
1671 2380 1844 2415 ἀποκρίσεως
1857 2379 1907 2413 τὴν

1111 2427 1280 2463 κατηγορίαν
1311 2426 1362 2453 οὐκ
1385 2426 1507 2460 ἀγεννῶς
1532 2425 1781 2459 διακρουσάμενον
1805 2424 1854 2460 τὴν
1879 2424 1908 2452 δὲ

1111 2472 1191 2506 λόγον
1206 2471 1355 2498 ἀπαιτοῦσι
1374 2471 1424 2505 τῆς
1449 2469 1583 2506 ἅγαμίας,
1612 2472 1660 2497 καὶ
1684 2470 1736 2504 τῆς
1752 2469 1908 2503 Θαμύριδος

1112 2517 1300 2552 ἀποστροφῆς.
1319 2516 1350 2543 'H
1362 2517 1390 2543 δὲ
1400 2515 1481 2550 λόγου
1498 2516 1548 2550 μὲν
1562 2516 1675 2547 τοῦτους
1693 2515 1808 2550 ἠξίωσεν
1831 2515 1908 2541 οὐδε-

1112 2563 1171 2594 νός·
1184 2564 1329 2597 προσεῖχεν
1340 2562 1368 2589 δὲ
1393 2562 1506 2596 Παύλῳ·
1525 2562 1573 2588 καὶ
1592 2561 1734 2592 σιωπῶσα,
1755 2561 1806 2596 τὴν
1822 2561 1909 2596 αὐτῆς

1111 2609 1168 2640 τοῖς
1184 2608 1268 2643 ὁρῶσι
1281 2607 1395 2643 γνώμην
1404 2608 1494 2642 ἡρέμα
1509 2607 1725 2641 καθυπέφαινεν,
1737 2607 1776 2638 ὡς
1789 2608 1818 2633 οὺ
1830 2607 1909 2641 Θεμι-

1115 2655 1160 2680 τὸν
1169 2653 1330 2680 διδασκάλου
1340 2654 1473 2689 παρόντος
1480 2653 1651 2688 δημηγορεῖν
1665 2653 1799 2688 μαθητήν.
1812 2653 1910 2679 Ἄτται-

1114 2698 1224 2730 δευσιας
1249 2698 1307 2730 οὖν,
1327 2698 1343 2733 ἢ
1369 2697 1481 2729 ἀταξίας
1494 2696 1549 2723 τῶν
1568 2697 1779 2732 πυνθανομένων
1791 2696 1877 2730 αὐτὴν
1893 2695 1910 2730 ἡ

1118 2745 1299 2781 μεγαλόφρων
1316 2744 1503 2780 καταγνοῦσα,
1516 2744 1615 2779 ἔμενεν
1629 2743 1703 2770 οὕτω
1720 2743 1840 2771 λαλοῦσα
1856 2751 1909 2777 μη-

1116 2789 1170 2816 δέν.

308 2895 332 2911 ⁸²
350 2892 444 2922 Matth.
461 2903 520 2929 xui,
535 2896 575 2923 ti.
615 2896 637 2912 ⁶⁰
654 2896 771 2931 Philipp.
789 2904 827 2929 ιιι,
842 2896 869 2924 7.
911 2898 930 2913 “
948 2897 999 2925 lsa.
1015 2905 1088 2929 .\Lll,
1102 2897 1148 2924 ‘25.
