2078 3154
138 157 189 189 321

587 155 728 185 ORATIO
747 154 825 185 XVI.
847 167 879 172 -
895 153 934 183 ΙΝ
957 153 1112 183 LAUDEM
1128 154 1157 183 S.
1179 154 1348 183 THECL/E.

1726 154 1778 184 3'22

138 216 212 250 τέρῳ
219 214 273 241 τινὶ
283 213 381 246 ζέοντι,
394 213 441 239 καὶ
454 212 500 238 τοῦ
513 211 637 247 σώματος
646 212 694 246 τὴν
701 207 794 246 ἀκμὴν
803 210 940 246 σφριγῶν-

993 214 1155 237 aestuantem
1176 210 1319 244 quemdam
1334 211 1473 244 juvenem,
1491 213 1641 244 vegetoque
1663 217 1779 244 corpore

138 261 342 296 τιπεριπίπτει.
354 259 382 286 '0
394 259 422 285 δὲ
432 257 465 293 ἦν
478 259 563 293 Σύρος
576 259 624 293 μὲν
636 258 674 293 τῷ
686 258 770 292 γένει,
779 256 939 292 Ἀντιοχέων

116 334 117 339 η
140 307 169 333 δὲ
182 306 290 341 πρῶτος
300 313 307 320 ·
319 304 497 339 Ἀλέξανδρος
509 304 537 330 δὲ
544 303 664 338 τοῦνομα
677 312 683 318 ·
697 300 774 335 οὗτος
786 303 820 329 δι’
837 303 939 337 ὀφθαλ-

115 342 117 355 ²
142 352 201 387 μῶν
210 351 339 381 ἑαλωκὼς
354 350 404 384 τῆς
419 350 514 384 κόρης,
531 349 578 376 καὶ
592 349 650 380 ὅλος
661 348 707 375 τοῦ
716 349 815 383 ἔρωτος
827 349 940 383 γενόμεα

141 406 186 429 νος
209 396 294 431 (δεινὴ
309 396 362 430 γὰρ
370 396 438 421 νέων
449 395 511 429 ὄψις
519 395 677 426 ἀκόλαστος,
687 394 717 419 τὸ
728 394 884 428 προσπεσὸν
896 393 939 419 αὑ-

139 444 172 478 τῇ
181 441 277 472 κάλλος
292 439 348 468 οἷόν
363 449 389 467 τι
401 440 610 475 γλυκερώτατον
626 439 701 474 βέλος
708 440 765 470 τοῖς
773 439 883 474 βάθεσιν
891 440 938 472 ὲγ-

139 488 328 522 κατασπεῖραι
339 487 389 520 τῆς
409 485 545 520 καρδίας),
570 485 678 521 πρῶτον
704 485 752 520 μὲν
783 485 938 519 ἑξελιπάρει

138 533 256 564 Παῦλον,
274 533 359 568 μυρία
370 532 455 568 δῶρα,
476 532 510 558 τὰ
527 531 577 567 μὲν
591 532 695 563 ζαύτίκα
721 531 819 563 διδοὺς,
846 531 881 557 τὰ
910 531 939 557 δὲ

139 579 388 614 ἐπαγγελλόμενος,
409 579 436 605 εἴ
464 587 496 612 γε
526 578 614 613 τούτῳ
641 579 765 613 γαμετὴν
792 577 938 612 ἐπιτρέψαι

138 626 243 653 λαϐεῖν.
259 625 312 652 Τὸν
325 625 365 658 δὲ,
383 624 521 660 μηδεμίαν
536 624 609 658 ἔχειν
633 624 673 655 εἰς
698 623 783 657 αὐτὴν
811 622 937 654 ἐξουσίαν

138 670 361 705 ἀποκρίνασθαι·
386 669 467 697 ἄλλου
485 669 539 705 γὰρ
562 667 642 701 εἶναι,
661 669 709 695 καὶ
738 669 811 703 ἄλλῳ
836 667 938 702 καθηρ-

141 716 252 752 μόσοαι.
401 721 403 724 ‘

175 761 207 787 Τί
221 761 267 787 οὖν
278 762 292 787 ό
303 760 428 791 νεανίαςζ
444 759 590 786 Δύσοιστον
604 759 659 795 γὰρ
673 759 686 785 ὀ
704 758 774 794 ἔρως
790 766 796 773 ”
809 759 936 793 νεότητος

138 807 177 839 δὲ,
190 808 236 834 καὶ
250 807 335 841 τύφου
350 807 397 833 καὶ
413 805 541 841 ποικίλης
562 805 668 841 τρυφῆς
683 804 831 839 ὲπιτυχὼν,
861 805 936 838 γίνε-

138 862 184 880 ται
201 852 374 882 ἁνύποιστος.
398 851 484 886 Ὥραν
509 849 566 883 οὖν,
590 851 628 881 ὼς
661 850 797 885 ἐνόμιζεν,
826 850 935 876 εὖοετον

139 898 357 934 ὲπιτετηρηκὼς,
383 898 464 929 αὐτὸς
482 897 551 933 αὐτῇ
579 898 608 923 ὲν
637 897 752 932 ἀμφόδῳ
772 897 826 923 τινὶ
854 904 935 930 περι.-

140 946 283 972 επλέκετο.
311 945 421 979 Ἐκείνη
450 943 479 970 δὲ
502 944 545 976 cl;
564 943 676 979 Πρῶτον
702 943 752 978 μὲν
765 943 822 974 τοῖς
846 942 936 977 λόγοις

139 991 315 1026 ἀπημύνετο,
331 991 380 1016 καὶ
395 990 445 1025 τὴν
458 990 595 1025 ἀκρασίαν
608 989 655 1016 τοῦ
669 989 740 1020 νέου,
754 989 802 1016 καὶ
814 989 863 1024 τὴν
875 989 940 1015 ἀκό-

141 1038 238 1063 λαστον
250 1036 403 1071 ἁνεχαίτιζε
425 1034 588 1071 προσϐολὴν,
605 1034 653 1069 Μὴ
674 1034 792 1067 βιάζου,
810 1035 939 1069 λέγουσα,

140 1083 199 1116 τὴν
213 1083 307 1116 ξένην
323 1090 330 1097 ·
340 1082 383 1116 μὴ
399 1081 587 1113 ἀπαιδεύτως
603 1081 767 1108 ἑπιτίθεσο.
785 1081 937 1108 ’Ῑκονιέων

139 1130 197 1164 εἶμί
213 1129 323 1163 πρώτη,
336 1129 385 1155 καί
404 1128 573 1163 γαμηθῆναι
585 1127 625 1160 τῷ
638 1127 742 1161 πρώτῳ
757 1127 811 1161 τῆς
824 1128 940 1160 πόλεως

139 1176 220 1208 οὺβο
226 1175 367 1210 υλομένη,
378 1174 436 1202 τῶν
447 1175 564 1201 οἰκείων
572 1174 724 1207 άπῶσμιιι-
734 1174 942 1206 ἀλλίἱπόστη.

140 1225 181 1254 θι,
197 1222 262 1255 (ira;
273 1229 342 1248 ωπε.
360 1221 434 1247 Θεοῦ
446 1220 580 1254 ὑψίστου
608 1220 703 1253 δούλη
731 1220 791 1254 ειμι
803 1228 810 1234 ·
824 1219 941 1253 Χριστῷ

140 1268 342 1302 tarem-tinum
361 1266 463 1300 Ἰησοῦ
477 1274 483 1281 ·
501 1265 616 1300 Χριστῷ
628 1265 867 1300 μεμνήστευμαι.
893 1264 940 1294 Μὴ

140 1315 260 1349 ἐνόχλει
273 1313 440 1348 τοιγαροῦν.
449 1313 496 1345 Μὴ
506 1312 596 1347 πειρῶ
607 1313 701 1346 θίγειν
709 1312 761 1338 τοῦ
768 1312 816 1338 σοί
823 1311 865 1345 μὴ
872 1312 942 1338 κοθ-

139 1361 280 1393 ήκοντος.
291 1362 317 1386 Δ11
323 1361 339 1394 ὴ
350 1359 440 1394 πειρῶ
451 1360 561 1393 ψαύειν
568 1359 730 1393 ἀψαύστου
739 1357 887 1393 σώματος,
900 1358 940 1392 μή

141 1406 217 1433 ποτέ
226 1414 275 1432 σοι
290 1406 486 1440 μεταμελήσῃ
497 1404 552 1438 τῆς
561 1405 704 1437 ἀναιδοῦς
717 1403 942 1438 ἐπιχειρήσεως.

141 1453 219 1488 Rati}
232 1452 281 1487 μὲν
289 1452 384 1478 ταῦτα..
395 1451 423 1478 '0
430 1451 457 1478 δὲ
466 1451 555 1485 εἴχετο
567 1451 749 1485 κατακράτος.
758 1450 790 1476 Ἦ
800 1450 828 1476 δὲ
836 1449 941 1483 τὸνῚη-

142 1498 208 1525 tto-Civ
224 1498 460 1532 ἐπικαλεσαμένη,
475 1497 630 1532 περισχίζει
646 1497 694 1530 μὲν
712 1495 786 1530 αὐτῷ
803 1496 852 1531 τὴν
874 1495 941 1530 χλασ

144 1545 216 1580 μύδα
231 1553 239 1561 ·
258 1544 395 1576 ἀκοντίζει
409 1544 437 1570 δὲ
455 1544 558 1570 καὶτὸν
571 1544 703 1577 στέφανον
719 1542 772 1568 ἀπὸ
788 1542 838 1576 τῆς
852 1549 940 1576 κεφα-

142 1592 193 1627 λῆς
208 1600 215 1606 ·
235 1591 410 1618 ὑπεκδὺνασα
424 1590 453 1616 δὲ
464 1590 518 1617 τῶν
535 1590 636 1625 χειρῶν
650 1590 699 1621 τὰς
713 1589 811 1619 λαϐὰς,
831 1588 939 1622 ἀφῆκεν
954 1595 975 1625 C

141 1638 226 1664 αὑτὸν
238 1638 278 1668 εἰς
291 1638 343 1671 γῆν
359 1635 539 1671 ἀπωσαμένη.
576 1635 605 1662 '0
620 1635 648 1661 δὲ
668 1635 718 1670 τὴν
741 1634 873 1668 αίσχύνην
897 1633 937 1668 τῷ

142 1683 248 1718 φίλτρῳ
270 1682 469 1718 κερασάμενος,
501 1682 548 1708 καὶ
573 1681 680 1717 βαρέως
712 1679 872 1714 ἐζηλωκὼς,
899 1679 938 1714 τῷ

143 1729 260 1765 ἡγεμόνι
270 1729 320 1763 τῆς
339 1728 442 1759 πόλεως
456 1727 601 1763 ἐμφανίζει
614 1728 674 1753 κατ’
688 1727 783 1761 αὐτῆς.
814 1726 938 1761 Ἑρωτω-

143 1775 230 1810 μένης
241 1774 280 1807 δὲ,
297 1774 344 1800 καὶ
375 1773 560 1808 ὁμολογούσης
578 1773 650 1799 οὕτω
673 1771 842 1807 δεδρακέναι,
872 1780 938 1798 κατ-

141 1823 236 1858 έκρινε
250 1821 355 1857 θηρίοις
370 1820 548 1855 παραᾶιλεῖν.

178 1911 228 1943 Τίς
243 1911 294 1937 οὐκ
308 1910 470 1942 ὲπεστὲναξε
484 1911 541 1941 τοῖς
552 1909 741 1945 κεκριμένοις;
765 1908 813 1940 Τίς
828 1908 867 1944 τῷ
891 1909 939 1935 ἀν-

141 1959 210 1993 οσίῳ
228 1957 277 1992 τῆς
289 1957 406 1989 κρίσεως
421 1957 471 1983 οὐκ
483 1955 703 1990 ἐπεστύγνατεη
732 1955 856 1990 Ἄνδρες,
887 1964 936 1989 γυ-

142 2006 249 2036 ναῖκες,
267 2005 314 2030 καὶ
327 2002 493 2029 πολῖταικαὶ
512 2001 592 2034 ξέκοι,
609 2002 717 2029 ἀδικίαν
736 2000 806 2028 εἶναι
821 2002 851 2028 τὸ
875 2001 940 2036 δρώο

144 2058 228 2084 μενον
245 2049 329 2075 ἐϐόων
348 2057 354 2062 ·
375 2048 458 2084 βίαιον
474 2048 504 2074 τὸ
517 2048 606 2082 δόγμα
622 2056 629 2063 ·
645 2048 806 2083 τυραννικὸν
834 2048 864 2074 τὸ
890 2048 937 2082 ὲγ-

143 2096 267 2131 χείρημα
281 2103 288 2109 ’
304 2094 443 2129 βιάζεσθαι
461 2094 606 2128 παρθένον,
623 2093 769 2120 καὶταῦτα
786 2093 875 2128 ξένην,
891 2093 937 2120 καὶ

143 2141 232 2168 ταῦτα
241 2141 294 2167 τῶν
308 2139 456 2174 ἐπιφανῶν.
468 2141 515 2166 καὶ
523 2140 608 2166 ταῦτα
622 2139 675 2166 τῶν
690 2139 763 2166 ἰδίων
776 2138 852 2165 τοῦδε
868 2138 938 2165 εἵνε-

144 2196 193 2214 κεν
203 2187 399 2221 δεδιωγμένην.
409 2186 477 2212 Ἀλλ’
491 2187 566 2221 ὅμως
579 2186 592 2211 ὸ
610 2185 785 2220 μακρόουμος
796 2184 917 2219 ἠνείχετο
929 2192 935 2199 ·

144 2236 193 2262 καὶ
208 2236 261 2262 ὅσα.
271 2235 339 2269 πρὸς
352 2234 431 2267 δόξαν
453 2233 571 2264 οἰκείων,
597 2231 741 2267 πόρρωθεν
769 2232 938 2266 προητοιμά-

144 2283 209 2314 ζετο
221 2291 227 2297 ·
244 2282 291 2308 καὶ
305 2282 321 2315 ἡ
334 2281 468 2316 παρθένος
482 2281 513 2307 οὑ
536 2279 680 2314 καθυφῆκε
710 2278 748 2313 τῷ
779 2278 917 2314 προσώπῳ
930 2287 936 2294 -
951 2272 978 2302 Ῑ)

143 2330 175 2356 οὗ
188 2329 258 2363 πρὸς
277 2328 326 2362 τὴν
338 2328 391 2354 τῶν
405 2328 520 2354 λεόντων
537 2326 660 2353 ὤκλασεν
673 2325 789 2360 ἀπειλήν
802 2332 809 2339 ·
825 2325 855 2351 οὐ
871 2324 939 2359 προς

143 2376 195 2410 τὴν
213 2375 242 2408 ἐξ
257 2374 374 2410 οὐρανοῦ
400 2374 560 2410 συμμαχίαν
586 2372 738 2399 ὲνεδοίασεν
755 2380 762 2387 ·
791 2370 938 2397 πεποιθυῖα

143 2421 173 2447 δὲ
195 2421 308 2455 μᾶλλον,
324 2420 371 2447 καὶ
389 2421 456 2454 πρὸς
468 2420 513 2446 τὸν
530 2419 661 2454 ἀμίαντον
683 2419 715 2443 ὲκ
737 2416 822 2452 πυρὺς
852 2417 937 2451 αὐτὴν

143 2465 340 2493 ἀποὸλέπουσα
374 2465 587 2500 διασωσάμενον,
624 2462 732 2497 πρῶτον
766 2461 815 2496 μὲν
844 2461 938 2497 λεαίνῃ

144 2557 252 2584 talione
273 2558 413 2592 passionis
439 2556 601 2592 perfuncta:
620 2555 761 2590 liberaque
787 2555 900 2583 dimissa
927 2562 942 2582 a

144 2590 282 2626 praeside;
291 2592 404 2620 Paulum
420 2590 522 2627 Myram
539 2593 566 2618 in
592 2590 673 2626 Lycia
705 2595 800 2619 secuta
835 2595 907 2627 erat,
927 2597 942 2627 a

145 2625 372 2663 quodimittitur.
389 2633 418 2654 ut
441 2625 496 2663 iam
522 2627 590 2663 satis
614 2625 834 2663 conliriuata,_ti_e
849 2626 884 2652 sit
902 2625 942 2652 illi

146 2662 267 2696 amplius
279 2670 383 2695 comes,
404 2661 450 2690 sed
465 2663 491 2688 in
510 2661 624 2695 patriam
642 2661 763 2689 discedat
785 2661 877 2695 ibique
893 2668 942 2695 pro

145 2698 262 2724 modulo
279 2705 329 2725 suo
346 2705 484 2732 sexusque
496 2697 602 2723 ratione
621 2697 762 2732 Christum
784 2698 940 2732 annuntiet.

145 2732 214 2764 Quae
230 2733 323 2759 omnia
337 2733 364 2760 in
382 2734 457 2760 Actia
485 2732 628 2759 habentur.
643 2731 732 2758 Vestis
760 2731 940 2757 mutationem

146 2768 233 2794 semel
249 2771 277 2794 et
294 2770 392 2794 itermn
417 2768 515 2795 merito
545 2768 699 2801 suppressit
716 2766 835 2793 Nicetas.
853 2764 941 2792 Graeci

146 2810 260 2836 quoque
293 2803 361 2830 nihil
382 2804 443 2838 ejus
474 2802 636 2838 meminere.
654 2802 685 2838 Et
707 2806 781 2838 certe
801 2801 866 2838 quid
897 2801 942 2827 illa

148 2844 234 2865 resne
249 2839 377 2868 mutatio.
398 2836 471 2865 ‘cum
502 2837 594 2864 statim
623 2836 798 2864 Arnim-hiant
817 2836 940 2870 ingressa

149 2873 249 2900 mulier
263 2874 357 2909 agnita
373 2873 420 2905 sit,
440 2873 492 2909 nisi
508 2871 687 2907 ingrediendo
704 2871 863 2898 muliebrem
878 2872 939 2899 cul-

992 256 1187 288 luxuriantem,
1200 256 1304 283 incidit.
1320 255 1386 282 Erat
1397 256 1432 287 is,
1450 255 1537 292 Syrus
1553 263 1665 290 genere,
1682 256 1779 283 Antin-

991 301 1140 328 chenorum
1161 301 1278 336 primus,
1307 301 1463 329 Alexander
1475 301 1597 328 nomine.
1615 300 1664 328 llic
1682 302 1779 336 puella:

989 350 1088 381 captus
1116 347 1215 379 oculis,
1233 351 1361 381 totusque
1387 355 1481 374 amore
1508 347 1638 374 incensus
1661 347 1780 381 (validus

989 394 1062 420 enim
1090 393 1394 428 impudieusjuvenum
1422 397 1561 428 aspectus,
1588 397 1617 420 ut
1644 393 1778 428 obiectam

991 439 1236 472 pulchritudinem.
1257 439 1331 466 velut
1347 439 1538 466 dulcissiruum
1563 438 1702 473 quoddam
1721 439 1778 473 spi--

989 485 1080 512 culum
1091 485 1152 512 imis
1163 486 1258 519 inligat
1270 486 1360 512 cordis
1372 485 1583 520 penetralibus),
1593 485 1711 519 primum
1724 485 1780 519 qui-

988 531 1048 558 dem
1065 530 1179 557 Paulum
1201 531 1359 563 obsecrare,
1377 539 1430 566 qua
1447 531 1539 558 statim
1554 531 1697 558 inimmera
1711 537 1781 565 pra:-

988 577 1054 604 bens
1083 585 1209 609 munera,
1230 585 1282 612 qua
1302 582 1330 604 et
1363 577 1429 604 dare
1444 577 1592 612 pollicitus.
1624 577 1646 604 si
1661 577 1742 603 modo
1755 577 1780 603 ei

987 623 1132 658 coniugem
1152 623 1280 650 Theclam
1298 624 1479 658 permitteret.
1509 623 1548 650 Ad
1565 631 1646 658 quem
1668 622 1780 654 Paulus,

987 669 1046 704 ejus
1063 670 1114 697 sibi
1139 670 1242 696 nullam
1259 678 1322 698 esse
1342 674 1519 704 potestatem;
1538 669 1572 696 ad
1589 670 1672 697 alituu
1700 676 1781 704 spec-

987 720 1055 747 tare,
1069 722 1150 751 atque
1166 717 1210 743 alii
1225 716 1421 751 desponsatam
1438 723 1511 743 esse.

1022 762 1091 794 Quid
1111 763 1195 797 igitur
1223 762 1352 796 juvenis?
1383 761 1429 789 list
1458 762 1530 789 enim
1557 768 1635 788 amor
1651 768 1696 788 res
1709 768 1782 796 aegre

987 807 1153 840 tolerabilis;
1168 808 1212 834 tibi
1223 815 1287 835 vero
1299 807 1469 842 iuventutem
1489 811 1516 834 et
1529 807 1685 841 superbiam
1699 807 1782 834 varii-

985 861 1040 887 que
1067 853 1176 887 goneris
1202 853 1314 881 delicias
1341 857 1439 881 nactus
1470 852 1560 886 luerit,
1592 853 1780 880 intolerabilis.

953 914 973 941 Β
987 899 1136 927 Observata
1167 899 1259 935 igitur,
1287 903 1315 926 ut
1330 899 1517 931 existimabat,
1533 901 1686 933 opportuna
1713 903 1783 925 tem-

989 946 1064 980 pnris
1094 947 1173 980 hora,
1189 947 1217 972 in
1234 946 1353 981 compito‘
1367 945 1488 980 quodaru
1505 946 1564 980 ipse
1580 945 1617 972 illi
1636 945 1782 980 congredi-

989 997 1044 1019 tur.
1072 992 1142 1024 Quid
1173 999 1238 1019 vero
1266 992 1334 1019 illa?
1360 992 1481 1020 Primum
1507 991 1617 1026 quidem
1647 999 1677 1018 sc
1693 991 1783 1018 verbis

991 1042 1094 1070 tuetur,
1111 1043 1194 1072 atque
1220 1039 1447 1073 intemperantem
1462 1038 1648 1072 lascivamque
1664 1038 1784 1065 retundit

987 1083 1097 1118 juvenis
1122 1085 1279 1111 audaciam.
1298 1084 1339 1111 Ne
1356 1085 1419 1116 vim,
1436 1084 1536 1118 inquit,
1552 1084 1663 1118 hospitae
1678 1084 1782 1118 feceris.

992 1129 1034 1156 Ne
1068 1136 1185 1162 proterve
1215 1130 1352 1157 insilieris.
1386 1130 1567 1157 lconiensium
1599 1131 1685 1164 prima
1712 1138 1782 1161 sum,
1825 1162 1833 1169 .

990 1177 1109 1210 quodque
1138 1176 1233 1202 nollem
1262 1176 1342 1209 primi
1368 1177 1482 1203 civitatis
1510 1176 1608 1210 nuptiis
1637 1176 1782 1211 implicari.

991 1223 1069 1248 domo
1093 1222 1202 1254 expulsa
1229 1230 1298 1248 sum.
1329 1221 1428 1248 Verum
1455 1223 1575 1254 abscede,
1604 1222 1707 1249 homo:
1734 1222 1784 1249 Dei

992 1267 1117 1294 altissimi
1149 1267 1248 1294 ancilla
1286 1276 1361 1299 sum;
1392 1267 1499 1294 Christo
1539 1269 1669 1295 obstricta
1702 1276 1783 1301 sum;

992 1312 1096 1339 C/tristo
1112 1321 1169 1339 sum
1187 1313 1357 1346 desponsata.
1379 1313 1419 1340 Ne
1438 1315 1527 1349 itaque
1544 1314 1694 1341 molestiam
1711 1314 1782 1349 fece-

993 1359 1038 1385 ris.
1058 1357 1098 1385 Ne
1117 1363 1196 1385 tentes
1210 1360 1349 1394 attingere,
1368 1360 1438 1393 quod
1451 1360 1486 1386 ad
1502 1364 1526 1386 te
1543 1368 1594 1386 non
1613 1360 1717 1386 attinet.
1741 1358 1783 1386 Ne

993 1405 1118 1430 intactum
1130 1413 1224 1439 corpus
1239 1407 1342 1431 conaris
1358 1406 1518 1440 contingere,
1532 1414 1563 1432 ne
1583 1410 1607 1432 te
1624 1405 1694 1440 forte
1705 1411 1784 1432 teme-

993 1451 1073 1477 rarii:
1094 1451 1270 1485 aqqressionis
1280 1451 1416 1484 paeniteat.
1429 1453 1517 1485 Atque
1531 1452 1587 1478 haec
1602 1452 1783 1486 quidemilla:

993 1496 1017 1523 is
1046 1505 1110 1523 vero
1129 1497 1194 1523 totis
1225 1497 1329 1525 viribus
1349 1497 1480 1524 instabat.
1497 1497 1567 1524 Tum
1588 1498 1672 1533 virgo,
1690 1497 1784 1525 Jesum

993 1542 1135 1570 invocans,
1156 1543 1230 1568 illius
1251 1542 1381 1569 discindit
1394 1543 1577 1578 chlamydem,
1592 1551 1681 1578 etque
1694 1544 1785 1577 capite

992 1596 1122 1616 coronam
1151 1589 1266 1621 excutit,
1281 1597 1365 1624 seque
1383 1589 1503 1616 tenentis
1534 1590 1660 1617 manibus
1677 1590 1784 1618 subdu-

990 1643 1067 1668 ccns,
1086 1635 1148 1662 l'orti
1178 1636 1286 1670 repulsa
1301 1636 1360 1663 solo
1386 1639 1501 1663 stratum
1522 1636 1663 1670 relinquit.
1679 1636 1715 1662 At
1740 1636 1786 1663 ille

991 1682 1119 1716 probrum
1144 1682 1244 1715 philtro
1273 1682 1467 1714 commiscens,
1494 1682 1626 1717 gravique
1664 1682 1785 1717 percitus

989 1727 1165 1754 annulatione
1190 1734 1249 1754 eam
1263 1731 1377 1754 accusat
1391 1727 1467 1754 urbis
1494 1727 1616 1762 przesidi.
1633 1727 1786 1762 interroga-

990 1777 1044 1799 tam
1062 1781 1136 1805 vero,
1154 1781 1185 1800 ac
1202 1781 1264 1800 cum
1281 1774 1321 1800 sic
1338 1772 1440 1801 fecisse
1453 1773 1594 1804 fateretur,
1613 1773 1710 1801 bestiis
1732 1773 1784 1800 0b-

988 1819 1135 1854 jiriendam
1163 1820 1215 1846 lata
1246 1819 1273 1846 iu
1303 1827 1363 1846 eam
1402 1820 1540 1847 sententia
1567 1827 1668 1854 praeses
1685 1820 1784 1847 decer-

991 1866 1043 1892 nit.

1026 1912 1093 1944 Quis
1123 1920 1177 1938 non
1208 1912 1246 1939 rei
1288 1912 1416 1947 iudicata:
1440 1912 1601 1946 indignitate
1633 1913 1786 1947 ingemuit?

989 1957 1057 1990 Quis
1073 1966 1126 1984 non
1143 1958 1288 1984 scelestum
1301 1957 1436 1991 judicium
1454 1957 1520 1984 illud
1536 1965 1608 1992 aegre
1619 1958 1702 1984 tulit?
1718 1957 1785 1990 Viri,

990 2003 1127 2033 mulieres.
1145 2003 1218 2030 cives
1233 2003 1333 2036 pariter
1346 2008 1428 2037 atque
1440 2003 1571 2038 h'ospites,
1589 2004 1713 2037 iniquum
1725 2011 1786 2030 esse

992 2048 1065 2083 quod
1088 2049 1245 2083 gerebatur,
1263 2048 1489 2081 conclamarunt;
1517 2048 1666 2074 violentum
1690 2047 1787 2075 decre-

989 2101 1056 2128 tum,
1071 2097 1240 2131 tyrannicam
1259 2097 1459 2131 aggressionem
1474 2105 1480 2123 :
1502 2096 1555 2123 vim
1571 2096 1663 2123 inferri
1675 2096 1785 2131 virgini,

990 2142 1072 2176 idque
1100 2142 1216 2176 hospita:
1233 2141 1314 2177 idque
1334 2142 1434 2169 illustri
1451 2142 1534 2176 stirpe
1549 2147 1630 2176 sataz;
1647 2142 1727 2176 idque
1739 2142 1787 2169 de-

989 2195 1062 2213 mum
1081 2194 1112 2213 ea
1122 2188 1155 2213 de
1166 2195 1248 2214 causa
1260 2188 1344 2222 patria
1353 2188 1456 2222 eiectae.
1468 2187 1565 2214 Verqu
1578 2188 1729 2214 sustinebat
1738 2188 1785 2222 qui

989 2233 1076 2267 longa:
1092 2233 1227 2267 patientiae
1242 2238 1295 2265 est,
1310 2239 1469 2268 quantaque
1492 2234 1526 2260 ad
1546 2241 1658 2260 suorutn
1670 2234 1784 2268 gloriam

992 2284 1095 2312 essent,
1111 2280 1205 2313 procul
1220 2280 1383 2307 instruebat.
1396 2281 1434 2307 Ac
1451 2281 1528 2314 virgo
1544 2288 1596 2307 non
1615 2280 1689 2307 vultu
1718 2288 1786 2307 con.-

993 2324 1058 2350 cidit
1077 2333 1083 2351 :
1102 2333 1156 2351 non
1170 2325 1202 2351 ad
1223 2325 1333 2351 leonum
1363 2325 1452 2352 minas
1473 2326 1594 2357 nutavit:
1616 2333 1670 2352 non
1688 2326 1721 2353 de
1739 2334 1786 2353 su-

994 2377 1077 2405 perna
1091 2378 1142 2405 ope
1156 2371 1306 2403 dubitavit;
1321 2371 1387 2405 quin
1405 2372 1496 2404 potius
1518 2371 1617 2397 fiducia
1635 2371 1725 2405 plena,
1744 2371 1786 2398 irt-

991 2423 1044 2450 que
1053 2423 1113 2442 eum
1128 2415 1239 2442 intentis
1254 2416 1351 2448 oculis,
1368 2417 1412 2451 qui
1425 2424 1457 2443 ex
1472 2416 1532 2451 igne
1543 2416 1785 2444 inroutaiuinatam

995 2466 1162 2494 servaverat,
1194 2461 1312 2496 primum
1337 2461 1448 2496 quidem
1463 2469 1542 2489 saevae
1568 2461 1660 2488 leuauae
1677 2461 1786 2497 alligata

993 2561 1048 2583 tum
1063 2556 1160 2583 iterum
1178 2555 1348 2590 resumpsit?
1370 2562 1431 2589 quae
1444 2554 1528 2589 gratis
1553 2555 1626 2582 dicta
1646 2556 1783 2583 videntur.

993 2591 1090 2618 Datum
1110 2593 1192 2618 etiam
1215 2591 1362 2618 'l‘heclteut
1379 2598 1460 2616 unam
1480 2592 1629 2618 alterumve
1641 2591 1780 2618 civitatem

993 2626 1045 2653 sibi
1068 2630 1233 2657 assumeret.
1263 2626 1340 2659 quasi
1356 2626 1507 2660 apostolici)
1526 2633 1640 2653 munere
1656 2626 1784 2652 erudien-

992 2661 1065 2693 dam,
1081 2662 1159 2688 valde
1174 2661 1240 2688 tuihi
1261 2662 1358 2689 durum
1391 2665 1417 2687 et
1445 2660 1565 2686 alienum
1598 2668 1612 2687 a
1638 2660 1783 2694 disciplina

992 2697 1180 2724 ecclesiastica
1201 2696 1358 2730 Christique
1378 2694 1573 2727 institutione;
1598 2696 1649 2722 etsi
1666 2695 1730 2721 Acta
1747 2695 1782 2720 ita

993 2731 1159 2766 signiﬁcent.
1175 2729 1344 2766 Videturque
1362 2738 1496 2766 pugnare,
1514 2730 1586 2764 quod
1596 2735 1689 2756 sancta
1707 2729 1782 2763 virgo

994 2765 1212 2793 idmonteextra
1225 2765 1319 2794 urbem
1337 2765 1468 2793 Seleucia!
1482 2766 1508 2791 in
1521 2765 1619 2798 angulo
1632 2766 1783 2798 actugurio

992 2802 1180 2834 consenuerit,
1202 2809 1283 2836 quam
1311 2809 1404 2836 pauca:
1427 2800 1534 2836 femina:
1554 2799 1702 2834 mgrotique
1727 2799 1784 2836 adi-

993 2842 1075 2867 rent;
1094 2844 1148 2863 non
1179 2844 1239 2872 quae
1251 2835 1318 2865 urbi
1329 2844 1359 2864 se
1392 2835 1548 2870 magistram
1571 2841 1603 2862 ac
1629 2835 1783 2870 apostolum

993 2872 1146 2900 exhiberet.
