2089 3151
299 172 351 204 323

907 166 1054 197 NICETEE
1070 163 1294 196 PAPHLAGON
1300 163 1333 193 [S

1876 155 1929 189 324

300 233 357 262 est;
375 226 454 262 cujus
467 225 589 257 dorsum,
601 224 675 251 omni
693 223 779 258 major
790 221 970 250 admiratione
986 221 1085 256 puella,

1146 217 1286 253 τροσεδέθη
1303 218 1390 254 πικρᾷ
1400 225 1407 233 ·
1422 214 1456 253 ἦς
1471 217 1518 244 ἐπὶ
1532 215 1579 243 τὸν
1593 214 1680 242 νῶτον
1694 214 1753 251 (66)
1777 215 1794 250 ἡ
1819 214 1929 251 θαυμα-

301 275 374 302 velut
400 272 463 308 equi
480 271 550 299 lenis
578 277 744 301 conscensu,
761 269 802 296 sic
829 267 924 295 sedate
942 275 974 295 ac
990 268 1086 294 incon-

301 328 382 348 cusse
397 319 556 346 vehebatur.
573 316 664 344 Bestia
678 322 756 346 vero,
768 313 848 349 quasi
862 320 940 340 suain
959 313 1019 347 ipsa
1044 312 1089 339 in-

301 365 390 392 doletn
414 363 508 393 oblita,
530 361 671 396 speciosus
698 366 731 386 ac
761 358 943 394 triumphales
963 358 1046 393 pedes
1061 357 1090 393 (ο

302 409 482 437 miraculum!
498 416 514 434 ο
534 406 626 441 populi
641 405 790 433 clamorem
806 411 840 431 ac
862 403 1033 438 stuporem!)
1049 403 1090 430 le-

302 458 373 483 niter
385 461 518 482 conversa
530 452 770 487 circumlingebat,
786 450 824 478 Ne
838 451 901 486 quis
915 457 980 478 vero
997 450 1089 476 incre-

303 501 424 529 dulitatis
452 500 494 526 hic
520 498 733 534 cogitationibus
767 497 885 524 fatiscat.
914 496 982 523 Cum
1015 496 1090 522 enim

304 547 423 581 Spiritus
435 549 547 572 sanctus
558 544 682 571 velutrex
695 550 809 577 magnus
824 546 989 577 per‘sanctos
1002 542 1090 574 adest,

303 592 513 619 eontremiscere
524 590 598 617 novit
610 590 759 616 bestiarum
774 588 888 623 spiritus
898 592 925 614 et
937 587 1091 621 quiescere,

301 646 390 673 exque
404 636 598 672 omnipotentis
614 635 722 663 consilii
736 635 887 662 rationibus
901 641 1021 662 cessare.

340 767 428 802 llujus
451 768 542 802 itaque
568 765 663 800 agonis
682 766 782 793 luctam
810 765 883 792 velut
905 763 1090 791 rudimentum

304 814 440 850 quoddam
463 813 596 840 adversus
627 811 772 839 fortissimi
808 811 928 846 pectoris
958 811 1091 845 virginem

305 868 366 887 cuin
381 858 551 889 statuissent,
566 857 714 884 bestiarum
731 857 860 891 deinceps
874 855 1090 883 saerissimarum

305 904 507 932 multitudinem
522 903 665 938 parabant.
683 902 801 930 Decebat
817 902 942 934 enim,ut
955 906 982 929 et
990 901 1092 929 Christi
1109 891 1128 918 Β

304 953 402 982 virtus,
415 949 582 984 virginisque
601 949 627 975 in
643 956 703 976 eum
722 947 787 979 fides
802 946 933 974 illustrior
945 947 1016 973 inter
1027 954 1093 981 gen-

306 1002 346 1023 tes
357 996 588 1022 tnanii‘estaretur.
606 993 706 1021 Thecla
722 993 804 1028 igitur
830 992 900 1027 apttd
913 992 1094 1027 Tryphaenam

304 1043 449 1077 quamdam
459 1041 610 1074 mulierem,
623 1039 711 1067 indole
727 1039 828 1074 pariter
845 1044 927 1073 atque
937 1038 1021 1064 animi
1033 1045 1094 1065 mo-

306 1089 383 1115 ribus
400 1087 556 1121 ingenuam,
572 1086 704 1113 hactenus
723 1084 893 1116 servabatur,
908 1084 1095 1111 convenientis

305 1135 376 1170 apud
389 1141 449 1160 eam
463 1132 571 1167 hospitii
586 1139 685 1158 munus
697 1135 857 1158 consecuta.
874 1131 951 1163 Quod
968 1137 1032 1157 vero
1049 1130 1095 1156 be-

255 1183 263 1190 '
305 1188 326 1208 si
334 1182 419 1207 iarum
429 1181 454 1206 in
462 1187 520 1206 eam
528 1183 690 1213 congregata
697 1178 841 1204 multitudo
848 1181 915 1208 erat,
923 1177 1034 1211 jamque
1041 1183 1097 1203 cer-

305 1226 416 1253 taminis
429 1226 487 1251 dies
511 1223 614 1255 aderat,
630 1227 657 1249 et
671 1221 814 1249 certamini
827 1221 945 1249 stadium
971 1224 1095 1255 apertum

305 1275 376 1302 erat,
405 1270 577 1305 populusque
605 1268 773 1296 clamoribus
799 1267 832 1294 ad
849 1267 986 1294 theatrum
998 1273 1097 1293 evoca-

305 1318 395 1349 batur.
414 1323 444 1343 ac
460 1323 548 1343 stevus
559 1318 664 1341 amator
677 1318 830 1348 correptam
847 1312 979 1348 virginem
996 1312 1097 1346 produ-

305 1363 383 1389 cebat
398 1369 476 1387 :cuni
492 1361 616 1387 universa
640 1359 696 1394 jam
722 1358 830 1390 civitas,
854 1357 983 1392 prtesides
996 1356 1098 1392 pariter

307 1416 338 1434 ac
368 1408 470 1435 subditi
497 1407 529 1433 ad
549 1406 721 1433 tremendum
746 1404 810 1432 illttd
832 1404 1019 1439 spectaculum
1045 1409 1098 1429 una

306 1461 368 1480 cum
402 1453 515 1487 pttcside
547 1451 749 1482 convenissent,
779 1452 920 1485 turbaeque
954 1450 1099 1476 tumultua-

307 1501 402 1526 i'vntur
414 1506 446 1525 ac
472 1497 707 1530 vociferarentur;
722 1502 786 1524 tunc
806 1496 935 1523 nimirum
958 1495 1099 1530 splendida

307 1541 452 1576 splendide
468 1541 593 1568 muliebri
611 1548 672 1568 cum
689 1540 757 1567 stola
775 1539 896 1573 deposita
923 1544 979 1565 tum
996 1539 1098 1570 animo.

307 1587 469 1621 cinguloque
484 1586 640 1621 praecincta,
657 1593 688 1612 ac
705 1588 792 1611 totum
813 1584 887 1611 inttts
897 1582 990 1610 Jesum
1008 1583 1099 1610 divine

307 1633 486 1669 prospiciens,
497 1632 665 1666 Paulumque
677 1630 773 1658 metttis
786 1630 873 1657 oculis
891 1634 1022 1656 contuens
1033 1629 1099 1664 (uno

307 1679 381 1706 enim
399 1679 497 1705 mentis
508 1684 620 1713 aspectu
639 1677 713 1704 velut
730 1684 813 1704 unttm
828 1675 923 1703 ambos
936 1675 1097 1710 intuebaris)

309 1724 416 1750 fortiter
446 1724 593 1750 admodum
624 1722 686 1749 forti
716 1722 815 1749 tuentis
832 1722 974 1757 proposito
991 1722 1016 1748 in
1042 1729 1098 1749 me-

309 1769 382 1796 dium
403 1769 521 1796 stadium
541 1769 660 1796 insiliisti
677 1777 684 1796 :
699 1769 828 1804 priusque
839 1772 925 1795 totum
941 1775 1042 1802 corpus
1061 1768 1098 1795 si-

308 1822 363 1850 gno
377 1815 468 1841 crucis
481 1815 661 1849 consignatis.
686 1816 867 1848 expansisqne
880 1814 907 1840 in
923 1814 1023 1840 caelum
1041 1821 1098 1840 nta-

310 1861 404 1892 nibus,
436 1861 542 1887 sedenti
572 1867 656 1895 super
685 1860 827 1886 cherubim
854 1860 962 1886 arcanis
980 1859 1098 1885 maxime

309 1906 392 1932 animi
404 1905 522 1933 motibus
533 1913 616 1933 orans
626 1905 841 1940 colloquebaris;
857 1905 1097 1940 immissorumque

310 1952 337 1978 in
368 1956 393 1978 te
423 1951 543 1983 leonum,
561 1959 745 1986 ursorutnque
770 1959 802 1978 ac
816 1951 963 1986 pardorutn
976 1951 1095 1986 rugitutn

312 1998 383 2024 velut
408 1997 543 2032 pecudum
558 1997 679 2024 balatum
703 2001 851 2032 reputans,
878 1997 1097 2032 populorumque

309 2042 446 2076 fragorem
462 2047 490 2069 et
508 2042 700 2070 tumultuantis
726 2044 813 2069 turbae
838 2043 983 2077 strepitum
999 2043 1097 2069 mulie-

310 2094 426 2120 rumque
459 2087 579 2114 ululatus
603 2092 685 2122 atque
702 2088 822 2122 gemitus
847 2088 921 2115 velut
948 2087 1095 2116 infantium

310 2133 430 2166 vagitum
446 2132 561 2164 habens,
579 2133 620 2160 sic
632 2133 725 2168 quiete
740 2133 846 2165 stabas,
861 2141 892 2160 ac
903 2134 927 2161 si
953 2134 980 2161 in
1006 2134 1096 2162 media

310 2178 413 2212 publici
433 2182 523 2205 cmtus
545 2179 674 2214 panegyri
704 2178 832 2208 laudibus
848 2181 1035 2214 coronareris,
1061 2188 1094 2208 ac

310 2224 437 2259 opulente
453 2229 543 2251 mente
558 2224 702 2251 ltetareris.

346 2324 460 2355 Exinde.
471 2324 582 2359 quando
597 2324 719 2353 dimissis
733 2325 760 2352 in
771 2332 830 2353 eam
843 2326 973 2354 omnibus
992 2327 1099 2360 bestiis,

317 2370 378 2396 alia:
395 2369 512 2396 aliarum
529 2369 667 2396 morsibus
686 2370 874 2404 laniabantur;
889 2371 948 2398 alia:
963 2372 1036 2399 velut
1047 2373 1101 2399 alto

312 2423 410 2450 sopore
427 2415 575 2450 consopita:
593 2423 743 2451 segnesque
758 2415 869 2450 ell'ectte.
891 2422 995 2445 tantunt
1009 2419 1103 2446 aberat

312 2466 341 2487 nt
368 2460 500 2495 virginale
531 2468 563 2487 ac
596 2461 769 2496 impollutum
794 2470 895 2498 corpus
921 2463 1098 2499 attingerent.

311 2512 442 2540 quantum
461 2509 490 2533 ut
504 2510 531 2533 et
542 2507 627 2534 duros
645 2507 771 2535 dentibus
796 2508 899 2542 lapides
914 2510 1101 2544 apprehende-

311 2557 382 2578 rent.
404 2550 455 2579 Ubi
481 2553 572 2586 itaque
590 2556 729 2579 certamen
759 2554 832 2580 istud
849 2553 939 2582 fauste
967 2555 1005 2582 illi
1036 2563 1096 2589 per-

310 2603 402 2625 actum
415 2602 485 2628 erat,
512 2597 647 2632 Paterque
671 2598 803 2626 lutninnm
823 2599 999 2632 clarificatus,
1012 2599 1098 2628 Filius

311 2643 514 2677 magniﬁcatus,
526 2642 686 2671 Paracletus
711 2643 831 2678 denique
844 2644 871 2671 in
884 2652 917 2672 ea
934 2645 1097 2673 miriﬂcatus

309 2688 414 2722 fuerat;
450 2693 515 2715 tunc
537 2689 666 2716 nimirum
708 2689 735 2717 in
760 2690 861 2717 theatri
900 2695 976 2726 parte
1009 2692 1099 2728 aliqua

347 2777 405 2812 (66)
419 2775 478 2812 *Ης
496 2778 612 2805 ἑπὶτὸν
638 2777 742 2805 νῶτον.
771 2778 916 2813 Singulare
946 2779 1020 2807 istud
1051 2779 1099 2807 Ni-

312 2817 378 2850 ct-taa
390 2819 444 2844 est.
460 2821 510 2842 nec
523 2813 593 2840 forte
622 2815 689 2841 satis
705 2813 855 2850 credibile,
889 2814 930 2842 sic
962 2815 1096 2850 virginem

313 2849 385 2874 velut
396 2855 496 2883 equum
512 2851 616 2876 leonem
635 2848 780 2876 insedisse.
793 2849 846 2876 Alii
865 2850 964 2876 melius
981 2848 1094 2877 learnam

313 2883 411 2917 virgini
436 2884 585 2917 assedisse,
619 2889 645 2911 et
664 2884 741 2910 canis
780 2891 856 2911 more
882 2883 981 2912 blande
1015 2886 1102 2912 cauda

1108 2227 1131 2256 D
1143 2223 1267 2258 ηγύρεως
1295 2222 1506 2258 εὐφημουμένη.

1141 264 1261 299 omam;
1274 264 1354 299 κόρη,
1371 264 1498 300 καθάπερ
1513 264 1556 298 ἐφ’
1570 262 1653 289 ἵππου
1669 261 1780 296 πραέως
1792 261 1929 293 ἁναὸᾶσα,

1141 306 1273 344 γύηνῶέ
1282 309 1382 336 οὑτωσὶ
1397 310 1444 336 καὶ
1458 309 1647 344 ἀδιατρέπτως
1659 308 1791 341 ἱπωχεῖτο
1807 315 1814 323 ·
1829 307 1860 333 τὸ
1883 307 1931 342 θη-

1140 356 1198 391 ρίον
1212 355 1249 387 δὲ,
1265 356 1313 390 τῆς
1327 354 1413 381 αὐτοῦ
1431 355 1538 388 φύσεως
1554 354 1648 388 ὥσπερ
1669 353 1709 385 είς
1733 352 1819 388 λήθην
1842 352 1931 384 ἐλθὸν,

1139 401 1203 433 τοὺς
1218 401 1336 436 ὡραίους
1352 401 1399 428 καὶ
1411 400 1607 436 ἀθλοφορικοὺς
1621 399 1705 431 πόδας
1742 397 1775 433 (ὢ
1789 397 1838 424 τοῦ
1860 398 1929 424 θαύ-

1141 448 1244 482 ματοςί
1261 446 1284 473 ὼ
1303 447 1351 481 τῆς
1362 446 1409 473 τοῦ
1423 447 1511 481 δήμου
1534 445 1660 480 κραυγῆς
1680 444 1728 471 καὶ
1751 444 1801 479 τῆς
1830 443 1933 478 εκπλή-

1140 494 1207 526 ξεως
1222 493 1241 528 l)
1255 492 1486 528 ἐπιστρεφόμενον
1511 492 1603 527 ἠρέμα
1625 490 1831 526 περιελιχμᾶτο.
1852 490 1933 516 Ἀλλᾶ

1143 539 1236 574 μηδεὶς
1265 539 1311 566 ὲςπῖΙ
1338 537 1444 569 τούτοις
1467 538 1597 569 ἀπιστίας
1626 536 1754 571 καμνὲτω
1779 535 1929 570 λογισμοῖς.

1142 583 1299 618 Πνεύματος
1313 582 1368 617 γὰρ
1377 583 1453 615 ἁγίου
1470 581 1514 608 διὰ
1549 581 1603 607 τῶν
1617 581 1703 615 ἁγίων
1731 578 1775 606 οἶα
1808 579 1928 615 μεγάλου

1142 629 1274 663 παρόντος
1292 628 1433 664 βασιλέως,
1449 626 1520 654 οἶδεν
1532 627 1638 662 πνεῦμα
1647 627 1777 662 θηριῶδες
1792 626 1933 661 ὒγεοτιττήσ⁸

1142 683 1198 701 σειν
1207 675 1253 701 καὶ
1265 675 1391 709 ἠρεμεῖν,
1402 674 1447 701 καὶ
1469 675 1510 705 εἰς
1533 673 1670 708 πανσθενῆ
1682 673 1848 700 διατίθεσθαι
1870 672 1932 707 βου-

1141 720 1201 755 λήν.

1176 764 1278 792 Τούτου
1295 764 1345 799 μὲν
1357 763 1404 790 τοῦ
1413 763 1519 797 ἀγῶνος
1534 761 1590 790 οἶόν
1606 772 1632 790 τι
1643 763 1848 798 προγύμνασμα
1863 763 1932 790 κατὰ

1141 812 1190 845 τῆς
1202 811 1393 845 γενναιοτάτης
1418 810 1627 845 ἐνστησάμενοι,
1652 811 1678 834 π’
1689 809 1753 844 ἦθος
1777 809 1870 836 λοιπὸν
1883 809 1932 844 θη-

1143 859 1208 893 ρίων
1222 858 1413 893 πονηροτάτων
1429 856 1620 892 ἡτοιμάζοντο.
1632 856 1705 882 Ἔδει
1723 857 1788 890 γὰρ,
1802 855 1849 882 τοῦ
1865 856 1934 891 Χρι-

1144 904 1206 931 στοῦ
1229 905 1278 939 μὲν
1292 905 1341 938 τὴν
1356 903 1470 938 δύναμιν
1483 923 1490 936 ,
1509 903 1558 938 τῆς
1583 903 1612 929 δὲ
1629 903 1679 938 τὴν
1692 903 1731 934 εἰς
1746 903 1827 929 αὐτὸν
1842 903 1933 928 πίστιν

1143 951 1355 984 ὲπιῳανέττερον
1369 951 1397 976 ἐν
1412 950 1469 980 τοῖς
1483 948 1588 975 ἔθνεσιν
1601 948 1816 981 ὲκκαλυφθῆναι.
1835 948 1866 974 'H
1884 947 1934 983 μὲν

1143 994 1190 1023 οὖν
1206 996 1305 1027 Θέκλα,
1321 995 1398 1030 παρὰ
1413 994 1556 1030 Τρυφαίνῃ
1568 994 1622 1020 τινὶ
1636 994 1757 1028 γυναικὶ,
1775 993 1825 1028 τήν
1837 1001 1866 1019 τε
1882 993 1933 1027 φύ-

1145 1051 1187 1069 σιν
1202 1041 1247 1068 τόν
1257 1049 1286 1067 τε
1299 1040 1398 1076 τρόπον
1409 1039 1460 1074 τῆς
1469 1040 1558 1074 ψυχῆς
1575 1039 1692 1073 εὐγενεῖ.
1710 1039 1779 1070 τέως
1793 1039 1933 1074 ἐτηρεῖτοο

1145 1088 1234 1120 ξενίας
1254 1087 1281 1113 δὲ
1299 1086 1364 1122 παρ’
1381 1087 1448 1121 αὑτῇ
1465 1085 1555 1118 ἣεξιᾶς
1586 1084 1716 1120 λαχοῦσα.
1749 1085 1828 1112 Ἐπεὶ
1851 1085 1879 1111 δὲ
1904 1085 1935 1112 τὸ

1146 1132 1245 1167 πλῆθος
1262 1132 1316 1157 τῶν
1333 1131 1393 1158 κατ’
1406 1130 1491 1165 αὐτῆς
1520 1130 1623 1164 θηρίων
1648 1129 1777 1164 συνῆκτο,
1794 1130 1841 1156 καὶ
1854 1130 1871 1164 ή
1885 1130 1935 1164 τῆς

1146 1177 1265 1212 ἀγωνίας
1282 1177 1374 1212 ἡμέρα
1389 1176 1439 1212 ἠδη
1465 1176 1574 1210 παρῆν·
1593 1176 1641 1202 καὶ
1667 1176 1697 1201 τὸ
1721 1176 1770 1210 τῆς
1796 1175 1936 1210 ἀθλήσεως

1146 1223 1252 1250 στάδιον
1272 1223 1407 1257 ὴνέῳκτο-
1433 1221 1482 1248 καὶ
1496 1222 1511 1247 ὁ
1524 1221 1608 1256 δῆμος
1626 1221 1702 1256 βοαῖς
1719 1222 1760 1251 εἰς
1776 1220 1807 1247 τὸ
1822 1220 1936 1256 θέατρον

1146 1268 1300 1301 ἐξεκαλεῖτο
1313 1275 1320 1282 ·
1333 1267 1380 1294 καὶ
1392 1267 1406 1293 ὁ
1422 1266 1519 1301 πικρὸς
1533 1265 1637 1300 ταύτην
1650 1265 1741 1292 λαϐὼν
1754 1266 1855 1301 ἀνῆγεν
1871 1267 1935 1301 ἐρα-

1147 1314 1228 1349 στής·
1252 1313 1296 1340 ὅτε
1314 1313 1347 1348 δὴ
1370 1313 1445 1339 πᾶσα
1465 1312 1514 1347 μὲν
1541 1312 1558 1346 ή
1587 1312 1673 1344 πόλις,
1693 1311 1823 1347 ἄρχοντές
1843 1319 1874 1337 τε
1890 1311 1937 1337 καὶ

1146 1359 1292 1395 ἀρχόμενοι
1306 1359 1353 1385 ἐπὶ
1369 1358 1417 1393 τὴν
1443 1359 1561 1393 φρικτὴν
1577 1357 1678 1393 ταύτην
1692 1358 1756 1385 θέαν
1770 1357 1809 1393 τῷ
1821 1358 1937 1392 ἡγεμόνι

1148 1407 1330 1442 συνανῄεσαν’
1347 1405 1457 1441 θόρυϐοι
1474 1406 1502 1433 δὲ
1515 1406 1578 1438 τοὺς
1594 1405 1689 1441 ὄχλους
1708 1405 1756 1432 καὶ
1774 1405 1834 1440 βοαὶ
1851 1406 1939 1431 συνεῖ-

1147 1461 1206 1488 χον,
1224 1453 1270 1479 καὶ
1281 1452 1398 1487 ταραχαί
1409 1460 1417 1467 ·
1430 1452 1490 1478 τότε
1508 1451 1541 1486 δὴ
1555 1452 1587 1478 σὺ
1600 1451 1715 1486 λαμπρὰ
1727 1451 1873 1486 λαμπρῶς,
1889 1451 1938 1485 τὴν

1149 1498 1308 1533 γυναικείαν
1326 1498 1486 1532 ἀποθεμένη
1504 1497 1550 1524 καὶ
1567 1497 1663 1532 στολὴν
1690 1496 1738 1524 καὶ
1756 1497 1863 1532 ψυχήν·
1878 1497 1937 1524 διά-

1151 1546 1249 1579 ζωσμα
1272 1544 1300 1570 δὲ
1326 1544 1510 1579 περιθεμένη,
1537 1544 1584 1570 καὶ
1601 1544 1646 1569 τὸν
1667 1543 1771 1578 Ἰησοῦν
1787 1543 1846 1570 ὅλον
1864 1543 1938 1569 ἔνδον

1151 1591 1230 1621 θείως
1246 1590 1442 1626 προορωμένη·
1456 1591 1503 1616 καὶ
1517 1589 1561 1616 τὸν
1576 1589 1681 1616 Παῦλον
1698 1589 1820 1624 ὄμμασιν
1836 1591 1938 1624 νοεροίς

1149 1635 1322 1670 όπταζομένη
1350 1635 1412 1670 (μιᾷ
1440 1635 1494 1670 γὰρ
1519 1634 1612 1669 ὁράσει
1634 1634 1694 1666 νοὸς
1709 1634 1881 1668 ἀμφοτέρους
1900 1634 1938 1664 ὡς

1149 1681 1197 1707 ἕνα
1216 1679 1405 1714 κατωπτρίζου
1418 1680 1440 1713 ),
1457 1679 1529 1714 μάλα
1543 1678 1674 1710 νεανικῶς
1688 1679 1717 1704 ὲν
1731 1678 1884 1713 ἁρῤενωπῷ
1901 1676 1940 1713 τῷ

1149 1725 1321 1761 φρονήματι,
1339 1725 1379 1756 εἰς
1393 1724 1424 1750 τὺ
1436 1724 1483 1750 τοῦ
1502 1724 1610 1751 σταδίου
1627 1724 1708 1759 μέσον
1731 1723 1915 1758 εἰσεπήδηςας
1929 1732 1938 1740 ⁸

1149 1772 1195 1797 καὶ
1222 1770 1331 1805 σταυρῷ
1360 1770 1411 1804 μὲν
1436 1770 1497 1796 ὅλον
1522 1770 1552 1796 τὸ
1567 1771 1647 1805 σῶμα
1662 1771 1796 1804 πρότερον
1818 1778 1940 1804 σημειω-

1149 1816 1242 1842 θεῖσα·
1256 1815 1484 1851 ὲκπεπετασμένη
1500 1816 1528 1842 δὲ
1549 1816 1598 1847 τὰς
1615 1817 1708 1850 χεῖρας
1725 1817 1765 1846 εἰς
1790 1815 1835 1842 τὸν
1858 1816 1938 1850 οὐρα-

1148 1862 1203 1893 νὸν,
1219 1861 1258 1896 τῷ
1280 1861 1328 1896 μὲν
1346 1861 1393 1887 ἐπὶ
1418 1860 1472 1887 τῶν
1487 1861 1628 1896 Χερουϐὶμ
1650 1861 1798 1896 καθημένῳ
1817 1862 1874 1892 τοῖς
1889 1860 1939 1894 τῆς

1148 1906 1266 1937 διανοίας
1279 1905 1496 1941 μυστικωτάτοις
1515 1907 1664 1941 κινήμασιν
1689 1907 1824 1941 εὐχομένη
1851 1914 1937 1942 προσ-

1147 1951 1276 1986 ωμίλεις⁶
1292 1951 1347 1977 τῶν
1363 1950 1409 1976 ἐπὶ
1441 1952 1470 1977 σὲ
1502 1951 1532 1978 δὲ
1557 1951 1743 1986 πεμπομένων
1757 1952 1873 1978 λεόντων
1893 1951 1941 1978 καὶ

1147 1997 1255 2031 ἄρκτων
1271 1997 1318 2022 καὶ
1336 1996 1495 2031 παρδάλεων
1510 1997 1555 2023 τὸν
1580 1997 1714 2032 βρυγμὺν,
1736 1997 1774 2028 ὡς
1797 1997 1942 2032 προϐάτων

1147 2041 1306 2076 λογιζομένη
1327 2040 1484 2076 βληχηθμόν
1496 2049 1503 2056 ⁶
1522 2042 1570 2068 τοῦ
1590 2042 1714 2077 πατάγου
1731 2043 1758 2069 δὲ
1770 2042 1825 2069 τῶν
1842 2043 1938 2076 δήμων

1148 2085 1258 2120 καὶτῆς
1274 2084 1328 2112 τῶν
1351 2085 1438 2120 ὄχλων
1452 2086 1576 2121 ταραχῆς
1599 2089 1646 2114 καὶ
1663 2087 1712 2122 τῆς
1730 2087 1783 2114 τῶν
1799 2088 1942 2121 γυναικῶν

1147 2130 1280 2165 ὀλολυγῆς
1307 2130 1345 2162 ὼς
1376 2131 1481 2165 νηπίων
1506 2132 1728 2168 ἑπαισθανομένη
1752 2133 1828 2168 βοῆς,
1854 2133 1943 2165 οὕτως

1151 2178 1274 2212 ἀτρέμας
1287 2177 1381 2203 ἵστασο
1395 2177 1522 2215 καθάπερ
1546 2179 1575 2205 ὲν
1593 2180 1667 2214 μέσῳ
1682 2179 1850 2214 δημοτελοῦς
1865 2187 1938 2206 παν-

1549 2225 1596 2252 xui
1636 2225 1863 2260 κατατερπομένη
1896 2225 1943 2252 τὸν

1148 2278 1220 2298 νουν.

1184 2326 1247 2354 Εἶεν
1258 2337 1264 2344 -
1282 2328 1326 2354 ὅτε
1343 2328 1372 2355 δὲ
1388 2329 1442 2355 πᾶν
1458 2328 1552 2362 θηρίον
1580 2327 1681 2361 ἀφεθὲν
1709 2327 1770 2354 κατ’
1785 2327 1871 2362 αὐτῆς
1884 2349 1892 2359 ,
1920 2327 1942 2355 ἃ.

1152 2374 1202 2409 μὲν
1217 2374 1401 2408 ὑπ’-ἀλλήλων
1420 2373 1542 2408 ἀνήλωτο
1555 2383 1560 2388 -
1585 2373 1603 2399 ἃ
1619 2373 1642 2399 δ’
1658 2373 1696 2405 ὡς
1711 2372 1788 2408 ὕπνῳ
1801 2372 1880 2407 βαθεῖ
1893 2381 1944 2399 κα-

1153 2418 1274 2454 ρωθέντα
1284 2420 1330 2445 καὶ
1348 2419 1533 2454 ναρκήσαντα,
1550 2418 1676 2445 τοσοῦτον
1690 2419 1788 2453 ἀπεῖχε
1807 2417 1853 2445 τοῦ
1870 2426 1945 2454 παρα

1152 2464 1259 2491 θενικοῦ
1282 2465 1330 2491 καὶ
1353 2464 1489 2499 ἀχραντου
1507 2463 1632 2498 σώματος
1648 2463 1810 2497 ἐνάψασθαι,
1825 2464 1881 2498 ὅτῳ
1895 2464 1945 2490 καὶ

1150 2509 1233 2536 λίθων
1257 2510 1418 2540 ἀντιτυπίας
1433 2509 1523 2536 ὀδοῦσι
1549 2509 1786 2544 καταδράξασθαι·
1804 2510 1848 2536 ὅτε
1877 2509 1944 2544 γοῦν

1149 2555 1244 2587 δεξιιῖι;
1260 2555 1328 2590 αὐτῇ
1346 2555 1421 2582 τόνδε
1432 2554 1637 2582 συντετελέσθαι
1648 2554 1693 2581 τὸν
1709 2554 1813 2588 ἀγῶνα,
1834 2554 1883 2581 καὶ
1897 2555 1944 2580 τὸν

1151 2601 1260 2634 Πατέρα
1277 2601 1330 2627 τῶν
1348 2600 1445 2635 φώτων
1460 2600 1633 2634 δοξασθῆναι,
1645 2601 1691 2626 καὶ
1706 2601 1751 2627 τὴν
1769 2600 1833 2627 Yth
1852 2608 1944 2635 μεγα-

1151 2647 1289 2682 λυνθῆναι,
1303 2648 1352 2674 καὶ
1379 2647 1425 2674 τὸν
1441 2648 1620 2683 Παράκλητον
1635 2648 1663 2673 ἐν
1690 2648 1758 2683 αὑτῇ
1775 2647 1943 2680 θαυμαστω-

1155 2693 1246 2729 θῆναι,
1260 2694 1321 2721 τότε
1334 2694 1366 2729 δὴ
1381 2693 1449 2730 πρὸς
1460 2694 1489 2721 ἓν
1501 2703 1526 2720 τι
1537 2693 1584 2721 τοῦ
1604 2693 1718 2730 θεάτρου
1733 2695 1815 2730 μέρος
1829 2694 1943 2729 ὖρυγμα

1153 2780 1302 2817 blandilam
1319 2789 1391 2817 esse.
1411 2780 1495 2817 Basil.
1513 2781 1718 2817 παρεκαθέζστό
1749 2790 1777 2808 τε
1800 2781 1847 2808 καὶ
1864 2790 1946 2817 περι-

1150 2816 1242 2852 έσαινε
1257 2816 1320 2852 τοὺς
1335 2816 1430 2847 πόδας.
1447 2816 1577 2852 MetapltL,
1596 2816 1698 2852 Lingua
1725 2817 1841 2844 molliter
1865 2819 1945 2850 pedes

1149 2850 1206 2885 ejus
1220 2850 1344 2888 lantberc,
1359 2850 1581 2888 Quodadrﬂitetu
1607 2850 1687 2888 longe
1710 2852 1869 2888 pint-livius,
1895 2852 1946 2880 tle-

1156 2891 1254 2921 et-tque
1274 2887 1360 2921 magis
1379 2886 1540 2915 modestiam
1559 2886 1681 2923 virginis.
