2089 3151
155 211 206 241 329

598 206 740 236 ORATIO
759 205 835 236 XVI.
851 218 884 223 -ί
907 205 945 234 IN
966 204 1132 235 LAUDEM.
1149 205 1179 236 S.
1192 204 1358 234 THECL/E.

1727 204 1779 236 330

157 265 232 290 στίαν
247 263 454 298 προμεταστὰν,
473 263 540 297 πρδς
567 262 614 297 τὴν
631 262 736 297 ἀμείνω
759 262 802 288 διὰ
828 270 946 296 προσευ-

1004 259 1083 287 Deum
1100 260 1230 287 traduxit.
1245 259 1363 293 Totique
1374 259 1444 286 adeo
1459 258 1532 286 illius
1548 258 1641 286 domui
1655 258 1781 286 immensi

156 309 207 344 χῆς
221 308 431 343 μεταγαγοῦσαν
441 316 448 323 ο
465 308 514 334 καὶ
528 308 560 342 δὴ
573 308 620 334 καὶ
635 308 688 342 ὅλῳ
701 307 803 341 ταύτης
827 308 866 342 τῷ
879 308 946 342 οίκῳ

156 355 242 390 χαρᾶς
272 354 427 388 ἁφρὰστου.
449 354 495 380 καὶ
521 354 656 388 σωτηρίας
680 353 756 379 αἰτία
784 353 945 387 γενομένην,

156 400 231 431 αὖθις
263 399 386 434 μετιέναι
412 400 458 426 τὸν
474 399 669 434 καθηγεμόναο
686 399 716 426 ὃν
740 399 884 433 εὑροῦσαν,
899 398 947 425 καὶ

157 446 206 480 τὴν
229 447 270 471 ἐπ’
286 446 356 480 αὐτῇ
380 445 574 479 συμπεσοῦσαν
590 445 747 479 οἰκονομίαν
764 444 946 479 ὑφηγησαμὲ-

158 500 216 526 νην.
231 491 306 526 αὐτῷ
324 491 374 526 μὲν
399 491 441 517 ὃτι
460 491 579 525 μάλιστα
597 490 727 526 πλείστης
747 489 947 525 παρακλήσεως

158 538 205 564 καί
220 537 391 572 εὐφροσύνης
401 558 409 570 ,
423 538 480 568 τοῖς
495 538 600 568 πιστοῖς
625 537 655 563 δὲ
676 537 796 572 μεγάλης
819 535 947 571 ἀφορμὴν

159 584 328 619 χρηματίσαι
341 584 499 618 οἰκοδομῆς.

195 628 288 661 Οὕτως
308 630 324 663 ἡ
342 628 474 655 πανολόία
487 628 517 655 τὸ
530 627 681 663 μαρτύριον
695 626 856 660 ἀφοσιοῦται
870 625 945 660 θεῷ,-

158 674 266 710 πρώτη,
282 674 408 709 καθάπερ
424 675 438 700 ὁ
452 674 539 708 μέγας
555 673 691 707 Στέφανος
705 673 845 708 ἀνδράσιν,
860 671 947 702 οὕτως

157 720 229 754 αὐτὴ
245 719 352 746 στάδιον
367 719 514 755 ἀθλητικὸν
529 718 667 754 ὑπερϐολῇ
687 718 805 749 πίστεως
816 717 948 748 διανοίξα-

160 774 194 792 σα
206 765 328 800 γυναιξίν
339 773 347 780 ·
363 765 402 792 διὸ
411 765 459 791 καὶ
476 764 599 800 μείζονος
615 765 725 791 πάντων
737 763 786 798 τῆς
799 763 867 798 πρὸς
881 763 948 798 Χρι-

159 811 222 837 στοῦ
255 810 404 846 τετύχηκεν
429 811 604 846 ἐπικουρίας,
628 811 670 838 ὃτι
699 810 801 842 πάσαις
826 809 948 844 θηλείαις

158 856 270 891 ἔμελλεν
287 856 520 891 περιφανέστατον
535 856 690 891 ἀρχέτυπον
709 855 862 890 μαρτυρίας
884 854 949 880 ἀνα-

157 903 324 929 δείκνυσθαι.

999 307 1089 341 gaudii
1109 310 1191 341 atque
1213 306 1311 334 salutis
1328 309 1424 333 auctor
1446 305 1551 336 eli‘ecta,
1566 312 1663 332 rursus
1682 312 1784 339 praece-

999 356 1104 387 ptorem
1117 352 1184 384 adit,
1200 353 1375 386 narratisque
1388 359 1448 386 qua:
1459 352 1639 386 propensiore
1657 351 1702 378 Dei
1715 359 1782 379 con-

999 398 1063 425 silio
1081 402 1156 432 gesta
1181 398 1208 424 in
1228 398 1273 424 illa
1291 403 1380 429 erant,
1395 405 1457 424 cum
1476 398 1500 425 ei
1512 397 1630 424 maxime
1646 397 1784 433 ingentem

999 444 1080 479 planc
1094 444 1312 472 consolationem
1324 451 1357 470 ac
1372 443 1494 470 laetitiam
1509 443 1612 477 attulit,
1628 447 1686 471 tum
1701 443 1787 472 ﬁdeli-

1000 489 1052 517 bus
1071 496 1177 522 magnae
1193 495 1276 516 causa
1292 488 1479 516 :ediﬁcationis
1493 488 1556 516 fuit.

1041 622 1069 648 In
1085 629 1145 649 eum
1165 621 1275 648 modum
1303 621 1460 649 beatissima
1480 621 1526 648 Dei
1543 622 1674 656 martyrio
1698 622 1789 658 fungi-

1001 671 1047 694 tur
1062 676 1068 694 :
1081 667 1168 702 prima
1177 667 1318 700 nimirum,
1336 667 1411 695 velut
1421 666 1579 702 Stephanus
1592 668 1669 701 viris,
1685 667 1727 695 sic
1741 668 1788 696 illa

1003 713 1122 746 feminis,
1141 713 1303 741 excellentia
1317 713 1379 742 ﬁdei
1397 714 1524 749 aperiens
1549 715 1712 743 certaminis
1728 719 1788 742 sta-

1001 760 1088 788 dium.
1113 760 1205 794 Quare
1226 761 1309 788 etiam
1331 761 1464 796 majorem
1490 762 1620 790 omnibus
1634 770 1648 789 a
1677 763 1790 791 Christo

1001 810 1150 834 consecuta
1165 811 1207 834 est
1221 807 1438 842 opitulationem,
1457 807 1529 843 quod
1542 809 1790 837 cunctismulieri-

1002 853 1053 880 bus
1077 852 1292 881 illustrissimam
1317 853 1473 882 exhibitura
1498 858 1573 883 esset
1597 856 1720 891 martyrii
1738 855 1790 883 for-

1003 909 1074 928 mam
1090 905 1173 936 atque
1195 901 1346 936 exemplar.

203 947 343 974 Ἐντεῦθεν
359 948 448 982 πάσης
474 947 627 982 ἀνθρώπων
652 947 784 982 ἐπηρείας
812 947 951 983 ὑπερτέρα

1038 947 1108 975 Hinc
1122 947 1197 974 omni
1211 947 1329 975 humana
1347 948 1446 982 injuria
1465 953 1577 983 propter
1589 949 1732 977 Christum
1747 957 1794 977 su-

159 994 203 1020 διὰ
234 993 354 1029 Χριστὸν
387 993 572 1028 γεγενημένη,
596 993 644 1019 καὶ
672 993 735 1023 τοὺς
752 993 950 1028 ἀθλοφορικοὺς

160 1039 235 1072 ἀγὼν
245 1048 269 1070 -ς
285 1038 439 1074 ὐπερὸᾶσα,
455 1039 500 1064 τὸν
516 1038 696 1065 ἁποστολικδν
710 1038 774 1074 ἄχρι
787 1039 880 1070 τέλους
893 1039 950 1073 βίον

160 1085 319 1119 ἀκραιφνῶς
331 1084 502 1111 ἐπολιτεύετο
514 1092 520 1098 ·
537 1083 585 1110 καὶ
602 1085 667 1111 ποτὲ
686 1085 735 1119 μὲν
757 1085 825 1120 προς
848 1084 898 1120 τὴν
910 1085 950 1111 οί-

162 1131 238 1157 κείαν
266 1130 417 1156 ἐπανιοῦσα
437 1130 524 1162 πόλιν,
541 1131 581 1161 είς
599 1130 745 1165 οἰκοδομὴν
758 1130 813 1156 τῶν
830 1130 949 1162 οἰκείων,

161 1177 209 1203 καὶ
222 1177 290 1212 πρὸς
312 1177 379 1203 Θεὸν
407 1177 582 1212 ὑποστροφήν
593 1184 600 1191 ·
618 1177 656 1208 ὡς
671 1176 774 1203 ὲπίπαν
786 1176 814 1202 δὲ
837 1177 886 1212 τὴν
903 1177 951 1203 Σε-

161 1222 285 1248 λεύκειαν
300 1223 448 1257 αἱρουμένη
465 1222 612 1252 κατοικεῖν,
626 1222 705 1256 μόνον
720 1222 799 1248 τοῦτο
812 1221 855 1248 διὰ
867 1230 951 1248 σπου-

159 1268 209 1303 δῆς
225 1268 305 1302 ἔργον
332 1265 405 1302 εἶχεν
429 1268 483 1300 ἀεὶ,
514 1267 676 1302 μεγαλύνειν
704 1267 831 1302 Χριστόν.
862 1267 951 1294 Μόνον

161 1313 240 1340 τοῦτο
256 1314 411 1349 φρόντισμα
430 1315 476 1340 καὶ
505 1313 620 1348 καρδίας
647 1313 767 1348 ἔμμονον
797 1313 947 1348 μελέτημα,

160 1358 284 1390 δοξάζειν
298 1358 427 1393 Χριστόν.
440 1359 497 1385 Καὶ
510 1358 565 1393 γὰρ
579 1359 650 1394 λόγῳ
667 1358 717 1392 μὲν
731 1357 868 1384 ἐνουθέτει
881 1358 950 1384 πάν-

160 1412 211 1436 τας
224 1404 272 1430 καὶ
288 1404 378 1436 πάσας
391 1403 568 1438 ἐπιστρέφειν
589 1404 637 1430 ἐπὶ
652 1404 697 1430 τὸν
713 1403 778 1430 θεὸν
792 1403 837 1429 τὸν
850 1402 951 1435 ζῶντα,

163 1450 209 1476 καὶ
233 1449 282 1481 τὰς
298 1450 557 1486 πατροπαραδότους
573 1450 620 1476 καὶ
644 1449 771 1484 μυσαρὰς
792 1449 951 1485 θρησκείας.

162 1496 210 1522 καὶ
226 1497 315 1528 πάσας
343 1496 487 1531 συνηθείας
505 1496 680 1528 ὲκκλίνοντας
707 1495 839 1530 πονηρὰς,
865 1497 952 1529 μόνης

161 1542 274 1577 ἔχεσθαι
300 1541 418 1578 παρῄνει
435 1543 483 1578 τῆς
500 1543 529 1568 ὲν
551 1541 662 1578 Χριστῷ
677 1541 808 1576 ἀληθείας
835 1542 883 1568 καὶ
905 1542 952 1567 πί-

163 1595 249 1618 στεως
261 1608 269 1621 ,
287 1588 370 1623 μόνης
386 1589 435 1623 τῆς
449 1588 521 1614 κατὰ
536 1587 567 1614 τὸ
579 1587 745 1622 Εὑαγγέλιον
763 1586 953 1622 ἐπιμελεῖσθαι

161 1615 323 1667 ζωῆς-,καὶ
467 1633 548 1668 μόνον
562 1615 683 1668 optime?)
699 1615 819 1668 ἀρέσκον
827 1631 867 1667 τῷ
881 1631 952 1667 Θεῷ.
967 1615 987 1643 c

200 1724 319 1752 Τοιαῦτα
333 1726 388 1757 τοῖς
405 1726 494 1760 λόγοις
509 1727 525 1762 ἡ
543 1726 744 1763 μακαριωτάτη
758 1725 892 1761 παρθένος
907 1725 954 1751 καὶ

163 1772 313 1803 ἀπόστολος
340 1773 590 1808 ὂιαμαρτυρομένη,
612 1773 686 1808 ἔργῳ
710 1774 772 1804 τοὺς
796 1771 953 1807 ἁρῤὡστους

161 1818 255 1844 αὐτῶν
271 1818 304 1844 δι’
321 1818 492 1853 ἐπικλήσεως
512 1819 664 1853 ἐθεράπευε
689 1818 809 1854 Χριστοῦ
821 1827 828 1833 ·
841 1818 889 1844 καὶ
902 1818 955 1844 πᾶ-

162 1872 216 1889 σαν
232 1863 357 1898 σώματος
383 1865 518 1898 πήρωσιν,
546 1865 593 1891 καὶ
619 1865 710 1891 πᾶσαν
736 1863 871 1898 δαιμόνων
886 1863 955 1898 ἐπή-

164 1917 244 1938 οειαν
255 1917 262 1924 ·
278 1910 326 1935 καὶ
339 1910 430 1936 πᾶσαν
446 1909 575 1942 καθάπαξ
588 1911 676 1937 εἰπεῖν
697 1909 775 1936 νόσον
789 1909 837 1936 καί
863 1909 955 1935 πᾶσαν

166 1955 306 1989 μαλακίαν
323 1956 440 1991 ἰωμένη·
465 1957 497 1983 οὗ
517 1956 596 1991 μόνον
620 1956 660 1988 δὲ,
687 1955 755 1983 ἀλλὰ
769 1957 816 1982 καὶ
832 1955 870 1990 τῷ
885 1955 955 1989 ἁγίῳ

164 2001 336 2037 βαπτίσματι
352 2001 568 2036 τελετουργοῦσα
581 2010 588 2016 ·
613 2001 718 2036 ταύτην
740 2001 794 2036 γὰρ
811 2001 881 2035 μόνη
904 2008 955 2033 γυ-

165 2049 270 2075 ναικῶν
285 2048 380 2083 εἴληφε
392 2048 442 2083 τὴν
453 2048 578 2081 ἐξουσίαν
591 2057 598 2063 ι
614 2047 696 2075 ἆθλον
705 2047 807 2082 δηλαδὴ
818 2046 897 2073 τοῦτο
909 2046 955 2073 καὶ

163 2095 253 2131 γέρας
269 2095 409 2131 ἐξαίρετον
420 2094 477 2122 οἷον
502 2097 553 2130 τῆς
565 2095 672 2126 τελείας
687 2094 825 2129 ἀθλήσεως
845 2093 892 2120 καὶ
909 2092 955 2119 πί-

167 2149 268 2172 στεως,
283 2141 387 2172 πάντας
401 2140 548 2176 ᾠκοδόμει,
559 2140 606 2166 καὶ
619 2140 660 2171 είς
677 2140 741 2173 μίαν
756 2139 836 2173 ἁγίαν
848 2139 877 2164 ἐν
889 2138 955 2173 Χρι-

167 2186 224 2221 στῷ
244 2186 332 2221 Ἰησοῦ
354 2186 517 2221 Ἐκκλησίαν
528 2185 718 2221 κατηρτίζετο.

209 2233 287 2259 Ἐπεὶ
301 2233 328 2259 δὲ
345 2234 390 2260 τὸν
404 2233 504 2268 δρόμον
523 2233 613 2264 καλῶς
628 2232 796 2263 τετελεκυτα,
810 2232 849 2263 εἰς
869 2231 957 2266 γῆρας

1002 994 1094 1028 perior
1109 993 1218 1026 ctiecta,
1245 995 1440 1029 superatisque
1456 995 1633 1030 triumphalis
1656 995 1792 1030 palmstra:

1000 1041 1148 1076 agonibus,
1163 1041 1343 1075 apostolicam
1357 1041 1384 1067 in
1397 1040 1477 1068 linem
1499 1049 1585 1076 usque
1605 1041 1688 1076 plane
1703 1042 1790 1069 vitam

1000 1087 1056 1121 egit
1077 1095 1084 1114 :
1106 1094 1138 1114 ac
1148 1086 1313 1122 quandoque
1326 1087 1436 1120 quidem
1446 1087 1479 1114 ad
1492 1083 1631 1122 propriam
1649 1092 1791 1116 revertens

1001 1132 1150 1165 civitatem,
1164 1132 1197 1160 ad
1205 1132 1411 1159 aediﬁcationem
1421 1133 1585 1161 necessariis
1599 1134 1791 1168 praestandam,

1003 1179 1119 1214 illosque
1136 1178 1170 1206 ad
1185 1178 1269 1206 Deum
1295 1178 1510 1211 convertendos;
1526 1179 1687 1214 plerumque
1700 1184 1791 1207 tamen

1002 1225 1133 1253 Seleucia:
1143 1225 1248 1252 delecto
1262 1225 1389 1259 hospitio,
1405 1232 1488 1251 unum
1500 1224 1552 1252 hoc
1565 1232 1633 1259 opus
1648 1225 1793 1260 diligenter

1003 1270 1113 1306 agebat,
1135 1274 1164 1297 ut
1190 1270 1331 1298 Christum
1361 1270 1562 1305 magnilicaret.
1589 1268 1648 1297 Una
1672 1270 1729 1298 haec
1754 1271 1792 1298 illi

1001 1323 1070 1343 cura
1085 1316 1250 1350 assiduaque
1267 1315 1365 1343 mentis
1382 1315 1522 1350 cogitatio,
1538 1319 1568 1342 nt
1582 1315 1721 1343 Christum
1735 1316 1793 1350 glo-

1004 1362 1123 1388 riticaret
1134 1365 1216 1396 atque
1230 1361 1366 1388 laudaret.
1382 1361 1490 1389 Etenim
1513 1364 1587 1389 viros
1599 1369 1693 1389 omnes
1709 1366 1793 1397 atque

1005 1407 1134 1434 mulieres
1146 1408 1227 1435 verbo
1240 1407 1404 1434 admonebat
1415 1407 1535 1435 converti
1547 1408 1580 1435 ad
1590 1407 1673 1435 Deum
1689 1408 1791 1439 vivum,

1005 1457 1173 1488 paternoque
1193 1460 1287 1480 errore
1308 1459 1435 1488 acceptas
1453 1454 1630 1488 impurasque
1657 1454 1793 1489 supersti-

1013 1498 1104 1525 tiones
1114 1505 1267 1533 pravasquc
1279 1506 1375 1526 omnes
1395 1499 1608 1526 consuetudines
1630 1499 1791 1533 deserendo,

1006 1544 1058 1571 soli
1077 1544 1104 1570 in
1121 1544 1234 1572 Christo
1252 1545 1358 1572 verilati
1374 1549 1456 1580 atque
1468 1545 1528 1572 fidei
1543 1545 1684 1572 adhaerere
1697 1545 1792 1571 horta-

1006 1590 1103 1617 batur:
1116 1591 1178 1618 vita:
1191 1590 1325 1618 duntaxat
1339 1598 1371 1618 ex
1381 1590 1519 1626 Evangelii
1534 1591 1685 1618 rationibus
1697 1598 1791 1618 curam

1006 1636 1119 1669 habere,
1133 1637 1306 1672 inqueunum
1316 1637 1498 1672 solum,qnod
1514 1637 1569 1665 Deo
1580 1637 1693 1672 placeat,
1709 1638 1792 1666 animi

1005 1691 1115 1711 sensum
1131 1684 1280 1712 attendere.
1326 1683 1330 1687 ⁷

1041 1729 1215 1764 Ejuscemodi
1235 1730 1392 1758 beatissima
1410 1731 1488 1766 virgo
1503 1731 1594 1759 verbis
1621 1734 1792 1761 contestans.

1006 1775 1114 1803 illorum
1134 1776 1258 1803 inlirmos
1270 1775 1373 1803 Christi
1387 1776 1507 1803 nominis
1519 1776 1696 1803 invocatione
1711 1783 1794 1810 opere

1006 1821 1143 1855 curabat;
1159 1829 1295 1856 omneque
1313 1821 1437 1856 corporis
1460 1821 1567 1852 vitium,
1584 1825 1666 1856 atque
1683 1829 1793 1848 omnem

1007 1867 1160 1894 dmmonum
1169 1867 1306 1894 lmsionem
1318 1876 1325 1900 ;
1337 1874 1458 1900 omnem,
1473 1871 1503 1894 ut
1519 1866 1602 1894 verbo
1612 1866 1713 1900 dicam,
1724 1873 1795 1893 mor-

1008 1911 1084 1945 bum,
1099 1916 1128 1938 et
1145 1919 1254 1938 omnem
1271 1912 1431 1946 languorem
1444 1919 1545 1939 sanans
1564 1920 1571 1937 :
1594 1918 1682 1946 neque
1698 1910 1724 1938 id
1747 1918 1795 1938 so-

1007 1956 1075 1988 lum,
1092 1957 1138 1984 sed
1154 1961 1180 1984 et
1195 1964 1275 1984 sacro
1295 1957 1460 1991 baptismate
1475 1955 1588 1983 initians
1611 1955 1698 1990 (hanc
1719 1955 1794 1982 enim

1006 2001 1064 2028 sola
1082 2000 1228 2027 mulierum
1241 2006 1320 2028 nacta
1333 2005 1374 2028 est
1387 2005 1550 2035 potestatem
1563 2008 1571 2034 ;
1587 2007 1683 2034 nempe
1693 2006 1794 2027 munus

1007 2048 1059 2073 hoc
1067 2047 1194 2081 velutque
1204 2047 1343 2082 singulare
1355 2047 1496 2081 praemium
1509 2045 1621 2082 perfecti
1632 2044 1794 2073 certaminis

1008 2092 1183 2127 atquetidei)
1199 2100 1294 2120 omnes
1314 2093 1477 2125 aediﬁcabat,
1505 2093 1588 2127 inque
1619 2098 1702 2118 unam
1728 2098 1793 2119 san-

1007 2144 1078 2166 ctam
1098 2139 1124 2166 in
1142 2139 1251 2167 Christo
1261 2138 1324 2167 Jesu
1339 2138 1488 2167 Ecclesiam
1499 2138 1665 2174 perﬁciebat.

1045 2231 1123 2264 Quod
1140 2238 1205 2258 vero
1220 2238 1302 2258 cursu
1321 2232 1404 2266 probe
1420 2236 1610 2259 consummato
1620 2232 1656 2264 ",
1671 2232 1704 2260 ad
1723 2233 1796 2268 opti-

163 2280 218 2314 ἥδη
241 2280 302 2305 πῖον
332 2280 487 2315 κατήντησε
512 2280 559 2306 καὶ
580 2279 714 2314 χρηστόν·
736 2278 779 2305 ίνα
799 2278 850 2304 κάν
870 2278 953 2313 τούτῳ

1013 2285 1084 2304 mam
1108 2277 1163 2312 jam
1191 2277 1349 2311 bonamque
1378 2281 1546 2304 senectutem
1577 2283 1688 2305 venerat
1705 2279 1747 2309 ⁸⁸,
1766 2283 1796 2305 ιιι

166 2326 250 2352 πλέον
263 2325 314 2361 ἔχῃ
327 2325 382 2352 τῶν
403 2326 492 2352 ἄλλων
514 2325 610 2359 ἁγίων,
633 2325 682 2360 τὴν
698 2324 849 2360 παράδοξον
865 2324 956 2350 τελευ-

166 2372 217 2408 τὴν
237 2373 285 2398 καὶ
313 2372 476 2407 ἀποκρυφήν
487 2380 494 2386 ”
511 2372 630 2406 ἀνῆπται
659 2372 708 2406 μὲν
732 2370 828 2405 φθόνος
844 2371 900 2401 τοῖς
911 2378 958 2396 πο-

167 2419 330 2454 νηροτάτοις
341 2419 390 2454 τῆς
402 2418 505 2449 πόλεως
521 2417 582 2444 κατ’
596 2417 681 2452 αὐτῆς
691 2425 697 2432 ·
714 2417 835 2452 ἀνῆπται
847 2416 876 2443 δὲ
890 2416 958 2451 μᾶλ-

166 2465 215 2491 λον
231 2466 290 2496 τοῖς
307 2465 419 2499 ίατροίς.
438 2464 474 2491 Τὸ
487 2464 509 2490 δ’
527 2463 624 2496 αἴτιον,
638 2464 679 2490 ὅτι
690 2463 755 2498 παρ’
776 2462 861 2498 αὐτὴν
876 2463 900 2488 οι
915 2470 959 2488 νο-

168 2510 284 2541 σοῦντες
314 2510 410 2542 ίόντες,
442 2510 554 2537 ἐκείνων
582 2509 768 2545 παρημέλουν.
792 2507 960 2544 Συμεούλιον

223 2599 245 2614 ⁸⁷
260 2600 281 2628 II
295 2599 367 2627 'l'im.
386 2607 424 2632 Iv,
439 2598 465 2625 7.
519 2598 541 2615 ⁸⁸
553 2598 620 2626 Gen.
638 2607 701 2631 xxv,
713 2599 741 2626 8.

169 2693 264 2721 Marte
275 2692 488 2728 praesentatione
498 2694 526 2728 et
540 2690 706 2728 educatione
711 2690 746 2728 _in
757 2690 879 2728 iteinplo,
895 2698 955 2728 quia

169 2734 226 2755 tota
245 2725 302 2760 jain
328 2727 431 2760 recepit
449 2725 570 2754 Ecclesia
586 2734 593 2758 ;
622 2725 777 2760 repudiavit
793 2725 915 2760 Romana
930 2726 958 2753 in

169 2763 221 2790 Pio
236 2759 270 2793 V.
288 2759 518 2789 mitius'habente
547 2759 718 2795 postmodum
737 2760 815 2788 Sixto
833 2759 863 2787 V.
881 2760 960 2793 Qua:-

170 2799 234 2825 dam
253 2799 281 2825 in
296 2798 342 2824 illo
356 2797 428 2824 libro
444 2801 553 2823 exstant
582 2795 663 2823 nobis
691 2796 845 2830 apocrypha
879 2800 961 2830 atque

170 2833 300 2868 reproha,
315 2832 436 2866 antiquis
447 2831 540 2868 (etiam
553 2830 667 2868 Latinis,
683 2831 824 2868 magisque
846 2830 960 2868 Gratcis)

172 2866 296 2899 laudata,
315 2872 345 2895 ut
358 2868 391 2893 de
402 2867 549 2894 obstetrice
564 2873 572 2892 :
590 2867 616 2893 in
635 2873 696 2900 quae
711 2866 852 2892 modonon
869 2866 961 2900 inqui-

172 2905 301 2938 rendum,
321 2907 349 2931 et
363 2910 398 2929 an
416 2902 483 2928 nihil
506 2908 520 2927 a
546 2901 598 2928 ﬁdc
615 2901 792 2934 abhorreant,
815 2907 858 2928 aut
877 2901 961 2929 divini

330 2949 468 2980 PATROL.
490 2947 536 2977 Gn
571 2947 634 2978 CV.

1011 2324 1038 2351 in
1060 2324 1111 2351 hoc
1130 2331 1240 2359 quoque
1255 2331 1310 2358 pro:
1323 2324 1426 2351 sanctis
1437 2323 1552 2359 reliquis
1561 2323 1692 2358 majorem
1704 2325 1796 2352 excel-

1014 2371 1128 2398 lentiam
1151 2369 1264 2397 haberet
1285 2370 1326 2405 (ut
1344 2369 1432 2396 scilict
1458 2369 1579 2396 inaudita
1599 2375 1688 2398 morte
1702 2377 1734 2398 ac
1748 2378 1796 2398 oc-

1009 2417 1081 2444 culta
1104 2415 1260 2451 praestaret)
1290 2416 1450 2443 accenditur
1477 2416 1502 2442 in
1519 2423 1577 2442 eam
1595 2416 1665 2443 livor
1692 2416 1794 2444 civium

1011 2462 1238 2495 scelestissimis;
1253 2462 1389 2497 praecipue
1404 2469 1468 2488 vero
1487 2462 1646 2490 accenditur
1670 2463 1794 2491 medicis.

1011 2506 1077 2541 Ejus
1092 2506 1163 2533 ratio
1184 2506 1247 2538 fuit,
1264 2508 1336 2541 quod
1368 2507 1462 2541 ἕνετοιὶ
1483 2507 1517 2533 ad
1541 2515 1599 2534 cum
1620 2508 1796 2540 accedentes.

1009 2693 1104 2726 partus
1116 2691 1244 2726 puritate.
1260 2690 1296 2718 De
1311 2691 1455 2727 Tripltaana
1473 2692 1541 2720 nihil
1557 2693 1700 2724 habemus,
1714 2699 1794 2726 quam

1009 2733 1069 2761 quae
1103 2730 1301 2761 reprtesentant
1334 2727 1391 2755 haec
1425 2728 1534 2755 Thecla:
1561 2729 1638 2759 Acta,
1670 2731 1698 2754 et
1723 2727 1795 2761 quod

1009 2762 1069 2795 ejus
1084 2761 1207 2788 meminit
1229 2762 1376 2795 Apostolus
1404 2762 1485 2789 Rom.
1504 2771 1559 2794 xvi,
1576 2764 1599 2790 si
1618 2767 1706 2788 tamen
1740 2763 1796 2788 haec

1010 2797 1067 2830 ipsa
1082 2800 1136 2829 cst,
1152 2804 1234 2831 quam
1257 2797 1335 2825 ltom.
1360 2798 1460 2825 tabulae
1486 2798 1563 2825 aiunt
1583 2796 1665 2824 lconii
1688 2797 1742 2823 coli
1763 2796 1797 2822 10

1010 2830 1273 2864 Νονειιιιιτζριιίόηί
1292 2833 1378 2868 magis
1395 2833 1558 2865 Antiochiae,
1577 2832 1622 2859 tibi
1637 2835 1712 2858 tanta
1737 2835 1796 2858 eral

1012 2867 1120 2894 femina:
1135 2868 1261 2894 nobilitas
1272 2869 1283 2894 τ

1023 2875 1120 2894 Clltlllw
1135 2875 1261 2895 IIOUIIIlaS

1577 2945 1605 2976 11
