2089 3151
179 175 232 206 833

601 172 742 201 ORATIO
762 171 837 201 XVI.
857 181 892 188 —
909 167 949 198 IN
970 167 1126 198 LAUDEM
1146 169 1166 198 S
1196 170 1362 199 TllEtIl..F..

1751 171 1804 202 Sit

179 233 230 263 τὰς
241 230 370 261 αίνὲσεις.
383 229 431 260 τὰς
446 228 613 263 παρθενικὰς
628 228 780 264 ἀριστείας,
793 228 843 260 τὰς
851 227 966 260 ἀθλοφο-

1020 225 1066 252 ille
1079 230 1140 252 tuas
1152 225 1268 260 gratias.
1279 229 1343 253 tuas
1360 226 1464 257 laudes,
1486 226 1630 262 virginalis
1645 227 1729 255 animi
1745 228 1803 254 fol--

180 278 261 313 ρικὰς
272 274 465 311 ἀνδραγαθίας,
480 275 530 306 τὰς
552 275 734 305 ἀποπολικὰς
741 274 819 305 ὁδοὺς
832 273 880 300 καὶ
892 281 969 308 περι-

179 323 265 354 όδους,
280 322 360 356 μόνος
373 321 406 347 ἂν
424 320 528 350 ἐκεῖνος
539 320 622 352 ἀξίως
634 320 744 352 δοξάσαι
760 321 807 347 καὶ
820 319 950 355 σεμνύναι
959 338 967 351 ,

180 369 210 396 ὃν
220 369 364 403 ἠγάπησεν
373 368 390 402 ἡ
404 367 477 402 ψυχή
494 375 552 397 σου,
567 366 637 393 κατὰ
652 367 686 393 τὰ
697 367 868 401 θεὸφθεγκτα
878 366 967 400 λόγια,

179 415 209 441 ὃν
223 414 404 449 ὲκαρδίωαας,
415 412 445 439 ὃν
461 412 584 445 ἑδίωξας,
598 412 627 438 ὃν
643 412 803 444 κατέλαϐες,
820 412 867 454 ῦφ’
878 409 908 439 οῦ
922 412 968 438 καὶ

180 458 365 494 κατελήφθης,
394 460 496 492 γάμοις
510 458 586 493 αὐτῷ
600 459 737 494 οὐρανίοις
760 460 807 485 καὶ
821 458 969 494 θεοπρεπε-

180 506 290 536 στάτσις
311 504 458 540 ὑπερφυῶς
475 505 670 540 συνενουμὲνη,
686 504 825 540 Πνεύματι
839 505 887 531 καὶ
906 513 968 531 συν-

181 550 408 586 αρμολογουμένη
423 549 462 585 τῷ
475 550 554 585 ἁγίῳ.

221 593 339 623 Ἐκεῖνος
360 594 418 628 ὲρεῖ
441 596 473 629 τῇ
500 594 648 629 ὡραιότητί
671 603 728 627 σου,
749 596 797 621 καὶ⁹
819 595 857 630 τῷ
876 595 968 622 κάλλει

181 647 240 670 σου,
255 639 323 673 Ὅλη
350 638 420 674 καλὴ
442 638 478 673 εί,
504 641 520 675 ἡ
543 641 657 675 πλησίον
677 650 742 676 μου·
758 641 806 677 ὅλη
824 642 904 677 καλὴ.
922 642 969 668 καὶ

181 685 278 718 μῶμος
292 684 342 710 οὐκ
355 684 429 711 ἐστιν
448 685 478 712 ἐν
499 686 557 712 σοί·
582 686 716 721 ὀφθαλμοί
734 695 781 714 σου
799 687 966 722 περιστεραί.

180 728 267 754 Τοῦτό
280 736 320 754 σοι
332 729 378 754 καὶ
390 729 470 763 μόνον
482 729 547 765 παρ’
557 730 638 757 αὐτοῦ
651 731 810 766 προσφωνού
815 740 894 766 μενον
905 732 970 767 ἀρέ-

182 781 222 799 σει
245 771 356 807 μᾶλλον,
372 773 389 808 ἢ
408 774 508 806 πάντες
525 775 550 801 οί
567 775 596 808 ἐξ
611 775 763 810 ἀνθρώπων
782 777 835 802 ἀπὺ
853 776 906 810 γῆς
924 776 968 802 λό-

180 826 232 852 γοι.
254 818 334 852 Ἡμῖν
349 818 378 844 δὲ
392 819 473 853 μέγα,
490 819 543 845 κᾶν
559 820 584 845 εί
595 820 689 856 πόρρω
703 820 752 854 τῆς
766 821 815 855 σῆς
831 821 969 854 ἱστάμενοι

181 863 401 898 μεγαλειότητος,
423 865 471 891 καὶ
489 865 558 901 μόνῃ
580 866 613 901 τῇ
631 868 680 901 τῆς
702 868 751 900 σῆς
770 867 849 899 ἁγίας
866 866 969 899 εἰκόνος
982 888 1006 917 Β

180 909 315 944 ἐμφερείᾳ
333 909 561 944 προσϐλέποντες,
581 911 627 937 τὸν
642 911 797 946 καθήκοντα
817 913 965 947 προσάγοι-

183 962 232 988 μεν
249 953 405 989 ἀσπασμόν.
426 955 523 990 Χαῖρε,
543 955 575 982 τὸ
597 954 648 990 τῆς
672 956 834 992 ὑπερουσίου
853 957 967 993 Τριάδος

182 998 340 1034 ἐνδιαίτημα
354 999 402 1025 καὶ
417 1000 550 1034 σκήνωμα
559 1008 568 1017 ⁸
580 1000 611 1027 τὸ
622 1000 678 1028 τῶν
691 1001 884 1037 ὑπερκοσμίων
899 1003 967 1029 νόων

183 1044 309 1079 ὀράῖσμα
333 1046 381 1071 καὶ
397 1045 573 1081 ἀγαλλίαμα·
597 1046 628 1073 τὸ
653 1047 708 1074 τῶν
726 1047 881 1074 ἀποστόλων
900 1048 966 1074 καλ-

183 1090 311 1126 λώπισμα
323 1100 330 1107 ·
347 1092 402 1118 τῶν
415 1092 564 1128 μαρτύρων
578 1094 752 1128 στεφάνωμα.

214 1181 300 1216 Χαῖρε
325 1181 524 1218 καλλίμαρτυς,
547 1183 774 1219 παρθενόμαρτυς
796 1184 842 1211 καὶ
862 1185 967 1220 πρωτό-

183 1235 302 1262 μαρτυς·
317 1227 360 1254 ὅτι
381 1228 429 1263 οὐχ
455 1228 493 1260 ὡς
511 1229 560 1255 ἕνα
586 1228 640 1256 τῶν
663 1230 717 1256 ἀπὸ
736 1230 789 1265 γῆς
804 1231 965 1266 ἀνθρώπων,

181 1272 239 1298 ἀλλ’
267 1272 306 1303 ὡς
330 1272 446 1306 ἄγγελον
466 1273 552 1306 Θεοῦ,
576 1274 614 1306 ὡς
636 1275 752 1310 Χριστὸν
780 1276 893 1310 Ἰησοῦν,
921 1277 967 1303 τὸν

180 1317 251 1343 θεῖον
265 1317 399 1353 δεξαμένη
413 1318 535 1346 Παῦλον
549 1319 597 1346 καὶ
608 1319 646 1351 ὡς
662 1319 824 1355 Ἱσραηλῖτις
832 1321 906 1356 ψυχὴ
920 1321 967 1347 καὶ

180 1363 286 1398 μεγάλη
301 1363 346 1390 τὸν
371 1364 401 1389 ἐν
418 1363 493 1398 αὒτῷ
514 1363 644 1399 διηνεκῶς
667 1365 812 1400 καθορῶσα
838 1366 965 1401 Χριστὸν,

177 1407 297 1441 ἑτοίμως
309 1407 359 1442 τὴν
370 1407 474 1442 ὑψηλὴν
488 1407 533 1434 καὶ
545 1408 636 1439 ζῶσαν
649 1409 699 1444 τῆς
713 1409 864 1445 ἀποστολῆς
887 1410 966 1446 χάριν

180 1451 308 1487 εὐθύτητι
325 1451 442 1483 διανοίας
458 1452 615 1479 ἐπεσπάσω.

215 1496 312 1531 Χαῖρε,
328 1497 369 1523 ὅτι
384 1496 490 1531 ἀληθῶς
505 1497 534 1523 ἐν
552 1497 663 1532 Χριστῷ
677 1498 723 1524 καὶ
739 1497 808 1534 αὑτὴ
822 1499 965 1534 νενίκηκας

178 1543 225 1569 τὸν
240 1542 417 1577 κόσμονοδιὰ
437 1543 522 1578 σιτυρὺς
543 1543 597 1578 γὰρ
621 1544 835 1578 ἀκατάφλεκτος,
864 1545 911 1571 καὶ
932 1544 965 1571 δι’
978 1557 1000 1586 c

180 1587 277 1620 ὓδατος
306 1587 512 1619 ἁκατάκλυστος
537 1588 662 1623 διῆλθεςο
691 1589 776 1625 θῆρας
801 1590 964 1624 ήμέρωσας,

179 1633 295 1668 ταύρους
308 1633 446 1666 ὲπράῡνας
457 1641 464 1648 ·
481 1635 527 1660 καὶ
550 1633 688 1668 συγγενῶν
711 1634 809 1668 μανίαν
820 1655 827 1667 ,
843 1635 889 1661 καὶ
902 1635 967 1669 ἐρα-

181 1679 252 1704 στῶν
269 1676 377 1713 οἶστρον
390 1679 526 1713 ἀφρόνων,
544 1679 592 1706 καὶ
608 1679 750 1714 ἡγεμόνων
778 1680 877 1706 ἀδίκων
893 1680 965 1715 βίαν,

179 1724 227 1749 καὶ
237 1723 373 1758 δαιμόνων
387 1726 513 1759 κρυπτὴν
531 1724 664 1756 ἐπίθεσιν,
684 1726 731 1751 καὶ
745 1727 866 1760 πονηρὰν
891 1726 967 1757 ἔξου-

182 1771 241 1797 σῐαν
256 1771 346 1797 πᾶσαν
359 1770 538 1802 ἐξουδένωσας
554 1771 602 1798 καὶ
617 1772 801 1807 κατήῤῥαεας.

215 1859 313 1894 Χαῖρε,
329 1859 429 1891 Θέκλα,
454 1859 594 1894 θεόκλητε,
611 1859 641 1886 τὸ
661 1860 838 1895 χαριέστατον
860 1870 945 1895 ονομα
957 1870 964 1876 ·

178 1904 209 1930 τὺ
222 1904 386 1940 τιμιώτατον
400 1905 446 1931 καὶ
465 1905 628 1931 σεπτότατον
641 1913 648 1920 ·
664 1905 694 1931 τὸ
709 1905 834 1939 φίλτατον
847 1906 907 1941 Θεῷ
922 1907 967 1933 καὶ

177 1951 333 1986 ἀνθρώποις
348 1951 395 1977 καὶ
409 1952 523 1986 πρᾶγμα
538 1952 584 1978 καὶ
596 1951 691 1986 ὄνομα.
704 1952 799 1986 Χαῖρε,
813 1953 853 1979 ὅτι
864 1953 967 1987 ἦνοιξέν

179 2005 222 2023 σοι
236 1997 287 2032 τὴν
303 1996 432 2031 ἀληθινὴν
454 1996 540 2031 θύραν
554 1998 568 2023 ὁ
582 1997 705 2032 θυρωρός
718 2005 725 2012 '
746 1998 794 2023 καὶ
809 1998 967 2024 εἰσελθοῦσα

178 2043 213 2068 δι’
228 2043 325 2076 αὐτῆς,
341 2042 446 2077 ἐσώθης
457 2050 465 2057 ·
482 2042 627 2069 κάντεῦθεν
645 2044 821 2078 είσερχομένη
842 2044 910 2078 πρὸς
923 2043 967 2070 τὸν

179 2088 237 2114 ἄνω
254 2087 428 2122 παράδεισον,
441 2087 488 2114 καὶ
508 2087 543 2114 τὰ
561 2088 588 2113 ἐν
611 2088 685 2122 αὐτῷ
705 2089 900 2123 μακαριώτατα
920 2089 965 2116 τοῦ

177 2132 275 2166 νοητοῦ
301 2132 425 2166 Νυμφίου
455 2132 539 2167 κάλλη
564 2133 609 2159 καὶ
634 2133 774 2168 θεάματα’
793 2134 839 2160 καὶ
859 2135 969 2169 ἐξερχο-

179 2178 250 2213 μένη
258 2178 287 2204 δὲ
300 2178 368 2213 πρὸς
382 2179 430 2213 τὴν
438 2178 554 2214 θεωρίαν
562 2179 611 2214 τῆς
627 2179 898 2215 ὲγκατατεταγμένης
911 2181 967 2212 τοῖς

1021 271 1160 299 Iitndines.
1173 271 1350 306 triumphalis
1367 279 1463 306 pugnae
1478 272 1601 300 facinora
1615 273 1694 308 digne
1713 274 1806 302 lauda-

1020 317 1088 343 verit
1100 324 1131 343 ac
1146 317 1306 348 honestarit,
1323 325 1402 352 quem
1416 319 1510 346 dilexit
1527 321 1616 346 anima
1628 321 1717 352 tua",
1731 320 1806 354 juxta

1019 361 1109 388 divina
1121 363 1243 396 oracula,
1261 365 1306 390 cui
1327 372 1375 391 nor
1390 364 1562 397 abstraxisti,
1578 374 1658 401 quem
1669 374 1699 393 es
1713 375 1805 401 perse-

1019 413 1093 439 cuta,
1109 416 1189 442 quem
1204 409 1448 443 comprehendisti,
1467 418 1481 437 a
1501 419 1556 445 quo
1568 415 1595 439 et
1606 413 1804 447 comprehensa

1019 461 1049 480 es
1062 454 1095 486 ⁷⁸,
1107 453 1266 482 coelestibus
1283 455 1320 482 illi
1335 462 1367 483 ac
1383 455 1563 484 divinissimis
1580 458 1680 485 eximie
1695 459 1804 487 connita

1021 500 1136 535 nuptiis,
1153 508 1184 526 ac
1200 500 1314 535 Spiritui
1329 505 1423 529 sancto
1437 506 1572 537 coaptata.

1055 585 1102 613 ille
1116 586 1246 614 nimirum
1263 586 1388 615 dicturus
1404 593 1456 620 est,
1472 596 1521 623 pro
1532 592 1578 616 tua
1595 589 1641 616 illa
1653 591 1805 618 vi-nustatis

1021 630 1106 657 forma
1119 638 1150 658 ac
1166 631 1371 666 pulchritudine
1386 640 1394 660 :
1412 633 1480 660 Tota
1505 635 1615 668 pulchra
1631 641 1667 661 est
1683 636 1805 668 proxima

1021 684 1093 708 mea;
1116 681 1171 703 tota
1184 677 1304 711 pulchra,
1317 683 1342 705 et
1352 679 1458 706 macula
1469 687 1520 706 non
1531 685 1569 706 est
1586 680 1611 707 in
1626 686 1660 708 ιε.
1677 681 1753 707 Oculi
1768 681 1806 708 tui

1020 722 1148 749 columba:
1159 723 1192 749 ⁷³.
1213 722 1276 750 Ηκο
1287 724 1334 750 tibi
1352 732 1458 759 unaque
1472 725 1507 752 ab
1521 733 1554 752 eo
1567 726 1728 754 acclamatio
1743 735 1802 754 ma-

1021 767 1062 801 gis
1076 767 1205 800 placebit,
1223 775 1304 802 quam
1320 768 1454 803 quidquid
1466 777 1481 796 e
1500 774 1573 796 terra
1590 771 1714 799 homines
1731 771 1805 806 loqui

1022 813 1140 846 possint.
1167 813 1293 848 Magnum
1310 822 1376 842 vero
1396 815 1446 850 ipsi
1470 816 1615 848 ducamus,
1636 817 1658 844 si
1674 817 1714 844 vel
1729 825 1743 844 a
1759 822 1805 845 tua

1021 859 1115 892 procul
1136 859 1339 894 magniﬁcentia
1361 861 1543 889 consistentes
1555 862 1588 894 ",
1606 862 1689 897 inque
1717 863 1803 890 solam

1027 910 1129 931 sancta
1142 908 1196 931 luat
1207 904 1333 939 imaginis
1353 905 1467 941 etiigiem
1485 908 1579 934 oculos
1602 912 1804 941 convertentes,

1017 949 1224 977 convenientem
1242 951 1439 979 salutationem
1454 952 1646 980 obtulerimns.
1670 953 1750 981 Salve
1764 954 1803 981 sis

1016 995 1289 1030 snpersubstantialis
1303 995 1446 1025 Trinitatis
1464 997 1648 1024 habitaculum
1663 1006 1695 1025 ac
1711 999 1804 1026 taber-

1017 1039 1157 1070 naculum,
1193 1041 1476 1075 snpermundanarnm
1505 1043 1636 1069 mentium
1670 1043 1802 1071 eximium

1016 1083 1100 1111 decus
1116 1090 1144 1111 et
1159 1085 1319 1119 exsultatio,
1334 1087 1518 1121 apostolorum
1530 1087 1656 1123 gloriatio
1669 1096 1701 1116 ac
1711 1089 1803 1122 decor,

1017 1133 1168 1164 martyrum
1185 1137 1298 1157 οοῐυιη.

1052 1173 1132 1202 Salve
1144 1175 1197 1207 sis,
1213 1176 1343 1209 praclara
1363 1180 1476 1212 martyr,
1493 1177 1568 1213 virgo
1583 1182 1696 1214 martyr,
1711 1183 1804 1214 proto~

1017 1224 1131 1255 martyr,
1146 1221 1218 1255 quod
1234 1229 1289 1248 non
1301 1222 1375 1249 velut
1390 1231 1473 1249 unum
1497 1223 1614 1258 aliquem
1631 1229 1801 1253 terrenortnn

1017 1265 1168 1298 hominum,
1180 1266 1228 1294 sed
1246 1271 1276 1294 ut
1294 1267 1340 1295 Dei
1353 1268 1492 1303 angelum,
1505 1274 1535 1296 ut
1547 1270 1686 1298 Christum
1697 1270 1802 1305 Iesum,

1016 1310 1140 1338 divinum
1158 1310 1272 1351 Paulum
1282 1313 1437 1348 suscipiens
1453 1314 1488 1346 ⁸⁸,
1504 1320 1532 1341 et
1548 1319 1579 1342 ut
1593 1316 1684 1343 anima
1697 1317 1803 1344 Israeli-

1018 1357 1053 1383 lis
1067 1361 1094 1382 et
1120 1364 1230 1392 magna,
1249 1358 1296 1392 qui
1320 1358 1348 1386 in
1361 1359 1408 1386 illo
1421 1364 1492 1393 erat,
1516 1361 1648 1389 continue
1664 1362 1802 1390 Christum

1017 1405 1162 1434 contuens,
1192 1392 1338 1430 sublimem
1359 1408 1442 1439 atque
1466 1406 1605 1433 viventem
1633 1409 1804 1442 apostolatus

1016 1448 1129 1480 gratiam
1146 1447 1245 1475 mentis
1259 1449 1431 1482 rectitudine,
1445 1457 1569 1485 prompte
1582 1454 1729 1480 attraxisti.

1061 1491 1142 1520 Salve
1156 1493 1206 1526 sis,
1223 1494 1296 1529 quod
1311 1498 1340 1521 et
1352 1495 1410 1530 ipsa
1425 1504 1488 1524 vere
1500 1497 1527 1524 in
1541 1497 1653 1526 Christo
1668 1499 1800 1526 mundum

1017 1537 1119 1565 vicisti.
1135 1537 1188 1565 Per
1205 1539 1294 1574 ignem
1309 1540 1381 1567 enim
1399 1540 1582 1574 incomhusta.
1599 1546 1625 1569 et
1640 1551 1687 1578 per
1702 1551 1802 1579 aquam

1019 1582 1191 1611 insubmersa
1207 1585 1330 1612 transisti
1340 1595 1347 1618 ;
1357 1585 1602 1620 bestiascicurasti,
1616 1593 1709 1616 tauros
1724 1597 1802 1615 man-

1018 1635 1149 1655 sueSrere
1172 1627 1282 1662 fecisti;
1308 1635 1485 1665 cognatorum
1513 1632 1644 1663 I'nrorcm,
1671 1633 1802 1667 insipien-

1018 1674 1140 1708 tinmque
1155 1682 1300 1709 procorum
1316 1679 1431 1703 (nstrum
1442 1681 1469 1703 et
1486 1677 1640 1711 iniquormn
1656 1679 1802 1713 pnesiduut

1019 1721 1186 1752 violentiam,
1203 1721 1412 1756 daamonumque
1430 1723 1568 1749 occultam
1587 1725 1801 1758 aggrrsdoncm,

1018 1773 1100 1800 atque
1134 1767 1232 1794 malam
1264 1776 1373 1794 omnem
1400 1772 1563 1803 potestatem
1587 1771 1747 1797 dcstrnxisti
1771 1780 1803 1799 ac

1016 1811 1122 1838 elisisti.

1059 1857 1116 1884 Ave
1129 1857 1180 1889 sis,
1207 1858 1307 1886 Thecla
1329 1866 1343 1886 a
1361 1859 1415 1886 Deo
1438 1864 1545 1891 vocata,
1573 1861 1802 1895 gratiosissimum

1018 1909 1127 1934 nomen,
1144 1903 1428 1935 lionoraliilissimntn,
1445 1912 1606 1940 summeque
1624 1908 1777 1934 venerabile
1793 1916 1801 1934 ε

1017 1948 1243 1975 amabilissimam
1262 1949 1316 1976 Deo
1342 1955 1369 1976 ct
1394 1951 1552 1978 hominibus
1572 1960 1626 1978 rem
1649 1954 1749 1987 pariter
1771 1962 1803 1981 ac

1019 2001 1129 2020 nomen.
1143 1993 1224 2020 Salve
1244 1995 1294 2026 sis,
1316 1995 1388 2029 quod
1406 1996 1454 2022 tibi
1474 2004 1567 2022 verum
1594 1998 1693 2024 ostimn
1718 1999 1803 2025 ostia-

1019 2040 1077 2066 rius
1094 2040 1201 2074 aperuit
1212 2040 1245 2072 “,
1262 2046 1289 2067 et
1301 2048 1349 2075 per
1368 2041 1433 2067 illud
1456 2042 1588 2076 ingressa,
1605 2044 1720 2069 salutem
1733 2051 1799 2070 con—

1018 2090 1111 2113 secuta
1141 2093 1181 2113 es.
1198 2086 1317 2120 Indeque
1339 2087 1460 2121 ingressa
1481 2087 1508 2114 in
1530 2089 1666 2115 ctelestcm
1695 2090 1802 2123 paradi-

1018 2139 1091 2164 sum,
1104 2136 1131 2158 et
1140 2140 1199 2167 quin
1210 2133 1237 2159 in
1251 2132 1296 2159 illo
1307 2137 1382 2164 sunt,
1391 2133 1522 2167 spiritalis
1535 2133 1633 2168 Sponsi
1646 2135 1803 2162 beatissima

1018 2177 1116 2204 decora
1134 2185 1165 2205 ac
1181 2179 1348 2212 spectacula,
1361 2186 1526 2213 egressaque
1537 2179 1569 2205 ad
1587 2180 1647 2214 ejus
1663 2181 1804 2214 sapientia:

178 2223 250 2253 ὅλοις
275 2223 371 2256 σοφίας
395 2223 442 2250 καὶ
471 2224 546 2255 θείας
575 2225 713 2260 προνοίας,
738 2225 831 2261 ὥσπερ
860 2226 966 2261 ἀγαθὴν

1019 2223 1173 2259 divinaeque
1200 2224 1379 2258 providentiae
1399 2225 1659 2258 considerationem,
1679 2234 1739 2260 qum
1758 2235 1804 2252 rc-

177 2267 281 2301 ςαύτην
295 2268 430 2302 εὑρίσκεις
445 2269 488 2295 ἀεὶ
505 2270 552 2295 καὶ
570 2270 665 2304 νοεράν
687 2270 771 2306 νομὴν
786 2271 831 2297 καὶ
851 2273 963 2307 τροφήν.

212 2396 310 2431 Χαῖρε,
330 2397 372 2423 ὅτι
393 2398 474 2424 παντὶ
493 2399 585 2434 τρόπῳ
604 2399 736 2434 ἡγιάιθης
749 2409 756 2415 ·
781 2402 861 2428 παντὶ
887 2402 964 2437 μέρει

175 2442 237 2476 Θεῷ
251 2442 422 2477 καθιερώθης
434 2451 441 2458 ⁸
459 2444 594 2478 πνεύματι
616 2444 665 2480 μὲν
685 2446 714 2471 ὲν
729 2446 851 2480 οὐρανοῖς
866 2447 905 2482 τῷ
918 2447 964 2482 βα-

178 2487 249 2513 σιλεῖ
258 2487 376 2520 δεξιὸθεν
393 2489 567 2523 παρεστῶσα,
580 2491 624 2516 καὶ
638 2490 749 2524 ἔγγιστα
762 2493 794 2526 τῇ
809 2492 961 2529 Θεομήτορι

176 2533 226 2559 καὶ
248 2532 365 2567 βασιλίδι
387 2534 441 2560 τῶν
463 2534 531 2561 ὅλων
549 2537 713 2567 συνεστῶσα,
735 2536 965 2572 περιϐεϐλημένη,

176 2579 394 2614 πεποικιλμένη”
419 2581 469 2614 τῆς
489 2580 536 2606 τοῦ
561 2581 740 2616 ἠγαπημένον
764 2583 851 2616 Λόγου
870 2584 967 2618 νοερᾶς

173 2625 345 2660 ὠραιότητος
358 2626 502 2661 προπχῶς
516 2628 709 2662 κατατρυφᾷς·
730 2629 763 2663 τῇ
784 2628 856 2664 ψυχῇ
871 2629 910 2660 δὲ,
927 2629 965 2664 τῷ

174 2670 223 2696 τοῦ
239 2670 308 2697 θεοῦ
324 2671 480 2707 παραδείσῳ
502 2673 570 2707 μετὰ
584 2674 631 2699 τοῦ
656 2673 762 2700 κλεινοῦ
789 2674 965 2710 διατρίϐουσα

174 2715 377 2751 καθηγεμόνος,
395 2718 445 2753 τῆς
462 2718 653 2754 τερπνὸτητος,
709 2719 798 2754 θέμις,
814 2719 868 2747 τῶν
881 2721 963 2748 αὑτοῦ

174 2763 287 2797 ἀγαθῶν
308 2764 413 2796 ἀενάως
436 2765 658 2792 ἀναπίιιπλασαι·
687 2765 725 2801 τῷ
747 2766 854 2798 σώματι
871 2767 911 2798 δὲ.
930 2769 963 2804 τῇ

245 2822 326 2861 (iam.
341 2830 381 2854 in,
397 2823 423 2861 ί.
459 2823 614 2861 ffghilipp.
629 2825 727 2857 "1,12.
766 2826 789 2841 ⁷³
802 2826 882 2855 Cant.
898 2836 933 2861 iv,
948 2829 963 2854 7

1018 2829 1036 2845 "
1053 2829 1113 2857 Gal.
1134 2837 1170 2861 tv,
1186 2829 1227 2856 Η.

175 2857 199 2873 ⁸³
212 2855 233 2882 ΙΙ
251 2857 315 2884 Cor.
331 2865 377 2888 xu,
391 2857 418 2884 4.
456 2859 479 2875 ³⁸
495 2855 699 2892 Exodi-xxxiii,
713 2860 756 2887 2i.

1020 2268 1071 2295 bus
1096 2268 1232 2296 universis
1259 2269 1360 2295 inserta
1387 2273 1440 2299 est.
1462 2269 1535 2296 velut
1565 2270 1662 2297 bonam
1696 2278 1804 2305 semper

1018 2320 1050 2340 ac
1089 2314 1241 2348 spiritalem
1281 2321 1421 2349 pascnam-
1442 2322 1588 2349 cscatnqne
1626 2324 1685 2342 eam
1727 2317 1802 2342 itm--

1017 2359 1072 2386 nis.

1057 2405 1124 2438 Ave,
1146 2405 1220 2440 quod
1237 2405 1312 2432 omni
1338 2405 1420 2433 modo
1457 2406 1626 2433 sanctiﬁcata
1650 2407 1689 2434 sis
1705 2417 1711 2434 :
1729 2409 1802 2434 ιιιιιηί

1019 2455 1098 2484 parte
1115 2450 1169 2477 Deo
1183 2451 1222 2477 sis
1248 2455 1428 2482 consecrata;
1445 2450 1541 2485 spiritu
1559 2451 1668 2486 quidem
1685 2452 1711 2479 in
1725 2454 1802 2479 cmlis

1016 2494 1082 2529 [tegi
1098 2503 1113 2521 a
1129 2495 1233 2522 dextris
1248 2496 1383 2523 assistens
1396 2497 1431 2529 ⁸³,
1448 2498 1625 2532 proximaque
1651 2497 1696 2525 Dei
1720 2498 1798 2526 Matri

1016 2545 1097 2576 atque
1116 2541 1238 2568 omnium
1253 2540 1363 2576 Regina:
1390 2543 1556 2574 consistens,
1582 2544 1800 2576 cirrumamicta,

1017 2587 1165 2620 variegata,
1178 2587 1328 2622 pmdilecti
1344 2587 1427 2615 Verbi
1450 2589 1564 2623 spiritali
1579 2590 1678 2618 decore
1705 2591 1797 2617 imlnev

1018 2633 1092 2659 diate
1108 2632 1230 2666 frueris;
1249 2633 1339 2660 anima
1370 2641 1446 2667 vero,
1469 2635 1496 2662 in
1522 2634 1568 2662 Dei
1593 2637 1720 2671 paradiso
1738 2643 1800 2662 cum

1019 2678 1122 2714 inclyto
1136 2682 1304 2714 praceptore
1329 2687 1439 2708 morans
1453 2681 1488 2713 ",
1514 2681 1647 2708 bonorum
1671 2681 1800 2714 illinsju-

1017 2725 1169 2758 cnnditate,
1187 2726 1276 2760 quoad
1293 2726 1350 2754 ﬁeri
1372 2731 1473 2762 potest,
1495 2728 1597 2763 jngitcr
1622 2727 1800 2759 adimplcris;

1018 2779 1132 2806 corpore
1157 2776 1248 2799 autem
1269 2776 1345 2807 petra
1368 2777 1528 2807 protegente
1543 2773 1575 2804 ⁸⁸,
1587 2779 1619 2799 ac
1637 2779 1696 2806 qua-
1710 2776 1798 2798 tecum

1284 2829 1305 2845 ³¹
1323 2828 1401 2856 Joan.
1418 2838 1442 2861 κ,
1454 2829 1481 2856 2,
1536 2829 1559 2845 ⁸¹
1575 2828 1648 2856 Psal.
1668 2835 1740 2859 utv,
1755 2828 1800 2856 10-
