2089 3151
234 120 286 153 341

642 121 890 153 ΟΒΑΤΙΟΧῊΙ.
910 134 943 139 -·
961 122 1002 152 ΙΝ
1021 123 1177 154 LAUDEM
1194 125 1224 154 S.
1241 124 1469 155 ANASTASL’E.

1809 123 1864 154 342

235 179 319 212 φάναι
343 177 404 205 θεία
424 177 530 213 Γραφὴ,
561 177 686 212 καθάπερ
709 176 769 203 τινὰ
797 176 897 203 σκοπὸν
926 176 1026 212 ἀκριϐῆ

1082 177 1233 212 Scriptura,
1252 179 1325 205 velut
1348 183 1453 207 certum
1470 177 1615 212 quemdam
1637 185 1749 212 scopum
1774 186 1805 205 ac
1820 187 1866 206 ar.

234 225 337 259 ταὺτην
359 224 400 258 τῷ
423 224 494 258 λόγῳ
525 223 696 257 προτιθεῑσα,
727 222 765 257 πῆ
795 222 844 256 μὲν
862 221 1028 257 ἀσυμφοινῶς

234 271 282 298 καὶ
295 269 482 305 συμϐολικῶς,
499 270 538 304 πῆ
561 270 589 296 δὲ
607 269 730 303 ἐναργῶς
748 270 794 295 καὶ
814 268 1028 304 λαμπροφανῶς,

235 317 284 352 τὴν
302 315 542 351 μεγαλοπρέπειαν
576 315 656 349 τῆσδε
677 316 727 349 τῆς
751 314 854 346 πόλεως
875 315 965 349 ὑμνεῖ,
984 316 1030 341 καὶ

235 362 284 396 τὴν
308 363 337 388 ὲν
360 362 484 396 οὐρανοῖς
508 360 760 395 ἀποκεκρυμμένην
783 360 869 394 αὐτῆς
893 360 1028 394 διηγεῖται

234 406 324 439 δόξαν.

270 453 301 479 Εἰ
317 454 366 488 μὲν
382 449 429 479 οὗν
442 451 561 485 τοταὺτη
579 460 621 483 τις
641 452 688 478 καὶ
705 452 772 486 ἡμῖν
792 451 871 485 λόγου
884 450 966 486 χάρις
981 450 1029 477 καὶ

235 499 390 533 πνεύματος
415 498 528 533 δύναμις
555 498 637 531 ὑπῆν,
664 498 735 524 ὥστε
760 497 831 525 κατὰ
853 497 916 529 τοὺς
939 497 1028 532 ἱεροὺς

235 543 377 577 θεολόγους
398 544 444 569 καὶ
467 543 540 578 ἡμᾶς
563 542 629 577 πρὸς
644 541 771 568 τοσοῦτον
787 541 941 573 ὑποθέσεως
962 540 1028 575 ὕψος

235 588 416 624 ἀποχρώντως
431 589 502 623 ἔχειν
519 588 652 620 ἀτενίσαι,
669 587 851 621 εὐλογώτατον
867 587 900 613 ἂν
917 586 979 619 ἴσως
994 584 1027 621 ἦν

235 634 283 660 καὶ
297 633 519 660 λυσιτελέστατον
535 632 673 664 ἁπάντων,
687 632 717 658 τὸ
731 632 776 658 τοῦ
791 632 850 664 νοὸς
869 631 946 667 ὄμμα
960 631 1028 666 πρὸς

236 680 321 715 μόνην
347 679 456 713 ἐκείνην
478 679 528 713 τὴν
549 678 775 713 ὑπερφυεστᾰτην
797 678 1028 713 ὲπερεισαμένους

235 723 345 758 αἴγλην,
359 724 427 758 πρὸς
443 724 527 759 αὐτὴν
542 724 589 750 καὶ
609 724 639 750 τὸ
655 723 744 758 ῥεῦμα
764 724 809 750 τοῦ
831 724 909 757 λόγου
931 732 1027 750 κατευο

235 771 325 797 eam.
349 771 426 797 Ἐπεὶ
447 771 475 796 δὲ
502 770 628 796 τοσοῦτον
649 772 716 805 ἡμῖν
740 771 856 804 ταυτησὶ
876 771 926 805 τῆς
949 770 1027 806 δόξης

235 815 440 848 ἀπολείπεσθαι,
465 817 519 850 ὅσῳ
544 817 589 842 καὶ
613 816 660 842 τὸν
683 816 820 851 ὁρώμενον
839 816 933 842 τοῦτον
951 816 1026 851 ἥλιον

235 863 294 889 ὅλον
308 862 438 897 ὀρθαλμῴ
451 862 580 889 δύνασθαι
598 862 756 896 περιλαϐεῖν
767 871 774 878 '
787 863 831 888 τὸν
848 863 897 898 μὲν
912 863 1024 889 καθόλου
1043 851 1063 878 Β

235 908 285 943 τῆς
299 909 459 943 ἐπουρανίου
473 908 576 939 πόλεως
597 908 717 938 ἔπαινον,
734 909 771 938 ὡς
787 909 940 942 ἀνέφικτον,
956 909 985 935 τό
996 917 1028 942 γε

238 953 323 986 παρδν
342 953 484 988 παρῶμεν,
498 954 546 980 καὶ
561 953 756 988 εὑλαὸηθῶμεν
772 956 803 980 ἐκ
821 954 966 989 προσώπου
979 955 1028 981 αὑ-

235 999 299 1032 τῆς’
317 998 346 1024 ἓν
358 999 386 1024 δὲ
403 999 486 1034 μέρος
501 1000 586 1032 αὐτῆς
606 999 636 1025 τὺ
655 999 796 1026 κάλλιστον
815 999 861 1025 καὶ
880 1000 1028 1034 τερπνότα-

235 1053 290 1075 τον,
304 1045 375 1078 φημὶ
397 1045 429 1079 δὴ
446 1045 494 1078 τὴν
517 1045 715 1080 ὑπέρλαμπρον
735 1045 924 1077 Ἀναστασίαν,
957 1046 1027 1072 κατὰ

235 1089 297 1115 γοῦν
312 1089 451 1120 λαϐόντες,
467 1091 513 1116 καὶ
535 1091 585 1124 τῆς
611 1091 804 1123 γενναιοτάτης
825 1090 1027 1125 μακαρίσαντες

236 1138 374 1171 ὑπομονῆς
390 1138 437 1164 καὶ
454 1139 621 1174 μαρτυρίας·
637 1139 682 1165 καὶ
702 1139 884 1174 ὃεδοξασμὲνα
900 1140 962 1175 περὶ
978 1140 1028 1166 αὑ-

235 1184 283 1216 τῆς
298 1183 486 1218 λελαληκότες,
498 1186 562 1219 περὶ
582 1185 632 1220 τῆς
649 1185 774 1220 οὐρανίου
794 1185 895 1217 πόλεως
920 1186 1027 1220 ἐκείνης

234 1228 376 1261 εἰρηκότες
400 1229 433 1254 ἂν
450 1228 558 1264 εἴημεν,
579 1230 617 1264 τῷ
645 1231 734 1256 πᾶςαν
752 1230 789 1261 ὼς
819 1231 846 1256 ὲν
869 1231 1027 1265 ἅκηλιδὼτῳ

235 1272 321 1308 ταύτῃ
335 1273 480 1308 κατόπτρῳ
495 1275 666 1310 θεωρεῖσθαι,
682 1276 728 1301 καὶ
750 1275 834 1310 αὐτὴν
849 1276 932 1307 ὅντως
952 1276 1027 1303 πόλιν

234 1317 302 1343 Θεοῦ
318 1318 526 1353 καθεστηκέναι,

270 1364 367 1395 Διττὰς
381 1365 410 1391 δὲ
420 1365 486 1399 ἡμῖν
502 1365 680 1403 Ἀναστασίας
692 1366 747 1402 (71)
764 1363 835 1393 οἶδεν
847 1368 860 1393 ὁ
873 1366 950 1400 λόγος
959 1375 965 1381 ·
980 1375 1027 1393 πε-

238 1412 358 1445 ριφανεῖς
375 1412 433 1446 μὲν,
451 1411 498 1438 καὶ
514 1413 547 1438 ὲκ
565 1413 721 1447 περιφανῶν
734 1413 804 1440 κατὰ
825 1413 912 1448 σάρκα
926 1421 1027 1448 τυγχα-

235 1457 334 1488 νούσας
345 1465 351 1471 ·
368 1457 602 1492 περιφανεστέρας
625 1458 653 1484 δὲ
666 1458 757 1495 πολλῷ
773 1459 873 1493 μᾶλλον
894 1459 963 1485 κατὰ
978 1459 1027 1494 τὴν

1081 228 1238 258 gumentum
1265 223 1317 251 sibi
1343 231 1403 250 eam
1424 224 1559 251 orationis
1586 230 1754 258 proponens.
1784 224 1865 250 modo

1080 269 1198 296 obscure
1208 272 1235 296 et
1251 269 1410 304 symbolice,
1429 269 1509 296 modo
1530 273 1620 296 autem
1636 269 1710 296 clare
1724 276 1755 296 ac
1772 269 1864 303 splen-

1082 314 1166 347 dide,
1198 315 1313 349 hujusce
1341 315 1466 342 civitatis
1494 314 1588 342 laudat
1617 314 1865 349 magnificentiam,

1080 358 1194 393 ejusque
1207 359 1234 385 in
1245 358 1323 386 caelis
1337 359 1472 386 occultam
1493 363 1606 386 enarrat
1619 359 1746 394 gloriam.

1117 450 1258 485 Siquidem
1273 451 1356 486 igitur
1376 451 1456 479 nobis
1475 451 1557 479 etiam
1573 457 1648 479 tanta
1665 456 1738 480 esset
1755 460 1862 486 sermo-

1079 497 1130 525 nisi
1143 498 1230 532 gratia
1246 505 1278 524 ac
1306 497 1420 532 spiritus
1443 497 1496 530 vis,
1522 501 1551 524 ut
1575 505 1625 525 nos
1652 505 1762 532 quoque
1792 497 1863 524 haud

1079 552 1158 572 secus
1165 552 1197 572 ac
1208 544 1280 572 sacri
1293 544 1422 579 theologi,
1435 543 1467 571 ad
1480 547 1584 571 tantam
1594 546 1745 579 argumenti
1755 544 1864 571 celsita-

1079 594 1143 622 tem,
1156 593 1287 625 quantum
1300 589 1366 617 satis
1380 589 1426 622 sit,
1444 597 1588 624 possemus
1609 589 1762 619 intendere.
1779 592 1865 616 ratio-

1079 636 1278 664 nabilissimutn
1287 634 1403 663 forsitan
1414 640 1487 663 esset
1496 635 1674 670 omniumque
1684 635 1861 663 utilissimum

1079 682 1105 708 in
1118 682 1177 710 solo
1192 682 1238 709 illo
1252 689 1334 716 supra
1349 689 1429 716 quam
1445 681 1547 708 eximio
1562 680 1666 716 fulgore
1689 680 1742 708 ﬁxo
1768 680 1874 707 mentis-

1078 729 1167 762 oculo,
1183 728 1210 755 in
1226 727 1353 755 eumdem
1369 727 1458 762 ipsum
1471 727 1606 754 orationis
1620 726 1722 754 ﬂuxum
1734 726 1861 762 dirigere.

1078 774 1302 809 Quandoquidem
1317 777 1407 801 autem
1419 777 1524 800 tantum
1539 773 1573 800 ab
1589 773 1649 807 ejus
1660 772 1785 800 claritate
1796 772 1864 800 deli-

1079 820 1178 851 cimus.
1196 824 1328 854 quantum
1347 820 1424 846 abest
1442 822 1509 846 utet
1524 819 1609 846 solem
1628 818 1701 845 hunc
1713 817 1865 853 aspectabi-

1080 866 1131 892 lem
1143 869 1228 892 totum
1242 866 1321 892 oculo
1330 864 1561 899 comprehendere
1572 864 1709 899 possimus
1722 872 1728 895 ;
1745 863 1864 891 etelestis

1080 912 1153 938 illius
1167 911 1288 938 civitatis
1305 911 1412 938 laudem
1434 911 1596 942 universim,
1611 913 1640 937 ut
1660 917 1739 944 quam
1754 910 1865 944 assequi

1079 966 1132 984 non
1147 958 1238 990 liceat,
1254 957 1501 992 impriesentiarum
1517 955 1626 992 quidem
1644 956 1814 986 omittamus.
1833 962 1865 981 ac

1079 1011 1253 1031 revereamur
1267 1011 1281 1030 a
1302 1003 1370 1030 facie
1384 1003 1462 1038 ejus;
1487 1010 1570 1030 unam
1590 1009 1655 1029 vero
1671 1001 1744 1029 illius
1760 1005 1864 1035 partem

1080 1049 1293 1084 pulcherrimam
1327 1057 1360 1077 ac
1383 1049 1581 1084 lepidissimam
1614 1048 1729 1084 (eximie
1757 1047 1865 1074 scilicet

1079 1096 1247 1131 splendidam
1263 1094 1454 1130 Anastasiam)
1471 1095 1563 1122 animo
1574 1098 1754 1125 assumentes.
1772 1093 1865 1121 fortis-

1079 1143 1210 1176 sinueque
1224 1141 1363 1176 patientia:
1377 1149 1408 1169 ac
1423 1141 1547 1176 martyrii
1557 1140 1659 1167 virtute
1674 1140 1780 1167 beatam
1796 1147 1864 1174 pra:-

1079 1188 1215 1220 dicantcs,
1228 1187 1318 1214 otnnis
1334 1186 1409 1214 illius
1433 1186 1554 1214 caelestis
1578 1185 1698 1213 civitatis
1715 1185 1808 1213 laudes
1826 1185 1864 1212 vi-

1078 1234 1193 1261 deamur
1212 1233 1350 1268 prosecuti
1378 1240 1450 1263 csse,
1479 1232 1550 1266 quod
1581 1235 1637 1258 tota
1665 1231 1722 1258 haec
1747 1231 1820 1258 velut
1835 1231 1864 1259 in

1079 1277 1225 1312 purissimo
1256 1276 1368 1311 speculo
1384 1285 1440 1303 mea
1466 1275 1641 1311 inspiciatur,
1659 1276 1772 1310 ipsaque
1801 1284 1864 1303 vere

1077 1324 1174 1350 civitas
1186 1322 1231 1350 Dei
1242 1323 1369 1350 exsistat.

1113 1369 1185 1396 Duas
1196 1376 1276 1402 porro
1289 1369 1415 1395 novimus
1431 1368 1591 1395 Atiastasias
1602 1388 1609 1400 ,
1623 1369 1718 1396 ambas
1730 1368 1862 1399 illustres,

1078 1419 1160 1449 atque
1183 1414 1215 1440 ad
1240 1421 1349 1441 carni-In
1370 1413 1442 1448 quod
1474 1414 1582 1444 attinet,
1605 1413 1703 1440 illustri
1720 1417 1863 1440 stemmate

1078 1463 1162 1490 satas.
1174 1458 1348 1486 confessione
1361 1463 1464 1490 autem,
1480 1466 1541 1492 quae
1554 1462 1594 1485 est
1604 1459 1631 1485 in
1644 1459 1768 1489 Christo.
1783 1459 1862 1494 longe

236 1503 275 1533 si;
288 1503 404 1537 Χριστὸν
418 1503 578 1537 ὁμολογίαν·
601 1504 647 1531 καὶ
665 1505 748 1539 ἄμφω
765 1505 814 1540 μὲν
837 1506 868 1531 ἐκ
887 1505 936 1539 τῆς
958 1514 1025 1540 πρε-

1079 1505 1264 1537 illustriores;
1277 1509 1404 1539 orlasque
1417 1505 1511 1531 ambas
1527 1505 1635 1532 seniore
1648 1505 1743 1536 Roma,
1756 1513 1788 1532 ac
1802 1513 1863 1540 qua:

186 1544 194 1552 ⁸
237 1549 369 1583 σὸυτέρας
386 1548 495 1584 Ῥώμης
509 1549 679 1585 ὡρμημένας
690 1559 698 1566 ·
711 1551 795 1585 ἄμφω
806 1550 834 1577 δὲ
847 1550 961 1584 ταύτην,
977 1550 1027 1585 τῆς

236 1594 405 1621 ἀκαταλύτου
430 1595 483 1621 τῶν
506 1595 590 1628 ἁγίων
614 1595 719 1631 πόλεως
741 1595 1026 1629 ἀντικαταλλαξὰσας·

236 1640 294 1668 ἀλλ’
308 1641 324 1677 ἡ
343 1640 393 1677 μὲν
406 1641 484 1676 ἀνδρὶ
496 1641 627 1676 πρότερον
641 1641 691 1668 οὔκ
707 1642 825 1673 εὐσεϐεῖ,
841 1642 907 1677 πρὸς
924 1641 1027 1677 βραχὺν

237 1688 363 1723 ἀφθόρως
380 1688 527 1722 ωζυγεῖσα
549 1688 643 1724 χρόνον
656 1697 663 1704 ·
679 1686 740 1716 εἷτα
756 1687 863 1723 θανάτῳ
880 1688 928 1724 τῆς
944 1687 1027 1714 αὐτοῦ

238 1733 407 1768 κακοτρόπου
428 1734 541 1769 γνώμης
563 1733 788 1769 ὲλευθερωθεῑσα,
812 1734 841 1759 ὲν
860 1733 958 1769 χηρείᾳ
977 1732 1029 1760 σώ-

238 1789 326 1813 φρονι,
345 1781 391 1806 καὶ
411 1780 485 1816 πάσῃ
506 1780 664 1816 δικαιοσύνῃ
683 1780 730 1808 καὶ
749 1780 869 1815 ὁσιότητι
888 1780 962 1812 ζῶσα
986 1780 1028 1807 δι-

237 1824 331 1850 ετέλει.
356 1824 387 1850 Ἠ
404 1824 433 1851 δὲ
447 1824 583 1851 παιδιόθεν
599 1825 783 1860 ἀποδεδομένη
797 1824 960 1860 παρθενῶνι,
980 1824 1027 1852 καὶ

237 1869 325 1904 ψυχὴν
338 1869 396 1903 ἆμα
412 1869 517 1904 σώματι
533 1869 732 1905 καθιερουμὲνη
752 1869 790 1905 τῷ
806 1870 911 1906 Κυρίῳ,
929 1869 1024 1905 ἀμίαν-

238 1924 283 1941 τον
297 1915 361 1950 ἄχρι
375 1915 468 1946 τέλους
484 1915 558 1951 αὐτῷ
577 1915 627 1952 τὴν
647 1916 722 1951 ἱερὰν
739 1915 887 1952 παρθενίαν
902 1915 1027 1952 διετήρη-

238 1985 336 2012 a-tatis.
356 1984 457 2012 Locum
477 1984 549 2011 hunc
567 1984 596 2010 P.
613 1983 696 2015 Goar.
713 1988 775 2010 ante
795 1983 906 2010 allatum
924 1983 1025 2010 Sirmio

238 2028 337 2054 eorpus
353 2024 453 2047 sanctae
477 2018 629 2054 Anastasim
645 2023 771 2045 vocatum
791 2018 876 2054 fuisse
887 2018 926 2045 ait
945 2018 1023 2054 Ἀνα-

239 2052 371 2087 ardeam,
387 2055 457 2088 quod
472 2053 579 2088 Gregor.
600 2054 628 2080 in
645 2061 673 2080 eo
689 2061 767 2080 sacra
782 2053 845 2086 ﬁdei
860 2053 985 2088 dogmata
996 2052 1024 2079 in

239 2090 351 2116 Ariona:
363 2097 504 2122 exponens.
519 2096 606 2115 veram
619 2088 768 2116 doctrinam
778 2096 792 2114 ε
803 2092 905 2115 veterno
921 2088 1024 2114 excita-

239 2125 319 2155 verit;
345 2125 381 2150 vel
400 2123 468 2158 quod
489 2123 524 2150 ibi
540 2123 636 2150 mulier
648 2131 787 2158 prmgnans
802 2131 834 2150 ex
849 2122 906 2149 alta
919 2123 1023 2158 portion

240 2160 266 2186 in
285 2164 383 2186 terram
406 2157 481 2192 lapsa
499 2163 522 2185 et
545 2158 668 2190 contrita,
691 2158 773 2185 vitam
795 2158 929 2192 receperit.
956 2157 1023 2184 Novi

241 2196 299 2222 lucc
313 2194 394 2221 ctiam
417 2194 450 2220 ab
475 2193 536 2219 aliis
559 2194 641 2223 dicta.
656 2194 702 2220 sed
717 2193 789 2220 nulla
804 2193 881 2220 ﬁrma
899 2192 1021 2220 veritate.

240 2231 310 2256 Ante
329 2229 400 2263 enim
421 2228 581 2262 Gregorium
602 2227 766 2263 Ἀναστασία
786 2233 855 2259 erat,
877 2235 926 2255 nec
949 2228 1028 2254 aliter

240 2265 308 2298 ipso.
324 2268 370 2291 aut
385 2264 429 2290 alii
443 2263 612 2297 antiquiores
627 2262 769 2290 ecclesiam
786 2263 870 2293 illam.
888 2270 934 2289 sett
956 2270 1029 2289 mar-

241 2297 339 2332 tyrinm
363 2303 470 2329 vocant,
489 2297 560 2332 quod
587 2298 650 2324 hinc
669 2302 770 2330 tamen,
797 2302 909 2325 auctore
932 2298 1027 2324 eodem

240 2334 382 2366 Gregorio,
400 2333 478 2367 quasi
497 2340 576 2359 ouuen
597 2337 623 2359 et
637 2332 780 2359 oraculum
803 2332 927 2361 habuerit
943 2332 1029 2359 susci-

240 2369 330 2395 tanda:
349 2368 376 2394 in
404 2376 437 2395 eo
462 2367 539 2399 lidei;
568 2367 694 2402 idemque
718 2368 836 2400 dicatur,
865 2367 1029 2395 suscitandas

241 2404 315 2431 illius
334 2403 466 2432 mulieris.
482 2402 506 2430 si
528 2409 590 2428 vera
612 2403 646 2429 sit
662 2403 705 2429 illa
722 2402 846 2434 historia,
868 2410 950 2436 quam
974 2409 1028 2428 non

242 2445 344 2465 moror.
363 2438 442 2465 Certe
457 2437 586 2464 dill‘erunt
600 2438 657 2464 hzec
670 2442 727 2464 toto
741 2438 819 2470 coelo,
835 2437 973 2471 mirorque
989 2436 1029 2463 sic

242 2473 371 2500 confundi
392 2482 398 2500 :
420 2478 448 2499 ut
474 2477 501 2499 et
526 2473 600 2507 quod
627 2473 723 2500 doctus
748 2472 842 2499 Billius
866 2473 1029 2507 elegansque

242 2508 357 2549 interpr.
377 2508 450 2549 istud
470 2506 550 2547 Grca.
570 2508 599 2533 ὲν
617 2507 656 2549 τῷ
666 2508 878 2549 ,συντακτηρίῳ
904 2506 1028 2549 Χαίροις,

249 2541 411 2570 Ἀναστισία.
442 2552 487 2576 μοι
515 2542 566 2576 τῆς
598 2542 741 2572 εὐσεῦείας
774 2541 912 2576 ἐπώνυμε.
951 2541 1027 2572 Vale,

244 2578 397 2609 Anastasio,
419 2585 512 2604 nomen
536 2586 551 2603 α
577 2577 672 2610 pietate
691 2578 797 2609 habens,
823 2576 944 2610 exponit,
963 2581 1029 2602 tem-

242 2613 315 2647 plum
336 2612 546 2643 resurrectionis,
574 2613 630 2647 sive
661 2612 747 2645 magis
774 2619 819 2647 ex;
832 2611 933 2638 Nicone
949 2611 1030 2647 Com:

243 2644 328 2675 ment.
342 2649 377 2673 ita
395 2647 554 2681 perstringit
567 2656 573 2673 :
590 2645 645 2672 Hoc
661 2646 785 2679 templum
800 2644 1030 2681 Constantinopoli

244 2680 558 2716 construxit'Gregorius.
570 2682 645 2716 eique
664 2681 822 2711 Anastasite.
839 2681 866 2716 id
880 2685 918 2707 est
933 2680 1030 2716 Resur-

244 2718 380 2749 rectionis,
396 2714 488 2743 nomen
504 2716 610 2742 indidit.
627 2715 706 2743 Falsa
721 2716 824 2743 omnia.
838 2715 942 2742 Invenit
960 2714 1029 2742 Gre-

243 2752 338 2787 gorius
353 2752 492 2787 aediculam
505 2751 576 2778 illam
597 2751 747 2787 Anastasia:
769 2751 803 2777 ab
826 2750 936 2777 Ariauis
959 2758 1031 2784 spre-

246 2785 312 2819 tam.
330 2787 473 2827 cmpitqrie
488 2785 514 2812 in
530 2793 560 2827 ea_
586 2786 763 2827 orthotlo‘xos
775 2792 940 2827 congregare
956 2793 963 2810 :
980 2792 1030 2811 nec

246 2830 345 2849 nomen
357 2819 381 2849 ei
391 2821 497 2854 indidit,
516 2820 561 2849 sed
573 2819 644 2855 quod
654 2823 721 2852 erat,
741 2819 916 2853 Ἀναστασία,
931 2827 1028 2847 nomen

1078 1550 1173 1582 ambae,
1188 1549 1334 1576 immortali
1352 1553 1510 1577 sanctorum
1524 1549 1635 1577 civitate
1651 1550 1720 1576 hanc
1740 1557 1863 1577 commu-

1076 1595 1172 1622 tarint.
1188 1594 1288 1622 Verum
1303 1595 1387 1622 altera
1405 1595 1516 1631 quidem
1535 1596 1568 1623 ad
1587 1596 1667 1624 breve
1680 1602 1787 1631 tempus
1805 1596 1863 1623 viro

1078 1641 1204 1677 improbo
1221 1642 1381 1675 incorrupte
1403 1641 1542 1675 copulata,
1572 1645 1686 1676 tumque
1707 1642 1803 1668 mortis
1822 1641 1865 1668 in-

1077 1695 1160 1715 cursu
1173 1686 1207 1714 ab
1222 1686 1282 1721 ejus
1299 1687 1417 1721 maligna
1435 1690 1525 1714 mente
1538 1686 1664 1720 liberata,
1681 1691 1763 1714 castae
1779 1687 1866 1714 vidui-

1077 1731 1139 1759 tatis
1153 1730 1262 1763 studiis,
1274 1730 1404 1766 omnique
1415 1730 1521 1766 jusutia
1533 1734 1560 1759 et
1578 1731 1725 1759 sanctitate
1738 1731 1864 1759 instituta

1077 1777 1144 1808 vita,
1160 1776 1353 1812 perseveravit.
1380 1776 1471 1804 Altera
1489 1783 1565 1809 vero,
1581 1784 1596 1804 a
1613 1784 1700 1812 puero
1727 1776 1862 1813 virginum

1079 1821 1163 1849 coetui
1179 1821 1298 1854 addicta.
1315 1821 1461 1857 animoque
1475 1820 1557 1849 simul
1577 1829 1609 1850 ac
1623 1829 1739 1858 corpore
1754 1822 1865 1850 Christo

1077 1871 1249 1899 consecrata,
1267 1867 1437 1902 impollutam
1456 1867 1482 1895 in
1509 1867 1588 1895 linem
1605 1875 1692 1903 usque
1719 1868 1864 1903 virginita-

1078 1918 1134 1942 tem
1150 1914 1190 1942 illi
1206 1914 1389 1942 conservavit.
1410 1913 1449 1941 Ac
1470 1914 1580 1949 quidem
1606 1915 1665 1946 illa,
1681 1922 1696 1941 a
1713 1915 1864 1949 majOribus

1076 1980 1205 2015 reliquit;
1221 1980 1293 2014 quod
1321 1987 1455 2015 nusquam
1471 1979 1646 2015 Resurrectio,
1675 1980 1701 2006 id
1724 1985 1766 2007 est
1784 1980 1864 2007 Ἀνά-

1078 2014 1171 2046 nam:
1188 2015 1225 2049 (id
1241 2016 1314 2043 enim
1325 2014 1433 2043 celebre
1447 2015 1581 2049 duntaxat
1593 2014 1772 2049 Jerosolymis
1792 2023 1864 2043 mar-

1075 2050 1176 2086 tyrium
1191 2058 1205 2077 a
1221 2049 1442 2086 Constantinojn
1457 2049 1519 2086 loco_
1537 2048 1754 2086 Resurrectionis
1768 2057 1800 2086 ac
1815 2050 1863 2077 Do-

1076 2084 1179 2112 minico
1201 2085 1326 2120 sepulcro
1349 2084 1535 2117 aedificatum).
1555 2085 1610 2120 sed
1636 2084 1802 2111 Ἀναστασία
1817 2092 1864 2112 seu

1076 2119 1401 2155 Anastasiaa’marlyrium
1425 2124 1452 2146 et
1463 2119 1579 2147 ecclesia
1593 2127 1626 2147 ac
1638 2120 1720 2150 mdes.
1738 2120 1801 2146 trito
1819 2120 1865 2147 illo

1075 2154 1231 2182 Graecorum
1250 2154 1319 2186 usu,
1335 2162 1390 2189 quo
1405 2154 1505 2186 templa
1521 2159 1619 2182 vocant
1634 2155 1730 2182 eodem
1746 2155 1805 2188 ipso
1821 2162 1865 2181 no-

1077 2190 1152 2217 mine
1182 2190 1303 2222 illorum,
1329 2189 1430 2224 quibus
1459 2189 1504 2216 illa
1528 2189 1616 2217 dicata
1647 2194 1721 2217 sunt.
1750 2189 1866 2223 Haecque

1080 2224 1211 2253 hactenus
1230 2225 1264 2252 de
1286 2224 1431 2252 Anastasia
1449 2231 1511 2260 vere
1523 2224 1766 2260 νφαρμακολυτρίᾳ,
1784 2225 1864 2259 quasi

1079 2267 1139 2294 quae
1154 2267 1235 2287 omne
1246 2260 1398 2286 daemonum
1414 2259 1576 2286 maleficium
1591 2260 1688 2292 solvat,
1701 2259 1867 2293 omnemque

1079 2295 1239 2329 languorem
1255 2299 1282 2322 et
1300 2294 1426 2321 morbum
1442 2294 1568 2329 depellat.
1586 2294 1804 2329 singularissimo
1820 2294 1866 2322 illo

1080 2330 1227 2357 sanitatum
1241 2329 1322 2359 dono.
1339 2337 1395 2364 quo
1408 2333 1486 2356 aucta
1503 2337 1519 2356 a
1531 2329 1592 2364 Abeo
1610 2333 1661 2360 est.
1681 2329 1740 2364 ejus
1755 2329 1866 2364 praemio

1080 2365 1185 2391 cltarita
1191 2365 1225 2392 tis
1234 2368 1261 2392 et
1271 2362 1405 2398 ﬁdeifqua
1420 2364 1460 2391 sic
1472 2371 1522 2391 con
1528 2362 1678 2391 fessoribus
1689 2362 1865 2395 ministravit,

1079 2407 1133 2426 non
1155 2407 1214 2433 qua!
1240 2399 1367 2426 veneﬁca:
1386 2406 1505 2433 unquam
1521 2399 1631 2426 nomine
1649 2399 1824 2430 laboraverit.
1836 2403 1867 2426 ut

1079 2434 1188 2461 iniicete
1211 2433 1319 2468 Langus
1342 2434 1502 2466 somniavit;
1538 2433 1650 2468 ipseque
1683 2434 1867 2462 hcterodoxus

1080 2469 1246 2496 nostratium
1265 2468 1480 2502 Simplicioribus
1504 2469 1635 2502 imposuit
1656 2477 1662 2495 :
1684 2477 1737 2496 non
1761 2469 1801 2496 sic.
1814 2469 1867 2496 Ge-

1080 2504 1156 2531 nebr.
1174 2503 1381 2538 archiepiscopo
1394 2503 1514 2538 Aquensi
1533 2503 1590 2530 viro
1612 2504 1729 2536 erudito,
1754 2504 1799 2538 qui
1815 2511 1863 2530 ve-

1080 2546 1141 2565 rum
1158 2539 1232 2566 vocis
1245 2546 1355 2566 sensum
1373 2538 1492 2573 agnovit,
1508 2542 1535 2565 et
1549 2539 1574 2565 in
1588 2538 1746 2566 Graecorum
1766 2538 1866 2571 Fastis,

1080 2581 1127 2600 seu
1146 2581 1241 2600 eorum
1260 2573 1435 2608 Calendario,
1450 2579 1480 2600 ut
1495 2578 1603 2606 vocant,
1620 2574 1763 2608 expressit.

1115 2607 1172 2642 (7|)
1190 2607 1292 2640 Διττὰς
1306 2607 1340 2634 δὲ
1356 2608 1429 2642 ἡμῖν
1445 2606 1661 2641 Ἀναστασίαςξ
1681 2609 1727 2636 Sic
1735 2608 1800 2634 Acta
1813 2606 1868 2634 Me-

1080 2643 1243 2677 taphrastaea
1256 2650 1317 2677 qua
1333 2643 1395 2670 hinc
1405 2643 1658 2670 ducuntexortlium
1673 2651 1679 2668 :
1695 2646 1750 2669 tres
1764 2646 1865 2674 tamen,

1080 2676 1154 2705 haud
1173 2676 1272 2704 infelici
1294 2677 1464 2712 conjectura,
1480 2678 1618 2705 invenisse
1633 2677 1699 2704 mihi
1710 2677 1866 2712 visussum,

1080 2712 1255 2747 aliquamque
1275 2710 1424 2740 Sirmiense
1451 2720 1467 2740 a
1487 2713 1594 2747 duabus
1623 2710 1810 2747 Romanishie
1826 2718 1868 2738 re-

1081 2745 1218 2808 tien'sitis'.‘
1230 2751 1259 2775 ut
1281 2755 1376 2775 recens
1392 2747 1436 2775 Fr.
1454 2747 1538 2776 Maria
1566 2745 1687 2774 Elorent.
1704 2745 1732 2772 in
1753 2745 1864 2780 Martyr.

1105 2789 1206 2808 uccnst.

1105 2789 1206 2809 “CCIISI.
