2089 3151
244 151 296 183 343

842 152 989 184 ΝΙΩΕΤΑΞ
1012 154 1055 183 PA
1060 154 1109 184 PH
1115 155 1275 186 LAGONIS

1816 156 1868 188 3H

243 215 384 245 acceptam
399 217 507 239 omnem
521 211 703 239 substantiam
722 211 793 247 (qua:
805 219 871 240 sane
890 212 1018 247 perampl:

1082 223 1138 242 σεν.
1155 215 1210 242 Καὶ
1224 217 1240 251 ἡ
1258 215 1317 251 μὲν,
1334 216 1399 252 ὅλην
1410 216 1494 252 αὐτῆς
1513 216 1563 253 τὴν
1576 217 1687 252 γονικὴν
1711 218 1870 252 περιουσίαν

242 261 312 292 eral)
327 256 539 285 necessitatibus
561 262 719 286 sanctorum
735 259 954 291 communicatis,
979 259 1029 285 im-

242 310 383 338 pensaque
402 303 569 340 martyribus
585 304 687 332 amoris
700 304 725 332 vi
752 304 807 333 illis
825 305 1029 340 quodammodo

241 349 440 384 conglutinata,
454 357 602 385 eorumque
615 351 743 385 pretiosis
756 351 847 379 linteis
861 351 966 379 saniem
979 360 1028 379 ex-

241 398 361 428 tergens,
376 394 545 430 vulneraque
565 394 714 422 infundens
731 403 763 423 ac
779 396 964 429 exosculans;
983 401 1026 424 at-

240 445 294 472 que
310 438 401 466 adhuc
418 438 551 473 viventes,
565 440 655 468 verbis
669 440 787 470 fortibus
801 442 936 471 roborans
954 446 981 470 et
992 443 1025 470 ad

240 482 485 512 iuumarcescibiles
506 491 624 513 coronas
643 487 752 523 egregie
771 488 908 520 animans,
926 488 1026 516 defun-

239 529 344 563 ctisque
366 530 540 558 sanctissime
554 531 630 567 justa
654 532 822 567 persolvens,
848 533 888 562 sic
906 534 1025 569 seipsam

238 575 400 610 praeclarum
418 576 474 605 illis
488 584 588 606 munus
607 579 763 614 sepulcrale
789 583 882 615 postea
898 580 1024 616 praebuit,

237 628 285 655 per
305 621 396 656 ignem
413 622 577 651 holocausto
595 624 697 656 oblata,
713 633 744 652 ae
759 626 786 653 in
803 626 916 655 odorem
930 627 1024 655 suavi-

235 666 300 695 tatis
321 668 377 695 Deo
395 673 564 704 computata,
586 671 663 706 virgo
679 676 782 704 autem,
801 677 944 707 parentum
967 673 1024 701 afii-

238 713 379 749 niumque,
398 715 564 748 pmdiorum
579 724 611 744 ac
630 718 809 752 pecuniarum
830 719 865 746 ab
888 719 948 754 ipso
966 719 1023 755 jam

235 760 325 788 astatis
341 761 423 788 tertio
439 769 512 789 anno
526 762 622 790 relicta
636 763 768 792 facultate
776 770 859 800 atque
870 766 960 800 copia,
980 774 1024 794 re-

236 806 395 843 Iigioszeque
408 808 518 836 cuidam
535 808 628 837 domui
644 810 678 837 ad
697 811 860 839 vicesimum
872 820 961 847 usque
977 821 1022 840 an-

234 860 300 880 num
319 861 351 881 ex
365 854 458 884 animo
469 855 601 889 assidua;
621 864 728 884 necnon
746 865 831 886 sacrm
839 859 944 893 sophiae
959 860 1022 893 (hoc

234 899 307 927 enim
320 899 358 927 illi
374 907 472 928 nomen
492 901 545 929 sub
562 902 643 937 cujus
652 903 813 938 magisterio
828 911 859 932 ac
875 904 1021 940 disciplina

235 945 354 981 agebat),
369 954 417 974 seu
431 947 523 982 potius
539 947 627 984 ipsius
635 957 698 977 vere
710 949 756 977 Dei
768 951 908 985 sapientiae
918 958 1020 986 opera;

234 991 309 1020 Patri
323 993 464 1027 adoptata,
481 1001 530 1029 per
552 995 638 1022 multa
663 995 813 1031 gravisque
836 1004 886 1031 pro
909 996 1022 1025 Christo

234 1042 371 1069 tormenta
384 1043 411 1066 et
426 1039 563 1073 lanienas,
579 1041 698 1076 abrupto
711 1041 757 1077 qui
775 1042 802 1069 in
816 1050 898 1069 carne
919 1048 961 1070 est
984 1043 1022 1070 in-

233 1085 336 1119 colatu,
350 1086 382 1113 ad
399 1086 637 1115 dcsideratissima
652 1087 699 1116 Dei
713 1088 891 1116 tabernacula
910 1090 1021 1117 commi-

233 1132 332 1164 gravit.

268 1177 331 1205 Haec
346 1178 429 1214 igitur
444 1180 534 1216 magni
546 1179 715 1216 illustrisque
731 1182 850 1210 nominis
863 1183 1019 1215 Auastasia,

233 1224 356 1259 spiritale
371 1225 619 1261 iutemeratumque
631 1228 786 1256 convivium
816 1228 896 1257 hodie
917 1237 1020 1257 convo-

232 1278 310 1304 cans,
325 1271 452 1306 velutqne
464 1273 620 1306 opimarum
636 1273 735 1309 dapum
753 1274 911 1302 varietatem
938 1283 1019 1303 saera

231 1324 281 1344 sua
306 1318 456 1345 certamina
486 1319 672 1355 vietoriasque
699 1327 851 1355 apponens,
870 1325 951 1356 atque
965 1322 1019 1350 illis

230 1363 405 1392 «astissimos
419 1368 558 1393 amatores
576 1373 641 1394 suos
652 1366 802 1401 accipiens,
819 1366 954 1396 immensa
971 1376 1019 1397 eos

230 1409 360 1444 adimplet
375 1410 478 1444 laetitia,
495 1411 649 1448 divinaeque
661 1418 805 1441 consortes
826 1415 1019 1443 exsultationis

231 1455 305 1483 facit.
321 1455 383 1484 Ilaec
393 1460 518 1485 nostrum
527 1462 554 1486 et
565 1458 685 1486 animum
698 1464 724 1486 et
737 1467 891 1497 sermonem
903 1460 935 1487 ad
946 1460 1018 1489 illius

230 1501 389 1535 passionum
427 1504 648 1538 exsuperantiam
683 1503 842 1533 fatiscentes
876 1506 1016 1539 excitans;

229 1547 349 1574 animum
366 1548 476 1583 quidem
500 1548 553 1576 ﬂde
569 1549 698 1583 roborat;
721 1558 875 1578 sermonem
895 1558 961 1579 vero
983 1552 1017 1579 ad

1070 1549 1241 1584 παθημάτων
1263 1548 1429 1583 ἐκλυόμενον
1451 1548 1590 1581 διιστῶσα,
1616 1547 1732 1582 ῥώννυσι
1762 1546 1811 1581 μὲν
1828 1547 1859 1572 ἂν

229 1592 304 1621 illius
315 1594 470 1621 enarranda
491 1594 628 1621 mirabilia
644 1595 735 1630 erigit.

264 1686 388 1714 Primum
407 1687 519 1722 quidem
539 1686 605 1714 illud
617 1694 714 1715 omnes
730 1695 813 1723 rogo;
830 1696 864 1716 ne
881 1689 944 1724 quis
961 1690 1016 1717 sei-

229 1732 292 1760 licet
315 1732 501 1767 comparando
526 1737 633 1760 natura:
654 1732 868 1761 imbecillitatem
883 1741 947 1762 cum
964 1735 1016 1762 im-

228 1785 324 1806 mensa
347 1782 546 1806 tormentorum
571 1778 609 1812 vi,
634 1779 748 1807 moleste
765 1779 858 1807 animo
874 1780 1016 1809 habeatac

226 1824 404 1851 dubitationis
415 1824 594 1859 cogitationes
604 1828 741 1857 assumat;
753 1830 880 1860 tanquam
893 1825 949 1853 fieri
962 1834 1016 1854 non

227 1870 326 1905 possit.
344 1874 375 1898 ut
401 1871 443 1898 vel
463 1870 687 1899 robustissimum
713 1871 763 1899 viri
787 1879 898 1907 corpus,
915 1873 1015 1899 nedum

227 1915 362 1943 muliebre
374 1922 406 1942 ac
419 1914 536 1950 juvenili
557 1915 636 1942 valde
649 1920 738 1947 aetate,
757 1916 850 1943 tandiu
868 1916 951 1944 tantis
964 1916 1017 1945 sie-

226 1968 281 1996 que
312 1960 439 1989 violentis
465 1960 637 1988 cruciatibus
656 1968 687 1988 ac
702 1961 847 1989 tormentis
861 1961 949 1989 obniti
966 1969 1016 1996 po-

227 2006 321 2033 tuerit.
350 2005 409 2033 Non
438 2005 511 2038 enim
537 2005 666 2040 corporis
678 2005 789 2037 robore,
815 2006 863 2034 sed
879 2006 1015 2041 spiritus;

227 2059 278 2079 nec
298 2051 426 2078 ﬁrmitate
443 2054 558 2084 naturae,
573 2051 620 2079 sed
636 2050 698 2079 fidei
714 2050 883 2084 fortitudine,
897 2051 1017 2079 victoria:

225 2103 368 2134 compotes
381 2102 516 2133 martyres
541 2098 682 2125 exstitere.
698 2096 757 2132 Ipse
773 2097 845 2125 enim
862 2097 1017 2132 inaspecta-

227 2143 274 2171 bili
292 2143 400 2170 ratione
416 2142 577 2170 certaminis
589 2150 690 2177 praeses
707 2143 761 2170 illis
773 2142 871 2178 spiritu
881 2150 1015 2178 praesens.

226 2189 272 2224 qni
286 2189 331 2217 illo
344 2189 544 2224 defungunlur,
559 2189 724 2224 illorumque
741 2189 870 2216 membris
883 2194 1012 2224 tanquam

226 2235 346 2272 propriis
359 2240 449 2268 utens,
463 2242 511 2270 pro
521 2241 550 2262 se
559 2234 748 2262 laborantibus
761 2235 917 2262 firmitatem
930 2235 1014 2262 animi

226 2283 337 2314 praestat
346 2287 378 2306 ac
393 2279 545 2306 audaciam.
561 2277 709 2313 Ipsumque
725 2278 793 2306 adeo
808 2278 911 2314 pariter
923 2278 1015 2306 decer-

226 2330 288 2352 tans
298 2324 503 2359 corpusculum,
526 2324 606 2351 modo
620 2323 731 2358 quidem
757 2324 888 2351 intactum
901 2325 1014 2352 omnino

225 2370 370 2397 tormentis
381 2368 443 2396 facit
454 2378 461 2402 ;
474 2369 554 2396 modo
566 2374 655 2396 autem
666 2369 710 2397 ubi
723 2370 858 2405 tantisper
873 2370 928 2405 pati
951 2378 1014 2405 per-

225 2415 346 2445 miserit.
362 2421 443 2448 quam
459 2414 514 2441 cito
527 2413 594 2441 illud
610 2417 698 2444 curat.
717 2414 910 2449 integrumque
924 2421 955 2442 ac
970 2422 1013 2442 sa-

224 2468 289 2487 num
304 2459 407 2492 reddit;
421 2459 507 2486 donec
517 2459 625 2487 laudent
634 2459 750 2487 faustum
761 2460 864 2487 exitum
876 2460 1012 2494 ﬁnemque

223 2505 394 2534 certantibus
408 2505 534 2533 conferre
552 2505 576 2533 ei
595 2505 738 2540 placuerit.
757 2506 785 2532 Id
806 2513 871 2533 vero
886 2510 1010 2540 praestat,

223 2556 281 2579 tum
295 2555 324 2580 ut
337 2551 389 2579 sibi
400 2551 526 2587 gloriam,
539 2551 630 2586 iisque
641 2551 840 2587 quitormentis
850 2552 1011 2579 excrucian-

223 2604 279 2632 tur,
290 2599 499 2627 sanctimoniam
515 2599 656 2632 eonciliet,
670 2603 728 2626 tum
743 2603 773 2626 ut
798 2603 825 2626 et
840 2599 921 2634 vulgo
937 2599 1010 2626 salu-

222 2650 277 2674 tem
288 2645 394 2673 at'ferat.
410 2644 544 2676 Salutem.
565 2645 689 2680 inquam,
705 2652 765 2680 quae
774 2653 806 2672 ex
823 2644 876 2672 Iide
890 2648 943 2677 est,
961 2652 1010 2672 ne-

222 2690 288 2718 dum
303 2690 359 2718 illis
371 2689 418 2726 qui
431 2695 495 2718 tunc
508 2690 640 2726 temporis
666 2689 848 2718 certaminum
873 2695 1010 2724 spectato-

223 2742 266 2763 res
277 2735 390 2768 fuerint,
403 2736 450 2764 sed
466 2739 494 2764 et
503 2735 606 2764 futuris
620 2735 845 2770 generationibus
855 2735 1007 2770 provideat.

259 2805 316 2840 (72)
344 2806 446 2834 Καλὸν
473 2806 626 2841 ἐντάφιον.
651 2806 794 2840 Sumptum
811 2811 854 2834 est
885 2806 1008 2841 Gregorii

223 2839 421 2874 Machabteicis,
430 2841 475 2867 ubi
491 2842 525 2868 ita
537 2839 595 2868 Bill.
606 2851 612 2868 :
623 2839 733 2868 Pulchri
743 2841 882 2876 cujusdam
890 2839 1008 2875 funebris

226 2875 281 2902 loco
307 2877 419 2910 teipsam
441 2876 529 2904 liberis
548 2876 655 2911 obtulit,
682 2882 769 2904 tuater
805 2877 919 2909 scilicet;
950 2877 1006 2912 ipsa

1081 261 1177 297 (πολλὴ
1192 261 1270 293 δέτις
1284 260 1328 297 ἧν)
1337 264 1396 295 ταῖς
1410 263 1465 290 τῶν
1478 263 1565 297 ἁγίων
1576 263 1680 298 χρείαις
1693 263 1869 295 κοινωνοῦσα,

1080 308 1127 334 καὶ
1141 309 1242 344 στοργῇ
1258 308 1440 344 φιλομάρτυρι
1452 308 1556 340 τούτοις
1567 308 1667 344 τρόπον
1677 308 1738 335 τινὰ
1752 316 1871 343 συμφυο-

1080 354 1161 390 μένη·
1177 354 1297 386 καὶτοὺς
1309 354 1411 390 ίχῶρας
1426 354 1516 381 αὐτῶν
1530 354 1637 386 ὀθόναις
1650 355 1770 389 ὲντίμοις
1784 363 1869 381 κατα·

1079 399 1232 435 μάσσουσα,
1244 399 1292 426 καὶ
1307 400 1341 426 τὰ
1354 400 1497 436 τραύματα
1515 399 1702 427 καταντλοῦσα
1715 400 1762 426 καὶ
1783 408 1869 426 κατα-

1078 443 1208 478 φιλοῦσα’
1229 445 1276 471 καὶ
1293 444 1398 477 ζῶντας
1410 446 1459 479 μὲν
1475 445 1526 476 ἔτι,
1545 445 1635 479 λόγοις
1653 446 1775 480 crepant;
1791 446 1869 479 ὲπιρ·

1079 490 1246 526 ριοννύουσα,
1273 491 1320 518 καὶ
1346 492 1415 527 πρὸς
1440 492 1503 523 τοὺς
1530 491 1704 526 ἀμαράντους
1728 491 1870 525 παραθαρ-

1078 537 1196 571 ρύνουσα
1209 537 1357 571 στεφάνους
1369 545 1376 552 ’
1397 537 1589 572 ἀποιχομένοις
1611 536 1640 563 δὲ
1660 537 1798 568 πανοσίως
1817 537 1869 571 τὴν

1076 584 1153 610 ὁσίαν
1167 584 1359 618 ὲπιὸάλλουσα,
1369 584 1456 616 οὓτως
1464 584 1564 619 ἑαυτὴν
1577 584 1658 611 καλὴν
1671 585 1796 618 ἐντάφιον
1809 584 1868 618 (72)

1076 630 1181 662 τούτοις
1191 630 1304 666 ὕστερον
1316 631 1478 666 παρέσχετο,
1490 631 1534 658 διὰ
1545 632 1629 665 πυρὸς
1638 631 1867 663 όλοκαυτωθείσα,

1076 675 1124 702 καὶ
1131 676 1172 708 είς
1181 676 1269 712 ὀσμὴν
1278 676 1392 708 εῠωδίας
1401 677 1555 711 λογισθστσα
1562 677 1601 711 τῷ
1611 676 1679 711 Θεῷ.
1689 677 1722 703 Ἦ
1732 677 1865 711 παρθένος

1075 721 1113 754 δὲ,
1129 722 1233 756 γονέων
1246 721 1293 748 καὶ
1312 722 1461 756 συγγενῶν,
1484 723 1632 758 κτημάτων
1649 724 1696 749 καὶ
1716 723 1868 758 χρημάτων

1075 768 1107 793 ἐκ
1118 767 1240 802 τριετοῦς
1256 768 1305 803 τῆς
1321 768 1428 804 ἡλικίας
1443 767 1538 803 χρόνου
1550 768 1613 800 τοὺς
1636 769 1868 803 περιουσιασμοϋς

1074 812 1200 847 λιποῦσα,
1216 814 1262 840 καὶ
1278 814 1393 849 σεμνείῳ
1411 813 1465 840 τινὶ
1483 813 1601 848 γνησίως
1617 814 1680 849 ἄχρι
1695 813 1742 840 τοῦ
1757 814 1866 840 εἰκοσα-

1075 859 1153 891 ετοῦς
1167 860 1433 895 προσκαρτερήσασα
1447 867 1455 875 ·
1475 859 1523 886 καὶ
1543 859 1588 886 διά
1603 860 1653 894 τῆς
1670 860 1745 894 ἱερᾶς
1766 860 1865 894 Empta;

1075 906 1157 942 (οὕτω
1170 907 1225 942 γὰρ
1247 907 1263 942 ἠ
1288 906 1447 938 διδάσκαλος
1469 906 1634 942 ὠνόμαστο),
1649 907 1749 942 μᾶλλον
1771 906 1798 933 δὲ
1819 907 1863 933 διὰ

1072 953 1122 988 τῆς
1139 953 1222 985 ὅντως
1235 953 1303 980 Θεοῦ
1319 953 1415 987 σοφίας
1427 952 1614 987 υἱοθετηθετσα
1628 952 1665 987 τῷ
1678 953 1775 988 Πατρὶ,
1792 952 1866 978 οὕτω

1072 998 1117 1025 διὰ
1129 998 1236 1026 πολλῶν
1248 999 1295 1025 καὶ
1313 997 1408 1025 δεινῶν
1430 998 1484 1024 τῶν
1504 997 1573 1033 ὑπὲρ
1594 997 1714 1031 Χριστοῦ
1739 997 1864 1033 βασάνων

1072 1044 1117 1070 καὶ
1133 1043 1234 1078 τομῶν,
1257 1043 1306 1078 τῆς
1333 1043 1362 1070 ὲν
1387 1043 1467 1078 σαρκὶ
1494 1043 1544 1078 μὲν
1565 1043 1670 1079 ἐρράγη
1696 1043 1863 1077 παροικίας,

1073 1090 1140 1126 πρὸς
1152 1089 1187 1117 τὰ
1201 1089 1331 1124 ἀγαπητά
1345 1089 1373 1116 δὲ
1387 1089 1454 1116 Θεοῦ
1471 1088 1638 1124 σκηνώματα
1653 1089 1780 1124 μετέστη.

1106 1182 1180 1217 Αὕτη
1193 1182 1282 1209 τοίνυν
1299 1182 1316 1218 ἢ
1334 1181 1540 1217 μεγαλώνυμος,
1556 1182 1574 1216 ὴ
1589 1180 1762 1217 περιώνυμος
1783 1180 1862 1206 Ἀνα-

1071 1228 1181 1259 στασία,
1206 1229 1222 1264 ἡ
1249 1228 1439 1263 πνευματικὴν
1463 1228 1509 1254 καὶ
1531 1227 1669 1262 ἀκήρατον
1689 1227 1863 1261 ἑστιατορίαν

1071 1275 1191 1310 σήμερον
1203 1274 1418 1309 συγκαλουμένη,
1428 1274 1474 1300 καὶ
1484 1271 1527 1300 οἷα
1541 1273 1573 1309 δὴ
1586 1273 1738 1300 πολυτελῶν
1746 1273 1861 1308 ἐδεσμά-

1070 1329 1123 1347 των
1141 1321 1288 1353 ποικιλίαν,
1313 1321 1375 1352 τοὺς
1394 1320 1482 1355 ἱεροὺς
1506 1319 1604 1351 ἄθλους
1627 1319 1794 1354 προτιθεῖσα,
1813 1319 1860 1346 καὶ

1069 1366 1174 1397 τούτοις
1186 1366 1249 1397 τοὺς
1264 1365 1417 1399 πανάγνους
1433 1365 1537 1399 ταύτης
1558 1364 1676 1400 ἐραστὰς
1689 1364 1859 1400 δεξιουμένη.

1071 1411 1172 1446 μυρίας
1186 1410 1347 1446 ἀναπιμπλᾷ
1357 1411 1406 1446 τῆς
1421 1409 1600 1446 εὐφροσύνης,
1613 1409 1659 1437 καὶ
1672 1409 1860 1444 ἀγαλλιάσεως

1069 1458 1144 1489 Θείας
1171 1457 1302 1492 μετόχους
1327 1456 1525 1483 ἀποδείκνυσιν.
1555 1454 1628 1489 Αὕτη
1654 1456 1701 1482 καὶ
1728 1455 1791 1481 νοῦν
1813 1454 1860 1480 τὸν

1067 1503 1215 1538 ἡμέτερον,
1232 1503 1278 1530 καὶ
1290 1503 1369 1536 λόγον
1382 1502 1450 1538 πρὸς
1464 1501 1513 1537 τὴν
1527 1501 1679 1538 ὑπερϐολὴν
1698 1500 1753 1528 τῶν
1772 1501 1859 1535 αὐτῆς

1070 1597 1159 1623 πίστει
1171 1595 1216 1622 τὸν
1226 1595 1289 1621 νοῦν
1303 1603 1309 1611 ·
1325 1594 1393 1630 πρὸς
1407 1594 1536 1630 ἐξήγησιν
1547 1593 1576 1621 δὲ
1586 1594 1641 1620 τῶν
1652 1594 1736 1628 αὐτῆς
1752 1593 1858 1629 θαυμα-

1069 1641 1136 1669 σίων
1148 1641 1193 1668 τδν
1207 1641 1286 1675 λόγον
1300 1641 1442 1676 ἐξεγείρει.

1103 1686 1215 1722 Πρῶτον
1232 1686 1282 1721 μὲν
1296 1685 1344 1713 οὖν
1367 1686 1455 1712 ἐκεῖνο
1478 1686 1581 1717 πάντας
1602 1685 1680 1717 ἀξιῶ,
1707 1684 1808 1720 μηδένα
1825 1685 1857 1711 τὸ

1069 1733 1168 1769 σαθρὸν
1182 1733 1231 1767 τῆς
1247 1732 1355 1768 φύσεως
1372 1733 1439 1768 πρὸς
1456 1733 1506 1768 τὴν
1528 1732 1680 1767 ὑπερϐολὴν
1699 1731 1754 1759 τῶν
1774 1732 1856 1759 κολά-

1068 1787 1137 1806 σεων
1163 1778 1397 1814 παρατιθέμενον,
1421 1778 1618 1805 ἀποκναίεσθαι
1640 1777 1687 1804 τὸν
1708 1777 1786 1808 νοῦν,
1811 1777 1858 1803 καὶ

1066 1824 1192 1859 διψυχίας
1205 1823 1319 1859 κάμνειν
1328 1823 1478 1858 λογισμοῖς,
1491 1823 1529 1855 ὡς
1539 1822 1678 1858 ἀμήχανον
1692 1822 1722 1848 ὃν
1734 1822 1779 1848 καὶ
1794 1830 1856 1855 γεν-

1067 1870 1215 1898 νικώτατον
1226 1870 1320 1904 ἀνδρὸς
1335 1869 1425 1904 σῶμα,
1441 1868 1477 1904 μὴ
1495 1869 1535 1895 ότι
1558 1875 1594 1903 γε
1611 1867 1644 1903 ὀὴ
1666 1867 1732 1902 θῆλυ
1752 1867 1799 1893 καὶ
1811 1875 1857 1893 κο-

1069 1916 1131 1951 μιδῆ
1149 1915 1257 1951 νεαρὺν,
1274 1914 1342 1950 πρὸς
1365 1913 1533 1949 τηλικαύτην
1551 1913 1775 1949 στρεϐλωτηρίων
1796 1911 1858 1947 βίαν

1066 1963 1113 1989 ὲπὶ
1125 1961 1253 1989 τοσοῦτον
1266 1961 1401 1996 ἀντισχεῖν
1413 1968 1420 1976 ι
1433 1960 1464 1986 ού
1476 1959 1530 1995 γὰρ
1544 1959 1630 1995 ἰσχύει
1642 1958 1778 1994 σώματος,
1789 1959 1858 1985 ἀλλὰ

1067 2007 1241 2041 πνεύματος·
1264 2005 1324 2032 οὐδὲ
1355 2005 1461 2039 φύσεως
1487 2004 1657 2040 στερρότητι,
1684 2003 1802 2034 πίστεως
1827 2003 1856 2029 δὲ

1067 2053 1245 2089 κραταιότητι
1260 2051 1330 2087 μετά
1342 2050 1488 2087 μαρτύρων
1500 2051 1516 2085 ἡ
1528 2050 1590 2085 νίκη
1604 2050 1762 2085 καθορᾶται.
1771 2049 1856 2081 Αὐτὸς

1066 2100 1121 2134 γὰρ
1135 2099 1258 2133 ἀοράτως
1272 2099 1286 2124 ὀ
1299 2097 1445 2131 ἀθλοθέτης
1456 2098 1525 2132 μετά
1536 2096 1590 2124 τῶν
1608 2096 1760 2123 ἀθλούντων
1780 2097 1854 2128 γινό-

1067 2153 1148 2180 μενος
1172 2143 1211 2178 τῷ
1237 2142 1382 2177 πνεύματι,
1412 2141 1458 2167 καὶ
1485 2141 1541 2171 τοῖς
1571 2140 1661 2167 αὐτῶν
1687 2140 1795 2175 μέλεσιν
1817 2140 1854 2172 ὡς

1065 2190 1176 2221 οίκείοις
1192 2188 1372 2224 κεχρημένος,
1393 2187 1526 2221 σταθεράν
1545 2195 1575 2213 τε
1593 2186 1639 2213 καὶ
1655 2186 1854 2221 μεγαλότολμον

1065 2237 1114 2273 τὴν
1134 2236 1188 2263 τῶν
1204 2235 1274 2271 ὑπὲρ
1290 2234 1373 2261 αὑτοῦ
1394 2233 1567 2268 πονουμένων
1585 2233 1730 2268 ἐργάζεται
1753 2234 1853 2268 ψυχήν.

1064 2283 1119 2309 Καὶ
1133 2282 1163 2308 τὺ
1180 2280 1327 2308 συναθλοῦν
1339 2279 1367 2306 δὲ
1387 2279 1533 2313 σωμάτιον.
1551 2279 1614 2304 ποτὲ
1641 2278 1691 2312 μὲν
1707 2278 1854 2312 ἀπρόσιτον

1065 2328 1153 2362 πάντη
1173 2327 1233 2358 ταῖς
1256 2325 1402 2361 τιμωρίαις
1428 2323 1618 2350 ἀποδείκνυσι·
1637 2323 1703 2350 ποτὲ
1722 2323 1749 2350 δὲ
1769 2322 1854 2358 μικρὰ

1066 2374 1180 2408 πάσχειν
1194 2371 1295 2403 ἐνδοὺς,
1310 2371 1348 2402 ὠς
1364 2370 1478 2405 τάχιστα
1492 2368 1570 2396 τοῦτο
1589 2369 1736 2403 Θεραπεύει
1754 2377 1784 2395 τε
1806 2368 1853 2395 καὶ

1064 2416 1232 2453 καταρτίζει,
1249 2416 1345 2451 μέχρις
1365 2413 1395 2442 οὗ
1410 2415 1496 2448 δεξιὸν
1513 2415 1599 2450 πέρας
1613 2416 1667 2447 τοῖς
1684 2414 1853 2448 ἀγωνιζομέ-

1064 2473 1119 2496 νοις
1133 2462 1270 2490 ὲπιῆαλεῖν
1284 2462 1386 2492 ἐκεῖνος
1401 2460 1457 2487 δοκι
1461 2461 1582 2495 μάσειεν.
1596 2459 1633 2486 Τὸ
1648 2460 1676 2486 δὲ
1686 2460 1765 2492 ποιεῖ,
1784 2459 1852 2494 ὁμοῦ

1065 2510 1116 2544 μὲν
1136 2508 1225 2543 ἑαυτῷ
1245 2507 1335 2540 δόξαν,
1368 2507 1415 2533 καὶ
1437 2507 1493 2537 τοῖς
1518 2506 1700 2540 αίκιζομένοις
1717 2505 1852 2540 άγιασμδν

1065 2553 1307 2590 περιποιούμενος·
1343 2551 1410 2587 ὁμοῦ
1437 2552 1464 2578 δὲ
1488 2552 1535 2577 καὶ
1564 2551 1699 2586 σωτηρίαν
1726 2551 1851 2582 πολλοῖς·

1064 2598 1250 2635 σωτηρίανδὲ,
1263 2598 1311 2633 τὴν
1324 2599 1355 2624 ὲκ
1370 2597 1496 2629 πίστεως,
1512 2597 1543 2623 οὗ
1558 2598 1612 2628 τοῖς
1624 2597 1683 2624 τότε
1697 2597 1776 2631 μόνον
1789 2597 1853 2628 τοὺς

1062 2646 1170 2680 ἀγῶνας
1183 2645 1292 2680 ὁρῶσιν,
1303 2644 1372 2671 ἀλλά
1387 2644 1432 2670 καὶ
1447 2644 1507 2674 ταῖς
1530 2643 1671 2674 ἐπιούσαις
1692 2642 1849 2678 προμηθού-

1063 2699 1142 2725 pavo;
1161 2691 1278 2724 γενεαῖς.

1065 2814 1231 2841 praegressos
1247 2806 1346 2833 liberos
1363 2804 1486 2840 martyrii
1509 2803 1632 2838 palaestra
1660 2808 1763 2841 secuta.
1779 2803 1846 2829 Sunt

1062 2839 1165 2869 lites-de
1178 2841 1320 2868 Anastasia
1337 2841 1417 2867 vidua
1438 2839 1565 2866 neeurata
1580 2847 1612 2865 ac
1631 2846 1708 2872 pura,
1725 2839 1782 2873 ipsa
1797 2844 1844 2864 ca-

1061 2878 1121 2905 dem
1132 2885 1193 2912 qua:
1208 2877 1235 2904 in
1252 2876 1360 2904 Meumis
1376 2875 1440 2903 etin
1455 2874 1531 2902 Actis
1547 2873 1680 2908 Metaphr.
