2089 3151
173 162 227 196 345

586 163 727 194 ORATIO
746 163 838 194 XVII.
857 177 890 183 -
903 164 943 194 ῘιΝ
960 165 1116 199 LAUDEM
1139 170 1169 201 S.
1187 170 1423 202 ANASTASIIE.

1762 169 1815 202 346

216 217 326 252 Ἐπειδὴ
353 216 444 244 τοίνυν
465 216 542 245 ταῦθ’
567 217 653 249 οὕτως
677 217 750 252 ἔχειν
778 218 868 250 καλῶς
893 220 988 248 om!»

1060 222 1286 260 Quandoquidem
1308 226 1391 262 igitur
1404 226 1460 253 haec
1476 233 1506 253 se
1518 230 1594 253 recte
1608 225 1711 254 habere
1727 227 1816 254 vismn

174 265 287 300 ληπται,
303 263 370 298 φέρε
380 263 412 298 δὴ
423 264 471 290 καὶ
484 264 574 299 ἡμεῖς,
590 264 763 300 κυϐερνήτην
782 266 832 300 μὲν
847 266 974 293 ἐπικαλε-

176 311 289 347 σάμενοι
301 310 349 337 τὸν
360 310 533 345 ἀγωνοθέτην
545 310 663 345 Χριστόν
673 319 681 326 ⁸
699 311 784 346 οὐρίῳ
797 312 825 338 δὲ
839 312 976 347 πνεύματι

175 357 216 392 τῷ
229 355 403 392 Παμκλήτῳ
423 355 600 392 κεχρημένοι,
614 356 654 391 τῷ
679 357 794 391 πελάγει
819 358 852 393 δὴ
876 357 975 393 τούτῳ,

175 402 231 430 τῶν
243 402 292 437 τῆς
311 401 434 436 μεγάλης
455 401 633 433 Ἀναστασίας
650 401 740 428 ἄθλων
763 401 809 428 τὸν
827 402 905 436 λόγον
927 403 973 429 επ-

176 448 301 483 αφῶμεν·
317 448 398 475 τοῦτό
410 456 442 482 γε
457 448 491 474 δι’
506 448 589 483 εὐχῆς
601 448 709 483 ἔχοντες
724 449 813 484 μόνον,
826 449 897 476 ὥστε
913 457 977 476 κατ-

176 495 338 530 ευθυνθῆναι
367 495 417 530 μὲν
437 495 504 530 ἡμῖν
528 494 559 521 τὸ
582 495 686 530 σκάφος
708 494 756 522 τοῦ
778 495 826 522 νοῦ
846 496 915 530 πρὸς
930 495 977 522 τδν

176 541 227 575 τῆς
245 541 375 575 ἀληθείας
393 540 544 572 ἀκινδύνως
566 541 668 577 ὅρμον·
692 541 738 568 τὸν
760 541 934 568 παντοδαπδν
948 542 976 568 δὲ

176 586 231 613 τῶν
243 586 406 621 ἀγωγίμων,
421 587 470 613 εἴτ’
481 583 528 613 οὖν
540 586 659 613 ἐπαίνων
673 587 784 622 φόρτον,
797 585 841 614 οἶα
852 587 884 623 δὴ
897 596 977 622 κεχα-

178 632 294 668 ρισμένα
315 632 390 668 δῶρα
411 632 459 659 καὶ
482 632 558 667 φίλα,
572 634 607 668 τῇ
628 632 870 669 παρθενομάρτυρι
894 642 978 669 προσ-

177 679 312 712 ενεγκεῖν.

215 725 324 757 Ἀλλοις
344 725 394 759 μὲν
413 724 461 751 οὖν
479 724 597 760 πατρίδα
617 725 668 760 τὴν
685 725 809 760 βασιλίδα
827 725 873 752 καὶ
890 733 977 759 μεγα-

164 769 286 796 μλόπολιν
307 768 422 805 αὑχοῦσι
443 769 570 805 Ῥώμην,
594 770 641 796 καὶ
660 770 755 804 γένους
779 770 807 796 δὲ
835 770 890 797 τῶν
910 769 978 804 παρ’

177 817 270 848 αὐτοῖς
283 816 398 852 λαχοῦσι
409 816 548 851 λαμπροῦ,
561 816 665 849 ἔξεστιν
676 817 742 848 ίσως
754 816 976 852 μεγαλοφρονεῖν,

177 863 225 889 καί
238 871 266 889 τι
277 862 359 889 πλέον
374 861 429 889 τῶν
445 862 633 897 ἀγενεστέρων
647 862 720 897 ἔχειν
729 862 817 889 δοκεῖν
828 870 834 877 ·
849 860 891 893 οἷς
901 862 978 889 οὐδὲν

177 909 283 936 οῐκοθεν
299 907 407 944 ἔχουσιν
432 909 472 940 είς
494 908 686 943 εὐδοκίμησιν.
709 908 835 935 ἐντεῦθεν
862 907 973 935 εΰκλειά

177 962 220 986 τις
236 953 432 990 προσγίνεσθαι
447 952 589 988 νομίζεται
600 960 606 967 ·
621 955 655 989 τῇ
669 953 698 980 δὲ
721 953 798 980 οὐδὲν
811 951 888 988 οἶμαι
906 953 977 989 μέγα

184 999 294 1035 Ῥώμης
306 999 459 1034 πεφυκέναι
474 998 598 1033 βλαστὰν,
608 998 692 1026 Οὐδὲν
702 998 770 1034 αὐτῇ
787 998 817 1025 τὸ
831 998 976 1033 ἐπίσημον,

178 1046 204 1072 εί
219 1046 316 1080 γενεᾶς
328 1043 395 1072 οὖσα
408 1044 538 1078 τυγχάνοι
557 1043 724 1079 περιφανοῦς
736 1053 744 1060 ·
760 1043 914 1070 τούναντίον
928 1044 978 1078 μὲν

177 1091 237 1124 οὖν,
263 1090 336 1126 μέγα
359 1091 392 1125 τῇ
421 1090 500 1117 πόλει
521 1090 677 1124 Ῥωμαίων,
697 1089 728 1116 τὸ
757 1089 861 1116 πολῖτιν
884 1089 980 1124 αὐχεῖν

184 1136 374 1165 ’Δναστασίαν.
398 1135 544 1170 Ἐπίσημοι
569 1135 598 1161 δὲ
621 1135 655 1162 δι’
675 1135 770 1170 αὐτὴν,
787 1135 836 1170 οὺχ
863 1135 888 1161 οἱ
909 1134 979 1161 κατά

178 1184 261 1218 σῶμα
274 1183 416 1217 συγγενεῖς
428 1182 509 1217 μόνον
517 1202 524 1214 ,
538 1181 628 1216 πολλῷ
640 1181 669 1208 δὲ
682 1181 763 1207 πλέον
771 1182 796 1207 ot
809 1181 852 1207 διὰ
862 1181 979 1212 πίστεως

177 1230 250 1264 αὐτῇ
274 1228 540 1264 προσοικειούμενοι.
557 1228 619 1260 Πῶς
636 1227 682 1254 οὖν
704 1227 834 1263 πατρίδος
848 1226 864 1262 ἦ
883 1227 979 1260 γένους

179 1276 325 1310 σεμνότητι
350 1274 532 1310 σεμνύνεσθαι
551 1274 672 1309 νομίζειν
692 1274 777 1306 εἰκὸς,
799 1273 848 1309 τὴν
870 1273 979 1305 ἁπάσας

177 1322 234 1349 τῶν
243 1321 347 1348 πιστῶν
360 1320 457 1355 γενεὰς
471 1321 505 1347 δι’
515 1320 670 1356 ὑπερόολὴν
683 1320 826 1356 ἁγιότητος
840 1320 978 1354 ὲξευγενί-

178 1367 279 1399 ζουσαν
291 1375 299 1399 ;
311 1367 407 1398 Οὐδεὶς
421 1366 533 1398 ἔπαινος
551 1367 686 1402 μάρτυσιν
698 1374 704 1381 ·
720 1366 780 1393 οὐῑὲ
793 1366 907 1393 καθόλου
923 1367 979 1397 τοῖς

177 1413 283 1440 ἄνωθεν
292 1421 407 1448 γεγεννη
413 1413 512 1448 μένοις,
526 1413 651 1447 καὶπρὸς
661 1412 776 1448 οὐρανὸν
788 1412 817 1438 τὸ
829 1411 980 1447 πολίτευμα

179 1459 386 1494 μεταθεμένοις,
415 1459 432 1494 ὴ
456 1459 511 1485 τῶν
538 1458 614 1485 κάτω
637 1458 798 1493 λαμπρότης
827 1458 978 1492 συγγενῶν.

178 1505 263 1532 ’Ὅθεν
293 1505 342 1531 καὶ
367 1505 448 1539 ἡμεῖς
470 1504 505 1531 τὰ
533 1504 608 1530 κάτω
632 1503 844 1539 παραλιπόντες,
872 1504 905 1530 ὲκ
926 1503 980 1530 τῶν

178 1551 288 1579 σίκείων
298 1550 555 1586 ἀνδραγαθημάτων
567 1551 600 1586 τῇ
623 1550 741 1585 μάρτυρι
756 1551 819 1582 τοὺς
833 1550 887 1576 τῶν
897 1549 976 1576 ἐπαί-

1032 1561 1243 1592 transtulerunt,

178 1607 233 1624 νων
248 1596 448 1633 ἀναδησώμεθα
465 1597 627 1632 στεφάνους.

220 1735 253 1762 Ἦ
267 1736 316 1771 μὲν
340 1735 387 1762 οὖν
401 1735 430 1768 ἐξ
453 1734 538 1770 ἀρχῆς
553 1735 638 1769 αὑτῆς
660 1734 763 1770 βίωσις,
785 1735 835 1762 εἰτ’
851 1735 896 1762 οὖν
915 1735 979 1762 ἀνα-

181 1783 298 1818 στροφὴ,
311 1782 381 1817 καλή
412 1790 441 1808 τε
463 1781 510 1808 καὶ
528 1781 620 1809 δεξιάσ
645 1782 692 1809 καὶ
713 1782 773 1809 οἵαν
796 1782 868 1814 εἰκὸς
884 1783 980 1810 ἀνατε-

179 1829 312 1864 θράφθαι,
326 1828 376 1864 τὴν
390 1827 457 1862 πρὸς
471 1827 640 1862 τηλικαύτην
660 1829 862 1864 ταμιευομένην
877 1837 980 1864 μαρτυ-

181 1876 254 1911 ρίαν.
274 1873 454 1909 Ἐγκράτειαν
478 1873 528 1909 μὲν
539 1874 593 1909 γὰρ
607 1874 623 1908 ἡ
637 1874 818 1909 πανάμωμος,
830 1875 879 1910 οὐχ
895 1874 981 1902 ὕπνου

182 1922 273 1956 μόνον,
286 1921 346 1947 οὐδὲ
362 1920 515 1956 βρωμάτων
528 1921 575 1947 καὶ
590 1920 740 1956 πομάτων,
755 1921 822 1948 ἀλλὰ
837 1922 883 1948 καὶ
895 1921 981 1956 θυμοῦ

181 1968 284 2000 παντὸς
297 1967 344 1994 καὶ
356 1967 505 2002 ἐπιθυμίας
516 1966 614 2000 ἀλόγου
628 1967 801 2002 κατορθοῦσα
813 1976 820 1982 ·
833 1968 879 1994 καὶ
893 1967 982 2001 γλῶσ-

181 2024 232 2041 σαν
256 2013 420 2049 χαλινοῦ-ια,
447 2013 495 2040 καὶ
525 2014 617 2040 πᾶσαν
644 2013 789 2048 αἴσθησιν,
816 2013 863 2039 καὶ
892 2013 983 2040 πᾶσαν

180 2060 272 2095 ψυχῆς
294 2060 401 2094 κίνησιν
429 2059 646 2093 παιδαγωγοῦσα
673 2059 720 2085 καὶ
746 2058 981 2093 κατακοσμοῦσα·

181 2107 272 2141 ἀενάῳ
293 2107 320 2132 δὲ
348 2107 485 2141 προσευχῇ
507 2106 554 2133 καὶ
583 2107 685 2141 μελέτῃ
713 2106 767 2132 τῶν
789 2105 870 2140 ἱερῶν
888 2105 981 2141 σχολά-

182 2152 270 2184 ζουσαι
286 2152 414 2187 Γραφῶν,
430 2153 522 2187 νεκροῖ
539 2151 588 2187 μὲν
605 2151 639 2178 τά
660 2151 728 2186 μέλη
747 2151 781 2178 τὶι
798 2151 844 2177 ἐπὶ
859 2151 909 2186 τῆς
922 2151 983 2185 γῆς,

182 2199 354 2231 ζωοποιεῖται
368 2198 395 2224 δὲ
408 2198 561 2233 πνεύματιθ
579 2197 685 2229 τούτοις
701 2197 729 2224 δὲ
748 2198 798 2231 τῆς
811 2197 912 2232 ἀρετῆς
928 2198 984 2228 τοῖς

1026 275 1080 303 est,
1095 279 1145 306 age
1159 272 1215 306 jam
1237 279 1288 300 nes
1313 279 1422 308 quoque
1436 272 1596 300 certaminis
1612 272 1726 307 praeside
1738 272 1819 300 Chri-

1027 321 1069 344 sto
1108 317 1291 352 gubernatore
1327 319 1464 349 invocato.
1503 319 1682 353 secundoque
1712 319 1817 354 Spiritu

1027 366 1109 397 atque
1135 362 1226 390 afflatu
1250 363 1392 392 Paracleto
1422 364 1477 396 usi,
1491 363 1556 391 huic
1576 371 1680 399 magna
1697 365 1817 392 Anasta-

1028 408 1075 436 εἴτε
1099 409 1280 436 certaminum
1317 410 1412 444 pelago
1439 417 1593 437 sermonem
1624 409 1816 442 immittamus,

1028 462 1112 481 unum
1135 455 1187 482 hoc
1212 455 1347 483 duntaxat
1362 456 1390 483 in
1405 456 1477 483 votis
1495 455 1638 487 habentes,
1665 461 1694 483 ut
1719 457 1819 484 mentis

1028 504 1129 528 nostra:
1139 501 1239 536 scapha
1251 501 1285 528 ad
1297 502 1419 529 veritatis
1434 507 1542 535 portum
1558 505 1619 528 tuto
1634 502 1777 537 dirigatur,
1792 507 1820 530 et

1029 552 1058 574 ut
1074 548 1164 575 omnis
1177 548 1284 583 generis
1298 548 1430 576 mercium
1453 548 1576 584 (laudum
1594 549 1711 576 scilicetl
1724 553 1819 576 vectu-

1027 600 1086 620 ram
1103 592 1216 628 (quippe
1226 597 1303 629 grata
1326 601 1441 621 munera
1460 593 1627 629 placitaque)
1645 594 1747 630 virgini
1779 599 1819 621 at-

1028 646 1081 674 que
1100 639 1214 674 martyri
1235 638 1397 667 offeramus.

1065 733 1187 769 lieliquis
1197 734 1319 770 quidem.
1339 736 1385 769 qui
1403 735 1498 762 urbem
1517 739 1662 770 augustam
1678 742 1820 771 magnam-

1028 789 1082 815 que
1116 780 1229 808 Romam
1269 781 1386 816 patriam
1419 782 1582 817 glorientur,
1614 783 1716 818 quique
1745 783 1821 810 claro

1029 825 1122 854 Roma:
1135 834 1233 862 genere
1242 827 1296 854 nati
1309 827 1374 858 sint.
1384 827 1466 855 liceat
1479 827 1593 855 forsitan
1610 829 1696 855 altum
1713 836 1820 863 sapere,

1030 878 1112 908 atque
1139 873 1228 907 majus
1244 873 1345 908 aliquid
1363 881 1418 908 pra:
1436 873 1548 909 ignobili
1566 875 1646 910 vulgo
1668 875 1754 902 videri
1773 882 1820 902 na-

1029 924 1089 947 ctos
1104 927 1164 946 esse
1180 927 1186 945 :
1201 920 1302 954 quibus
1320 920 1449 946 nimirum
1463 927 1526 947 cum
1541 929 1555 948 a
1574 928 1603 948 se
1624 921 1693 948 nihil
1712 921 1822 948 virtutis

1029 965 1062 993 ad
1083 966 1235 994 claritatem
1251 966 1380 998 habeant,
1398 967 1489 1002 aliqua
1509 968 1573 995 inde
1587 967 1700 994 claritas
1725 967 1821 994 videa-

1031 1017 1074 1039 tur
1088 1012 1234 1044 aecedere;
1248 1012 1401 1040 Anastasio:
1419 1021 1494 1045 vero,
1512 1013 1580 1040 nihil
1609 1021 1739 1047 magnum
1767 1013 1822 1040 exi-

1030 1059 1112 1087 stimo
1126 1058 1220 1086 Roma:
1237 1067 1347 1093 germen
1361 1059 1458 1088 fuisse.
1476 1059 1548 1087 Nihil
1560 1060 1597 1087 illi
1612 1060 1730 1092 illustre,
1747 1059 1821 1094 quod

1031 1105 1130 1132 illustri
1148 1105 1277 1140 claraque
1292 1110 1352 1132 orta
1376 1106 1506 1141 progenie
1520 1115 1527 1138 ;
1542 1113 1622 1134 secus
1639 1113 1703 1133 vero
1724 1113 1822 1140 magna

1031 1151 1088 1178 haec
1101 1149 1231 1178 Romana:
1259 1151 1378 1179 civitatis
1405 1152 1576 1187 praestantia,
1594 1151 1739 1179 Anastasia
1763 1151 1822 1186 glo-

1030 1197 1096 1224 riari
1112 1197 1181 1225 cive.
1200 1197 1273 1224 Clari
1294 1206 1359 1225 vero
1373 1198 1433 1233 ejus
1455 1198 1554 1233 gratia.
1570 1197 1671 1226 nedum
1695 1198 1821 1233 corporis

1030 1243 1070 1269 illi
1093 1242 1224 1270 afﬁnitate
1239 1243 1391 1278 coniuncti,
1409 1244 1456 1272 sed
1473 1249 1500 1273 et
1529 1245 1609 1279 longe
1629 1245 1728 1280 magis,
1760 1243 1823 1272 fidei

1031 1289 1129 1315 merito
1158 1289 1290 1323 cultuque
1329 1289 1354 1316 ei
1389 1289 1547 1317 necessarii.
1585 1289 1710 1322 Quonam
1741 1289 1824 1324 igitur

1031 1333 1124 1365 modo,
1140 1333 1235 1368 patri-.1:
1249 1334 1307 1361 sive
1323 1335 1433 1370 generis
1455 1335 1581 1362 claritate
1605 1335 1744 1362 liouestari
1761 1334 1824 1370 jure

1032 1380 1153 1415 putanda
1184 1381 1230 1411 sit.
1254 1388 1315 1416 qua:
1338 1381 1494 1409 sanctitatis
1525 1382 1686 1409 excellentia
1708 1386 1822 1409 cunctas

1033 1425 1163 1460 praeclare
1191 1426 1384 1460 generationes
1400 1427 1549 1454 nobilitet?
1563 1425 1673 1453 Nullam
1693 1427 1823 1462 martyri—

1034 1469 1085 1496 bus
1109 1469 1230 1502 laudem,
1262 1477 1313 1496 nec
1343 1477 1456 1504 prorsus
1481 1470 1535 1497 illis
1563 1478 1678 1504 quorum
1708 1477 1722 1497 e
1745 1469 1824 1497 cmlis

1033 1515 1163 1543 nativitas
1179 1519 1231 1548 est,
1246 1522 1279 1543 ac
1295 1516 1341 1550 qui
1361 1524 1441 1543 suum
1464 1515 1662 1552 municipatum
1677 1516 1704 1542 in
1721 1516 1823 1543 cwlum

1287 1565 1459 1588 tcrrenorum
1500 1561 1613 1590 claritas
1645 1566 1823 1596 cognatorum

1031 1607 1158 1634 conferre
1185 1607 1323 1635 censenda
1352 1613 1404 1635 est.
1436 1607 1619 1640 Quamobrem
1647 1608 1697 1643 ipsi
1715 1615 1825 1642 quoqu

1032 1653 1085 1681 illis
1098 1653 1210 1681 ondssis
1225 1660 1286 1688 qua:
1300 1658 1409 1680 terrena
1426 1657 1501 1684 sunt,
1522 1661 1552 1681 ex
1583 1653 1701 1688 propriis
1718 1653 1824 1680 facino-

1032 1700 1107 1727 ribus
1121 1699 1232 1727 laudutn
1248 1707 1365 1728 coronas
1383 1700 1494 1736 martyri
1511 1704 1702 1728 contexatnus.

1066 1745 1135 1772 Vita:
1151 1745 1234 1781 igitur
1259 1754 1274 1772 a
1296 1745 1432 1781 principio
1457 1745 1538 1777 ratio,
1565 1745 1622 1774 sive
1641 1745 1823 1776 conversatio.

1032 1793 1116 1828 proba
1134 1797 1215 1827 atque
1233 1793 1351 1828 ingenua
1366 1793 1412 1820 fuit
1427 1802 1434 1827 ;
1461 1793 1535 1826 quali
1552 1792 1682 1819 nimirum
1713 1792 1824 1820 educari

1032 1839 1223 1870 conveniebat.
1254 1848 1315 1874 qua:
1341 1840 1373 1866 ad
1399 1843 1504 1866 tantum
1530 1839 1653 1874 martyrii
1685 1843 1824 1866 certamen

1034 1889 1199 1913 servaretur.
1218 1885 1421 1912 (lontinentiam
1453 1885 1525 1912 enim
1551 1892 1664 1920 prorsus
1696 1885 1826 1911 immacu-

1034 1931 1100 1962 lata,
1113 1931 1212 1958 nedum
1229 1938 1243 1956 a
1260 1937 1369 1960 somno.
1391 1930 1509 1965 ciboque
1522 1934 1550 1956 et
1565 1935 1629 1964 potu
1643 1933 1761 1961 tantum,
1777 1929 1825 1955 Sl‘d

1034 1977 1061 2000 et
1079 1974 1113 2000 ad
1129 1973 1203 2000 omni
1220 1973 1259 2000 ira
1272 1974 1443 2007 adversaque
1470 1973 1566 2000 rationi
1596 1973 1745 2007 cupiditate
1775 1972 1826 1998 im-

1035 2019 1122 2054 pleus,
1147 2018 1323 2053 linguamque
1359 2018 1480 2050 frenatis,
1508 2025 1674 2052 omnemque
1700 2025 1824 2049 sensum,

1035 2067 1118 2097 atque
1133 2063 1215 2089 animi
1228 2067 1330 2088 motum
1340 2070 1448 2089 omnem
1459 2062 1595 2096 castigans
1607 2069 1824 2097 peroruansque,

1034 2108 1092 2143 jugi
1112 2107 1229 2142 denique
1244 2107 1360 2135 orationi
1393 2115 1591 2142 sacrarumque
1620 2108 1825 2143 Scripturarum

1038 2152 1208 2180 meditationi
1225 2161 1336 2184 vacans,
1354 2153 1475 2180 membra
1493 2161 1552 2188 qua:
1581 2158 1646 2179 sunt
1676 2161 1758 2188 super
1772 2157 1826 2179 lcr-

1039 2203 1093 2225 tatn
1119 2197 1314 2230 munificat“,
1346 2197 1554 2233 vivificalurque
1583 2198 1707 2233 spiritu:
1743 2204 1827 2233 atque

180 2246 275 2275 ὅπλοις
291 2245 512 2280 κατοχυρωθεῖσα
524 2253 530 2259 ·
551 2244 652 2280 μᾶλλον
675 2244 703 2270 δὲ
722 2244 839 2279 Χριστὸν
853 2244 914 2270 ὅλον
938 2244 983 2270 διὰ

1037 2243 1113 2271 hisce
1126 2243 1236 2270 virtutis
1253 2243 1338 2270 armis
1354 2243 1521 2269 communita
1535 2251 1542 2270 :
1560 2251 1608 2270 seu
1624 2243 1716 2277 potius
1740 2247 1825 2269 totum

180 2292 237 2319 τῶν
251 2291 368 2327 ἀρετῶν,
381 2291 418 2323 ὼς
444 2290 558 2328 θώρακα
575 2289 761 2324 δικαιοσύνης,
777 2290 815 2321 ὡς
832 2298 982 2324 περικεφα-

180 2337 263 2364 λαίαν
291 2337 443 2372 σωτηρίου,
468 2337 506 2368 ib;
535 2336 673 2371 μάχαιραν
701 2335 830 2369 δίστομον
852 2335 983 2362 καθοπλι-

183 2381 280 2408 σθείσα
290 2389 298 2397 ⁶
311 2382 405 2417 ἐπειδὴ
424 2382 492 2417 πρὸς
506 2381 677 2415 τελειοτέραν
696 2378 763 2416 ἦκεν
779 2379 899 2415 ἡλικίαν,
914 2379 983 2416 πρὸς

184 2427 365 2463 ἰσχυροτέραν
389 2428 478 2463 πάλην
499 2427 547 2454 τοῦ
570 2427 717 2461 δράκοντος
734 2446 740 2458 ,
767 2425 815 2452 τοῦ
846 2426 984 2453 θάλασσαν

186 2473 352 2511 gemma-nep
364 2473 550 2507 ὲξάλειπτρον.
564 2473 635 2499 κατὰ
644 2473 689 2499 τὸν
709 2472 780 2505 Ἰὼϐ,
795 2472 982 2507 ἡγησαμένου·

184 2520 225 2551 εἰς
240 2520 392 2555 περίπατον
407 2520 434 2546 δὲ
450 2520 500 2554 τὴν
518 2520 637 2547 ἀῦυσσον
656 2519 854 2553 λογισαμένου·
874 2518 921 2544 τοῦ
945 2517 985 2544 σί-

183 2565 267 2601 δηρον
287 2566 347 2600 μὲν,
366 2566 473 2601 ἄχυρα·
497 2566 596 2601 χαλκὸν
617 2565 657 2597 δὲ,
675 2566 712 2596 ὡς
733 2565 811 2598 ξύλον
829 2564 929 2599 σαθρὸν
941 2573 982 2590 νο-

186 2611 323 2646 μίζοντος.
338 2612 417 2639 Κατὰ
431 2611 526 2638 τούτου
550 2613 640 2644 νεᾶνις
662 2611 754 2646 ἁπαλὴ
774 2611 819 2637 καὶ
836 2611 985 2646 ἀπειρόγα-

186 2665 248 2690 μος,
267 2656 372 2691 σφόδρα
390 2656 602 2692 κατευμεγεθεῖν
624 2656 802 2684 νεανιεύεται.
825 2656 853 2682 Ὀ
868 2655 907 2687 δὲ.
924 2656 985 2687 ταῖς

185 2701 240 2729 ἀπὸ
257 2702 312 2729 τῶν
328 2701 467 2736 λογισμῶν
486 2702 519 2729 ὲκ
535 2702 660 2736 νεότητος
680 2701 771 2729 ἀκίσιν
793 2701 983 2735 ἑναλλόμενος,

185 2747 233 2773 καὶ
247 2747 378 2780 ποικίλως
394 2750 453 2780 ταῖς
468 2748 671 2775 ὲπαναστάσεσι
695 2748 740 2775 διὰ
761 2748 814 2774 τῶν
835 2747 928 2774 παθῶν
941 2748 988 2784 ὲῤ-

187 2792 281 2828 ραγείς
291 2800 300 2808 ⁸
314 2793 376 2820 ἐπεὶ
389 2794 428 2829 μὴ
439 2791 492 2825 οἷός
504 2802 534 2820 τε
551 2794 718 2829 γέγονεντῆς
731 2795 814 2829 κόρης
832 2802 986 2830 καταστρα-

224 2882 247 2897 ⁸⁷
263 2881 370 2909 Coloss.
389 2889 429 2914 m,
448 2883 474 2910 5.
512 2883 534 2899 ⁸⁸
548 2882 649 2920 Ephes.
665 2891 703 2916 vt,
724 2884 767 2911 li.

805 2884 826 2900 3"
837 2883 888 2912 Job
905 2891 960 2916 xu,
978 2884 1020 2911 18.

1036 2289 1177 2316 Christum
1193 2290 1324 2316 virtutmn
1338 2289 1425 2321 cultu,
1447 2289 1520 2316 velut
1532 2289 1644 2316 loricam
1661 2290 1775 2323 justitim
1791 2289 1825 2321 ⁸⁸,

1037 2337 1111 2362 velut
1126 2335 1255 2363 salutaris
1270 2335 1386 2370 galeam,
1408 2336 1483 2362 velut
1512 2335 1632 2369 gladium
1664 2335 1827 2369 ancipitem,

1037 2389 1112 2409 arma
1137 2385 1234 2414 nacta;
1252 2381 1296 2408 ubi
1308 2380 1363 2414 jam
1380 2381 1412 2408 ad
1429 2380 1620 2416 perfectiorcm
1644 2385 1749 2408 :etatem
1765 2389 1827 2415 per-

1037 2432 1159 2459 venerat,
1185 2427 1218 2454 ad
1250 2427 1389 2454 fortiorem
1406 2428 1537 2455 draconis
1564 2428 1665 2454 luctam
1690 2426 1760 2462 (ejus
1774 2427 1827 2454 sei-

1034 2475 1109 2505 lii-et,
1135 2475 1181 2509 qui
1206 2479 1318 2502 auctore
1342 2473 1422 2504 Jobo.
1453 2482 1530 2502 mare
1561 2479 1670 2509 reputat
1710 2477 1741 2501 ut
1778 2481 1828 2501 vas

1034 2519 1243 2554 unguentariutu
1257 2518 1290 2551 κ’,
1311 2518 1496 2554 abyssumque
1518 2519 1598 2546 habet
1618 2519 1644 2545 in
1662 2518 1823 2546 deambula-

1034 2566 1133 2592 torium
1149 2573 1157 2597 ;
1180 2569 1263 2598 atque
1284 2565 1385 2591 ferrum
1402 2565 1495 2600 paleas
1511 2565 1639 2594 aestimat.
1657 2572 1749 2600 tesque
1765 2568 1827 2590 tan—

1034 2619 1116 2646 quam
1131 2611 1227 2646 fragile
1243 2612 1368 2646 lignum)
1384 2611 1517 2639 adversus
1539 2611 1612 2639 bttuc
1633 2616 1726 2639 tenera
1745 2611 1828 2636 innu-

1036 2662 1137 2692 ptaque
1165 2657 1253 2689 puella
1287 2657 1358 2685 vires
1386 2658 1505 2692 experiri
1533 2658 1695 2692 fortiterque
1721 2655 1826 2684 conniti

1036 2702 1127 2730 audet.
1144 2702 1192 2729 ille
1205 2709 1290 2737 porro
1313 2702 1511 2738 cogitationum
1530 2711 1544 2730 a
1561 2703 1704 2737 juventute
1723 2700 1826 2727 aculeis

1037 2750 1164 2780 irruens,
1193 2749 1321 2783 varieque
1346 2749 1586 2784 perturbationum
1617 2745 1826 2781 insurgentibus

1039 2795 1159 2823 motibus
1171 2794 1285 2830 pulsans
1294 2799 1321 2823 et
1342 2795 1522 2832 congrediens
1535 2815 1542 2828 ,
1558 2793 1629 2830 quod
1646 2792 1764 2828 puellam
1778 2798 1827 2821 ex-
