2089 3151
227 197 279 231 349

629 194 769 225 ORATIO
789 194 871 224 XVII
896 205 929 210 --
947 192 986 222 IN
1009 191 1165 220 LAUDEM
1187 192 1216 220 ἓ.
1238 191 1468 221 ANASTASI/E.

1798 192 1852 224 350
1866 191 1868 195 ’

230 262 285 280 ται.
302 251 385 278 Ταῦτ’
398 251 445 278 οὖν
469 250 607 285 ἀκηκοότα
626 249 740 285 Πρόόον,
754 249 861 283 ἀσχέτῳ
878 248 928 282 μὲν
942 246 1013 274 ἀλῶ-

1068 249 1208 280 rorrrptus
1225 245 1274 278 ira,
1290 245 1387 272 acerbo
1402 247 1530 272 mamlato
1544 246 1658 280 pliellum
1678 254 1739 274 [nox
1752 247 1851 275 adduci

230 308 274 325 ναι
288 297 446 332 παραυτίκα
475 296 570 331 θυμῷ·
591 295 682 331 πικρῷ
703 295 731 322 δὲ
755 294 947 330 προστάγματι
967 293 1017 328 τὴν

231 344 316 380 κόρην
328 343 410 375 εὐθὺς
423 342 538 376 ἄγεσθαι
554 342 691 369 κελεῦσαι.

268 400 371 427 Αὐτίκα
391 401 483 426 τοίνυν
496 399 545 434 τὴν
562 397 728 433 παρθενικὴν
744 397 845 428 ἑστίαν,
863 394 904 428 οἷς
926 396 1018 422 ἐπιτέ-

231 453 346 480 τραπτο,
368 444 574 479 κατειληφότες,
597 441 692 475 πέλυξί
712 450 742 468 τε
759 441 805 468 καὶ
830 439 1017 475 λαξευτηρὶοις

231 490 282 522 τὰς
311 489 395 524 θύρας
420 487 642 524 καταρῤἀεαντές
668 496 698 514 τε
722 488 769 514 καὶ
789 486 1016 516 ἐπεισπεσόντες·

233 535 326 570 ἐπειδὴ
356 535 441 570 μόνην
463 533 639 567 ἐξεκαλοῦντο
665 533 715 568 τὴν
747 532 946 560 ’Λναστασῑανο
969 531 1018 566 τὴν

234 581 310 616 ἱερὰν
343 581 444 614 Σοφίαν
476 579 588 611 τούτους
615 578 808 615 παραιτεῖσθαι
834 578 931 613 μικρὸν
955 577 1017 603 ἑπι-

235 628 321 662 σχεῖν,
337 627 385 653 καὶ
400 626 448 661 τὴν
461 625 630 661 ζητουμένην
642 625 744 656 εὐθέως
757 624 917 659 παρασχεῖν.
926 624 1018 649 Κατα-

233 672 387 707 λαΰομὲνην
405 671 434 698 δὲ
457 671 508 706 τῆς
533 671 637 702 παιδὸς.
655 670 702 696 καὶ
730 671 758 696 ὲν
781 668 934 703 aucupo-etp
954 675 1018 694 κατ·

233 719 322 745 ἐναντι
332 718 379 745 τοῦ
395 717 589 752 θυσιαστηρίου
608 717 728 747 στᾶσαν.
745 715 857 743 τοιοῖσδε
878 714 946 748 πρὸς
969 714 1019 740 αὑ-

232 764 281 800 τὴν
297 765 400 800 ῥήμασι
416 763 579 798 κεχρῆσθαι·

272 820 343 854 Ἐγὼ
353 820 422 854 μὲν,
437 817 467 853 ὦ,
476 819 646 854 θυγατέρων
665 818 728 853 ἐμοὶ
740 819 890 852 καλλίστη
907 818 955 844 καὶ
967 826 1019 844 πο-

232 865 398 899 θεινοτάτη,
422 865 478 899 τῆς
492 864 590 898 καλῆς
606 864 788 899 ἀνατροφῆς,
809 864 857 890 καὶ
877 863 930 896 τῆς
945 864 1019 890 κατὰ

1067 291 1156 326 jubet.

1104 404 1253 433 Confestim
1273 404 1365 440 igitur,
1382 404 1483 440 quibus
1496 405 1658 440 imperatum
1672 411 1730 433 erat.
1746 407 1779 434 ad
1792 406 1850 434 vir-

1068 452 1139 487 ginis
1153 453 1224 478 aedes
1241 452 1390 481 venientes.
1411 451 1610 486 securibusque
1630 456 1658 478 et
1680 452 1764 480 asciis
1780 451 1854 481 fores

1069 502 1275 532 perrumpentes
1292 503 1323 523 ac
1345 496 1538 530 irrumpentes,
1565 496 1638 530 quod
1657 497 1744 524 solam
1755 505 1851 525 evoca-

1069 545 1134 571 bant
1145 543 1327 575 Anastasiam,
1340 542 1504 577 deprecatur
1517 549 1595 569 sacra
1606 542 1708 578 Sophia
1721 544 1854 578 tanlisper

1069 589 1233 620 subsistere,
1242 595 1359 622 moxque
1371 587 1553 614 exliibituram
1563 595 1642 622 qnam
1659 588 1696 614 illi
1710 593 1845 623 quierant.

1069 636 1217 669 Assuntpla
1233 641 1297 661 vero
1313 634 1412 669 puella,
1433 640 1514 670 atque
1530 636 1556 663 in
1572 636 1679 664 Occulto
1693 640 1756 664 ante
1768 636 1854 664 altare

1069 679 1229 712 constituta,
1245 679 1413 713 ejuscemodi
1430 680 1463 706 ad
1477 680 1550 707 illam
1568 681 1658 708 verbis
1672 689 1720 708 usa
1735 686 1778 709 est
1793 689 1800 708 :

1106 828 1161 863 Ego
1173 828 1288 863 quidem,
1313 836 1327 854 ο
1345 827 1462 862 filiarum
1479 828 1544 854 mihi
1565 828 1742 862 pulcherrima
1752 837 1783 855 ac
1804 829 1850 856 de-

1070 873 1275 904 sideratissima.
1299 873 1387 907 proba:
1408 873 1571 900 educationis
1584 881 1614 900 ac
1631 873 1784 901 Christiano
1799 875 1854 901 ritu

231 911 360 945 Χριστὸν
382 910 501 946 ἀγωγῆς
513 911 571 944 τὴν
584 911 767 946 ἐπιμέλειαν,
782 911 822 943 ὡς
839 910 888 937 οἵα
915 918 946 936 τε
968 908 1018 943 ἦν,

1069 919 1246 946 institutionis
1272 927 1364 945 curam
1388 918 1475 953 quoad
1495 918 1568 945 licuit
1584 927 1629 952 per
1644 919 1811 953 facultatem.
1828 920 1855 946 in

230 959 274 990 εις
289 957 353 991 σὴν
378 957 579 991 ἐπεδειξάμην
593 956 690 991 χάριν.
708 955 821 983 Λοιπὸν
850 957 893 988 είς
908 955 1017 990 μέτρον

229 1004 352 1037 ἡλικίας
370 1003 425 1031 τοῦ
440 1004 636 1038 πληρώματος
645 1002 861 1036 καταντήσασα
876 1000 1016 1036 Χριστοῦ,

230 1050 311 1077 ἄπιθι
323 1049 398 1084 μετὰ
410 1049 505 1084 χαρᾶς
519 1049 593 1083 πρὸς
605 1049 707 1076 αὐτόν.
727 1048 811 1080 Αὐτῷ
831 1048 1019 1083 νυμφεύομαι

231 1103 268 1122 σε
288 1095 511 1128 μυστικώτερον
527 1094 662 1129 σήμερον
684 1093 732 1120 καὶ
749 1094 942 1127 τελειότερον,
960 1093 1017 1127 τὴν

229 1141 265 1167 ἐκ
278 1140 414 1175 βρέφους
428 1139 508 1172 αὐτῷ
521 1140 781 1174 καθηρμοσμένην.
805 1138 890 1171 Αὐτῷ
907 1147 943 1166 σε
959 1139 1018 1166 νῦν

230 1185 414 1220 ,παραδίδωμι
431 1186 667 1221 φιλοτιμότερον.
691 1185 769 1219 Πρὸς
796 1185 850 1212 τὸν
876 1184 1018 1219 οὐράνιον

231 1232 326 1264 τούτῳ
340 1231 545 1259 συνανά6αινε
560 1230 716 1266 νυμφῶνα.

252 1317 257 1319 Α
273 1288 363 1321 Ἰδοὺ,
374 1286 397 1315 ὦ
406 1288 553 1323 φίλτατον
565 1287 628 1322 ἐμοὶ
643 1287 759 1319 τέκνον,
769 1289 786 1315 ό
799 1288 928 1322 νυμφίος
943 1287 1017 1322 πάρ-

230 1341 316 1361 εστιν
323 1333 457 1368 ἀρρήτως
468 1333 579 1361 καλῶν.
593 1333 621 1360 '0
634 1333 760 1368 νυμφὼν
769 1332 924 1367 εὐτρεπής·
936 1334 953 1360 ό
964 1341 1016 1359 κα-

229 1378 294 1406 λῶν
302 1379 449 1414 ἀψευδής.
459 1379 680 1413 Νῦνήβασιλὶς
689 1379 737 1406 και
747 1379 834 1413 κυρία
843 1379 892 1405 καὶ
901 1380 1014 1413 θεογεν-

229 1425 345 1460 νήτρια,
354 1425 467 1459 νοητῶς
474 1424 722 1459 προπορευθεῒσα,
731 1425 806 1458 πρὸς
814 1424 867 1451 τὸν
872 1424 933 1451 ἅνω
941 1424 1017 1451 ναὸν

229 1470 404 1503 πνεισάξει
418 1478 454 1498 σε
468 1470 521 1497 τοῦ
533 1470 696 1503 βασιλέως.
708 1470 773 1497 Νῦν
781 1470 950 1497 ἀπόστολοι
963 1470 1013 1496 καὶ

227 1516 387 1551 μάρτυρες,
406 1517 480 1551 πρὸς
494 1517 528 1544 τὸ
546 1516 598 1543 τοῦ
608 1516 774 1551 μαρτυρίου
794 1516 920 1542 στάδιον
940 1516 1015 1543 ἀπο-

228 1562 379 1596 δυομένην
387 1561 582 1596 καθορῶντες,
598 1562 672 1596 ὑπὲρ
684 1561 742 1589 σοῦ
754 1562 806 1589 τὸν
816 1562 924 1597 Κύριον
934 1561 1015 1589 ἐκλι-

228 1608 390 1641 ιαροῦσιν,
413 1607 462 1634 καὶ
476 1607 525 1634 ἐπὶ
541 1607 579 1642 τῇ
603 1607 647 1641 σῇ
676 1607 867 1641 σταθερότητι
887 1606 1017 1640 προσδο-

229 1652 324 1680 κῶσιν
335 1653 587 1688 ἁῃηαλλιασθῆναι.
603 1653 669 1681 Νῦν
681 1653 802 1688 ἄγγελοι
817 1653 1015 1686 σπεύδουσιν,

227 1698 442 1732 ἀναϐαίνοντες
456 1699 505 1726 ἐπὶ
525 1699 562 1726 σὲ
574 1699 625 1727 καὶ
637 1699 881 1732 καταϐαίνοντες·
901 1699 952 1725 καὶ
969 1708 1017 1734 φι-

228 1744 435 1778 λοφροσύναις
463 1744 626 1778 λαμπραῖς,
646 1744 687 1777 ὡς
721 1744 850 1779 Χριστοῦ
883 1744 1016 1780 νύμφην,

228 1789 400 1822 δεξιοῦσθαι
418 1781 654 1825 κατεπείγονται.

267 1845 374 1872 Τοίνυν
384 1845 487 1877 ,βάδιζε
505 1845 564 1879 τὴν
580 1845 782 1879 τεθλιμμένην
802 1844 876 1872 ὁδὸν
900 1845 947 1872 καί
961 1844 1018 1878 τὴν

229 1891 352 1924 στενήν·
369 1891 522 1926 κρούουσα
547 1891 590 1926 μὴ
619 1891 713 1924 ἐνδῷς
743 1892 854 1926 πύλην,
877 1891 962 1925 ἄχρις
981 1889 1018 1919 οὕ

230 1937 438 1972 προσπεχθῇς
453 1937 490 1971 τῇ
515 1937 580 1971 ζωῇ.
611 1938 710 1972 Νόμος
734 1935 823 1970 οὗτός
855 1937 940 1964 ἐστιν
964 1937 1018 1972 τῆς

230 1984 404 2018 μαρτυρίας,
426 1983 469 2018 μὴ
491 1983 646 2018 φείδεσθαι
667 1983 782 2018 ψυχῆς,
799 1983 843 2017 μὴ
863 1984 1018 2018 φείδεσθαι

230 2028 378 2064 σώματος.
410 2029 520 2063 ὀμόσε
547 2029 610 2062 τοῖς
643 2029 780 2061 διώκταις
806 2029 927 2063 χωρεῖν·
947 2029 1019 2062 τοὺς

231 2073 319 2107 θεοὺς
345 2074 445 2101 αὐτῶν
464 2074 644 2106 ἐξουθενεῖν·
659 2075 755 2109 μόνον
772 2075 900 2108 Χριστὸν
913 2076 1019 2108 ὁμο-λοι

230 2119 306 2153 τεῖν-
321 2120 422 2153 χαλὴν
436 2120 549 2153 ταύτην
568 2120 668 2154 μόνην
691 2120 848 2147 ἀναίδειαν
869 2120 1018 2154 ἡγεῖσθαι,

230 2167 307 2201 ὑπὲρ
329 2167 458 2201 Χριστοῦ
485 2167 684 2202 γυμνοῦσθαι,
705 2168 940 2202 κατατέμνεσθαι
969 2168 1020 2195 καὶ

231 2213 444 2240 θανατοῦσθαι.
461 2213 628 2246 Μνήσθητι,
654 2213 780 2247 θύγατερ
802 2213 870 2246 ἐμὴ,
893 2214 942 2241 καὶ
957 2213 1018 2245 ῖδε.

230 2259 281 2285 καὶ
299 2258 404 2293 ῖγνῶθι.
425 2258 469 2286 ὅτι
483 2259 601 2287 δίκαιον
623 2260 659 2286 οὐ
674 2259 780 2286 παθεῖν
799 2260 874 2292 ὑπὲρ
892 2259 1021 2293 Χριστοῦ

228 2304 334 2339 μόνον,
364 2305 446 2332 ἀλλὰ
468 2305 517 2331 καὶ
546 2305 696 2337 πολλάκις
718 2305 891 2333 ἀποθανεῖν.
912 2306 946 2332 El
966 2305 1021 2340 γὰρ

230 2349 345 2383 ἐκεῖνος
372 2349 448 2384 ὑπὲρ
475 2350 571 2384 ἡμῶν,
590 2350 639 2376 καὶ
655 2350 684 2376 τί
694 2349 771 2384 μέγα
792 2349 890 2381 δούλῳ
914 2350 950 2377 τὰ
968 2350 1022 2376 Ζσα

230 2395 271 2427 τῷ
288 2396 424 2429 Asander;
441 2395 565 2427 rmo'air;
586 2395 678 2423 Τοῦτο
697 2395 747 2422 καὶ
765 2395 1022 2422 λυσιτελέστατον

231 2440 271 2468 ἂν
293 2441 357 2474 ειη,
369 2440 479 2476 μικρᾶς
499 2441 587 2473 ἀνίας
608 2441 728 2468 αἰώνιον
747 2441 931 2474 ἁγαλλίασιν
942 2439 1020 2474 ὠνή-

231 2487 354 2513 σασθαι·
371 2486 420 2513 καὶ
438 2487 585 2520 βραχείας
602 2486 723 2519 ὀδύνης.
739 2487 934 2520 εὐφροσύνην
948 2486 1018 2513 ἀέν-

231 2539 307 2558 ναον
330 2533 565 2566 καρπώσασθαι’
588 2532 636 2559 καὶ
659 2532 846 2565 πρόσκαιρον
870 2531 1017 2564 θάνατον,

231 2576 307 2611 ζωῆς
330 2577 373 2611 μὴ
396 2578 553 2612 ληγούσης
575 2577 832 2609 ἀνταλλάξασθαι.
858 2577 949 2604 Τοῦτό
975 2586 1020 2604 τοι

232 2623 281 2649 καὶ
303 2622 410 2656 ῥᾴδιον
425 2623 527 2656 ἔσται,
551 2622 589 2657 τῇ
610 2623 709 2650 πίστει
734 2624 932 2657 aptatur-031cm
954 2624 1020 2657 Χρι-

233 2667 318 2694 στοῦ.
337 2667 484 2702 Παρέσται
507 2675 557 2694 σοι
571 2666 716 2700 Χριστὸς,
733 2664 757 2694 ὦ
774 2667 901 2702 φιλτάτη
913 2675 921 2684 ’
945 2675 1020 2701 παρο

232 2713 318 2740 ἐσται
338 2713 486 2748 κουφίζων
498 2715 549 2746 τὰς
565 2713 676 2747 ὀδύνας
694 2712 754 2739 τῶν
768 2713 924 2747 αἰκισμῶν.
937 2713 970 2739 Εἰ
987 2713 1021 2740 δὲ

233 2760 283 2787 καὶ
303 2760 412 2794 μικρὸν
427 2759 593 2787 ὀδυνᾶσθαι
608 2759 844 2795 συγχωρήσειεν,
863 2758 940 2785 ὥστε
960 2768 1018 2786 σου

232 2805 266 2832 τὸ
281 2805 405 2841 δόκιμον
429 2807 480 2841 τῆς
503 2809 631 2840 πίστεως
646 2805 887 2840 κατεργάσασθαι
908 2808 1021 2838 ὑπομο-

288 2895 310 2909 ¹¹
324 2893 425 2929 Eplies.
438 2903 474 2928 Iv,
494 2895 533 2922 13.

1069 965 1109 990 tui
1123 965 1236 999 gratiam
1249 963 1366 991 exhibui.
1382 963 1454 996 Jam,
1478 972 1535 998 qua:
1550 964 1583 990 ad
1598 972 1748 991 mensuram
1767 966 1855 992 a'tatis

1067 1010 1181 1037 evaseris
1192 1009 1364 1043 plenitudinis
1377 1009 1477 1036 Christi
1487 1009 1520 1040 ",
1529 1009 1593 1036 vade
1603 1009 1700 1044 gaudio
1710 1009 1744 1036 ad
1755 1012 1852 1043 ipsum.

1068 1055 1116 1082 Illi
1130 1060 1153 1082 te
1166 1055 1243 1082 hodie
1258 1055 1391 1081 sacratius
1407 1055 1598 1089 perfectiusque
1618 1063 1744 1089 sponsam
1765 1056 1854 1088 trado,

1067 1100 1170 1135 qute~ab
1187 1100 1302 1133 infantia
1316 1100 1341 1126 ei
1356 1099 1515 1133 desponsata
1529 1101 1576 1127 sis.
1592 1100 1638 1127 Illi
1654 1106 1677 1127 te
1689 1110 1758 1128 nunc
1770 1101 1856 1128 ambi-

1068 1146 1162 1172 tiosius
1179 1146 1259 1180 offero
1275 1155 1285 1179 ;
1303 1146 1330 1172 in
1349 1145 1478 1173 cwlestem
1493 1146 1534 1173 illi
1548 1155 1634 1174 comes
1651 1147 1798 1174 thalamum
1811 1156 1855 1174 as-

1067 1193 1182 1219 cendito.

1104 1292 1181 1325 Ecce,
1197 1293 1254 1327 ﬁlia
1267 1293 1330 1319 mihi
1344 1293 1515 1326 charissima,
1530 1294 1605 1321 adest
1623 1294 1740 1328 Sponsus
1757 1299 1855 1321 secreto

1066 1346 1172 1364 vocans.
1199 1338 1314 1366 Paratus
1330 1339 1464 1367 thalamus
1477 1345 1536 1367 est:
1558 1339 1609 1372 Qui
1623 1345 1698 1366 vocat
1714 1347 1794 1366 verax
1805 1345 1856 1368 est.

1072 1384 1151 1410 Nunc
1166 1383 1262 1419 Regina
1278 1384 1441 1420 Dominaque
1453 1394 1484 1412 ac
1499 1385 1546 1412 Dei
1559 1393 1686 1420 puerpera
1699 1385 1857 1420 spiritaliter

1071 1430 1195 1463 prwiens,
1219 1430 1254 1456 ad
1267 1438 1391 1464 superum
1409 1436 1433 1457 te
1455 1430 1533 1464 Regis
1555 1432 1677 1465 templum
1699 1431 1854 1458 introducit.
1907 1441 1910 1444 ’

1069 1474 1148 1503 Nunc
1168 1477 1281 1509 apostoli
1295 1481 1373 1512 atque
1388 1482 1518 1512 martyres
1539 1478 1600 1504 exui
1614 1477 1804 1510 conspicientes
1821 1476 1856 1503 ad

1069 1522 1193 1556 martyrii
1212 1521 1347 1554 stadium,
1374 1522 1486 1550 Domino
1505 1531 1553 1557 pro
1572 1527 1596 1549 te
1618 1523 1779 1556 supplicant,
1800 1530 1857 1556 spe-

1067 1571 1177 1602 rnitque
1195 1567 1252 1602 fore
1267 1573 1296 1594 ut
1319 1569 1350 1595 de
1373 1573 1418 1595 tua
1441 1569 1594 1596 constantia
1605 1569 1747 1596 exsultent.
1774 1567 1855 1595 Nunc

1069 1613 1155 1647 angeli
1172 1618 1324 1647 prorerant,
1340 1613 1507 1641 ascendentes
1522 1623 1603 1647 supra
1620 1619 1643 1642 te
1660 1621 1683 1642 et
1699 1615 1858 1641 descenden-

1068 1663 1106 1685 tes
1120 1658 1153 1691 “,
1171 1659 1304 1694 clarisque
1321 1659 1413 1694 gaudii
1427 1653 1668 1694 signiﬁcationibus
1680 1681 1687 1692 ,
1706 1665 1734 1686 ut
1753 1659 1855 1688 Christi

1067 1713 1202 1739 sponsam,
1224 1706 1342 1740 accipere
1359 1706 1498 1741 festinant.

1104 1848 1200 1876 Incede
1225 1849 1309 1884 igitur
1332 1854 1535 1884 coangustatam
1556 1854 1708 1886 arctainque
1732 1851 1856 1884 viam”,

1068 1895 1178 1927 pulsans
1192 1915 1200 1927 ,
1222 1895 1297 1921 nulla
1313 1895 1477 1928 remissione,
1496 1896 1624 1930 januam,
1641 1896 1723 1923 donec
1743 1904 1859 1930 praesens

1068 1942 1129 1968 uiue
1152 1941 1268 1968 sistaris.
1289 1941 1416 1976 Μαι-λυτίί
1433 1950 1463 1968 ea
1481 1942 1523 1968 lea:
1536 1946 1594 1974 est,
1622 1947 1650 1968 ut
1665 1950 1716 1969 non
1732 1948 1859 1975 parcatur

1069 1987 1176 2018 animae,
1201 1994 1246 2013 nec
1268 1986 1373 2020 corpori
1395 1992 1532 2020 parcatur.
1561 1986 1627 2013 Cum
1647 1988 1859 2019 persecutoribus

1068 2032 1174 2066 illisque
1194 2031 1301 2058 comites
1321 2031 1482 2065 persistere:
1505 2030 1611 2057 illorum
1631 2031 1692 2058 deos
1714 2039 1857 2065 spernere;

1069 2076 1154 2103 solum
1175 2076 1309 2103 Christum
1336 2076 1476 2110 conﬁteri;
1501 2083 1583 2101 unam
1607 2075 1674 2101 hanc
1697 2075 1855 2108 prwclaram

1069 2122 1261 2157 impudentiam
1274 2121 1379 2154 ducere,
1397 2129 1443 2155 pro
1461 2120 1565 2148 Christo
1585 2120 1693 2153 nudari,
1707 2121 1856 2153 conscindi,

1070 2168 1125 2194 neci
1136 2167 1206 2193 dari.
1222 2166 1361 2200 Memento,
1380 2166 1438 2201 ﬁlia
1455 2175 1523 2199 mea,
1541 2171 1566 2194 et
1591 2167 1658 2198 vide,
1683 2171 1708 2193 et
1727 2167 1801 2198 scito,
1813 2167 1859 2201 ju-

1071 2219 1141 2240 stum
1164 2221 1220 2240 esse
1242 2212 1352 2239 necdum
1374 2213 1431 2247 pati
1453 2220 1501 2246 pro
1518 2211 1634 2244 Christo,
1652 2212 1697 2238 sed
1715 2218 1738 2239 et
1761 2213 1859 2246 sa’pius

1037 2253 1058 2280 1)
1073 2259 1150 2286 mori.
1169 2257 1241 2285 Nam
1253 2260 1275 2285 si
1293 2258 1333 2285 illi
1353 2267 1400 2293 pro
1419 2257 1492 2285 nobis
1503 2278 1510 2290 ,
1525 2258 1616 2292 ecquid
1633 2267 1757 2292 maguum
1774 2266 1857 2290 servo,

1071 2309 1098 2330 nt
1113 2312 1160 2338 pro
1179 2304 1290 2331 Domino
1309 2305 1388 2339 paria
1407 2304 1553 2338 patiatur?
1573 2303 1665 2330 Fuerit
1684 2304 1733 2330 hoc
1757 2312 1858 2338 quoque

1071 2351 1146 2386 longe
1165 2350 1349 2380 utilissimum.
1368 2358 1450 2384 parva
1472 2349 1593 2377 molestia
1608 2355 1731 2376 aeternam
1748 2350 1859 2384 lucri/'a-

1069 2404 1125 2422 cere
1138 2395 1340 2423 exsultationem
1355 2404 1365 2422 :
1393 2395 1461 2422 breui
1474 2395 1574 2426 dolore,
1591 2403 1727 2429 perennem
1739 2396 1858 2422 nancisci

1067 2441 1287 2475 jucunditatem:
1306 2446 1498 2475 temporaneam
1518 2445 1637 2471 mortem,
1655 2441 1708 2467 vita
1725 2449 1858 2475 nunquam

1072 2487 1189 2513 desitum
1200 2492 1372 2514 commutare.
1387 2486 1444 2513 Erit
1455 2486 1503 2513 hoc
1513 2494 1613 2521 quoque
1626 2487 1704 2520 facile
1719 2487 1859 2513 roborante

1072 2531 1172 2558 Christi
1187 2532 1250 2566 ﬁde.
1265 2532 1355 2558 Aderit
1371 2532 1418 2558 tibi
1429 2530 1563 2562 Christus,
1577 2531 1734 2558 charissima
1749 2539 1755 2562 ;
1772 2531 1857 2557 adernt

1072 2577 1159 2604 levans
1185 2578 1351 2604 cruciatuum
1378 2577 1492 2603 dolores.
1526 2576 1602 2609 Quod
1618 2577 1642 2603 si
1661 2577 1741 2604 etiam
1764 2584 1858 2610 parum

1073 2622 1139 2657 σιγἱεί
1154 2622 1246 2650 dolore
1256 2623 1416 2656 permiserit.
1437 2627 1466 2649 ut
1479 2623 1599 2657 probatio
1612 2628 1664 2650 tute
1683 2622 1745 2657 ﬁdei
1757 2622 1860 2655 patien-

1073 2668 1138 2694 tiam
1155 2673 1276 2702 operetur
1287 2668 1321 2699 ",
1339 2676 1369 2695 ne
1380 2669 1513 2702 putaveris
1530 2673 1554 2695 te
1568 2668 1720 2695 derelictum
1736 2675 1800 2693 esse.
1819 2666 1858 2692 Ne

1073 2714 1239 2746 dissolveris,
1252 2715 1329 2749 quasi
1345 2715 1466 2749 despecta
1478 2715 1525 2748 sis,
1543 2715 1605 2750 quin
1616 2714 1782 2748 fatiscentem
1797 2711 1858 2736 uni-

1076 2768 1145 2786 nmm
1166 2768 1222 2793 spes
1238 2760 1381 2788 contineat.
1405 2759 1540 2786 Modicum
1560 2760 1628 2786 enim
1651 2755 1857 2790 aliquantulum,

1073 2811 1098 2831 et
1109 2805 1289 2840 exstinguetur
1299 2804 1428 2832 acerbitas
1443 2804 1565 2831 doloraut
1579 2810 1588 2835 ;
1606 2802 1705 2829 orietur
1722 2809 1780 2828 vero
1795 2809 1860 2828 con-

571 2896 593 2911 "
608 2894 687 2922 Josn.
707 2902 726 2926 ι,
744 2894 787 2921 51.
827 2894 848 2910 ⁵⁸
877 2892 970 2920 Matth.
993 2900 1040 2925 vn,
1056 2892 1096 2920 Η.
1136 2893 1158 2908 ’⁵
1175 2892 1182 2918 Ι
1198 2893 1304 2925 Pctr.l,
1319 2894 1334 2920 7
