2089 3151
247 167 299 198 355

850 160 874 189 Ν
880 160 888 188 1
894 159 962 189 CET
968 158 997 187 ιῘί
1018 158 1059 186 PA
1065 156 1238 186 I‘HLAGON
1245 156 1279 184 IS

1824 153 1877 183 356

246 223 345 256 llacque
378 220 460 247 animi
481 222 647 246 contentione
687 226 718 244 ac
741 217 886 251 pervicacia
920 215 1034 249 abjertu,

1087 211 1131 244 τίς
1151 219 1201 238 σοι
1218 211 1366 246 λογισμοῦ
1393 210 1549 245 σώφρονος
1576 209 1752 236 ἐνέστακται
1776 209 1876 244 ῥανὶς,

245 274 402 302 magnorum
438 266 546 292 deorum
581 264 725 290 clementia:
764 261 874 292 accede;
918 260 1037 294 velutque

247 312 376 339 mundum
409 310 560 342 amabilem,
576 308 727 343 religiosam
748 307 776 334 in
792 315 835 333 eos
857 311 968 333 mentem
989 304 1036 331 tibi

248 359 388 390 asciscens,
417 356 472 383 noli
492 359 594 382 tantum
619 358 779 387 prremature
814 351 1037 387 pulchritudinem

248 408 440 431 tormentorum
472 401 541 436 falce
569 400 685 426 excisam
709 399 757 425 tibi
784 398 912 433 deperire.
946 396 1037 431 Neque

246 450 315 476 enim
343 449 413 475 ullus
429 452 469 475 est
496 447 541 482 qui
571 454 623 472 non
650 446 856 480 obsequenteme
875 451 955 470 manu
978 450 1036 469 mea

247 496 329 530 possit
347 495 470 522 liberare.
487 493 584 521 Omnia
596 501 654 520 vero
665 497 711 519 tua
723 493 841 519 membra
855 490 946 525 (probe
961 489 1037 524 scito)

247 542 335 568 bestiis
346 542 451 568 tradam
468 540 630 568 devoranda.

285 681 351 706 Mihi
369 679 485 714 quidem,
495 687 509 705 ο
524 687 631 713 pra’ses,
646 679 684 706 nit.
695 686 791 705 rursus
803 677 951 712 subjiciens
963 677 1039 711 virgo

247 734 360 763 martyr,
380 727 455 754 nulla
470 727 606 761 turpitudo
621 732 659 753 est
678 727 786 753 vestium
802 726 914 752 istarum
932 725 1038 759 positio,

245 774 307 806 quin
317 773 402 806 potius
414 771 547 803 decor-est,
564 770 660 798 nudari
670 779 717 805 pro
731 770 837 798 Christo
849 779 858 802 ;
869 776 946 805 atque
960 770 1037 796 indu-

245 824 331 845 mento
351 819 399 844 hoc
423 817 535 851 abjecto,
558 823 668 844 veterem
691 818 819 844 hominem
832 817 912 844 simul
927 816 1039 851 abjicere

246 865 315 899 (qure
326 864 395 890 enim
413 863 496 889 oculis
510 863 651 894 conspicua
671 867 743 894 sunt,
769 862 846 897 signa
863 866 923 888 sunt
936 868 1037 891 eorum,

1088 257 1143 293 τῆς
1170 257 1410 292 προσπεσούσης
1444 256 1652 291 ἀνασφήλασα
1685 257 1852 291 πεισμονῆς
1869 279 1875 290 ,

1087 303 1181 332 καὶτὸ
1196 303 1300 337 δύσερι
1313 303 1401 330 τοῦτο
1420 304 1468 330 καὶ
1484 304 1658 337 φιλόνεικον
1678 304 1875 339 ἑκριψαμένη,

1088 350 1239 384 πρόσελθε
1261 349 1299 383 τῇ
1321 343 1381 376 τῶν
1396 348 1537 384 μεγάλων
1554 350 1692 384 εὐμενείᾳ
1714 350 1790 377 θεῶν
1802 359 1809 366 ·
1827 351 1875 378 καὶ

1088 396 1120 422 τὸ
1146 395 1222 429 πρὸς
1247 395 1359 428 αὐτοὺς
1387 395 1478 428 σέσας
1504 396 1545 429 ὡς
1574 396 1744 430 ἐπέραστον
1760 397 1878 431 κόσμον

1088 441 1351 476 ὲγκομϐωσαμένη,
1368 440 1412 476 μὴ
1430 441 1589 475 βουληθῇς
1601 441 1716 475 κάλλος
1729 443 1878 470 τοσοῦτον

1089 487 1224 522 πρόωρον
1233 487 1453 522 ἐκθερισθῆναι.
1469 488 1524 514 Καὶ
1548 488 1604 523 γὰρ
1617 488 1719 522 οὐδεὶς
1738 489 1878 517 ἀπειθοῦ-

1089 541 1149 560 σαν
1167 533 1222 567 τῆς
1236 533 1311 568 ἐμῆς
1330 533 1505 566 ἀπαλλάξαι
1526 534 1651 561 δύναται
1674 536 1790 569 χειρός·
1816 534 1878 563 πᾶν

1088 579 1122 605 δέ
1143 587 1201 606 σου
1214 581 1318 614 μέλος,
1332 577 1366 607 εὖ
1384 580 1457 612 ἴσθι,
1481 580 1579 615 ,ϐορὰν
1600 581 1787 615 προϐήσομαι
1804 583 1874 616 θηρ-

1089 627 1151 652 σίν.

1130 673 1211 707 Ἐμοὶ
1224 672 1292 707 μὲν,
1308 670 1332 699 ὦ
1356 673 1480 708 ἠγεμὸν,
1508 671 1585 700 εἶπεν
1613 673 1691 705 αὖθις
1709 675 1726 709 ἡ
1744 674 1878 710 παρθενό-

1091 726 1196 753 μαρτυς
1221 718 1404 751 ὑπολαϐοῦσα,
1434 720 1490 746 οὐκ
1516 719 1717 754 ἀσχημοσύνη
1741 720 1799 746 τῶν
1813 721 1879 754 ίμα-

1090 763 1160 790 τίων
1172 764 1284 791 τούτων
1300 765 1318 798 ἠ
1336 764 1489 798 ἀπόθεσις·
1511 765 1672 798 εὐπρέπεια
1688 765 1721 791 δὲ
1745 764 1877 799 μᾶλλον,

1089 810 1166 844 ὑπὲρ
1178 810 1308 844 Χριστοῦ
1324 811 1521 846 γυμνοῦσθαι,
1539 811 1587 838 καὶ
1606 811 1642 845 τῇ
1656 811 1791 846 ἀποϐολῇ
1808 812 1877 839 τοῦς

1090 854 1124 881 δε
1146 855 1199 882 τοῦ
1224 855 1402 890 ἐνδύματος,
1428 856 1483 883 τὸν
1499 857 1630 883 παλαιὸν
1649 857 1705 891 μὲν
1721 857 1878 891 ἄνθρωπον

245 893 302 942 qua:
312 912 396 933 mente
411 906 616 941 intelliguntur),
627 906 780 941 superindui
795 913 853 932 vero
872 912 976 937 novum,
993 903 1037 939 qui

1090 901 1392 928 συναποϐάλλεσθαι·
1414 903 1552 937 σύμϐολα
1566 902 1621 937 τὰρ
1647 903 1682 929 τὰ
1704 903 1878 938 βλεπόμενα

245 953 389 979 secundum
401 952 483 979 Deum
497 952 628 986 conﬂatus
641 959 678 978 est
690 954 717 978 in
728 952 834 987 justitia
849 957 871 978 et
883 952 991 978 veritate
1001 951 1035 978 ν’.

248 997 306 1024 Tibi
319 1001 407 1024 autem
430 998 515 1031 reipsa
535 1003 610 1031 turpe
626 1005 657 1024 ac
667 998 792 1032 probrum
806 1002 855 1028 est,
874 996 942 1031 quod
957 995 1037 1022 mali-

246 1045 311 1070 tiam
327 1044 393 1070 sicut
406 1044 591 1070 vestimentum
612 1044 720 1070 indutus
736 1052 774 1076 es,
788 1048 812 1070 et
829 1044 937 1070 intravit
964 1043 1033 1069 sicut

246 1098 315 1124 aqua
331 1090 451 1123 impietas
469 1089 496 1115 in
521 1089 647 1116 interiora
668 1093 724 1120 tua,
740 1094 765 1116 et
788 1090 854 1116 sicut
884 1089 970 1116 oleum
985 1096 1037 1115 sce-

248 1134 342 1161 lera/te
362 1134 454 1160 mentis
465 1134 582 1168 pravitas
597 1134 674 1161 lttesit
691 1134 792 1161 ossibus
808 1134 860 1160 tuis
879 1134 899 1160 '.

285 1225 321 1252 Te
332 1225 415 1261 igitur
431 1226 458 1252 in
475 1226 546 1258 istis,
563 1234 614 1253 non
629 1234 689 1254 vero
702 1235 743 1254 me
756 1235 860 1262 (equum
875 1231 913 1254 est
927 1226 1035 1261 pudere,

245 1272 315 1306 quod
335 1280 388 1298 una
405 1280 463 1298 cum
477 1275 527 1299 hac
553 1275 654 1305 tunica,
670 1273 774 1300 carnali
806 1274 883 1300 sorde
906 1273 1037 1308 deposita,

245 1326 276 1344 ac
307 1322 434 1352 gravante
469 1326 578 1345 excusso
621 1323 722 1346 terreno
751 1319 877 1353 pondere.
918 1318 979 1346 levis
1007 1327 1038 1345 nc

244 1362 367 1396 expedita
384 1361 518 1390 Christum
532 1363 560 1389 in
577 1363 670 1389 calum
685 1364 737 1390 sim
751 1369 893 1394 secutura;
907 1372 982 1398 quem
996 1372 1037 1390 ve-

245 1407 285 1433 lut
305 1409 422 1435 tunicam
450 1408 552 1436 latitia:
567 1414 592 1436 et
616 1410 796 1436 vestimentum
810 1410 907 1436 salutis
938 1410 1038 1436 occulte

246 1454 387 1480 secundum
396 1454 550 1481 interiorem
560 1454 691 1482 hominem
700 1455 774 1481 indui
787 1455 807 1480 ‘.
817 1454 860 1481 Me
874 1462 932 1481 vero
939 1455 1038 1489 alioqui

247 1499 327 1527 etiam
353 1499 459 1526 decebat
472 1501 551 1535 quasi
576 1500 603 1527 in
631 1501 719 1527 stadio
746 1501 806 1526 huic
822 1499 950 1526 tribunali
967 1500 1037 1526 nudo

246 1553 353 1580 corpore
383 1550 526 1578 astantem,
555 1547 593 1573 ita
618 1547 749 1573 vobiscum
775 1546 934 1572 adversariis
964 1545 1036 1572 lucta

246 1591 379 1626 congredi.
410 1590 472 1617 Jam
491 1592 579 1626 itaque
600 1596 724 1622 tortores,
753 1599 785 1617 ne
806 1591 973 1622 cunctemini,
1005 1600 1036 1618 ne

249 1643 338 1662 moras
363 1636 468 1668 nectite,
486 1636 552 1670 ignis
582 1636 755 1667 accendatur,
780 1641 837 1662 rota
855 1635 1035 1668 distendatur,

246 1681 351 1717 gladius
373 1682 500 1713 vibretur,
527 1681 655 1708 novacula
687 1686 810 1709 acuatur.
840 1681 888 1715 Ac,
908 1683 933 1708 si
961 1682 1033 1714 libet,

245 1727 327 1755 etiam
341 1727 414 1761 [ossa
423 1728 569 1762 aperiatur,
587 1736 712 1763 omneque
727 1729 820 1756 mortis
837 1736 966 1763 organum
990 1737 1035 1755 ex-

246 1769 381 1806 pediatur.

281 1866 378 1893 Adhuc
403 1873 477 1898 vero,
499 1866 625 1902 martyrii
653 1874 745 1895 amore
765 1874 951 1899 succensa,ac
965 1867 1037 1894 velut

247 1912 341 1940 divino
356 1912 474 1946 quodam
489 1911 591 1943 lurore.
606 1913 759 1940 castissima
773 1913 873 1945 amata,
883 1913 965 1940 etiam
979 1913 1037 1940 hmc

247 1958 346 1991 adjecit
361 1966 368 1984 :
382 1955 570 1990 Comminaris,
603 1959 749 1986 sa’vissime
778 1967 809 1985 ac
830 1959 888 1986 dire
912 1964 1033 1994 tyranne,

247 2003 362 2030 membra
385 2004 581 2032 exscindenda?
597 2004 635 2032 En
653 2006 681 2031 in
708 2005 756 2031 hoc
771 2005 816 2032 tibi
842 2009 939 2039 parata
964 2009 1035 2031 asto.

248 2048 332 2075 Morte
358 2048 524 2076 multandam
540 2050 661 2076 asseris?
690 2050 724 2076 Et
741 2050 789 2076 hoc
817 2050 912 2076 volenti
936 2050 1035 2076 accidet

246 2093 353 2124 animo;
379 2094 497 2120 omnium
520 2094 584 2120 mihi
615 2095 687 2120 istud
719 2095 911 2128 gratissimum,
943 2094 1036 2120 horum

248 2139 392 2165 amissione
421 2139 595 2165 membrorum
619 2139 654 2165 ad
671 2140 751 2166 vitum
776 2140 891 2166 transire
916 2139 1036 2165 incorru-

246 2189 329 2218 ptam.
351 2183 444 2218 Itaque
462 2184 624 2217 effodiantur
634 2184 714 2216 oculi,
728 2190 756 2211 ut
771 2185 828 2211 sola
840 2185 952 2211 interius
964 2193 1035 2211 meus

1087 945 1147 972 τῶν
1159 946 1342 980 νοουμένων·
1360 947 1559 974 ἐπενόύεσθαι
1579 947 1614 974 δὲ
1628 948 1681 974 τὸν
1695 948 1811 981 καινὸν,
1823 948 1878 974 τὸν

1087 992 1163 1019 κατὰ
1185 992 1260 1019 Θεὸν
1286 993 1550 1027 συγ-κροτούμενον
1575 993 1610 1020 ἐν
1634 993 1812 1027 δικαιοσύνῃ
1827 994 1875 1020 καὶ

1086 1038 1225 1072 ἀληθείᾳ.
1251 1039 1301 1066 Σοί
1332 1039 1367 1065 δὲ
1388 1038 1428 1071 τῷ
1454 1039 1518 1066 ὄντι
1536 1039 1722 1072 καθέστηκεν
1738 1040 1874 1074 ἀσχημο-

1086 1084 1178 1117 σύνη.
1204 1084 1248 1111 ὅτι
1264 1085 1304 1118 ὡς
1325 1085 1441 1119 ίμὰτιον
1459 1085 1594 1112 ἐνεδύσω
1614 1084 1672 1119 τὴν
1688 1086 1807 1112 κακίανο
1828 1086 1877 1112 καὶ

1085 1129 1230 1164 εἰσῆλθεν
1253 1131 1324 1158 ὡσεὶ
1351 1131 1430 1165 ὕδωρ
1450 1132 1494 1163 εὶς
1510 1130 1546 1157 τὰ
1572 1131 1682 1165 ἔγκατά
1697 1139 1755 1159 σου
1770 1132 1789 1166 ὴ
1804 1132 1877 1159 ἀσέ-

1087 1177 1162 1207 ϐεια.
1168 1178 1215 1203 κα)
1223 1178 1240 1211 ἠ
1248 1177 1376 1211 πονηρία
1383 1178 1453 1204 ὡσεὶ
1463 1178 1567 1205 ἔλαιον
1572 1178 1607 1204 ἐν
1613 1177 1675 1210 τοῖς
1681 1178 1799 1211 ὀστέοις
1807 1187 1875 1205 σου.

1123 1222 1162 1249 Σὲ
1177 1223 1281 1250 τοίνυν
1305 1223 1340 1249 ἐν
1361 1223 1488 1256 τούτοις,
1509 1223 1578 1250 ἀλλ’
1593 1224 1648 1250 οὐκ
1672 1223 1734 1258 ἐμὲ,
1761 1223 1879 1250 δίκαιον

1087 1269 1302 1303 αἰσχύνεσθαι·
1320 1268 1364 1295 ὅτι
1384 1268 1424 1301 τῷ
1443 1268 1545 1303 χιτῶνι
1560 1269 1654 1301 τούτῳ
1673 1269 1731 1300 τὴν
1747 1269 1807 1296 ἀπὸ
1824 1269 1878 1303 τῆς

1088 1315 1201 1347 σαρκὸς
1228 1314 1349 1347 κηλίδα,
1372 1315 1421 1341 καί
1452 1313 1486 1341 τὸ
1503 1315 1562 1341 ἀπὸ
1576 1313 1632 1349 γῆς
1645 1322 1877 1342 συναπεσκευα-

1087 1360 1185 1394 σμένη
1197 1359 1304 1394 βάρος,
1317 1361 1415 1394 κούφη
1430 1361 1540 1387 λοιπὸν
1558 1361 1607 1388 καὶ
1626 1361 1780 1394 εὐσταλὴς
1802 1362 1878 1396 πρὸς

1087 1407 1219 1440 οὐρανὸν
1233 1407 1343 1441 ἕψομαι
1361 1407 1474 1441 Χριστῷ
1487 1415 1494 1422 ο
1507 1407 1543 1434 ὂν
1552 1407 1592 1440 ὡς
1605 1406 1714 1441 χιτῶνα
1727 1408 1877 1442 εὐφροσύ-

1087 1460 1143 1486 ννης
1171 1452 1221 1479 καὶ
1252 1453 1370 1487 ίμιὶτιον
1397 1453 1547 1487 σωτηρίου
1566 1453 1697 1488 κρυφίως
1725 1453 1799 1480 κατὰ
1826 1453 1879 1480 τὸν

1087 1498 1174 1531 ἐντὸς
1198 1498 1356 1532 ἄνθρωπον
1379 1499 1549 1533 ἐνδέδυμαι.
1577 1500 1645 1533 Ἑλιὲ
1659 1499 1693 1526 δὲ
1712 1499 1761 1526 καὶ
1777 1499 1878 1532 ἄλλως

1088 1543 1148 1570 ἔδει
1167 1543 1298 1577 καθάπερ
1317 1544 1352 1570 ἐν
1370 1544 1482 1576 σταδίῳ
1499 1544 1539 1579 τῷ
1555 1544 1669 1578 βήματι
1682 1545 1775 1575 τούτῳ
1793 1552 1878 1578 τεγυ-

1084 1587 1245 1622 μνωμένην
1255 1588 1288 1614 τὸ
1306 1588 1391 1623 σῶμα
1408 1589 1618 1622 παραστᾶσαν,
1640 1589 1716 1616 οὕτω
1741 1590 1878 1623 συμπλέ-

1087 1634 1191 1660 κεσθαι
1202 1633 1263 1666 τοῖς
1277 1633 1451 1666 ἀντιπάλοις
1462 1634 1543 1668 ὑμῖν.
1553 1634 1676 1665 Λοιπὸν.
1688 1632 1711 1661 ὧ
1719 1634 1828 1668 δήμιοι,
1834 1634 1878 1669 μὴ

1085 1678 1222 1712 μέλλετε,
1240 1678 1283 1712 μὴ
1309 1679 1487 1706 ἁναδύεσθε.
1509 1679 1544 1706 Τὸ
1569 1679 1628 1713 πῦρ
1651 1679 1836 1711 ἐξαπτέσθω,
1861 1680 1878 1706 ό

1086 1724 1194 1758 τροχὸς
1219 1717 1423 1757 κῖιτατεινέτω,
1438 1725 1457 1758 ἠ
1481 1725 1614 1759 μάχαιρα
1637 1725 1837 1757 στιλϐούσθω,
1861 1726 1878 1751 ὀ

1088 1769 1105 1800 ξ
1109 1769 1178 1802 υρὸς
1189 1769 1378 1803 ἀκονηθήτω.’
1388 1770 1418 1796 Ei
1428 1770 1536 1801 βούλει
1550 1770 1594 1800 δὲ,
1610 1769 1659 1796 καὶ
1668 1770 1781 1803 βόθρος
1791 1769 1877 1803 ὀρυτ-

1087 1814 1192 1846 τέσθω,
1214 1815 1262 1841 καὶ
1275 1813 1336 1842 πᾶν
1348 1815 1476 1849 ὄργανον
1490 1815 1704 1849 εὐτρεπιζέσθω
1719 1814 1862 1841 θανάτου.

1125 1861 1185 1887 Ἔτι
1196 1861 1235 1891 δὲ,
1245 1861 1284 1895 τῷ
1292 1861 1342 1895 τῆς
1352 1861 1506 1897 μαρτυρίας
1521 1861 1603 1897 ἔρωτι
1618 1861 1877 1896 διαθερμαινομένη,

1087 1906 1134 1933 καὶ
1149 1905 1229 1933 οἱονεί
1256 1915 1314 1937 πως
1336 1908 1353 1941 ἡ
1371 1907 1507 1940 πάναγνος
1530 1907 1707 1937 ἐνθουσιῶσα,
1723 1907 1771 1933 καὶ
1793 1906 1879 1933 ταῦτα

1087 1953 1262 1987 προσετίθει·
1279 1952 1386 1979 Μελῶν
1403 1953 1546 1986 ἀπειλεῖς,
1563 1953 1705 1987 ὼμότατε.
1724 1952 1782 1986 τὴν
1797 1953 1878 1979 into.

1084 1997 1147 2031 μήν
1159 2006 1168 2029 ;
1188 1997 1302 2032 Ἐτοίμη
1311 1997 1386 2032 πρὸς
1396 1998 1485 2024 τοῦτό
1494 2005 1543 2025 σοι
1557 1999 1742 2032 παρέστηκα.
1756 1998 1878 2029 Θανάτῳ

1087 2042 1209 2078 ᾗυιιοῦν
1232 2042 1388 2078 ύπισχνῇ;
1420 2043 1472 2077 Είς
1494 2044 1582 2071 τοῦτο
1619 2045 1876 2078 παρεσκεύασμαι.

1089 2090 1180 2116 Τοῦτό
1203 2098 1254 2124 μοι
1283 2090 1343 2116 τῶν
1367 2090 1488 2117 πάντων
1514 2091 1750 2125 θυμηρέστατον,
1765 2090 1802 2125 τῇ
1815 2090 1876 2121 τῶν

1084 2134 1186 2168 μελῶν
1209 2134 1345 2169 ἀποϐολῇ
1367 2136 1490 2167 τούτων,
1511 2136 1584 2169 πρὸς
1600 2135 1656 2169 τὴν
1667 2135 1879 2169 πανακήρατον

1085 2182 1251 2215 μεταϐῆναι
1268 2181 1354 2216 ζωήν.
1390 2182 1551 2216 Ὀφθαλμοὶ
1576 2183 1681 2209 τοίνυν
1695 2182 1876 2216 ὁρυττέσθω-

247 2227 381 2256 ίίηινίιίιιιε
401 2229 556 2258 elucescens.
574 2229 658 2256 Deum
672 2229 741 2256 clare
757 2238 789 2256 ac
800 2229 935 2256 inturbate
951 2229 1037 2256 videre

1089 2235 1160 2259 σαν,
1180 2228 1218 2261 ὡς
1247 2226 1287 2255 ἂν
1301 2228 1393 2260 μόνος
1425 2227 1515 2254 ἔνδον
1531 2229 1548 2254 ό
1560 2228 1633 2260 νοῦς
1665 2227 1877 2262 διαυγέστερον

245 2277 339 2310 possit.
355 2274 529 2308 Amputentur
543 2283 620 2302 aures
633 2281 657 2302 et
673 2284 753 2302 nasus
770 2283 779 2302 :
792 2280 830 2302 est
849 2276 914 2302 mihi
926 2276 1036 2302 inlerior

246 2319 333 2346 cordis
349 2320 467 2351 auditus,
490 2328 540 2355 quo
566 2321 678 2355 mystica
703 2320 820 2364 eloquia.
829 2321 937 2348 audiant
951 2329 960 2348 :
975 2327 1036 2349 sunt

247 2365 312 2391 milii
325 2369 349 2391 et
365 2373 456 2397 nares,
486 2366 580 2400 quibus
601 2366 747 2400 ineffabilia
763 2366 812 2394 Dei
827 2368 877 2394 mei
902 2373 1034 2402 unguenta

246 2411 384 2445 olfaciam.
401 2410 471 2437 Num
490 2411 544 2439 ltwc
560 2417 643 2445 potes,
673 2413 864 2446 impurissime,
886 2413 977 2448 gladio
989 2418 1034 2440 tuo

245 2457 404 2490 amputare?
417 2455 583 2483 Extra/tatur
593 2465 651 2484 vero
662 2459 741 2485 etiam
750 2458 852 2493 lingua,
861 2464 888 2485 ut
902 2467 952 2485 non
964 2459 1033 2486 ultra

246 2503 371 2538 loquatur
385 2511 463 2538 opera
483 2503 618 2531 hominum
634 2505 661 2537 ','
675 2513 763 2532 secum
783 2513 841 2531 vero
862 2507 915 2540 ipse
929 2506 1033 2532 animus

246 2550 371 2585 loquatur
386 2556 410 2577 et
427 2549 491 2577 Deo.
508 2549 645 2578 Radieitus
657 2551 805 2579 evelluntur
816 2552 916 2584 dentes,
928 2551 1034 2579 abscin-

244 2596 343 2623 dantur
360 2601 384 2622 et
401 2595 494 2628 labia;
518 2604 569 2623 non
591 2598 660 2624 enim
692 2599 746 2624 [nec
771 2597 916 2624 necessaria
943 2599 967 2624 ei
989 2597 1034 2633 qui

245 2650 297 2670 non
327 2641 441 2675 amplius
462 2641 532 2668 luteo
556 2642 612 2669 cibo
640 2644 768 2678 indigeat,
785 2642 830 2670 sed
855 2644 900 2678 qui
912 2643 967 2670 solo
988 2643 1034 2670 Dei

245 2687 320 2715 verbo
336 2687 460 2714 secretius
479 2688 588 2722 mystice
609 2688 709 2716 alatur.
726 2688 860 2715 Pra'terea
871 2688 1032 2722 auferantur

245 2741 321 2760 aures
341 2741 349 2760 :
372 2741 414 2765 ac,
437 2733 459 2760 si
477 2734 557 2765 libet,
582 2734 739 2769 auferantur
756 2735 836 2761 etiam
857 2735 946 2768 pedes.
965 2734 1033 2762 Sunt

245 2779 313 2805 enim
331 2777 517 2812 irrepreltensaa
542 2787 634 2806 manus
658 2780 793 2814 (practica
807 2779 907 2806 scilicet
937 2779 1035 2806 animat

287 2866 310 2882 ”
325 2865 424 2900 Ephes.
441 2876 478 2900 vr,
498 2868 593 2896 22-24.
634 2870 725 2898 'Psal.
746 2879 823 2905 cun,
840 2873 884 2899 18.
922 2873 995 2902 Ilsa.
1016 2881 1072 2908 ul,
1090 2873 1134 2900 ιο.

1087 2273 1257 2308 ἐκλάμψας,
1282 2272 1336 2300 τὸν
1355 2272 1429 2299 Θεὸν
1443 2273 1579 2306 καθαρῶς
1590 2272 1665 2307 ὀρᾷν
1680 2273 1728 2299 καὶ
1739 2274 1876 2300 ἁνεπιθο-

1086 2319 1188 2353 λώτως
1197 2318 1314 2353 δυνηθῇ
1318 2339 1324 2345 .
1338 2318 1607 2353 Περιαιρείσθωσαν
1620 2316 1680 2346 ὦτα
1691 2318 1739 2346 καὶ
1748 2317 1876 2353 μυκτήρ-

1086 2367 1151 2393 ἕστι
1159 2375 1209 2400 μοι
1228 2366 1356 2400 κρύφιον
1372 2363 1427 2398 οὖς
1438 2365 1604 2400 ἐγκάρδιον,
1619 2362 1643 2398 ᾧ
1656 2364 1813 2399 μυστικῶν
1826 2366 1878 2391 λο-

1086 2414 1158 2448 γίων
1182 2411 1348 2446 ἀκροῶμαι·
1379 2411 1445 2438 ἔστι
1469 2420 1521 2445 μοι
1554 2411 1604 2437 καὶ
1626 2411 1756 2445 μυκτὴρ,
1772 2407 1797 2444 ᾧ
1818 2410 1878 2436 τῶν

1084 2458 1247 2493 ἀφράστων
1262 2458 1316 2485 τοῦ
1328 2457 1402 2485 Θεοῦ
1413 2466 1472 2491 μου
1486 2456 1696 2491 κατοσφρῶμαι
1704 2457 1817 2491 μύρων.
1827 2456 1877 2490 Μὴ

1084 2505 1178 2532 ταῦτα
1205 2505 1292 2539 δύνῃ,
1317 2504 1491 2539 μιαρώτατε,
1513 2503 1550 2537 τῇ
1565 2503 1697 2537 μαχαίρᾳ
1721 2510 1778 2529 σου
1796 2510 1878 2535 περι-

1084 2550 1183 2582 ελεῖν;
1204 2550 1390 2583 Ἐξελκέσθω
1407 2549 1441 2576 δὲ
1457 2549 1506 2576 καὶ
1519 2548 1654 2584 γλῶσσα,
1666 2549 1706 2580 ὡς
1722 2547 1761 2574 ἂν
1771 2547 1879 2582 μηκέτι

1084 2596 1166 2630 λαλῇ
1181 2597 1217 2624 τὰ
1233 2597 1306 2631 ἔργα
1319 2595 1379 2623 τῶν
1395 2595 1569 2630 ἀνθρώπων,
1581 2594 1674 2628 ἑαυτῇ
1688 2586 1722 2620 δέ
1733 2593 1842 2628 νοερῶς
1857 2594 1878 2627 ἠ

1085 2642 1171 2676 ψυχὴ
1197 2641 1341 2676 σιιλλαλῇ
1377 2641 1426 2668 καὶ
1453 2640 1523 2673 Θεῷ.
1565 2638 1821 2674 Ἐκριζούσθωσαν
1850 2639 1878 2665 οι

1088 2688 1225 2722 ὁδόντες⁸
1253 2688 1507 2716 ἐκωπτέσθωσαν
1538 2686 1589 2714 καὶ
1603 2686 1689 2721 χείλη
1702 2693 1709 2701 ”
1737 2684 1808 2712 οὐδὲ
1822 2684 1877 2718 τὰρ

1088 2735 1201 2761 τούτων
1214 2735 1308 2769 χρεία,
1321 2734 1361 2767 τῷ
1370 2733 1476 2768 μηκέτι
1486 2733 1618 2767 πηλίνης
1631 2730 1743 2759 ἐπιδεεῗ
1754 2728 1874 2763 τροφῆς’

1087 2781 1169 2816 μόνῳ
1198 2780 1232 2807 δὲ
1248 2780 1288 2813 τῷ
1303 2780 1384 2812 Θεοῦ,
1393 2779 1504 2815 ῥήματι
1531 2779 1762 2814 κρυφιομύστως
1772 2781 1875 2808 τρε-φο-

1189 2873 1199 2890 ³
1214 2873 1287 2902 Psal.
1298 2874 1392 2908 ινιίι.
