2089 3151
227 137 279 169 3&9

807 136 955 166 NICET/E
983 134 1245 165 PAPHLAGONIS

1803 129 1857 160 360

229 200 340 228 rogans,
372 200 458 228 eaque
491 193 624 220 mirabilia
661 201 828 226 memorans,
861 201 922 228 qua:
954 193 1009 220 olin

1072 190 1300 226 καταφερομένων
1315 189 1454 224 ὲςρόντιζε
1475 187 1600 222 πληγῶν·
1615 186 1676 213 οὔτε
1688 186 1716 212 δὲ
1728 186 1794 221 προς
1807 186 1856 217 τὰς

229 239 374 274 Babylona!
387 240 474 267 tribus
493 240 582 274 pueris
608 241 727 268 exhibita
756 245 847 267 essent
862 240 883 270 ⁸,
902 243 929 266 et
954 246 1014 273 quze

228 292 336 319 semper
360 285 414 312 illis
431 286 551 317 exhibet,
569 287 614 320 qui
633 286 692 320 eius
707 293 790 313 causa
803 286 882 314 malis
893 285 1014 312 allician-

227 334 289 361 tur;
312 331 385 357 velut
400 339 461 358 rore
483 331 612 366 quodam,
630 332 754 359 oratione
772 331 960 366 rel'rigerante,
975 330 1015 358 ia-

226 375 279 403 cile
291 376 437 403 admodum
455 378 595 404 cruciatus
609 377 720 404 lercbat.

263 512 411 547 llisitaque
425 514 545 541 animum
576 515 747 549 despondens
770 514 825 542 fera
845 516 946 547 bellua,
982 516 1009 542 in

226 563 286 585 rota
318 559 437 586 distcndi
453 560 607 586 columbam
648 562 850 588 itnmaculatam
883 561 1012 593 mandat;

224 605 336 639 direque
362 605 412 631 hac
438 613 530 640 pressa
548 606 693 637 machina,
712 607 871 633 ossibusilli
897 607 1012 633 commi-

225 651 308 682 nutis,
327 651 470 684 nervisque
485 659 516 678 ac
533 651 660 678 medullis
675 652 811 685 distentis,
827 652 956 687 Omnique
972 652 1012 679 fe-

224 704 253 722 re
280 702 421 723 cxartuata
461 697 586 731 cerporis
608 698 800 725 commissura.
826 699 859 724 At
890 705 1010 732 quonam

224 742 305 769 modo
334 750 349 769 a
377 743 440 770 talis
474 744 570 770 mortis
592 732 700 778 ‘impetu
734 744 882 771 liberatur?
908 743 1011 778 Nempe

223 792 332 822 accepta
348 789 380 814 ad
395 796 469 818 eum.
486 789 530 823 qui
549 789 655 816 salvare
684 797 756 821 eam.
779 797 813 816 ex
842 794 928 816 morte
944 797 1009 823 pos-

227 838 270 860 set
305 834 394 860 ullata
427 834 638 868 supplicatione,
664 841 744 868 quam
777 834 845 861 forte
865 833 938 860 haud
962 842 1010 860 su-

1066 237 1186 263 κάτωθεν
1201 236 1383 270 ἐπεστρέφετο
1397 233 1534 268 πυρώδεις
1548 241 1554 248 ·
1573 233 1646 267 μόνῳ
1662 232 1689 258 δὲ
1711 240 1857 266 προσευχο-

1067 284 1133 318 μένη
1161 282 1280 317 Χριστῷ,
1297 282 1410 307 καὶτῶν
1427 280 1586 316 θαυμασίων
1602 279 1683 306 αὑτὸν
1698 279 1856 313 ὑπομιμνή-

1065 337 1178 360 σκουσα,
1207 325 1244 355 ὧν
1273 336 1301 354 τε
1318 327 1401 353 πάλαι
1421 326 1492 353 κατὰ
1516 327 1566 360 τὴν
1591 325 1767 352 Βαϐυλωνίαν
1783 324 1857 360 τρισὶ

1065 373 1194 406 νεανίαις,
1225 374 1273 400 καὶ
1290 371 1327 400 ὧν
1349 373 1392 398 ἀεὶ
1411 373 1467 403 τοῖς
1482 372 1552 406 ὑπὲρ
1576 370 1658 397 αὐτοῦ
1676 370 1857 404 κακουμένοις

1065 421 1271 447 ὐποδείκνυται·
1297 420 1424 454 καθάπερ
1456 419 1544 453 δρόσῳ
1570 417 1623 444 τινὶ
1654 418 1687 451 τῇ
1716 417 1856 452 προσευχῇ

1064 465 1417 501 καταψυχομένηβὺμαρῶς
1424 464 1493 498 ἄγαν
1505 463 1625 498 ὑπέφερε
1638 463 1686 494 τὰς
1696 463 1855 497 ἀλγηδόνας.

1099 513 1210 543 Τούτοις
1229 510 1276 538 οὖν
1293 511 1444 545 ἀποκαμών
1465 511 1478 536 ὀ
1496 509 1548 545 Θὴρ
1563 510 1678 540 exii/0;,
1691 508 1738 534 ἐπὶ
1758 508 1855 543 τροχοῦ

1063 558 1270 584 κατατείνεσθαι
1295 558 1344 591 τὴν
1372 556 1484 582 ἄσπιλον
1506 555 1656 581 ἐνετέλλετο
1673 555 1853 590 περιστεράν

1063 603 1158 634 δεινῶς
1174 603 1201 630 δὲ
1218 603 1256 637 τῷ
1279 603 1414 637 μαγγὰνῳ
1444 600 1657 627 καταπιεσοεῖσα
1669 608 1676 614 ·
1697 599 1750 626 τῶν
1767 599 1855 626 ὀστῶν

1065 650 1114 685 μὲν
1143 650 1212 684 αὐτῇ
1247 648 1453 683 συνθλωμένων,
1481 646 1674 681 ἐντεινομένων
1701 645 1729 672 δέ
1750 653 1783 678 -γε
1801 645 1856 671 τῶν

1063 696 1165 729 νεύρων
1191 696 1238 720 καὶ
1263 693 1354 729 μυῶν·
1372 693 1419 719 καὶ
1443 693 1532 727 πάσης
1555 692 1583 718 δὲ
1606 691 1698 726 σχεδὸν
1723 691 1855 726 ἁρμονίας

1062 741 1109 768 τοῦ
1121 741 1245 775 σώματος
1261 739 1481 775 ὲξαρθρουμένης
1491 746 1498 753 ·
1517 738 1576 764 τί.α
1592 737 1692 772 τρόπον
1702 737 1751 772 τῆς
1763 736 1855 763 τοιαύ-

1062 796 1110 820 της
1139 787 1185 813 τοῦ
1207 787 1322 813 Θανάτου
1347 786 1437 821 ῥύμης
1465 784 1685 818 «inanimum;
1704 784 1855 819 Ἰχετηρίαν

1061 833 1159 868 δεκῖὴν
1176 833 1243 868 πρὸς
1255 833 1299 858 τὸν
1310 832 1457 866 δυνάμενον
1479 830 1574 862 σώζειν
1593 830 1677 864 αὐτὴν
1693 831 1724 856 ἐκ
1738 829 1854 856 Θανάτου

221 878 354 912 perﬂuum
391 867 515 905 videatur
546 878 655 906 addere.
673 878 753 911 Deus,
769 879 840 906 Deus
855 879 1008 912 spirituum,

1062 879 1280 913 προσενέγκασα,
1311 878 1344 913 ἣν
1371 878 1435 908 ἴσως
1462 877 1491 903 οὐ
1525 875 1650 911 περιττὸν
1674 876 1852 910 προσθεῖναι·

222 923 321 955 aiebat,
333 923 468 957 omnisque
484 926 582 956 carnis,
600 925 646 959 qui
662 925 793 959 sapientia
815 930 860 951 tua
880 933 920 951 res
950 932 1010 958 pro-

221 969 334 1001 duxisti,
347 976 485 1004 rerumque
499 969 581 996 oculis
594 970 795 1004 conspicuarum
808 970 1011 1003 pulcherrimam

196 1036 198 1038 τ
222 1015 353 1046 (hominen
373 1015 485 1049 scilicet)
501 1015 535 1042 ad
550 1015 693 1050 imaginem
705 1020 777 1042 tuam
792 1015 914 1050 fecisti“;
933 1020 1010 1050 atque

221 1060 290 1086 [tunc
304 1068 352 1094 pro
364 1061 453 1087 surculi
469 1061 548 1093 huius
577 1061 784 1096 dispensatione,
801 1069 880 1087 carne
901 1069 932 1087 ac
951 1066 1011 1088 cute

221 1107 332 1138 ucstisti,
347 1106 500 1141 ossibusque
516 1116 546 1133 ac
563 1108 647 1133 nervis
661 1107 824 1142 compegisti,
838 1108 968 1141 vitamque
980 1114 1011 1133 ac

220 1153 430 1179 misericordiam
451 1153 567 1180 tribuisti
579 1153 643 1186 ei“;
664 1158 702 1186 tu,
720 1153 841 1184 Domine,
863 1153 1010 1179 misericors

220 1198 441 1232 curatorjnssisti
462 1207 507 1232 per
527 1197 699 1233 Prop/telam,
719 1199 808 1227 dicens
823 1206 832 1225 :
850 1199 944 1225 lnt‘oca
969 1206 1011 1225 me

221 1243 248 1269 in
265 1245 308 1270 die
321 1244 506 1271 tribulationis
534 1249 598 1276 tuae.
624 1252 719 1272 eruam
737 1249 772 1277 te,
793 1249 819 1271 et
845 1244 1010 1279 glorilicabis

220 1296 264 1316 me
277 1289 298 1315 ⁷.
314 1289 380 1316 Ecce
392 1290 469 1316 hodie
482 1289 586 1325 benigni
601 1291 640 1317 tui
650 1290 722 1317 illius
736 1291 855 1317 mandati
871 1291 1010 1318 recordata

220 1335 326 1368 fortiter
342 1335 451 1368 invoco;
474 1343 536 1362 erue
549 1341 573 1363 et
602 1336 688 1363 libera
702 1344 743 1363 me
758 1345 774 1362 α
799 1336 922 1363 violentia
952 1345 1010 1371 qua:

221 1386 306 1406 arctat
333 1389 393 1413 me;
421 1387 498 1415 atque
524 1390 541 1408 a
558 1381 693 1409 doloribus
709 1391 767 1417 qua:
786 1390 826 1409 me
856 1391 924 1409 nunc
951 1391 1010 1415 pre-

220 1431 305 1458 munt,
325 1427 467 1454 immunem
483 1428 563 1455 redde
579 1433 623 1456 εει
641 1429 748 1455 ostende
767 1429 833 1455 mihi
868 1429 1011 1455 miscricor-

219 1472 294 1498 diam
326 1478 411 1505 luant,
439 1477 463 1500 et
483 1473 604 1500 salutare
620 1479 694 1500 tuum
715 1474 806 1500 dona’a
824 1483 830 1500 :
850 1479 878 1500 ut
892 1474 965 1508 inte,
982 1475 1010 1500 in

1062 924 1125 956 Θεὲ,
1143 923 1195 951 Θεὲ
1209 924 1267 950 τῶν
1282 922 1472 957 πνευμάτων,
1484 922 1569 955 ἔλεγε,
1587 921 1635 948 καὶ
1660 920 1758 953 πάσης
1779 928 1853 954 σαρ-

1061 971 1114 1003 κός
1124 978 1131 984 '
1146 972 1162 996 ὀ
1173 968 1210 1004 τῇ
1226 970 1316 1003 σοφίᾳ
1328 977 1386 996 σου
1403 969 1438 994 τὰ
1450 968 1522 994 ὄντα
1534 966 1723 1001 παραγαγὼν,
1736 966 1855 993 καὶτῶν

1061 1016 1215 1051 ὁρωμένων
1229 1016 1261 1042 τὸ
1277 1016 1452 1047 κάλλιστον,
1472 1014 1640 1048 ᾶνθρωπον,
1669 1013 1733 1040 κατ’
1750 1013 1854 1039 εἰκόνα

1061 1062 1123 1097 σὴν
1136 1061 1306 1095 πεποιηκώς
1315 1069 1322 1076 ·
1336 1062 1384 1088 καὶ
1398 1061 1507 1087 τοῦτον
1527 1060 1601 1094 πρὸς
1612 1058 1669 1092 τὴν
1679 1059 1854 1093 οἰκονομίαν

1060 1109 1117 1143 τὴν
1139 1109 1214 1135 κατὰ
1237 1107 1289 1134 τὸν
1309 1107 1444 1141 παρόντα
1453 1107 1536 1138 βίον,
1562 1106 1662 1139 σάρκα
1684 1105 1854 1138 περιϐαλὼν

1060 1154 1111 1182 καὶ
1125 1154 1233 1189 δέρμαν
1254 1152 1372 1185 ὀστέοις
1386 1151 1420 1178 δὲ
1431 1152 1479 1178 καὶ
1494 1151 1612 1184 νεύίοις
1624 1150 1741 1183 ἐνείρᾳς
1751 1158 1757 1164 ·
1777 1149 1853 1183 ζωὴν

1060 1199 1093 1226 δὲ
1107 1199 1176 1232 παρ’
1196 1197 1275 1231 αὐτῷ
1287 1197 1411 1232 θέμενος
1423 1197 1472 1223 καὶ
1496 1197 1583 1229 ἕλεος
1596 1203 1603 1210 θ
1625 1195 1665 1222 σὺ
1682 1196 1770 1229 Κύριε
1785 1197 1852 1229 φιλ-

1060 1245 1196 1279 άνθρωπε
1215 1243 1353 1278 κηδεμὼν
1374 1242 1512 1270 ἐνετείλω
1529 1242 1578 1269 διὰ
1603 1241 1656 1268 τοῦ
1680 1241 1851 1276 προφήτου,

1066 1289 1242 1317 Ἐπικάλεσαι
1256 1298 1301 1324 με,
1316 1288 1422 1323 λέγων,
1443 1289 1472 1314 ὲν
1484 1288 1577 1322 ἡμέρᾳ.
1590 1286 1706 1322 θλίψεως
1720 1296 1782 1319 σου,
1804 1287 1852 1313 καὶ

1060 1336 1204 1371 ἐξελοῦμαῐ
1230 1345 1269 1368 σε,
1297 1336 1344 1363 καὶ
1368 1335 1490 1367 δοξάσεις
1506 1344 1551 1370 με.
1573 1335 1646 1362 Ἰδοὺ
1666 1335 1704 1369 δὴ
1719 1335 1851 1369 σήμερον

1059 1382 1113 1416 τῆς
1126 1382 1241 1417 ἀγαθῆς
1252 1391 1312 1408 σου
1323 1382 1434 1415 ταύτης
1446 1381 1585 1415 ἐντολῆς,
1599 1382 1618 1415 ἡ
1632 1381 1779 1416 ἐλαχίστη
1792 1389 1851 1408 σου

1060 1428 1233 1462 θεραπαινὶς
1249 1427 1491 1462 ὑπομνησθεῖσα,
1500 1426 1632 1461 στερῤὧς
1641 1427 1850 1462 ἐπικαλοῦμαι·

1060 1474 1167 1506 ἐξελοῦ
1194 1474 1244 1500 καὶ
1269 1475 1358 1506 ρὐαι
1384 1473 1440 1508 τῆς
1466 1475 1661 1509 συνεχούσης
1680 1474 1768 1508 βίας·
1801 1473 1851 1501 και

219 1517 299 1551 finem
312 1526 391 1553 usque
406 1518 523 1553 legitime
532 1520 661 1547 desudata
670 1520 825 1550 certamine,
837 1519 884 1546 tibi
892 1519 1006 1554 gloriam

1060 1519 1240 1551 ἀπάλλαξον
1250 1519 1309 1546 τῶν
1323 1520 1450 1554 ὀδυνῶν,
1464 1520 1496 1548 αἵ
1503 1529 1542 1555 με
1563 1520 1622 1547 νῦν
1632 1519 1781 1550 πιέζοι-σι·
1801 1521 1851 1547 καὶ

218 1563 386 1596 submittam,
400 1564 479 1591 I’am'
488 1569 512 1592 et
525 1564 598 1591 Filio
609 1571 633 1592 et
646 1565 759 1600 Spiritui
768 1571 870 1597 sancto,
881 1565 1006 1600 quoniam

219 1609 291 1636 salua
304 1618 330 1636 es
343 1610 509 1644 gloriﬁcatus
522 1611 549 1637 in
567 1611 675 1638 swcula.
699 1612 791 1638 Amen.

1060 1565 1160 1597 δεῖξόν
1178 1574 1229 1600 μοι
1248 1567 1279 1592 τι)
1301 1566 1388 1599 ἔλεός
1405 1574 1475 1599 σου,
1505 1567 1554 1593 καὶ
1570 1567 1604 1593 τὸ
1624 1567 1773 1601 σωτήριόν
1791 1574 1850 1594 σου

1058 1610 1200 1646 somm-
1212 1611 1292 1644 ὅπως
1311 1612 1345 1639 ὲν
1357 1612 1406 1639 σοὶ
1414 1612 1501 1647 μέχρι
1513 1612 1619 1646 τέλους
1634 1613 1763 1647 νομίμως
1775 1612 1850 1646 ἀγω-

218 1657 376 1690 νισαμένη.
389 1657 481 1689 δόξαν
496 1657 660 1692 ἀναπέμπω
676 1666 735 1691 σοι,
748 1657 787 1690 τῷ
799 1657 889 1693 Πατρὶ
902 1658 950 1684 καὶ
966 1657 1006 1690 τῷ
1027 1657 1083 1690 Υἱῷ
1099 1658 1149 1685 καὶ
1164 1658 1204 1691 τῷ
1220 1659 1292 1693 ἁγίῳ
1307 1660 1467 1694 Πνεύματι,
1486 1660 1530 1687 ὅτι
1544 1660 1638 1695 μόνος
1674 1658 1704 1687 εἷ
1726 1660 1849 1692 δεδοξα-

218 1701 331 1736 σμένος
346 1704 390 1735 εἰς
399 1702 469 1736 τοὺς
488 1702 608 1736 αἰῶνας.
626 1703 723 1738 Ἀμήν.

255 1747 332 1775 Talia
344 1756 531 1783 comprecatus,
546 1756 561 1776 a
576 1749 652 1776 ferali
671 1749 715 1776 illa
730 1749 855 1777 machina
871 1749 985 1777 solvitur
998 1758 1006 1783 ;

219 1803 358 1830 manuque
380 1797 469 1823 statim
493 1796 594 1829 divina,
621 1796 653 1823 ad
671 1795 790 1823 nativam
806 1796 950 1823 sanitatem
964 1803 1006 1823 rc-

218 1844 338 1871 ducitur.
364 1842 470 1871 Rursus
493 1851 558 1878 ergo
579 1848 710 1871 cruentus
731 1843 776 1870 ille
798 1843 882 1878 judcx
900 1843 1007 1870 uncinis

217 1889 307 1916 acutis
323 1889 348 1915 in
362 1896 425 1915 aere
448 1897 599 1923 suspensa,
617 1893 705 1916 totum
724 1896 824 1924 corpus
844 1888 943 1916 ferreis
955 1896 1005 1915 un-

218 1935 290 1970 gulis
319 1934 446 1961 dilaniari
471 1934 559 1970 jubet.
597 1935 759 1970 Rursusque
789 1935 835 1962 illa
862 1934 1002 1962 Christum

217 1987 310 2010 orans,
328 1979 560 2015 propensiorequc
576 1979 622 2007 Dei
636 1987 704 2008 cura
721 1980 825 2012 l'ruens,
841 1980 1003 2008 carniﬁcum

217 2025 339 2053 dissolvit
364 2026 455 2059 lorus;
472 2025 658 2061 depositaque,
679 2026 756 2054 facile
775 2034 790 2054 a
806 2026 944 2054 laboribus
962 2033 1004 2054 re-

216 2076 337 2105 creatur,
354 2076 381 2099 et
403 2072 437 2099 ad
461 2072 579 2100 nativam
597 2072 677 2101 citius
691 2073 790 2100 bonam
814 2072 1001 2100 habitudinem

217 2117 297 2144 redit.

253 2203 286 2230 At
311 2212 345 2230 ne
370 2204 410 2231 sic
436 2204 543 2239 quidem
571 2203 702 2239 insipiens
730 2204 816 2232 voluit
841 2204 999 2239 intelligere.
1018 2220 1041 2250 υ

216 2247 299 2276 Plane
312 2250 384 2277 enim
400 2257 509 2285 pugnax
525 2250 664 2277 contentio
678 2255 747 2282 erat,
764 2250 804 2278 uti
825 2251 897 2285 quod
914 2251 1002 2279 oculis

217 2294 368 2328 subjectum
388 2299 456 2327 erat,
479 2294 654 2323 Anastasiam
673 2295 742 2323 inter
765 2295 948 2331 Probumquc,
964 2297 1004 2325 sic

217 2338 345 2365 nimirum
384 2339 456 2374 quod
495 2345 585 2367 mente
621 2340 839 2376 intelligebatur,
863 2341 1002 2369 Christum

217 2383 288 2411 inter
310 2388 337 2411 et
361 2385 584 2414 Antichristum:
614 2386 688 2413 hunc
710 2394 818 2422 nempe,
833 2387 885 2415 hoe
901 2395 1003 2415 conan—

217 2434 282 2462 tem.
299 2434 356 2457 uta
371 2435 445 2458 recto
462 2439 542 2458 sensu
557 2436 695 2459 avocatam
707 2453 714 2465 ,
733 2432 941 2460 simulacrorum
958 2433 999 2460 in-

215 2475 400 2509 quinamentis
423 2476 571 2510 pollueret;
597 2476 673 2504 illum
696 2485 759 2505 vero
780 2478 832 2505 hoc
845 2478 998 2506 studentem

214 2527 247 2547 ac
263 2527 396 2555 propense
415 2527 550 2556 agentem,
566 2527 595 2549 ut
619 2523 665 2549 illo
687 2523 811 2558 depulso,
839 2524 999 2552 incontami—

215 2571 309 2593 natum
325 2574 405 2594 suum
423 2567 474 2595 sibi
491 2568 648 2602 ﬁgmentum
665 2569 816 2597 exhiberet.
885 2564 891 2570 ’

251 2612 337 2639 Ursos
349 2612 427 2640 aiunt
439 2614 466 2640 in
482 2614 577 2642 lustris
593 2614 742 2647 latitantes,
760 2615 807 2642 ubi
821 2615 904 2643 semel
922 2622 937 2642 a
952 2623 998 2643 vc-

214 2659 356 2687 natoribus
377 2659 404 2686 in
425 2660 507 2687 corde
518 2660 618 2688 vulnus
634 2661 798 2696 acceperint,
816 2661 997 2696 itnportabilis

214 2705 260 2731 ira;
285 2705 351 2738 ﬁeri,
379 2713 412 2734 ac
436 2706 567 2742 quidquid
594 2706 729 2740 inciderit,
743 2711 853 2741 repente
869 2715 994 2735 enecare.

213 2749 287 2777 'l'alis
302 2755 366 2778 tunc
381 2757 439 2780 erat
457 2751 576 2786 Probus;
594 2753 634 2780 sic
656 2752 786 2780 nimirum
802 2752 848 2779 irae
861 2752 995 2788 impotens

1092 1747 1210 1775 Τοιαῦτα
1227 1748 1445 1784 προσευχομένη,
1472 1748 1566 1776 λύεται
1591 1749 1640 1784 μὲν
1665 1749 1712 1776 τοῦ
1727 1750 1847 1785 χαλεποῦ

1058 1797 1253 1832 μηχανήματος
1267 1795 1372 1822 ἐκείνου
1383 1803 1391 1810 ·
1408 1795 1481 1830 χειρὶ.
1499 1795 1527 1822 δὲ
1555 1795 1684 1830 παραυτὰ
1699 1797 1846 1831 κρείττονι,

1055 1844 1125 1880 πρὸς
1136 1844 1185 1878 τὴν
1201 1843 1273 1870 κατὰ
1290 1843 1371 1878 φύσιν
1387 1843 1466 1876 ὑγίαν
1479 1842 1613 1869 ἐπάνεισι.
1630 1842 1715 1869 Πάλιν
1727 1840 1773 1869 οὖν
1785 1842 1847 1874 ὀξέ-

1056 1898 1098 1916 σιν
1113 1889 1198 1925 αὖτὴν
1213 1889 1333 1923 ὁγκινοις
1351 1890 1365 1915 ὁ
1378 1889 1462 1920 δεινὸς
1480 1889 1583 1920 ἐκεῖνος
1598 1888 1727 1924 δικαστὴς
1741 1889 1782 1920 εἰς
1801 1888 1847 1915 τὸν

1056 1936 1124 1970 ἀέρα
1145 1935 1384 1970 μετεωρισθεῖσαν,
1401 1935 1457 1960 πᾶν
1484 1933 1603 1969 σιδηροῖς
1630 1933 1705 1966 δνυξι
1720 1934 1750 1960 τὸ
1767 1935 1847 1969 σῶμα

1056 1979 1161 2006 κελεύει
1191 1978 1422 2011 καταξαινεσθαι·
1456 1977 1504 2004 καὶ
1533 1977 1614 2004 πάλιν
1636 1978 1706 2014 αὐτὴ
1736 1978 1846 2013 Χριστῷ

1056 2025 1274 2062 προσευχομένη,
1300 2025 1346 2052 καὶ
1373 2024 1525 2060 κρείττονος
1549 2024 1716 2059 εὐμοιροῦσα
1740 2033 1846 2061 προμη-

1056 2071 1140 2103 Θειας,
1166 2072 1258 2098 ὲκλύει
1271 2072 1321 2106 μὲν
1331 2071 1379 2106 τὴν
1394 2070 1448 2097 τῶν
1462 2069 1568 2105 δημίων
1578 2070 1717 2097 εὐτονίαν
1735 2079 1845 2097 κατενε-

1056 2117 1150 2153 χθεῖσα
1159 2117 1197 2149 δὲ,
1213 2117 1310 2153 ῥᾳδίως
1320 2125 1349 2143 τε
1365 2116 1419 2143 τῶν
1434 2117 1523 2143 πόνων
1542 2116 1644 2148 ἀνεῖτο,
1656 2117 1703 2142 καὶ
1717 2116 1784 2152 πρὸς
1796 2117 1845 2152 τὴν

1055 2164 1172 2198 φυσικὴν
1185 2163 1291 2195 εὐεξίαν
1302 2162 1385 2194 ὀξέως
1401 2163 1525 2198 ἐπανῄει.

1096 2209 1166 2235 Ἀλλ’
1182 2209 1236 2235 οὐδ’
1258 2208 1344 2240 οὕτως
1363 2209 1377 2234 ὁ
1393 2208 1522 2240 ἀσύνετος
1539 2209 1676 2245 ἠϐουλήθη
1701 2208 1842 2235 συνιέναι·

1053 2254 1155 2289 ἅμιλλα
1168 2254 1221 2288 γὰρ
1240 2254 1324 2285 ὅντως
1337 2252 1380 2289 ἦν,
1398 2254 1491 2289 ὥσπερ
1516 2254 1546 2280 τὸ
1570 2254 1745 2290 βλεπόμενον,
1767 2255 1843 2280 ’Λνα-

1053 2299 1164 2331 στασιας
1191 2298 1292 2334 μεταξὺ
1307 2299 1354 2325 καὶ
1368 2299 1485 2334 Πρόϐου,
1504 2299 1574 2326 οὕτω
1591 2300 1623 2335 δὴ
1638 2300 1668 2327 τὸ
1687 2299 1841 2334 νοούμενον,

1052 2345 1170 2381 Χριστοῦ
1185 2346 1232 2371 καὶ
1253 2345 1437 2380 Ἀντιχρίστου
1450 2353 1457 2359 ’
1474 2344 1520 2371 τοῦ
1542 2345 1602 2379 μὲν,
1614 2346 1688 2376 ὅπως
1699 2344 1746 2379 τῆς
1759 2344 1842 2380 ὀρθῆς

1052 2391 1208 2426 ἀποστήσας
1234 2390 1363 2422 διανοίας.
1392 2390 1509 2417 εἰδώλων
1532 2391 1669 2426 μιάσμασι
1698 2390 1841 2426 βεϐηλώσῃ

1051 2436 1232 2472 πειρωμένου·
1244 2436 1289 2463 τοῦ
1301 2436 1334 2469 δ’,
1347 2437 1420 2467 ὅπως
1430 2437 1534 2463 ἐκεῖνον
1545 2428 1732 2473 ἀποστρέψας,
1742 2436 1841 2472 ἀμίαν-

1050 2492 1094 2511 τον
1120 2484 1209 2519 ἐαυτῷ
1231 2484 1395 2520 παραστήσῃ
1420 2484 1450 2510 τὸ
1477 2484 1543 2511 ἴδιον
1558 2484 1761 2515 ἐνευδοκοῦντος
1774 2483 1839 2511 πλά-

1049 2539 1115 2566 qua.

1083 2619 1139 2650 Τὰς
1153 2619 1203 2655 μὲν
1216 2620 1248 2655 δὴ
1263 2620 1388 2654 φωλάδας
1403 2620 1457 2648 τῶν
1467 2621 1586 2656 ἄρκτων,
1601 2621 1694 2655 φασὶν,
1710 2621 1794 2648 ἐπειέ
1805 2621 1839 2648 ἂν

1049 2665 1123 2698 ἅπαξ
1137 2666 1206 2701 πρὸς
1221 2666 1274 2692 τῶν
1289 2665 1416 2701 θηρατῶν
1431 2666 1612 2702 κατακάρδιον
1627 2667 1756 2700 δέξωνται
1769 2667 1836 2701 πλη-

1049 2710 1111 2745 γὴν,
1124 2711 1278 2746 ἀφορήτους
1294 2720 1324 2738 τε
1336 2711 1468 2745 γίνεσθαι,
1487 2713 1534 2739 καὶ
1551 2713 1605 2739 πᾶν
1621 2712 1651 2738 τδ
1667 2712 1836 2748 προσπίπτον

1050 2755 1214 2788 ἐξαπιναίως
1227 2757 1360 2793 ἀναιρεῖν.
1378 2757 1504 2790 Τοιοῦτος
1519 2756 1552 2794 ἦν
1575 2759 1635 2785 τότε
1655 2758 1766 2795 Πρόὸος.
1782 2756 1834 2783 Οὖ-

249 2835 337 2863 ⁴Βιιιι.
360 2846 400 2872 ιιι,
414 2839 455 2866 l9.
517 2840 585 2867 Gen.
602 2849 621 2874 ι,
634 2841 679 2868 26.
718 2842 729 2857 ⁵
747 2840 799 2869 Job
818 2849 843 2875 κ,
858 2842 902 2875 ll,
921 2843 963 2869 1‘2.
1001 2843 1009 2858 ’

1058 2843 1100 2871 sal.
1117 2851 1188 2878 ntv,
1207 2844 1250 2872 l5.
1288 2845 1298 2860 '
1317 2843 1390 2873 Psal.
1405 2853 1514 2878 Lxxxw,
1530 2846 1556 2873 8.
