2089 3151
197 159 250 192 361

589 156 731 188 ORATIO
744 157 838 188 XVII.
851 170 884 177 —-
902 156 943 188 IN
961 156 1119 188 LAUDEM
1132 157 1161 187 S.
1183 156 1410 188 ANASTASIIE.

1774 159 1830 192 36}

196 223 251 246 τως
262 206 376 249 ’ἐξοργός
391 221 433 245 τις
449 212 498 240 καὶ
510 211 667 248 βιρύχολος,
679 213 809 240 eaeaeae
820 213 918 241 πολλοῦ
931 214 991 242 τοῦ-

1041 217 1166 241 evaserat
1176 214 1307 249 gravique
1315 214 1368 241 bile
1382 218 1546 246 excesserat,
1559 218 1590 241 ut
1609 221 1704 249 parum
1714 215 1833 247 abfuerit

196 269 243 288 τον
259 260 312 287 ἔδει
324 259 371 287 τοῦ
395 259 489 295 θρόνου
509 267 541 285 τε
553 258 739 295 διαναστῆναι,
754 261 800 287 καὶ
813 261 869 292 τοῖς
884 260 989 288 ὀδοῦσιν

196 306 281 341 ὠμῶν
292 305 347 333 τῶν
363 306 537 345 παρθενικιῖω
552 306 702 341 ἐνάψασθαι
718 307 839 342 σαρκῶν.

232 351 345 387 Πρῶτον
357 351 403 379 οὖν
420 352 491 379 κατὰ
507 353 562 379 τῶν
581 353 690 388 σεμνῶν
713 354 759 380 καὶ
787 353 888 388 τιμίων
906 353 990 380 ὡπλί-

197 405 263 423 σατο
278 397 389 432 μαστῶν
399 406 406 414 ·
425 398 472 425 καὶ
485 397 559 434 ξυρῷ
580 398 694 430 τούτους
716 400 730 425 6
746 398 894 434 ὠμοφάγος
910 407 990 434 περι-

196 443 275 475 ελὼν,
295 444 475 479 δριμυτάταις
512 444 620 476 ὀδύναις
658 444 792 472 θανατοῦν
820 446 988 481 ἐμηχανᾶτο.

198 490 270 516 Ἰστε
289 490 316 516 δὲ
329 490 448 522 πάντως,
464 490 493 517 οἵ
500 499 531 524 γε
550 490 600 525 τὴν
614 490 787 526 κατασκευὴν
804 490 852 517 τοῦ
864 490 990 525 σώματος

196 536 306 567 εἰδότες,
319 535 358 567 ὡς
371 537 403 562 ὲκ
415 535 526 571 σαρκῶν
544 537 592 563 καὶ
605 536 682 571 μυῶν
695 537 743 564 καὶ
764 537 869 572 νεύρων
882 537 942 564 τοδε
958 537 989 563 τὸ

197 581 280 617 μέρος
299 581 435 613 συνεστὼς
445 602 454 614 ,
476 581 708 617 αίσθητικώτατόν
728 583 802 609 ἐστιν
813 590 819 597 ·
831 583 879 609 ἅτε
893 582 925 617 δὴ
941 582 989 609 καὶ

195 626 309 661 πλησίον
333 627 382 662 τῆς
410 627 502 662 πηγῆς
524 627 579 654 τῶν
605 627 768 663 αἰσθήσεων,
794 627 843 662 τῆς
861 627 987 663 καρδίας,

195 672 278 706 φημὶ,
297 671 511 706 καθιδρυμένον·
529 673 577 699 καὶ
600 672 783 707 τεμνόμενον,
799 671 988 707 ὀδυνηροτάτῳ

196 718 273 752 μόρῳ
301 717 486 752 παραδίδωσι·
502 717 549 744 τοῦ
570 717 688 749 ζωτικοῦ
714 718 762 744 καὶ
776 717 841 752 περὶ
853 717 902 753 τὴν
917 725 987 752 καρ-

193 762 253 789 δίαν
276 762 391 797 αἵματος
420 762 478 798 ἅμα
502 763 541 798 τῷ
565 763 674 798 ψυχικῷ
693 763 830 798 πνεύματι
852 763 989 798 συναπορ-

194 808 311 845 ρἐντος.
333 808 403 834 Ἀλλ’
418 809 435 844 ἠ
451 808 502 843 τῆς
528 809 702 840 ἀναστάσεως
718 808 872 843 ἐπώνυμος,
891 808 921 834 οὺ
947 807 988 843 τῷ

193 853 268 889 νόμῳ
280 854 328 888 τῆς
340 854 459 888 φύσεως,
472 854 540 881 ἀλλὰ
554 855 602 890 τῆς
616 854 791 885 ἀναστάσεως
804 853 985 889 ὑποκειμένη.

194 899 238 926 καὶ
253 899 300 926 τοῦ
315 898 430 925 Θανάτου
446 899 619 935 περιγέγονε,
632 900 744 926 καὶτῶν
755 899 858 926 ὠδίνων
872 899 985 926 ἐκείνων
1001 890 1022 917 Β

193 945 292 981 ῥᾳδίως
308 946 468 981 ὑπερέσχεν.
489 947 521 972 Ὦ
532 947 641 981 μαστοὶ,
653 947 684 973 οὑ
701 946 772 981 γάλα
780 946 885 981 τροφὴν
898 945 985 980 προρ-

193 992 301 1026 ρἐντες
325 992 443 1026 νηπίοις,
468 992 536 1019 ἀλλά
552 992 719 1028 μαρτυρικδν
733 989 804 1026 αἷμα
826 991 985 1022 σπένδοντες

192 1035 325 1070 Χριστῴί
354 1036 386 1062 Ὢ
415 1037 527 1072 μαστοὶ,
555 1037 680 1072 καθάπερ
694 1036 742 1063 δύο
761 1036 852 1072 νεϐροὶ
879 1036 985 1070 δίδυμοι

191 1079 319 1115 δορκάδος
327 1080 496 1116 διαλλόμενοι
509 1081 553 1108 τοῦ
564 1081 707 1117 σώματοςί
723 1081 884 1117 Προσᾳδέτω
893 1082 947 1116 γάρ
959 1089 986 1108 τι

190 1124 297 1157 τούτοις
325 1125 372 1152 καὶ
400 1127 414 1153 6
442 1126 570 1162 Σολομὼν
583 1135 590 1142 ·
620 1127 720 1162 μᾶλλον
736 1127 764 1153 δὲ
780 1128 794 1153 6
806 1127 932 1162 Νυμφίος
949 1129 983 1162 τῇ

191 1171 294 1206 Νύμφῃ
304 1173 509 1206 προσφωνείτω,
521 1172 555 1199 δι’
568 1172 598 1199 ὃν
610 1172 678 1208 αὐτὴ
693 1173 754 1204 τοὺς
770 1173 889 1208 μαστοὺς
896 1172 985 1206 ἐξεθε-

193 1217 293 1252 ΡίξετΨ
309 1219 339 1245 Τί
350 1218 584 1253 ὲκαλλιώθησαν
591 1220 704 1254 μαστοι
719 1227 788 1250 σου,
798 1219 914 1254 ἀδελφή
924 1228 983 1254 μου

189 1265 317 1299 νύμφη]
337 1265 365 1291 τί
383 1265 614 1300 ἐκαιίλιὼθησαν
635 1268 748 1301 μαστοι
763 1268 842 1294 σονί
864 1267 915 1294 οὐκ
930 1266 984 1294 ἀπὸ

190 1311 274 1342 οἴνου,
288 1311 345 1339 ἀλλ’
354 1312 407 1339 ἀπὸ
419 1311 466 1339 τοῦ
484 1312 584 1340 οἰκείου
600 1313 733 1348 αῖματοςί

233 1356 292 1382 Ἐπὶ
312 1355 430 1389 τούτοις,
443 1357 513 1384 κατὰ
524 1358 579 1384 τῶν
592 1357 698 1393 ὀνύχων
709 1359 724 1385 6
734 1358 842 1394 ἀπηνὴς
854 1359 984 1393 διηγωνί-

190 1410 258 1429 σατο
267 1410 273 1416 ·
295 1401 342 1434 οὓς
365 1402 471 1435 πάντας
485 1403 598 1440 ἀπηνῶς
615 1404 746 1432 ἀνασπῶν
759 1406 806 1431 καὶ
819 1405 982 1442 ριζοτομῶν,

189 1447 372 1478 ἀνυποίστους
397 1447 466 1483 αὐτῇ
494 1448 645 1483 προσάγειν
668 1448 738 1484 ᾤετο
763 1450 871 1482 πόνους.
893 1450 925 1477 Ἦ
943 1451 982 1483 δὲ,

190 1493 318 1528 καθάπερ
329 1493 432 1528 τριχῶν
449 1494 607 1529 ἀφαίρεσιν,
619 1495 692 1522 οὕτω
702 1495 866 1532 λογιζομένη
880 1497 983 1524 τούτων

188 1541 240 1575 τὴν
254 1539 409 1575 ὲκρίζωσιν,
422 1539 583 1575 ηὑχαρίστει
601 1542 651 1577 μὲν
665 1541 703 1577 τῷ
718 1542 786 1578 πρὸς
799 1543 848 1575 τὰς
868 1542 982 1578 ἀλγηδό-

190 1595 240 1618 νας
251 1585 449 1622 ὲπιρρωννύντι
464 1586 574 1622 Χριστῷ
583 1595 590 1603 ·
602 1588 822 1624 κατερρητόρευε
837 1588 866 1615 δὲ
879 1588 926 1615 τοῦ
943 1589 982 1615 δι-

188 1633 310 1659 καστοῦ·
335 1632 414 1665 θεούς
441 1642 472 1660 τε
502 1634 738 1669 ἀναθεματίζουσα
764 1635 811 1661 καὶ
840 1634 980 1669 δαίμονας,

190 1678 278 1714 ψυχῆς
292 1679 444 1714 βεόήλωσιν
461 1681 510 1716 τὴν
524 1680 614 1708 αὐτῶν
628 1679 814 1716 προσκύνησιν
829 1678 980 1714 ὠνόμαζεν.

190 1725 224 1750 Ὦ
239 1725 344 1760 ὄνυχες,
376 1726 471 1761 μικροὶ
495 1727 546 1762 μὲν
559 1726 590 1753 τὸ
618 1725 743 1761 μέγεθος,
759 1725 808 1752 καὶ
831 1725 882 1761 τὴν
904 1724 981 1757 τάξιν

189 1771 311 1806 ἔσχατοι,
334 1772 461 1807 μεγάλων
471 1772 500 1799 δὲ
515 1773 563 1800 καὶ
574 1773 686 1799 τελείων
703 1771 829 1807 πρόξενοι
842 1770 981 1806 στεφάνων

189 1818 332 1853 γενόμενοι
343 1827 350 1835 ·
371 1818 477 1854 ὗνυχες,
496 1818 536 1854 τῷ
554 1827 583 1845 τε
594 1818 674 1853 ὕνυχι
691 1818 738 1845 καὶ
756 1819 788 1853 τῇ
803 1819 917 1853 στακτῇ,
935 1818 982 1844 καὶ

189 1865 246 1895 τοῖς
261 1864 350 1896 ἀλλοις
362 1863 491 1900 ἀρώμασι
509 1863 718 1900 προσεοικότεςσ
733 1861 774 1895 οἷς
787 1863 890 1898 Μωσῆς
908 1863 981 1889 ἐκεῖ·

189 1918 234 1940 νος
248 1910 278 1936 τὸ
296 1910 345 1945 τῆς
367 1910 520 1942 συνθέσεως
543 1909 818 1944 κατασκευαζόμενος
843 1909 979 1944 θυμίαμα,

189 1955 286 1983 θυσίαν
299 1955 385 1991 εὐώδη
402 1957 524 1992 προσῆγε
537 1955 576 1992 τῷ
590 1954 660 1992 Θεῷ.

225 2051 287 2082 Τοῖς
303 2049 376 2082 ὂνυξι
390 2049 429 2082 δὲ,
444 2049 545 2085 χειρῶν
561 2048 628 2084 ὁμοῦ
644 2049 690 2075 καὶ
704 2048 790 2075 ποθῶν
803 2048 817 2075 6
833 2046 981 2082 μιαιφονώ-

188 2105 267 2127 τατος
284 2095 439 2131 προσετίθει
452 2095 502 2131 τὴν
519 2095 673 2130 ἀποκοπὴν.
692 2093 767 2120 Ἔδει
783 2093 837 2130 γὰρ
850 2092 926 2124 ἴσως,
943 2092 980 2128 μὴ

189 2143 223 2169 τὰ
233 2143 384 2177 λεπτότερα
402 2141 494 2176 μόνον,
511 2140 579 2167 ἀλλὰ
596 2141 644 2167 καὶ
660 2139 694 2166 τὰ
710 2139 764 2166 τῶν
782 2138 884 2175 μορίων
900 2137 979 2173 ἁδρό-

189 2197 257 2223 τερα
270 2188 320 2222 τῆς
334 2186 533 2223 ὁσιομάρτυρος
545 2186 745 2221 καλλιερεῐσθαι
756 2193 763 2200 ·
784 2185 832 2211 καὶ
854 2183 979 2219 καθάπερ

1041 259 1106 294 quin
1124 266 1140 286 e
1166 259 1266 286 throno
1290 258 1439 291 dissiliens,
1467 259 1567 288 crudas
1594 259 1708 294 virginis
1735 269 1831 292 carnes

1040 305 1168 332 dentibus
1183 305 1324 332 laceraret.

1075 349 1197 377 Primum
1214 351 1305 385 itaque
1320 350 1454 378 adversus
1467 351 1596 379 honestas
1608 360 1641 380 ac
1657 354 1830 383 venerabiles

1041 404 1174 424 mammas
1189 402 1324 430 armatur,
1340 397 1429 432 iisque
1442 398 1588 426 crudivora
1601 399 1690 427 bellua
1706 405 1831 435 amputa-

1041 442 1085 473 tis,
1110 442 1295 469 acerbissimis
1314 442 1456 471 doloribus
1478 443 1634 471 interimere
1657 446 1829 475 moliebatur.

1040 487 1157 515 Prorsus
1174 495 1239 515 vero
1256 488 1344 520 scitis,
1365 493 1501 523 quotquot
1518 489 1643 524 corporis
1661 495 1829 519 structuram

1041 541 1096 560 non
1112 534 1256 569 ignoratis,
1273 534 1344 562 hanc
1359 534 1421 569 ejus
1436 539 1553 570 partem.
1572 536 1674 570 quippe
1690 544 1750 571 qua:
1767 545 1831 564 ear-

1039 580 1120 607 nibus
1140 584 1167 606 et
1191 580 1322 607 musculis
1345 585 1427 616 atque
1454 581 1545 608 nervis
1567 586 1684 613 constet.
1712 583 1831 610 maxime

1039 633 1122 652 sensu
1139 626 1241 660 vigere,
1256 625 1384 661 quodque
1406 633 1489 661 prope
1511 633 1643 654 sensuum
1657 627 1760 655 fontem
1774 629 1831 656 col-

1040 670 1128 698 locata
1143 671 1194 698 sit:
1214 679 1262 699 cor
1284 671 1411 699 nimirum
1427 681 1434 699 :
1454 679 1486 699 ac
1520 672 1542 700 si
1562 678 1729 708 amputetur.
1746 675 1830 702 diris-

1039 716 1110 743 simo
1123 717 1247 743 cruciatu
1264 721 1380 743 mortem
1405 717 1571 750 consciscit;
1589 726 1686 753 nempe
1700 719 1784 750 vitali.
1803 725 1830 747 et

1039 762 1084 796 qui
1099 762 1171 789 circa
1186 770 1246 795 cor,
1264 763 1378 797 sanguis
1390 763 1508 797 exsistit,
1522 771 1584 791 cum
1601 764 1712 791 animali
1730 765 1829 800 spiritu

1039 806 1139 840 pariter
1150 807 1294 834 deﬂuente.
1310 807 1355 838 At,
1368 809 1412 835 cui
1433 815 1449 835 a
1468 809 1665 836 resurrectione
1683 811 1829 844 appellatio

1037 858 1105 884 erat,
1130 861 1183 880 non
1206 854 1256 888 legi
1271 858 1384 886 naturae,
1400 853 1448 881 sed
1472 855 1681 883 resurrectionis
1697 856 1827 888 obnoxia.

1038 904 1094 927 tum
1112 905 1226 927 mortem
1248 902 1398 935 superavit,
1415 906 1472 927 tum
1493 899 1546 928 illis
1565 900 1644 928 facile
1658 902 1827 930 cruciatibus

1037 951 1175 980 superstes
1203 945 1263 972 fuit.
1286 944 1308 972 0
1337 945 1432 978 ubera,
1456 953 1517 980 quae
1538 953 1591 972 non
1613 945 1656 973 lac
1675 946 1828 974 infantibus

1037 990 1182 1025 profluant,
1211 991 1259 1019 sed
1291 991 1413 1027 martyrii
1441 999 1562 1019 amonm
1587 992 1698 1020 Christo
1721 993 1825 1021 libeutl

1036 1036 1058 1064 0
1074 1038 1168 1070 ubera,
1187 1038 1259 1064 vrlut
1275 1038 1328 1064 duo
1345 1037 1450 1064 hinnuli
1460 1037 1568 1072 gemelli
1579 1045 1594 1065 e
1605 1045 1710 1073 caprea:
1724 1040 1826 1066 salien-

1036 1089 1075 1111 tes
1088 1084 1230 1119 corpore“
1243 1085 1248 1110 ί
1267 1084 1380 1111 Aecinat
1388 1084 1461 1111 enim
1473 1084 1515 1112 bis
1523 1084 1625 1119 aliquid
1637 1089 1664 1112 et
1676 1084 1804 1112 Salomon
1817 1095 1825 1113 :

1035 1130 1105 1163 Quin
1131 1131 1222 1165 potius
1239 1130 1362 1165 Sponsus
1377 1137 1485 1165 sponsae
1506 1131 1648 1163 acclamet,
1668 1130 1748 1165 cujus
1762 1138 1826 1166 ergo

1035 1175 1072 1201 illi
1104 1175 1186 1202 ubera
1211 1173 1350 1210 amputata
1377 1184 1384 1202 :
1409 1176 1495 1207 Quam
1520 1175 1637 1210 pulchra:
1661 1177 1742 1211 [acut
1764 1182 1825 1204 sum

1035 1229 1156 1248 mainqu
1169 1227 1231 1253 tute,
1242 1229 1317 1249 soror
1329 1230 1386 1248 mea
1399 1229 1505 1256 sponsa,
1519 1230 1600 1257 quam
1615 1222 1732 1256 pulo/me
1747 1223 1825 1257 facta

1034 1272 1096 1295 sunt
1125 1275 1248 1295 maman
1273 1268 1363 1295 tute'!
1390 1275 1444 1295 non
1468 1275 1483 1295 a
1500 1267 1574 1300 vino,
1600 1268 1647 1295 sed
1671 1276 1688 1295 a
1715 1268 1826 1303 proprio

1034 1322 1141 1341 cruore.

1069 1358 1108 1388 'Ad
1135 1361 1192 1388 haec
1216 1361 1346 1389 adversus
1375 1369 1480 1397 ungues
1495 1368 1568 1389 saevo
1588 1361 1627 1389 illi
1653 1367 1823 1397 assumptum

1034 1411 1172 1433 certamen
1195 1411 1255 1439 est;
1271 1414 1342 1441 quos
1364 1414 1462 1435 omnes
1485 1407 1642 1434 immaniter
1659 1408 1779 1435 evellens
1792 1414 1826 1434 ac

1033 1460 1048 1480 a
1078 1453 1216 1480 radicibus
1241 1460 1355 1485 secans,
1384 1453 1568 1481 intolerabiles
1591 1461 1621 1482 se
1649 1453 1689 1481 illi
1717 1453 1825 1481 dolores

1033 1499 1130 1526 afferre
1145 1499 1338 1526 arbitrabatur.
1356 1498 1401 1526 Illa
1428 1507 1504 1533 vero,
1525 1506 1557 1526 ac
1576 1498 1598 1527 si
1616 1499 1706 1534 capilli
1726 1500 1825 1526 detun-

1033 1545 1171 1577 derentur.
1190 1545 1225 1572 ita
1241 1550 1372 1580 reputans
1386 1545 1460 1580 quod
1471 1545 1566 1573 dentes
1577 1545 1710 1573 radicitus
1727 1545 1825 1573 evelle-

1034 1591 1142 1623 bantur,
1159 1592 1262 1626 gratias
1277 1591 1387 1619 Christo
1403 1592 1508 1627 agebat,
1523 1591 1567 1625 qui
1585 1591 1671 1619 robur
1691 1591 1823 1619 adversus

1033 1638 1172 1666 cruciatus
1193 1642 1344 1672 praestaret,
1370 1645 1402 1665 ac
1425 1638 1546 1672 judicent
1565 1637 1655 1664 verbis
1670 1637 1824 1664 confunde-

1033 1685 1093 1717 bat,
1117 1684 1237 1719 deosque
1270 1691 1302 1711 ac
1322 1683 1459 1711 daemones
1481 1683 1548 1711 diris
1574 1683 1731 1716 devovens,
1756 1690 1823 1710 eon-

1033 1730 1234 1764 spurcationem
1269 1729 1352 1757 animi
1393 1729 1503 1757 iliorum
1534 1729 1638 1757 cultum
1674 1729 1822 1756 vucitabnt.

1033 1773 1055 1802 Ο
1081 1782 1195 1809 ungues,
1225 1774 1296 1802 molc
1322 1774 1430 1809 quidem
1452 1775 1541 1810 exigui
1562 1779 1644 1810 atque
1664 1775 1759 1802 ordine
1775 1782 1823 1809 po-

1032 1821 1138 1853 stremi,
1153 1820 1199 1855 qui
1224 1824 1315 1848 tamen
1338 1828 1498 1855 magnarum
1514 1819 1749 1855 ae'perfcctarum
1774 1828 1823 1848 ex-

1033 1865 1142 1893 stitistis
1155 1871 1281 1893 auctores
1302 1867 1480 1893 coronarum!
1505 1865 1527 1893 0
1540 1872 1655 1900 ungues,
1674 1866 1781 1900 uugulm
1796 1870 1827 1892 et

1031 1916 1126 1939 stacta:
1147 1911 1263 1946 aliisque
1288 1912 1458 1939 aromatibus
1485 1911 1598 1942 similes,
1612 1910 1711 1945 quibus
1733 1910 1823 1938 Moses

1033 1956 1078 1983 ille
1114 1957 1256 1983 incensum
1285 1956 1492 1991 compositionis
1519 1963 1696 1990 praeparans,
1728 1956 1821 1982 suavis

1031 2001 1187 2036 fragrantia
1204 2002 1321 2029 hostiam
1338 2001 1392 2029 Deo
1407 2002 1534 2029 offerebat
1550 2003 1584 2029 ".
1604 2001 1608 2005 '

1069 2047 1154 2074 Porro
1169 2048 1306 2082 unguibus
1316 2067 1323 2080 ,
1342 2055 1439 2075 manus
1454 2047 1559 2082 pariter
1571 2047 1710 2082 pedesque
1725 2055 1822 2082 ampu-

1031 2094 1128 2122 tandos
1146 2094 1357 2122 cruentissimus
1373 2094 1481 2129 adjecit.
1500 2094 1581 2122 Forte
1599 2094 1672 2122 enim
1694 2094 1818 2127 decebat,

1032 2144 1061 2166 ut
1081 2147 1135 2167 non
1158 2140 1247 2167 solum
1261 2140 1443 2173 tenuioribus,
1458 2147 1552 2167 verum
1567 2140 1649 2167 etiam
1672 2140 1814 2167 robustio-

1032 2185 1107 2212 ribus
1133 2189 1235 2212 sancta:
1261 2185 1373 2220 virginis
1401 2185 1525 2220 partibus
1548 2184 1603 2212 Deo
1630 2185 1820 2212 litareturzac

189 2235 311 2269 ἄμπελος
336 2233 556 2269 εὐκληματοῠσα,
584 2232 693 2267 ὁσῳπερ
707 2231 740 2257 ἂν
759 2231 814 2257 τῶν
842 2229 992 2271 περιττῶνη

1034 2231 1103 2258 sicut
1115 2230 1178 2258 vitis
1192 2231 1350 2266 palmitibus
1362 2230 1529 2264 eluxurians,
1552 2238 1607 2266 quo
1624 2230 1711 2264 magis
1724 2238 1820 2265 super-

189 2280 239 2314 τὴν
266 2279 384 2315 βλάστην
411 2279 609 2314 ἀποτέμνηται,
644 2277 764 2312 τοσούτῳ
790 2276 839 2311 τῆς
863 2277 893 2302 ὲν
908 2275 977 2311 αὑτῇ

168 2359 171 2361 _
190 2325 309 2359 ζωτικῆς
323 2325 464 2359 δυνάμεως
485 2325 549 2359 περὶ
566 2323 669 2359 βραχὺν
683 2321 872 2357 συναγομένης
885 2321 978 2354 τόπον,

190 2371 274 2402 πολὺς
290 2370 340 2405 μὲν
353 2371 366 2396 ὁ
382 2369 505 2405 καρπός·
521 2368 660 2403 εὐτραφὴς
674 2368 702 2394 δὲ
718 2368 732 2394 6
745 2367 851 2402 βότρυς,
868 2366 915 2392 καὶ
932 2366 980 2393 δα-

189 2416 269 2451 ψιλὴς
284 2416 299 2441 6
314 2413 385 2447 οἶνος
402 2415 537 2450 καταρρεῖ
563 2413 617 2440 τῶν
644 2412 748 2448 ληνῶν·
767 2412 837 2439 οὕτω
852 2411 885 2447 δὴ
900 2412 946 2439 καὶ
962 2413 979 2447 ἡ

190 2462 336 2498 παρθένος,
350 2462 405 2496 ὅσῳ
414 2460 448 2487 τὰ
466 2460 533 2496 μέλη
561 2459 754 2494 κατιτέμνετο,
768 2457 894 2484 τοσοῦτον
913 2458 978 2484 ἐκύ-

190 2508 288 2544 πριζιν
304 2508 353 2542 μὲν
364 2507 451 2541 αὐτῆς
473 2507 504 2533 τὺ
528 2506 578 2541 τῆς
601 2505 745 2540 ὁμολογίας
771 2503 865 2535 ἄνθος·
880 2504 904 2530 οι
929 2504 980 2538 τῆς

191 2553 344 2589 μαρτυρίας
360 2552 389 2579 δὲ
404 2551 515 2588 βότρυες
530 2550 738 2586 πληθυνόμενοι,
749 2549 798 2584 τὴν
811 2549 862 2584 τῆς
874 2549 979 2584 ὑπομο-

190 2600 238 2634 νῆς
257 2599 378 2626 ἐδίδοσαν
402 2599 506 2634 ὀσμήν·
530 2598 561 2624 τὸ
575 2593 646 2632 αἷμα
665 2596 693 2623 δὲ
705 2597 752 2631 τῆς
776 2595 926 2631 ἀθλήσεως,
942 2595 979 2627 ὡς

189 2643 260 2677 οἶνος
275 2646 344 2680 ῥέων
355 2644 460 2684 εὐώδης
484 2644 532 2670 καὶ
543 2642 668 2678 δαψιλὴς,
688 2641 833 2676 συνέπνιγε
854 2641 906 2675 μὲν¹
918 2641 980 2667 ὅσον

189 2691 328 2727 ἀλλότριον
339 2691 385 2718 καὶ
397 2690 536 2723 δυσσεὸὲς,
548 2689 730 2724 κατεύφραινε
741 2688 768 2714 δὲ
778 2687 840 2715 ὅσον
848 2687 980 2724 ἡμέτερον

190 2738 236 2764 καὶ
245 2737 368 2768 εὐσεϐές.
425 2733 427 2735 ’

230 2783 371 2810 Ἐντεῦθεν
395 2782 488 2809 λοιπὸν
506 2783 551 2809 καὶ
572 2782 597 2808 οἱ
620 2780 724 2813 tum;
740 2782 788 2816 τῆς
804 2781 871 2812 ἰδίας
890 2780 980 2807 αὐτῶν

224 2869 246 2886 ⁸⁸
261 2869 340 2897 Cant.
357 2876 407 2901 vn,
419 2869 446 2896 ὅ.
484 2869 495 2884 ⁹
513 2869 592 2897 Cant.
615 2877 651 2902 tv,
665 2869 706 2896 l0.

351 2917 488 2948 Pnnon.
513 2919 570 2948 Gtt.
591 2917 652 2947 CV.

746 2870 765 2885 '-"
787 2868 871 2897 Ελυ-Ι.
886 2876 949 2901 xxx,
979 2867 1024 2894 δι.

1031 2278 1085 2305 fluo
1102 2279 1224 2313 germine
1248 2281 1370 2312 putatur,
1388 2281 1463 2304 tanto
1478 2277 1551 2304 vitali
1570 2277 1631 2311 ejus
1650 2277 1749 2304 virtute
1768 2285 1817 2304 an-

1029 2322 1142 2357 gustiori
1154 2326 1291 2350 coarctata
1306 2322 1404 2357 spatio,
1416 2322 1515 2357 majori
1535 2322 1612 2357 copia
1630 2322 1820 2356 pinguiorique

1030 2368 1107 2395 botro
1121 2367 1278 2399 fructificat,
1293 2375 1325 2395 ac
1349 2367 1440 2394 vinum
1467 2375 1482 2394 e
1511 2367 1693 2394 torcularibus
1710 2367 1820 2395 uberius

1030 2413 1138 2447 defluit;
1165 2414 1204 2442 sic
1222 2413 1351 2441 nimirum
1369 2418 1395 2441 et
1411 2413 1498 2448 virgo,
1524 2421 1580 2448 quo
1602 2414 1722 2441 membra
1740 2419 1820 2448 puta-

1031 2459 1140 2491 bantur,
1155 2462 1230 2486 tanto
1244 2459 1316 2486 illius
1331 2458 1513 2486 confessionis
1528 2458 1578 2486 ﬂos
1594 2460 1735 2490 vernabat.
1748 2466 1820 2486 mar-

1031 2503 1149 2539 tyr-iique
1171 2504 1446 2535 botriexuberantes,
1463 2511 1574 2530 suavem
1602 2503 1738 2538 patientia:
1763 2503 1819 2531 fra-

1031 2550 1164 2585 grantiam
1186 2550 1304 2583 dabant;
1321 2557 1404 2577 cruor
1422 2550 1542 2584 dcniqtte
1553 2550 1722 2582 certaminis,
1739 2549 1818 2584 quasi

1031 2597 1186 2624 suaviSSimi
1211 2596 1304 2624 odoris
1327 2596 1524 2631 copiosumque
1552 2595 1643 2623 viuu'm
1669 2595 1818 2623 abundanti

1031 2641 1109 2669 latice
1124 2641 1223 2673 fluens,
1239 2640 1372 2676 quidquid
1385 2645 1545 2668 extraneum
1564 2641 1733 2675 impiumque
1747 2644 1816 2669 erat.

1031 2687 1197 2721 sull‘ucabat;
1221 2687 1354 2723 quidquid
1378 2695 1442 2715 vero
1463 2692 1585 2715 nostrum
1602 2694 1633 2714 ac
1649 2684 1815 2719 religiosum.

1030 2734 1129 2769 gaudio
1142 2734 1331 2769 perfundebat.

1067 2780 1128 2808 lude
1143 2780 1200 2816 jam
1217 2785 1243 2808 et
1260 2780 1354 2809 dentes
1381 2781 1499 2810 violento
1522 2782 1665 2821 praecepto,
1684 2775 1816 2804 violenter

1603 2909 1637 2942 12
