2089 3151
243 134 296 165 365

638 135 779 166 ORATIO
793 134 886 166 XVII.
902 147 936 153 —
963 134 1005 164 IN
1016 134 1172 164 LAUDEM
1188 134 1216 163 S.
1239 131 1470 163 ANASTASI/E.

1822 131 1876 162 366

245 190 352 222 Ὠσπερ
365 187 420 224 γὰρ
444 188 478 215 τὰ
495 189 565 224 ὑπὶρ
590 189 673 224 φύσιν
684 191 728 218 διὰ
751 191 799 218 τὸν
815 191 884 227 ὑπὲρ
898 191 979 223 φύσιν
1005 191 1034 217 ὲν

1087 194 1182 225 perant
1194 194 1304 225 propter
1318 197 1380 216 cum
1400 189 1446 223 qui
1462 192 1557 215 natura
1572 188 1698 222 superior
1723 193 1775 222 est,
1793 190 1820 217 in
1842 197 1876 218 ea

243 235 313 271 αὐτῇ
329 234 506 270 μεμενηκόυα
515 242 522 250 σ
534 233 608 261 οὕτω
621 235 670 263 καὶ
691 236 727 264 τὰ
740 236 812 263 κατὰ
825 237 907 271 φύσιν
929 237 964 264 δι’
980 236 1032 264 αὺ-

241 279 292 316 τὴν
309 279 436 315 ὁρᾶσθαι.
467 280 506 315 Τῇ
522 280 613 307 τοίνυν
634 282 758 318 ἁπορῤοῇ
787 282 834 309 τοῦ
853 282 971 317 αἵματος
986 282 1032 308 ὲκ·

241 325 371 360 λυομένη,
390 324 487 361 μικρδν
501 325 603 361 ᾔτησεν
620 326 693 361 ὕδωρ
716 327 756 359 εἰς
772 328 899 354 ἔκκλυσιν
912 328 961 354 τοῦ
974 327 1035 354 στό-

241 379 339 406 ματος.
364 371 502 398 Ἐπιδίδου
516 371 546 398 δέ
560 380 604 404 τις
623 373 706 409 ἀνὴρ,
718 373 734 399 ὁ
750 374 798 408 μὲν
816 374 867 409 τὴν
883 374 1034 410 θρησκείαν

241 418 303 444 καθ’
317 418 393 452 ἡμᾶς
405 424 412 431 ·
431 417 492 444 κατ’
508 418 630 450 ἐκείνους
645 419 685 451 δὲ,
715 420 796 456 μέχρι
822 419 899 446 τοῦδε
925 419 1034 455 νομιζό-

225 463 333 498 ἔμινος.
352 462 485 498 Κύριλλος
509 463 596 499 ὖνομα
616 465 656 500 τῷ
674 465 789 501 ἀθλητῇ.
820 466 868 492 ’ον
892 466 905 492 ὁ
931 465 1035 501 Πριὸος

242 511 315 542 ἰδὼν,
335 511 384 538 καὶ
398 511 457 545 οὑχὶ
473 512 632 548 συμπαθείᾳ
646 514 755 548 φύσεως
784 513 877 548 μόνον,
903 513 972 540 ἀλλὰ
988 513 1035 540 καὶ

238 557 387 591 ταυτότητι
403 557 522 590 πίστεως
536 559 606 594 πρὸς
622 559 672 594 τὴν
687 559 838 595 ἀθλοφόρον
860 560 1034 594 διακείμενον

240 603 383 637 ἐγνωκὼς,
416 603 466 639 τὴν
496 605 545 631 ἐπὶ
570 605 680 641 θανάτῳ
714 606 898 641 προσέταττεν
927 606 1034 639 ἁπάγε-

240 650 314 678 σθαι.

280 697 359 725 Ἐπεὶ
372 698 401 724 δὲ
417 698 532 734 λαμπρὰ
557 698 606 733 μὲν
666 699 781 735 αἰσχύνη
808 699 980 734 κατεκέχυτο
994 698 1033 733 τῷ

239 745 388 779 πειραστῇ,
407 744 588 779 λαμπροτέρα
600 744 630 771 δὲ
642 745 659 780 ἠ
669 744 732 779 νίκη
747 745 795 779 τῆς
810 744 964 780 ὑπεραίὶλου
976 744 1032 780 (76)

239 789 428 823 κατεφαίνετο,
459 789 505 816 τὸν
529 789 579 824 τῆς
600 790 754 825 μαρτυρίας
779 790 828 825 μὲν
848 790 956 817 δίαυλον
984 798 1032 816 πε-

240 834 416 869 ραινομένης,
430 835 513 869 ἐγγὺς
528 835 557 862 δὲ
569 835 623 861 τῶν
645 835 788 870 στεφάνων
811 836 967 870 γινομένης,
987 834 1031 868 ἑξ-

238 879 382 914 ενεχθῆναί
399 887 429 905 τε
448 879 496 914 τῆς
511 879 625 912 πόλεως,
647 869 1032 914 καὶγκαρατομηθῆναικατα-
1049 869 1070 897 ³

240 925 376 959 κέκριται.
392 925 430 951 Οὐ
444 925 499 960 γὰρ
517 924 616 961 ἔφερεν
630 925 644 951 ὁ
669 926 874 960 ἀνταγωνιστὴς
892 925 943 957 ἔτι,
961 925 1032 951 ἁπα-

238 969 288 1004 λῆς
303 971 356 996 ὑπὸ
372 970 458 1006 κόρης
475 969 695 1003 καταπαίζεσθαι
709 970 798 996 ποσίν.
818 970 892 996 Ἔδει
916 969 944 996 δὲ
961 969 1032 996 κατὰ

238 1016 285 1042 τὸν
296 1016 446 1050 Αἰγύπτιον
461 1017 507 1044 καὶ
520 1016 617 1043 τοῦτον
632 1016 860 1051 σκληρυνόμενον,
884 1015 930 1042 καὶ
950 1015 1031 1050 ἔσχα-

238 1071 286 1088 τον
298 1062 330 1098 δη
346 1063 427 1089 τοῦτο
446 1063 519 1090 κατὰ
530 1064 581 1098 τῆς
598 1063 792 1100 Ἰσραηλίτιδος
806 1062 909 1098 ταύτης
935 1062 1031 1093 παιδὸς

239 1109 529 1143 ἐστρατοπεδευκότα,
560 1109 611 1144 τῆς
644 1110 694 1144 μὲν
725 1109 877 1144 ἀστοχῆσαι
910 1109 1031 1140 πάντως,

239 1156 366 1190 καθάπερ
383 1156 517 1190 ἀμιάντου
529 1156 708 1191 περιστερᾶς,
727 1157 760 1191 τῇ
773 1156 904 1191 διαιρέσει
917 1155 968 1189 τῆς
984 1163 1031 1181 κε-

239 1201 327 1236 φαλῆς
344 1201 399 1228 ἀπὸ
413 1201 460 1227 τοῦ
484 1201 611 1236 σώματος
639 1201 866 1235 ὲκπετασθείσης,
893 1200 940 1227 καὶ
962 1199 1032 1235 πρὸς

239 1248 288 1279 τὰς
301 1248 358 1274 ἅνω
374 1247 606 1283 κατευθυνθείσης
627 1247 730 1283 μονάς·
753 1247 800 1274 τοῦ
827 1247 856 1274 δὲ
888 1248 945 1278 τοῖς
967 1247 1031 1281 Epu-

239 1293 344 1328 Θραίοις
371 1292 485 1327 αἰμασιν
503 1292 613 1328 ἐκείνης
641 1292 871 1326 ὲναποπνιγέντος
882 1312 889 1324 ,
905 1292 953 1318 καὶ
969 1291 1032 1317 ταὺ-

238 1348 290 1374 την
305 1339 337 1373 δὴ
361 1339 473 1366 κόλασιν
491 1337 597 1365 ἔνδικον
613 1339 663 1373 τῆς
691 1337 863 1373 ἀδικωτάτης
880 1337 1032 1369 ἐπιθέσεως

240 1385 256 1410 ὑ
261 1393 292 1411 πε
296 1385 438 1420 σχηκότος.

275 1429 369 1461 Οὕτως
390 1429 553 1456 Ἀναστασία
579 1429 626 1456 τὸν
651 1428 738 1464 βαρὺν
750 1429 905 1464 ὰντίζηλον,
917 1429 961 1455 τὸν
978 1428 1030 1463 ψυ-

239 1475 374 1511 χοφθὸρον
395 1475 468 1509 ὅφιν,
492 1476 537 1502 τὸν
555 1475 679 1511 σφοδρῶς
708 1475 758 1510 μὲν
774 1476 835 1501 κατ’
850 1475 936 1510 αὐτῆς
949 1476 1032 1511 ὲρῤασ

1087 236 1273 271 perstiterant,
1289 235 1329 263 sic
1341 239 1367 262 et
1381 235 1441 270 ejus
1458 234 1545 270 gratia
1565 234 1623 262 vlsa
1639 241 1682 268 ea,
1699 242 1760 269 quae
1782 240 1876 264 essent

1085 289 1116 309 es
1134 286 1244 309 natura.
1259 281 1371 308 Cruoris
1390 280 1474 315 igitur
1489 280 1567 314 copia
1587 280 1794 315 elanguescens,
1814 289 1874 308 mo-

1085 328 1173 355 dicam
1198 334 1297 361 aluam
1323 326 1411 361 petiit,
1429 334 1482 361 qua
1498 334 1530 353 os
1544 326 1657 353 elueret.
1682 326 1808 354 Porrexit
1834 327 1876 354 vir

1085 374 1210 408 quidam,
1235 373 1410 400 Christianus
1439 372 1547 407 quidem
1575 372 1717 407 religione.
1754 372 1801 399 sed
1828 373 1874 408 qui

1086 420 1219 447 hactenus
1245 418 1386 454 gentilium
1416 422 1497 445 secta:
1526 417 1751 445 existimaretur:
1774 417 1876 453 Cyl-illo

1086 465 1194 492 athleta:
1207 471 1305 491 nomen
1319 468 1386 491 erat.
1399 463 1459 497 Quo
1469 462 1574 490 Probus
1587 466 1743 498 conspecto,
1759 471 1808 490 nec
1825 471 1874 490 na-

1085 515 1154 538 tura:
1165 509 1253 538 solum
1271 509 1455 541 miseratione,
1473 508 1519 536 sed
1531 513 1558 535 et
1579 509 1702 543 ejusdem
1724 508 1783 535 ﬁdei
1796 516 1873 535 com-

1086 557 1188 584 mercio
1221 556 1248 582 in
1270 555 1387 590 pugilem
1413 561 1548 590 propense
1564 553 1691 581 allectum
1708 553 1873 590 intelligens,

1085 611 1144 630 eam
1161 610 1222 638 quae
1233 603 1266 629 ad
1281 607 1396 629 mortem
1417 601 1468 633 est,
1484 601 1546 628 duci
1560 600 1698 636 praacepit.

1121 692 1199 726 Quod
1229 699 1294 719 vero
1318 692 1445 718 tentatori
1473 690 1616 726 splendida
1642 690 1729 718 oﬂ‘usa
1749 690 1875 718 confusio

1084 743 1153 772 erat,
1175 738 1406 774 splendidiorque,
1432 745 1514 771 quam
1537 744 1586 772 pro
1606 736 1786 763 certaminum
1814 736 1872 764 alea

1084 785 1229 820 superiori,
1249 785 1360 812 \ictoria
1380 783 1530 817 alfulserat,
1548 791 1609 819 qua).
1627 787 1654 810 et
1671 783 1793 818 martyrii
1820 789 1875 810 sta-

1087 833 1162 860 dium
1179 832 1277 863 linirct,
1296 838 1328 858 ac
1342 837 1425 865 prope
1437 830 1493 865 jam
1509 837 1626 857 coronas
1638 829 1873 864 aspiceret.ejcela

1085 877 1163 908 urbe,
1183 877 1273 911 capite
1285 875 1364 910 plecti
1381 875 1563 903 condemnata
1575 879 1626 902 est.
1642 874 1702 901 Non
1718 875 1790 902 enim
1803 875 1874 902 ultra

1085 923 1188 951 ferebat
1205 923 1391 955 adversarius,
1406 927 1436 949 ut
1451 921 1566 949 delicata
1579 921 1669 956 puella
1683 922 1872 953 conculcante,

1083 970 1108 997 ei
1128 969 1298 997 illuderetur.
1317 967 1434 996 Decebat
1444 967 1516 994 enim
1531 971 1561 994 ut
1575 967 1647 995 relut
1663 966 1808 1002 (Egyptius
1818 967 1872 1000 ille,

1088 1016 1132 1042 hic
1152 1023 1261 1051 quoque
1287 1014 1441 1047 induratus,
1458 1019 1595 1049 postrema
1611 1013 1662 1041 hac
1676 1014 1808 1041 adversus
1831 1013 1872 1041 Is-

1084 1061 1234 1089 raelitidem
1251 1062 1331 1089 istam
1348 1061 1532 1096 expeditione,
1547 1067 1598 1088 suo
1615 1060 1641 1086 in
1670 1059 1743 1086 illam
1760 1067 1872 1095 prorsus

1083 1112 1183 1135 conatu
1205 1106 1397 1138 frustraretur.
1415 1114 1476 1142 qua:
1496 1107 1569 1133 velut
1590 1105 1804 1133 incontaminata
1827 1112 1875 1132 co-

1083 1153 1186 1186 lumba,
1199 1153 1316 1180 dissecla
1332 1152 1438 1181 cervice
1452 1160 1466 1179 a
1480 1159 1596 1187 corpore
1614 1151 1761 1183 evolasset,
1785 1155 1812 1178 et
1838 1151 1872 1178 ad

1083 1197 1205 1225 coelestia
1225 1197 1380 1224 habitacula
1402 1201 1477 1224 recta
1503 1200 1694 1229 commeasset,
1707 1196 1754 1223 illo
1781 1196 1872 1223 rubris

1083 1243 1156 1270 illius
1172 1250 1301 1270 cruorum
1324 1242 1453 1270 ﬂuctibus
1483 1243 1627 1276 suﬂ'ocato,
1656 1243 1761 1277 hacque
1778 1242 1872 1277 utique

1081 1290 1153 1324 jusla
1167 1297 1245 1324 pmna
1259 1289 1439 1325 iniquissimae
1456 1289 1643 1323 aggressionis
1659 1288 1785 1316 multato.

1119 1431 1147 1460 ln
1164 1434 1236 1460 hunc
1251 1433 1342 1467 itaque
1356 1432 1467 1460 modum
1486 1431 1640 1465 Anastasia,
1655 1439 1762 1467 gravem
1785 1439 1872 1459 temu-

1083 1479 1150 1511 lum,
1179 1479 1333 1506 animarum
1365 1482 1555 1514 corruptorem
1593 1483 1758 1514 serpentem,
1784 1477 1873 1505 valide

239 1523 324 1555 γέντα
336 1540 343 1553 ,
362 1522 540 1557 σφοδρότερον
553 1521 581 1548 δὲ
597 1520 697 1556 ταύτης
713 1521 925 1556 ἑκκρουσθέντα,
943 1521 1030 1548 καθά-

1083 1533 1148 1552 sane
1163 1525 1189 1551 in
1207 1532 1267 1553 eam
1295 1532 1464 1560 aggressum,
1487 1524 1659 1559 validiusque
1673 1523 1708 1553 ab
1724 1531 1756 1551 ea
1780 1523 1872 1557 repul-

240 1575 294 1603 περ
310 1567 394 1603 πηλὸν
420 1567 555 1594 πλατειῶν
575 1568 632 1598 τοῖς
655 1567 767 1603 ὡραίοις
782 1567 846 1593 ποσὶ
861 1567 1030 1594 καταλεὰνα-

240 1622 285 1648 σα,
310 1615 350 1646 εἰς
369 1615 437 1650 χάος
452 1614 594 1650 ἀμήχανον
622 1613 670 1640 καὶ
693 1615 837 1650 χηραμοὺς
865 1614 1031 1649 ταρταρίους

239 1659 412 1696 ὲξερῤίψατο.
431 1660 505 1696 Αὐτὴ
521 1660 549 1687 δὲ
566 1660 649 1691 θείοις
672 1659 799 1694 ἀγγέλοις
821 1660 921 1695 ἑαυτὴν
941 1668 1031 1694 παρα-

240 1706 353 1741 θεμένη,
382 1706 561 1741 ἀρχαγγέλοις
592 1704 786 1740 ὀδοποιουμένη
799 1725 807 1738 ,
825 1705 871 1731 καὶ
886 1705 986 1736 πάσαις
1001 1705 1030 1731 δὲ

239 1752 299 1782 ταῖς
313 1750 507 1786 ὑπερκοσμίοις
521 1750 653 1785 δυνάμεσι
681 1750 910 1786 προπεμπούσας
925 1751 973 1777 καὶ
988 1751 1030 1776 δε-

239 1796 396 1832 ξιουμέναις
415 1796 512 1832 αὐτὴν,
540 1796 702 1832 κλεῑζομένη
718 1796 766 1823 καὶ
794 1796 1028 1831 συγκροτουμένη,

238 1843 278 1878 τῷ
290 1842 395 1878 βασιλεῖ
409 1842 457 1869 καὶ
473 1842 583 1878 νυμφίῳ
600 1842 670 1877 μετὰ
685 1842 764 1877 δόξης
780 1843 948 1878 προσάγεται
959 1842 1029 1878 Χρι-

240 1887 310 1922 στῷσ
323 1887 500 1923 ἀμαραντίνῳ
514 1887 717 1922 καταστέφεται
729 1887 779 1922 τὴν
790 1888 912 1922 κεφαλήν
922 1895 930 1904 ο
947 1888 1029 1923 ἀμοι-

238 1934 291 1965 ϐὰς
301 1934 449 1967 ἀναλόγους
464 1933 518 1960 τῶν
534 1933 623 1960 πόνων
633 1954 641 1965 ,
653 1933 752 1969 μᾶλλον
765 1933 793 1960 δὲ
807 1933 897 1968 πολλῷ
908 1933 1029 1969 κρείσσω

238 1981 285 2006 καὶ
312 1979 465 2015 ὑψηλότερα
490 1979 566 2014 παρὰ
591 1980 640 2014 τῆς
655 1979 761 2006 ἐκείνου
780 1978 914 2014 λαμϐάνει
927 1979 1027 2012 δεξιᾶς.

238 2025 280 2051 Τὰ
297 2024 440 2059 πανώραια
453 2023 481 2051 δὲ
496 2024 544 2058 τῆς
559 2024 692 2058 ἀμιάντου
710 2024 790 2059 μέλη,
806 2024 840 2050 τὰ
851 2024 951 2056 παντὸς
964 2033 1029 2060 χρυ-

239 2071 298 2097 σίου
319 2070 482 2106 τιμιώτερα,
511 2070 545 2096 τὰ
570 2069 669 2102 παντὸς
693 2070 768 2096 λίθου
785 2070 878 2107 τιμίου
896 2071 1028 2106 τιμαλφέ-

239 2125 335 2148 στατα,
345 2115 412 2150 γυψὶ
432 2115 483 2152 μὲν
498 2115 546 2142 καὶ
558 2115 640 2151 θηρσὶ
655 2115 748 2152 βορὰν,
765 2115 779 2142 ὀ
795 2115 886 2152 θηρῶν
899 2116 1029 2143 ἁπάντων
1050 2131 1052 2133 -

237 2163 378 2197 ὠμότατος
391 2161 540 2189 ἐκδέδωκεν
550 2169 556 2177 ·
572 2162 700 2196 ἀνέπαφα
715 2161 743 2188 δὲ
751 2161 867 2193 τούτοις,
879 2163 928 2189 καὶ
940 2161 1029 2197 ἄψαυ-

1082 1577 1153 1603 sum,
1171 1578 1233 1598 cum
1252 1570 1325 1598 sicut
1340 1571 1426 1597 lutum
1443 1570 1593 1604 platearum
1613 1570 1634 1586 ’⁸
1649 1568 1782 1604 speciosis
1793 1567 1871 1603 pedi-

1083 1615 1133 1641 bus
1147 1614 1366 1646 comminuisset,
1380 1614 1406 1641 in
1424 1614 1588 1640 immensum
1602 1613 1685 1640 chaos
1698 1617 1872 1648 tartareanm

1082 1660 1167 1688 lustra
1185 1659 1332 1695 foveasque
1344 1659 1459 1695 projecit
1476 1667 1482 1685 :
1499 1659 1556 1694 ipsa
1570 1666 1633 1685 vero
1652 1658 1752 1686 divinis
1767 1659 1871 1694 angelis

1081 1715 1142 1734 sese
1162 1707 1371 1738 commendans,
1395 1705 1570 1740 archangclis
1595 1705 1667 1731 viam
1694 1704 1870 1738 facientibus,

1081 1753 1242 1788 cunctisque
1268 1744 1510 1788 supercmlestibus
1540 1744 1720 1786 potestatibus
1746 1757 1872 1785 praeeun-

1082 1800 1157 1827 tibus
1171 1807 1287 1834 eamque
1299 1798 1508 1833 accipientibus,
1523 1797 1668 1831 magniﬁco
1683 1801 1781 1824 ornatu
1792 1796 1870 1832 plau-

1081 1853 1167 1880 suque
1180 1845 1290 1871 Chrile
1307 1843 1373 1878 [tegi
1393 1851 1424 1870 ac
1436 1843 1544 1878 Spouso
1561 1850 1623 1870 cum
1641 1842 1726 1877 gloria
1739 1840 1869 1875 oﬂ‘ertur;

1080 1889 1301 1918 immarcescibili
1334 1893 1408 1916 serto
1439 1892 1521 1923 caput
1551 1891 1716 1921 coronatur;
1757 1894 1809 1922 pro
1830 1886 1871 1914 la-

1080 1936 1178 1964 borum
1204 1935 1308 1963 ratione
1336 1934 1425 1970 justas
1448 1934 1521 1962 vices
1542 1933 1676 1970 (quinimo
1706 1934 1786 1968 longe
1811 1940 1869 1960 mc-

1079 1981 1150 2008 liora
1179 1981 1412 2016 sublimioraque)
1441 1979 1475 2007 ah
1504 1980 1577 2007 illius
1613 1978 1712 2012 accipit
1746 1978 1868 2006 dextera.

1080 2026 1291 2055 FormosiSsima
1302 2033 1367 2053 vero
1384 2025 1554 2053 intemerata:
1567 2025 1702 2056 membra,
1713 2031 1781 2051 auro
1800 2031 1870 2058 quo-

1080 2073 1122 2100 vis
1141 2072 1314 2108 pretiosiora,
1343 2071 1474 2107 omnique
1497 2070 1585 2107 lapide
1603 2070 1722 2105 pretioso
1746 2069 1868 2102 cariora;

1080 2118 1236 2146 vulturibus
1250 2117 1411 2152 bestiisque,
1438 2117 1473 2144 ah
1491 2116 1602 2144 homine
1631 2115 1726 2143 bestiis
1740 2115 1869 2142 omnibus

1080 2163 1246 2191 immensum
1258 2162 1405 2190 erudeliori
1422 2169 1513 2190 eseam
1530 2162 1605 2195 data,
1624 2161 1658 2188 iis
1669 2168 1732 2188 vero
1752 2161 1867 2193 intacta,

238 2217 288 2234 στα
302 2208 346 2234 διὰ
361 2207 489 2242 προνοίας
505 2207 552 2234 τοῦ
568 2208 657 2234 πάντα
671 2206 707 2234 τὰ
721 2207 776 2234 τῶν
791 2207 905 2234 δικαίων
920 2207 1024 2243 φυλάσ-

1082 2209 1205 2244 nihilque
1219 2208 1281 2235 laeta
1299 2207 1371 2235 illius
1387 2207 1557 2243 providentia
1573 2211 1693 2239 servata,
1709 2206 1756 2241 qui
1772 2211 1867 2234 custo-

238 2261 330 2283 σοντος
352 2253 430 2284 ὀστᾶ,
465 2252 650 2288 μεμενηκότα,
679 2253 712 2288 τῇ
741 2252 801 2289 ίερᾷ
826 2253 894 2287 πρὸς
915 2253 1026 2288 κηδείαν

238 2297 395 2324 ἀποδέδοται
410 2298 495 2332 Σοφίᾳ
506 2305 513 2312 ·
533 2298 580 2324 καὶ
593 2298 654 2325 τίνα
668 2297 786 2333 τρόπον;
804 2298 870 2325 Οὐδὲ
883 2298 937 2335 γὰρ
948 2297 1026 2326 τοῦτο

239 2343 349 2377 σιγῆσαι
364 2343 480 2370 δίκαιον.

278 2389 397 2423 Ἦγωνία
411 2389 460 2423 μὲν
478 2389 543 2424 γὰρ,
561 2389 598 2422 ὡς
613 2389 695 2422 είκδς,
723 2390 740 2425 ἡ
755 2389 823 2424 καλὴ
838 2390 928 2425 μήτηρ
956 2391 1026 2425 ὑπὲρ

236 2434 287 2468 τῆς
302 2435 373 2461 κατὰ
391 2434 500 2470 πνεῦμα
515 2435 663 2470 καλλίστης
675 2435 818 2471 θυγατρός.
840 2435 969 2470 Ἥγωνία,
989 2437 1025 2472 μή

237 2487 263 2505 τι
279 2480 343 2514 περὶ
365 2480 415 2511 τὰς
432 2479 566 2514 βασάνους
585 2481 698 2514 ἀγεννὲς
724 2481 858 2513 παθοῦσα,
889 2482 938 2514 τὰς
960 2483 1027 2509 ὑπο-

238 2526 347 2559 σχέσεις
367 2526 557 2561 διαψεὺσηται.
581 2527 715 2562 Ἕῤῥιπτο
742 2527 831 2554 τοίνυν
847 2528 890 2554 ἐπ’
910 2528 1026 2563 ἐδάφους

237 2572 307 2597 οἴκοι
333 2572 565 2607 κατακεκλιμένη,
601 2572 648 2600 καὶ
677 2574 788 2608 γοεραῖς
814 2574 948 2608 οἰμωγαῖς
980 2575 1025 2601 τὸν

274 2669 295 2687 ⁸⁸
309 2669 381 2699 Psal.
398 2679 464 2704 xvu,
481 2672 525 2699 43.
565 2672 674 2702 “.Psal.
688 2681 784 2707 xum,
798 2674 844 2702 21.

267 2760 329 2802 μδ)
351 2761 464 2802 smn
478 2762 534 2797 τῆς
559 2753 741 2802 ῠπςράθλουζ
757 2762 840 2795 Quasi
858 2763 914 2802 iam
934 2769 1024 2802 certu-

236 2798 449 2832 mineremcrita,
461 2802 487 2824 et
506 2805 566 2831 qua
584 2798 660 2832 plura
687 2805 718 2824 ae
733 2805 814 2832 supra
840 2799 951 2826 modum
977 2800 1022 2827 illa

234 2831 397 2859 desudasset
412 2841 419 2859 :
434 2839 529 2860 novem
551 2831 608 2867 jam
633 2831 775 2867 perfuncta
805 2835 952 2862 tormentis
971 2843 979 2868 ;
997 2840 1025 2863 et

1080 2255 1118 2282 dit
1130 2254 1222 2281 omnia
1232 2261 1296 2282 ossa
1313 2253 1448 2290 justorum
1461 2254 1494 2286 “,
1510 2257 1612 2281 sancta:
1626 2252 1734 2287 Sophia:
1747 2252 1780 2279 ad
1793 2252 1867 2287 justa

1080 2300 1114 2328 iis
1131 2299 1312 2335 persolvenda
1327 2299 1431 2327 reddita
1450 2303 1525 2326 sunt.
1546 2299 1580 2325 At
1595 2306 1715 2333 quonam
1732 2298 1758 2325 id
1769 2298 1868 2325 modo?

1078 2345 1171 2380 Neque
1186 2346 1258 2373 enim
1277 2345 1390 2374 reticere
1403 2353 1494 2380 operat
1508 2344 1623 2380 pretium
1639 2347 1691 2372 est.

1116 2391 1220 2418 Etenim
1231 2392 1311 2419 anxia
1323 2392 1420 2418 merito
1434 2395 1494 2419 erat
1508 2391 1593 2426 proba
1607 2396 1694 2418 mater
1701 2398 1751 2425 pro
1761 2389 1865 2425 optima
1893 2417 1898 2420 ⁴

1078 2444 1111 2465 ac
1137 2437 1321 2472 pulcherrima
1346 2437 1498 2465 secundum
1522 2436 1649 2472 spiritum
1679 2436 1743 2463 lilia.
1781 2436 1862 2463 Anxii

1077 2488 1137 2511 erat
1150 2486 1232 2517 atque
1245 2482 1358 2510 timebat
1374 2490 1408 2510 ne
1423 2483 1564 2518 degeneris
1579 2482 1682 2517 aliquid
1699 2480 1783 2509 animi
1795 2480 1862 2507 inte:

1078 2534 1213 2557 tormenta
1234 2529 1273 2556 illi
1288 2528 1434 2560 accideret.
1451 2536 1484 2556 ac
1499 2529 1662 2563 sponsiones
1680 2532 1796 2563 votaque
1811 2525 1862 2552 [αις

1079 2575 1158 2604 ieret.
1176 2574 1255 2604 Nudo
1271 2575 1363 2611 itaque
1383 2575 1504 2611 projecta
1517 2575 1576 2604 solo
1599 2575 1672 2603 domi
1686 2571 1864 2612 ίαουιιειυιιι-

1077 2766 1121 2794 cui
1141 2775 1227 2808 imum
1241 2768 1422 2798 novissimum
1430 2772 1544 2797 reslarct
1553 2775 1585 2795 ac
1595 2767 1741 2799 decimum,
1751 2769 1861 2793 exsecta
1900 2779 1905 2784 ι

1077 2810 1194 2831 ροτνιεθ.
