2089 3151
231 201 281 233 371
830 202 977 233 ΝΙΟΕΤΛΞ
995 202 1018 232 Ρ

1069 201 1260 232 HLAGONIS
1803 195 1855 226 372

231 263 300 293 suis.
314 260 389 294 Fide,
405 261 458 296 Spe
472 264 499 289 et
508 259 646 288 Charitate
659 269 666 294 ;
679 260 811 296 Ripsimia
828 265 856 288 et
867 260 1012 293 Febronia,

1069 269 1113 296 νης
1128 259 1195 295 (77),
1214 257 1404 293 Αἶκαθερίνης,
1420 257 1519 291 Σοφέας
1535 254 1602 291 (78),
1617 254 1680 281 Δκα)⁵
1696 253 1751 280 τῶν
1767 253 1853 287 θυγαι

232 307 347 342 aliaeque
375 311 438 342 post
457 313 514 335 eas.
543 305 597 334 Has
622 313 719 333 omnes
747 307 846 341 partim
875 306 1016 341 superavit

232 353 386 384 Anastasia.
402 353 498 388 partim
511 359 576 380 vero
589 353 716 387 aequavit.
734 351 863 385 Quinimo
879 352 1016 387 superavit

233 407 340 432 omnes,
357 399 408 426 nisi
428 399 515 426 audax
527 398 603 426 dictu
616 398 688 426 istud
707 398 850 432 videatur;
876 399 936 426 illas
952 400 1014 434 qui-

233 446 293 474 dem
309 453 369 480 quae
382 445 434 472 fide
461 445 602 480 magniﬁce
622 445 727 473 clarere
746 445 905 477 creduntur,
926 445 1016 473 chari-

233 492 298 519 tntis
318 490 483 525 perfectione
505 490 678 525 praecellens;
704 491 764 519 illas
781 498 845 518 vero
869 498 929 526 quae
951 491 1016 517 cha-

233 537 320 564 ritatis
334 535 501 571 perfectione
516 536 671 571 splendent,
704 537 766 565 ﬁdei
780 536 942 565 excellentia
958 537 1017 564 vin-

232 589 308 610 cens.
323 583 362 610 Ac
381 582 404 610 si
421 582 496 615 libet,
515 582 567 609 ﬁde
579 582 688 617 quidem
709 582 809 611 eximie
826 582 957 618 perfecta,
975 582 1017 610 his

233 636 294 663 qua!
331 628 383 656 ﬁde
414 629 682 656 consummationem
716 629 852 662 habeant;
877 629 1017 657 charitatis

233 681 298 701 vero
312 674 473 701 excellentia
492 674 546 701 illis
557 678 679 709 praestat,
694 682 755 710 quae
771 675 877 702 sincere
885 674 1018 702 charitate

234 718 357 753 diligant.
373 718 484 747 Cunctis
494 726 578 754 porro
595 719 698 747 sanctis
723 720 931 748 adolescentulis
946 720 1018 747 divi-

235 771 330 790 narum
347 764 496 799 gratiarum
513 764 624 792 cumulo
641 768 745 791 tantum
756 764 868 796 eminet,
885 768 1017 796 quantum

235 807 359 842 pluribus
370 808 614 842 aeerbioribusque
636 815 687 843 pro
703 808 806 836 Christi
834 808 978 836 dilectione
990 808 1019 836 fi-

1065 306 1150 342 τέρων
1176 305 1271 339 αὐτῆς,
1298 304 1432 335 Πίστεως,
1464 302 1553 336 λέγω,
1583 299 1630 328 καὶ
1662 299 1785 331 Ἐλπίδος
1807 299 1855 326 καὶ

1072 350 1194 386 Ἀγάπης
1205 359 1212 367 ·
1238 349 1379 385 Ῥιψιμίας
1393 347 1461 384 (79),
1479 346 1644 382 Φεόρωνίας,
1661 346 1708 372 καὶ
1723 344 1777 371 τῶν
1792 346 1855 371 ἑπο-

1067 395 1155 432 μένων
1171 397 1277 427 αὐταῐς.
1306 394 1414 421 Τούτων
1433 392 1530 420 πασῶν
1551 390 1733 422 ’Λναστασία,
1753 387 1791 417 ὧν
1807 389 1856 424 μὲν

1066 440 1232 476 ὑπερέσχεν,
1245 436 1282 467 ὧν
1294 439 1322 466 δὲ
1337 438 1407 466 κατὰ
1425 437 1525 464 ταυτὸν
1549 436 1661 472 ἠνέχθη.
1680 435 1790 462 Μᾶλλον
1814 435 1853 466 δὲ,

1067 485 1162 514 πασῶν
1178 485 1338 521 ὑπερέσχεν,
1353 485 1377 510 ει
1394 484 1431 518 μὴ
1445 478 1583 518 τολμήρδν
1608 482 1696 507 εἰπεῖν
1707 489 1715 496 ·
1730 479 1785 506 τῶν
1806 480 1855 514 μὲν

1067 533 1097 559 ἐν
1110 531 1201 558 πίστει
1215 530 1350 566 λαμπρῶς
1364 528 1519 564 εὐδοκιμεῖν
1530 526 1743 562 πιστευομένων,
1757 527 1789 560 τῇ
1805 526 1855 559 τῆς

1066 577 1176 612 ἀγάπης
1190 574 1383 612 ὑπερϐαλοῦσα
1404 574 1554 608 τελειότητι
1568 581 1575 589 ·
1601 571 1650 604 τὰς
1667 572 1696 598 ἐν
1717 571 1810 606 ἀγάπῃ
1825 570 1854 597 δὲ

1067 621 1214 656 τελειότητι
1235 619 1433 655 κλεῖζομένας,
1451 619 1484 654 τῇ
1511 617 1648 654 ὑπερϐολῇ
1673 617 1723 651 τῆς
1738 616 1856 645 πίστεως

1067 670 1214 705 νικήσασα.
1233 668 1264 695 El
1281 668 1369 703 βούλει
1384 667 1424 700 δὲ,
1459 667 1549 693 πίστει
1572 666 1621 701 μὲν
1650 664 1797 700 ὑπερτελεῆ
1807 663 1856 694 τὰς

1069 718 1098 743 ἑν
1111 716 1201 742 πίστει
1218 713 1431 749 τετελειωμένας
1442 733 1450 746 ,
1466 712 1603 748 ὑπερϐολῇ
1619 711 1647 739 δὶ
1673 710 1784 746 ἀγάπης
1807 709 1857 754 τὰς

1068 761 1229 798 άκραιφνῶς
1263 758 1415 795 ἀγαπώσας
1452 757 1658 794 παρευδοκιμεῖ.
1698 755 1797 784 Πασῶν
1827 755 1856 781 δὲ

1069 806 1196 834 νεανίδων
1217 805 1305 840 ἁγίων
1320 805 1392 832 κατὰ
1409 804 1538 831 τοσοῦτον
1561 803 1620 835 ταῖς
1636 802 1723 833 Θείαις
1747 801 1858 837 χάρισιν

235 851 323 886 deque
334 851 476 886 perfuncta
492 853 644 887 tormentis,
659 854 797 881 acerbiore
808 861 871 881 casu
887 853 1015 882 adversa-

1069 853 1238 890 ὑπέρκειται,
1262 851 1322 878 καθ’
1336 851 1398 877 ὅσον
1413 850 1462 877 καὶ
1478 848 1582 876 πλείοσι
1605 849 1651 875 καὶ
1677 847 1858 892 δριμυτέραις

235 896 306 924 rium
320 896 401 925 elisit.

270 985 335 1019 Sed,
360 994 377 1014 ο
393 987 495 1021 puella,
515 995 627 1022 prorsus
662 977 837 1016 immaculata
865 997 897 1017 ac
927 989 1014 1017 incon

234 1033 331 1066 ruptal
345 1039 406 1066 quae
424 1032 501 1067 prius
517 1033 625 1068 quidem
644 1033 772 1069 religiose
794 1042 934 1067 exercens,
956 1042 1017 1063 cor-

235 1077 311 1113 poris
326 1077 391 1105 vitia
407 1086 439 1106 ac
455 1078 582 1106 libidines
593 1079 763 1107 mortiﬁcasti
773 1079 849 1115 (imo,
867 1088 900 1107 ne
909 1086 1016 1108 exstare

234 1123 345 1157 quidem
374 1123 401 1150 in
426 1128 451 1151 te
465 1132 479 1150 a
497 1124 630 1158 principio
646 1124 697 1152 ista
727 1125 885 1160 permisisti)
902 1133 1019 1161 quaeque

234 1168 332 1195 deinde
347 1169 505 1196 certaminis
521 1169 656 1204 palaestra,
681 1170 737 1205 ipsa
754 1177 861 1206 quoque
885 1171 1018 1204 membra,

235 1214 263 1240 in
276 1214 378 1248 quibus
393 1214 447 1242 illis
461 1214 553 1249 vigere
566 1219 754 1249 comparatum
771 1220 824 1248 est,
840 1221 932 1250 putata
950 1217 1019 1243 ami-

177 1271 179 1274 -
235 1259 294 1287 sisti
312 1263 341 1286 ut
355 1259 405 1287 soli
419 1259 528 1287 Christo
544 1260 571 1287 in
601 1259 705 1295 Spiritu
734 1261 857 1288 viveres!
881 1261 904 1289 0
916 1261 1019 1289 Christi

235 1311 336 1339 sponsa
359 1310 386 1332 et
410 1311 489 1333 soror
504 1311 531 1333 et
546 1310 633 1333 mater
643 1307 681 1332 "!
713 1306 909 1340 castissimam,
930 1308 1020 1342 quoad

235 1347 309 1379 licet.
336 1348 383 1375 Dei
411 1347 524 1375 Matrem
538 1348 663 1382 imitata;
686 1355 718 1376 ac
748 1349 841 1377 animo
865 1349 976 1385 quidem
992 1350 1019 1377 in

232 1396 318 1421 carne
338 1393 397 1428 ipsa
427 1402 538 1429 quoque
563 1400 746 1430 pra'purgata,
776 1395 902 1430 velutque
925 1397 1018 1423 divino

234 1439 351 1474 quodam
367 1440 471 1467 semine
479 1440 617 1475 conceptis
629 1440 747 1475 Spiritus
763 1441 902 1476 primitiis,
920 1442 1019 1469 variis-

1068 899 1128 931 τατς
1144 898 1215 933 ὑπὲρ
1228 897 1339 932 ἀγάπης
1349 895 1467 931 Χριστοῦ
1479 894 1527 922 καὶ
1541 894 1660 925 πίστεως
1671 891 1857 929 περιπεσοῦσα

1067 943 1224 980 τιμωρίαις,
1239 941 1402 978 δριμύτερον
1413 939 1567 976 κατέρῤαξε
1579 939 1625 966 τὸν
1639 938 1855 972 ἀνταγωνιστήν.

1109 989 1191 1022 ’Λλ.λ’,
1211 985 1234 1015 ὦ
1249 987 1318 1023 κόρη
1336 986 1490 1022 πανάμωμε
1509 985 1557 1012 καὶ
1584 984 1753 1019 πανάφθορε,
1780 983 1797 1017 ή
1822 984 1856 1018 τῇ

1069 1036 1184 1071 ἀσκήσει
1209 1035 1259 1070 μὲν
1280 1033 1412 1069 πρότερον
1426 1032 1461 1059 τά
1474 1031 1547 1067 πάθη
1561 1030 1724 1065 νεκρώσασα
1740 1028 1787 1056 τοῦ
1802 1028 1857 1055 σώ-

1071 1088 1173 1117 ματος·
1196 1080 1295 1116 μᾶλλον
1313 1079 1351 1112 δὲ,
1373 1078 1440 1114 μηδὲ
1459 1078 1510 1113 τὴν
1537 1076 1625 1112 ἀρχὴν
1648 1077 1678 1102 ὲν
1705 1074 1747 1102 σοὶ
1770 1074 1857 1101 ταῦτα

1070 1126 1269 1162 συγχωρήσασα
1280 1131 1288 1138 ·
1303 1124 1336 1159 τῇ
1359 1123 1471 1158 ἀθλήσει
1482 1122 1511 1149 δὲ
1525 1121 1557 1148 τὺ
1570 1120 1705 1156 δεύτερον,
1723 1120 1770 1147 καὶ
1786 1119 1857 1146 αὐτὰ

1068 1172 1102 1199 τὰ
1117 1171 1195 1206 μέλη,
1211 1169 1251 1202 οἷς
1265 1168 1435 1204 ἐνεργεῖσθαι
1460 1168 1568 1203 πέφυκε
1594 1165 1628 1193 τὰ
1642 1166 1728 1201 πάθη,
1747 1172 1857 1200 περιαιο

1069 1216 1189 1251 ρεθείσα,
1208 1216 1251 1242 ῐνα
1272 1215 1345 1250 μόνῳ
1358 1214 1445 1249 ζήσῃς
1460 1213 1489 1240 ὲν
1515 1212 1651 1246 πνεύματι
1676 1209 1796 1246 Χριστῷ.
1825 1210 1859 1236 Ὠ

1069 1263 1162 1297 νύμφη
1179 1260 1298 1297 Χριστοῦ
1319 1261 1366 1287 καὶ
1379 1259 1482 1293 ἀδελφὴ
1500 1258 1547 1285 καὶ
1567 1258 1668 1293 μήτηρ,
1684 1257 1701 1292 ἡ
1711 1256 1761 1291 τὴν
1772 1255 1858 1290 ὑπέρ-

1069 1316 1161 1343 αγνον,
1183 1307 1221 1339 ὡς
1244 1306 1367 1338 δυνατὸν,
1393 1304 1554 1340 Θεομήτορα
1581 1302 1782 1338 μιμησαμένησ
1810 1300 1859 1328 καὶ

1069 1354 1159 1390 ψυχὴν
1173 1353 1223 1389 μιν
1246 1352 1294 1380 καὶ
1310 1351 1399 1388 σάρκα
1415 1350 1454 1386 τῷ
1467 1350 1607 1384 Πνεῦματι
1631 1348 1679 1374 καὶ
1696 1347 1765 1382 αὑτὴ
1793 1353 1860 1381 προ-

1069 1399 1248 1435 καθαρθεῐσα,
1266 1399 1316 1434 τὴν
1333 1397 1462 1432 ἀπαρχὴν
1485 1394 1514 1422 δὲ
1529 1394 1577 1422 τοῦ
1594 1394 1753 1429 Πνεύματος
1767 1390 1811 1419 οἷα
1825 1392 1858 1427 δὴ

1071 1446 1182 1482 σπέρμα
1198 1445 1270 1472 θεῖον
1284 1441 1436 1470 ὲλλασοῦσα
1448 1450 1455 1457 ·
1478 1441 1526 1468 καὶ
1544 1440 1588 1467 διὰ
1608 1439 1663 1467 τῶν
1685 1439 1753 1474 ὑπὲρ
1775 1437 1858 1465 αὑτοῦ

234 1492 289 1520 que
313 1489 425 1520 propter
441 1485 517 1513 illum
531 1486 675 1514 tormentis
689 1487 780 1518 enixa,
796 1493 828 1514 ac
843 1493 905 1521 qua)
915 1486 1018 1521 Spiritu

1072 1492 1122 1528 μὲν
1137 1491 1266 1518 ποικίλων
1281 1489 1437 1524 ὠδινήσασα
1452 1487 1594 1523 τιμωριῶν
1605 1508 1612 1519 ,
1627 1485 1739 1520 πνεῦμα
1760 1484 1789 1511 δὲ
1806 1492 1860 1510 σω-

235 1529 331 1558 salutis
357 1529 469 1558 Christo
495 1530 611 1559 Domino
632 1531 660 1558 in
689 1531 774 1559 corde
786 1531 887 1566 genito,
905 1533 939 1559 ad
954 1539 1017 1560 eum

1070 1537 1164 1574 τηρίου
1179 1536 1296 1573 Χριστὸν
1317 1535 1421 1570 Κύριον
1434 1534 1463 1561 ἐν
1478 1533 1578 1569 καρδίᾳ
1601 1532 1767 1567 γεννήσασα,
1790 1529 1859 1565 πρὸς

235 1576 359 1610 gaudens
377 1577 578 1611 commigrasti.

1071 1583 1101 1611 ὃν
1114 1582 1249 1618 χαίρουσα
1262 1580 1406 1616 μετέστης.

270 1622 384 1650 Osexus
402 1630 496 1650 sexum
514 1631 623 1650 omnem
652 1623 754 1651 eximie
769 1624 879 1652 vincens
895 1633 901 1651 :
936 1632 1018 1653 sexus

1107 1629 1140 1654 Ὢ
1155 1627 1236 1663 φύσις
1253 1624 1482 1661 ὑπερφυεστάτη·
1500 1623 1581 1658 φύσις
1607 1621 1738 1657 γυναικὸς
1757 1622 1787 1647 ἓν
1811 1620 1857 1647 dv-

236 1667 380 1695 muliebris
406 1668 433 1695 in
448 1668 519 1696 virili
546 1676 640 1697 sensu.
665 1668 795 1702 Quinlmo
817 1674 914 1698 natura
942 1671 1018 1698 indo-

1070 1674 1153 1709 δρείῳ
1175 1672 1346 1708 φρονήματι·
1375 1670 1474 1706 μᾶλλον
1497 1669 1536 1702 δὲ,
1560 1669 1641 1704 φύσις
1667 1665 1812 1702 ἀνθρώπου
1830 1666 1860 1692 ὲν

236 1713 332 1748 lesque
344 1713 464 1741 hominis
487 1715 514 1741 in
530 1715 652 1750 angelica
679 1716 791 1744 elucens
818 1721 909 1744 mente
938 1721 1018 1752 atque

1071 1716 1203 1751 ἀγγελικῇ
1218 1715 1323 1750 διανοίᾳ
1334 1713 1512 1749 καθορωμένη
1535 1713 1584 1740 καὶ
1601 1712 1715 1747 δυνάμει
1726 1719 1734 1726 ⁸
1749 1711 1766 1746 ἡ
1792 1710 1860 1745 πυρὶ

235 1760 348 1791 virtute,
362 1767 423 1794 quae
439 1760 506 1795 igni,
525 1759 599 1788 ferro
614 1761 760 1796 omnisque
781 1763 891 1797 generis
906 1766 1018 1791 tormen-

1072 1761 1120 1789 καὶ
1135 1762 1237 1797 σιδήρῳ
1259 1761 1307 1787 καὶ
1322 1759 1503 1791 παντοδαποῖς
1522 1758 1699 1794 μηχανήμασι
1729 1756 1860 1791 περιϐλη-

236 1806 272 1833 ιίιι
285 1813 451 1841 congressa;
479 1814 512 1834 ae
525 1814 587 1834 cum
613 1812 707 1843 p0stea
730 1809 862 1837 abscissa:
883 1817 1018 1844 mammae,

1072 1809 1168 1836 θεῖσα·
1187 1806 1246 1835 εἶτα
1275 1807 1394 1842 μαστοὺς
1420 1805 1615 1842 ἀφαιρεθεῖσα·
1643 1804 1738 1840 χεῖράς
1753 1812 1783 1830 τε
1812 1803 1859 1830 καὶ

237 1857 392 1885 manusque
408 1858 442 1878 ac
459 1850 552 1886 pedes,
565 1851 709 1887 evulsique
729 1852 846 1886 dentes;
868 1861 901 1881 ac
930 1853 1018 1889 lingua

1071 1854 1166 1887 πόδας,
1187 1854 1236 1881 καὶ
1258 1853 1322 1885 τοὺς
1341 1853 1451 1884 ὀδόντας
1472 1852 1636 1878 ἐκκοπεῖσα·
1659 1850 1784 1885 γλῶσσαν
1810 1849 1860 1884 μὲν

236 1895 366 1931 primum,
385 1900 442 1923 tum
454 1897 546 1924 cervix
557 1905 626 1924 cazsa
642 1901 724 1930 esset,
738 1897 876 1926 Christum
890 1905 942 1926 non
955 1907 1020 1934 pro-

236 1941 340 1974 didisti,
351 1947 398 1969 aut
414 1949 475 1977 qua:
491 1947 534 1970 est
546 1943 572 1970 in
593 1943 680 1976 illum,
694 1943 772 1970 ﬁdem
788 1944 899 1971 mentita
912 1952 953 1978 es,
973 1952 1020 1972 ac-

235 1985 296 2021 cipe
322 1990 417 2014 tenues
441 1987 492 2015 has
513 1995 673 2016 sermonum
698 1989 843 2024 primitias.
860 1989 933 2023 Quid
947 1990 1021 2018 enim

235 2032 294 2060 hac
311 2033 400 2060 oratio
415 2033 449 2060 ad
465 2038 539 2060 tuam
564 2034 704 2067 virtutem,
733 2042 814 2069 quam
834 2035 947 2063 laudant
969 2043 1021 2063 an-

235 2077 357 2113 gelorum
372 2079 455 2111 acies,
472 2079 664 2114 celebrantque
683 2081 808 2108 caelestes
820 2087 916 2109 omnes
939 2081 1020 2110 Pote-

235 2124 337 2150 states?
351 2123 479 2151 Animum
502 2128 603 2156 tamen,
630 2132 647 2152 ο
666 2125 924 2160 incorruptissima!
941 2134 1019 2155 acce-

234 2174 311 2205 ptum
329 2170 444 2202 habens,
456 2171 593 2198 exsuscita
614 2179 664 2199 nos
681 2172 715 2199 de
728 2172 788 2200 lacu
804 2173 921 2201 miserisa
937 2177 964 2200 et
985 2173 1020 2201 de

235 2215 293 2243 luto
306 2214 393 2247 facis,
416 2220 446 2242 ut
459 2223 520 2250 quae
538 2215 714 2244 Resurrectio
732 2217 771 2245 sis
798 2225 830 2245 ac
845 2218 958 2257 dicaris,
976 2225 1020 2246 ve-

235 2268 350 2296 ramque
368 2260 606 2289 Resurrectionem
616 2262 755 2290 Christum
775 2263 803 2290 in
820 2268 846 2291 te
869 2264 1017 2298 refeceris;

1072 1901 1191 1936 πρῶτον,
1209 1900 1305 1927 ἔπειτα
1317 1898 1366 1934 τὴν
1381 1897 1501 1932 κεφαλὴν
1515 1897 1649 1932 τμηθεῖσα
1660 1904 1669 1914 θ
1683 1895 1730 1922 τὸν
1747 1895 1778 1922 δὲ
1791 1895 1859 1930 Χριο

1072 1945 1135 1973 στὸν
1147 1945 1178 1972 οὐ
1193 1944 1344 1980 προεμένη,
1361 1943 1422 1970 οὐδὲ
1436 1942 1485 1978 τὴν
1499 1943 1538 1974 εις
1553 1941 1633 1969 αὑτὸν
1649 1941 1742 1968 πίστιν
1754 1940 1859 1974 ψευσα-

1073 1991 1153 2027 μένη,
1173 1991 1247 2024 δέξαι
1258 1990 1308 2025 τὴν
1325 1989 1426 2024 μικρὰν
1440 1989 1495 2015 τῶν
1506 1988 1593 2022 λόγων
1604 1987 1739 2022 ἀπαρχήν.
1758 1986 1792 2013 Τί
1805 1985 1860 2021 γὰρ

1071 2035 1148 2070 οὗτος
1162 2039 1176 2065 ὁ
1189 2037 1268 2071 λόγος
1286 2036 1355 2072 προς
1369 2036 1419 2072 τὴν
1434 2037 1484 2072 σήν
1497 2036 1572 2063 ἐστιν
1583 2033 1693 2070 ἀρετὴν,
1710 2034 1744 2068 ἢν
1772 2033 1856 2068 ἀγγέ-

1070 2084 1125 2111 λων
1138 2082 1252 2118 ὑμνοῦσι
1267 2081 1408 2117 στρατιαὶ,
1425 2082 1509 2108 πᾶσαι
1519 2081 1575 2108 τῶν
1587 2080 1709 2115 οὐρανῶν
1725 2079 1859 2114 Δυνάμεις

1071 2128 1241 2161 ὶπαινοῦσινς
1250 2126 1331 2154 Ἀλλὰ
1338 2127 1387 2161 τὴν
1396 2127 1535 2162 πρόθεσιν,
1548 2123 1570 2153 ὦ
1576 2126 1684 2161 πανακή
1689 2134 1764 2161 ρατε,
1771 2133 1857 2161 προσ-

1070 2174 1207 2210 ηκαμένη.
1222 2173 1374 2208 ἁνάστησον
1395 2173 1470 2208 ἡμᾶς
1493 2173 1525 2200 ἐκ
1540 2173 1643 2199 λάκκου
1658 2171 1856 2207 ταλαιπωρίας,

1071 2220 1119 2247 καὶ
1135 2218 1188 2246 ἀπὸ
1202 2218 1291 2254 πηλοῦ
1309 2218 1391 2250 ἰλύος,
1409 2218 1447 2250 ὡς
1456 2217 1604 2249 ἀνάστασις
1617 2216 1684 2244 οὖσα
1695 2217 1744 2244 καὶ
1757 2217 1857 2243 καλου-

1072 2266 1159 2302 μένη·
1177 2265 1225 2292 καὶ
1248 2264 1298 2299 τὴν
1313 2264 1397 2296 ὅντως
1422 2264 1568 2291 ἀνάστασιν
1595 2265 1625 2290 ὲν
1650 2265 1693 2290 σοὶ
1719 2262 1858 2297 μυστικῶς

234 2311 262 2334 et
284 2311 375 2334 statue
403 2315 486 2342 super
512 2312 616 2342 petram
638 2309 733 2343 pedes,
755 2309 893 2344 animique
910 2318 1018 2345 gressus

1070 2311 1257 2344 άναπαύουσα,
1271 2310 1390 2346 Χριστόν
1401 2317 1409 2324 ·
1425 2309 1472 2336 καὶ
1491 2309 1589 2344 στῆσον
1608 2309 1654 2335 ἐπὶ
1673 2308 1778 2342 πέτραν
1794 2308 1858 2338 τοὺς

235 2351 314 2379 nobis
334 2351 438 2387 dirige;
468 2356 498 2378 ut
509 2356 556 2380 tuo
568 2353 680 2380 numine
694 2354 836 2382 meliorem
851 2355 934 2383 vitam
950 2355 1018 2383 divi-

1071 2358 1164 2391 πόδας,
1179 2357 1227 2384 καὶ
1240 2355 1406 2384 κατεύθυνον
1418 2356 1484 2390 ἡμῖν
1497 2355 1546 2390 τῆς
1560 2355 1649 2390 ψυχῆς
1660 2354 1694 2380 τὰ
1719 2352 1798 2388 διασή
1803 2361 1857 2388 μα-

235 2396 396 2431 nioremque
420 2398 647 2425 resurrectionem
671 2400 823 2433 consecuti,
860 2401 973 2435 gloriam
991 2406 1018 2430 et

1070 2412 1119 2432 τα·
1132 2404 1206 2434 ὅπως
1220 2402 1263 2430 διὰ
1279 2402 1326 2429 σοῦ
1352 2401 1425 2437 ζωῆς
1438 2402 1593 2437 κρείττονος
1618 2400 1666 2428 καὶ
1683 2400 1859 2431 ἀναστάσεως

233 2443 341 2471 tandem
357 2447 384 2471 ct
397 2444 545 2478 gratiarum
559 2445 695 2473 actionem
719 2446 924 2481 submittamus,
943 2447 1017 2476 l‘atri

1071 2449 1250 2485 τετυχηκότες
1264 2448 1414 2484 θειοτέρας,
1438 2447 1516 2479 δόξαν
1531 2447 1579 2474 καὶ
1595 2444 1669 2474 αἶνον
1687 2446 1735 2473 καὶ
1748 2446 1859 2481 εὐχαρι-

233 2493 260 2517 et
276 2488 345 2517 Filio
359 2494 387 2517 et
401 2489 515 2525 Spiritui
537 2495 644 2524 sancto,
672 2491 699 2519 in
718 2493 818 2520 saecula
841 2494 1015 2522 saeculorum.

1072 2496 1148 2523 στίαν
1163 2493 1380 2530 ἀναπέμιιωμεν,
1393 2492 1432 2529 τῷ
1448 2493 1537 2529 Πατρὶ
1554 2493 1602 2520 καὶ
1615 2493 1654 2528 τῷ
1680 2492 1736 2528 Υίῷ
1761 2493 1809 2519 καὶ
1819 2491 1860 2528 τῷ

233 2537 331 2564 Αωθηο
1071 2540 1142 2575 ἁγιῳ
1155 2539 1304 2574 Πνεύματι,
1321 2538 1361 2570 εἰς
1377 2537 1440 2570 τοὺς
1453 2537 1553 2569 αἰῶνας
1566 2537 1620 2564 τῶν
1633 2536 1748 2564 αἰώνων.
1757 2537 1857 2572 1Δμήν.

267 2589 291 2605 ²¹
302 2588 397 2617 Matth.
410 2597 461 2623 xu,
477 2589 522 2618 50.

269 2636 326 2671 (77)
366 2636 505 2675 εἰρήνης.
520 2636 803 2675 ριιωῐτοιιοερτωεὶε
817 2638 920 2674 pariter
945 2638 1018 2675 Lati-

1104 2639 1170 2674 (89).
1190 2640 1350 2674 ῬιψμμΙας.
1363 2639 1503 2675 Ripsimia:
1521 2640 1633 2675 virginis
1654 2646 1740 2668 sacrae
1755 2639 1783 2666 in
1809 2641 1859 2667 Ar-

235 2672 333 2711 nisque
347 2672 447 2711 tabulis
460 2672 581 2711 celebres
593 2681 601 2706 ;
616 2673 668 2711 etsi
693 2673 758 2711 illis_
772 2672 869 2711 parum
886 2674 1018 2701 varianti-
1070 2672 1159 2702 menia
1171 2672 1332 2711 memoriam
1345 2672 1528 2711 sub'Tiridate
1540 2672 1612 2711 re'ge,
1630 2684 1644 2702 a
1655 2675 1785 2711 quoiejus
1800 2675 1859 2702 fru-

232 2707 458 2744 bus,n_ec‘!iquet
471 2708 515 2735 cui
528 2708 729 2744 potissimuma
746 2707 900 2736 Justiniano
926 2713 1017 2737 erecta
1069 2714 1126 2736 stra
1137 2714 1238 2737 tentata
1254 2710 1382 2744 pudicitia
1402 2715 1454 2742 est,
1470 2710 1558 2737 Latini
1572 2707 1700 2738 recolunt
1714 2710 1749 2738 29
1770 2709 1856 2744 Septz,

233 2742 349 2780 celebris
364 2742 522 2780 illasancta:
538 2743 630 2770 [renes
657 2743 790 2780 basilica,”
809 2745 893 2780 cujus
908 2744 1019 2780 rProco-
1069 2744 1154 2780 Graeci
1170 2744 1214 2780 59.
1227 2742 1367 2772 Febronise
1379 2745 1442 2772 item
1461 2745 1576 2780 virginis
1591 2746 1776 2773 celeberrime
1790 2742 1856 2771 uiri-

231 2777 297 2819 p‘ius.
310 2777 434 2804 meminit
451 2777 546 2811 Iibror,
562 2785 594 2805 ac
610 2786 672 2806 eum
688 2786 741 2813 qua
759 2777 868 2807 Nicetas
888 2779 932 2806 hic
947 2781 1019 2806 Ana-
1072 2787 1126 2819 que
1140 2779 1176 2807 25
1189 2779 1262 2807 Junii
1277 2789 1284 2806 :
1302 2784 1335 2819 _ut
1355 2780 1426 2819 sicut
1447 2777 1793 2819 nobilissimasmatrqnas
1810 2786 1855 2819 ve:

233 2812 510 2853 stalsi'a‘mfompara‘t.
543 2848 567 2853 __
650 2849 681 2853 Ν
697 2812 704 2813 “
955 2849 971 2853 __
1072 2812 1141 2853 teris
1154 2815 1320 2853 testamenti,
1343 2815 1383 2843 sic
1395 2850 1399 2853 Δ
1411 2820 1438 2853 et
1455 2815 1517 2853 novi
1532 2816 1709 2853 __c_larissimas
1724 2813 1856 2853 (Byzantii

270 2846 324 2884 (ῗξ)
338 2847 460 2884 Segius:
487 2848 594 2883 Sophim
605 2853 631 2875 et
647 2849 762 2884 ﬁliarum
783 2853 932 2883 martyrum
945 2849 1017 2876 diem
1069 2850 1199 2882 maxime)
1214 2846 1344 2877 mulieres
1366 2850 1513 2884 adduxisse
1532 2849 1640 2878 Nicetes
1659 2846 1793 2884 putandus
1809 2847 1846 2875 sit

233 2880 350 2920 natalem
365 2880 600 2920 _Gra:ci_rccolnnt
618 2884 648 2920 l7
667 2880 934 2917 Septembris—Allis
961 2885 1018 2912 die-
1071 2889 1100 2911 ut
1113 2880 1240 2912 omnibus
1256 2891 1347 2920 parem
1365 2889 1411 2911 aut
1427 2883 1482 2911 fere
1501 2880 1669 2920 superiorem
1685 2883 1855 2918 prmdicando

233 2915 285 2945 bus
299 2915 450 2951 ascriptum
465 2916 594 2946 Hornanac
606 2915 714 2946 tabulae.
1070 2915 1435 2952 Anastasiam,'luculcntum
1450 2920 1477 2947 ei
1490 2915 1644 2948 cncomium
1661 2915 1773 2947 te'xerct.
