2089 3151
252 201 306 234 31,}
642 199 784 230 ORATIO
800 199 914 235 XVIII.
929 213 963 218 —
993 199 1034 230 IN
1045 198 1202 230 LAUDEM
1222 199 1253 228 S.
1274 197 1492 228 EUSTATHII.
1829 192 1885 230 37L

270 273 1880 292 Μ

560 348 655 404 AD
709 347 1148 407 SANCTORUM
1193 349 1580 407 EUSTATHH

811 450 1026 480 THEOPISTES
1053 451 1096 480 AC
1123 452 1324 480 LIBERORUM

467 521 562 552 ACTA
581 521 751 558 ANTIQUA
778 523 992 560 EDRUMQUE
1024 524 1300 557 LAUDATIONEM
1335 523 1473 554 NICETA
1491 524 1667 556 AUCTORE

632 600 724 645 ΡΒ.
764 599 1110 646 COMBEFISII
1149 599 1437 646 MONlTUM
1464 591 1501 642 ⁴.

291 688 383 716 Szincti
398 688 532 716 Eustathii
547 693 575 716 ct
596 688 734 717 sociorum
752 691 914 722 martyrum,
934 695 994 722 qua:
1011 687 1143 722 produco,
1162 687 1220 722 ipsa
1238 695 1300 714 vere
1314 688 1381 715 Acta
1397 688 1509 723 antiqua
1533 693 1620 722 sunt;
1640 696 1756 722 quorum
1774 695 1880 723 auctor,

255 733 355 769 quibus
367 732 400 760 ad
415 740 446 760 ea
458 731 598 767 pmfatur,
610 732 741 767 aequalem
754 739 783 759 se
795 731 879 766 (quod
895 731 982 765 ipsum
1000 731 1040 758 vir
1054 730 1080 765 pl

1056 730 1135 765 plane
1149 731 1315 766 πολυῖστωρ,
1329 731 1407 765 juxta
1421 739 1452 758 ac
1469 731 1669 766 κριτικώτατος
1685 731 1741 760 Leo
1755 733 1881 765 Allatius.

256 785 305 804 sua
325 776 368 803 illa
383 776 417 803 de
433 775 616 811 Symeonibus
631 782 782 810 eorumque
802 774 911 809 scriptis
930 774 1092 809 dignissima
1113 774 1185 806 luce,
1206 774 1329 809 mihique
1346 775 1480 802 hactenus
1497 775 1625 810 deposito
1642 776 1743 803 tradita
1763 777 1881 804 diatriba

252 821 407 854 censuerat)
422 820 634 848 sanctis‘iisdcm
651 820 817 855 martyribus
832 819 905 849 serio
917 818 1007 854 prodit
1020 826 1052 846 ac
1066 818 1211 853 signiﬁcat.
1229 817 1284 845 Nec
1303 818 1372 845 falso
1387 825 1450 846 eum
1469 819 1594 853 prodere,
1623 819 1725 847 indicat
1741 820 1800 855 ipse
1816 821 1882 848 cha-

255 870 354 895 racter,
381 871 462 899 quem
483 863 676 899 gravissimum
697 867 779 898 atque
792 863 956 897 simplicem,
981 862 1139 897 nulliusque
1165 862 1357 897 interpolantis
1383 867 1545 890 temeratutn
1569 871 1652 891 manu
1669 865 1756 899 (quod
1772 865 1814 893 vel
1831 866 1882 893 levi

253 907 410 942 conjectura
440 906 606 942 deprehendi
623 906 720 942 queat)
743 907 786 934 vir
806 906 963 934 Christiana
981 905 1156 939 simplicitate
1171 906 1381 940 solertissimus,
1400 907 1434 935 iis
1450 907 1558 934 indidit.
1579 907 1634 935 Nec
1652 915 1715 935 vere
1730 909 1765 937 de
1779 910 1843 940 illis.
1859 911 1882 939 si

254 953 280 979 in
296 959 393 979 manus
410 951 560 984 venissent,
570 952 706 980 dicturum
721 950 838 979 arbitror
853 950 1071 978 illustrissimum
1083 950 1223 977 annalium
1240 954 1355 984 patrem,
1373 951 1445 985 quod
1461 951 1494 978 de
1510 951 1543 978 iis
1558 959 1620 986 quae
1635 952 1702 986 ipsis
1715 950 1881 986 versaverat,

253 995 457 1030 (Metapbrastis
471 996 575 1023 scilicet
597 995 708 1023 nomine
722 994 818 1022 Latine
839 993 965 1030 vulgatis)
983 993 1085 1020 Christi
1101 1001 1173 1022 anno
1192 993 1252 1024 120,
1269 1001 1296 1020 n.
1313 994 1341 1025 4,
1357 993 1392 1020 ita
1409 994 1597 1028 pronuntiavit
1612 1002 1619 1020 :
1639 994 1772 1022 Putamus
1796 1001 1883 1023 tamen

254 1039 291 1066 eis
305 1039 388 1066 multa
404 1039 576 1074 superaddita
589 1047 662 1072 esse;
681 1038 728 1066 sed
742 1045 791 1072 pro
804 1045 855 1066 suo
876 1038 1006 1069 candore,
1021 1036 1122 1065 mitiori
1140 1045 1256 1065 censura
1275 1037 1321 1065 illa
1341 1036 1498 1064 habiturum
1518 1046 1524 1063 :
1550 1045 1598 1064 seu
1616 1038 1707 1072 potius
1720 1038 1801 1074 digna
1821 1047 1884 1067 vere

255 1082 323 1108 tanti
337 1083 552 1118 martyriiActa,
566 1083 645 1118 cujus
663 1081 753 1109 Rome
772 1082 899 1109 memoria
913 1081 1023 1117 egregiis
1041 1080 1178 1108 illustrant
1193 1080 1370 1107 monumentis
1385 1088 1395 1112 ,-
1411 1080 1477 1114 quin
1495 1081 1562 1108 urbe
1576 1089 1699 1116 agroque
1721 1080 1882 1115 Parisiensi,

253 1126 348 1157 tutela,
378 1127 538 1163 pignoribus
567 1127 728 1155 charissima
745 1135 756 1159 ;
778 1126 845 1162 quin
859 1130 977 1160 utroque
997 1126 1063 1154 orbe
1084 1124 1241 1153 Christiano
1257 1124 1283 1151 in
1303 1128 1466 1159 perpetuum
1493 1123 1699 1157 ﬂorentissima,
1721 1133 1884 1160 summeque

252 1171 406 1198 \eueranda
420 1180 428 1205 ;
445 1172 486 1200 sic
503 1177 630 1207 augusta.
651 1172 691 1200 sic
709 1171 800 1207 plana,
821 1171 865 1199 sic
879 1169 943 1198 fuco
959 1171 1034 1197 omni
1058 1169 1189 1200 carentia,
1210 1172 1418 1200 veneraturum,
1434 1168 1608 1195 laudaturqu
1624 1177 1631 1202 ;
1648 1169 1692 1201 iis,
1707 1178 1756 1197 cett
1776 1178 1883 1204 gemma

252 1213 445 1248 pulcherrima.
459 1223 492 1243 ac
514 1215 713 1249 pretiosissima
724 1214 910 1250 amplissimos
922 1213 1042 1241 Annales
1051 1219 1117 1240 suos
1128 1217 1302 1239 ornatorum.
1312 1210 1350 1238 De
1363 1211 1419 1238 illis
1428 1210 1622 1247 Metaphrastis
1643 1213 1753 1240 nomine
1765 1214 1806 1241 sic
1823 1215 1883 1241 vul-

252 1257 321 1292 gatis
333 1257 398 1293 quid
412 1252 526 1286 se'ntiam
543 1258 615 1292 ipse,
639 1258 734 1293 paucis
748 1257 875 1292 expedio.
1782 1268 1790 1271 -

288 1300 396 1335 Dispcxi
425 1301 470 1329 illa
496 1302 626 1329 attentius
644 1310 652 1333 ;
681 1301 746 1337 quin
763 1301 831 1328 Inibi
846 1301 929 1328 etiam
947 1309 981 1328 cx
997 1300 1083 1328 altero
1095 1300 1307 1328 eminentissimi
1323 1299 1472 1327 cardiaalis
1486 1299 1615 1327 Maurini
1641 1301 1755 1335 probato
1772 1302 1882 1330 codice,

252 1343 346 1370 eadem
363 1345 420 1372 lucc
446 1343 542 1372 Latina
557 1345 631 1378 reci;
660 1346 793 1380 tantisper
813 1344 933 1373 oﬂ'unsus
956 1343 1113 1379 interpretis
1133 1344 1203 1378 ston
1220 1344 1302 1378 paulo
1324 1344 1476 1376 humiliori,
1502 1344 1548 1371 ubi
1565 1348 1660 1372 auctor
1679 1345 1725 1372 illo
1742 1354 1795 1372 non
1815 1347 1885 1372 male

254 1388 319 1414 nitet
343 1392 425 1423 atque
449 1389 580 1424 assurgit.
605 1389 702 1416 Addita
719 1389 763 1416 vix
786 1393 946 1420 occurrunt.
960 1395 1008 1416 seu
1031 1387 1084 1415 alia
1100 1395 1130 1414 ac
1145 1387 1275 1422 antiquus
1291 1392 1387 1415 auctor
1401 1387 1534 1415 ediderat.
1556 1387 1678 1414 Solomni
1699 1389 1787 1422 potius
1808 1397 1884 1416 more

253 1431 386 1463 eiusmodi
400 1432 741 1468 pataepa'wswv,qua:dam
758 1432 905 1460 leviuscule
920 1436 1010 1464 aucta,
1026 1431 1069 1459 vel
1079 1430 1177 1458 ordino
1194 1431 1332 1466 modoque
1348 1435 1462 1463 mutata,
1477 1435 1593 1465 excepto
1608 1431 1690 1465 stylo,
1710 1436 1859 1465 appareant
1874 1440 1881 1464 ;

253 1484 313 1509 qua:
329 1475 393 1502 mihi
416 1476 483 1503 artis
499 1476 622 1509 solertia,
639 1476 791 1503 ἀσύστατον
810 1476 900 1511 potius
920 1475 1067 1508 invexisse,
1086 1482 1169 1510 quam
1192 1479 1320 1502 ornatum
1339 1474 1398 1502 suis
1418 1474 1548 1509 praclare
1568 1474 1652 1501 radiis
1672 1475 1783 1502 micanti
1808 1477 1883 1510 operi

254 1519 360 1546 videtur
373 1519 521 1547 addidisse.
542 1519 600 1552 Qua
615 1520 642 1547 in
658 1527 686 1546 re
704 1519 791 1555 major
806 1519 916 1548 licentia
933 1519 994 1552 fuit,
1015 1523 1072 1546 tum
1092 1518 1164 1554 ejus,
1181 1518 1227 1553 qui
1245 1519 1354 1546 duobus
1371 1518 1447 1545 libris
1464 1518 1556 1545 ltalice
1569 1539 1577 1550 ,
1595 1518 1682 1553 iisque
1696 1519 1798 1545 Glilit‘c
1822 1520 1885 1547 red-

254 1563 329 1593 ditis.
345 1563 478 1590 Eustathii
502 1564 696 1598 sociorumque
711 1567 850 1591 certamen
867 1563 953 1590 voluit
967 1569 1111 1594 exornare,
1138 1562 1272 1596 tinxitque
1288 1562 1316 1589 in
1331 1570 1364 1589 co
1380 1562 1469 1596 plura,
1489 1566 1545 1589 tum
1559 1563 1605 1597 qui
1627 1570 1721 1590 sacras
1741 1562 1886 1590 Metamor-

255 1607 351 1639 phoses
366 1606 471 1634 Gallico
483 1607 622 1639 idiomatc,
639 1607 721 1642 inque
735 1607 789 1635 illis
803 1607 987 1639 Eustathium,
998 1606 1136 1642 produxit.
1151 1606 1276 1634 Habucre
1292 1607 1329 1633 illi
1341 1607 1474 1634 duntaxat
1486 1605 1686 1641 Meta-pbrastea
1704 1607 1782 1638 Acta.
1796 1616 1884 1643 eaque

255 1649 348 1678 Latina
365 1650 425 1685 (nec
437 1650 510 1678 enim
523 1650 541 1677 ii
557 1651 650 1678 Grmce
664 1651 792 1678 videntur
805 1651 942 1686 sciuisse),
957 1651 1096 1685 proposita
1113 1659 1121 1684 ;
1151 1658 1212 1685 qua:
1227 1651 1295 1684 ipsa,
1312 1658 1345 1677 eo
1365 1658 1447 1685 quem
1463 1651 1519 1678 dixi
1537 1651 1631 1683 modo.
1649 1656 1811 1678 tractarere.

288 1693 373 1727 Quem
386 1694 509 1729 produco
521 1693 642 1722 Nioetam
659 1694 860 1730 Paphlagonem
876 1694 884 1729 (
900 1693 1004 1729 lgnatio
1017 1693 1322 1729 Constantinopolitano
1339 1695 1484 1730 atqualem.
1503 1695 1597 1729 illique
1613 1695 1832 1726 alt-ctissimutn.
1851 1704 1883 1723 ac

255 1736 322 1764 Vita:
335 1737 395 1772 ejus
412 1737 519 1765 Radero
532 1738 611 1769 editae
627 1738 778 1772 auct-irem)
797 1737 971 1765 Eustathium
990 1738 1136 1772 sociosque
1150 1738 1317 1771 laudantem,
1339 1746 1402 1766 vere
1421 1746 1505 1765 unum
1521 1738 1622 1771 dicam,
1641 1746 1691 1766 sua
1709 1739 1759 1766 hac
1772 1738 1882 1767 Lauda-

253 1780 333 1812 toria,
346 1779 474 1815 praeclare
488 1781 513 1807 iu
528 1788 575 1808 eos
587 1781 704 1808 oratoris
718 1788 818 1808 munus
837 1780 948 1808 abiisse.
973 1779 1073 1809 Habuit
1086 1782 1130 1809 ille
1147 1790 1200 1810 non
1218 1781 1416 1817 Metaphrastea
1440 1782 1561 1817 illarsed
1577 1783 1688 1818 antiqua
1704 1788 1809 1815 nostra,
1826 1784 1883 1819 ipsa

254 1832 303 1851 suo
314 1825 453 1853 schemate
469 1825 623 1853 veneranda
641 1829 723 1861 atque
752 1829 868 1860 augusta
891 1825 959 1854 Acta
981 1825 1131 1860 proposita.
1148 1824 1272 1854 Detraxit
1291 1825 1370 1858 nihil,
1388 1826 1474 1859 auxit,
1500 1820 1548 1854 aut
1568 1826 1722 1854 immutavit
1739 1836 1747 1860 ;
1763 1826 1885 1855 ﬂosculis

256 1868 411 1901 rhetoricis,
429 1869 575 1897 verborum
601 1870 731 1904 ὲμφάσει,
748 1869 878 1898 oratoriis
893 1869 1044 1898 luminibus
1058 1869 1193 1897 duntaxat
1214 1869 1360 1897 illustravit
1375 1877 1384 1902 ;
1405 1869 1616 1904 atque_suavius
1631 1878 1713 1898 aures
1732 1876 1885 1906 tangerent,

255 1920 286 1940 ac
298 1913 420 1940 animum
441 1918 578 1948 caperent,
605 1913 675 1941 scito
696 1913 816 1948 quodam
837 1913 973 1942 lenocinio
996 1911 1168 1948 temperavit,
1185 1919 1218 1940 ac
1239 1913 1405 1947 composuit.
1426 1912 1474 1940 Vir
1495 1912 1646 1941 sciliceteo
1665 1913 1774 1942 dicendi
1787 1923 1886 1950 genere

255 1957 371 1984 eximius
388 1965 395 1990 ;
419 1957 497 1992 cujus
513 1957 539 1984 in
557 1957 681 1992 singulos
704 1964 831 1992 quosque
845 1957 998 1991 apostolos,
1019 1957 1139 1984 illustres
1156 1957 1278 1992 produco
1294 1957 1493 1992 panegyricos;
1507 1966 1578 1990 mea,
1598 1959 1722 1992 proxime
1737 1959 1884 1994 vulganda,

253 2000 364 2035 jamque
376 2001 534 2028 umbilicum
555 2004 706 2036 spectante,
724 2000 889 2027 Bibliotheca
906 2001 1125 2033 cancionaloria;
1147 2000 1247 2035 quibus
1262 2000 1380 2028 certiora
1399 2008 1526 2036 quasque.
1547 2008 1579 2028 ac
1601 2000 1786 2029 Ecclesiaer
1804 2003 1885 2037 longa

255 2044 401 2072 traditione
414 2048 536 2080 accepta,
556 2044 624 2072 nihil
635 2043 749 2071 Abdiam
770 2051 802 2071 ac
816 2043 986 2078 apocryphth
1004 2043 1073 2071 alios
1090 2050 1213 2072 moratus
1230 2064 1238 2076 ,
1257 2044 1299 2073 vir
1318 2044 1411 2072 labore
1426 2049 1567 2078 strenuus,
1578 2046 1690 2081 eloquio
1704 2047 1797 2074 clarus
1811 2054 1885 2074 com-

256 2094 383 2123 ptusque,
397 2095 429 2116 ac
451 2095 514 2115 vere
538 2088 643 2123 ῥήτωρ,
660 2087 694 2115 de
711 2087 809 2122 primis
831 2087 885 2114 illis
901 2086 1064 2114 Christianae
1082 2088 1221 2124 religionis
1238 2088 1406 2116 antistitibus
1427 2088 1542 2116 feliciter
1558 2093 1631 2123 orat,
1651 2093 1734 2125 atque
1749 2091 1861 2125 exponit
1876 2099 1884 2119 :

255 2136 284 2158 ut
297 2132 367 2159 alios
382 2132 442 2166 ejus
456 2131 634 2166 panegyricos
649 2135 753 2158 taceam
769 2139 776 2164 ;
796 2130 879 2165 inque
894 2131 948 2160 illis
964 2131 1087 2166 Gregorii
1100 2132 1147 2159 τοῦ
1162 2133 1306 2167 Θεολόγου.
1320 2132 1400 2167 cujus
1414 2133 1551 2161 neminem
1572 2134 1738 2168 theologiam
1753 2142 1786 2162 ae
1802 2142 1886 2162 orna-

255 2181 345 2202 menta
369 2175 475 2211 reliqua
498 2175 580 2203 tantis
601 2174 765 2209 eloquentiae
787 2175 877 2202 nervis
897 2175 992 2210 sicque
1015 2175 1167 2204 luculenter
1180 2177 1308 2205 existimo
1327 2176 1463 2205 laudasse.
1480 2176 1558 2205 Faxit
1581 2177 1654 2206 Deus
1667 2184 1698 2206 ut
1717 2178 1764 2206 ubi
1781 2178 1886 2206 Latinis

256 2220 323 2248 meis
351 2220 465 2247 vocibus
487 2219 568 2254 paulo
597 2218 729 2254 dejectior
754 2226 805 2246 suo
835 2219 883 2246 illo
912 2219 1054 2254 manipulo
1070 2221 1182 2248 minime
1205 2221 1377 2256 displicuerit
1395 2221 1454 2249 suis
1467 2221 1523 2254 ille.
1542 2221 1699 2258 Grrecisque
1723 2223 1886 2250 cultissimis

255 2264 409 2298 copiosiora
419 2271 510 2291 messe
524 2263 606 2290 etiam
624 2262 797 2289 Anastasiam
815 2263 952 2290 seniorem
971 2263 1153 2298 Hyacinthum
1170 2263 1388 2298 Amastrensem,
1402 2264 1536 2293 Joannem
1549 2265 1790 2300 Chrysostomum,
1809 2265 1883 2294 The-

254 2308 324 2335 clam
339 2307 463 2342 aliosque
480 2306 605 2338 laudans,
624 2305 786 2341 propensius
803 2306 930 2338 oblectet,
943 2313 976 2334 ac
989 2306 1021 2333 ad
1037 2307 1164 2341 pietatem
1179 2307 1304 2336 :ediiicct.

290 2354 419 2381 Actorum
445 2357 602 2380 nostrorum
627 2353 704 2380 testis
720 2352 858 2387 egregius,
877 2359 961 2379 aureo
981 2359 1044 2379 vere
1058 2350 1170 2378 ﬂumine
1186 2351 1305 2379 Joannes
1322 2350 1508 2379 Damascenus
1520 2356 1589 2378 orat.
1605 2360 1645 2383 ιιι,
1658 2353 1689 2379 de
1701 2352 1859 2388 imaginibus
1876 2362 1884 2385 ,-

255 2405 309 2432 qua
324 2406 356 2424 ex
375 2396 442 2432 ipsis
457 2397 525 2424 bene
540 2396 648 2431 longam
660 2396 826 2432 περικοπὴν,
841 2396 906 2430 ipsis
920 2403 1016 2423 eorum
1035 2395 1126 2423 verbis
1141 2395 1278 2429 produxit.
1296 2394 1389 2422 Refert
1411 2395 1457 2422 illa
1475 2395 1617 2423 Eustathio
1640 2397 1748 2424 venanti
1765 2397 1884 2424 oblatam

257 2441 284 2467 in
306 2449 386 2468 cervo
412 2440 504 2468 crucis
521 2439 678 2474 Christique
691 2439 818 2474 effigiem,
834 2439 991 2474 factumque
1006 2441 1040 2467 ad
1056 2439 1145 2473 ipsum
1159 2438 1219 2474 ejus
1233 2438 1388 2471 oraculum,
1404 2446 1458 2473 quo
1474 2437 1558 2465 futuri
1580 2439 1618 2466 illi
1634 2439 1718 2467 totius
1729 2440 1809 2467 stadii
1825 2447 1884 2475 pri--

257 2484 393 2518 positique
410 2483 569 2512 certaminis
592 2483 750 2510 vaticinium
775 2483 929 2516 habeatur;
949 2487 1023 2510 certa
1045 2482 1174 2509 nimirum
1195 2487 1335 2510 structura
1357 2482 1449 2517 (mira
1468 2482 1531 2509 licet
1552 2489 1666 2510 casuum
1683 2488 1885 2518 eventuumquu

255 2527 411 2554 diversitate
427 2535 434 2559 ;
447 2526 534 2554 Graeci
545 2527 723 2562 περιπέτειαν
736 2531 850 2559 vocant;
864 2534 919 2561 qua
932 2526 998 2554 lusit
1011 2525 1118 2561 egregie
1131 2526 1179 2554 Dei
1193 2526 1386 2562 providentia),
1401 2526 1531 2561 deinceps
1542 2527 1744 2555 coltzcrcntibus
1757 2527 1884 2554 omnibus

226 2565 232 2590 ἶ
256 2571 290 2598 ad
307 2571 393 2606 ipsam
409 2570 532 2606 martyrii
546 2575 647 2598 metam
661 2579 669 2604 ;
684 2574 714 2597 ut
727 2571 826 2597 nedum
841 2571 937 2602 multa,
953 2570 975 2598 si
991 2577 1055 2598 vere
1071 2570 1115 2597 illa
1128 2575 1204 2603 sunt,
1219 2570 1406 2605 superaddita,
1422 2569 1467 2597 sed
1486 2575 1513 2597 et
1526 2578 1611 2605 pauca
1627 2579 1696 2606 opus
1711 2575 1796 2598 totum
1812 2571 1885 2598 Iabe-

257 2614 360 2642 l‘acteut
373 2621 406 2642 ac
421 2614 552 2641 intieiant.
565 2613 595 2640 In
608 2613 769 2641 Damasccni
785 2614 843 2649 ipso
853 2614 914 2642 loco
929 2614 1094 2642 commissus
1106 2613 1197 2642 hiatus
1210 2615 1281 2642 male
1297 2615 1471 2649 interpretem
1482 2615 1546 2649 egit.
1563 2614 1618 2642 Nos
1633 2623 1698 2642 sana
1711 2615 1815 2645 omnia.
1827 2622 1884 2640 utc-

258 2660 319 2687 liori
332 2660 426 2688 codice
438 2663 676 2694 repraesentamus.
697 2659 801 2686 Latinis
815 2667 926 2694 quoque
943 2658 1147 2694 Metaphrastis,
1157 2658 1273 2686 Placidia
1288 2665 1359 2685 uxor
1375 2658 1441 2685 vnio
1462 2657 1580 2692 Trojano
1591 2658 1702 2689 dicitur,
1717 2665 1778 2684 eam
1790 2657 1885 2684 Graeca

251 2703 356 2731 melius
370 2703 516 2738 Τατιανήν,
534 2701 686 2731 Tatianam.
703 2703 831 2730 habeant.
847 2703 938 2737 Ipsum
955 2703 1091 2731 Eustathii
1104 2707 1249 2738 augustum
1266 2709 1376 2736 nomen,
1391 2710 1423 2730 ac
1438 2711 1492 2738 quo
1513 2703 1632 2730 victoriae
1645 2702 1769 2728 videatur
1780 2708 1812 2728 ex
1826 2701 1885 2735 ipso

258 2755 339 2775 sacro
361 2747 435 2775 fonte
455 2746 583 2774 habuisse
602 2746 757 2778 oraculum,
773 2747 847 2773 velut
864 2746 923 2781 ipso
937 2746 991 2774 Deo
1006 2747 1156 2774 sacerdotis
1171 2754 1218 2774 ore
1238 2746 1358 2778 indentc,
1379 2746 1555 2781 futuramque
1569 2746 1628 2781 ejus
1645 2745 1839 2777 constantiam.
1853 2753 1886 2774 ac

258 2791 413 2818 ﬁrmitatem
427 2791 473 2817 illo
487 2794 669 2822 contestantc,
682 2790 750 2817 male
767 2789 818 2817 sibi
832 2790 928 2825 vulgus
945 2790 970 2816 in
989 2789 1162 2817 Eustachium
1177 2790 1340 2818 deformavit
1353 2799 1360 2822 :
1378 2791 1549 2826 quodipsutu
1561 2797 1658 2817 nomen
1670 2788 1765 2816 titulus
1777 2790 1895 2824 pnelen‘

260 2835 287 2862 in
302 2833 362 2862 Vita
395 2834 477 2862 Surio
490 2833 560 2862 edita
573 2841 581 2867 ;
597 2833 647 2860 etsi
665 2833 694 2862 in
707 2834 830 2869 margine
845 2833 981 2862 Eustathii
993 2835 1163 2862 emendetur.

297 2906 304 2914 ‘
322 2902 471 2930 Illustrium
487 2902 587 2930 Christi
601 2908 747 2938 martyrum
761 2902 823 2931 lecti
837 2903 983 2938 Triump/ti,
1002 2903 1087 2931 l‘ut‘is.
1107 2903 1184 2936 ιυσο,
1202 2904 1242 2930 8".
