2089 3151
305 167 359 198 423

903 161 1051 194 ΝΙΕΕΤιΈ
1070 160 1331 190 PAPIILAGONIS

1874 161 1927 193 ιρι

304 223 364 249 dam
380 220 480 254 arbori,
493 219 562 255 apud
577 225 624 246 eos
638 217 710 245 lotus
726 216 764 252 (Ξ)
781 220 955 250 nuncupata,
967 215 1088 250 pulchra:

1145 214 1166 240 5t
1199 222 1252 240 τινι
1274 214 1328 240 τῶν
1361 213 1425 248 παρ’
1455 214 1563 247 αὐτοῖς,
1591 214 1668 248 λωτῷ
1689 215 1737 250 μὲν
1757 215 1928 253 καλουμένῳ,

304 271 426 302 aspectu,
444 270 474 292 ut
487 273 535 300 par
551 267 604 295 est,
630 269 763 298 grataque
788 261 925 288 frondium
950 259 1088 294 composi-

305 313 377 339 tione
404 310 568 338 olnxurianti
592 309 713 335 animutn
743 307 925 337 attendentes,
954 312 1091 340 supraque

305 358 416 385 modum
444 354 582 390 insipienti
612 354 693 381 illecti
721 354 822 383 animo.
849 357 929 387 atque
951 352 1011 386 ejus
1026 351 1090 378 victi

305 403 516 438 pulchritudine,
531 401 611 427 deum
627 400 714 434 ipsam
727 400 888 431 vocitantes,
901 397 1091 425 sacerdotibus

304 449 437 475 ministris
451 447 660 480 bestiarumque
671 445 800 480 religione
814 444 974 479 placandam
995 443 1090 471 decre-

302 499 409 521 verant.

339 539 368 566 5.
389 538 434 565 Sic
456 537 584 564 nimirum
609 541 720 571 tamque
740 536 860 563 immane
881 539 978 562 attctus
998 539 1092 568 stupor

304 590 457 616 sensusque
477 582 567 608 omnis
581 580 716 611 absentia,
745 580 834 607 ontttis
852 586 948 606 sensus
966 579 1025 605 luce
1046 586 1091 605 ca-

305 630 373 655 renti
388 629 478 656 arbori
504 629 579 664 ipsos
601 627 753 655 addicebat.
771 627 799 654 ld
819 634 883 653 vero
909 627 990 653 etiam
1019 625 1092 652 illius

304 683 400 701 manus
411 683 489 709 opus,
500 675 545 709 qui
560 682 573 700 a
585 673 719 708 principio
729 672 865 699 homicida
877 672 947 699 est‘.
964 671 988 698 Is
997 679 1093 705 nempe

303 719 374 753 quod
389 727 404 745 a
422 719 546 750 veritate,
567 726 627 753 qua:
645 726 697 744 una
725 718 838 751 solaque
851 721 903 749 est,
927 717 1028 750 pariter
1050 724 1094 743 se-

303 764 400 790 cedere
423 771 456 790 ac
474 763 574 790 moveri
598 762 770 796 praestiterat,
790 760 942 787 innumeris
966 759 1093 793 deinceps

303 810 442 836 erroribus
458 808 693 842 diversissimique
720 807 826 841 generis
852 805 1093 840 superstitionibus

303 863 401 881 noxam
414 855 556 881 inferebat.
573 853 658 886 Quam
673 852 907 887 itaquetlicebant,
917 852 1022 881 civitas,
1035 851 1094 877 dira

1142 260 1235 295 ὡραίῳ
1246 260 1275 286 δὲ
1287 259 1335 294 τὴν
1351 259 1425 292 θέαν,
1442 259 1479 291 ὡς
1500 260 1585 291 εἰκὸς,
1601 260 1648 286 καὶ
1661 260 1768 287 εὐθαλεῖ
1780 262 1829 295 τὴν
1846 271 1931 289 κατα-

1145 305 1245 340 σκευὴν
1271 305 1447 340 προσχόντες,
1475 307 1521 331 καὶ
1546 306 1589 331 τὸν
1603 306 1715 340 ἀνόητον
1726 306 1787 332 νοῦν
1804 308 1932 343 ἀμέτρως

1144 350 1384 385 καταθελχθέντες,
1403 351 1451 377 καὶ
1463 351 1624 384 ἡττηθέντες
1635 351 1684 385 τῆς
1697 351 1779 378 αὑτοῦ
1788 352 1930 388 καλλονῆς,

1141 395 1220 421 τοῦτο
1233 395 1299 421 Θεὸν
1311 395 1493 429 νενομήκασιν
1505 403 1512 409 '
1540 394 1641 429 ἱερεῦσί
1663 402 1693 420 τε
1705 395 1751 422 καὶ
1768 395 1873 427 θυσίαις
1887 396 1931 429 ἑξ-

1143 441 1301 468 ιλάσκεσθαι
1313 440 1397 476 ᾤοντο
1414 440 1478 467 δεῖν.

1177 528 1208 555 ε’.
1224 528 1316 559 Οὕτως
1330 528 1420 555 αὐτῶν
1444 529 1460 562 ἡ
1487 527 1651 562 ἀναισθησία
1671 529 1929 564 κατευμεγεθοῦσα,

1142 574 1181 608 τῷ
1196 573 1352 608 ἀναισθήτῳ
1366 573 1558 600 κατεδουλοῦτο
1583 573 1654 607 ξύλῳ
1664 582 1670 587 ι
1693 574 1771 609 ἔργον
1787 576 1834 602 καὶ
1852 576 1931 603 τοῦτο

1143 620 1191 654 τῆς
1204 620 1251 646 ἀπ’
1268 619 1354 654 ἀρχῆς
1369 620 1591 655 ἀνθρωποκτόνου
1609 621 1699 654 χειρίς
1709 628 1717 635 ·
1734 620 1762 652 ὃς
1774 621 1866 657 ἐπειδὴ
1881 623 1931 656 τῆς

1145 666 1209 700 μιᾶς
1227 665 1354 699 ἀληθείας
1374 666 1421 691 καὶ
1449 665 1532 699 μόνης
1558 666 1837 700 συμπαρακινηθῆναι
1860 671 1931 702 παρ-

1144 711 1300 742 εσκεύαζεν,
1323 711 1433 745 μυρίαις
1446 710 1539 736 λοιπὸν
1559 711 1676 743 ἀπάταις
1697 712 1743 738 καὶ
1770 712 1932 748 δεισιδαιμο-

1144 757 1215 787 νίαις
1226 756 1484 790 πολυτροπωτάταις
1499 756 1671 790 ἐλυμαίνετο.
1690 756 1722 782 Ἢ
1735 757 1784 790 μὲν
1800 757 1846 783 οὖν
1855 759 1932 794 εἰρη-

1146 803 1213 837 μένη
1245 802 1320 832 πόλις
1347 802 1377 827 ἐκ
1398 810 1470 832 τινος
1493 801 1667 833 θεοϐλαϐείας
1693 803 1933 837 πατροπαραδότῳ

1145 848 1192 873 καὶ
1210 848 1310 873 ἀτόπου
1322 847 1480 882 προλήψεως
1502 847 1713 882 ξιιλολατροῦσα,
1735 848 1784 882 τῆς
1804 849 1934 885 ἀληθινῆς

303 902 419 934 quadam
440 902 553 927 adverso
569 900 680 926 numine
700 899 859 931 stoliditate,
874 899 1007 932 majorum
1027 903 1083 924 tra-

1145 893 1215 919 οὖτω
1231 893 1398 928 διημάρτανε
1425 893 1610 927 θεογνωσίας·
1636 894 1686 920 οὐκ
1713 894 1808 928 ἔμελλε
1833 894 1861 920 δὲ
1880 895 1934 930 ἄρα

302 945 404 973 ditione
434 950 556 980 accepta,
586 945 760 979 absurdoque
788 945 883 971 ittolito
905 944 976 978 vulgi
1000 950 1092 970 errore

302 992 440 1026 opinione,
457 993 558 1019 cultum
575 991 665 1018 arbori
695 983 838 1021 adhibens,
854 998 869 1016 a
885 996 947 1015 vera
978 989 1022 1015 Dei
1039 996 1084 1015 co-

304 1039 424 1072 gnitione
436 1045 468 1064 ac
484 1038 534 1064 llde
558 1045 620 1064 euttt
638 1037 665 1063 in
679 1037 789 1063 tnodum
802 1035 954 1062 aberrabat.
975 1033 1033 1060 Non
1050 1039 1091 1060 ta-

304 1092 363 1110 men
382 1082 502 1110 l‘uturtttn
518 1087 620 1110 eratut
644 1090 703 1109 eam
718 1082 821 1109 Christi
848 1081 1017 1116 providentia
1043 1087 1090 1106 nc-

303 1128 424 1164 gligeret,
446 1129 487 1156 vel
516 1129 542 1155 in
567 1129 620 1155 line
645 1132 842 1155 contemneret.
870 1126 941 1159 Quin
969 1125 1087 1152 ttobiletn

1145 938 1197 964 ὑπὸ
1212 939 1262 972 τῆς
1271 938 1317 964 τοῦ
1331 938 1449 972 Χριστοῦ
1474 938 1603 973 προνοίας
1632 940 1912 976 παραμεληθήσεσθαι
1923 949 1930 955 ·

1142 984 1196 1010 οὐδ’
1219 985 1258 1015 εἰς
1285 983 1359 1015 τέλος
1374 984 1447 1018 αὐτῷ
1466 984 1724 1019 παροραθήσεσθαι·
1750 986 1780 1011 τὸ
1800 986 1889 1020 τίμιον
1904 986 1932 1013 δὲ

1141 1029 1219 1055 τοῦτο
1245 1031 1292 1056 καὶ
1303 1030 1430 1063 θεὸφυτον
1446 1030 1580 1065 εὐκαίρως
1593 1030 1726 1065 ὲξανίσχει
1738 1031 1820 1064 φυτόν
1829 1039 1836 1047 ·
1851 1033 1933 1066 φυτὸν

1141 1075 1212 1110 ζωῆς
1237 1076 1328 1109 ἁγίας⁹
1346 1075 1392 1101 καὶ
1414 1076 1500 1110 ψυχῆς
1521 1076 1626 1107 τελείας
1641 1076 1690 1102 καὶ
1712 1076 1839 1111 ἀληθείας
1865 1077 1932 1104 Θεοῦ

1140 1122 1252 1157 πλῆρες,
1277 1121 1346 1148 κατὰ
1366 1121 1412 1147 τοῦ
1426 1122 1475 1156 τῆς
1496 1122 1600 1157 πλάνης
1626 1122 1752 1156 ἀνίστησι
1765 1123 1861 1157 φυτοῦ.

304 1175 374 1201 hanc
395 1175 505 1208 Dcoque
521 1179 608 1202 satam
636 1179 790 1209 opportune
814 1173 940 1208 producit
967 1172 1090 1206 stirpem.
1108 1169 1209 1203 Nempe
1227 1169 1338 1202 stirpem
1355 1169 1415 1195 vitae
1435 1174 1547 1200 sanctae,
1577 1168 1744 1202 perfectique
1759 1169 1861 1204 .animi
1900 1177 1932 1198 ac

304 1219 349 1247 Dei
365 1221 488 1248 veritatis
505 1221 622 1254 plenam,
648 1220 779 1248 adversus
801 1219 903 1246 erroris
932 1219 1045 1252 stirpem
1063 1216 1222 1243 evsuscitat.

338 1290 364 1318 6.
393 1290 486 1318 Sancti
514 1290 595 1325 igitur
623 1289 767 1325 Hyacinthi
786 1290 872 1324 ipsam
898 1289 987 1323 primo
1011 1288 1090 1323 quasi

305 1336 427 1371 germine
440 1336 601 1367 editionem,
617 1336 641 1362 ei
666 1336 772 1362 scilicet
793 1337 827 1362 ab
844 1334 957 1362 infantia
970 1334 1094 1368 omnipo—

304 1382 386 1408 tentis
404 1381 523 1416 Spiritus
548 1381 667 1408 aﬂlatum
696 1381 824 1407 comitem
850 1388 882 1407 ac
897 1380 1091 1414 operationem,

303 1426 524 1461 mirabilitunque
542 1434 655 1462 operum
666 1426 859 1453 cxhibitionent
872 1426 909 1460 t5)
919 1435 926 1451 ί
937 1426 1011 1451 novit
1020 1425 1092 1451 enim

304 1472 441 1506 Sapientia
466 1480 498 1499 ex
515 1474 572 1507 ipsa
589 1473 669 1499 vulva
696 1472 743 1507 qui
769 1471 842 1498 illius
872 1471 1017 1498 necessarii
1037 1471 1093 1497 sint

304 1517 477 1544 sanctilicare
491 1526 499 1550 -,
514 1525 546 1543 ac
561 1525 630 1551 quos
648 1516 705 1543 suis
725 1515 810 1550 agiles
831 1515 932 1541 muniis
947 1514 1004 1541 fore
1022 1522 1091 1548 pra:-

304 1561 387 1588 scivit
414 1569 447 1588 ac
478 1561 648 1592 industrios,
680 1560 820 1594 liberoque
850 1559 932 1586 animi
963 1564 1029 1585 tttttu
1061 1566 1093 1586 ac

1181 1285 1217 1318 ς’.
1231 1287 1286 1322 Τὴν
1306 1286 1357 1321 μὲν
1380 1284 1427 1313 οὖν
1452 1286 1482 1318 ἐξ
1502 1286 1590 1322 ἀρχῆς
1619 1286 1763 1313 Ὑακίνθου
1784 1286 1831 1313 τοῦ
1855 1287 1934 1321 ἁγίου

1145 1331 1273 1367 βλάστην,
1307 1332 1366 1366 ἢτοι
1399 1332 1449 1366 τὴν
1477 1331 1606 1366 νηπιόθεν
1634 1331 1710 1366 αὐτῷ
1740 1333 1934 1368 παρεπομένην

1144 1378 1191 1404 τοῦ
1210 1378 1377 1409 πανσθενοῦς
1393 1377 1551 1411 Πνεύματος
1570 1377 1721 1412 ἐνέργειαν,
1739 1378 1786 1404 καὶ
1799 1377 1853 1404 τῶν
1868 1378 1934 1404 θαυ-

1145 1425 1250 1459 μασίων
1261 1425 1309 1459 τὴν
1327 1423 1454 1456 ἐπίδειξιν
1464 1432 1470 1438 ·
1480 1422 1548 1450 οἶδεν
1563 1423 1617 1458 γὰρ
1635 1424 1650 1458 ἡ
1664 1424 1748 1458 Σοςία
1763 1423 1816 1450 ἀπὸ
1828 1424 1935 1459 μήτρας

1143 1471 1228 1504 αὐτῆς
1238 1471 1359 1503 ἁγιάζειν
1374 1470 1436 1501 τοὺς
1452 1470 1566 1500 οἰκείους
1578 1470 1624 1495 καὶ
1639 1469 1685 1500 οὓς
1696 1469 1820 1504 προέγνω
1833 1470 1935 1501 δεξιοὺς

1143 1516 1211 1550 αὺτῇ
1241 1515 1472 1551 χρηματίζοντας,
1504 1515 1550 1541 καὶ
1580 1514 1692 1550 γνώμης
1711 1516 1881 1549 ἑκουσιότητι
1903 1516 1934 1542 τδ

1147 1561 1250 1595 βέλτιον
1276 1561 1472 1596 αἱρετίαοντας,
1496 1559 1600 1591 τούτοις
1625 1559 1682 1595 ἅμα
1704 1561 1736 1595 τῇ
1760 1560 1856 1596 πρώτῃ
1871 1568 1936 1586 συν-

303 1607 444 1634 voluntate
462 1607 589 1634 virtutem
606 1607 752 1637 elccluros,
768 1613 829 1632 mox
845 1612 876 1632 ac
891 1605 978 1639 prima
993 1605 1093 1631 forma-

1145 1607 1260 1633 εισιέναι
1273 1606 1380 1639 πλάσει,
1407 1606 1455 1632 καὶ
1479 1605 1642 1640 τεκμηρίοις
1654 1605 1726 1631 τισὶν
1738 1605 1813 1631 ἐστιν
1825 1605 1870 1631 ὅτε
1885 1605 1936 1641 τὴν

306 1652 382 1678 tione
407 1660 433 1678 tn
456 1660 546 1678 renum
577 1656 702 1678 naturain
728 1651 872 1681 subierint,
895 1658 989 1677 eorunt
1013 1650 1094 1676 certis

305 1697 469 1731 quibusdam
499 1697 606 1724 indiciis
633 1697 800 1731 quandoque
829 1696 949 1722 futuram
974 1696 1089 1730 gloriam

304 1742 447 1776 designare
459 1749 491 1768 ac
501 1742 661 1774 claritatem)
672 1742 739 1774 btec,
752 1742 824 1768 velut
834 1749 894 1776 quae
903 1749 956 1768 non
969 1741 1094 1768 humana:

305 1787 464 1820 voluntatis,
498 1787 544 1814 sed
575 1787 620 1814 Dei
647 1787 752 1821 liquido
768 1794 850 1821 opera
870 1787 1013 1818 exsistant,
1041 1787 1095 1814 illis

306 1833 447 1860 referenda
477 1833 663 1867 relittquetttus
688 1833 738 1868 (4),
755 1833 854 1867 quibus
880 1833 972 1859 animo
989 1833 1094 1859 consti-

305 1884 411 1911 tutum,
445 1884 475 1906 ut
498 1879 557 1914 ejus
584 1887 675 1906 rerutn
709 1883 800 1906 texant
836 1879 987 1906 historiam.
1016 1878 1094 1911 Quod

305 1933 372 1953 vero
400 1933 453 1952 non
483 1927 571 1952 solum
598 1925 696 1952 divina;
711 1926 813 1960 gratiae,
842 1925 890 1951 sed
922 1929 948 1951 et
973 1924 1094 1952 victricis

306 1971 394 2004 palam
414 1971 520 1998 athletae
538 1971 622 1998 animi
653 1971 802 1998 voluntatis
827 1970 933 1998 fructus
947 1974 989 1998 est
1006 1970 1095 1998 illius-

305 2023 358 2051 que
371 2016 482 2051 dignum
500 2017 561 2043 fidei
576 2024 656 2051 opus,
675 2016 727 2044 hoc
749 2016 817 2043 mihi
835 2016 924 2043 visum
949 2020 979 2042 ut
1006 2015 1095 2042 laudi-

306 2062 357 2089 bus
374 2062 521 2094 celebrem,
533 2062 757 2096 admirandisque
769 2062 841 2089 sacri
870 2061 1000 2096 martyris
1015 2060 1094 2089 fortis

305 2107 388 2134 animi
416 2109 500 2141 gestis
513 2107 649 2142 factisque
678 2114 827 2142 martyrum
849 2112 973 2134 amantes
988 2107 1095 2136 animos

306 2157 469 2187 mentesque
492 2153 564 2179 laute
585 2153 732 2187 excipiam.
754 2152 834 2186 Quod
861 2153 933 2179 enim
948 2154 1036 2188 prima
1053 2153 1094 2180 al-

307 2203 416 2232 teraque
426 2202 516 2230 aetate,
530 2206 561 2224 ac
576 2198 704 2233 deinceps
728 2199 802 2226 omni
820 2199 920 2233 pietate
934 2206 966 2226 ac
983 2199 1095 2233 iustitia:

306 2244 433 2277 operibus
447 2249 569 2278 peracta,
593 2244 634 2270 vir
649 2243 744 2271 beatus
766 2243 799 2271 ad
822 2244 922 2271 seniles
936 2244 992 2279 jam
1007 2252 1095 2272 annos

1147 1654 1296 1689 μέλλουσαν
1312 1654 1534 1688 παρασημαίνειν
1549 1653 1642 1684 δόξαν·
1661 1652 1747 1679 ταῦτα
1763 1652 1822 1686 μὲν,
1836 1652 1875 1684 ὡς
1885 1652 1936 1678 οὐκ

1145 1699 1319 1734 ἀιθρωπίνης
1346 1699 1544 1734 προαιρέσεως,
1572 1697 1639 1724 Θεοῦ
1662 1698 1691 1724 δὲ
1718 1697 1844 1733 καθαρῶς
1866 1697 1936 1732 ἔργα

1146 1745 1318 1777 καθεστῶτα,
1335 1746 1390 1776 τοῖς
1408 1745 1525 1779 ἱστορεῖν
1540 1744 1665 1770 ἐθέλουσι
1680 1745 1841 1778 παρήσομεν
1853 1751 1860 1757 ’
1873 1743 1934 1775 ὃδὲ,

1145 1791 1236 1816 οὐκέτι
1254 1790 1336 1825 μόνης
1354 1790 1405 1824 τῆς
1432 1790 1554 1825 χάριτος,
1573 1790 1641 1816 ἀλλὰ
1663 1790 1711 1816 καὶ
1729 1789 1779 1823 τῆς
1794 1788 1936 1823 ἀθλοφορι-

1145 1836 1196 1870 κῆς
1223 1835 1448 1870 ὁμολογουμένως
1476 1835 1635 1870 προθέσεως
1661 1835 1779 1870 καρπὸς,
1796 1834 1842 1860 καὶ
1855 1834 1936 1869 ἔργον

1145 1881 1194 1915 τῆς
1210 1881 1315 1907 ἐκείνου
1333 1881 1451 1912 πίστεως
1467 1881 1553 1913 ἀξιον,
1570 1881 1650 1908 τοῦτό
1674 1889 1718 1915 μοι
1735 1881 1842 1912 δοκοῦν,
1854 1881 1935 1907 ἐπαι-

1145 1927 1234 1953 νετέον
1248 1925 1327 1958 εἶναι,
1340 1927 1388 1953 καὶ
1400 1928 1459 1958 ταῖς
1484 1927 1652 1962 θαυμασίαις
1674 1926 1721 1953 τοῦ
1743 1927 1816 1962 ίεροῦ
1831 1926 1935 1962 μάρτυ-

1147 1981 1192 2008 ρος
1222 1973 1429 2008 ἀνδραγαθίαις,
1446 1974 1496 2005 τὰς
1519 1973 1725 2008 φιλομάρτυρας
1748 1973 1866 2004 διανοίας
1886 1973 1934 1998 καὶ

1144 2018 1232 2053 ψυχὰς
1248 2019 1351 2054 ἑστιᾷν.
1372 2019 1449 2046 Ἐπεὶ
1479 2019 1533 2054 γὰρ
1558 2019 1608 2054 τὴν
1634 2018 1746 2053 πρώτην
1762 2027 1792 2044 τε
1808 2018 1855 2045 καὶ
1877 2018 1937 2044 δευ-

1144 2064 1228 2098 τέραν
1243 2064 1362 2099 ἠλικίαν,
1377 2065 1424 2091 καὶ
1448 2064 1565 2099 καθεξῆς
1577 2065 1592 2090 ὁ
1608 2063 1750 2098 Μακάριος
1768 2064 1796 2090 ὲν
1812 2063 1938 2100 εὐσεϐείᾳ

1144 2117 1174 2135 τε
1188 2109 1261 2144 πάσῃ
1277 2111 1323 2136 καὶ
1334 2109 1425 2145 ἔργοις
1435 2109 1584 2141 τετελεκὼς
1599 2107 1783 2141 δικαιοσύνης,
1800 2109 1839 2139 εἰς
1853 2116 1937 2142 πρεσ-

1146 2155 1259 2190 ϐυτικὴν
1276 2155 1326 2190 ήδη
1343 2155 1538 2190 μεθηλικίωσιν
1560 2155 1740 2189 κατήντησεν,
1756 2153 1810 2188 ὅσῳ
1825 2153 1875 2187 μὲν
1885 2153 1938 2180 αὺ-

1144 2200 1190 2232 τὸς
1219 2200 1257 2235 τῷ
1289 2201 1386 2236 μακρῷ
1411 2201 1499 2236 χρόνῳ
1533 2200 1601 2235 πρὸς
1632 2199 1722 2225 πᾶσαν
1746 2198 1814 2224 Θεοῦ
1841 2198 1937 2226 πίστιν

1146 2245 1322 2281 κατωρθοῦτο
1349 2246 1397 2272 καὶ⁵
1419 2245 1531 2281 ἀρετὴν,
1546 2244 1665 2278 τοσούτῳ
1687 2244 1787 2279 μᾶλλον
1805 2244 1830 2270 οἱ
1845 2252 1936 2280 παρα.-

307 2292 451 2320 evaserat;
481 2293 583 2322 quanto
616 2288 660 2315 ille
692 2288 771 2323 longa
800 2294 878 2316 aetate
910 2297 1019 2316 omnem
1046 2289 1093 2316 Dei

1147 2291 1296 2326 νομώτατοι
1312 2291 1362 2325 τῆς
1394 2291 1497 2323 πόλεως
1528 2291 1598 2317 κατὰ
1612 2291 1675 2322 τοὺς
1700 2290 1784 2316 παλαι
1800 2290 1934 2322 ἀπειθεῖς,

309 2333 387 2359 lidem
404 2333 586 2367 virtutemque
610 2334 767 2368 praestabat,
791 2338 868 2361 tanto
891 2333 977 2369 magis
1009 2335 1094 2362 scele-

308 2379 420 2405 stissimi
454 2378 538 2411 cives,
562 2387 658 2406 eorum
687 2387 762 2406 tnore
791 2380 838 2415 qui
866 2380 930 2407 olitn
962 2380 1095 2408 increduli

309 2426 426 2457 l'uet'attt,
449 2425 521 2459 ejus,
547 2433 629 2460 qttam
655 2426 789 2459 dicebam,
814 2426 921 2454 arboris
937 2427 1011 2454 cultu
1024 2434 1094 2454 mce-

345 2514 352 2530 ¹
369 2513 448 2542 Joan.
462 2523 521 2548 Vlll,
532 2515 578 2542 M.

347 2621 386 2655 (2)
402 2620 450 2648 Est
462 2620 534 2648 lotus
550 2620 631 2649 arbor
645 2620 720 2648 Afris
737 2619 889 2651 familiaris,
914 2625 975 2654 quae
995 2617 1098 2655 profert

310 2653 414 2684 fructus
425 2657 492 2691 adeo
507 2661 608 2691 gratos,
627 2661 656 2683 ut
669 2655 783 2691 advenis
794 2655 908 2691 incutiat
924 2653 1025 2691 patriae
1049 2653 1098 2680 ob-

308 2692 446 2719 livionem.
463 2687 532 2718 11ίιῖυ
546 2697 639 2718 natum
662 2690 847 2726 proverbium.
874 2687 1097 2726 Λωῖέοῦνὲφαγες,

309 2728 335 2754 id
350 2732 393 2754 est
411 2736 420 2752 ‹
441 2726 536 2753 Lottttu
557 2723 683 2761 gustasti.
703 2735 712 2751 ι
733 2725 802 2752 Hinc
832 2723 981 2761 Lotophagi
999 2731 1098 2761 vocant

309 2766 352 2788 tnr
374 2762 484 2796 quidant
513 2758 610 2788 Africa
625 2761 794 2796 popttli,_qni
821 2759 882 2793 ejus
897 2759 1000 2796 _frn_c_tu
1026 2765 1071 2796 veg
1091 2758 1099 2784 i

309 2792 448 2824 dicuntur.
462 2797 499 2824 De
511 2796 557 2823 illa
577 2792 701 2824 meminit
723 2792 868 2827 Homerus,
893 2793 1018 2824 Ovidius,
1042 2792 1098 2819 Plt-

309 2833 372 2857 nius
384 2832 494 2866 aliique.

345 2866 383 2900 (3)
398 2862 478 2894 Foi-tc
495 2866 540 2894 hic
553 2865 662 2894 Nicetas
677 2864 734 2892 vult
749 2863 870 2892 alludch
885 2863 918 2891 ad
936 2862 1097 2891 miraculum

1147 2337 1186 2371 τῷ
1210 2337 1347 2372 εἰρημένῳ
1373 2337 1523 2372 ἑμοιχῶντο
1543 2337 1632 2372 ξύλῳ-
1646 2336 1693 2363 καὶ
1717 2336 1793 2363 αὐτοὶ
1820 2335 1869 2370 μὲν
1899 2335 1936 2367 ὡς

1148 2382 1218 2416 Θεῷ,
1247 2382 1334 2417 τούτῳ
1367 2383 1416 2414 τὰς
1452 2383 1579 2418 λατρείας
1613 2383 1737 2413 ἐκτόπως
1763 2380 1936 2413 θυσιάζοντες

1149 2428 1297 2463 ἀνέφερον
1313 2428 1393 2461 αὐτὸς
1409 2429 1448 2462 δὲ,
1468 2428 1508 2465 τῷ
1523 2429 1596 2465 ζήλῳ
1612 2429 1661 2464 τῆς
1679 2427 1820 2459 εὐσεϐείας
1833 2434 1938 2462 mpm—

1150 2619 1222 2659 quod
1300 2621 1479 2659 Hyacinthus
1507 2621 1533 2648 in
1561 2621 1675 2656 pueritia
1700 2619 1826 2654 patravit.
1846 2619 1885 2646 uti
1909 2619 1937 2646 in

1150 2655 1225 2682 illius
1237 2656 1325 2691 elogio
1335 2655 1419 2683 antea
1435 2658 1562 2683 vidimus.

1186 2690 1224 2725 (Δ)
1253 2690 1322 2718 Hinc
1350 2696 1432 2726 patet,
1461 2691 1582 2718 Nicetam
1603 2691 1803 2725 Papltlagonem
1833 2693 1937 2726 tantum

1151 2727 1312 2761 martyrium
1347 2724 1434 2754 sancti
1461 2725 1604 2761 llyaeinthi
1634 2724 1777 2761 laudibus,
1795 2724 1937 2754 extollere,

1152 2761 1210 2788 sive
1226 2760 1304 2795 ’quod
1326 2761 1359 2788 de
1381 2762 1463 2796 gestis
1487 2760 1546 2795 ejus
1577 2765 1640 2788 ante
1669 2760 1830 2796 martyrium
1851 2765 1937 2792 pauca

1153 2794 1258 2828 nosset,
1274 2797 1330 2823 sive
1348 2794 1420 2830 quod
1438 2794 1692 2824 hmc'celehrassent
1719 2794 1764 2822 alii
1779 2794 1936 2828 scriptores,

1152 2838 1269 2865 quorutn
1285 2831 1381 2858 notitia
1399 2831 1432 2858 ad
1448 2838 1498 2859 nos
1511 2838 1564 2859 non
1580 2830 1712 2866 pervenit.
1737 2856 1740 2861 ,
