2089 3151
218 155 271 186 425

505 153 644 183 ORATIO
663 152 742 182 ΧΙΧ.
759 164 793 169 -
809 151 850 181 ΙΝ
870 148 1027 180 LAUDEM
1047 149 1076 178 S.
1095 147 1307 178 HYACINTHI
1327 145 1560 184 AMASTRENI.

1797 147 1850 181 426

219 213 360 247 λούμενος,
388 210 436 238 καὶ
465 209 526 236 καθ’
554 210 691 244 ἑκάστην,
713 209 752 240 ὼς
777 209 883 240 εἰπεῖν,
917 207 1026 238 αὐτοῖς,

1077 205 1222 232 habantur.
1251 204 1339 239 Atque
1362 203 1390 231 hi
1421 203 1530 239 quidem
1547 203 1598 237 illi,
1626 206 1656 231 ut
1678 204 1733 232 Deo
1767 206 1854 233 sacri-

219 257 352 293 προσιὼν,
366 255 516 292 παρηγγύα
531 255 577 282 καὶ
600 254 803 290 παρήγγελλεν,

255 390 289 423 ζ’.
310 399 319 415 ι
342 389 456 424 Ἀνδρες
472 388 592 420 πολῖται,
610 387 707 422 λέγων,
732 387 812 418 ὅσοις
836 386 950 421 ἔμφρων
971 387 1013 412 ὲν-

220 436 353 463 ἐστακται
384 435 527 470 λογισμὸς,
552 434 649 469 δέομαι
667 433 755 468 ὑμῶν,
772 433 841 469 ὀρθῇ
856 433 946 468 κρίσει
966 433 1014 458 καὶ

220 483 345 519 διακονίᾳ
372 481 552 516 λελογισμένῃ
578 479 757 516 κεχρημένοι,
787 481 844 511 τοῖς
867 479 912 513 ὑφ’
936 478 1015 514 ὑμῶν

222 529 423 566 πραττομένοις
448 528 615 562 ὲπιστήσατε
641 527 685 553 τὸν
713 526 794 552 νοῦν·
813 526 899 560 γνῶτε
916 525 948 560 δὴ
969 524 1016 551 καὶ

223 575 318 602 σύνετε
335 575 390 601 τίνι
416 573 563 609 λατρεύειε
575 581 582 588 ·
599 573 646 599 καὶ
667 573 722 599 τίνι
738 572 769 598 τὸ
781 572 875 603 σέϐας,
891 571 928 602 ὡς
944 571 1013 605 Θεῷ,

224 623 467 657 προσαναιρὲρετεο
497 619 528 646 τὸ
546 618 624 652 ξύλον
641 619 694 654 γὰρ
720 617 809 650 τοῦτο,
838 618 909 645 καοὰ
925 618 972 644 καὶ
983 618 1017 644 τὰ

223 667 305 695 λοιπὰ
316 667 413 703 δένδρα
429 667 530 698 πάντα,
541 665 595 692 τῶν
613 665 661 700 μὲν
673 664 784 700 ἀψύχων
799 664 934 698 σωμάτων
952 662 1018 690 καλ-

223 714 311 746 λίονός
324 716 383 740 ἐστι
401 713 520 748 φύσεως,
538 712 600 739 καθ’
620 712 634 738 ὃ
651 711 802 748 θρεπτικῖκ
819 710 887 742 ὅλως
906 710 952 736 καὶ
966 710 1017 736 αὺ-

224 761 339 797 ξητικῆς
354 760 494 795 δυνάμεως
522 759 663 794 εύμοιρεί·
682 759 774 793 χεῖρον
796 758 824 784 δὲ
848 757 925 789 ζώων
946 756 1011 783 πάνυ

224 817 290 839 των,
307 807 349 834 ὅτι
367 807 456 842 πάσης
478 805 633 841 αἰσθήσεως
654 806 702 832 καὶ
721 803 813 840 πάσης
832 803 1018 839 μεταϐατικῆς

225 854 359 888 κινήσεως
375 854 496 888 ἀμοιρεῖ·
513 852 608 888 ὥσπερ
619 852 651 886 δὴ
670 852 718 878 καὶ
733 852 787 878 τῶν
796 850 900 885 ἀλόγων
915 850 1019 876 ἕκαστα

225 900 314 932 ζώων,
325 898 364 934 τῷ
377 899 426 934 μὲν
440 898 593 932 αἰσθήσεως
618 898 634 933 ἢ
661 898 796 933 κινήσεως
809 896 945 932 μετέχειν,
965 895 1019 922 τῶν

226 945 319 980 φυτῶν
332 945 489 980 τελειότερα
505 944 671 980 δεικνύμενα
681 964 689 977 ,
706 943 747 979 τῷ
770 944 874 979 ἄμοιρα
889 941 917 970 δὲ
939 942 1019 976 λόγου

226 991 403 1023 καθεστάναι,
415 990 462 1017 τοῦ
478 989 624 1024 ἀνθρώπου
651 989 722 1016 κατὰ
745 988 826 1021 φύσιν
855 987 1021 1024 χρηματίζει

227 1036 312 1071 χείρω
324 1044 330 1049 ·
349 1036 397 1062 καὶ
414 1036 469 1071 γὰρ
487 1035 535 1070 οὐχ
553 1034 690 1070 ὁμοιειδὴς
711 1035 727 1070 ἠ
752 1034 851 1066 κτίσις,
873 1034 927 1064 οὐδ’
953 1034 1019 1066 ὁμο-

226 1081 318 1116 ταγῶς
333 1082 368 1109 τὰ
382 1082 471 1108 πάντα
490 1083 523 1117 τῇ
544 1080 704 1117 δημιουργῷ
723 1080 804 1116 σοφίᾳ
826 1080 1020 1106 διατέτακται·

228 1129 328 1155 ἁλλ’ὲν
346 1128 525 1165 παναρμονίῳ
554 1128 589 1154 τὰ
614 1128 704 1154 πάντα
730 1127 872 1162 συστοιχίᾳ
896 1126 944 1153 καὶ
957 1127 1022 1152 ἀκο-

227 1174 333 1211 λουθίᾳ,
352 1175 406 1201 ἀπδ
420 1173 467 1201 τοῦ
512 1173 647 1209 βελτίονος
676 1173 723 1199 ἐπὶ
737 1173 768 1200 τὴ
781 1169 875 1208 ἧσσον,
896 1172 943 1199 καὶ
969 1172 1023 1198 ἀπὸ

228 1221 276 1248 τοῦ
305 1220 399 1256 ὁμοίου
425 1220 474 1247 καὶ
502 1219 636 1251 Θεοειδοῦς
658 1221 705 1246 ἐπὶ
732 1219 763 1245 τὸ
787 1219 881 1254 πόρρω
894 1217 961 1244 Θεοῦ
977 1219 1024 1244 καὶ

228 1268 356 1303 ἀνόμοιον
375 1267 490 1302 προάγει
507 1267 557 1302 τὴν
570 1266 770 1302 δημιουργίαν·
786 1265 824 1296 ὡς
841 1265 874 1291 ἂν
899 1265 936 1300 μὴ
958 1265 1024 1299 ἁμέ-

231 1322 285 1345 ato;
296 1314 351 1344 τοῖς
364 1312 419 1339 τῶν
436 1313 525 1348 ἔργων
544 1313 681 1347 ἐσχάτοις,
699 1311 744 1338 διὰ
766 1311 870 1338 πολλῶν
887 1310 915 1336 δὲ
930 1309 983 1336 τῶν
996 1310 1024 1335 ὲν

232 1359 307 1394 μέσῳ
332 1358 472 1394 θεωρηθῇ,
493 1357 542 1389 τὰς
569 1357 730 1393 πρεπούσας
761 1356 889 1392 προνοίας
913 1355 1025 1382 ἐπιϐάλ-

229 1405 333 1432 λουσα·
364 1406 420 1436 τοῖς
441 1404 567 1432 κάτωθεν
591 1404 620 1430 δὲ
644 1404 713 1439 προς
740 1402 822 1430 αὑτοῦ
847 1403 952 1429 ἀνιέναι
977 1401 1025 1437 τὴν

232 1451 330 1487 σοφίαν
356 1451 401 1477 διὰ
430 1450 546 1487 θεωρίας
567 1449 751 1485 βουλομένοις,
772 1449 816 1476 διά
838 1456 913 1479 τινας
929 1447 1027 1474 ἀναΰα-

232 1497 316 1533 ομοὺς
335 1497 593 1533 προῦποόάλλουσα,
611 1496 658 1522 καὶ
677 1494 782 1528 τούτοις
804 1494 854 1526 τὰς
870 1494 939 1530 πρὸς
960 1493 1027 1520 Θεὸν

232 1544 379 1576 ἀναὸἀπεις
397 1542 614 1571 κατειθούνουσιι.

270 1683 306 1720 η’.
323 1695 332 1711 ‹
346 1683 395 1711 Διὰ
406 1683 485 1710 τοῦτο
494 1681 598 1719 πρῶτοι
613 1683 662 1718 μὲν
675 1682 786 1718 ἀπάσης
794 1681 842 1715 τῆς
855 1680 958 1717 ὁρατῆς
972 1678 1030 1706 κτί-

236 1740 317 1763 σεως,
334 1731 387 1757 ὑπὸ
413 1730 462 1765 τῆς
479 1729 608 1756 ὰκτίστου
627 1729 681 1756 τῶν
698 1728 766 1755 ὅλων
787 1727 888 1759 αἰτίας,
913 1726 938 1752 οἱ
962 1726 1029 1753 θεῖοι

195 1770 200 1773 ξ
235 1778 296 1809 νέες
312 1777 351 1809 εἰς
376 1777 407 1803 τὸ
428 1774 498 1803 εἶναι
525 1774 761 1810 καταϐέϐληνται·
788 1774 848 1805 vos;
875 1771 1029 1807 ἀσώματοι,

236 1823 376 1854 Θεοειδεῖς,
402 1821 568 1857 φωτοειόεἳς,
596 1821 625 1847 ἐν
650 1820 735 1855 ἀρετῇ
755 1819 825 1854 πρὸς
842 1821 888 1844 τὸν
907 1817 1030 1852 ἀχρόνως

237 1869 337 1899 αὐτοὺς
352 1867 507 1902 ὑφιστῶντα
522 1866 570 1901 τὴν
587 1865 736 1900 ὁμοιότητα
749 1863 915 1898 κεκτημένοι
929 1862 977 1888 καὶ
991 1862 1031 1888 ot-

237 1915 368 1942 κείωσινσ
386 1913 455 1949 μετὰ
467 1913 513 1939 τὸν
526 1913 589 1940 νοῦν
603 1912 814 1947 δημιουργεῖται
824 1910 914 1944 λόγος,
929 1910 963 1945 τῇ
983 1907 1030 1935 τοῦ

238 1961 384 1998 ἀνθρώπου
413 1959 738 1994 συγκατασκευαζόμενος
759 1957 839 1992 οὐσίᾳ
850 1964 856 1972 ⁸
873 1956 967 1988 σώζων
982 1955 1032 1991 μὲν

238 2009 287 2035 καὶ
303 2007 385 2039 αὐτὸς
404 2005 499 2033 είκόνα
511 2005 571 2032 τινὰ
589 2005 637 2031 καὶ
661 2004 791 2040 ὁμοίωσιν
806 2002 852 2029 τοῦ
866 2001 1031 2032 πλάσαντος,

239 2051 320 2090 ἧττον
336 2053 375 2086 δὲ,
397 2052 413 2087 ἦ
428 2051 500 2078 κατὰ
519 2051 569 2086 τὴν
582 2050 638 2077 τῶν
657 2050 726 2076 νὸων
752 2049 837 2081 ίδέαν,
851 2048 895 2075 διὰ
918 2049 968 2084 τὴν
985 2047 1031 2073 τοῦ

241 2099 364 2135 χείρονος
394 2098 512 2134 μετοχήν
528 2105 534 2112 ·
554 2096 623 2132 μετὰ
639 2096 684 2122 τδν
697 2095 776 2130 λόγον
801 2095 839 2126 δὲ,
861 2093 999 2129 αἴσθησις,
1015 2093 1032 2127 ἢ

241 2144 296 2171 τῶν
313 2145 418 2178 ἀλόγων
447 2143 525 2176 ζώων
547 2142 578 2169 τὸ
598 2142 755 2174 ίδιαίτατον,
781 2140 875 2175 ὥσπερ
895 2141 954 2166 ἐστὶ
979 2139 1032 2166 τῶν

241 2190 359 2225 λογικῶν
379 2191 393 2217 ὁ
421 2191 513 2224 λόγος·
532 2190 601 2224 μετὰ
618 2189 667 2224 τὴν
684 2187 811 2224 αἴσθησιν
826 2187 863 2219 at,
880 2187 897 2222 ἡ
919 2185 1033 2221 ἁπλῆ,ὴ

243 2236 345 2272 φυτικὴ
358 2236 487 2263 τέτακται
504 2235 572 2270 ζωὴ,
586 2236 675 2270 πάσης
690 2235 823 2269 ὑφειμένη
835 2233 883 2268 τῆς
901 2233 1014 2264 κτίσεως
1026 2241 1032 2247 ⁸

244 2283 329 2318 μόνης
342 2283 371 2309 δὲ
382 2282 430 2317 τῆς
458 2282 564 2317 ἀψύχου
574 2282 670 2316 ,πάντη
687 2281 733 2307 καὶ
748 2280 854 2315 ὑλικῆς,
866 2279 896 2306 ὃν
912 2279 1034 2310 εἰπόντες

244 2330 424 2365 προέφοημεν
439 2329 549 2364 τρόπον,
567 2328 722 2364 καθυπερτε
728 2327 821 2363 ροῦσα.

1065 250 1196 283 ﬁcantes,
1227 251 1332 278 hostias
1358 251 1530 283 offerebant;
1559 250 1618 286 ipse
1651 259 1716 278 vero
1745 252 1855 287 pietati;

1065 296 1124 323 zelo
1141 303 1301 330 succensus,
1317 296 1505 331 quotidieque,
1530 300 1559 324 ut
1581 296 1621 324 sic
1645 296 1756 332 loquar,
1771 297 1856 325 homi-

1065 350 1114 370 nes
1126 343 1302 375 conveniens,
1318 342 1397 370 cilicii
1412 343 1540 370 monebat
1555 347 1581 370 et
1596 343 1802 377 adhortabatur,

1102 389 1127 417 7.
1145 399 1154 415 ‹
1170 389 1228 417 \‘iri
1238 390 1321 422 cives,
1330 389 1430 422 aiebat,
1443 390 1662 424 quotquotestis,
1675 390 1774 425 quibus
1785 398 1858 417 sana:

1067 436 1169 471 aliquid
1187 436 1302 464 rationis
1319 436 1399 468 inest,
1418 443 1484 471 rogo
1508 443 1568 469 νος,
1595 441 1670 464 recto
1697 437 1800 472 judicio
1826 446 1859 466 ac

1067 483 1192 510 consulto
1210 483 1313 515 animo,
1333 483 1376 510 his
1392 490 1452 517 qua:
1469 490 1483 509 a
1500 482 1579 510 vobis
1594 488 1725 517 geruntur
1740 490 1858 511 mentem

1071 529 1212 557 attendite.
1232 528 1346 561 Scitote,
1365 536 1469 564 quaso,
1487 537 1519 556 ac
1543 529 1692 564 intelligite,
1711 537 1791 564 quem
1811 538 1859 557 co-

1068 575 1143 608 latis,
1162 575 1251 608 cuive,
1273 579 1304 602 ut
1334 575 1388 602 Deo
1406 576 1607 602 venerationem
1634 575 1796 604 adliibcatis.
1813 575 1861 603 Et-

1068 621 1141 649 enim
1161 621 1244 648 arbor
1260 623 1330 653 time,
1353 625 1381 648 ut
1403 625 1431 648 et
1459 621 1595 656 reliquum
1622 623 1746 658 stirpium
1775 631 1861 658 genus

1069 672 1150 703 atque
1172 668 1313 701 arborum,
1334 669 1533 703 praestantioris
1556 669 1666 704 quidem
1695 674 1800 698 natura:
1820 677 1863 698 est

1070 722 1153 750 quam
1169 722 1285 750 corpora
1312 715 1446 748 inanima,
1471 723 1503 743 ea
1527 716 1634 744 scilicet
1661 718 1767 745 ratione
1789 719 1862 754 quod

1070 760 1208 787 nutriendi
1239 759 1369 787 facultate
1401 765 1483 796 atque
1512 761 1628 797 augendi
1655 762 1767 796 pra'dita
1799 769 1860 791 est:

1070 805 1190 833 deterior
1221 813 1286 833 vero
1314 806 1422 833 eunetis
1452 807 1648 838 animantibus,
1677 808 1749 842 quod
1773 809 1863 836 omnis

1072 857 1170 878 Sensus
1182 850 1329 885 omnisque
1346 849 1487 885 gradiendi
1505 855 1596 878 motus
1625 858 1722 886 expers
1744 856 1797 879 est.
1819 851 1863 878 Uti

1072 903 1138 923 sane
1153 895 1235 923 etiam
1264 895 1351 922 bruta:
1371 903 1487 930 qumque
1508 896 1672 929 animantes,
1701 905 1754 932 qua
1780 904 1863 924 sensu

1071 946 1203 976 motuque
1214 942 1331 976 prmdita:
1346 945 1420 974 sunt,
1434 942 1567 977 stirpibus
1578 943 1734 978 plantisque
1743 945 1865 978 probata:

1072 988 1233 1020 nobiliores,
1250 988 1324 1022 ipsa‘,
1340 987 1413 1022 quod
1435 988 1543 1016 ratione
1562 988 1736 1023 deﬁciuntur,
1756 990 1867 1017 homine

1073 1038 1173 1060 natura
1202 1033 1341 1060 exsistunt
1367 1026 1523 1062 inferiores.
1553 1033 1613 1062 Non
1640 1035 1712 1062 enim
1743 1036 1865 1070 ejusdem

1073 1080 1182 1115 generis
1195 1084 1238 1106 est
1254 1079 1389 1114 quidquid
1405 1080 1432 1107 in
1452 1080 1534 1108 rebus
1549 1085 1670 1109 creatum
1688 1086 1740 1114 est,
1759 1082 1868 1110 eodem-

1073 1134 1127 1161 que
1152 1133 1184 1153 ac
1213 1125 1272 1161 pari
1299 1126 1408 1159 ordine,
1438 1127 1572 1155 creatrice
1601 1127 1741 1163 Sapientia
1768 1133 1869 1157 cuncta

1074 1172 1222 1199 constituta
1248 1176 1329 1204 sunt,
1358 1171 1405 1199 sed
1436 1172 1649 1201 eoneinnissima
1683 1174 1775 1202 omnia
1798 1176 1878 1203 serie'

1075 1217 1184 1253 aliaque
1207 1217 1270 1246 aliis
1296 1218 1473 1251 cohaerentia,
1497 1218 1531 1246 ab
1547 1227 1581 1247 eo
1598 1219 1671 1254 quod
1694 1221 1870 1255 praestantius

1076 1268 1128 1296 est,
1143 1264 1175 1291 ad
1189 1264 1214 1292 id
1223 1264 1295 1299 quod
1309 1264 1431 1292 deterius
1448 1268 1502 1298 est,
1516 1269 1599 1300 atque
1614 1265 1648 1293 ab
1658 1274 1690 1294 eo
1699 1267 1871 1302 quodsimile

1076 1317 1108 1336 ac
1125 1309 1269 1344 deiforme,
1287 1310 1320 1337 ad
1334 1310 1359 1337 id
1376 1310 1449 1345 quod
1461 1310 1582 1345 procula
1600 1311 1655 1339 Deo
1673 1320 1706 1339 ac
1725 1312 1869 1347 dissimile,

1077 1355 1208 1390 producta
1227 1356 1264 1384 illi
1286 1356 1388 1383 crcatio
1413 1360 1477 1389 est;
1504 1364 1538 1384 ne
1570 1356 1726 1385 immediate
1740 1360 1871 1387 extremis

1077 1402 1216 1437 operibus,
1245 1402 1291 1429 sed
1318 1402 1443 1436 pluribus
1467 1402 1565 1430 mediis
1586 1401 1747 1438 interjectis,
1772 1413 1873 1433 conve-

1077 1447 1199 1473 nientem
1232 1446 1431 1481 providentiam
1456 1455 1606 1483 curamque
1633 1448 1764 1478 adhibere
1793 1450 1872 1479 intel-

1079 1491 1191 1526 ligatur,
1219 1491 1319 1527 ltisqve
1333 1492 1401 1519 adeo
1415 1491 1461 1527 qui
1482 1492 1516 1520 ab
1542 1492 1720 1522 inferioribus
1735 1495 1769 1522 ad
1784 1495 1872 1531 ipsam

1042 1559 1064 1589 α
1080 1544 1129 1572 per
1140 1538 1401 1572 contemplationem
1416 1538 1500 1566 velint
1511 1546 1666 1575 assurgere,
1677 1541 1756 1576 quasi
1772 1543 1874 1577 gradus

1081 1584 1214 1619 quosdam
1245 1585 1438 1618 substernere,
1467 1586 1700 1623 ascensionesque
1724 1588 1753 1616 in
1785 1589 1872 1618 Deum

1079 1629 1206 1665 dirigere.

1116 1677 1142 1704 8.
1157 1687 1166 1703 ‹
1185 1676 1370 1710 Quamobrem
1384 1681 1447 1705 ante
1461 1685 1569 1706 omnem
1582 1686 1748 1714 creaturam,
1759 1682 1786 1709 in
1796 1689 1876 1718 aspe-

1081 1729 1155 1752 ctum
1183 1724 1346 1758 cadentem,
1376 1724 1498 1752 inereato
1528 1726 1719 1754 universorum
1742 1732 1875 1762 auctore,

1081 1771 1181 1798 divinae
1203 1776 1308 1798 mentes
1340 1770 1379 1806 (5)
1409 1771 1436 1798 in
1464 1779 1555 1798 rerum
1582 1777 1708 1800 naturam
1737 1774 1876 1809 producta:

1082 1822 1164 1845 sum:
1191 1822 1297 1845 mentes
1320 1817 1426 1845 scilicet
1446 1817 1625 1853 incorporeae,
1654 1819 1813 1853 deiformes,
1835 1821 1876 1848 lu-

1083 1863 1231 1896 cifortnes,
1263 1869 1291 1891 ut
1321 1863 1361 1891 sic
1385 1864 1468 1892 liceat
1500 1864 1596 1899 loqui,
1622 1866 1731 1894 virtutis
1753 1868 1876 1902 partibus

1052 1933 1061 1939 ,
1083 1916 1145 1936 cum
1160 1908 1379 1944 intemporaliter
1391 1911 1559 1945 producente
1572 1911 1778 1941 similitudinem
1791 1919 1878 1941 nacta:

1083 1962 1116 1982 ac
1131 1955 1361 1983 necessitudinem
1374 1965 1380 1982 ε
1395 1957 1516 1984 secunda
1535 1965 1549 1984 a
1573 1964 1664 1985 mente
1676 1959 1792 1994 origine,
1809 1961 1878 1987 ratio

1083 2001 1212 2029 conditur
1256 2009 1288 2028 ac
1316 2007 1484 2036 procreatur,
1517 2003 1575 2037 ipsa
1608 2004 1728 2031 bomiuis
1754 2005 1880 2032 essentia:

1084 2055 1176 2074 comes
1198 2046 1354 2074 fabricata:
1378 2055 1439 2082 quae
1463 2048 1574 2083 quidem
1591 2048 1651 2083 ejus
1679 2050 1726 2084 qui
1751 2050 1879 2078 formavit

1085 2093 1233 2128 imaginem
1245 2093 1393 2128 quamdam
1404 2101 1436 2121 ac
1451 2094 1659 2123 similitudinem
1673 2096 1731 2130 ipsa
1750 2097 1878 2130 retineat,

1085 2139 1165 2174 longe
1183 2143 1273 2166 tamen
1299 2146 1380 2173 quam
1406 2147 1455 2174 pro
1479 2140 1612 2167 mentium
1643 2141 1751 2169 ratione
1767 2141 1880 2169 inferio-

1088 2193 1145 2212 rem
1162 2185 1196 2212 ob
1212 2185 1272 2219 ejus
1292 2185 1489 2213 commercium
1516 2187 1587 2221 quod
1612 2186 1734 2215 deterius
1749 2192 1799 2215 est.
1816 2188 1881 2215 Post

1089 2231 1222 2258 rationem
1258 2236 1360 2263 autem,
1391 2239 1500 2265 sensus,
1529 2232 1672 2260 brutarum
1700 2234 1881 2262 animantium

1089 2277 1338 2314 peculiarissimum
1352 2285 1456 2306 munus
1473 2281 1557 2313 atque
1571 2278 1632 2313 dos,
1647 2280 1685 2307 uti
1704 2281 1773 2308 ratio
1784 2288 1881 2308 eorum

1090 2324 1137 2360 qui
1163 2325 1206 2351 illa
1224 2324 1329 2359 praediti
1356 2329 1430 2353 sunt.
1455 2325 1478 2352 Α
1504 2333 1587 2354 sensu
1607 2327 1730 2362 sequitur
1744 2327 1797 2356 vita
1817 2328 1883 2356 sitn-

244 2378 316 2412 plex,
346 2384 443 2411 nempe
471 2375 641 2410 vegetabilis,
675 2375 769 2401 intimo
801 2373 875 2401 omni
899 2377 1032 2401 creatura:
1048 2372 1159 2407 gradu;
1194 2371 1234 2398 sic
1264 2371 1394 2399 nimirum
1431 2376 1461 2399 ut
1495 2370 1560 2400 'soti
1601 2381 1718 2409 prorsus
1754 2375 1884 2403 inanima:

245 2428 424 2457 lerrenmque,
442 2422 475 2449 ad
489 2429 551 2449 eum
563 2429 643 2456 quem
662 2421 787 2455 superius
798 2420 957 2448 dicebamus
973 2419 1098 2451 modum,
1116 2418 1263 2453 praecellat.

281 2470 314 2495 θ’.
326 2478 335 2494 ι
351 2469 382 2495 Εἰ
393 2466 440 2494 οὖν
451 2467 506 2494 οὔτ’
518 2467 657 2502 αἴσθησιν,
668 2466 729 2493 οὕτε
743 2466 832 2500 λόγον,
844 2465 907 2492 οὔτε
921 2465 950 2492 δὲ
962 2465 1037 2498 νοῦν,

245 2516 280 2542 τὰ
304 2515 358 2541 τῶν
380 2514 542 2550 ποιημάτων
568 2513 722 2545 κάλλιστα,
741 2513 871 2548 τιμητέον
897 2513 934 2544 ὡς
962 2512 1040 2543 Θεοὺς

247 2561 401 2596 (ποιήματα
419 2560 484 2596 γὰρ,
508 2561 554 2587 καὶ
580 2559 669 2586 πάντα
693 2559 762 2594 πρὸς
777 2558 855 2591 δόξαν
871 2557 940 2585 ἰδίαν
955 2559 969 2584 ὁ
987 2558 1041 2585 τῶν

246 2607 357 2634 πάντων
368 2607 553 2642 παραγωγεὺς
564 2605 807 2640 κατεσκευάσατο),
821 2605 879 2636 πῶς
891 2605 925 2632 τὰ
941 2605 1042 2641 μακρῷ

247 2653 298 2688 τὴν
315 2652 397 2687 φύσιν
430 2653 542 2679 ἐκείνων
564 2652 715 2687 ἀτιμότερα
745 2651 940 2687 νομισθείησαν
965 2652 1039 2684 θεοῖς

250 2695 310 2725 πῶς
323 2698 351 2721 δὲ
368 2697 415 2724 τὸν
428 2697 514 2724 λωτὸν
525 2698 643 2730 τουτονὶ,
660 2698 711 2732 γῆς
726 2696 791 2723 ὄντα
805 2696 921 2732 καρπὸν,
938 2697 984 2723 καὶ
997 2697 1040 2731 ἐφ’

250 2740 310 2772 ἐνὸς
327 2740 376 2774 μὲν
393 2741 577 2776 ἔρριῖωμένον
588 2743 683 2775 τόπου,
702 2743 812 2777 ἀνέμοις
825 2742 854 2768 δὲ
872 2743 939 2768 πᾶσι
951 2742 1042 2768 δονού-

251 2794 343 2822 μενον,
361 2787 427 2822 πυρί
445 2794 474 2812 τε
486 2786 534 2813 καὶ
550 2787 653 2821 σιδήρῳ
664 2788 734 2815 κατὰ
753 2788 833 2824 φύσιν
848 2788 1038 2824 ὑποκείμενον,

1128 2465 1155 2491 9.
1177 2473 1185 2489 ι
1198 2463 1266 2491 Cum
1284 2463 1364 2499 igitur
1378 2471 1429 2492 nec
1445 2472 1556 2493 sensum
1570 2473 1620 2493 nec
1636 2467 1782 2500 rationem,
1796 2473 1826 2495 ut
1837 2477 1885 2496 nc-

1092 2519 1146 2546 que
1159 2516 1287 2544 mentem,
1310 2516 1467 2539 creatorum
1480 2513 1678 2547 pulcherrima,
1701 2519 1730 2542 ut
1751 2514 1818 2543 deos
1839 2523 1886 2544 co-

1093 2557 1150 2584 lere
1163 2557 1262 2584 liceat:
1280 2557 1380 2592 quippe
1401 2564 1554 2592 creaturas,
1579 2567 1611 2586 ac
1631 2567 1692 2595 quae
1714 2561 1806 2588 omnia
1823 2562 1890 2588 uni-~

1093 2611 1235 2631 versorum
1249 2604 1396 2638 productor
1407 2605 1433 2632 in
1449 2613 1527 2633 suam
1540 2606 1654 2642 gloriam
1671 2607 1819 2635 fabricatus
1832 2607 1884 2634 sit:

1096 2650 1208 2685 quinam
1226 2650 1280 2684 tiat,
1300 2656 1328 2678 ut
1344 2659 1405 2686 qua:
1428 2651 1470 2680 his
1497 2653 1578 2688 longe
1603 2657 1701 2681 natura
1724 2653 1884 2688 ignobiliora

1096 2701 1178 2728 sunt,
1210 2696 1247 2723 dii
1274 2697 1491 2725 existimentur?
1514 2698 1658 2731 Quomodo
1684 2704 1773 2726 autem
1799 2699 1886 2726 lotum

1097 2742 1179 2773 hanc,
1199 2746 1279 2769 terra:
1292 2742 1397 2770 scilicet
1409 2751 1532 2779 germen,
1551 2749 1632 2779 atque
1648 2751 1702 2771 uno
1718 2743 1828 2779 quidem
1840 2752 1886 2771 ra-

1094 2788 1212 2816 dicatam
1229 2789 1299 2822 loco,
1312 2790 1386 2817 omni
1401 2798 1465 2818 vero
1481 2796 1623 2818 ventorum
1633 2791 1710 2819 tiatui
1721 2792 1888 2836 expositam,

288 2876 328 2912 (5)
346 2876 414 2904 Puto
427 2876 471 2903 hic
483 2884 530 2910 per
546 2875 654 2903 divinas
680 2881 784 2906 mentes
798 2877 912 2913 intelligi
925 2878 1048 2908 caelestes
1063 2879 1188 2915 spiritus,
1203 2887 1272 2915 quos
1285 2879 1366 2916 vulgo
1380 2880 1494 2916 angelos
1509 2881 1694 2911 nominamus.

415 2923 555 2955 Parnot.
573 2924 631 2954 Gn.
647 2923 710 2955 CV.

1655 2930 1691 2962 η

1701 2985 1708 2994 ι
