2089 3151
226 145 277 176 όὲτ
829 144 977 175 NICET/E
996 143 1092 174 ΡΑΡΠ
1097 144 1260 175 LAGONIS
1802 142 1854 176 528

226 198 337 234 ignique
354 205 385 226 ac
396 197 469 226 ferro
483 202 580 226 natura
615 199 774 230 obnoxiam.
791 198 941 234 quomodo,
968 199 1012 227 in-

1067 198 1122 231 ιτῶς
1130 199 1226 227 τοῦτον
1240 199 1317 232 Θεὸν,
1333 196 1355 227 ὧ
1370 199 1477 236 ἄνδρες,
1494 200 1524 227 ού
1541 199 1670 235 φρίσσετε
1686 198 1793 232 καλεῖν,
1805 198 1853 226 θυ-

226 252 320 279 quam,
337 251 397 272 eam
408 243 493 272 Deum
511 252 619 279 vocare,
639 253 656 273 ο
671 245 732 276 viri,
755 252 808 272 non
824 245 1013 280 perhorresci-

227 291 284 324 tis;
305 298 355 318 nec
383 298 432 319 vos
451 291 534 326 pudet
553 291 672 319 victimis
700 299 733 319 ac
761 291 915 319 libamentis
937 291 1013 319 omni

225 337 383 364 destitutam
400 344 482 364 sensu
498 342 623 365 naturam
650 337 797 364 venerari?
812 337 876 365 llaec
889 337 961 365 enim
988 338 1012 366 si

226 382 298 410 Deus
316 388 368 414 εει,
383 382 436 410 erit
451 382 575 417 profecto
587 388 612 410 et
628 383 714 410 saltus
730 383 822 410 omnis
835 382 906 411 Deus
923 391 1009 411 :cun-

226 433 268 455 cla
284 428 355 455 enim
372 428 453 456 unius
489 433 592 456 natura?
607 433 690 461 sunt,
718 430 830 457 arbores
857 429 960 457 scilicet
981 437 1014 457 ac

224 474 308 509 ligna.
328 473 405 507 Quod
419 475 441 501 si
459 474 572 502 arbores
585 476 622 502 dii
637 480 713 508 sntit,
742 475 881 510 quomodo
905 476 1010 503 securi-

225 520 276 547 hus
291 519 448 547 excidentes
465 520 575 556 ignique
591 521 719 555 pabulum
735 521 923 556 subjicientcs,
955 529 1012 549 non

225 565 383 598 impietatis,
404 569 430 592 et
447 569 476 592 ut
505 566 550 593 Dei
578 566 729 599 adversarii
759 566 888 598 audiatis,
922 566 1008 594 aleam

225 610 345 638 subitis?
362 610 414 639 [les
446 611 567 639 stultitia:
580 612 670 647 plena,
692 612 793 646 profusi
807 613 937 647 stuporis.
954 612 1013 640 exi-

225 664 284 692 gua:
298 656 443 692 fragilique
457 658 547 685 arbori
567 665 598 685 ac
625 666 737 693 prorsus
768 659 855 686 inutili
874 660 1014 687 attendere

225 703 359 734 auitnum,
375 707 402 730 et
418 707 447 730 ut
476 703 529 731 Deo
545 704 646 731 cultum
667 703 704 731 illi
728 704 867 732 adhibere.
895 704 922 732 Si
940 705 1012 732 enim

224 749 271 784 qui
287 750 386 776 caelum
401 749 501 785 ipsum,
516 750 657 785 solemque
674 755 700 777 et
720 749 812 777 lunam
824 758 856 777 ac
872 751 1012 778 stellarum

225 795 357 830 quasdam
373 803 419 822 seu
443 795 563 823 siderum
588 795 687 822 deitate
715 795 871 829 donarunt,
897 797 1015 832 reliqua-

225 848 278 875 que
291 840 424 868 elementa
440 848 472 868 ac
496 840 587 876 ignem
611 840 700 875 ipsum
722 846 893 872 venerantes,
910 841 1013 876 justam

1067 245 1140 278 σίαις
1159 254 1187 272 τε
1207 245 1256 272 καὶ
1280 246 1407 278 σπονδαῖς
1435 246 1485 281 τὴν
1508 246 1671 281 ἀναίσθητον
1694 245 1776 280 φύσιν
1802 245 1854 272 οὐκ

1065 290 1227 326 αἰσχύνεσθε
1241 292 1326 326 τεμᾷν
1339 299 1346 324 ;
1363 291 1393 317 Ei
1412 290 1466 326 γὰρ
1483 290 1548 322 Θεὸς
1561 290 1649 322 τοῦτο,
1663 290 1711 317 καὶ
1727 290 1781 316 πᾶν
1797 289 1854 324 ἄρα

1066 335 1146 368 ἄλσος
1163 336 1230 369 Θεὸς
1244 336 1276 363 ἂν
1293 337 1335 371 εἴη
1348 346 1354 352 ·
1388 337 1476 364 πάντα
1490 337 1544 372 γάρ
1567 337 1625 363 ἐστι
1647 336 1755 371 φύσεως
1773 336 1853 371 μιῖς⁴

1066 381 1133 416 ξύλα
1147 382 1202 418 γάρ
1216 390 1223 397 ·
1244 382 1306 409 εἰδὲ
1326 383 1360 409 τὰ
1386 382 1451 414 ξύλα
1463 382 1530 415 θεοὶ,
1546 382 1604 413 πῶς
1617 382 1705 408 ταῦτα
1720 383 1780 413 ταῖς
1792 380 1855 413 ἀξί-

1066 437 1126 459 ναις
1141 429 1332 461 ὲκκόπτοντες,
1353 429 1398 455 καὶ
1406 428 1518 464 τῷπυρὶ
1532 428 1634 464 τροφὴν
1645 427 1853 461 ὑποϐάλλοντες,

1066 473 1096 499 οὺ
1113 474 1282 500 κινδυνεύετε
1301 473 1466 509 θεομαχείν;
1483 473 1588 507 Πολλῆς
1604 472 1684 500 τοῦτο
1701 472 1781 507 γέμει
1793 472 1855 498 ἀλο-

1066 519 1140 552 γίας,
1159 518 1382 554 ὑπερὸαλλιιύσης
1403 518 1595 553 ἀναισθησίας,
1614 517 1710 552 βραχεῖ
1725 518 1770 544 καὶ
1787 517 1854 544 ὓπο-

1068 564 1160 600 σάθρῳ
1174 564 1245 599 ξύλῳ
1269 565 1316 591 καὶ
1330 564 1452 599 ἀνονήτῳ
1470 564 1559 591 πάντα
1572 563 1749 599 προσανέχειν
1763 570 1793 589 τε
1806 561 1855 588 καὶ

1066 609 1210 644 λατρεύειν
1227 609 1263 640 ὡς
1277 608 1347 644 Θεῷ.
1364 609 1396 635 Εἰ
1413 609 1466 643 γὰρ
1481 608 1505 635 οι
1519 608 1564 634 τὸν
1574 607 1688 643 οὐρανὸν
1700 606 1793 640 αὐτὸν,
1807 606 1856 633 καὶ

1065 654 1206 689 τὸνῆλιον,
1227 654 1343 689 σελήνην
1373 661 1403 679 τε
1431 653 1479 680 καὶ
1499 653 1624 688 ἀστέρων
1640 650 1715 684 τινὰς
1728 649 1856 685 θεοποιή-

1068 708 1173 731 σαντες,
1189 700 1224 726 τά
1238 707 1268 726 τε
1276 699 1357 726 λοιπὰ
1374 700 1505 734 στοιχεῖα,
1526 697 1572 724 καὶ
1593 696 1658 724 αὐτὸ
1677 695 1857 741 σξὸαζόμενοι

1066 745 1096 772 τό
1108 745 1174 781 τιῦρ,
1200 745 1305 772 ενδικον
1322 744 1490 780 ἀπειλήφασι
1510 745 1561 779 τὴν
1581 744 1677 780 ὀργὴν,
1695 740 1737 769 ὅτι
1750 741 1800 776 οὐχ
1817 740 1856 774 ὡς

1066 792 1133 818 Θεὸν
1157 790 1288 823 ἐδόξασαν
1315 790 1331 826 ἢ
1361 790 1563 826 εὐχαρίστησαν
1581 789 1626 815 τὸν
1647 788 1702 815 τῶν
1728 788 1857 814 ἁπάντων

1068 838 1238 873 παραγωγέα
1252 845 1282 863 τε
1296 837 1344 864 καὶ
1375 836 1501 871 συνοχέα,
1518 835 1586 862 ἀλλὰ
1601 835 1658 866 τοῖς
1677 833 1768 860 αὐτῶν
1782 832 1856 866 λογι-

226 887 294 914 iram
315 891 486 921 receperunt,
515 886 587 921 quod
611 894 663 913 non
682 886 752 913 sicut
779 886 862 914 Deum
881 887 1013 921 glorifica-

1068 885 1147 919 σμοῖς
1177 883 1392 919 ματαιωθέντες,
1419 883 1589 916 ἐλάτρευσαν
1616 881 1650 916 τῇ
1671 879 1759 907 κτίσει
1780 878 1856 914 παρὰ

225 936 336 966 verunt,
353 936 401 959 aut
431 932 535 968 gratias
565 936 690 966 egerunt,
716 931 776 967 ejus
797 932 873 959 cultu
898 931 1013 966 impcnsi

226 978 272 1013 Qui
286 978 377 1005 omnia
402 977 530 1013 produxit
556 983 766 1013 conservatque,
782 978 828 1005 sed
846 985 1012 1006 evanescen-

227 1027 267 1050 tes
282 1023 308 1050 in
331 1023 542 1058 cogitationibus
572 1024 629 1051 suis
651 1024 673 1057 ‘,
688 1024 832 1051 coluerunt
861 1028 1013 1052 creaturam

226 1069 314 1104 magis
327 1077 409 1105 quam
425 1069 582 1097 Creatorem
597 1078 605 1103 ;
623 1069 702 1105 longe
715 1078 764 1098 vos
777 1071 875 1104 potiori
892 1071 1011 1104 ratione,

225 1113 292 1140 dum
334 1120 368 1140 eo
407 1113 520 1146 omisso,
556 1114 601 1149 qui
618 1119 748 1142 creatum
765 1116 853 1142 omnis
869 1119 945 1143 sator
960 1119 1011 1149 est,

1067 928 1112 955 τὸν
1127 928 1258 955 κτίσαντα
1271 936 1278 943 ·
1296 927 1386 963 πολλῷ
1404 926 1504 962 μᾶλλον
1524 927 1613 961 ὑμεῖς,
1639 926 1664 952 oi
1677 925 1722 952 τὸν
1736 925 1785 959 τῆς
1801 922 1857 950 κτίι

1067 982 1138 1005 σεως
1164 973 1228 1009 ὅλης
1255 972 1408 1008 φυτουργὸν
1422 971 1550 1006 ἀφέντες,
1567 971 1614 997 καὶ
1634 970 1673 1005 τῷ
1691 968 1855 1005 χαμαιζήλῳ

1065 1020 1154 1056 τούτῳ
1167 1019 1242 1056 φυτῷ
1259 1021 1290 1046 τὸ
1307 1019 1423 1055 φοϐερὸν
1437 1018 1522 1051 ὄνομα
1542 1017 1589 1044 τοῦ
1603 1017 1671 1044 Θεοῦ
1687 1014 1855 1050 καταψευδό-

1066 1076 1155 1102 μενοι,
1168 1067 1276 1094 δικαίαν
1288 1066 1330 1101 ἐφ’
1346 1066 1460 1096 ἑαυτοὺς
1483 1065 1577 1091 ἕλκετε
1598 1063 1645 1090 τοῦ
1669 1069 1854 1099 καταφρονου-

1068 1115 1149 1151 μένου
1165 1114 1213 1149 τὴν
1229 1113 1356 1148 ἀπειλήν,
1713 1107 1715 1109 ’

225 1158 322 1186 humili
345 1159 410 1187 huic
435 1160 515 1195 stirpi
542 1160 713 1188 tremendum
742 1161 788 1189 Dei
812 1170 912 1190 nomen
938 1162 1008 1191 falso
1038 1162 1184 1196 ascribitis,
1207 1161 1309 1197 justam
1337 1161 1364 1188 in
1397 1159 1589 1194 vosmetipsos,
1612 1156 1671 1193 ejus
1688 1156 1735 1192 qui
1765 1164 1781 1184 a
1806 1163 1855 1183 v0-

225 1208 268 1236 bis
297 1209 501 1243 contemnitur,
528 1210 741 1245 indignationem
760 1210 878 1237 trahitis.

261 1253 306 1281 to.
327 1263 337 1281 ‹
363 1254 391 1282 Si
423 1255 486 1290 quid
507 1256 589 1292 igitur
609 1257 675 1284 mihi
690 1256 810 1289 creditis,
827 1256 879 1283 viri
895 1256 978 1290 cives,
994 1257 1017 1284 si

225 1307 279 1335 qua
300 1300 378 1329 vobis
393 1308 458 1328 cura
475 1302 573 1330 salutis
586 1307 638 1335 est,
649 1303 776 1330 arborem
791 1303 862 1330 hanc
881 1303 1015 1330 succidite

226 1349 254 1372 et
279 1345 306 1372 in
333 1345 423 1380 ignetn
454 1347 562 1379 mittite,
587 1347 660 1382 quod
687 1348 761 1376 nulla
778 1348 830 1375 alia
847 1348 907 1383 ejus
936 1348 1014 1376 vobis

228 1391 333 1418 utilitas
348 1391 384 1419 sit
400 1391 455 1427 (6);
471 1392 579 1428 ipsique
593 1401 685 1420 rerum
702 1394 827 1422 omnium
845 1394 931 1421 oculis
948 1394 1011 1421 sub-

224 1437 363 1472 jectarum
389 1441 516 1465 creatura
548 1438 680 1466 mentium
713 1439 830 1475 cogitatu
866 1446 1014 1475 superata,

226 1490 308 1518 quam
325 1490 434 1511 omnem
449 1484 537 1511 nostri
560 1491 644 1512 causa
662 1492 716 1512 non
740 1485 821 1512 lateat
834 1486 946 1517 editam,
966 1493 1015 1512 na-

226 1533 341 1564 turaque
351 1528 513 1557 deteriorem
525 1537 607 1564 quam
620 1536 669 1564 pro
686 1529 806 1557 hominis
834 1529 992 1564 prazstautia
1006 1537 1013 1562 ;

227 1575 274 1602 58d
291 1579 319 1602 et
337 1575 509 1610 Superiorem
525 1575 605 1602 nobis
629 1575 776 1606 mentium,
801 1579 1016 1609 sanctarumque

1107 1255 1132 1283 ι’.
1146 1265 1156 1282 ι
1167 1255 1201 1282 Εἴ
1215 1263 1241 1280 τι
1255 1251 1301 1281 οὖν
1315 1252 1378 1288 ἐμοὶ
1393 1250 1532 1282 πείθεσθε,
1549 1246 1571 1276 ὦ
1585 1248 1680 1284 ἄνδρες
1696 1246 1814 1279 πολῖται,
1830 1246 1855 1272 εἰ

1066 1311 1094 1330 τι
1109 1302 1185 1338 μέλει
1198 1301 1247 1335 τῆς
1262 1300 1366 1331 οἰκείας
1394 1297 1530 1333 σωτηρίας
1544 1296 1619 1331 ύμῖν,
1642 1295 1673 1321 τὸ
1690 1294 1738 1330 μὲν
1749 1293 1858 1329 δένδρον

1066 1348 1145 1375 τοῦτο
1162 1345 1310 1381 ἐκκόψατε,
1326 1344 1374 1371 καὶ
1387 1344 1426 1375 είς
1456 1342 1512 1377 πῦρ
1530 1340 1654 1376 βάλλετε,
1673 1340 1714 1366 ὃτι
1738 1338 1799 1374 μηδ’
1816 1338 1857 1369 εἰς

1066 1394 1130 1422 ἄλλο
1145 1402 1171 1421 τι
1200 1393 1250 1428 μὲν
1274 1390 1438 1427 χρησιμεύει
1463 1389 1528 1423 ὑμῖν
1538 1396 1544 1402 ’
1565 1387 1641 1414 αὐτοὶ
1656 1386 1684 1413 δὲ
1700 1385 1790 1412 πᾶσαν
1803 1383 1858 1410 τῶν

1064 1440 1211 1476 ὁρωμένων
1227 1438 1275 1474 τὴν
1293 1438 1382 1464 κτίσιν
1405 1436 1465 1467 ταῖς
1488 1434 1619 1465 διανοίαις
1636 1432 1857 1466 ὑπερὸαίνοντες,

1066 1487 1156 1513 πᾶσαν
1188 1484 1266 1520 ἡμῶν
1313 1484 1406 1509 ἕνεκεν
1441 1480 1628 1516 γεγενημένην
1659 1478 1780 1510 ειδότες,
1811 1477 1858 1503 καὶ

1066 1533 1150 1568 χείρω
1177 1530 1225 1557 τοῦ
1249 1529 1393 1565 ἀνθρώπου
1416 1528 1487 1555 κατὰ
1513 1527 1596 1561 φύσιν
1620 1525 1713 1557 οὖσαν,
1729 1523 1797 1551 ἀλλὰ
1811 1523 1858 1549 καὶ

1066 1579 1115 1614 τὴν
1127 1577 1198 1612 ὑπὲρ
1216 1577 1288 1611 ἡμᾶς
1302 1576 1411 1610 ποίησιν
1426 1574 1480 1600 τῶν
1499 1572 1600 1608 νοερῶν
1616 1571 1663 1598 καί
1676 1570 1762 1605 ἁγίων
1774 1569 1857 1604 ἀφέν-

226 1619 442 1647 substantiarum
469 1620 572 1648 omissa
594 1620 710 1652 factura,
723 1628 771 1648 seu
786 1619 876 1655 potius
889 1620 922 1648 iis
936 1619 1013 1655 quasi

1068 1633 1113 1656 τες
1127 1623 1238 1656 οὐσιῶν,
1264 1622 1363 1657 μᾶλλον
1387 1621 1416 1647 δὲ
1440 1619 1473 1646 δι’
1498 1618 1589 1645 αὐτῶν
1606 1615 1858 1653 χειραγωγούμενοι

227 1673 310 1692 manu
327 1665 501 1698 ducentibus,
523 1667 555 1694 ad
571 1666 641 1702 ejus,
654 1666 700 1701 qui
730 1674 792 1694 vere
808 1666 879 1694 Deus
893 1671 944 1699 est,
962 1673 1014 1693 uo-

228 1710 314 1738 titiam
328 1710 480 1746 dirigamur
509 1721 516 1740 :
542 1712 589 1747 qui
616 1719 713 1747 nempe
740 1720 848 1747 semper
876 1712 933 1747 ipse
960 1717 1012 1745 est,

226 1763 389 1792 semperque
417 1756 586 1792 unigenitum
613 1757 731 1785 Verbum
755 1757 828 1784 velut
853 1757 895 1784 sol
912 1757 1012 1789 lucem,

225 1808 260 1828 ex
277 1801 432 1829 substantia
447 1809 509 1834 sua,
524 1810 555 1830 ac
568 1803 740 1838 splenderent
756 1804 831 1836 edit;
853 1810 1013 1838 semperque

226 1847 373 1879 consitum,
398 1852 428 1875 ut
452 1847 488 1874 ita
508 1847 621 1883 loquar,
648 1855 680 1875 ac
702 1853 846 1883 cognatum
879 1847 1012 1882 Spiritum

226 1897 352 1920 sanctum
375 1900 407 1920 ex
428 1901 479 1921 suo
494 1901 541 1921 ore
564 1894 679 1922 indivise
703 1894 818 1930 profert.
843 1893 893 1921 Hie
922 1893 1013 1921 Verbo

225 1945 277 1966 suo
294 1938 412 1967 firmavit
422 1939 506 1968 cmlos
521 1940 541 1973 ³,
556 1940 664 1975 vimque
677 1948 785 1968 onmem
813 1948 903 1967 rermn
920 1940 969 1967 abs
984 1947 1014 1967 se

225 1984 398 2012 conditarum
410 1985 513 2021 Spiritu
528 1987 632 2021 perficit
647 1990 729 2022 atque
745 1986 870 2014 absolvit.
892 1985 941 2013 llic
956 1987 1013 2021 pri-

225 2037 301 2057 mum
316 2030 468 2064 hominem,
493 2031 526 2059 ad
542 2031 686 2067 imaginem
704 2039 781 2060 suam
806 2036 833 2059 et
858 2031 1014 2059 similitudi-

225 2083 289 2104 nem
307 2075 462 2111 conditum,
490 2082 573 2113 atque
594 2079 621 2105 in
649 2078 775 2114 paradiso
801 2080 932 2114 positum,
950 2086 1013 2106 cum

224 2121 346 2150 mandati
374 2123 591 2158 transgressione
615 2124 780 2159 cerrnptioni
806 2124 942 2159 mortique
964 2123 1013 2150 ad-

225 2167 316 2195 dictus
330 2173 414 2202 esset,
444 2169 634 2205 perditumque
650 2177 704 2197 non
731 2178 843 2205 prorsus
866 2170 1013 2206 despexit,

225 2213 274 2241 sed
289 2215 395 2242 ratione
406 2215 519 2251 legeque
529 2223 562 2243 ac
579 2216 719 2251 prophetis
737 2217 856 2252 primum
872 2218 1013 2250 erudiens,

225 2261 317 2296 ipsum
350 2269 460 2297 quoque
487 2261 596 2289 demum
634 2271 683 2297 pro
712 2263 792 2291 nobis
813 2263 912 2290 Filium
929 2263 1012 2295 dedit,

1068 1671 1136 1706 πρὸς
1164 1669 1212 1702 τὴν
1239 1668 1341 1703 γνῶσιν
1369 1665 1416 1693 τοῦ
1432 1665 1518 1696 ὅντως
1539 1665 1616 1696 όντος
1630 1661 1858 1697 κατευθυνώμεθα

1067 1716 1134 1743 Θεοῦ
1143 1724 1150 1731 ·
1161 1715 1189 1747 ὃς
1204 1715 1281 1750 μόνος
1294 1713 1331 1739 ὢν
1340 1712 1394 1745 ἀεὶ,
1408 1711 1455 1738 καὶ
1465 1710 1508 1738 ἀεὶ
1520 1709 1565 1736 τὸν
1579 1708 1712 1744 μονογενῆ
1726 1707 1812 1742 Λόγον
1825 1708 1859 1734 ἐκ

1067 1762 1116 1797 τῆς
1131 1761 1199 1791 ιδίας
1216 1760 1308 1791 οὐσίας
1324 1757 1502 1792 ἀπαυγάζων,
1514 1757 1608 1791 ὥσπερ
1627 1756 1641 1781 ὁ
1656 1755 1730 1790 ἥλιος
1746 1756 1777 1781 τὸ
1788 1753 1857 1788 φῶς,

1068 1809 1115 1835 καὶ
1129 1809 1173 1834 ἀεὶ
1186 1806 1298 1841 Πνεῦμα
1317 1805 1396 1839 ἅγιον
1427 1803 1579 1839 σύμφυτον.
1606 1801 1653 1828 τοῦ
1679 1800 1778 1827 οἰκείου
1798 1798 1856 1825 στό-

1069 1862 1154 1889 ματος
1169 1853 1328 1888 ἀμερίστως
1354 1850 1529 1886 προϊέμενος.
1552 1845 1637 1880 Οὗτος
1663 1847 1700 1883 τῷ
1714 1847 1793 1882 Λόγῳ
1807 1845 1858 1881 μὲν

1067 1899 1150 1927 αὑτοῦ
1171 1898 1337 1934 ἐστερέωσεν
1352 1898 1415 1928 τοὺς
1431 1896 1574 1931 οὐρανοὺς,
1595 1894 1633 1929 τῷ
1659 1892 1798 1927 Πνεύματι
1828 1891 1857 1918 δὲ

1068 1947 1158 1973 πᾶσαν
1171 1944 1220 1980 τὴν
1235 1944 1350 1979 δύναμιν
1363 1942 1417 1969 τῶν
1429 1941 1475 1968 ὑπ’
1488 1939 1569 1967 αὑτοῦ
1582 1938 1749 1974 κτιζομένων
1759 1945 1858 1973 καταρ-

1067 1991 1182 2023 τίζεται.
1201 1987 1284 2021 οὗτος
1311 1988 1356 2015 τὸν
1382 1987 1525 2021 ἄνθρωπον
1560 1985 1668 2021 πρῶτον
1690 1984 1750 2011 κατ’
1766 1982 1858 2009 εἰκόνα

1070 2038 1138 2066 ἰδίαν
1154 2037 1270 2072 ποιήσας
1296 2035 1343 2062 καὶ
1370 2033 1511 2069 ὁμοίωσιν,
1528 2032 1574 2059 καὶ
1593 2032 1622 2058 ὲν
1641 2030 1680 2066 τῷ
1703 2030 1857 2065 παραδείσῳ

1068 2083 1210 2114 τεθεικὼς,
1229 2082 1277 2109 καὶ
1289 2080 1398 2116 ἐντολὴν
1412 2078 1548 2110 δεδωκὼς,
1569 2076 1663 2112 ἐπειδὴ
1679 2077 1713 2111 τῇ
1732 2074 1859 2111 παραδά-

1069 2139 1111 2157 σει
1125 2129 1174 2164 τῆς
1191 2128 1303 2162 ἐντολῆς
1321 2126 1425 2161 φθορὰν
1449 2123 1647 2158 κατακέκριται
1667 2122 1714 2148 καὶ
1731 2120 1856 2150 θάνατον,

1067 2176 1118 2202 οὐκ
1148 2175 1187 2206 είς
1212 2174 1288 2204 τέλος
1309 2171 1390 2200 αὑτὸν
1415 2169 1558 2205 ὑπερεῖδεν
1580 2168 1774 2202 ἀπολλύμενον,
1789 2164 1858 2191 ἀλλὰ

1067 2222 1139 2256 λόγῳ
1154 2221 1202 2247 καὶ
1222 2220 1297 2254 νόμῳ
1320 2219 1367 2245 καὶ
1398 2216 1552 2252 προφήταις
1579 2210 1856 2250 προπαιδαγωγήσας,

1069 2266 1180 2302 ὕστερον
1195 2264 1244 2292 καὶ
1273 2264 1354 2290 αὑτὸν
1375 2262 1474 2288 ἔδωκεν
1496 2260 1542 2287 τὸν
1559 2259 1622 2286 Υἰὸν
1637 2258 1707 2293 ὑπὲρ
1722 2257 1811 2293 ἡμῶν,
1829 2257 1858 2289 ἐξ

225 2307 315 2341 puella
328 2308 442 2342 innupta
454 2311 557 2341 natum,
573 2308 671 2335 factum
685 2308 832 2341 hominem,
845 2309 923 2342 aquis
934 2309 1013 2336 intin-

1071 2312 1260 2347 ἀπειρογάμου
1281 2310 1366 2345 κόρης
1393 2306 1584 2342 γεννώμενον,
1609 2303 1858 2339 ἀνθρωπιζόμενον,

227 2357 313 2383 etum.
343 2357 492 2385 tentatum,
522 2354 596 2381 cruci
621 2353 741 2387 aiIixum,
761 2355 907 2390 sepultum,
936 2355 1014 2382 tertia

227 2400 390 2426 suscitatum
403 2400 457 2433 die,
470 2405 552 2435 atque
565 2401 592 2427 in
605 2401 689 2428 caalos
705 2406 875 2436 assumptum
890 2410 896 2429 :
913 2402 1015 2437 quippe

227 2445 275 2480 qui
300 2445 363 2472 inde
381 2453 478 2474 rursus
492 2451 623 2474 venturus
636 2452 819 2481 exspectetur,
834 2455 866 2475 ae
880 2448 1014 2483 quidquid

226 2490 374 2518 formatum
401 2496 442 2520 est
465 2492 631 2526 (humanum
666 2493 770 2520 scilicet
794 2501 880 2528 genus
913 2493 1012 2528 omne)

227 2544 278 2565 suo
291 2537 419 2566 tribunali
443 2538 630 2571 adhibiturus,
658 2539 805 2574 unicuique
825 2539 941 2574 denique
965 2548 1015 2575 pro

225 2590 259 2611 eo
283 2591 315 2612 ac
342 2584 469 2619 gesserit,
486 2584 653 2612 redditurus.
683 2584 760 2612 llunc
787 2593 847 2617 vos,
865 2586 957 2619 amici,
985 2591 1014 2613 ut

225 2630 310 2658 Deum
329 2630 496 2665 agnoscatis,
514 2631 659 2658 admoneo.
672 2630 740 2658 lluic
755 2636 784 2658 ut
806 2632 909 2659 cultum
934 2632 1014 2659 adhi-

226 2674 324 2708 beatis,
341 2682 460 2711 eumque
473 2675 642 2710 spiritalibus
658 2675 756 2704 hostiis
772 2677 880 2711 placare
903 2677 1014 2704 studea-

261 2743 271 2757 ²
287 2740 367 2771 Rom.
383 2751 402 2777 ι,
417 2742 462 2770 2t.
503 2743 513 2758 ⁸
528 2742 601 2771 Psal.
616 2750 703 2777 xuii,
720 2743 746 2771 6.

1068 2357 1280 2393 βαπτιζόμενον,
1296 2353 1505 2390 πειραζόμενον,
1526 2350 1739 2386 σταυρούμενον,
1758 2349 1860 2376 θαπτό-

1069 2411 1161 2438 μενον,
1172 2402 1323 2438 τριήμερον
1348 2399 1541 2433 ἀνιστάμενον,
1558 2397 1626 2432 πρὸς
1641 2396 1774 2431 οὐρανοὺς
1790 2395 1859 2422 ἁνα-

1067 2447 1285 2484 λαμὸανὸμενον,
1312 2445 1358 2472 καὶ
1372 2443 1448 2476 αὖθις
1465 2442 1569 2470 ἐκεῖθεν
1586 2441 1662 2477 ἥξειν
1679 2439 1860 2476 προσδεχόμε-

1068 2503 1124 2525 νον,
1137 2494 1184 2520 καὶ
1199 2492 1311 2527 σύμπαν
1327 2490 1358 2517 τὸ
1373 2490 1486 2524 πλάσμα
1502 2488 1689 2523 παραστήσειν
1703 2485 1800 2519 ἐαυτῷ,
1812 2485 1860 2511 καὶ

1068 2537 1215 2566 ἀποδοῦναι
1231 2537 1340 2571 ἑκάστῳ
1366 2535 1437 2563 κατὰ
1464 2534 1512 2570 τὴν
1536 2532 1635 2569 πρᾶξιν
1651 2530 1744 2557 αὑτοῦ.
1759 2529 1860 2556 Τοῦτον

1071 2586 1154 2620 ὑμᾶς,
1167 2581 1189 2610 ὦ
1204 2583 1287 2618 φίλοι,
1302 2582 1370 2608 Θεὸν
1386 2581 1486 2608 εἰδέναι
1515 2577 1665 2614 παρεγγυὼ
1677 2585 1683 2592 ·
1709 2575 1803 2603 τοῦτον
1817 2575 1861 2601 σέ-

1069 2629 1183 2661 (ise-Oet,
1210 2627 1305 2655 τοῦτον
1338 2626 1445 2658 θυσίαις
1491 2623 1691 2659 πνευματικαῖς
1724 2620 1860 2648 ίλεοῦσθαι

1070 2675 1205 2712 παραινῶ,
1216 2675 1262 2701 τὸν
1277 2675 1306 2701 ὲν
1322 2673 1411 2708 [lupi
1427 2672 1476 2700 καὶ
1488 2670 1557 2706 Υίῷ,
1569 2670 1617 2697 καὶ
1631 2669 1703 2704 ἁγίῳ
1719 2667 1859 2704 Πνεύματι

263 2821 303 2855 (6)
319 2822 418 2850 Debuit
454 2823 512 2850 hare
535 2822 610 2850 lotus
630 2821 715 2849 fuisse
745 2821 878 2850 fructibus
902 2821 1042 2854 destituta,
1072 2830 1133 2849 cum
1157 2830 1211 2850 non
1240 2822 1292 2850 nisi
1318 2822 1351 2847 ad
1380 2816 1597 2847 comburendum
1634 2814 1711 2843 “lilis
1740 2814 1858 2842 dicam"-

226 2855 298 2885 ldem
314 2856 415 2887 clarius
431 2858 592 2892 exprimitur
606 2865 681 2884 num.
700 2856 742 2883 Hi.
