2089 3151
211 147 263 179 429

497 147 638 178 ORATIO
658 147 736 178 XIX.
751 161 786 167 -
803 149 844 180 IN
858 150 1016 181 LAUDEM
1035 150 1066 180 S.
1086 149 1296 180 HYACINTHI
1313 148 1545 180 AMASTRENL

1792 150 1846 184 430

210 200 400 236 θεωρούμενον
416 199 463 226 καὶ
479 201 716 237 προσκυνούμενον
728 211 735 217 ·
750 203 796 229 τὸν
809 204 890 239 μόνον
898 205 1003 232 δίκαιον

1057 204 1104 237 tis,
1127 204 1175 239 qui
1207 204 1234 230 in
1252 204 1333 231 Patre
1347 207 1374 230 et
1388 202 1458 231 Filio
1478 208 1505 230 et
1534 203 1637 239 Spiritu
1656 205 1845 234 sanctointel-

210 247 257 274 καὶ
277 246 367 278 ζῶντα
387 246 471 273 θεόν’
484 245 514 278 ὃς
535 247 633 274 ἀέναον
661 248 773 275 κόλασιν
793 249 841 276 καὶ
857 250 913 285 πῦρ
925 250 1002 285 ἡτοί-

211 300 299 327 μασεν
315 292 457 323 ἄσϐεστον.
472 292 528 324 τοῖς
537 293 618 320 αὐτὸν
633 293 682 329 μὲν
694 294 832 328 ἀϐετοῦσι,
851 295 899 331 τὴν
912 296 1002 323 κτίσιν

209 339 238 366 δὲ
253 338 423 365 Θεοποιοῦσιν
434 347 440 353 “
462 338 490 370 ὃς
517 338 641 374 οὐρανῶν
666 340 805 375 βασιλείαν
821 342 893 377 ζωήν
909 351 939 368 τε
956 342 1003 369 καὶ

209 385 287 417 δόξαν
305 386 414 412 αἰώνιον
428 386 484 416 τοῖς
504 386 679 413 πιστεύουσιν
692 387 735 414 ἐπ’
751 388 843 420 αὑτὸν,
856 388 889 414 δι’
907 389 1002 419 ὕδατός

208 440 239 457 τε
254 432 301 458 καὶ
320 430 476 465 πνεύματος
503 432 748 468 ἀναγεννωμένοις,
771 435 966 469 ἐπηγγείλατο.
991 445 1000 461 ι

246 566 291 590 ια’.
310 563 456 596 Tota-Stat;
484 565 498 591 ὁ
525 564 597 596 οεῖος
615 565 760 597 Ὑάκινθος
786 566 1001 601 παραγγελίαις,

209 609 347 641 τοιαύταις
364 610 407 636 ἀεὶ
421 610 629 645 παραινέσεσιν,
645 611 693 637 οὐκ
708 612 778 638 ἀνιεῖ
798 612 862 644 τοὺς
878 612 1003 646 ἐγγίζον-

208 665 257 687 τας
273 655 348 692 αὐτῷ
361 654 505 688 νουθετῶν,
524 657 652 692 ἐλέγχων,
678 658 858 693 παρακαλῶν,
877 660 945 686 πᾶσι
961 659 1004 685 λό-

208 709 267 736 γοις
295 702 342 728 καὶ
357 703 468 736 τρόποις
497 703 548 737 τῆς
575 704 691 730 ἐκτόπου
720 704 932 740 δεισιδαιμονίας
953 705 1003 731 αὒ-

208 749 271 778 τοῦς
286 747 388 781 ταύτης
400 747 582 774 ἀπαλλάττειν
598 749 827 785 προθυμούμενος
840 758 847 764 ·
875 751 958 786 ἤνυεν
972 750 1001 777 δὲ

208 793 290 819 πλέον
306 793 396 820 οὐδέν·
417 793 503 828 δῆμος
517 795 572 829 γὰρ
586 794 730 828 ἀλόγιστος
747 797 793 822 καὶ
810 796 926 831 θρασὺς,
940 805 1003 822 συν-

207 839 313 874 ηθείαις
333 840 431 870 κακαῖς
451 839 499 865 καὶ
515 841 715 874 πονηροτάταις
742 841 894 876 προλήψεσι
909 842 1002 868 δεδου-

208 885 340 920 λωμένος,
365 885 567 918 δυσαγὼνιστός
580 894 609 912 τε
624 885 676 918 ἔτι,
693 887 800 921 καὶτῆς
814 887 859 912 ἐπὶ
885 887 915 914 τὸ
939 887 1001 922 βέλι
1015 881 1039 911 Β

208 940 265 958 τιον
278 932 477 967 ἀνεπαίσθητος
491 933 658 969 ἐπιστροφῆς
669 941 677 948 '
694 933 755 960 ὅθεν
766 934 791 960 οἱ
809 934 859 968 μὲν
868 934 1001 968 ἀναισθη-

209 978 255 1013 σίᾳ
264 978 298 1004 τὰ
309 975 366 1005 ὦτα
376 978 549 1013 βαρύνοντες,
567 978 615 1005 καὶ
626 978 712 1005 νῶτον
723 979 839 1011 διδόντες
856 989 1000 1016 παραφρο-

207 1025 316 1057 νοῦντα,
338 1024 410 1051 κατὰ
423 1024 472 1058 τὴν
486 1024 610 1060 Γραφὴν,
633 1025 671 1056 ὡς
696 1025 757 1060 εικῆ
785 1025 934 1060 ληροῦντος
951 1025 1001 1052 οὐκ

208 1071 365 1106 ἠνείχοντο·
392 1073 417 1098 οἱ
433 1071 462 1097 δὲ
484 1072 532 1098 καὶ
548 1071 659 1105 μανίαις
672 1071 720 1098 καὶ
738 1071 829 1106 ζήλοις
842 1073 951 1107 πικροῖς
964 1072 1002 1098 οἰ-

209 1117 454 1153 στρηλατούμενοι,
469 1115 566 1152 ὕϐρεσι
581 1125 609 1143 τε
624 1116 718 1143 τοῦτον
733 1116 845 1152 μυρίαις
855 1117 1002 1152 ἠμείϐοντο

208 1164 256 1190 καὶ
280 1164 423 1198 ἀτιμίαις·
450 1163 497 1190 καὶ
522 1163 587 1189 ποτὲ
607 1163 656 1198 μὲν
679 1163 867 1198 χλευάζοντες,
893 1163 958 1190 ποτὲ
973 1163 1001 1190 δὲ

207 1209 398 1241 ὀνειδίζοντες,
420 1209 478 1236 ἔστι
493 1209 516 1236 δ’
531 1209 575 1236 ὅτε
592 1209 639 1235 καὶ
662 1209 843 1241 ἀπειλοῦντες
865 1209 939 1244 σὺτῷ
954 1209 1002 1236 καὶ

209 1255 457 1290 συνεπιτιθέμενοι,
486 1255 603 1290 ἔϐρυχον
626 1257 688 1287 τοὺς
715 1255 824 1287 ὀδόντας
848 1255 892 1282 ἐπ’
908 1256 1000 1283 αὐτόν.

209 1303 242 1330 Τί
257 1300 304 1330 οὖν
318 1304 332 1330 ὁ
363 1303 506 1337 ἄνθρωπος
521 1303 568 1330 τοῦ
586 1303 652 1330 Θεοῦ
667 1311 674 1332 ι
693 1303 749 1329 Οὐκ
761 1302 899 1338 αὔταρκες
916 1303 1002 1329 οἴεται

208 1350 239 1376 τὸ
254 1349 313 1376 καθ’
329 1349 427 1376 ἑαυτὸν
456 1349 536 1384 μόνον
559 1348 662 1384 διορᾷν,
676 1349 749 1380 ὅπως
768 1349 800 1375 ἂν
820 1350 876 1383 ἔχοι
900 1347 1000 1381 καλῶς,

208 1396 263 1422 τῶν
278 1395 366 1423 ἄλλων
378 1395 405 1422 δὲ
420 1395 513 1426 κακῶς
528 1395 645 1430 ἑχόντων
669 1395 824 1430 ὐπερορᾷν·
850 1395 911 1421 οὐδὲ
934 1395 1002 1429 θρη-

209 1443 266 1468 νεῖν
286 1442 336 1476 μὲν
365 1441 435 1476 ὑπὲρ
457 1441 548 1468 αὐτῶν
561 1440 661 1475 ἡσυχῆ,
681 1441 727 1467 καὶ
750 1440 911 1467 ποτνιᾶσθαι
934 1440 1003 1475 πρὸς

210 1487 254 1514 τδν
271 1487 383 1522 Κύριον,
403 1486 644 1521 παρρησιάζεσθαι
660 1486 688 1512 δὲ
701 1486 771 1520 ὑπὲρ
787 1486 916 1520 ἀληθείας
934 1486 1003 1512 ὑπο-

211 1533 385 1559 στέλλεσθαι·
403 1533 463 1559 οὐδὲ
476 1531 547 1567 λόγῳ
573 1531 623 1566 μὲν
644 1532 691 1557 καὶ
705 1531 892 1562 διδασκαλίαις
909 1531 1001 1565 μόνον,

210 1578 284 1613 ἔργῳ
295 1579 323 1605 δὲ
338 1581 376 1613 μὴ
399 1578 564 1606 ἀνακόπτειν
583 1577 637 1603 τῶν
660 1577 887 1612 ἀφρονευομένων
903 1577 1002 1612 πειρᾶ-

212 1625 275 1652 σθαι
288 1625 337 1660 τὴν
349 1624 519 1656 δυσσέϐειαν,
528 1624 644 1658 ἀρίστης
659 1621 729 1650 εἶναι
741 1623 788 1650 καὶ
801 1623 908 1655 τελείας
922 1623 1003 1658 ἔργον

209 1672 318 1707 ἡγεῖται
337 1671 467 1702 διανοίας.

1055 249 1148 285 ligitur
1174 257 1206 277 ac
1229 249 1379 282 adoratur,
1405 249 1493 276 solum
1520 249 1623 284 justum
1660 257 1692 277 ac
1713 250 1847 278 viventem

1056 296 1153 329 Deum,
1175 295 1308 323 adhortor
1335 295 1402 330 :qni
1427 295 1557 322 nimirum
1579 300 1681 323 aeterna
1711 296 1846 331 supplicia

1055 342 1202 377 ignemque
1218 340 1271 368 illis
1292 340 1465 375 praeparavit,
1482 340 1539 375 qui,
1565 348 1598 368 eo
1618 346 1721 376 spreto,
1739 345 1848 369 creatu-

1055 395 1114 414 ram
1168 387 1317 420 dciticant;
1346 387 1393 422 qui
1427 387 1544 424 denique
1566 394 1678 422 regnum
1702 387 1846 420 caelorum,

1054 434 1192 468 vitamque
1225 437 1356 459 aeternam
1390 440 1423 459 ac
1456 432 1571 467 gloriam
1607 433 1784 460 credentibus
1819 433 1847 460 in

1055 478 1145 513 ipsum
1167 477 1305 512 pollicitus
1317 481 1370 509 est,
1388 477 1436 511 qui
1465 485 1497 504 ex
1516 485 1587 512 aqua
1601 481 1627 504 et
1641 477 1744 511 Spiritu
1757 478 1846 505 renati

1054 524 1118 552 sint.
1139 533 1149 549 υ

1092 571 1136 598 Η.
1172 571 1284 599 Talibus
1315 569 1483 605 Hyacinthus
1514 568 1720 602 hortamentis,
1748 567 1848 596 talibus

1055 617 1185 651 frequens
1214 616 1371 651 jugiterque
1400 614 1651 647 admenitionihus.
1679 615 1703 642 si
1728 614 1776 650 qui
1799 615 1849 642 ad-

1058 664 1139 696 irent,
1153 663 1331 699 increpando,
1356 662 1506 698 arguendo,
1535 662 1706 690 obsecrando
1735 661 1746 678 ⁸
1773 662 1847 698 (nul-

1054 710 1089 738 lis
1117 710 1222 738 scilicet
1251 717 1305 737 non
1338 709 1489 736 ratioaibus
1518 709 1662 744 modisque
1689 708 1848 743 satagendo.

1054 761 1084 784 ut
1103 757 1137 784 ab
1164 756 1270 784 insulsa
1287 755 1547 789 dementissimaque
1577 754 1773 789 superstitione
1800 761 1849 782 eos

1054 802 1206 837 liberaret),
1228 802 1297 829 nihil
1318 806 1408 829 tamen
1429 801 1548 836 amplius
1567 800 1736 836 proﬁciebat.
1750 800 1849 828 Incon-

1054 849 1143 878 sultus
1173 849 1246 876 enitn
1277 849 1422 883 audaxque
1450 856 1483 876 ac
1516 848 1678 875 temerarius
1707 848 1847 883 populus,

1054 903 1144 930 pravae
1168 895 1276 923 deditus
1299 894 1500 926 consuetudini,
1530 890 1712 928 pessimeque
1726 893 1849 920 emanci-

1054 945 1134 976 patus
1153 945 1293 976 occupatae
1322 939 1457 975 opinioni,
1484 939 1594 966 vixdum
1621 938 1770 973 expugnari
1797 945 1848 972 po-

1053 991 1132 1019 terat,
1163 994 1302 1022 sensuque
1319 987 1394 1014 omni
1423 986 1546 1013 melioris
1572 984 1659 1020 frugis
1684 984 1849 1019 arripienda:

1054 1033 1178 1061 carebat.
1209 1033 1335 1067 Hiucque
1362 1033 1430 1060 adeo
1449 1032 1507 1066 alii,
1531 1039 1587 1066 quo
1613 1035 1726 1066 stupore
1750 1029 1849 1064 perciti

1056 1083 1145 1111 erant,
1160 1086 1242 1106 aures
1256 1083 1446 1113 aggravantes,
1462 1086 1493 1104 ac
1505 1077 1616 1105 dorsum
1642 1076 1770 1103 insanum
1782 1075 1850 1102 dan-

1053 1128 1094 1152 tes
1111 1125 1162 1160 (7),
1189 1125 1228 1151 uti
1247 1123 1396 1158 Scriptum:
1415 1124 1506 1151 verbis
1529 1129 1690 1157 expressum
1708 1125 1759 1155 est,
1776 1121 1850 1148 velut

1054 1175 1155 1198 temere
1185 1170 1360 1201 delirantem.
1389 1177 1451 1197 eum
1487 1176 1542 1196 non
1572 1167 1770 1195 sustinebant:
1802 1165 1850 1194 alii

1053 1224 1119 1244 vero
1145 1216 1227 1243 etiam
1260 1215 1341 1243 furiis
1365 1214 1601 1248 amarulentisque
1629 1211 1850 1240 aemulationibus

1053 1262 1168 1294 efferati,
1182 1262 1346 1296 injuriarum
1366 1260 1422 1287 vim
1440 1260 1614 1287 innumeram
1630 1257 1850 1292 probrorumque

1056 1309 1094 1335 illi
1114 1307 1320 1342 rependcbant;
1350 1314 1382 1334 ac
1412 1306 1494 1333 modo
1521 1305 1631 1339 quidem
1648 1310 1715 1331 naso
1730 1309 1848 1337 suspen-

1053 1354 1154 1382 debant
1182 1354 1243 1388 (8),
1265 1353 1347 1379 modo
1365 1357 1456 1379 autent
1478 1350 1700 1385 exprobrabant,
1722 1347 1847 1383 quando-

1053 1406 1108 1434 que
1141 1405 1207 1425 vero
1236 1397 1318 1425 etiam
1344 1396 1489 1425 minaciter
1526 1394 1684 1428 impetuque
1717 1395 1846 1424 ruentes,

1054 1444 1182 1472 dentibus
1202 1443 1229 1470 in
1241 1450 1303 1470 eum
1318 1441 1488 1469 frendebant.
1499 1439 1569 1473 Quid
1585 1439 1668 1474 igitur
1683 1436 1730 1465 Dei
1746 1437 1849 1465 homo?

1054 1489 1113 1517 Non
1144 1489 1211 1517 satis
1237 1489 1387 1516 arbitratur
1417 1491 1447 1513 ut
1477 1493 1526 1513 sua
1555 1486 1686 1512 duntaxat
1709 1482 1847 1518 dispiciat,

1055 1535 1195 1570 quomodo
1220 1538 1294 1561 recte
1312 1541 1342 1561 se
1358 1532 1487 1564 habeant,
1513 1538 1558 1558 res
1586 1537 1648 1557 vere
1677 1528 1794 1556 aliorum
1819 1535 1850 1555 se

1057 1581 1128 1608 male
1153 1580 1286 1608 habentes
1311 1579 1468 1614 despiciat:
1494 1583 1583 1611 neque
1608 1580 1638 1602 ut
1666 1574 1775 1602 silentio
1799 1579 1850 1608 pro

1057 1626 1097 1654 eis
1121 1626 1222 1661 lugeat,
1256 1630 1340 1660 atque
1371 1624 1405 1651 ad
1431 1623 1577 1651 Dominum
1602 1621 1719 1657 gemitus
1748 1619 1849 1649 trahat.

1057 1671 1196 1706 libereque
1222 1679 1271 1706 pro
1294 1670 1407 1698 veritate
1423 1675 1503 1704 agere
1517 1674 1550 1695 ac
1566 1666 1642 1702 loqui
1658 1663 1849 1701 pertimescat}

210 1726 262 1746 nec
279 1724 309 1746 ut
322 1726 450 1747 sermone
471 1719 606 1746 duntaxat
633 1725 666 1745 ac
695 1716 839 1749 doctrinis,
864 1724 917 1744 non
938 1724 1003 1745 vero
1017 1718 1100 1745 etiam
1133 1725 1217 1753 opere
1255 1717 1443 1752 insipientium
1471 1719 1600 1743 conetur.
1616 1712 1785 1747 impietatem
1806 1710 1851 1739 in-

210 1763 332 1798 fringere
349 1771 381 1791 ac
392 1764 527 1796 inhibere,
542 1764 652 1799 optima:
665 1768 748 1798 atque
765 1762 890 1797 perfecta:
906 1763 1005 1791 mentis
1018 1771 1088 1799 opus
1099 1771 1162 1792 esse
1178 1767 1298 1798 reputat.

263 1831 330 1860 Car.
349 1832 382 1859 ΙΙ.
397 1846 433 1851 -
449 1831 542 1859 Sancti
559 1830 686 1865 martyris
702 1829 772 1857 zelus
791 1829 817 1856 in
837 1829 983 1865 excidenda
1002 1831 1105 1862 arbore,
1125 1830 1207 1858 libera
1220 1830 1286 1865 fricti
1302 1829 1442 1865 confessio,
1461 1828 1608 1860 cruciatus,
1640 1834 1722 1860 morr,
1749 1830 1792 1852 tu—

830 1864 929 1896 mulus,
950 1869 975 1891 et
998 1867 1116 1893 auctoris
1139 1864 1270 1901 epilogus.

248 1927 292 1964 ιβ’.
315 1926 400 1954 Ἀλλὰ
423 1927 479 1957 τοῖς
494 1925 596 1959 λόγοις,
615 1924 652 1955 ὠς
666 1922 784 1959 εἴρηται,
804 1923 938 1958 πρότερον
956 1923 1004 1956 ἑγ-

211 1974 349 2010 κείμενος,
365 1972 427 1999 ἐπεὶ
447 1971 484 2007 μὴ
497 1968 552 2002 οἷός
574 1971 598 1996 τ’
620 1967 654 2005 ἦν
669 1970 697 1996 ἐν
710 1969 816 2000 τούτοις
833 1969 882 2003 τῆς
899 1969 1004 2003 πλάνης

211 2019 321 2053 ἐκείνης
339 2017 472 2052 ἐπισχεῖν,
499 2014 641 2050 ἑπομένως
654 2014 748 2040 λοιπὸν
767 2013 815 2048 τὴν
831 2013 942 2040 ἐπὶτῶν
956 2012 1004 2048 ἔρ-

211 2073 269 2099 γων
284 2064 399 2098 δύναμιν
416 2062 596 2093 ὲκδείκνυται,
607 2061 654 2087 καὶ
665 2060 713 2091 τὰς
722 2059 771 2094 τῆς
784 2059 905 2091 διανοίας
919 2059 1005 2093 ὀσᾳῦς

212 2109 436 2144 ἁναζωσάμενος,
456 2107 505 2134 καὶ
518 2107 568 2142 τὴν
580 2106 634 2133 ἀπὸ
655 2105 703 2132 τοῦ
726 2104 814 2140 Ἰησοῦ
835 2104 955 2139 Χριστοῦ
970 2105 1004 2140 τῇ

213 2157 354 2191 προσευχῇ
390 2154 506 2189 δύναμιν
535 2153 772 2187 ἐπισπασάμενος,
798 2149 858 2178 εἶτα
888 2151 1006 2178 πέλεκυν

211 2202 275 2235 ὀξὺν
293 2201 384 2228 λαϐὼν
406 2202 439 2236 τῇ
455 2200 537 2236 χειρὶ,
553 2199 601 2225 καὶ
616 2198 727 2233 θερινῆς
748 2196 923 2233 μεσημϐρίας
938 2197 1007 2224 πάν-

214 2257 265 2279 τας
281 2247 427 2278 διαλαθὼν,
458 2245 607 2281 πρόρριζον
633 2245 762 2271 ὲκκὸπτει
784 2243 815 2269 τὸ
835 2243 884 2278 τῆς
903 2241 1007 2278 πλάνης

212 2294 346 2329 φυτόν.Ὢ
359 2292 446 2327 ψυχῆς
457 2290 585 2327 ἀνδρείας
597 2289 712 2326 ἀνδρείῳ
725 2288 870 2325 χρωμένης
883 2288 988 2323 σώματι
999 2289 1005 2315 l

1069 1940 1071 1943 -
1095 1923 1137 1950 12.
1154 1923 1206 1950 Sed
1224 1930 1285 1951 cum
1299 1922 1386 1958 prius,
1400 1921 1439 1949 uti
1456 1919 1593 1953 dicebam,
1607 1919 1699 1947 verbis
1711 1917 1852 1945 incubuis-

1058 1974 1109 2002 set,
1126 1976 1178 1996 ncc
1193 1969 1303 1996 illorum
1324 1968 1349 1995 vi
1367 1975 1398 1995 ac
1415 1975 1465 1994 usu
1498 1966 1533 1994 ab
1555 1972 1649 1993 errore
1663 1965 1711 1991 illo
1727 1964 1852 1991 inhibere

1058 2021 1150 2050 posset
1165 2022 1172 2047 ;
1194 2017 1396 2049 consequenter
1408 2013 1476 2048 jam,
1490 2019 1551 2046 qua:
1564 2011 1591 2038 in
1609 2009 1740 2044 operibus
1762 2007 1851 2043 posita

1058 2065 1110 2093 est,
1126 2060 1254 2087 virtutem
1269 2058 1388 2086 ostendit
1404 2067 1410 2085 ι
1428 2054 1760 2089 succinctusqnelumbos
1773 2059 1852 2079 men—

1059 2106 1105 2138 tis,
1124 2109 1206 2140 atque
1221 2112 1236 2132 a
1249 2103 1315 2132 Jesu
1331 2102 1442 2131 Christo
1464 2108 1576 2137 precum
1600 2099 1733 2127 instantia
1755 2104 1853 2125 corro-

1059 2156 1120 2187 gata
1135 2151 1245 2183 virtute,
1269 2154 1326 2178 tum
1354 2157 1448 2182 manu,
1478 2151 1557 2175 acuta
1586 2145 1676 2174 securi
1703 2143 1852 2179 prehensa,

1059 2196 1130 2223 clam
1146 2195 1284 2228 omnibus,
1303 2194 1399 2222 aestivo
1411 2193 1469 2221 sole
1482 2199 1515 2219 ac
1529 2191 1653 2223 meridie,
1671 2189 1774 2217 erroris
1788 2187 1852 2216 stir-

1060 2242 1267 2277 pem—radicitus
1279 2240 1424 2268 exscindit.
1444 2238 1466 2267 Ο
1479 2239 1575 2265 fortem
1592 2235 1852 2268 animum,'robusto

1061 2294 1175 2323 corpore
1198 2287 1297 2315 nsum!
1315 2284 1337 2313 Ο
1351 2284 1488 2313 fervorem
1507 2283 1581 2315 ﬁdei,
1605 2281 1729 2309 fulminis
1753 2281 1852 2312 instar.

213 2325 236 2367 di
258 2325 430 2376 Θερμότητος
443 2325 570 2369 πίστεως,
590 2336 621 2363 τὸ
647 2336 696 2372 μὲν
719 2335 768 2371 τῆς
788 2334 914 2366 ἀσεϐείας
928 2334 1003 2366 ξύλον

1060 2332 1208 2367 impietatis
1235 2331 1446 2359 succendentcm
1473 2329 1610 2360 arborem,
1628 2334 1662 2354 ac
1688 2325 1763 2353 velut
1791 2326 1854 2360 igne

213 2385 349 2421 κεραυνοῦ
364 2384 465 2419 τρόπον
481 2382 700 2418 ὲμπιμπρώσης,
713 2380 808 2417 ὥσπερ
824 2381 859 2407 δὲν
872 2380 1004 2416 καιούσης

212 2431 261 2458 καὶ
287 2429 484 2463 κατεσθιούσης
510 2430 572 2460 τοὺς
602 2427 727 2458 ἀσεϐεῖςί
748 2427 770 2453 ὣ
786 2427 889 2462 τόλμης
916 2425 1005 2461 ψυχῆς

213 2477 350 2512 καρτερᾶς
365 2478 410 2502 καὶ
433 2474 578 2510 σταθερᾶς,
597 2474 644 2500 καὶ
662 2473 781 2504 διανοίας
797 2473 910 2507 συνετῆς
923 2471 1005 2498 πλέον

213 2522 230 2558 ἦ
257 2522 330 2550 κατὰ
358 2520 530 2556 ἀνθρώπινον
558 2519 632 2552 νοῦν,
657 2519 721 2554 περὶ
740 2519 790 2554 τὴν
810 2518 895 2553 αὐτὴν
907 2517 1007 2553 πρᾶξιν

248 2593 260 2608 ⁸
274 2592 296 2620 11
312 2593 384 2620 Tim.
406 2600 444 2625 ιν,
462 2591 491 2619 2.

250 2651 289 2687 (7)
303 2651 429 2679 indicare
441 2651 486 2687 hic
500 2649 587 2687 voluit
600 2648 709 2687 Nicetas
725 2646 898 2687 Zachariam,
915 2653 1003 2687 c._vu,

214 2682 259 2718 H;
277 2682 323 2714 itb'i
338 2686 429 2714 versio
446 2685 567 2720 Vulgata
581 2685 663 2711 habet
688 2692 697 2708 ι
714 2682 854 2720 seapqlam
875 2682 1004 2720 receden-

214 2716 270 2748 tem
288 2728 296 2752 ;
311 2731 320 2745 ι
352 2722 425 2756 quod
450 2716 631 2748 Combelisins
653 2718 733 2756 vertit
761 2716 898 2756 idorsum
928 2716 1004 2743 iusa-

215 2762 281 2782 num
302 2763 310 2779 ι
336 2752 513 2787 contendens,
527 2756 599 2789 quod
624 2754 736 2781 verbum
760 2752 886 2779 Graecum
913 2759 1006 2786 παρα.-

214 2789 446 2826 φρονεῖνγρτορτὶο
458 2788 592 2824 significet
604 2799 613 2815 ι
631 2788 760 2816 insanire.
779 2797 787 2812 ι

250 2824 290 2860 (8)
310 2821 460 2857 Χλενᾶζειν
486 2821 559 2860 est}
574 2825 709 2860 irridere)
736 2821 811 2860 quod
824 2821 1006 2860 Combefisius

214 2856 297 2888 vertit
319 2870 329 2886 ι
349 2868 416 2888 uaso
431 2859 609 2895 suspendere,
632 2867 641 2883 ι
667 2856 693 2884 id
709 2856 817 2891 proprie
833 2861 874 2885 est
898 2865 907 2881 ι
928 2857 1006 2885 vafre

1059 2379 1159 2414 impios
1174 2377 1381 2406 comburentem
1396 2383 1427 2403 ac
1442 2374 1635 2403 absorbentem
1650 2373 1656 2399 !
1679 2371 1700 2400 0
1716 2374 1849 2398 constan-

1058 2426 1093 2452 tis
1110 2424 1235 2458 lirmique
1247 2423 1332 2451 animi
1348 2421 1504 2454 audaciam,
1518 2423 1695 2452 mentemque
1709 2424 1790 2452 quam
1803 2423 1853 2451 pro

1058 2471 1179 2498 humana
1192 2469 1300 2496 ratione
1312 2468 1494 2499 solertiorem,
1515 2473 1569 2492 una
1583 2464 1734 2498 eademque
1746 2462 1853 2490 actione

1059 2521 1135 2544 tanta
1151 2519 1344 2551 prwstantem;
1366 2521 1398 2541 ac
1414 2517 1471 2541 tum
1489 2511 1572 2540 simul
1587 2510 1691 2538 erroris
1716 2515 1850 2544 organum

1057 2654 1088 2673 ac
1103 2645 1352 2677 subdolcirridere,
1373 2644 1478 2680 siquod
1506 2643 1592 2671 Graeci
1616 2640 1734 2680 simplici
1762 2637 1850 2665 verbo

1057 2682 1154 2709 dicunt
1175 2681 1365 2716 μυκτηρίζειν.
1389 2677 1578 2716 Phrasishaec
1604 2677 1672 2705 satis
1695 2680 1852 2716 communis

1057 2690 1154 2709 tllcunt
1196 2690 1365 2716 υκτηριςειν.
1389 2690 1503 2707 ΙἸΙΓ3515
1521 2690 1578 2706 "ilic
1604 2690 1672 2705 δῦιιθ
1695 2690 1852 2702 ιυιιιιιιιιιιιε·

1057 2722 1098 2745 est
1113 2690 1318 2751 apud‘veteres,
1337 2715 1376 2743 uti
1404 2714 1564 2751 intepalios
1589 2715 1673 2751 patet"
1690 2707 1853 2751 (ει-Ποτειίο

1058 2754 1085 2780 in
1103 2744 1288 2783 sermonibus,
1301 2744 1347 2778 ubi
1359 2751 1416 2778 ait:
1435 2759 1444 2775 ι
1462 2748 1536 2777 Naso
1547 2744 1690 2782 suspendis
1704 2744 1822 2770 adunco.
1839 2750 1849 2783 I-

1058 2777 1288 2814 ritfri'iié'iié'
1307 2777 1485 2821 caprerssione
1516 2777 1603 2811 videri
1633 2783 1751 2815 possunt
1780 2777 1852 2813 apud

1057 2822 1173 2851 Paulum
1189 2821 1342 2851 Manutium
1357 2822 1384 2850 in
1399 2821 1521 2855 Adagiis.
