2089 3151
247 149 297 180 431

849 148 997 180 ΝΙΟΕΤᾸΞ
1016 148 1278 178 PAPHLAGONIS

1822 145 1876 177 432

246 203 400 234 tollentem.
422 210 524 238 eosque
551 203 598 239 qui
618 202 857 231 immedicabiliter
875 203 921 230 illo
943 202 1033 230 allecti

1087 203 1131 228 καὶ
1148 202 1212 236 μίαν
1233 201 1318 228 πλείω
1346 201 1532 237 κατορθούσης
1563 201 1609 228 καὶ
1628 201 1695 236 ὁμοῦ
1722 201 1751 227 τό
1779 210 1808 228 τε
1826 203 1875 234 τῆς

243 253 332 281 erant,
352 247 575 281 confundentctn,
602 256 653 276 nec
670 256 726 275 non
753 247 855 282 plures,
873 248 974 284 quibus
990 256 1034 276 er-

246 302 292 321 ror
311 301 363 320 non
377 294 416 320 sic
431 293 484 320 alte
500 293 658 327 inoleverat,
675 293 876 326 emendantem,
887 293 920 321 ad
934 294 1034 321 verita—

245 346 311 372 trm,
337 340 445 371 ducem,
468 339 576 374 Dcoque
600 347 650 366 suo
675 339 788 374 gloriam
814 339 1006 374 rependentem
1027 348 1033 366 :

245 386 311 421 quin
326 392 353 413 et
373 386 471 412 horum
488 385 598 412 demum
624 385 747 420 prmmio,
778 385 927 414 clarissimi
952 386 1034 413 etiam

245 433 366 467 martyrii
381 432 473 459 laurea
489 431 677 458 decorantem.

281 521 324 546 l5.
341 519 392 546 Ubi
419 518 503 554 igitur
531 519 701 552 sacerdotes,
733 520 915 546 constitutum
943 519 1035 547 arbori

246 567 411 594 Sacrificium
438 567 583 598 reddituri.
601 566 787 599 advenissent,
806 569 983 602 excisamque
1004 575 1035 594 ac

246 613 319 639 lmmi
334 612 498 647 propudiose
509 612 605 638 illisim
618 612 836 647 conspexissent,
846 613 962 646 primum
975 613 1036 647 qui-

244 660 307 686 dem
326 659 435 686 attoniti
458 658 608 689 haerebant,
626 658 704 692 longe
721 658 843 685 maximo
861 662 984 693 stupore.
1006 662 1036 685 ut

246 712 294 740 par
317 709 369 737 est,
395 704 500 738 perciti.
517 703 563 730 Sic
591 703 663 730 enim
690 707 888 739 comparatum,
919 703 1035 738 utquod

245 755 344 784 praeter
369 757 477 776 onmem
505 750 737 783 citspcetationem
775 749 886 781 accidit.
913 749 1034 776 animum

245 800 355 830 stupore
374 795 473 822 alliciat
487 800 571 830 atque
590 795 736 830 percellat,
759 803 790 822 ac
819 795 954 829 siquidem
971 795 1036 822 illud

244 842 347 870 bonum
373 842 520 874 exstiterit,
549 842 696 869 hilaritatis
711 842 822 876 impleat
847 849 878 868 ac
895 841 1033 876 jucundis-

245 889 315 914 sime
330 887 442 918 habeat,
469 887 510 914 sin
525 895 591 914 vero
612 887 726 920 malum,
742 887 872 915 maestitia
896 887 1035 921 animique

245 933 342 960 dolore
367 934 481 967 repleat.
510 933 549 960 Ac
565 933 588 960 si
611 933 721 967 quidem
749 941 782 960 eo
798 937 910 960 auctore
937 940 1036 961 evene-

247 979 293 1012 rit,
320 979 366 1013 qui
384 979 450 1005 nulli
471 979 527 1013 ipse
541 986 618 1006 noxa;
633 979 770 1006 obnoxius
793 979 839 1012 sit,
861 979 950 1006 dirum
978 987 1035 1007 me-

247 1026 300 1052 rito
326 1025 478 1052 cruciatum
506 1025 599 1051 animo
627 1024 729 1058 infert,
757 1025 843 1052 donec
870 1025 1034 1059 quibusdatu

247 1079 308 1098 ettm
325 1071 477 1098 rationibus
491 1070 600 1097 deliniri
628 1070 784 1104 contigerit.
810 1069 924 1097 Detecto
941 1074 1032 1097 autem

247 1121 370 1147 auctore,
399 1123 487 1150 eoque
502 1123 580 1142 noxa:
608 1115 739 1147 obnoxio,
771 1116 903 1150 quidquid
933 1115 1035 1143 doloris

246 1165 307 1187 erat
318 1160 458 1193 animique
467 1160 606 1187 cruciatus
616 1160 760 1194 derepente
775 1160 802 1187 in
817 1160 884 1186 iram
901 1159 1035 1187 furorem.

1085 247 1194 283 ἀπάτης
1226 248 1342 282 ὖργανον
1372 247 1578 282 ὲξαναιρούσης,
1607 247 1737 278 καὶτοὺς
1758 247 1875 279 avrti-tto;

1085 293 1171 328 τούτῳ
1197 294 1425 328 προσπάσχοντας
1441 293 1688 328 καταισχυνούσης·
1712 293 1826 324 πολλοὺς
1848 294 1876 319 δὲ

1085 339 1254 374 διορθούσης,
1282 336 1324 370 οἷς
1354 339 1390 374 μὴ
1412 339 1482 365 κατὰ
1499 339 1580 373 βάθος
1599 339 1633 365 τὰ
1652 340 1701 373 τῆς
1719 339 1878 374 πλανήσεως

1085 384 1233 419 ἐντέτηκε·
1252 384 1320 419 πρὸς
1348 384 1397 419 τὴν
1417 383 1546 419 ἀλήθειαν
1571 384 1599 410 δὲ
1624 383 1807 418 ποδηγούσης,
1831 384 1878 411 καὶ

1086 430 1134 457 τὸν
1162 431 1262 457 οίχεῖον
1282 430 1449 464 δοξαζούσης
1478 430 1558 456 Θεόν·
1587 430 1632 456 ναὶ
1658 431 1711 465 μὴν
1721 430 1764 456 διὰ
1779 430 1876 464 ταῦτα,

1085 476 1132 502 καὶ
1147 475 1334 511 λαμπροτάτῳ
1345 475 1599 510 καταγλαῖζομένης
1615 476 1770 511 μαρτυρίῳ.

1123 525 1167 556 ιγ’.
1191 522 1268 548 Ἐπεὶ
1281 522 1335 557 γὰρ
1346 519 1413 556 ἦχον
1424 523 1448 547 οἱ
1464 523 1547 557 ἱερεῖς
1567 522 1615 556 τὴν
1629 523 1826 558 νενομισμένην
1839 524 1877 559 τῷ

1085 568 1188 603 δένδρῳ
1200 568 1295 595 ουσίαν
1314 568 1510 600 ἀποδώσοντες,
1531 568 1648 594 ὲκκοπὲν
1665 568 1693 595 δὲ
1718 569 1798 596 τοῦτο
1829 570 1878 596 καὶ

1086 614 1157 641 κατὰ
1185 616 1237 649 γῆς
1265 615 1371 650 ἀτίμως
1398 612 1468 641 είδον
1487 615 1674 650 καταρραγὲν,
1697 615 1806 651 πρῶτον
1828 616 1877 651 μὲν

1085 660 1262 695 ἀπηνεοῦντο,
1279 659 1378 695 θάμϐει
1395 660 1494 695 πολλῷ,
1507 661 1579 687 κατὰ
1590 661 1620 687 τὸ
1643 661 1728 694 είκδς,
1748 663 1878 697 περιεχό-

1088 713 1185 740 μενοι·
1213 703 1285 732 οἶδεν
1307 705 1361 742 γὰρ
1384 707 1414 732 τὸ
1438 706 1515 742 παρὰ
1536 707 1699 741 προσδοκίαν
1723 709 1878 743 συμπῖπτον

1086 751 1252 785 ἐκπλήσσειν
1261 751 1311 786 τὴν
1326 751 1426 787 ψυχὴν,
1444 752 1491 778 καὶ
1511 752 1613 786 ἀγαθὸν
1640 752 1690 788 μὲν
1712 753 1805 786 ὀφθὲν,
1822 753 1878 779 ίλα-

1088 796 1201 831 ρότητος
1212 797 1259 823 καὶ
1273 797 1406 832 εὐθυμίας
1434 797 1631 833 ἀναπιμπλᾷν,
1656 798 1740 825 κακὸν
1759 799 1799 830 δὲ,
1814 807 1877 825 σκυ-

1087 841 1262 876 θρωπότητος
1290 842 1337 868 καὶ
1355 842 1522 877 δυσθυμίας·
1538 843 1586 869 καὶ
1606 843 1629 869 εἰ
1656 843 1705 877 μὲν
1720 843 1748 876 ἐξ
1762 843 1876 870 ἀνευθύ-

1089 894 1133 912 νου
1147 886 1226 912 τοῦτο
1244 886 1417 922 συμϐέϐηκεν
1432 887 1532 919 αἰτίας,
1546 887 1645 922 δεινὴν,
1663 887 1732 915 κατὰ
1744 888 1774 914 τὸ
1789 888 1873 921 είκδς,

1089 931 1254 965 ὲνσκήπτειν
1267 933 1299 967 τῇ
1324 932 1396 967 ψυχῇ
1410 931 1458 967 τὴν
1471 932 1579 967 ὀδύνην,
1602 932 1682 968 ἄχρις
1696 932 1729 959 ἂν
1745 933 1877 965 ἐπινοίαις

1089 977 1145 1003 τισὶ
1169 978 1366 1013 παρηγορηθῇ·
1394 978 1561 1012 περιφανοῦς
1585 978 1613 1005 δὲ
1645 978 1693 1004 τοῦ
1717 979 1803 1005 αίτίου
1829 979 1876 1006 καὶ

1088 1023 1240 1049 ὑπευθύνου
1268 1023 1451 1056 καθεστῶτος,
1467 1025 1508 1056 είς
1531 1024 1614 1059 ὀργὴν
1636 1025 1766 1060 ἐξαπίνης
1781 1024 1814 1050 τὰ
1827 1025 1876 1059 τῆς

1087 1069 1176 1104 λύπης
1207 1069 1433 1104 μετεσκεύασται,
1458 1069 1489 1096 οὔ
1517 1070 1651 1106 πρότερον
1671 1070 1792 1097 ἀνιεῖσαν
1812 1070 1876 1101 τοὺς

1087 1115 1291 1150 ὀργιζομένους,
1320 1115 1413 1150 πρὶνῆ
1430 1114 1470 1150 τῷ
1494 1115 1660 1150 λελυπηκότι
1676 1115 1724 1151 τὴν
1738 1116 1787 1150 τῆς
1802 1115 1877 1141 ἀντι-

1088 1160 1230 1195 λυπήσεως
1249 1161 1328 1194 ἀξίαν
1341 1161 1515 1195 ἁντεπάγωσι
1528 1161 1634 1196 ποινήν.

247 1214 300 1241 que
315 1206 425 1237 transit.
439 1213 492 1232 non
509 1206 585 1240 prius
597 1205 698 1232 liberos
713 1206 806 1233 sinens
821 1213 891 1240 quos
906 1205 1060 1239 incesserit,
1090 1206 1156 1241 quin
1194 1206 1232 1233 illi
1253 1206 1300 1241 qui
1323 1206 1452 1242 injuriam
1472 1205 1546 1239 fecit,
1566 1209 1668 1240 quanta
1689 1212 1738 1240 pro
1748 1205 1875 1233 facinoris

246 1253 346 1281 merito
371 1253 511 1284 videatur,
537 1253 685 1279 vindictam
716 1259 879 1287 poenamque
902 1251 1084 1286 rependerint.

283 1301 327 1328 l4.
343 1299 400 1328 Hoc
416 1305 444 1327 et
455 1300 508 1327 illis
520 1307 581 1327 cum
600 1299 636 1327 ita
653 1300 801 1333 evenisset,
826 1300 945 1332 primttm
970 1299 1036 1334 qui-

247 1347 308 1374 dem
329 1347 392 1381 quis
408 1350 488 1373 tanta:
508 1346 548 1373 eis
575 1346 663 1373 cladis
681 1351 774 1373 auctor
800 1346 959 1378 exstitisset,
975 1346 1036 1373 ani-

247 1393 300 1420 mis
315 1393 505 1427 exquirebant.
527 1392 596 1418 Tum
616 1391 749 1426 paulatim
775 1391 867 1418 animo
885 1392 1035 1419 recolentes

247 1443 350 1472 quanta
368 1437 537 1472 Hyacinthus
562 1437 689 1464 hortatus
704 1440 776 1464 esset
794 1444 826 1463 ac
849 1437 1034 1471 increpassct;

247 1484 397 1517 secumque
412 1482 574 1517 Cogitantes,
588 1481 689 1508 nullius
701 1481 780 1516 plane
794 1481 908 1508 alterius
925 1480 951 1507 id
965 1487 1036 1515 opus

247 1536 320 1559 esse.
332 1535 413 1563 quam
434 1528 495 1562 ejus
510 1527 557 1561 qui
570 1532 597 1554 et
613 1527 766 1554 hostiarum
788 1526 990 1560 perceptionem
1008 1532 1038 1552 ut

249 1576 411 1603 sceleratam
435 1574 650 1606 abominaretur,
667 1576 695 1599 et
710 1572 736 1599 in
762 1579 810 1599 cos
835 1572 881 1606 qui
910 1571 1038 1598 offerrent

249 1621 331 1647 ctiam
347 1624 428 1654 atque
443 1619 524 1646 etiam
553 1618 736 1650 inveheretur,
754 1618 902 1652 verbisque
917 1617 1037 1645 deterre-

248 1669 310 1696 ret;
329 1671 384 1690 uno
407 1670 504 1690 omnes
526 1663 553 1689 in
576 1670 639 1690 cum
663 1662 772 1689 irruunt
797 1662 921 1697 impetu;
942 1669 1036 1689 suum-
1051 1660 1071 1687 C

249 1717 303 1744 que
319 1716 394 1736 more
408 1709 503 1736 dentes
530 1712 640 1739 acuttnt,
663 1715 694 1735 ac
709 1708 824 1743 quodvis
846 1708 954 1735 tandem
978 1715 1039 1735 cor-

248 1753 324 1788 poris
337 1753 487 1780 membrum
501 1773 508 1785 ,
527 1752 657 1787 quidquid
671 1753 788 1787 denique
814 1753 902 1780 cuivis
917 1760 1039 1779 oecurre-

251 1804 304 1830 ret,
336 1806 412 1825 arma
439 1799 571 1825 adversus
601 1797 731 1824 Sanctum
759 1797 904 1832 arripiunt.
929 1796 951 1824 Ο
968 1804 1036 1831 quo-

250 1845 332 1872 modo
347 1848 500 1878 opportune
512 1843 715 1876 sanguinariam
734 1843 807 1870 illam
830 1843 1037 1877 impressionem

249 1890 439 1917 narraveriml
473 1889 578 1923 Lingua
605 1890 780 1925 saerilrgum,
811 1894 967 1922 cruentum,
985 1889 1037 1915 im-

248 1936 323 1970 pium
342 1935 426 1971 (quin
457 1936 560 1970 potius,
590 1934 745 1971 deicidam)
783 1935 927 1962 maledicto
951 1935 1038 1970 jacta-

249 1981 327 2013 bant,
346 1988 393 2008 ore
407 1980 575 2015 despuebant
590 1989 597 2007 :
616 1981 747 2013 calcibus,
766 1981 862 2015 pugnis
876 1981 1036 2013 insilientes.

249 2026 373 2054 crinibus
389 2027 534 2054 trahebant
551 2035 557 2053 :
575 2026 651 2053 hutni
680 2026 879 2060 distrahebant,
903 2026 1037 2054 caedentes

249 2072 330 2107 lignis
341 2080 373 2100 ac
386 2073 521 2106 lapidibus
539 2082 546 2099 :
565 2073 659 2106 sicque
676 2072 837 2106 injuriarum
852 2072 926 2098 omni
939 2079 1038 2106 genere

249 2123 330 2153 atque
346 2119 490 2145 verberum
504 2119 642 2151 exsatiati,
657 2118 776 2146 civitatis
792 2117 900 2152 praesidi
919 2117 958 2152 (9)
973 2124 1035 2144 eum

249 2165 445 2192 adhibuerunt.

283 2211 328 2238 15.
342 2210 437 2238 Stabat
447 2211 538 2245 itaque
554 2208 684 2242 Sanctus,
700 2214 784 2237 totum
796 2213 885 2236 mente
896 2208 1036 2236 Christum

248 2253 371 2286 indutus.
389 2255 464 2282 omni
479 2255 505 2281 in
522 2262 584 2281 eum
603 2254 707 2282 intenta
732 2254 830 2281 tuentis
847 2253 915 2280 acie.
933 2253 972 2280 Ex
988 2253 1036 2280 ad-

247 2308 328 2329 verso
344 2308 408 2328 vero
420 2304 524 2328 stantes
539 2300 589 2327 viri
602 2300 764 2334 sanguinum
776 2307 808 2327 ac
819 2299 917 2331 dolosi,
930 2298 1034 2326 fortiter

248 2345 425 2372 accusabant.
446 2355 454 2371 ι
474 2345 570 2376 Nobis.
586 2345 704 2377 aiebant,
719 2352 831 2379 praeses,
846 2352 900 2370 una
917 2344 951 2371 ob
969 2352 1035 2371 ocu-

247 2390 290 2418 los
310 2391 408 2425 gratia,
428 2398 482 2418 una
506 2391 576 2417 bona
595 2389 739 2425 faustaque
761 2386 937 2425 exspectatio,
964 2390 1035 2420 Deus

247 2437 306 2471 ipse
329 2437 496 2471 conspicuus
512 2445 544 2464 ac
559 2436 715 2470 spectabilis
734 2442 812 2469 erat;
832 2436 896 2469 alta,
910 2437 1034 2471 pulchra,

248 2487 363 2510 venusta
389 2483 498 2516 lateque
526 2490 645 2517 expansa
671 2481 808 2509 frondium
826 2489 922 2509 coma:
940 2489 1036 2516 nempe

245 2526 320 2555 foliis
337 2527 528 2554 umbraculum
555 2527 679 2562 praebens
694 2527 832 2561 variisque
847 2527 986 2561 leporibus
996 2527 1036 2554 ci-

245 2572 358 2599 vitalem
375 2577 496 2599 nostram
514 2579 641 2600 recreans
663 2571 870 2606 oblectansquc.
888 2571 925 2604 ls,
943 2579 1033 2605 quan-

245 2625 328 2652 quam
340 2617 434 2644 arliori
450 2625 497 2652 per
518 2617 611 2644 omnia
633 2617 732 2645 similis
748 2617 967 2648 existimabatur.
986 2617 1034 2643 ad-

245 2663 362 2690 mirabili
386 2668 476 2690 tamen
495 2663 594 2691 decore
606 2667 633 2690 et
656 2663 750 2699 gratiis
776 2663 883 2691 cunctis
901 2662 1033 2696 stirpibus

244 2709 381 2737 eminebat
395 2718 401 2743 ;
423 2709 470 2738 sed
484 2714 512 2737 et
525 2709 565 2737 vis
581 2710 706 2744 quredatu
720 2709 814 2737 etlicax
835 2716 866 2737 ac
887 2709 980 2736 vivens
993 2708 1032 2735 illi

1126 1300 1166 1327 ιδ’.
1180 1301 1266 1327 Τοῦτο
1281 1301 1403 1328 κάκεῖνοι
1416 1301 1559 1333 παθόντες,
1582 1300 1689 1336 πρῶτον
1708 1301 1757 1336 μὲν
1773 1301 1817 1329 τὸν
1832 1301 1877 1328 αῖ-

1087 1354 1146 1372 τιον
1170 1346 1262 1378 αὐτοῖς
1286 1346 1388 1380 ταύτης
1416 1346 1616 1373 ἀνεσκοποῦντο
1641 1347 1690 1381 τῆς
1715 1347 1876 1381 συμφορᾶςτ

1088 1391 1183 1418 ἔπειτα
1195 1392 1251 1418 τῶν
1274 1392 1417 1419 Ὑακίνθου
1444 1393 1515 1419 κατά
1541 1391 1640 1427 μικρὸν
1659 1392 1700 1423 είς
1724 1392 1877 1426 ἀνάμνησιν

1087 1437 1202 1472 ἥκοντες
1214 1437 1361 1464 νουθεσιῶν
1374 1459 1381 1471 ,
1408 1439 1454 1465 καὶ
1471 1438 1701 1472 κατανενοηκότες
1717 1437 1755 1469 ὡς
1770 1437 1877 1469 οὐδενὸς

1087 1484 1121 1509 ἂν
1136 1482 1179 1518 είη
1194 1483 1274 1510 ἄλλου
1300 1482 1330 1510 τὸ
1353 1483 1443 1519 ἔργονΙ
1462 1484 1478 1518 ἦ
1505 1483 1552 1510 τοῦ
1568 1483 1616 1510 καὶ
1630 1483 1685 1509 τῶν
1709 1483 1811 1510 θυσιῶν
1828 1483 1877 1518 τὴν

1089 1528 1241 1563 μετάληψιν
1255 1528 1292 1559 ὼς
1308 1529 1390 1563 ἐναγῆ
1411 1529 1625 1564 μυσαττομένου,
1642 1529 1689 1556 καὶ
1703 1529 1877 1561 θυσιάζουσιν

1088 1574 1301 1609 ὲπιτιμῶντοςῆ
1322 1574 1563 1610 προσωχθηκότος,
1586 1575 1692 1609 ὁρμῶσι
1719 1575 1772 1609 μὲν
1794 1574 1876 1610 ὁμόσε

1087 1621 1147 1647 κατ’
1158 1620 1241 1646 αὐτοῦ
1257 1621 1356 1652 πάντες
1365 1629 1372 1636 °
1388 1621 1459 1647 συῶν
1472 1620 1500 1647 δὲ
1515 1621 1617 1655 τρόπον
1629 1621 1692 1653 τοὺς
1705 1621 1815 1653 ὀδόντας
1828 1621 1876 1656 θή-

1090 1674 1194 1701 γοντες,
1209 1667 1257 1693 καὶ
1270 1667 1324 1693 πᾶν
1340 1667 1420 1700 μέλος
1440 1666 1486 1693 τοῦ
1503 1667 1628 1701 σώματος
1645 1666 1746 1699 αὐτῶν,
1760 1667 1806 1692 καὶ
1823 1667 1877 1693 πᾶν

1088 1712 1118 1738 τὸ
1131 1713 1288 1747 παρατυχδν
1306 1712 1414 1747 ἑκάστῳ
1427 1712 1508 1739 ὅπλον
1524 1711 1595 1739 κατά
1611 1711 1658 1738 τοῦ
1676 1712 1768 1746 Ἀγίου
1785 1713 1878 1739 ποιού-

1090 1766 1164 1793 μενοι
1181 1758 1213 1793 (ὢ
1226 1758 1284 1790 πῶς
1301 1758 1334 1785 ἂν
1345 1758 1459 1794 καιρίως
1466 1758 1515 1793 τὴν
1526 1758 1649 1793 φοινικὴν
1665 1759 1772 1794 ἐκείνην
1786 1758 1877 1785 ἐπίθε-

1090 1811 1131 1830 σιν
1148 1804 1338 1839 ὲξηγησαίμην
1348 1803 1421 1839 ;),τῇ
1432 1804 1539 1840 γλώττῃ
1555 1804 1604 1839 μὲν
1619 1804 1714 1831 τοῦτον
1725 1805 1875 1839 ἱερόσυλον.

1091 1849 1241 1884 μιαιφόνον.
1259 1849 1347 1881 ἄθεον,
1363 1849 1463 1884 μᾶλλον
1478 1849 1506 1876 δὲ
1526 1849 1665 1876 θεοκτόνον
1680 1850 1873 1885 ἐλοιδοροῦντο,

1087 1894 1127 1928 τῷ
1140 1894 1254 1930 στόματι
1265 1894 1292 1920 δὲ
1308 1895 1460 1922 κατέπτυον
1472 1902 1479 1909 ·
1495 1895 1544 1922 καὶ
1570 1897 1625 1927 τοῖς
1644 1897 1709 1923 ποσὶ
1729 1896 1794 1930 λὰξ,
1816 1898 1876 1928 ταῖς

1088 1941 1166 1976 χερσὶ
1176 1941 1204 1967 δὲ
1218 1941 1272 1973 πὺξ
1287 1941 1470 1976 ἐναλλόμενοι.
1487 1939 1576 1968 εἷλκον
1591 1941 1645 1969 τῶν
1661 1942 1773 1977 τριχῶν,
1791 1943 1876 1970 ἐσπά-

1089 1994 1189 2021 ρασσον
1203 1986 1272 2012 κατὰ
1289 1986 1353 2021 γῆς,
1373 1987 1430 2018 τοῖς
1453 1986 1543 2019 ξύλοις
1571 1987 1709 2020 παίοντες,
1723 1989 1777 2019 τοῖς
1793 1988 1877 2020 λίθοις

1089 2031 1244 2067 βάλλοντες,
1260 2032 1306 2058 καὶ
1325 2031 1396 2058 οὕτω
1408 2033 1590 2065 παντοδαπῶς
1603 2033 1683 2060 αὑτὸν
1695 2033 1876 2068 αἰκισάμενοι,

1087 2078 1126 2113 τῷ
1141 2078 1192 2113 τῆς
1207 2078 1310 2110 πόλεως
1328 2079 1442 2114 ἡγεμόνι
1458 2079 1676 2115 παρεστήσαντο.

1126 2205 1165 2233 ιε’.
1183 2207 1315 2243 Εἱστήκει
1329 2207 1357 2234 δὲ
1373 2208 1386 2232 ὁ
1402 2206 1524 2242 Μάρτυς,
1541 2206 1600 2233 ὅλον
1616 2206 1716 2241 νοερῶς
1733 2204 1875 2240 ἐνδεδυμέ-

1087 2260 1132 2283 νος
1159 2252 1287 2287 Χριστδν,
1316 2252 1380 2287 ὃλην
1404 2251 1471 2287 πρὸς
1489 2251 1571 2278 αὐτὸν
1597 2251 1747 2278 ἀνατείνων
1761 2249 1808 2276 τοῦ
1827 2250 1874 2276 νοῦ

1087 2297 1135 2333 τὴν
1152 2299 1238 2333 ῥοπήν
1255 2306 1260 2312 ·
1276 2297 1306 2330 ὲε
1323 2298 1447 2329 ἐναντίας
1472 2298 1500 2324 δὲ
1524 2298 1620 2325 τούτου
1638 2297 1736 2332 ἄνδρες
1752 2297 1876 2331 αἱμάτων

1087 2344 1134 2370 καὶ
1167 2344 1318 2378 δολιότητος
1357 2344 1509 2378 ἱστάμενοι,
1539 2343 1655 2375 εὐτόνως
1691 2343 1874 2378 κατηγόρουν,

1090 2389 1217 2424 ‹.Ἦμίν,
1247 2389 1384 2423 λέγοντες,
1410 2387 1432 2417 ὦ
1458 2389 1571 2425 ήγεμὸν,
1594 2390 1643 2424 μία
1669 2389 1719 2424 μὲν
1745 2389 1822 2423 χάρις
1847 2389 1875 2414 ὲν

1087 2434 1249 2469 ὀφθαλμοῖς,
1269 2435 1318 2470 μία
1342 2434 1370 2460 δὲ
1398 2435 1546 2470 προσδοκία
1562 2434 1651 2470 ἀγαθὴ
1667 2435 1681 2461 ὁ
1696 2434 1875 2469 περίϐλεπτος

1088 2481 1194 2515 ὑπῆρχε
1208 2480 1289 2511 Θεός·
1307 2480 1320 2506 ὁ
1342 2480 1486 2515 ὑψίκομος,
1513 2480 1527 2506 ὁ
1547 2480 1673 2515 εὖκομος,
1690 2481 1703 2506 ὁ
1720 2479 1875 2514 πανώραιος

1087 2527 1135 2553 καὶ
1148 2526 1264 2560 εὐθαλής
1274 2534 1280 2541 ·
1294 2527 1307 2552 ὁ
1317 2526 1371 2557 τοῖς
1383 2525 1490 2560 φύλλοις
1500 2526 1683 2561 περισκέπων,
1695 2526 1742 2552 καὶ
1749 2525 1875 2558 ἀγλαΐαις

1087 2571 1224 2602 ποικίλαις
1232 2571 1280 2606 τὴν
1290 2571 1508 2606 ἡμετέρανξπόλιν
1518 2570 1691 2605 ψυχαγωγῶν
1702 2571 1748 2597 καὶ
1759 2569 1876 2597 ἀνακτιῖ.»

1089 2625 1183 2651 μενος·
1207 2617 1235 2648 ὃς
1264 2617 1289 2643 εί
1315 2617 1363 2643 καὶ
1382 2617 1482 2656 δένδρῳ
1499 2617 1681 2652 παρεμφερὴς
1708 2617 1874 2652 νενόμισται,

1087 2662 1155 2688 ἀλλὰ
1165 2662 1274 2689 πάντων
1291 2664 1352 2694 ταῖς
1370 2663 1541 2697 θαυμασταῖς
1553 2662 1718 2698 ὡραιότησιν
1742 2663 1876 2698 ὑπεξῃρη-

1086 2716 1130 2735 ται
1142 2709 1244 2742 φυτῶν-
1256 2708 1324 2735 ἀλλὰ
1337 2708 1384 2735 καὶ
1393 2708 1508 2742 δύναμις
1520 2708 1630 2744 ἐνεργὸς
1640 2709 1687 2735 καὶ
1700 2708 1774 2740 ζῶσα
1787 2706 1875 2741 τούτῳ

280 2813 320 2849 (9)
334 2813 460 2842 Praasidis
475 2823 574 2842 nomen
587 2813 751 2849 exprimitur
779 2813 805 2840 in
822 2810 1107 2849 MenologioHSirleti,
1134 2809 1338 2846 Martyrologio,
1364 2818 1395 2839 ac
1435 2818 1503 2836 mss.
1532 2808 1636 2837 nostris
1667 2807 1787 2840 Graecis;
1827 2807 1875 2835 scd

248 2847 346 2884 ubique
361 2856 423 2877 cum
440 2851 530 2886 aliquo
544 2847 712 2882 discrimine,
735 2853 765 2875 ut
779 2847 871 2876 notavi
891 2849 958 2883 (not.
974 2847 1010 2882 t).
