  <div class='ocr_page' id='page_1' title='image "/cluster/home/n/w/nwhite01/storage/ocr_20150623/105/njp.32101077772893/263.png"; bbox 0 0 2089 3151; ppageno 0'>
   <div class='ocr_carea' id='block_1_1' title="bbox 252 193 306 230">
    <p class='ocr_par' dir='ltr' id='par_1_1' title="bbox 252 193 306 230">
     <span class='ocr_line' id='line_1_1' title="bbox 252 193 306 230; baseline 0.056 -3"><span class='ocrx_word' id='word_1_1' title='bbox 252 193 306 230; x_wconf 73' lang='grc'><strong>435</strong></span> 
     </span>
    </p>
   </div>
   <div class='ocr_carea' id='block_1_2' title="bbox 838 197 1270 231">
    <p class='ocr_par' dir='ltr' id='par_1_2' title="bbox 838 197 1270 231">
     <span class='ocr_line' id='line_1_2' title="bbox 838 197 1270 231; baseline 0.007 -3"><span class='ocrx_word' id='word_1_2' title='bbox 838 197 985 229; x_wconf 67' lang='grc' dir='ltr'><strong>ΝΙΟΕΤΕ</strong></span> <span class='ocrx_word' id='word_1_3' title='bbox 1005 199 1270 231; x_wconf 70' lang='lat' dir='ltr'><strong>PAPIILAGONIS</strong></span> 
     </span>
    </p>
   </div>
   <div class='ocr_carea' id='block_1_3' title="bbox 1832 199 1884 230">
    <p class='ocr_par' dir='ltr' id='par_1_3' title="bbox 1832 199 1884 230">
     <span class='ocr_line' id='line_1_3' title="bbox 1832 199 1884 230; baseline 0 0"><span class='ocrx_word' id='word_1_4' title='bbox 1832 199 1884 230; x_wconf 68' lang='grc'><strong>436</strong></span> 
     </span>
    </p>
   </div>
   <div class='ocr_carea' id='block_1_4' title="bbox 252 255 1038 293">
    <p class='ocr_par' dir='ltr' id='par_1_4' title="bbox 252 255 1038 290">
     <span class='ocr_line' id='line_1_4' title="bbox 252 255 1038 290; baseline 0.003 -8"><span class='ocrx_word' id='word_1_5' title='bbox 252 255 383 283; x_wconf 87' lang='lat' dir='ltr'><strong>detritum</strong></span> <span class='ocrx_word' id='word_1_6' title='bbox 410 263 442 283; x_wconf 90' lang='lat' dir='ltr'><strong>ac</strong></span> <span class='ocrx_word' id='word_1_7' title='bbox 469 255 663 288; x_wconf 80' lang='lat' dir='ltr'><strong>deformatum,</strong></span> <span class='ocrx_word' id='word_1_8' title='bbox 692 255 849 290; x_wconf 78' lang='lat' dir='ltr'><strong>factumque</strong></span> <span class='ocrx_word' id='word_1_9' title='bbox 873 261 1038 289; x_wconf 79' lang='lat' dir='ltr'><strong>emortuum,</strong></span> 
     </span>
    </p>
   </div>
   <div class='ocr_carea' id='block_1_5' title="bbox 1090 255 1881 293">
    <p class='ocr_par' dir='ltr' id='par_1_5' title="bbox 1094 256 1881 293">
     <span class='ocr_line' id='line_1_5' title="bbox 1094 256 1881 293; baseline -0.001 -9"><span class='ocrx_word' id='word_1_10' title='bbox 1094 258 1230 291; x_wconf 77' lang='grc' dir='ltr'>δείξαντες</span> <span class='ocrx_word' id='word_1_11' title='bbox 1239 259 1286 286; x_wconf 80' lang='grc' dir='ltr'>καὶ</span> <span class='ocrx_word' id='word_1_12' title='bbox 1299 257 1516 290; x_wconf 74' lang='grc' dir='ltr'>θανατώσαντες,</span> <span class='ocrx_word' id='word_1_13' title='bbox 1527 257 1646 293; x_wconf 78' lang='grc' dir='ltr'><strong>ἑσπέρας</strong></span> <span class='ocrx_word' id='word_1_14' title='bbox 1661 257 1712 293; x_wconf 69' lang='grc' dir='ltr'>ήδη</span> <span class='ocrx_word' id='word_1_15' title='bbox 1725 256 1881 292; x_wconf 73' lang='grc' dir='ltr'>φῦασάσης,</span> 
     </span>
    </p>
   </div>
   <div class='ocr_carea' id='block_1_6' title="bbox 251 301 1043 337">
    <p class='ocr_par' dir='ltr' id='par_1_6' title="bbox 251 301 1043 337">
     <span class='ocr_line' id='line_1_6' title="bbox 251 301 1043 337; baseline 0.003 -9"><span class='ocrx_word' id='word_1_16' title='bbox 251 305 395 336; x_wconf 82' lang='lat' dir='ltr'><strong>appetente</strong></span> <span class='ocrx_word' id='word_1_17' title='bbox 417 302 472 337; x_wconf 81' lang='lat' dir='ltr'><strong>jam</strong></span> <span class='ocrx_word' id='word_1_18' title='bbox 511 309 639 337; x_wconf 83' lang='lat' dir='ltr'><strong>vespere,</strong></span> <span class='ocrx_word' id='word_1_19' title='bbox 665 301 850 329; x_wconf 81' lang='lat' dir='ltr'><strong>devorandum</strong></span> <span class='ocrx_word' id='word_1_20' title='bbox 880 302 975 331; x_wconf 87' lang='lat' dir='ltr'><strong>bestiis</strong></span> <span class='ocrx_word' id='word_1_21' title='bbox 1000 310 1043 330; x_wconf 90' lang='lat' dir='ltr'><strong>re-</strong></span> 
     </span>
    </p>
   </div>
   <div class='ocr_carea' id='block_1_7' title="bbox 251 346 401 381">
    <p class='ocr_par' dir='ltr' id='par_1_7' title="bbox 251 346 401 381">
     <span class='ocr_line' id='line_1_7' title="bbox 251 346 401 381; baseline -0.007 -8"><span class='ocrx_word' id='word_1_22' title='bbox 251 346 401 381; x_wconf 81' lang='lat' dir='ltr'><strong>liquerunt.</strong></span> 
     </span>
    </p>
   </div>
   <div class='ocr_carea' id='block_1_8' title="bbox 288 391 1042 428">
    <p class='ocr_par' dir='ltr' id='par_1_8' title="bbox 288 391 1042 428">
     <span class='ocr_line' id='line_1_8' title="bbox 288 391 1042 428; baseline 0.003 -10"><span class='ocrx_word' id='word_1_23' title='bbox 288 392 333 419; x_wconf 75' lang='grc'><strong>18.</strong></span> <span class='ocrx_word' id='word_1_24' title='bbox 348 391 418 425; x_wconf 81' lang='lat' dir='ltr'><strong>Quid</strong></span> <span class='ocrx_word' id='word_1_25' title='bbox 436 391 517 427; x_wconf 76' lang='lat' dir='ltr'><strong>igitur</strong></span> <span class='ocrx_word' id='word_1_26' title='bbox 533 391 663 419; x_wconf 90' lang='lat' dir='ltr'><strong>Dominus</strong></span> <span class='ocrx_word' id='word_1_27' title='bbox 677 391 688 418; x_wconf 86' lang='lat'><strong>?</strong></span> <span class='ocrx_word' id='word_1_28' title='bbox 716 391 801 419; x_wconf 80' lang='lat' dir='ltr'><strong>Suine</strong></span> <span class='ocrx_word' id='word_1_29' title='bbox 815 392 908 420; x_wconf 79' lang='lat' dir='ltr'><strong>famuli</strong></span> <span class='ocrx_word' id='word_1_30' title='bbox 924 393 1042 428; x_wconf 76' lang='lat' dir='ltr'><strong>neglexit</strong></span> 
     </span>
    </p>
   </div>
   <div class='ocr_carea' id='block_1_9' title="bbox 251 436 1040 471">
    <p class='ocr_par' dir='ltr' id='par_1_9' title="bbox 251 436 1040 471">
     <span class='ocr_line' id='line_1_9' title="bbox 251 436 1040 471; baseline 0 -7"><span class='ocrx_word' id='word_1_31' title='bbox 251 436 369 464; x_wconf 83' lang='lat' dir='ltr'><strong>curam?</strong></span> <span class='ocrx_word' id='word_1_32' title='bbox 385 436 438 463; x_wconf 88' lang='lat' dir='ltr'><strong>Aut</strong></span> <span class='ocrx_word' id='word_1_33' title='bbox 454 436 513 470; x_wconf 83' lang='lat' dir='ltr'><strong>ejus</strong></span> <span class='ocrx_word' id='word_1_34' title='bbox 529 443 614 467; x_wconf 87' lang='lat' dir='ltr'><strong>more,</strong></span> <span class='ocrx_word' id='word_1_35' title='bbox 631 436 679 471; x_wconf 87' lang='lat' dir='ltr'><strong>qui</strong></span> <span class='ocrx_word' id='word_1_36' title='bbox 697 436 747 464; x_wconf 86' lang='lat' dir='ltr'><strong>sibi</strong></span> <span class='ocrx_word' id='word_1_37' title='bbox 761 437 818 470; x_wconf 80' lang='lat' dir='ltr'><strong>ipse</strong></span> <span class='ocrx_word' id='word_1_38' title='bbox 830 438 912 464; x_wconf 83' lang='lat' dir='ltr'><strong>vitam</strong></span> <span class='ocrx_word' id='word_1_39' title='bbox 926 438 1040 470; x_wconf 87' lang='lat' dir='ltr'><strong>adimat,</strong></span> 
     </span>
    </p>
   </div>
   <div class='ocr_carea' id='block_1_10' title="bbox 250 481 1041 511">
    <p class='ocr_par' dir='ltr' id='par_1_10' title="bbox 250 481 1041 511">
     <span class='ocr_line' id='line_1_10' title="bbox 250 481 1041 511; baseline 0.004 -3"><span class='ocrx_word' id='word_1_40' title='bbox 250 482 355 509; x_wconf 78' lang='lat' dir='ltr'><strong>dimisit</strong></span> <span class='ocrx_word' id='word_1_41' title='bbox 377 482 445 508; x_wconf 91' lang='lat' dir='ltr'><strong>mori</strong></span> <span class='ocrx_word' id='word_1_42' title='bbox 461 481 472 508; x_wconf 80' lang='lat'><strong>?</strong></span> <span class='ocrx_word' id='word_1_43' title='bbox 486 481 534 508; x_wconf 83' lang='lat' dir='ltr'><strong>Vel</strong></span> <span class='ocrx_word' id='word_1_44' title='bbox 550 481 657 509; x_wconf 81' lang='lat' dir='ltr'><strong>occulta</strong></span> <span class='ocrx_word' id='word_1_45' title='bbox 679 489 711 509; x_wconf 90' lang='lat' dir='ltr'><strong>ac</strong></span> <span class='ocrx_word' id='word_1_46' title='bbox 737 486 826 509; x_wconf 87' lang='lat' dir='ltr'><strong>mente</strong></span> <span class='ocrx_word' id='word_1_47' title='bbox 849 488 930 510; x_wconf 82' lang='lat' dir='ltr'><strong>tenus</strong></span> <span class='ocrx_word' id='word_1_48' title='bbox 953 483 1041 511; x_wconf 87' lang='lat' dir='ltr'><strong>solum</strong></span> 
     </span>
    </p>
   </div>
   <div class='ocr_carea' id='block_1_11' title="bbox 251 527 1041 564">
    <p class='ocr_par' dir='ltr' id='par_1_11' title="bbox 251 527 1041 564">
     <span class='ocr_line' id='line_1_11' title="bbox 251 527 1041 564; baseline 0.003 -10"><span class='ocrx_word' id='word_1_49' title='bbox 251 527 421 562; x_wconf 86' lang='lat' dir='ltr'><strong>apparitione</strong></span> <span class='ocrx_word' id='word_1_50' title='bbox 440 527 573 554; x_wconf 86' lang='lat' dir='ltr'><strong>donavit?</strong></span> <span class='ocrx_word' id='word_1_51' title='bbox 599 527 711 555; x_wconf 81' lang='lat' dir='ltr'><strong>Minime</strong></span> <span class='ocrx_word' id='word_1_52' title='bbox 737 528 870 563; x_wconf 76' lang='lat' dir='ltr'><strong>gentium.</strong></span> <span class='ocrx_word' id='word_1_53' title='bbox 885 528 972 556; x_wconf 92' lang='lat' dir='ltr'><strong>Porro</strong></span> <span class='ocrx_word' id='word_1_54' title='bbox 985 529 1041 564; x_wconf 90' lang='lat' dir='ltr'><strong>jam</strong></span> 
     </span>
    </p>
   </div>
   <div class='ocr_carea' id='block_1_12' title="bbox 249 573 1042 606">
    <p class='ocr_par' dir='ltr' id='par_1_12' title="bbox 249 573 1042 606">
     <span class='ocr_line' id='line_1_12' title="bbox 249 573 1042 606; baseline 0.001 -5"><span class='ocrx_word' id='word_1_55' title='bbox 249 581 303 601; x_wconf 77' lang='lat' dir='ltr'><strong>nox</strong></span> <span class='ocrx_word' id='word_1_56' title='bbox 320 577 390 604; x_wconf 88' lang='lat' dir='ltr'><strong>erat,</strong></span> <span class='ocrx_word' id='word_1_57' title='bbox 405 581 436 600; x_wconf 86' lang='lat' dir='ltr'><strong>ac</strong></span> <span class='ocrx_word' id='word_1_58' title='bbox 449 577 549 600; x_wconf 89' lang='lat' dir='ltr'><strong>terram</strong></span> <span class='ocrx_word' id='word_1_59' title='bbox 575 573 616 600; x_wconf 89' lang='lat' dir='ltr'><strong>sol</strong></span> <span class='ocrx_word' id='word_1_60' title='bbox 642 574 772 606; x_wconf 81' lang='lat' dir='ltr'><strong>subierat,</strong></span> <span class='ocrx_word' id='word_1_61' title='bbox 799 582 939 602; x_wconf 88' lang='lat' dir='ltr'><strong>cumeccc</strong></span> <span class='ocrx_word' id='word_1_62' title='bbox 964 583 1042 602; x_wconf 81' lang='lat' dir='ltr'><strong>verus</strong></span> 
     </span>
    </p>
   </div>
   <div class='ocr_carea' id='block_1_13' title="bbox 250 618 1042 650">
    <p class='ocr_par' dir='ltr' id='par_1_13' title="bbox 250 618 1042 650">
     <span class='ocr_line' id='line_1_13' title="bbox 250 618 1042 650; baseline 0.003 -5"><span class='ocrx_word' id='word_1_63' title='bbox 250 618 297 645; x_wconf 85' lang='lat' dir='ltr'><strong>Sol</strong></span> <span class='ocrx_word' id='word_1_64' title='bbox 306 618 374 645; x_wconf 90' lang='lat' dir='ltr'><strong>lucis</strong></span> <span class='ocrx_word' id='word_1_65' title='bbox 384 618 438 646; x_wconf 87' lang='lat' dir='ltr'><strong>tilio</strong></span> <span class='ocrx_word' id='word_1_66' title='bbox 447 619 547 650; x_wconf 89' lang='lat' dir='ltr'><strong>oritur;</strong></span> <span class='ocrx_word' id='word_1_67' title='bbox 566 625 598 645; x_wconf 92' lang='lat' dir='ltr'><strong>ac</strong></span> <span class='ocrx_word' id='word_1_68' title='bbox 610 618 683 645; x_wconf 83' lang='lat' dir='ltr'><strong>circa</strong></span> <span class='ocrx_word' id='word_1_69' title='bbox 697 626 758 645; x_wconf 87' lang='lat' dir='ltr'><strong>eum</strong></span> <span class='ocrx_word' id='word_1_70' title='bbox 772 619 914 646; x_wconf 87' lang='lat' dir='ltr'><strong>multitudo</strong></span> <span class='ocrx_word' id='word_1_71' title='bbox 924 620 1042 648; x_wconf 66' lang='lat' dir='ltr'><strong>caelestis</strong></span> 
     </span>
    </p>
   </div>
   <div class='ocr_carea' id='block_1_14' title="bbox 250 664 1042 700">
    <p class='ocr_par' dir='ltr' id='par_1_14' title="bbox 250 664 1042 700">
     <span class='ocr_line' id='line_1_14' title="bbox 250 664 1042 700; baseline 0.003 -9"><span class='ocrx_word' id='word_1_72' title='bbox 250 665 365 695; x_wconf 74' lang='lat' dir='ltr'><strong>iuilitizc,</strong></span> <span class='ocrx_word' id='word_1_73' title='bbox 392 672 424 691; x_wconf 87' lang='lat' dir='ltr'><strong>ac</strong></span> <span class='ocrx_word' id='word_1_74' title='bbox 440 664 546 691; x_wconf 84' lang='lat' dir='ltr'><strong>Domini</strong></span> <span class='ocrx_word' id='word_1_75' title='bbox 565 665 686 696; x_wconf 90' lang='lat' dir='ltr'><strong>claritas,</strong></span> <span class='ocrx_word' id='word_1_76' title='bbox 703 669 732 691; x_wconf 92' lang='lat' dir='ltr'><strong>ut</strong></span> <span class='ocrx_word' id='word_1_77' title='bbox 746 665 914 700; x_wconf 75' lang='lat' dir='ltr'><strong>evangelieis</strong></span> <span class='ocrx_word' id='word_1_78' title='bbox 928 666 1042 693; x_wconf 81' lang='lat' dir='ltr'><strong>vocibus</strong></span> 
     </span>
    </p>
   </div>
   <div class='ocr_carea' id='block_1_15' title="bbox 248 710 1042 746">
    <p class='ocr_par' dir='ltr' id='par_1_15' title="bbox 248 710 1042 746">
     <span class='ocr_line' id='line_1_15' title="bbox 248 710 1042 746; baseline 0.003 -10"><span class='ocrx_word' id='word_1_79' title='bbox 248 715 322 743; x_wconf 87' lang='lat' dir='ltr'><strong>utar,</strong></span> <span class='ocrx_word' id='word_1_80' title='bbox 340 710 523 738; x_wconf 80' lang='lat' dir='ltr'><strong>eircnmfulsit</strong></span> <span class='ocrx_word' id='word_1_81' title='bbox 539 717 602 737; x_wconf 88' lang='lat' dir='ltr'><strong>eum</strong></span> <span class='ocrx_word' id='word_1_82' title='bbox 619 711 639 738; x_wconf 89' lang='lat'><strong>&#39;.</strong></span> <span class='ocrx_word' id='word_1_83' title='bbox 659 710 728 738; x_wconf 86' lang='lat' dir='ltr'><strong>Tum</strong></span> <span class='ocrx_word' id='word_1_84' title='bbox 753 711 808 743; x_wconf 87' lang='lat' dir='ltr'><strong>ille,</strong></span> <span class='ocrx_word' id='word_1_85' title='bbox 822 711 900 746; x_wconf 91' lang='lat' dir='ltr'><strong>quasi</strong></span> <span class='ocrx_word' id='word_1_86' title='bbox 931 719 963 738; x_wconf 80' lang='lat' dir='ltr'><strong>ex</strong></span> <span class='ocrx_word' id='word_1_87' title='bbox 987 711 1042 738; x_wconf 86' lang='lat' dir='ltr'><strong>alto</strong></span> 
     </span>
    </p>
   </div>
   <div class='ocr_carea' id='block_1_16' title="bbox 249 757 1042 792">
    <p class='ocr_par' dir='ltr' id='par_1_16' title="bbox 249 757 1042 792">
     <span class='ocr_line' id='line_1_16' title="bbox 249 757 1042 792; baseline 0.003 -9"><span class='ocrx_word' id='word_1_88' title='bbox 249 763 394 790; x_wconf 75' lang='lat' dir='ltr'><strong>emergens</strong></span> <span class='ocrx_word' id='word_1_89' title='bbox 423 764 531 787; x_wconf 85' lang='lat' dir='ltr'><strong>somno,</strong></span> <span class='ocrx_word' id='word_1_90' title='bbox 561 757 737 792; x_wconf 76' lang='lat' dir='ltr'><strong>diviuainque</strong></span> <span class='ocrx_word' id='word_1_91' title='bbox 763 757 836 784; x_wconf 90' lang='lat' dir='ltr'><strong>circa</strong></span> <span class='ocrx_word' id='word_1_92' title='bbox 865 765 894 785; x_wconf 88' lang='lat' dir='ltr'><strong>se</strong></span> <span class='ocrx_word' id='word_1_93' title='bbox 921 758 1042 785; x_wconf 85' lang='lat' dir='ltr'><strong>sentiens</strong></span> 
     </span>
    </p>
   </div>
   <div class='ocr_carea' id='block_1_17' title="bbox 248 802 1043 837">
    <p class='ocr_par' dir='ltr' id='par_1_17' title="bbox 248 802 1043 837">
     <span class='ocr_line' id='line_1_17' title="bbox 248 802 1043 837; baseline 0.003 -9"><span class='ocrx_word' id='word_1_94' title='bbox 248 802 469 837; x_wconf 84' lang='lat' dir='ltr'><strong>apparitionem.</strong></span> <span class='ocrx_word' id='word_1_95' title='bbox 499 807 581 836; x_wconf 87' lang='lat' dir='ltr'><strong>atque</strong></span> <span class='ocrx_word' id='word_1_96' title='bbox 607 810 668 829; x_wconf 78' lang='lat' dir='ltr'><strong>mox</strong></span> <span class='ocrx_word' id='word_1_97' title='bbox 702 803 777 830; x_wconf 91' lang='lat' dir='ltr'><strong>omni</strong></span> <span class='ocrx_word' id='word_1_98' title='bbox 803 803 911 830; x_wconf 87' lang='lat' dir='ltr'><strong>solutus</strong></span> <span class='ocrx_word' id='word_1_99' title='bbox 949 803 1043 830; x_wconf 79' lang='lat' dir='ltr'><strong>dolore</strong></span> 
     </span>
    </p>
   </div>
   <div class='ocr_carea' id='block_1_18' title="bbox 248 847 1041 882">
    <p class='ocr_par' dir='ltr' id='par_1_18' title="bbox 248 847 1041 882">
     <span class='ocr_line' id='line_1_18' title="bbox 248 847 1041 882; baseline 0.003 -10"><span class='ocrx_word' id='word_1_100' title='bbox 248 847 381 881; x_wconf 87' lang='lat' dir='ltr'><strong>omnique</strong></span> <span class='ocrx_word' id='word_1_101' title='bbox 395 847 619 881; x_wconf 87' lang='lat' dir='ltr'><strong>compunctionc,</strong></span> <span class='ocrx_word' id='word_1_102' title='bbox 637 855 670 874; x_wconf 89' lang='lat' dir='ltr'><strong>ac</strong></span> <span class='ocrx_word' id='word_1_103' title='bbox 690 847 866 874; x_wconf 81' lang='lat' dir='ltr'><strong>inenarrabili</strong></span> <span class='ocrx_word' id='word_1_104' title='bbox 882 848 981 882; x_wconf 85' lang='lat' dir='ltr'><strong>gaudio</strong></span> <span class='ocrx_word' id='word_1_105' title='bbox 997 855 1041 875; x_wconf 91' lang='lat' dir='ltr'><strong>re-</strong></span> 
     </span>
    </p>
   </div>
   <div class='ocr_carea' id='block_1_19' title="bbox 249 892 1039 927">
    <p class='ocr_par' dir='ltr' id='par_1_19' title="bbox 249 892 1039 927">
     <span class='ocr_line' id='line_1_19' title="bbox 249 892 1039 927; baseline 0.003 -9"><span class='ocrx_word' id='word_1_106' title='bbox 249 892 348 926; x_wconf 85' lang='lat' dir='ltr'><strong>pletus,</strong></span> <span class='ocrx_word' id='word_1_107' title='bbox 376 897 468 919; x_wconf 87' lang='lat' dir='ltr'><strong>rectus</strong></span> <span class='ocrx_word' id='word_1_108' title='bbox 493 892 519 920; x_wconf 91' lang='lat' dir='ltr'><strong>in</strong></span> <span class='ocrx_word' id='word_1_109' title='bbox 545 893 626 927; x_wconf 87' lang='lat' dir='ltr'><strong>pedes</strong></span> <span class='ocrx_word' id='word_1_110' title='bbox 650 893 734 924; x_wconf 81' lang='lat' dir='ltr'><strong>stetit,</strong></span> <span class='ocrx_word' id='word_1_111' title='bbox 761 898 835 920; x_wconf 89' lang='lat' dir='ltr'><strong>tanta</strong></span> <span class='ocrx_word' id='word_1_112' title='bbox 867 893 1039 926; x_wconf 84' lang='lat' dir='ltr'><strong>remissione,</strong></span> 
     </span>
    </p>
   </div>
   <div class='ocr_carea' id='block_1_20' title="bbox 248 926 1078 974">
    <p class='ocr_par' dir='ltr' id='par_1_20' title="bbox 248 926 1078 974">
     <span class='ocr_line' id='line_1_20' title="bbox 248 926 1078 974; baseline 0.001 -9"><span class='ocrx_word' id='word_1_113' title='bbox 248 943 325 965; x_wconf 88' lang='lat' dir='ltr'><strong>tanto</strong></span> <span class='ocrx_word' id='word_1_114' title='bbox 343 938 452 969; x_wconf 89' lang='lat' dir='ltr'><strong>robore,</strong></span> <span class='ocrx_word' id='word_1_115' title='bbox 469 946 500 966; x_wconf 91' lang='lat' dir='ltr'><strong>ac</strong></span> <span class='ocrx_word' id='word_1_116' title='bbox 512 939 534 966; x_wconf 90' lang='lat' dir='ltr'><strong>si</strong></span> <span class='ocrx_word' id='word_1_117' title='bbox 559 946 593 966; x_wconf 87' lang='lat' dir='ltr'><strong>ne</strong></span> <span class='ocrx_word' id='word_1_118' title='bbox 607 939 692 966; x_wconf 89' lang='lat' dir='ltr'><strong>ullum</strong></span> <span class='ocrx_word' id='word_1_119' title='bbox 710 939 819 974; x_wconf 84' lang='lat' dir='ltr'><strong>quidem</strong></span> <span class='ocrx_word' id='word_1_120' title='bbox 840 943 1039 966; x_wconf 83' lang='lat' dir='ltr'><strong>tormentorum</strong></span> <span class='ocrx_word' id='word_1_121' title='bbox 1058 926 1078 954; x_wconf 66' lang='grc' dir='ltr'><strong><em>Β</em></strong></span> 
     </span>
    </p>
   </div>
   <div class='ocr_carea' id='block_1_21' title="bbox 250 985 542 1019">
    <p class='ocr_par' dir='ltr' id='par_1_21' title="bbox 250 985 542 1019">
     <span class='ocr_line' id='line_1_21' title="bbox 250 985 542 1019; baseline 0.007 -9"><span class='ocrx_word' id='word_1_122' title='bbox 250 985 400 1019; x_wconf 78' lang='lat' dir='ltr'><strong>periculum</strong></span> <span class='ocrx_word' id='word_1_123' title='bbox 423 985 542 1012; x_wconf 85' lang='lat' dir='ltr'><strong>iecisset.</strong></span> 
     </span>
    </p>
   </div>
   <div class='ocr_carea' id='block_1_22' title="bbox 286 1030 1039 1067">
    <p class='ocr_par' dir='ltr' id='par_1_22' title="bbox 286 1030 1039 1067">
     <span class='ocr_line' id='line_1_22' title="bbox 286 1030 1039 1067; baseline 0.001 -10"><span class='ocrx_word' id='word_1_124' title='bbox 286 1031 331 1057; x_wconf 83' lang='lat' dir='ltr'><strong>l9.</strong></span> <span class='ocrx_word' id='word_1_125' title='bbox 350 1030 447 1057; x_wconf 84' lang='lat' dir='ltr'><strong>Statim</strong></span> <span class='ocrx_word' id='word_1_126' title='bbox 463 1039 527 1058; x_wconf 89' lang='lat' dir='ltr'><strong>vero</strong></span> <span class='ocrx_word' id='word_1_127' title='bbox 539 1031 581 1058; x_wconf 91' lang='lat' dir='ltr'><strong>vir</strong></span> <span class='ocrx_word' id='word_1_128' title='bbox 601 1031 708 1064; x_wconf 84' lang='lat' dir='ltr'><strong>beatus,</strong></span> <span class='ocrx_word' id='word_1_129' title='bbox 724 1030 793 1059; x_wconf 75' lang='lat' dir='ltr'><strong>ﬂexo</strong></span> <span class='ocrx_word' id='word_1_130' title='bbox 809 1031 842 1058; x_wconf 90' lang='lat' dir='ltr'><strong>ad</strong></span> <span class='ocrx_word' id='word_1_131' title='bbox 857 1030 941 1058; x_wconf 87' lang='lat' dir='ltr'><strong>Deum</strong></span> <span class='ocrx_word' id='word_1_132' title='bbox 957 1039 1039 1067; x_wconf 78' lang='lat' dir='ltr'><strong>genu,</strong></span> 
     </span>
    </p>
   </div>
   <div class='ocr_carea' id='block_1_23' title="bbox 250 1076 1041 1111">
    <p class='ocr_par' dir='ltr' id='par_1_23' title="bbox 250 1076 1041 1111">
     <span class='ocr_line' id='line_1_23' title="bbox 250 1076 1041 1111; baseline 0 -7"><span class='ocrx_word' id='word_1_133' title='bbox 250 1083 282 1104; x_wconf 84' lang='lat' dir='ltr'><strong>ac</strong></span> <span class='ocrx_word' id='word_1_134' title='bbox 299 1084 382 1111; x_wconf 90' lang='lat' dir='ltr'><strong>puras</strong></span> <span class='ocrx_word' id='word_1_135' title='bbox 403 1076 429 1103; x_wconf 95' lang='lat' dir='ltr'><strong>in</strong></span> <span class='ocrx_word' id='word_1_136' title='bbox 457 1077 557 1104; x_wconf 72' lang='lat' dir='ltr'><strong>cadum</strong></span> <span class='ocrx_word' id='word_1_137' title='bbox 573 1085 671 1104; x_wconf 88' lang='lat' dir='ltr'><strong>manus</strong></span> <span class='ocrx_word' id='word_1_138' title='bbox 684 1077 789 1109; x_wconf 82' lang='lat' dir='ltr'><strong>levans,</strong></span> <span class='ocrx_word' id='word_1_139' title='bbox 806 1077 890 1104; x_wconf 90' lang='lat' dir='ltr'><strong>animi</strong></span> <span class='ocrx_word' id='word_1_140' title='bbox 921 1077 1041 1104; x_wconf 80' lang='lat' dir='ltr'><strong>exsulta-</strong></span> 
     </span>
    </p>
   </div>
   <div class='ocr_carea' id='block_1_24' title="bbox 250 1122 1037 1158">
    <p class='ocr_par' dir='ltr' id='par_1_24' title="bbox 250 1122 1037 1158">
     <span class='ocr_line' id='line_1_24' title="bbox 250 1122 1037 1158; baseline 0.001 -8"><span class='ocrx_word' id='word_1_141' title='bbox 250 1122 325 1150; x_wconf 89' lang='lat' dir='ltr'><strong>tione</strong></span> <span class='ocrx_word' id='word_1_142' title='bbox 345 1123 528 1157; x_wconf 85' lang='lat' dir='ltr'><strong>dulcibusqne</strong></span> <span class='ocrx_word' id='word_1_143' title='bbox 543 1123 682 1158; x_wconf 87' lang='lat' dir='ltr'><strong>lacrymis,</strong></span> <span class='ocrx_word' id='word_1_144' title='bbox 706 1122 821 1150; x_wconf 83' lang='lat' dir='ltr'><strong>Domino</strong></span> <span class='ocrx_word' id='word_1_145' title='bbox 836 1124 1019 1151; x_wconf 78' lang='lat' dir='ltr'><strong>conﬁtebatur</strong></span> <span class='ocrx_word' id='word_1_146' title='bbox 1029 1143 1037 1156; x_wconf 93' lang='lat'><strong>,</strong></span> 
     </span>
    </p>
   </div>
   <div class='ocr_carea' id='block_1_25' title="bbox 250 1168 1032 1204">
    <p class='ocr_par' dir='ltr' id='par_1_25' title="bbox 250 1168 1032 1204">
     <span class='ocr_line' id='line_1_25' title="bbox 250 1168 1032 1204; baseline 0.003 -10"><span class='ocrx_word' id='word_1_147' title='bbox 250 1168 333 1195; x_wconf 82' lang='lat' dir='ltr'><strong>etiam</strong></span> <span class='ocrx_word' id='word_1_148' title='bbox 347 1173 429 1203; x_wconf 89' lang='lat' dir='ltr'><strong>atque</strong></span> <span class='ocrx_word' id='word_1_149' title='bbox 443 1168 525 1195; x_wconf 83' lang='lat' dir='ltr'><strong>etiam</strong></span> <span class='ocrx_word' id='word_1_150' title='bbox 542 1168 647 1202; x_wconf 76' lang='lat' dir='ltr'><strong>gratias</strong></span> <span class='ocrx_word' id='word_1_151' title='bbox 662 1176 758 1204; x_wconf 69' lang='lat' dir='ltr'><strong>agens,</strong></span> <span class='ocrx_word' id='word_1_152' title='bbox 785 1169 846 1203; x_wconf 86' lang='lat' dir='ltr'><strong>ejus</strong></span> <span class='ocrx_word' id='word_1_153' title='bbox 871 1170 1032 1196; x_wconf 65' lang='lat' dir='ltr'><strong>constantiae</strong></span> 
     </span>
    </p>
   </div>
   <div class='ocr_carea' id='block_1_26' title="bbox 249 1214 1040 1249">
    <p class='ocr_par' dir='ltr' id='par_1_26' title="bbox 249 1214 1040 1249">
     <span class='ocr_line' id='line_1_26' title="bbox 249 1214 1040 1249; baseline 0.001 -8"><span class='ocrx_word' id='word_1_154' title='bbox 249 1214 372 1246; x_wconf 85' lang='lat' dir='ltr'><strong>nomine,</strong></span> <span class='ocrx_word' id='word_1_155' title='bbox 393 1215 473 1248; x_wconf 87' lang='lat' dir='ltr'><strong>cujus</strong></span> <span class='ocrx_word' id='word_1_156' title='bbox 487 1215 520 1241; x_wconf 75' lang='lat' dir='ltr'><strong>all</strong></span> <span class='ocrx_word' id='word_1_157' title='bbox 535 1222 595 1242; x_wconf 89' lang='lat' dir='ltr'><strong>eam</strong></span> <span class='ocrx_word' id='word_1_158' title='bbox 610 1222 696 1249; x_wconf 85' lang='lat' dir='ltr'><strong>usque</strong></span> <span class='ocrx_word' id='word_1_159' title='bbox 717 1215 813 1242; x_wconf 80' lang='lat' dir='ltr'><strong>horam</strong></span> <span class='ocrx_word' id='word_1_160' title='bbox 830 1215 968 1249; x_wconf 87' lang='lat' dir='ltr'><strong>specimen</strong></span> <span class='ocrx_word' id='word_1_161' title='bbox 992 1224 1040 1242; x_wconf 78' lang='lat' dir='ltr'><strong>ex-</strong></span> 
     </span>
    </p>
   </div>
   <div class='ocr_carea' id='block_1_27' title="bbox 253 1258 1039 1294">
    <p class='ocr_par' dir='ltr' id='par_1_27' title="bbox 253 1258 1039 1294">
     <span class='ocr_line' id='line_1_27' title="bbox 253 1258 1039 1294; baseline 0.003 -10"><span class='ocrx_word' id='word_1_162' title='bbox 253 1258 406 1290; x_wconf 80' lang='lat' dir='ltr'><strong>hibuisset;</strong></span> <span class='ocrx_word' id='word_1_163' title='bbox 435 1267 536 1293; x_wconf 83' lang='lat' dir='ltr'><strong>rogans</strong></span> <span class='ocrx_word' id='word_1_164' title='bbox 564 1263 592 1286; x_wconf 90' lang='lat' dir='ltr'><strong>ut</strong></span> <span class='ocrx_word' id='word_1_165' title='bbox 617 1259 644 1286; x_wconf 92' lang='lat' dir='ltr'><strong>in</strong></span> <span class='ocrx_word' id='word_1_166' title='bbox 669 1267 700 1286; x_wconf 82' lang='lat' dir='ltr'><strong>ea</strong></span> <span class='ocrx_word' id='word_1_167' title='bbox 725 1260 900 1287; x_wconf 78' lang='lat' dir='ltr'><strong>confessione</strong></span> <span class='ocrx_word' id='word_1_168' title='bbox 924 1267 1039 1294; x_wconf 80' lang='lat' dir='ltr'><strong>agonem</strong></span> 
     </span>
    </p>
   </div>
   <div class='ocr_carea' id='block_1_28' title="bbox 249 1305 1041 1341">
    <p class='ocr_par' dir='ltr' id='par_1_28' title="bbox 249 1305 1041 1341">
     <span class='ocr_line' id='line_1_28' title="bbox 249 1305 1041 1341; baseline 0 -10"><span class='ocrx_word' id='word_1_169' title='bbox 249 1309 476 1337; x_wconf 70' lang='lat' dir='ltr'><strong>consummaret;</strong></span> <span class='ocrx_word' id='word_1_170' title='bbox 510 1305 674 1340; x_wconf 85' lang='lat' dir='ltr'><strong>animusque</strong></span> <span class='ocrx_word' id='word_1_171' title='bbox 700 1305 846 1340; x_wconf 82' lang='lat' dir='ltr'><strong>repositam</strong></span> <span class='ocrx_word' id='word_1_172' title='bbox 876 1305 1041 1341; x_wconf 77' lang='lat' dir='ltr'><strong>martyribus</strong></span> 
     </span>
    </p>
   </div>
   <div class='ocr_carea' id='block_1_29' title="bbox 249 1350 1041 1384">
    <p class='ocr_par' dir='ltr' id='par_1_29' title="bbox 249 1350 1041 1384">
     <span class='ocr_line' id='line_1_29' title="bbox 249 1350 1041 1384; baseline 0.001 -7"><span class='ocrx_word' id='word_1_173' title='bbox 249 1350 371 1384; x_wconf 80' lang='lat' dir='ltr'><strong>requiem</strong></span> <span class='ocrx_word' id='word_1_174' title='bbox 389 1355 613 1384; x_wconf 81' lang='lat' dir='ltr'><strong>consequeretur,</strong></span> <span class='ocrx_word' id='word_1_175' title='bbox 635 1358 686 1378; x_wconf 86' lang='lat' dir='ltr'><strong>nec</strong></span> <span class='ocrx_word' id='word_1_176' title='bbox 700 1351 894 1384; x_wconf 74' lang='lat' dir='ltr'><strong>corpusculum</strong></span> <span class='ocrx_word' id='word_1_177' title='bbox 910 1350 1041 1378; x_wconf 74' lang='lat' dir='ltr'><strong>aerumnis</strong></span> 
     </span>
    </p>
   </div>
   <div class='ocr_carea' id='block_1_30' title="bbox 249 1395 1039 1430">
    <p class='ocr_par' dir='ltr' id='par_1_30' title="bbox 249 1395 1039 1430">
     <span class='ocr_line' id='line_1_30' title="bbox 249 1395 1039 1430; baseline 0 -8"><span class='ocrx_word' id='word_1_178' title='bbox 249 1395 344 1423; x_wconf 92' lang='lat' dir='ltr'><strong>multis</strong></span> <span class='ocrx_word' id='word_1_179' title='bbox 363 1403 395 1423; x_wconf 89' lang='lat' dir='ltr'><strong>ac</strong></span> <span class='ocrx_word' id='word_1_180' title='bbox 423 1395 567 1423; x_wconf 85' lang='lat' dir='ltr'><strong>laboribus</strong></span> <span class='ocrx_word' id='word_1_181' title='bbox 603 1396 803 1430; x_wconf 88' lang='lat' dir='ltr'><strong>tormentisque</strong></span> <span class='ocrx_word' id='word_1_182' title='bbox 835 1400 1039 1430; x_wconf 88' lang='lat' dir='ltr'><strong>consumpttnn,</strong></span> 
     </span>
    </p>
   </div>
   <div class='ocr_carea' id='block_1_31' title="bbox 249 1440 1041 1475">
    <p class='ocr_par' dir='ltr' id='par_1_31' title="bbox 249 1440 1041 1475">
     <span class='ocr_line' id='line_1_31' title="bbox 249 1440 1041 1475; baseline -0.001 -7"><span class='ocrx_word' id='word_1_183' title='bbox 249 1440 367 1468; x_wconf 85' lang='lat' dir='ltr'><strong>hom-sto</strong></span> <span class='ocrx_word' id='word_1_184' title='bbox 376 1441 409 1467; x_wconf 88' lang='lat' dir='ltr'><strong>ad</strong></span> <span class='ocrx_word' id='word_1_185' title='bbox 427 1441 624 1475; x_wconf 88' lang='lat' dir='ltr'><strong>quiescendum</strong></span> <span class='ocrx_word' id='word_1_186' title='bbox 641 1441 700 1468; x_wconf 87' lang='lat' dir='ltr'><strong>loco</strong></span> <span class='ocrx_word' id='word_1_187' title='bbox 715 1441 918 1469; x_wconf 88' lang='lat' dir='ltr'><strong>destitueretur:</strong></span> <span class='ocrx_word' id='word_1_188' title='bbox 931 1449 963 1468; x_wconf 91' lang='lat' dir='ltr'><strong>ac</strong></span> <span class='ocrx_word' id='word_1_189' title='bbox 978 1449 1041 1468; x_wconf 89' lang='lat' dir='ltr'><strong>vero</strong></span> 
     </span>
    </p>
   </div>
   <div class='ocr_carea' id='block_1_32' title="bbox 248 1486 1041 1521">
    <p class='ocr_par' dir='ltr' id='par_1_32' title="bbox 248 1486 1041 1521">
     <span class='ocr_line' id='line_1_32' title="bbox 248 1486 1041 1521; baseline 0 -8"><span class='ocrx_word' id='word_1_190' title='bbox 248 1486 401 1513; x_wconf 81' lang='lat' dir='ltr'><strong>custodiam</strong></span> <span class='ocrx_word' id='word_1_191' title='bbox 426 1494 458 1513; x_wconf 87' lang='lat' dir='ltr'><strong>ac</strong></span> <span class='ocrx_word' id='word_1_192' title='bbox 490 1487 650 1521; x_wconf 69' lang='lat' dir='ltr'><strong>przesidium</strong></span> <span class='ocrx_word' id='word_1_193' title='bbox 682 1487 709 1514; x_wconf 94' lang='lat' dir='ltr'><strong>in</strong></span> <span class='ocrx_word' id='word_1_194' title='bbox 735 1494 822 1513; x_wconf 71' lang='lat' dir='ltr'><strong>aevum</strong></span> <span class='ocrx_word' id='word_1_195' title='bbox 855 1486 957 1514; x_wconf 77' lang='lat' dir='ltr'><strong>civitati</strong></span> <span class='ocrx_word' id='word_1_196' title='bbox 983 1486 1041 1514; x_wconf 87' lang='lat' dir='ltr'><strong>l&#39;ore</strong></span> 
     </span>
    </p>
   </div>
   <div class='ocr_carea' id='block_1_33' title="bbox 250 1532 1039 1567">
    <p class='ocr_par' dir='ltr' id='par_1_33' title="bbox 250 1532 1039 1567">
     <span class='ocr_line' id='line_1_33' title="bbox 250 1532 1039 1567; baseline 0.001 -9"><span class='ocrx_word' id='word_1_197' title='bbox 250 1536 374 1566; x_wconf 87' lang='lat' dir='ltr'><strong>precatus</strong></span> <span class='ocrx_word' id='word_1_198' title='bbox 389 1536 441 1563; x_wconf 85' lang='lat' dir='ltr'><strong>est,</strong></span> <span class='ocrx_word' id='word_1_199' title='bbox 459 1532 549 1560; x_wconf 81' lang='lat' dir='ltr'><strong>munis</strong></span> <span class='ocrx_word' id='word_1_200' title='bbox 568 1533 676 1567; x_wconf 72' lang='lat' dir='ltr'><strong>generis</strong></span> <span class='ocrx_word' id='word_1_201' title='bbox 692 1532 852 1559; x_wconf 88' lang='lat' dir='ltr'><strong>morborum</strong></span> <span class='ocrx_word' id='word_1_202' title='bbox 877 1536 1039 1567; x_wconf 67' lang='lat' dir='ltr'><strong>pra&#39;scntcm</strong></span> 
     </span>
    </p>
   </div>
   <div class='ocr_carea' id='block_1_34' title="bbox 249 1578 1074 1624">
    <p class='ocr_par' dir='ltr' id='par_1_34' title="bbox 249 1578 1074 1624">
     <span class='ocr_line' id='line_1_34' title="bbox 249 1578 1074 1624; baseline 0.002 -20"><span class='ocrx_word' id='word_1_203' title='bbox 249 1578 426 1611; x_wconf 84' lang='lat' dir='ltr'><strong>medicinam,</strong></span> <span class='ocrx_word' id='word_1_204' title='bbox 445 1579 624 1613; x_wconf 87' lang='lat' dir='ltr'><strong>omniurnqne</strong></span> <span class='ocrx_word' id='word_1_205' title='bbox 639 1579 732 1613; x_wconf 88' lang='lat' dir='ltr'><strong>procul</strong></span> <span class='ocrx_word' id='word_1_206' title='bbox 748 1579 883 1606; x_wconf 89' lang='lat' dir='ltr'><strong>malorum</strong></span> <span class='ocrx_word' id='word_1_207' title='bbox 900 1587 1036 1606; x_wconf 88' lang='lat' dir='ltr'><strong>averrun-</strong></span> <span class='ocrx_word' id='word_1_208' title='bbox 1052 1594 1074 1624; x_wconf 67' lang='grc' dir='ltr'>ο</span> 
     </span>
    </p>
   </div>
   <div class='ocr_carea' id='block_1_35' title="bbox 248 1621 1038 1658">
    <p class='ocr_par' dir='ltr' id='par_1_35' title="bbox 248 1621 1038 1658">
     <span class='ocr_line' id='line_1_35' title="bbox 248 1621 1038 1658; baseline 0.003 -9"><span class='ocrx_word' id='word_1_209' title='bbox 248 1623 395 1650; x_wconf 81' lang='lat' dir='ltr'><strong>cationcm.</strong></span> <span class='ocrx_word' id='word_1_210' title='bbox 420 1621 560 1658; x_wconf 87' lang='lat' dir='ltr'><strong>lmpielate</strong></span> <span class='ocrx_word' id='word_1_211' title='bbox 577 1622 604 1650; x_wconf 92' lang='lat' dir='ltr'><strong>in</strong></span> <span class='ocrx_word' id='word_1_212' title='bbox 630 1622 716 1650; x_wconf 88' lang='lat' dir='ltr'><strong>Deum</strong></span> <span class='ocrx_word' id='word_1_213' title='bbox 743 1622 942 1655; x_wconf 83' lang='lat' dir='ltr'><strong>laborantibus,</strong></span> <span class='ocrx_word' id='word_1_214' title='bbox 963 1623 1038 1651; x_wconf 86' lang='lat' dir='ltr'><strong>salu-</strong></span> 
     </span>
    </p>
   </div>
   <div class='ocr_carea' id='block_1_36' title="bbox 249 1668 1037 1704">
    <p class='ocr_par' dir='ltr' id='par_1_36' title="bbox 249 1668 1037 1704">
     <span class='ocr_line' id='line_1_36' title="bbox 249 1668 1037 1704; baseline 0.001 -8"><span class='ocrx_word' id='word_1_215' title='bbox 249 1671 315 1698; x_wconf 78' lang='lat' dir='ltr'><strong>tem,</strong></span> <span class='ocrx_word' id='word_1_216' title='bbox 329 1675 390 1702; x_wconf 80' lang='lat' dir='ltr'><strong>qua:</strong></span> <span class='ocrx_word' id='word_1_217' title='bbox 403 1675 450 1702; x_wconf 85' lang='lat' dir='ltr'><strong>per</strong></span> <span class='ocrx_word' id='word_1_218' title='bbox 467 1668 548 1697; x_wconf 82' lang='lat' dir='ltr'><strong>iidem</strong></span> <span class='ocrx_word' id='word_1_219' title='bbox 572 1674 624 1701; x_wconf 88' lang='lat' dir='ltr'><strong>est,</strong></span> <span class='ocrx_word' id='word_1_220' title='bbox 645 1668 715 1696; x_wconf 86' lang='lat' dir='ltr'><strong>votis</strong></span> <span class='ocrx_word' id='word_1_221' title='bbox 737 1669 920 1703; x_wconf 86' lang='lat' dir='ltr'><strong>deprecatur;</strong></span> <span class='ocrx_word' id='word_1_222' title='bbox 939 1677 1037 1704; x_wconf 87' lang='lat' dir='ltr'><strong>pecca-</strong></span> 
     </span>
    </p>
   </div>
   <div class='ocr_carea' id='block_1_37' title="bbox 250 1712 1037 1748">
    <p class='ocr_par' dir='ltr' id='par_1_37' title="bbox 250 1712 1037 1748">
     <span class='ocr_line' id='line_1_37' title="bbox 250 1712 1037 1748; baseline 0.001 -9"><span class='ocrx_word' id='word_1_223' title='bbox 250 1712 368 1744; x_wconf 87' lang='lat' dir='ltr'><strong>toribus,</strong></span> <span class='ocrx_word' id='word_1_224' title='bbox 387 1716 417 1739; x_wconf 90' lang='lat' dir='ltr'><strong>ut</strong></span> <span class='ocrx_word' id='word_1_225' title='bbox 433 1713 596 1747; x_wconf 64' lang='lat' dir='ltr'><strong>paenitentia</strong></span> <span class='ocrx_word' id='word_1_226' title='bbox 622 1717 842 1742; x_wconf 83' lang='lat' dir='ltr'><strong>convertantur:</strong></span> <span class='ocrx_word' id='word_1_227' title='bbox 869 1713 1037 1748; x_wconf 83' lang='lat' dir='ltr'><strong>magistrati-</strong></span> 
     </span>
    </p>
   </div>
   <div class='ocr_carea' id='block_1_38' title="bbox 247 1757 1035 1803">
    <p class='ocr_par' dir='ltr' id='par_1_38' title="bbox 247 1757 1035 1803">
     <span class='ocr_line' id='line_1_38' title="bbox 247 1757 1035 1803; baseline 0 -18"><span class='ocrx_word' id='word_1_228' title='bbox 247 1757 310 1790; x_wconf 77' lang='lat' dir='ltr'><strong>bus,</strong></span> <span class='ocrx_word' id='word_1_229' title='bbox 324 1761 354 1785; x_wconf 92' lang='lat' dir='ltr'><strong>ut</strong></span> <span class='ocrx_word' id='word_1_230' title='bbox 364 1758 499 1793; x_wconf 80' lang='lat' dir='ltr'><strong>justitiam</strong></span> <span class='ocrx_word' id='word_1_231' title='bbox 514 1763 636 1792; x_wconf 82' lang='lat' dir='ltr'><strong>teneant;</strong></span> <span class='ocrx_word' id='word_1_232' title='bbox 652 1758 782 1791; x_wconf 84' lang='lat' dir='ltr'><strong>subditis,</strong></span> <span class='ocrx_word' id='word_1_233' title='bbox 795 1764 824 1788; x_wconf 91' lang='lat' dir='ltr'><strong>ut</strong></span> <span class='ocrx_word' id='word_1_234' title='bbox 837 1758 1035 1803; x_wconf 62' lang='lat' dir='ltr'><strong>obedientiam;</strong></span> 
     </span>
    </p>
   </div>
   <div class='ocr_carea' id='block_1_39' title="bbox 248 1804 1034 1840">
    <p class='ocr_par' dir='ltr' id='par_1_39' title="bbox 248 1804 1034 1840">
     <span class='ocr_line' id='line_1_39' title="bbox 248 1804 1034 1840; baseline 0.001 -9"><span class='ocrx_word' id='word_1_235' title='bbox 248 1804 400 1836; x_wconf 88' lang='lat' dir='ltr'><strong>divitibus,</strong></span> <span class='ocrx_word' id='word_1_236' title='bbox 427 1809 457 1832; x_wconf 91' lang='lat' dir='ltr'><strong>ut</strong></span> <span class='ocrx_word' id='word_1_237' title='bbox 483 1812 637 1840; x_wconf 85' lang='lat' dir='ltr'><strong>propensos</strong></span> <span class='ocrx_word' id='word_1_238' title='bbox 664 1805 691 1832; x_wconf 93' lang='lat' dir='ltr'><strong>in</strong></span> <span class='ocrx_word' id='word_1_239' title='bbox 720 1806 922 1840; x_wconf 82' lang='lat' dir='ltr'><strong>eleemosynam</strong></span> <span class='ocrx_word' id='word_1_240' title='bbox 945 1812 1034 1832; x_wconf 76' lang='lat' dir='ltr'><strong>mores</strong></span> 
     </span>
    </p>
   </div>
   <div class='ocr_carea' id='block_1_40' title="bbox 249 1849 1034 1884">
    <p class='ocr_par' dir='ltr' id='par_1_40' title="bbox 249 1849 1034 1884">
     <span class='ocr_line' id='line_1_40' title="bbox 249 1849 1034 1884; baseline 0 -8"><span class='ocrx_word' id='word_1_241' title='bbox 249 1849 368 1876; x_wconf 87' lang='lat' dir='ltr'><strong>habeant</strong></span> <span class='ocrx_word' id='word_1_242' title='bbox 386 1857 392 1875; x_wconf 89' lang='lat'><strong>:</strong></span> <span class='ocrx_word' id='word_1_243' title='bbox 410 1849 587 1884; x_wconf 86' lang='lat' dir='ltr'><strong>pauperibus,</strong></span> <span class='ocrx_word' id='word_1_244' title='bbox 620 1855 649 1876; x_wconf 92' lang='lat' dir='ltr'><strong>ut</strong></span> <span class='ocrx_word' id='word_1_245' title='bbox 679 1849 839 1884; x_wconf 83' lang='lat' dir='ltr'><strong>patientiam</strong></span> <span class='ocrx_word' id='word_1_246' title='bbox 862 1854 974 1876; x_wconf 85' lang='lat' dir='ltr'><strong>servent</strong></span> <span class='ocrx_word' id='word_1_247' title='bbox 1001 1856 1034 1876; x_wconf 89' lang='lat' dir='ltr'><strong>ac</strong></span> 
     </span>
    </p>
   </div>
   <div class='ocr_carea' id='block_1_41' title="bbox 247 1894 1036 1930">
    <p class='ocr_par' dir='ltr' id='par_1_41' title="bbox 247 1894 1036 1930">
     <span class='ocr_line' id='line_1_41' title="bbox 247 1894 1036 1930; baseline 0.001 -10"><span class='ocrx_word' id='word_1_248' title='bbox 247 1894 440 1922; x_wconf 79' lang='lat' dir='ltr'><strong>sustinentiam</strong></span> <span class='ocrx_word' id='word_1_249' title='bbox 453 1902 460 1927; x_wconf 85' lang='grc'>;</span> <span class='ocrx_word' id='word_1_250' title='bbox 474 1894 658 1929; x_wconf 77' lang='lat' dir='ltr'><strong>gaudentibus</strong></span> <span class='ocrx_word' id='word_1_251' title='bbox 669 1914 677 1927; x_wconf 97' lang='lat'><strong>,</strong></span> <span class='ocrx_word' id='word_1_252' title='bbox 705 1899 734 1922; x_wconf 93' lang='lat' dir='ltr'><strong>ut</strong></span> <span class='ocrx_word' id='word_1_253' title='bbox 758 1894 859 1930; x_wconf 79' lang='lat' dir='ltr'><strong>gratias</strong></span> <span class='ocrx_word' id='word_1_254' title='bbox 875 1899 975 1930; x_wconf 73' lang='lat' dir='ltr'><strong>agant;</strong></span> <span class='ocrx_word' id='word_1_255' title='bbox 993 1895 1036 1925; x_wconf 74' lang='lat' dir='ltr'><strong>his</strong></span> 
     </span>
    </p>
   </div>
   <div class='ocr_carea' id='block_1_42' title="bbox 246 1941 1036 1976">
    <p class='ocr_par' dir='ltr' id='par_1_42' title="bbox 246 1941 1036 1976">
     <span class='ocr_line' id='line_1_42' title="bbox 246 1941 1036 1976; baseline 0.003 -8"><span class='ocrx_word' id='word_1_256' title='bbox 246 1941 292 1976; x_wconf 91' lang='lat' dir='ltr'><strong>qui</strong></span> <span class='ocrx_word' id='word_1_257' title='bbox 306 1941 333 1968; x_wconf 93' lang='lat' dir='ltr'><strong>in</strong></span> <span class='ocrx_word' id='word_1_258' title='bbox 351 1948 473 1968; x_wconf 71' lang='lat' dir='ltr'><strong>:erumna</strong></span> <span class='ocrx_word' id='word_1_259' title='bbox 486 1946 561 1973; x_wconf 90' lang='lat' dir='ltr'><strong>sunt,</strong></span> <span class='ocrx_word' id='word_1_260' title='bbox 578 1946 608 1969; x_wconf 89' lang='lat' dir='ltr'><strong>ut</strong></span> <span class='ocrx_word' id='word_1_261' title='bbox 620 1941 745 1970; x_wconf 86' lang='lat' dir='ltr'><strong>levamen</strong></span> <span class='ocrx_word' id='word_1_262' title='bbox 773 1950 805 1970; x_wconf 85' lang='lat' dir='ltr'><strong>ac</strong></span> <span class='ocrx_word' id='word_1_263' title='bbox 818 1943 1036 1971; x_wconf 87' lang='lat' dir='ltr'><strong>consolationem</strong></span> 
     </span>
    </p>
   </div>
   <div class='ocr_carea' id='block_1_43' title="bbox 246 1987 1038 2024">
    <p class='ocr_par' dir='ltr' id='par_1_43' title="bbox 246 1987 1038 2024">
     <span class='ocr_line' id='line_1_43' title="bbox 246 1987 1038 2024; baseline 0.004 -11"><span class='ocrx_word' id='word_1_264' title='bbox 246 1987 405 2021; x_wconf 83' lang='lat' dir='ltr'><strong>obtineant;</strong></span> <span class='ocrx_word' id='word_1_265' title='bbox 422 1987 625 2022; x_wconf 67' lang='lat' dir='ltr'><strong>navigantibus,</strong></span> <span class='ocrx_word' id='word_1_266' title='bbox 640 1992 670 2015; x_wconf 91' lang='lat' dir='ltr'><strong>ut</strong></span> <span class='ocrx_word' id='word_1_267' title='bbox 686 1988 757 2016; x_wconf 82' lang='lat' dir='ltr'><strong>felici</strong></span> <span class='ocrx_word' id='word_1_268' title='bbox 773 1989 948 2024; x_wconf 76' lang='lat' dir='ltr'><strong>navigatione</strong></span> <span class='ocrx_word' id='word_1_269' title='bbox 960 1995 1038 2016; x_wconf 89' lang='lat' dir='ltr'><strong>utan-</strong></span> 
     </span>
    </p>
   </div>
   <div class='ocr_carea' id='block_1_44' title="bbox 247 2031 1036 2066">
    <p class='ocr_par' dir='ltr' id='par_1_44' title="bbox 247 2031 1036 2066">
     <span class='ocr_line' id='line_1_44' title="bbox 247 2031 1036 2066; baseline 0.005 -8"><span class='ocrx_word' id='word_1_270' title='bbox 247 2036 318 2065; x_wconf 87' lang='lat' dir='ltr'><strong>tur;</strong></span> <span class='ocrx_word' id='word_1_271' title='bbox 337 2031 389 2059; x_wconf 88' lang='lat' dir='ltr'><strong>iter</strong></span> <span class='ocrx_word' id='word_1_272' title='bbox 413 2033 588 2066; x_wconf 85' lang='lat' dir='ltr'><strong>habentibus,</strong></span> <span class='ocrx_word' id='word_1_273' title='bbox 616 2037 646 2060; x_wconf 92' lang='lat' dir='ltr'><strong>ut</strong></span> <span class='ocrx_word' id='word_1_274' title='bbox 674 2033 726 2060; x_wconf 83' lang='lat' dir='ltr'><strong>iter</strong></span> <span class='ocrx_word' id='word_1_275' title='bbox 752 2033 841 2061; x_wconf 79' lang='lat' dir='ltr'><strong>fausto</strong></span> <span class='ocrx_word' id='word_1_276' title='bbox 867 2034 1036 2066; x_wconf 79' lang='lat' dir='ltr'><strong>conﬁciant;</strong></span> 
     </span>
    </p>
   </div>
   <div class='ocr_carea' id='block_1_45' title="bbox 246 2075 1036 2114">
    <p class='ocr_par' dir='ltr' id='par_1_45' title="bbox 246 2075 1036 2114">
     <span class='ocr_line' id='line_1_45' title="bbox 246 2075 1036 2114; baseline 0.005 -11"><span class='ocrx_word' id='word_1_277' title='bbox 246 2075 348 2111; x_wconf 88' lang='lat' dir='ltr'><strong>bisqui</strong></span> <span class='ocrx_word' id='word_1_278' title='bbox 374 2077 400 2103; x_wconf 92' lang='lat' dir='ltr'><strong>in</strong></span> <span class='ocrx_word' id='word_1_279' title='bbox 417 2076 487 2104; x_wconf 72' lang='lat' dir='ltr'><strong>bello</strong></span> <span class='ocrx_word' id='word_1_280' title='bbox 516 2083 670 2112; x_wconf 87' lang='lat' dir='ltr'><strong>versentur,</strong></span> <span class='ocrx_word' id='word_1_281' title='bbox 705 2079 825 2106; x_wconf 76' lang='lat' dir='ltr'><strong>victoria-</strong></span> <span class='ocrx_word' id='word_1_282' title='bbox 841 2083 961 2114; x_wconf 72' lang='lat' dir='ltr'><strong>tropaza;</strong></span> <span class='ocrx_word' id='word_1_283' title='bbox 989 2081 1036 2114; x_wconf 85' lang='lat' dir='ltr'><strong>qui</strong></span> 
     </span>
    </p>
   </div>
   <div class='ocr_carea' id='block_1_46' title="bbox 245 2121 1036 2160">
    <p class='ocr_par' dir='ltr' id='par_1_46' title="bbox 245 2121 1036 2160">
     <span class='ocr_line' id='line_1_46' title="bbox 245 2121 1036 2160; baseline 0.006 -12"><span class='ocrx_word' id='word_1_284' title='bbox 245 2121 363 2156; x_wconf 86' lang='lat' dir='ltr'><strong>denique</strong></span> <span class='ocrx_word' id='word_1_285' title='bbox 375 2122 400 2148; x_wconf 93' lang='lat' dir='ltr'><strong>in</strong></span> <span class='ocrx_word' id='word_1_286' title='bbox 418 2130 484 2157; x_wconf 84' lang='lat' dir='ltr'><strong>pace</strong></span> <span class='ocrx_word' id='word_1_287' title='bbox 505 2127 598 2158; x_wconf 79' lang='lat' dir='ltr'><strong>agant,</strong></span> <span class='ocrx_word' id='word_1_288' title='bbox 615 2128 645 2151; x_wconf 94' lang='lat' dir='ltr'><strong>ut</strong></span> <span class='ocrx_word' id='word_1_289' title='bbox 671 2131 780 2152; x_wconf 88' lang='lat' dir='ltr'><strong>onmem</strong></span> <span class='ocrx_word' id='word_1_290' title='bbox 809 2130 922 2152; x_wconf 88' lang='lat' dir='ltr'><strong>strenue</strong></span> <span class='ocrx_word' id='word_1_291' title='bbox 949 2127 1036 2160; x_wconf 85' lang='lat' dir='ltr'><strong>pieta-</strong></span> 
     </span>
    </p>
   </div>
   <div class='ocr_carea' id='block_1_47' title="bbox 245 2167 1037 2203">
    <p class='ocr_par' dir='ltr' id='par_1_47' title="bbox 245 2167 1037 2203">
     <span class='ocr_line' id='line_1_47' title="bbox 245 2167 1037 2203; baseline 0.008 -10"><span class='ocrx_word' id='word_1_292' title='bbox 245 2171 299 2194; x_wconf 87' lang='lat' dir='ltr'><strong>tem</strong></span> <span class='ocrx_word' id='word_1_293' title='bbox 315 2175 347 2195; x_wconf 89' lang='lat' dir='ltr'><strong>ac</strong></span> <span class='ocrx_word' id='word_1_294' title='bbox 357 2167 471 2202; x_wconf 83' lang='lat' dir='ltr'><strong>justitia:</strong></span> <span class='ocrx_word' id='word_1_295' title='bbox 488 2176 571 2203; x_wconf 86' lang='lat' dir='ltr'><strong>opera</strong></span> <span class='ocrx_word' id='word_1_296' title='bbox 587 2169 689 2196; x_wconf 65' lang='lat' dir='ltr'><strong>colunt.</strong></span> <span class='ocrx_word' id='word_1_297' title='bbox 715 2169 818 2196; x_wconf 75' lang='lat' dir='ltr'><strong>Christi</strong></span> <span class='ocrx_word' id='word_1_298' title='bbox 830 2170 930 2198; x_wconf 66' lang='lat' dir='ltr'><strong>aemula</strong></span> <span class='ocrx_word' id='word_1_299' title='bbox 958 2171 1037 2199; x_wconf 89' lang='lat' dir='ltr'><strong>boni-</strong></span> 
     </span>
    </p>
   </div>
   <div class='ocr_carea' id='block_1_48' title="bbox 245 2213 1034 2252">
    <p class='ocr_par' dir='ltr' id='par_1_48' title="bbox 245 2213 1034 2252">
     <span class='ocr_line' id='line_1_48' title="bbox 245 2213 1034 2252; baseline 0.006 -12"><span class='ocrx_word' id='word_1_300' title='bbox 245 2215 311 2245; x_wconf 83' lang='lat' dir='ltr'><strong>tate,</strong></span> <span class='ocrx_word' id='word_1_301' title='bbox 325 2214 431 2241; x_wconf 90' lang='lat' dir='ltr'><strong>cunctis</strong></span> <span class='ocrx_word' id='word_1_302' title='bbox 446 2213 514 2240; x_wconf 84' lang='lat' dir='ltr'><strong>bona</strong></span> <span class='ocrx_word' id='word_1_303' title='bbox 540 2222 572 2240; x_wconf 90' lang='lat' dir='ltr'><strong>ac</strong></span> <span class='ocrx_word' id='word_1_304' title='bbox 588 2214 666 2242; x_wconf 88' lang='lat' dir='ltr'><strong>utilia</strong></span> <span class='ocrx_word' id='word_1_305' title='bbox 694 2220 874 2250; x_wconf 76' lang='lat' dir='ltr'><strong>apprecatur,</strong></span> <span class='ocrx_word' id='word_1_306' title='bbox 893 2222 923 2244; x_wconf 91' lang='lat' dir='ltr'><strong>ut</strong></span> <span class='ocrx_word' id='word_1_307' title='bbox 945 2217 1034 2252; x_wconf 78' lang='lat' dir='ltr'><strong>perfo-</strong></span> 
     </span>
    </p>
   </div>
   <div class='ocr_carea' id='block_1_49' title="bbox 1097 303 1595 340">
    <p class='ocr_par' dir='ltr' id='par_1_49' title="bbox 1097 303 1595 340">
     <span class='ocr_line' id='line_1_49' title="bbox 1097 303 1595 340; baseline 0 -9"><span class='ocrx_word' id='word_1_308' title='bbox 1097 303 1180 339; x_wconf 79' lang='grc' dir='ltr'>θηρσὶ</span> <span class='ocrx_word' id='word_1_309' title='bbox 1194 304 1224 331; x_wconf 85' lang='grc' dir='ltr'>τὸ</span> <span class='ocrx_word' id='word_1_310' title='bbox 1245 304 1324 340; x_wconf 81' lang='grc' dir='ltr'>σῶμα</span> <span class='ocrx_word' id='word_1_311' title='bbox 1340 304 1485 331; x_wconf 78' lang='grc' dir='ltr'><strong>κατέλιπον</strong></span> <span class='ocrx_word' id='word_1_312' title='bbox 1501 303 1595 339; x_wconf 80' lang='grc' dir='ltr'>βοράν.</span> 
     </span>
    </p>
   </div>
   <div class='ocr_carea' id='block_1_50' title="bbox 1132 388 1886 426">
    <p class='ocr_par' dir='ltr' id='par_1_50' title="bbox 1132 388 1886 426">
     <span class='ocr_line' id='line_1_50' title="bbox 1132 388 1886 426; baseline -0.001 -8"><span class='ocrx_word' id='word_1_313' title='bbox 1132 391 1177 426; x_wconf 84' lang='grc' dir='ltr'>ιη’.</span> <span class='ocrx_word' id='word_1_314' title='bbox 1189 391 1222 418; x_wconf 89' lang='grc' dir='ltr'>Τί</span> <span class='ocrx_word' id='word_1_315' title='bbox 1232 389 1277 418; x_wconf 78' lang='grc' dir='ltr'>οὖν</span> <span class='ocrx_word' id='word_1_316' title='bbox 1289 392 1304 418; x_wconf 98' lang='lat'><strong>6</strong></span> <span class='ocrx_word' id='word_1_317' title='bbox 1316 391 1435 426; x_wconf 81' lang='grc' dir='ltr'>Κύριος;</span> <span class='ocrx_word' id='word_1_318' title='bbox 1449 388 1505 425; x_wconf 82' lang='grc' dir='ltr'><strong>ἆρά</strong></span> <span class='ocrx_word' id='word_1_319' title='bbox 1526 399 1558 425; x_wconf 84' lang='grc' dir='ltr'><strong>γε</strong></span> <span class='ocrx_word' id='word_1_320' title='bbox 1570 390 1617 417; x_wconf 81' lang='grc' dir='ltr'>τοῦ</span> <span class='ocrx_word' id='word_1_321' title='bbox 1638 390 1739 418; x_wconf 80' lang='grc' dir='ltr'><strong>οἰκείου</strong></span> <span class='ocrx_word' id='word_1_322' title='bbox 1753 390 1886 426; x_wconf 73' lang='grc' dir='ltr'>Θεράπονο</span> 
     </span>
    </p>
   </div>
   <div class='ocr_carea' id='block_1_51' title="bbox 1094 436 1886 472">
    <p class='ocr_par' dir='ltr' id='par_1_51' title="bbox 1094 436 1886 472">
     <span class='ocr_line' id='line_1_51' title="bbox 1094 436 1886 472; baseline -0.001 -8"><span class='ocrx_word' id='word_1_323' title='bbox 1094 446 1140 469; x_wconf 86' lang='grc' dir='ltr'><strong>τος</strong></span> <span class='ocrx_word' id='word_1_324' title='bbox 1153 437 1333 472; x_wconf 57' lang='grc' dir='ltr'>ἢμέλησεηῆ</span> <span class='ocrx_word' id='word_1_325' title='bbox 1350 436 1577 472; x_wconf 77' lang='grc' dir='ltr'>βιαθανατοῦντος</span> <span class='ocrx_word' id='word_1_326' title='bbox 1588 436 1689 472; x_wconf 84' lang='grc' dir='ltr'>τρόπον</span> <span class='ocrx_word' id='word_1_327' title='bbox 1701 436 1808 471; x_wconf 79' lang='grc' dir='ltr'>ἀφῆκεν</span> <span class='ocrx_word' id='word_1_328' title='bbox 1817 437 1886 463; x_wconf 81' lang='grc' dir='ltr'>ἀπο-</span> 
     </span>
    </p>
   </div>
   <div class='ocr_carea' id='block_1_52' title="bbox 1095 482 1886 518">
    <p class='ocr_par' dir='ltr' id='par_1_52' title="bbox 1095 482 1886 518">
     <span class='ocr_line' id='line_1_52' title="bbox 1095 482 1886 518; baseline -0.001 -9"><span class='ocrx_word' id='word_1_329' title='bbox 1095 483 1207 516; x_wconf 85' lang='grc' dir='ltr'>Θανεῖν;</span> <span class='ocrx_word' id='word_1_330' title='bbox 1229 482 1246 518; x_wconf 83' lang='grc' dir='ltr'>ἢ</span> <span class='ocrx_word' id='word_1_331' title='bbox 1267 483 1406 518; x_wconf 78' lang='grc' dir='ltr'><strong>κρυφαίας</strong></span> <span class='ocrx_word' id='word_1_332' title='bbox 1423 482 1471 509; x_wconf 71' lang='grc' dir='ltr'>καὶ</span> <span class='ocrx_word' id='word_1_333' title='bbox 1499 482 1594 518; x_wconf 80' lang='grc' dir='ltr'><strong>νοερᾶς</strong></span> <span class='ocrx_word' id='word_1_334' title='bbox 1620 482 1701 517; x_wconf 85' lang='grc' dir='ltr'>μόνον</span> <span class='ocrx_word' id='word_1_335' title='bbox 1725 482 1886 516; x_wconf 82' lang='grc' dir='ltr'><strong>ἐπιφανείας</strong></span> 
     </span>
    </p>
   </div>
   <div class='ocr_carea' id='block_1_53' title="bbox 1094 527 1887 563">
    <p class='ocr_par' dir='ltr' id='par_1_53' title="bbox 1094 527 1887 563">
     <span class='ocr_line' id='line_1_53' title="bbox 1094 527 1887 563; baseline 0 -9"><span class='ocrx_word' id='word_1_336' title='bbox 1094 528 1178 561; x_wconf 70' lang='grc' dir='ltr'>ἀξιοῖς</span> <span class='ocrx_word' id='word_1_337' title='bbox 1196 528 1344 562; x_wconf 85' lang='grc' dir='ltr'>Οὐδαμῶς·</span> <span class='ocrx_word' id='word_1_338' title='bbox 1360 528 1409 560; x_wconf 79' lang='grc' dir='ltr'>νὺξ</span> <span class='ocrx_word' id='word_1_339' title='bbox 1423 527 1451 554; x_wconf 69' lang='grc' dir='ltr'>δὲ</span> <span class='ocrx_word' id='word_1_340' title='bbox 1465 528 1528 563; x_wconf 73' lang='grc' dir='ltr'><strong>ἤδη,</strong></span> <span class='ocrx_word' id='word_1_341' title='bbox 1543 528 1592 554; x_wconf 74' lang='grc' dir='ltr'>καὶ</span> <span class='ocrx_word' id='word_1_342' title='bbox 1604 528 1679 563; x_wconf 77' lang='grc' dir='ltr'>ἥλιος</span> <span class='ocrx_word' id='word_1_343' title='bbox 1693 527 1746 554; x_wconf 77' lang='grc' dir='ltr'>ὑπὸ</span> <span class='ocrx_word' id='word_1_344' title='bbox 1760 528 1823 562; x_wconf 83' lang='grc' dir='ltr'>γῆν,</span> <span class='ocrx_word' id='word_1_345' title='bbox 1838 529 1887 555; x_wconf 73' lang='grc' dir='ltr'>καὶ</span> 
     </span>
    </p>
   </div>
   <div class='ocr_carea' id='block_1_54' title="bbox 1093 573 1883 609">
    <p class='ocr_par' dir='ltr' id='par_1_54' title="bbox 1093 573 1883 609">
     <span class='ocr_line' id='line_1_54' title="bbox 1093 573 1883 609; baseline 0 -9"><span class='ocrx_word' id='word_1_346' title='bbox 1093 575 1107 601; x_wconf 87' lang='lat'><strong>6</strong></span> <span class='ocrx_word' id='word_1_347' title='bbox 1121 574 1246 608; x_wconf 68' lang='grc' dir='ltr'>ἀληθινὺς</span> <span class='ocrx_word' id='word_1_348' title='bbox 1261 574 1355 605; x_wconf 84' lang='grc' dir='ltr'>Ἥλιος</span> <span class='ocrx_word' id='word_1_349' title='bbox 1372 573 1412 609; x_wconf 81' lang='grc' dir='ltr'><strong>τῷ</strong></span> <span class='ocrx_word' id='word_1_350' title='bbox 1427 573 1475 601; x_wconf 81' lang='grc' dir='ltr'><strong>τοῦ</strong></span> <span class='ocrx_word' id='word_1_351' title='bbox 1491 573 1581 608; x_wconf 83' lang='grc' dir='ltr'>φωτὸς</span> <span class='ocrx_word' id='word_1_352' title='bbox 1602 573 1780 600; x_wconf 79' lang='grc' dir='ltr'>ὲπανέτελλεν</span> <span class='ocrx_word' id='word_1_353' title='bbox 1811 574 1864 609; x_wconf 77' lang='grc' dir='ltr'><strong>υἱῷ</strong></span> <span class='ocrx_word' id='word_1_354' title='bbox 1876 583 1883 590; x_wconf 73' lang='grc' dir='ltr'><strong>ι</strong></span> 
     </span>
    </p>
   </div>
   <div class='ocr_carea' id='block_1_55' title="bbox 1095 619 1886 656">
    <p class='ocr_par' dir='ltr' id='par_1_55' title="bbox 1095 619 1886 656">
     <span class='ocr_line' id='line_1_55' title="bbox 1095 619 1886 656; baseline 0 -10"><span class='ocrx_word' id='word_1_355' title='bbox 1095 620 1142 647; x_wconf 67' lang='grc' dir='ltr'>καὶ</span> <span class='ocrx_word' id='word_1_356' title='bbox 1159 619 1261 655; x_wconf 82' lang='grc' dir='ltr'>πλῆθος</span> <span class='ocrx_word' id='word_1_357' title='bbox 1279 620 1410 655; x_wconf 77' lang='grc' dir='ltr'>στρατιᾶς</span> <span class='ocrx_word' id='word_1_358' title='bbox 1427 619 1555 655; x_wconf 80' lang='grc' dir='ltr'>οὐρανίου</span> <span class='ocrx_word' id='word_1_359' title='bbox 1570 619 1636 656; x_wconf 78' lang='grc' dir='ltr'>περὶ</span> <span class='ocrx_word' id='word_1_360' title='bbox 1655 619 1748 652; x_wconf 73' lang='grc' dir='ltr'>αὑτὸν,</span> <span class='ocrx_word' id='word_1_361' title='bbox 1763 619 1810 646; x_wconf 65' lang='grc' dir='ltr'>καὶ</span> <span class='ocrx_word' id='word_1_362' title='bbox 1823 619 1886 652; x_wconf 81' lang='grc' dir='ltr'>δόξα</span> 
     </span>
    </p>
   </div>
   <div class='ocr_carea' id='block_1_56' title="bbox 1096 664 1883 700">
    <p class='ocr_par' dir='ltr' id='par_1_56' title="bbox 1096 664 1883 700">
     <span class='ocr_line' id='line_1_56' title="bbox 1096 664 1883 700; baseline 0 -8"><span class='ocrx_word' id='word_1_363' title='bbox 1096 665 1210 700; x_wconf 82' lang='grc' dir='ltr'>Κυρίου,</span> <span class='ocrx_word' id='word_1_364' title='bbox 1237 665 1423 699; x_wconf 73' lang='grc' dir='ltr'>εὐαγγελικῶς</span> <span class='ocrx_word' id='word_1_365' title='bbox 1451 665 1550 696; x_wconf 80' lang='grc' dir='ltr'>εἰπεῖν,</span> <span class='ocrx_word' id='word_1_366' title='bbox 1580 664 1769 700; x_wconf 80' lang='grc' dir='ltr'><strong>περιέλαμψεν</strong></span> <span class='ocrx_word' id='word_1_367' title='bbox 1792 665 1883 692; x_wconf 82' lang='grc' dir='ltr'>αὐτόν.</span> 
     </span>
    </p>
   </div>
   <div class='ocr_carea' id='block_1_57' title="bbox 1100 709 1885 746">
    <p class='ocr_par' dir='ltr' id='par_1_57' title="bbox 1100 709 1885 746">
     <span class='ocr_line' id='line_1_57' title="bbox 1100 709 1885 746; baseline -0.003 -8"><span class='ocrx_word' id='word_1_368' title='bbox 1100 711 1130 738; x_wconf 86' lang='grc'><strong>’0</strong></span> <span class='ocrx_word' id='word_1_369' title='bbox 1145 712 1185 743; x_wconf 78' lang='grc' dir='ltr'><strong>δὲ,</strong></span> <span class='ocrx_word' id='word_1_370' title='bbox 1199 711 1327 746; x_wconf 80' lang='grc' dir='ltr'>καθάπερ</span> <span class='ocrx_word' id='word_1_371' title='bbox 1339 711 1369 743; x_wconf 86' lang='grc' dir='ltr'><strong>ὲξ</strong></span> <span class='ocrx_word' id='word_1_372' title='bbox 1382 711 1467 737; x_wconf 79' lang='grc' dir='ltr'>ὕπνου</span> <span class='ocrx_word' id='word_1_373' title='bbox 1481 710 1577 745; x_wconf 74' lang='grc' dir='ltr'>βαθέος</span> <span class='ocrx_word' id='word_1_374' title='bbox 1592 709 1758 744; x_wconf 81' lang='grc' dir='ltr'>ἀνενεγκὼν,</span> <span class='ocrx_word' id='word_1_375' title='bbox 1775 710 1822 737; x_wconf 75' lang='grc' dir='ltr'>καὶ</span> <span class='ocrx_word' id='word_1_376' title='bbox 1835 710 1885 745; x_wconf 77' lang='grc' dir='ltr'>τῆς</span> 
     </span>
    </p>
   </div>
   <div class='ocr_carea' id='block_1_58' title="bbox 1094 756 1885 793">
    <p class='ocr_par' dir='ltr' id='par_1_58' title="bbox 1094 756 1885 793">
     <span class='ocr_line' id='line_1_58' title="bbox 1094 756 1885 793; baseline -0.003 -8"><span class='ocrx_word' id='word_1_377' title='bbox 1094 758 1159 793; x_wconf 80' lang='grc' dir='ltr'>περὶ</span> <span class='ocrx_word' id='word_1_378' title='bbox 1189 757 1272 784; x_wconf 76' lang='grc' dir='ltr'>αὐτὸν</span> <span class='ocrx_word' id='word_1_379' title='bbox 1293 756 1434 792; x_wconf 73' lang='grc' dir='ltr'>αἱσθηθεὶς</span> <span class='ocrx_word' id='word_1_380' title='bbox 1457 756 1627 791; x_wconf 73' lang='grc' dir='ltr'>θεοφανείας,</span> <span class='ocrx_word' id='word_1_381' title='bbox 1657 757 1704 783; x_wconf 81' lang='grc' dir='ltr'>καὶ</span> <span class='ocrx_word' id='word_1_382' title='bbox 1724 756 1814 792; x_wconf 79' lang='grc' dir='ltr'>πάσης</span> <span class='ocrx_word' id='word_1_383' title='bbox 1836 757 1885 790; x_wconf 87' lang='grc' dir='ltr'>μὲν</span> 
     </span>
    </p>
   </div>
   <div class='ocr_carea' id='block_1_59' title="bbox 1093 802 1881 838">
    <p class='ocr_par' dir='ltr' id='par_1_59' title="bbox 1093 802 1881 838">
     <span class='ocr_line' id='line_1_59' title="bbox 1093 802 1881 838; baseline 0 -8"><span class='ocrx_word' id='word_1_384' title='bbox 1093 804 1242 838; x_wconf 74' lang='grc' dir='ltr'><strong>ἀλγηδόνος</strong></span> <span class='ocrx_word' id='word_1_385' title='bbox 1260 802 1386 837; x_wconf 81' lang='grc' dir='ltr'>σώματος</span> <span class='ocrx_word' id='word_1_386' title='bbox 1412 802 1493 834; x_wconf 76' lang='grc' dir='ltr'>εὐθὺς</span> <span class='ocrx_word' id='word_1_387' title='bbox 1511 802 1628 834; x_wconf 78' lang='grc' dir='ltr'>ἀνεθεὶς,</span> <span class='ocrx_word' id='word_1_388' title='bbox 1648 802 1739 837; x_wconf 81' lang='grc' dir='ltr'>πάσης</span> <span class='ocrx_word' id='word_1_389' title='bbox 1757 803 1785 829; x_wconf 82' lang='grc' dir='ltr'>δὲ</span> <span class='ocrx_word' id='word_1_390' title='bbox 1801 811 1881 830; x_wconf 84' lang='grc' dir='ltr'>κατα-</span> 
     </span>
    </p>
   </div>
   <div class='ocr_carea' id='block_1_60' title="bbox 1094 848 1885 885">
    <p class='ocr_par' dir='ltr' id='par_1_60' title="bbox 1094 848 1885 885">
     <span class='ocr_line' id='line_1_60' title="bbox 1094 848 1885 885; baseline -0.001 -9"><span class='ocrx_word' id='word_1_391' title='bbox 1094 850 1195 883; x_wconf 80' lang='grc' dir='ltr'>νύξεως</span> <span class='ocrx_word' id='word_1_392' title='bbox 1223 850 1270 876; x_wconf 76' lang='grc' dir='ltr'>καὶ</span> <span class='ocrx_word' id='word_1_393' title='bbox 1283 849 1468 885; x_wconf 82' lang='grc' dir='ltr'>ἁνεκλαλήτου</span> <span class='ocrx_word' id='word_1_394' title='bbox 1481 849 1568 884; x_wconf 78' lang='grc' dir='ltr'>χαρᾶς</span> <span class='ocrx_word' id='word_1_395' title='bbox 1593 848 1760 884; x_wconf 72' lang='grc' dir='ltr'>πληρωθεὶς,</span> <span class='ocrx_word' id='word_1_396' title='bbox 1777 849 1885 875; x_wconf 82' lang='grc' dir='ltr'>ἵσταται</span> 
     </span>
    </p>
   </div>
   <div class='ocr_carea' id='block_1_61' title="bbox 1096 894 1884 930">
    <p class='ocr_par' dir='ltr' id='par_1_61' title="bbox 1096 894 1884 930">
     <span class='ocr_line' id='line_1_61' title="bbox 1096 894 1884 930; baseline -0.001 -8"><span class='ocrx_word' id='word_1_397' title='bbox 1096 896 1145 930; x_wconf 85' lang='grc' dir='ltr'>μὲν</span> <span class='ocrx_word' id='word_1_398' title='bbox 1164 895 1211 922; x_wconf 65' lang='grc' dir='ltr'><strong>ἐπὶ</strong></span> <span class='ocrx_word' id='word_1_399' title='bbox 1227 895 1321 928; x_wconf 76' lang='grc' dir='ltr'>πόδας,</span> <span class='ocrx_word' id='word_1_400' title='bbox 1337 894 1409 921; x_wconf 78' lang='grc' dir='ltr'>οὕτω</span> <span class='ocrx_word' id='word_1_401' title='bbox 1420 894 1530 929; x_wconf 76' lang='grc' dir='ltr'>κούφως</span> <span class='ocrx_word' id='word_1_402' title='bbox 1549 894 1597 920; x_wconf 72' lang='grc' dir='ltr'>καὶ</span> <span class='ocrx_word' id='word_1_403' title='bbox 1609 894 1755 926; x_wconf 84' lang='grc' dir='ltr'>εύσοενῶς,</span> <span class='ocrx_word' id='word_1_404' title='bbox 1771 894 1808 926; x_wconf 86' lang='grc' dir='ltr'>ὡς</span> <span class='ocrx_word' id='word_1_405' title='bbox 1823 894 1884 930; x_wconf 77' lang='grc' dir='ltr'>μηδ’</span> 
     </span>
    </p>
   </div>
   <div class='ocr_carea' id='block_1_62' title="bbox 1093 940 1599 976">
    <p class='ocr_par' dir='ltr' id='par_1_62' title="bbox 1093 940 1599 976">
     <span class='ocr_line' id='line_1_62' title="bbox 1093 940 1599 976; baseline -0.002 -9"><span class='ocrx_word' id='word_1_406' title='bbox 1093 942 1126 976; x_wconf 82' lang='grc' dir='ltr'>ἦν</span> <span class='ocrx_word' id='word_1_407' title='bbox 1139 950 1201 968; x_wconf 88' lang='grc' dir='ltr'>τινα</span> <span class='ocrx_word' id='word_1_408' title='bbox 1217 942 1315 976; x_wconf 80' lang='grc' dir='ltr'>πεῖραν</span> <span class='ocrx_word' id='word_1_409' title='bbox 1335 940 1456 976; x_wconf 79' lang='grc' dir='ltr'>ἀνιαρῶν</span> <span class='ocrx_word' id='word_1_410' title='bbox 1470 940 1599 974; x_wconf 65' lang='grc' dir='ltr'>εἰληφώς.</span> 
     </span>
    </p>
   </div>
   <div class='ocr_carea' id='block_1_63' title="bbox 1129 1027 1885 1064">
    <p class='ocr_par' dir='ltr' id='par_1_63' title="bbox 1129 1027 1885 1064">
     <span class='ocr_line' id='line_1_63' title="bbox 1129 1027 1885 1064; baseline -0.003 -8"><span class='ocrx_word' id='word_1_411' title='bbox 1129 1028 1172 1056; x_wconf 83' lang='grc' dir='ltr'><strong>ιο’.</strong></span> <span class='ocrx_word' id='word_1_412' title='bbox 1188 1028 1276 1060; x_wconf 81' lang='grc' dir='ltr'>Εὐϐὺς</span> <span class='ocrx_word' id='word_1_413' title='bbox 1288 1029 1316 1055; x_wconf 81' lang='grc' dir='ltr'>δὲ</span> <span class='ocrx_word' id='word_1_414' title='bbox 1331 1028 1444 1063; x_wconf 74' lang='grc' dir='ltr'>κάμψας</span> <span class='ocrx_word' id='word_1_415' title='bbox 1456 1028 1469 1054; x_wconf 88' lang='lat'><strong>6</strong></span> <span class='ocrx_word' id='word_1_416' title='bbox 1485 1028 1628 1064; x_wconf 73' lang='grc' dir='ltr'>Μακάριος</span> <span class='ocrx_word' id='word_1_417' title='bbox 1641 1028 1670 1055; x_wconf 67' lang='grc' dir='ltr'><strong>τὸ</strong></span> <span class='ocrx_word' id='word_1_418' title='bbox 1682 1027 1746 1063; x_wconf 84' lang='grc' dir='ltr'>γόνυ</span> <span class='ocrx_word' id='word_1_419' title='bbox 1759 1028 1826 1064; x_wconf 79' lang='grc' dir='ltr'>πρὸς</span> <span class='ocrx_word' id='word_1_420' title='bbox 1839 1029 1885 1055; x_wconf 70' lang='grc' dir='ltr'><strong>τὸν</strong></span> 
     </span>
    </p>
   </div>
   <div class='ocr_carea' id='block_1_64' title="bbox 1091 1074 1883 1110">
    <p class='ocr_par' dir='ltr' id='par_1_64' title="bbox 1091 1074 1883 1110">
     <span class='ocr_line' id='line_1_64' title="bbox 1091 1074 1883 1110; baseline -0.001 -8"><span class='ocrx_word' id='word_1_421' title='bbox 1091 1075 1168 1108; x_wconf 85' lang='grc' dir='ltr'>Θεδν,</span> <span class='ocrx_word' id='word_1_422' title='bbox 1183 1075 1230 1102; x_wconf 74' lang='grc' dir='ltr'><strong>καὶ</strong></span> <span class='ocrx_word' id='word_1_423' title='bbox 1244 1076 1292 1107; x_wconf 79' lang='grc' dir='ltr'><strong>τὰς</strong></span> <span class='ocrx_word' id='word_1_424' title='bbox 1309 1075 1385 1106; x_wconf 82' lang='grc' dir='ltr'>ὁσίας</span> <span class='ocrx_word' id='word_1_425' title='bbox 1409 1076 1502 1109; x_wconf 82' lang='grc' dir='ltr'>χεῖρας</span> <span class='ocrx_word' id='word_1_426' title='bbox 1517 1075 1623 1110; x_wconf 79' lang='grc' dir='ltr'>ἐπάρας</span> <span class='ocrx_word' id='word_1_427' title='bbox 1643 1076 1683 1105; x_wconf 80' lang='grc' dir='ltr'>εἰς</span> <span class='ocrx_word' id='word_1_428' title='bbox 1697 1075 1744 1101; x_wconf 83' lang='grc' dir='ltr'>τὸν</span> <span class='ocrx_word' id='word_1_429' title='bbox 1758 1074 1883 1110; x_wconf 72' lang='grc' dir='ltr'>οὐρανὸν,</span> 
     </span>
    </p>
   </div>
   <div class='ocr_carea' id='block_1_65' title="bbox 1092 1119 1884 1155">
    <p class='ocr_par' dir='ltr' id='par_1_65' title="bbox 1092 1119 1884 1155">
     <span class='ocr_line' id='line_1_65' title="bbox 1092 1119 1884 1155; baseline -0.001 -8"><span class='ocrx_word' id='word_1_430' title='bbox 1092 1121 1121 1148; x_wconf 77' lang='grc' dir='ltr'>ἐν</span> <span class='ocrx_word' id='word_1_431' title='bbox 1137 1120 1298 1154; x_wconf 72' lang='grc' dir='ltr'>ἀγαλλιάσει</span> <span class='ocrx_word' id='word_1_432' title='bbox 1314 1120 1427 1154; x_wconf 81' lang='grc' dir='ltr'>καρδίας</span> <span class='ocrx_word' id='word_1_433' title='bbox 1453 1120 1499 1146; x_wconf 76' lang='grc' dir='ltr'>καὶ</span> <span class='ocrx_word' id='word_1_434' title='bbox 1517 1119 1662 1154; x_wconf 65' lang='grc' dir='ltr'>γλυκερσϊς</span> <span class='ocrx_word' id='word_1_435' title='bbox 1692 1119 1823 1155; x_wconf 78' lang='grc' dir='ltr'>δάκρυσιν</span> <span class='ocrx_word' id='word_1_436' title='bbox 1840 1120 1884 1152; x_wconf 76' lang='grc' dir='ltr'><strong>ἐξ·</strong></span> 
     </span>
    </p>
   </div>
   <div class='ocr_carea' id='block_1_66' title="bbox 1092 1165 1884 1201">
    <p class='ocr_par' dir='ltr' id='par_1_66' title="bbox 1092 1165 1884 1201">
     <span class='ocr_line' id='line_1_66' title="bbox 1092 1165 1884 1201; baseline -0.003 -8"><span class='ocrx_word' id='word_1_437' title='bbox 1092 1167 1258 1201; x_wconf 84' lang='grc' dir='ltr'>ωμολογεῖτο</span> <span class='ocrx_word' id='word_1_438' title='bbox 1283 1165 1322 1201; x_wconf 81' lang='grc' dir='ltr'>τῷ</span> <span class='ocrx_word' id='word_1_439' title='bbox 1355 1166 1469 1200; x_wconf 60' lang='grc' dir='ltr'>Καρίῳ”</span> <span class='ocrx_word' id='word_1_440' title='bbox 1503 1165 1674 1201; x_wconf 75' lang='grc' dir='ltr'>εὐχαριστῶν</span> <span class='ocrx_word' id='word_1_441' title='bbox 1699 1166 1747 1200; x_wconf 68' lang='grc' dir='ltr'><strong>μὲν</strong></span> <span class='ocrx_word' id='word_1_442' title='bbox 1766 1165 1884 1201; x_wconf 77' lang='grc' dir='ltr'><strong>ἰσχυρῶς</strong></span> 
     </span>
    </p>
   </div>
   <div class='ocr_carea' id='block_1_67' title="bbox 1092 1209 1884 1248">
    <p class='ocr_par' dir='ltr' id='par_1_67' title="bbox 1092 1209 1884 1248">
     <span class='ocr_line' id='line_1_67' title="bbox 1092 1209 1884 1248; baseline -0.003 -8"><span class='ocrx_word' id='word_1_443' title='bbox 1092 1214 1164 1248; x_wconf 83' lang='grc' dir='ltr'>ὑπὲρ</span> <span class='ocrx_word' id='word_1_444' title='bbox 1191 1213 1241 1247; x_wconf 83' lang='grc' dir='ltr'>τῆς</span> <span class='ocrx_word' id='word_1_445' title='bbox 1272 1212 1480 1247; x_wconf 83' lang='grc' dir='ltr'>σταθερότητος.</span> <span class='ocrx_word' id='word_1_446' title='bbox 1496 1209 1529 1247; x_wconf 78' lang='grc' dir='ltr'>ἧς</span> <span class='ocrx_word' id='word_1_447' title='bbox 1543 1213 1606 1247; x_wconf 78' lang='grc' dir='ltr'>ἄχρι</span> <span class='ocrx_word' id='word_1_448' title='bbox 1619 1212 1668 1246; x_wconf 83' lang='grc' dir='ltr'>τῆς</span> <span class='ocrx_word' id='word_1_449' title='bbox 1685 1211 1760 1247; x_wconf 82' lang='grc' dir='ltr'>ὧρας</span> <span class='ocrx_word' id='word_1_450' title='bbox 1775 1212 1884 1246; x_wconf 76' lang='grc' dir='ltr'>ἐκείνης</span> 
     </span>
    </p>
   </div>
   <div class='ocr_carea' id='block_1_68' title="bbox 1092 1257 1883 1293">
    <p class='ocr_par' dir='ltr' id='par_1_68' title="bbox 1092 1257 1883 1293">
     <span class='ocr_line' id='line_1_68' title="bbox 1092 1257 1883 1293; baseline -0.003 -9"><span class='ocrx_word' id='word_1_451' title='bbox 1092 1258 1245 1291; x_wconf 74' lang='grc' dir='ltr'>ἐνεδείξατο</span> <span class='ocrx_word' id='word_1_452' title='bbox 1259 1266 1264 1272; x_wconf 93' lang='grc'><strong>·</strong></span> <span class='ocrx_word' id='word_1_453' title='bbox 1292 1257 1419 1292; x_wconf 76' lang='grc' dir='ltr'>δεόμενος</span> <span class='ocrx_word' id='word_1_454' title='bbox 1447 1257 1475 1283; x_wconf 82' lang='grc' dir='ltr'>δὲ</span> <span class='ocrx_word' id='word_1_455' title='bbox 1492 1258 1537 1283; x_wconf 75' lang='grc' dir='ltr'><strong>ἐπὶ</strong></span> <span class='ocrx_word' id='word_1_456' title='bbox 1553 1257 1639 1293; x_wconf 85' lang='grc' dir='ltr'>ταύτῃ</span> <span class='ocrx_word' id='word_1_457' title='bbox 1660 1257 1835 1292; x_wconf 76' lang='grc' dir='ltr'>τελειωθῆναι</span> <span class='ocrx_word' id='word_1_458' title='bbox 1849 1259 1883 1292; x_wconf 77' lang='grc' dir='ltr'>τῇ</span> 
     </span>
    </p>
   </div>
   <div class='ocr_carea' id='block_1_69' title="bbox 1091 1303 1884 1340">
    <p class='ocr_par' dir='ltr' id='par_1_69' title="bbox 1091 1303 1884 1340">
     <span class='ocr_line' id='line_1_69' title="bbox 1091 1303 1884 1340; baseline -0.003 -9"><span class='ocrx_word' id='word_1_459' title='bbox 1091 1304 1236 1340; x_wconf 69' lang='grc' dir='ltr'>ὁμολογίᾳ·</span> <span class='ocrx_word' id='word_1_460' title='bbox 1254 1304 1301 1330; x_wconf 68' lang='grc' dir='ltr'><strong>καὶ</strong></span> <span class='ocrx_word' id='word_1_461' title='bbox 1317 1304 1367 1339; x_wconf 77' lang='grc' dir='ltr'>τὴν</span> <span class='ocrx_word' id='word_1_462' title='bbox 1382 1303 1472 1339; x_wconf 78' lang='grc' dir='ltr'>ψυχὴν</span> <span class='ocrx_word' id='word_1_463' title='bbox 1486 1303 1536 1338; x_wconf 84' lang='grc' dir='ltr'>μὲν</span> <span class='ocrx_word' id='word_1_464' title='bbox 1560 1303 1610 1338; x_wconf 82' lang='grc' dir='ltr'>τῆς</span> <span class='ocrx_word' id='word_1_465' title='bbox 1626 1303 1814 1338; x_wconf 80' lang='grc' dir='ltr'>ἀποκειμένης</span> <span class='ocrx_word' id='word_1_466' title='bbox 1828 1303 1884 1334; x_wconf 83' lang='grc' dir='ltr'>τοῖς</span> 
     </span>
    </p>
   </div>
   <div class='ocr_carea' id='block_1_70' title="bbox 1093 1349 1885 1385">
    <p class='ocr_par' dir='ltr' id='par_1_70' title="bbox 1093 1349 1885 1385">
     <span class='ocr_line' id='line_1_70' title="bbox 1093 1349 1885 1385; baseline 0 -9"><span class='ocrx_word' id='word_1_467' title='bbox 1093 1351 1228 1385; x_wconf 82' lang='grc' dir='ltr'>μάρτυσιν</span> <span class='ocrx_word' id='word_1_468' title='bbox 1243 1349 1426 1381; x_wconf 81' lang='grc' dir='ltr'>ἀναπαύσεως</span> <span class='ocrx_word' id='word_1_469' title='bbox 1447 1350 1594 1384; x_wconf 81' lang='grc' dir='ltr'>μετασχεῖν</span> <span class='ocrx_word' id='word_1_470' title='bbox 1606 1357 1612 1364; x_wconf 86' lang='grc'><strong>”</strong></span> <span class='ocrx_word' id='word_1_471' title='bbox 1639 1349 1668 1376; x_wconf 73' lang='grc' dir='ltr'>τὸ</span> <span class='ocrx_word' id='word_1_472' title='bbox 1684 1349 1840 1381; x_wconf 75' lang='grc' dir='ltr'>πολυπαθὲς</span> <span class='ocrx_word' id='word_1_473' title='bbox 1856 1349 1885 1376; x_wconf 84' lang='grc' dir='ltr'>δὲ</span> 
     </span>
    </p>
   </div>
   <div class='ocr_carea' id='block_1_71' title="bbox 1093 1395 1883 1430">
    <p class='ocr_par' dir='ltr' id='par_1_71' title="bbox 1093 1395 1883 1430">
     <span class='ocr_line' id='line_1_71' title="bbox 1093 1395 1883 1430; baseline 0 -8"><span class='ocrx_word' id='word_1_474' title='bbox 1093 1396 1230 1430; x_wconf 75' lang='grc' dir='ltr'>σωμάτιον</span> <span class='ocrx_word' id='word_1_475' title='bbox 1254 1396 1354 1430; x_wconf 72' lang='grc' dir='ltr'>σεμνὸν</span> <span class='ocrx_word' id='word_1_476' title='bbox 1386 1396 1471 1423; x_wconf 84' lang='grc' dir='ltr'>τόπον</span> <span class='ocrx_word' id='word_1_477' title='bbox 1495 1396 1535 1427; x_wconf 82' lang='grc' dir='ltr'><strong>είς</strong></span> <span class='ocrx_word' id='word_1_478' title='bbox 1575 1395 1750 1423; x_wconf 81' lang='grc' dir='ltr'>κατάπαυσιν</span> <span class='ocrx_word' id='word_1_479' title='bbox 1775 1395 1883 1430; x_wconf 80' lang='grc' dir='ltr'>λαχεῖν·</span> 
     </span>
    </p>
   </div>
   <div class='ocr_carea' id='block_1_72' title="bbox 1092 1441 1884 1478">
    <p class='ocr_par' dir='ltr' id='par_1_72' title="bbox 1092 1441 1884 1478">
     <span class='ocr_line' id='line_1_72' title="bbox 1092 1441 1884 1478; baseline 0 -9"><span class='ocrx_word' id='word_1_480' title='bbox 1092 1443 1275 1478; x_wconf 78' lang='grc' dir='ltr'>φυλακτήριον</span> <span class='ocrx_word' id='word_1_481' title='bbox 1301 1442 1330 1469; x_wconf 83' lang='grc' dir='ltr'>δὲ</span> <span class='ocrx_word' id='word_1_482' title='bbox 1355 1441 1434 1469; x_wconf 80' lang='grc' dir='ltr'>τοῦτο</span> <span class='ocrx_word' id='word_1_483' title='bbox 1447 1442 1481 1477; x_wconf 81' lang='grc' dir='ltr'>τῇ</span> <span class='ocrx_word' id='word_1_484' title='bbox 1509 1441 1593 1468; x_wconf 81' lang='grc' dir='ltr'>αὐτοῦ</span> <span class='ocrx_word' id='word_1_485' title='bbox 1617 1442 1695 1468; x_wconf 85' lang='grc' dir='ltr'>πόλει</span> <span class='ocrx_word' id='word_1_486' title='bbox 1712 1441 1884 1476; x_wconf 76' lang='grc' dir='ltr'>προσηύξατο</span> 
     </span>
    </p>
   </div>
   <div class='ocr_carea' id='block_1_73' title="bbox 1091 1482 1884 1523">
    <p class='ocr_par' dir='ltr' id='par_1_73' title="bbox 1091 1482 1884 1523">
     <span class='ocr_line' id='line_1_73' title="bbox 1091 1482 1884 1523; baseline -0.003 -8"><span class='ocrx_word' id='word_1_487' title='bbox 1091 1489 1125 1515; x_wconf 85' lang='grc' dir='ltr'>δι’</span> <span class='ocrx_word' id='word_1_488' title='bbox 1141 1488 1238 1519; x_wconf 76' lang='grc' dir='ltr'>αἰῶνος</span> <span class='ocrx_word' id='word_1_489' title='bbox 1251 1487 1438 1523; x_wconf 73' lang='grc' dir='ltr'>χρηματίσαι¹</span> <span class='ocrx_word' id='word_1_490' title='bbox 1463 1488 1548 1514; x_wconf 88' lang='grc' dir='ltr'>νόσων</span> <span class='ocrx_word' id='word_1_491' title='bbox 1564 1482 1595 1514; x_wconf 78' lang='grc' dir='ltr'><strong>τε</strong></span> <span class='ocrx_word' id='word_1_492' title='bbox 1611 1487 1792 1514; x_wconf 84' lang='grc' dir='ltr'>παντοδαπῶν</span> <span class='ocrx_word' id='word_1_493' title='bbox 1806 1488 1884 1522; x_wconf 78' lang='grc' dir='ltr'>ίατή-</span> 
     </span>
    </p>
   </div>
   <div class='ocr_carea' id='block_1_74' title="bbox 1093 1532 1884 1571">
    <p class='ocr_par' dir='ltr' id='par_1_74' title="bbox 1093 1532 1884 1571">
     <span class='ocr_line' id='line_1_74' title="bbox 1093 1532 1884 1571; baseline -0.003 -10"><span class='ocrx_word' id='word_1_494' title='bbox 1093 1543 1150 1571; x_wconf 86' lang='grc' dir='ltr'>ριον</span> <span class='ocrx_word' id='word_1_495' title='bbox 1179 1534 1227 1561; x_wconf 77' lang='grc' dir='ltr'><strong>καὶ</strong></span> <span class='ocrx_word' id='word_1_496' title='bbox 1253 1533 1362 1560; x_wconf 82' lang='grc' dir='ltr'>πάντων</span> <span class='ocrx_word' id='word_1_497' title='bbox 1387 1533 1564 1569; x_wconf 78' lang='grc' dir='ltr'>ἀλεξητήριον</span> <span class='ocrx_word' id='word_1_498' title='bbox 1579 1533 1682 1560; x_wconf 85' lang='grc' dir='ltr'>κακῶν.</span> <span class='ocrx_word' id='word_1_499' title='bbox 1707 1532 1884 1568; x_wconf 76' lang='grc' dir='ltr'>Προσηύεατο</span> 
     </span>
    </p>
   </div>
   <div class='ocr_carea' id='block_1_75' title="bbox 1091 1577 1884 1612">
    <p class='ocr_par' dir='ltr' id='par_1_75' title="bbox 1091 1577 1884 1612">
     <span class='ocr_line' id='line_1_75' title="bbox 1091 1577 1884 1612; baseline -0.004 -6"><span class='ocrx_word' id='word_1_500' title='bbox 1091 1581 1147 1611; x_wconf 78' lang='grc' dir='ltr'>τοϊς</span> <span class='ocrx_word' id='word_1_501' title='bbox 1161 1580 1201 1611; x_wconf 85' lang='grc' dir='ltr'><strong>είς</strong></span> <span class='ocrx_word' id='word_1_502' title='bbox 1215 1579 1262 1605; x_wconf 65' lang='grc' dir='ltr'><strong>τον</strong></span> <span class='ocrx_word' id='word_1_503' title='bbox 1285 1578 1352 1605; x_wconf 81' lang='grc' dir='ltr'>Θεὸν</span> <span class='ocrx_word' id='word_1_504' title='bbox 1365 1577 1510 1604; x_wconf 79' lang='grc' dir='ltr'>ἀσεϐοῦσιν</span> <span class='ocrx_word' id='word_1_505' title='bbox 1537 1577 1588 1608; x_wconf 69' lang='grc' dir='ltr'>τὴν</span> <span class='ocrx_word' id='word_1_506' title='bbox 1602 1577 1646 1604; x_wconf 74' lang='grc' dir='ltr'><strong>διὰ</strong></span> <span class='ocrx_word' id='word_1_507' title='bbox 1663 1578 1781 1609; x_wconf 83' lang='grc' dir='ltr'>πίστεως</span> <span class='ocrx_word' id='word_1_508' title='bbox 1796 1586 1884 1612; x_wconf 83' lang='grc' dir='ltr'>σωτη-</span> 
     </span>
    </p>
   </div>
   <div class='ocr_carea' id='block_1_76' title="bbox 1091 1623 1881 1662">
    <p class='ocr_par' dir='ltr' id='par_1_76' title="bbox 1091 1623 1881 1662">
     <span class='ocr_line' id='line_1_76' title="bbox 1091 1623 1881 1662; baseline -0.001 -10"><span class='ocrx_word' id='word_1_509' title='bbox 1091 1626 1161 1662; x_wconf 83' lang='grc' dir='ltr'>ρίαν,</span> <span class='ocrx_word' id='word_1_510' title='bbox 1175 1626 1221 1652; x_wconf 72' lang='grc' dir='ltr'>καὶ</span> <span class='ocrx_word' id='word_1_511' title='bbox 1239 1626 1295 1656; x_wconf 85' lang='grc' dir='ltr'>τοῖς</span> <span class='ocrx_word' id='word_1_512' title='bbox 1308 1624 1498 1660; x_wconf 79' lang='grc' dir='ltr'>ἁμαρτάνουσι</span> <span class='ocrx_word' id='word_1_513' title='bbox 1527 1625 1578 1659; x_wconf 85' lang='grc' dir='ltr'>τὴν</span> <span class='ocrx_word' id='word_1_514' title='bbox 1599 1624 1642 1651; x_wconf 78' lang='grc' dir='ltr'><strong>διὰ</strong></span> <span class='ocrx_word' id='word_1_515' title='bbox 1661 1623 1807 1659; x_wconf 82' lang='grc' dir='ltr'>μετανοίας</span> <span class='ocrx_word' id='word_1_516' title='bbox 1820 1623 1881 1652; x_wconf 74' lang='grc' dir='ltr'>ἑπι-</span> 
     </span>
    </p>
   </div>
   <div class='ocr_carea' id='block_1_77' title="bbox 1091 1670 1883 1707">
    <p class='ocr_par' dir='ltr' id='par_1_77' title="bbox 1091 1670 1883 1707">
     <span class='ocr_line' id='line_1_77' title="bbox 1091 1670 1883 1707; baseline -0.004 -8"><span class='ocrx_word' id='word_1_517' title='bbox 1091 1671 1221 1707; x_wconf 58' lang='grc' dir='ltr'>στροςὴν,</span> <span class='ocrx_word' id='word_1_518' title='bbox 1236 1672 1292 1702; x_wconf 83' lang='grc' dir='ltr'>τοῖς</span> <span class='ocrx_word' id='word_1_519' title='bbox 1311 1671 1426 1706; x_wconf 78' lang='grc' dir='ltr'>ἄρχουσι</span> <span class='ocrx_word' id='word_1_520' title='bbox 1444 1670 1635 1706; x_wconf 73' lang='grc' dir='ltr'>δικαιοσύνηνσ</span> <span class='ocrx_word' id='word_1_521' title='bbox 1652 1670 1810 1697; x_wconf 81' lang='grc' dir='ltr'>εὐπείθειαν</span> <span class='ocrx_word' id='word_1_522' title='bbox 1826 1670 1883 1701; x_wconf 81' lang='grc' dir='ltr'>τοῖς</span> 
     </span>
    </p>
   </div>
   <div class='ocr_carea' id='block_1_78' title="bbox 1090 1715 1883 1752">
    <p class='ocr_par' dir='ltr' id='par_1_78' title="bbox 1090 1715 1883 1752">
     <span class='ocr_line' id='line_1_78' title="bbox 1090 1715 1883 1752; baseline -0.004 -8"><span class='ocrx_word' id='word_1_523' title='bbox 1090 1717 1263 1752; x_wconf 77' lang='grc' dir='ltr'>ἀρχομένοις,</span> <span class='ocrx_word' id='word_1_524' title='bbox 1288 1717 1346 1747; x_wconf 87' lang='grc' dir='ltr'>τοῖς</span> <span class='ocrx_word' id='word_1_525' title='bbox 1368 1715 1508 1748; x_wconf 78' lang='grc' dir='ltr'>πλουσίοις</span> <span class='ocrx_word' id='word_1_526' title='bbox 1536 1716 1638 1751; x_wconf 81' lang='grc' dir='ltr'>τρόπον</span> <span class='ocrx_word' id='word_1_527' title='bbox 1658 1715 1805 1750; x_wconf 75' lang='grc' dir='ltr'>ἐλεήμονα,</span> <span class='ocrx_word' id='word_1_528' title='bbox 1826 1715 1883 1746; x_wconf 81' lang='grc' dir='ltr'>τοῖς</span> 
     </span>
    </p>
   </div>
   <div class='ocr_carea' id='block_1_79' title="bbox 1090 1761 1882 1798">
    <p class='ocr_par' dir='ltr' id='par_1_79' title="bbox 1090 1761 1882 1798">
     <span class='ocr_line' id='line_1_79' title="bbox 1090 1761 1882 1798; baseline -0.004 -9"><span class='ocrx_word' id='word_1_529' title='bbox 1090 1763 1204 1798; x_wconf 77' lang='grc' dir='ltr'>πένησιν</span> <span class='ocrx_word' id='word_1_530' title='bbox 1214 1761 1354 1798; x_wconf 79' lang='grc' dir='ltr'>ὑπομονὴν</span> <span class='ocrx_word' id='word_1_531' title='bbox 1369 1762 1416 1788; x_wconf 77' lang='grc' dir='ltr'>καὶ</span> <span class='ocrx_word' id='word_1_532' title='bbox 1427 1762 1589 1797; x_wconf 82' lang='grc' dir='ltr'>καρτερίαν,</span> <span class='ocrx_word' id='word_1_533' title='bbox 1613 1761 1756 1796; x_wconf 82' lang='grc' dir='ltr'>χαίρουσιν</span> <span class='ocrx_word' id='word_1_534' title='bbox 1771 1761 1882 1795; x_wconf 79' lang='grc' dir='ltr'>εὐχαρι-</span> 
     </span>
    </p>
   </div>
   <div class='ocr_carea' id='block_1_80' title="bbox 1090 1807 1880 1844">
    <p class='ocr_par' dir='ltr' id='par_1_80' title="bbox 1090 1807 1880 1844">
     <span class='ocr_line' id='line_1_80' title="bbox 1090 1807 1880 1844; baseline -0.004 -9"><span class='ocrx_word' id='word_1_535' title='bbox 1090 1809 1179 1841; x_wconf 86' lang='grc' dir='ltr'>στίαν,</span> <span class='ocrx_word' id='word_1_536' title='bbox 1193 1808 1375 1844; x_wconf 83' lang='grc' dir='ltr'>λυπουμένοις</span> <span class='ocrx_word' id='word_1_537' title='bbox 1398 1807 1584 1843; x_wconf 73' lang='grc' dir='ltr'>παραμυθίαν,</span> <span class='ocrx_word' id='word_1_538' title='bbox 1597 1807 1723 1834; x_wconf 72' lang='grc' dir='ltr'>πλέουσιν</span> <span class='ocrx_word' id='word_1_539' title='bbox 1739 1807 1880 1838; x_wconf 80' lang='grc' dir='ltr'>εὐπλοῖαν,</span> 
     </span>
    </p>
   </div>
   <div class='ocr_carea' id='block_1_81' title="bbox 1087 1852 1880 1889">
    <p class='ocr_par' dir='ltr' id='par_1_81' title="bbox 1087 1852 1880 1889">
     <span class='ocr_line' id='line_1_81' title="bbox 1087 1852 1880 1889; baseline -0.005 -8"><span class='ocrx_word' id='word_1_540' title='bbox 1087 1854 1277 1889; x_wconf 81' lang='grc' dir='ltr'>ὁδοιποροῦσιν</span> <span class='ocrx_word' id='word_1_541' title='bbox 1290 1854 1406 1886; x_wconf 78' lang='grc' dir='ltr'>εὐοδίαν,</span> <span class='ocrx_word' id='word_1_542' title='bbox 1418 1855 1474 1885; x_wconf 80' lang='grc' dir='ltr'>τοῖς</span> <span class='ocrx_word' id='word_1_543' title='bbox 1489 1854 1518 1880; x_wconf 78' lang='grc' dir='ltr'>ὲν</span> <span class='ocrx_word' id='word_1_544' title='bbox 1534 1853 1646 1888; x_wconf 81' lang='grc' dir='ltr'>πολέμῳ</span> <span class='ocrx_word' id='word_1_545' title='bbox 1658 1853 1777 1888; x_wconf 83' lang='grc' dir='ltr'>τρόπαια</span> <span class='ocrx_word' id='word_1_546' title='bbox 1792 1852 1880 1886; x_wconf 72' lang='grc' dir='ltr'>νίκης,</span> 
     </span>
    </p>
   </div>
   <div class='ocr_carea' id='block_1_82' title="bbox 1088 1897 1882 1934">
    <p class='ocr_par' dir='ltr' id='par_1_82' title="bbox 1088 1897 1882 1934">
     <span class='ocr_line' id='line_1_82' title="bbox 1088 1897 1882 1934; baseline -0.005 -8"><span class='ocrx_word' id='word_1_547' title='bbox 1088 1901 1144 1930; x_wconf 79' lang='grc' dir='ltr'>τοῖς</span> <span class='ocrx_word' id='word_1_548' title='bbox 1177 1899 1349 1934; x_wconf 78' lang='grc' dir='ltr'>εἰρηνεύουσι</span> <span class='ocrx_word' id='word_1_549' title='bbox 1378 1898 1520 1926; x_wconf 86' lang='grc' dir='ltr'>συντονίαν</span> <span class='ocrx_word' id='word_1_550' title='bbox 1535 1899 1603 1934; x_wconf 78' lang='grc' dir='ltr'>πρὸς</span> <span class='ocrx_word' id='word_1_551' title='bbox 1621 1898 1713 1925; x_wconf 75' lang='grc' dir='ltr'>πᾶσαν</span> <span class='ocrx_word' id='word_1_552' title='bbox 1739 1897 1882 1924; x_wconf 77' lang='grc' dir='ltr'>εὐσέϐειαν</span> 
     </span>
    </p>
   </div>
   <div class='ocr_carea' id='block_1_83' title="bbox 1088 1943 1882 1980">
    <p class='ocr_par' dir='ltr' id='par_1_83' title="bbox 1088 1943 1882 1980">
     <span class='ocr_line' id='line_1_83' title="bbox 1088 1943 1882 1980; baseline -0.004 -9"><span class='ocrx_word' id='word_1_553' title='bbox 1088 1945 1135 1971; x_wconf 75' lang='grc' dir='ltr'>καὶ</span> <span class='ocrx_word' id='word_1_554' title='bbox 1147 1944 1369 1980; x_wconf 81' lang='grc' dir='ltr'>δικαιοπραγίαν.</span> <span class='ocrx_word' id='word_1_555' title='bbox 1388 1944 1475 1971; x_wconf 78' lang='grc' dir='ltr'>Πᾶσιν</span> <span class='ocrx_word' id='word_1_556' title='bbox 1499 1943 1648 1978; x_wconf 77' lang='grc' dir='ltr'>ἐπεύχεται</span> <span class='ocrx_word' id='word_1_557' title='bbox 1663 1943 1882 1978; x_wconf 84' lang='grc' dir='ltr'>Χριστομιμήτῳ</span> 
     </span>
    </p>
   </div>
   <div class='ocr_carea' id='block_1_84' title="bbox 1088 1988 1882 2026">
    <p class='ocr_par' dir='ltr' id='par_1_84' title="bbox 1088 1988 1882 2026">
     <span class='ocr_line' id='line_1_84' title="bbox 1088 1988 1882 2026; baseline -0.003 -10"><span class='ocrx_word' id='word_1_558' title='bbox 1088 1990 1253 2026; x_wconf 75' lang='grc' dir='ltr'>χρηστότητι</span> <span class='ocrx_word' id='word_1_559' title='bbox 1265 1990 1299 2017; x_wconf 76' lang='grc' dir='ltr'>τὰ</span> <span class='ocrx_word' id='word_1_560' title='bbox 1315 1989 1422 2025; x_wconf 83' lang='grc' dir='ltr'>χρηστὰ</span> <span class='ocrx_word' id='word_1_561' title='bbox 1438 1990 1485 2016; x_wconf 73' lang='grc' dir='ltr'>καὶ</span> <span class='ocrx_word' id='word_1_562' title='bbox 1497 1989 1635 2024; x_wconf 75' lang='grc' dir='ltr'>λυσιτελῆ,</span> <span class='ocrx_word' id='word_1_563' title='bbox 1646 1988 1684 2020; x_wconf 84' lang='grc' dir='ltr'>ὡς</span> <span class='ocrx_word' id='word_1_564' title='bbox 1695 1989 1798 2020; x_wconf 86' lang='grc' dir='ltr'>τέλειος</span> <span class='ocrx_word' id='word_1_565' title='bbox 1813 1989 1882 2023; x_wconf 79' lang='grc' dir='ltr'>Χρι-</span> 
     </span>
    </p>
   </div>
   <div class='ocr_carea' id='block_1_85' title="bbox 1089 2033 1882 2071">
    <p class='ocr_par' dir='ltr' id='par_1_85' title="bbox 1089 2033 1882 2071">
     <span class='ocr_line' id='line_1_85' title="bbox 1089 2033 1882 2071; baseline -0.004 -9"><span class='ocrx_word' id='word_1_566' title='bbox 1089 2035 1152 2062; x_wconf 79' lang='grc' dir='ltr'>στοῦ</span> <span class='ocrx_word' id='word_1_567' title='bbox 1169 2035 1309 2071; x_wconf 82' lang='grc' dir='ltr'>μαθητής·</span> <span class='ocrx_word' id='word_1_568' title='bbox 1324 2035 1361 2067; x_wconf 83' lang='grc' dir='ltr'>ὡς</span> <span class='ocrx_word' id='word_1_569' title='bbox 1378 2035 1551 2070; x_wconf 73' lang='grc' dir='ltr'>φιλόπατρις,</span> <span class='ocrx_word' id='word_1_570' title='bbox 1575 2035 1608 2069; x_wconf 84' lang='grc' dir='ltr'>τῇ</span> <span class='ocrx_word' id='word_1_571' title='bbox 1627 2034 1737 2069; x_wconf 78' lang='grc' dir='ltr'>πατρίδι</span> <span class='ocrx_word' id='word_1_572' title='bbox 1762 2033 1812 2068; x_wconf 87' lang='grc' dir='ltr'>τὴν</span> <span class='ocrx_word' id='word_1_573' title='bbox 1828 2033 1882 2060; x_wconf 77' lang='grc' dir='ltr'><strong>ἀπὸ</strong></span> 
     </span>
    </p>
   </div>
   <div class='ocr_carea' id='block_1_86' title="bbox 1088 2078 1882 2116">
    <p class='ocr_par' dir='ltr' id='par_1_86' title="bbox 1088 2078 1882 2116">
     <span class='ocr_line' id='line_1_86' title="bbox 1088 2078 1882 2116; baseline -0.006 -7"><span class='ocrx_word' id='word_1_574' title='bbox 1088 2082 1212 2109; x_wconf 77' lang='grc' dir='ltr'>κινδύνου</span> <span class='ocrx_word' id='word_1_575' title='bbox 1237 2081 1458 2116; x_wconf 73' lang='grc' dir='ltr'>παντολύτρωσιν</span> <span class='ocrx_word' id='word_1_576' title='bbox 1470 2087 1477 2096; x_wconf 73' lang='grc' dir='ltr'><strong><em>ο</em></strong></span> <span class='ocrx_word' id='word_1_577' title='bbox 1504 2079 1622 2114; x_wconf 75' lang='grc' dir='ltr'>μάλιστα</span> <span class='ocrx_word' id='word_1_578' title='bbox 1641 2079 1669 2105; x_wconf 81' lang='grc' dir='ltr'>δὲ</span> <span class='ocrx_word' id='word_1_579' title='bbox 1690 2080 1746 2110; x_wconf 80' lang='grc' dir='ltr'>τοῖς</span> <span class='ocrx_word' id='word_1_580' title='bbox 1760 2078 1882 2112; x_wconf 77' lang='grc' dir='ltr'>γνησίως</span> 
     </span>
    </p>
   </div>
   <div class='ocr_carea' id='block_1_87' title="bbox 1088 2123 1881 2162">
    <p class='ocr_par' dir='ltr' id='par_1_87' title="bbox 1088 2123 1881 2162">
     <span class='ocr_line' id='line_1_87' title="bbox 1088 2123 1881 2162; baseline -0.008 -8"><span class='ocrx_word' id='word_1_581' title='bbox 1088 2127 1170 2154; x_wconf 72' lang='grc' dir='ltr'>αὑτοῦ</span> <span class='ocrx_word' id='word_1_582' title='bbox 1202 2126 1383 2162; x_wconf 73' lang='grc' dir='ltr'>μνημονεύειν</span> <span class='ocrx_word' id='word_1_583' title='bbox 1411 2125 1550 2160; x_wconf 81' lang='grc' dir='ltr'>μέλλουσι,</span> <span class='ocrx_word' id='word_1_584' title='bbox 1567 2124 1613 2150; x_wconf 75' lang='grc' dir='ltr'><strong>καὶ</strong></span> <span class='ocrx_word' id='word_1_585' title='bbox 1628 2125 1660 2158; x_wconf 77' lang='grc' dir='ltr'><strong>τῇ</strong></span> <span class='ocrx_word' id='word_1_586' title='bbox 1678 2123 1730 2149; x_wconf 85' lang='grc' dir='ltr'>τῶν</span> <span class='ocrx_word' id='word_1_587' title='bbox 1747 2123 1881 2157; x_wconf 76' lang='grc' dir='ltr'>λειψάνων</span> 
     </span>
    </p>
   </div>
   <div class='ocr_carea' id='block_1_88' title="bbox 1087 2167 1880 2209">
    <p class='ocr_par' dir='ltr' id='par_1_88' title="bbox 1087 2167 1880 2209">
     <span class='ocr_line' id='line_1_88' title="bbox 1087 2167 1880 2209; baseline -0.009 -10"><span class='ocrx_word' id='word_1_588' title='bbox 1087 2172 1158 2209; x_wconf 79' lang='grc' dir='ltr'><strong>θήκῃ</strong></span> <span class='ocrx_word' id='word_1_589' title='bbox 1171 2173 1332 2206; x_wconf 72' lang='grc' dir='ltr'>πελάζουσιν</span> <span class='ocrx_word' id='word_1_590' title='bbox 1351 2171 1507 2205; x_wconf 73' lang='grc' dir='ltr'>οἰκοδομαῖς</span> <span class='ocrx_word' id='word_1_591' title='bbox 1532 2178 1561 2196; x_wconf 83' lang='grc' dir='ltr'><strong>τε</strong></span> <span class='ocrx_word' id='word_1_592' title='bbox 1582 2168 1753 2204; x_wconf 73' lang='grc' dir='ltr'>χαρίζεσθαι,</span> <span class='ocrx_word' id='word_1_593' title='bbox 1783 2167 1880 2201; x_wconf 82' lang='grc' dir='ltr'>ὕμνοις</span> 
     </span>
    </p>
   </div>
   <div class='ocr_carea' id='block_1_89' title="bbox 1086 2212 1880 2249">
    <p class='ocr_par' dir='ltr' id='par_1_89' title="bbox 1086 2212 1880 2249">
     <span class='ocr_line' id='line_1_89' title="bbox 1086 2212 1880 2249; baseline -0.009 -4"><span class='ocrx_word' id='word_1_594' title='bbox 1086 2227 1115 2244; x_wconf 85' lang='grc' dir='ltr'><strong>τε</strong></span> <span class='ocrx_word' id='word_1_595' title='bbox 1146 2219 1192 2244; x_wconf 73' lang='grc' dir='ltr'>καὶ</span> <span class='ocrx_word' id='word_1_596' title='bbox 1217 2218 1324 2249; x_wconf 74' lang='grc' dir='ltr'>θυσίαις</span> <span class='ocrx_word' id='word_1_597' title='bbox 1350 2215 1522 2248; x_wconf 75' lang='grc' dir='ltr'>δεξιοῦσθαι·</span> <span class='ocrx_word' id='word_1_598' title='bbox 1549 2214 1636 2249; x_wconf 83' lang='grc' dir='ltr'>τούτῳ</span> <span class='ocrx_word' id='word_1_599' title='bbox 1657 2212 1811 2249; x_wconf 79' lang='grc' dir='ltr'>προσιοῦσι,</span> <span class='ocrx_word' id='word_1_600' title='bbox 1831 2213 1880 2240; x_wconf 77' lang='grc' dir='ltr'>τιᾶ-</span> 
     </span>
    </p>
   </div>
   <div class='ocr_carea' id='block_1_90' title="bbox 245 2258 1038 2298">
    <p class='ocr_par' dir='ltr' id='par_1_90' title="bbox 245 2258 1029 2297">
     <span class='ocr_line' id='line_1_90' title="bbox 245 2258 1029 2297; baseline 0.006 -12"><span class='ocrx_word' id='word_1_601' title='bbox 245 2262 305 2286; x_wconf 88' lang='lat' dir='ltr'><strong>ctus</strong></span> <span class='ocrx_word' id='word_1_602' title='bbox 319 2258 422 2286; x_wconf 84' lang='lat' dir='ltr'><strong>Christi</strong></span> <span class='ocrx_word' id='word_1_603' title='bbox 438 2259 601 2294; x_wconf 89' lang='lat' dir='ltr'><strong>discipulus.</strong></span> <span class='ocrx_word' id='word_1_604' title='bbox 617 2259 652 2287; x_wconf 91' lang='lat' dir='ltr'><strong>Ut</strong></span> <span class='ocrx_word' id='word_1_605' title='bbox 663 2260 758 2294; x_wconf 82' lang='lat' dir='ltr'><strong>patriae</strong></span> <span class='ocrx_word' id='word_1_606' title='bbox 784 2269 892 2292; x_wconf 86' lang='lat' dir='ltr'><strong>amans.</strong></span> <span class='ocrx_word' id='word_1_607' title='bbox 925 2264 1029 2297; x_wconf 56' lang='lat' dir='ltr'><strong>patri-te,</strong></span> 
     </span>
    </p>
   </div>
   <div class='ocr_carea' id='block_1_91' title="bbox 1090 2258 1876 2298">
    <p class='ocr_par' dir='ltr' id='par_1_91' title="bbox 1090 2258 1876 2298">
     <span class='ocr_line' id='line_1_91' title="bbox 1090 2258 1876 2298; baseline -0.008 -7"><span class='ocrx_word' id='word_1_608' title='bbox 1090 2273 1136 2291; x_wconf 90' lang='grc' dir='ltr'><strong>σαν</strong></span> <span class='ocrx_word' id='word_1_609' title='bbox 1166 2263 1257 2296; x_wconf 73' lang='grc' dir='ltr'>δεξιὰν</span> <span class='ocrx_word' id='word_1_610' title='bbox 1282 2263 1362 2298; x_wconf 74' lang='grc' dir='ltr'>χάριν</span> <span class='ocrx_word' id='word_1_611' title='bbox 1375 2262 1421 2288; x_wconf 73' lang='grc' dir='ltr'><strong>καὶ</strong></span> <span class='ocrx_word' id='word_1_612' title='bbox 1436 2262 1570 2296; x_wconf 84' lang='grc' dir='ltr'>σωτήριον</span> <span class='ocrx_word' id='word_1_613' title='bbox 1595 2261 1743 2294; x_wconf 80' lang='grc' dir='ltr'>ἐπεύχεται</span> <span class='ocrx_word' id='word_1_614' title='bbox 1760 2258 1876 2294; x_wconf 83' lang='grc' dir='ltr'>δωρεάν.</span> 
     </span>
    </p>
   </div>
   <div class='ocr_carea' id='block_1_92' title="bbox 244 2303 1878 2344">
    <p class='ocr_par' dir='ltr' id='par_1_92' title="bbox 244 2303 1878 2344">
     <span class='ocr_line' id='line_1_92' title="bbox 244 2303 1878 2344; baseline -0.002 -9"><span class='ocrx_word' id='word_1_615' title='bbox 244 2306 275 2331; x_wconf 69' lang='lat' dir='ltr'><strong>ul</strong></span> <span class='ocrx_word' id='word_1_616' title='bbox 287 2303 322 2330; x_wconf 75' lang='lat' dir='ltr'><strong>ab</strong></span> <span class='ocrx_word' id='word_1_617' title='bbox 334 2304 408 2331; x_wconf 74' lang='lat' dir='ltr'><strong>omni</strong></span> <span class='ocrx_word' id='word_1_618' title='bbox 429 2308 485 2332; x_wconf 75' lang='lat' dir='ltr'><strong>luta</strong></span> <span class='ocrx_word' id='word_1_619' title='bbox 499 2305 665 2339; x_wconf 81' lang='lat' dir='ltr'><strong>perieulosit</strong></span> <span class='ocrx_word' id='word_1_620' title='bbox 677 2307 1121 2344; x_wconf 76' lang='lat' dir='ltr'><strong>omniquebostiumgrassatione</strong></span> <span class='ocrx_word' id='word_1_621' title='bbox 1149 2311 1297 2341; x_wconf 83' lang='lat' dir='ltr'><strong>liberetur;</strong></span> <span class='ocrx_word' id='word_1_622' title='bbox 1327 2310 1361 2337; x_wconf 90' lang='lat' dir='ltr'><strong>iis</strong></span> <span class='ocrx_word' id='word_1_623' title='bbox 1393 2309 1555 2344; x_wconf 73' lang='lat' dir='ltr'><strong>praesertim.</strong></span> <span class='ocrx_word' id='word_1_624' title='bbox 1587 2307 1634 2343; x_wconf 85' lang='lat' dir='ltr'><strong>qui</strong></span> <span class='ocrx_word' id='word_1_625' title='bbox 1668 2307 1741 2334; x_wconf 88' lang='lat' dir='ltr'><strong>illius</strong></span> <span class='ocrx_word' id='word_1_626' title='bbox 1770 2307 1878 2333; x_wconf 87' lang='lat' dir='ltr'><strong>sincere</strong></span> 
     </span>
    </p>
   </div>
   <div class='ocr_carea' id='block_1_93' title="bbox 243 2348 1877 2390">
    <p class='ocr_par' dir='ltr' id='par_1_93' title="bbox 243 2348 1877 2390">
     <span class='ocr_line' id='line_1_93' title="bbox 243 2348 1877 2390; baseline 0.002 -16"><span class='ocrx_word' id='word_1_627' title='bbox 243 2354 379 2376; x_wconf 88' lang='lat' dir='ltr'><strong>memores</strong></span> <span class='ocrx_word' id='word_1_628' title='bbox 414 2348 526 2382; x_wconf 79' lang='lat' dir='ltr'><strong>fuerint,</strong></span> <span class='ocrx_word' id='word_1_629' title='bbox 559 2358 591 2377; x_wconf 91' lang='lat' dir='ltr'><strong>ac</strong></span> <span class='ocrx_word' id='word_1_630' title='bbox 631 2352 809 2386; x_wconf 85' lang='lat' dir='ltr'><strong>reliquiarum</strong></span> <span class='ocrx_word' id='word_1_631' title='bbox 847 2354 938 2382; x_wconf 80' lang='lat' dir='ltr'><strong>loculo</strong></span> <span class='ocrx_word' id='word_1_632' title='bbox 971 2357 1157 2388; x_wconf 86' lang='lat' dir='ltr'><strong>accesserint,</strong></span> <span class='ocrx_word' id='word_1_633' title='bbox 1185 2356 1310 2383; x_wconf 75' lang='lat' dir='ltr'><strong>:ediﬁciis</strong></span> <span class='ocrx_word' id='word_1_634' title='bbox 1338 2355 1535 2390; x_wconf 67' lang='lat' dir='ltr'><strong>prmslitt‘rittl,</strong></span> <span class='ocrx_word' id='word_1_635' title='bbox 1575 2353 1690 2381; x_wconf 86' lang='lat' dir='ltr'><strong>canticis</strong></span> <span class='ocrx_word' id='word_1_636' title='bbox 1727 2351 1877 2379; x_wconf 88' lang='lat' dir='ltr'><strong>oblationi-</strong></span> 
     </span>
    </p>
   </div>
   <div class='ocr_carea' id='block_1_94' title="bbox 242 2391 1752 2438">
    <p class='ocr_par' dir='ltr' id='par_1_94' title="bbox 242 2391 1752 2438">
     <span class='ocr_line' id='line_1_94' title="bbox 242 2391 1752 2438; baseline 0 -13"><span class='ocrx_word' id='word_1_637' title='bbox 242 2391 347 2427; x_wconf 80' lang='lat' dir='ltr'><strong>busque</strong></span> <span class='ocrx_word' id='word_1_638' title='bbox 361 2395 526 2429; x_wconf 75' lang='lat' dir='ltr'><strong>acceperint.</strong></span> <span class='ocrx_word' id='word_1_639' title='bbox 539 2395 590 2429; x_wconf 85' lang='lat' dir='ltr'><strong>Qui</strong></span> <span class='ocrx_word' id='word_1_640' title='bbox 606 2404 635 2424; x_wconf 90' lang='lat' dir='ltr'><strong>se</strong></span> <span class='ocrx_word' id='word_1_641' title='bbox 650 2397 758 2431; x_wconf 85' lang='lat' dir='ltr'><strong>adeant,</strong></span> <span class='ocrx_word' id='word_1_642' title='bbox 775 2398 892 2427; x_wconf 83' lang='lat' dir='ltr'><strong>faustam</strong></span> <span class='ocrx_word' id='word_1_643' title='bbox 911 2409 1020 2429; x_wconf 82' lang='lat' dir='ltr'><strong>omnem</strong></span> <span class='ocrx_word' id='word_1_644' title='bbox 1042 2403 1158 2438; x_wconf 75' lang='lat' dir='ltr'><strong>gratiam</strong></span> <span class='ocrx_word' id='word_1_645' title='bbox 1174 2407 1363 2437; x_wconf 82' lang='lat' dir='ltr'><strong>eomprecatur</strong></span> <span class='ocrx_word' id='word_1_646' title='bbox 1378 2409 1409 2428; x_wconf 86' lang='lat' dir='ltr'><strong>ae</strong></span> <span class='ocrx_word' id='word_1_647' title='bbox 1423 2401 1546 2429; x_wconf 85' lang='lat' dir='ltr'><strong>salutare</strong></span> <span class='ocrx_word' id='word_1_648' title='bbox 1570 2407 1670 2427; x_wconf 90' lang='lat' dir='ltr'><strong>munus</strong></span> <span class='ocrx_word' id='word_1_649' title='bbox 1684 2399 1752 2434; x_wconf 92' lang='lat' dir='ltr'><strong>(Il).</strong></span> 
     </span>
    </p>
   </div>
   <div class='ocr_carea' id='block_1_95' title="bbox 276 2439 1034 2480">
    <p class='ocr_par' dir='ltr' id='par_1_95' title="bbox 276 2439 1034 2480">
     <span class='ocr_line' id='line_1_95' title="bbox 276 2439 1034 2480; baseline 0.011 -12"><span class='ocrx_word' id='word_1_650' title='bbox 276 2439 322 2468; x_wconf 83' lang='grc'><strong>20.</strong></span> <span class='ocrx_word' id='word_1_651' title='bbox 338 2440 367 2467; x_wconf 91' lang='lat' dir='ltr'><strong>ln</strong></span> <span class='ocrx_word' id='word_1_652' title='bbox 391 2440 464 2470; x_wconf 89' lang='lat' dir='ltr'><strong>hunc</strong></span> <span class='ocrx_word' id='word_1_653' title='bbox 481 2443 590 2470; x_wconf 91' lang='lat' dir='ltr'><strong>modum</strong></span> <span class='ocrx_word' id='word_1_654' title='bbox 619 2449 746 2479; x_wconf 87' lang='lat' dir='ltr'><strong>precatus</strong></span> <span class='ocrx_word' id='word_1_655' title='bbox 763 2447 805 2474; x_wconf 87' lang='lat' dir='ltr'><strong>vir</strong></span> <span class='ocrx_word' id='word_1_656' title='bbox 822 2447 941 2480; x_wconf 70' lang='lat' dir='ltr'><strong>divinus,</strong></span> <span class='ocrx_word' id='word_1_657' title='bbox 971 2449 1034 2476; x_wconf 86' lang='lat' dir='ltr'><strong>diu-</strong></span> 
     </span>
    </p>
   </div>
   <div class='ocr_carea' id='block_1_96' title="bbox 241 2490 1029 2524">
    <p class='ocr_par' dir='ltr' id='par_1_96' title="bbox 241 2490 1029 2524">
     <span class='ocr_line' id='line_1_96' title="bbox 241 2490 1029 2524; baseline 0.013 -12"><span class='ocrx_word' id='word_1_658' title='bbox 241 2492 295 2520; x_wconf 90' lang='lat' dir='ltr'><strong>que</strong></span> <span class='ocrx_word' id='word_1_659' title='bbox 309 2493 388 2514; x_wconf 88' lang='lat' dir='ltr'><strong>sacro</strong></span> <span class='ocrx_word' id='word_1_660' title='bbox 403 2492 509 2516; x_wconf 88' lang='lat' dir='ltr'><strong>astante</strong></span> <span class='ocrx_word' id='word_1_661' title='bbox 533 2490 691 2524; x_wconf 75' lang='lat' dir='ltr'><strong>angelorum</strong></span> <span class='ocrx_word' id='word_1_662' title='bbox 713 2492 798 2519; x_wconf 87' lang='lat' dir='ltr'><strong>choro</strong></span> <span class='ocrx_word' id='word_1_663' title='bbox 813 2500 891 2520; x_wconf 88' lang='lat' dir='ltr'><strong>sacre</strong></span> <span class='ocrx_word' id='word_1_664' title='bbox 908 2493 1029 2522; x_wconf 85' lang='lat' dir='ltr'><strong>delecta-</strong></span> 
     </span>
    </p>
   </div>
   <div class='ocr_carea' id='block_1_97' title="bbox 241 2538 1026 2573">
    <p class='ocr_par' dir='ltr' id='par_1_97' title="bbox 241 2538 1026 2573">
     <span class='ocr_line' id='line_1_97' title="bbox 241 2538 1026 2573; baseline 0.01 -14"><span class='ocrx_word' id='word_1_665' title='bbox 241 2538 285 2560; x_wconf 90' lang='lat' dir='ltr'><strong>tus</strong></span> <span class='ocrx_word' id='word_1_666' title='bbox 302 2538 445 2569; x_wconf 86' lang='lat' dir='ltr'><strong>menteque</strong></span> <span class='ocrx_word' id='word_1_667' title='bbox 465 2542 614 2569; x_wconf 80' lang='lat' dir='ltr'><strong>recreatus,</strong></span> <span class='ocrx_word' id='word_1_668' title='bbox 630 2541 742 2573; x_wconf 90' lang='lat' dir='ltr'><strong>tumque</strong></span> <span class='ocrx_word' id='word_1_669' title='bbox 767 2539 847 2566; x_wconf 85' lang='lat' dir='ltr'><strong>tertio</strong></span> <span class='ocrx_word' id='word_1_670' title='bbox 863 2540 1026 2568; x_wconf 81' lang='lat' dir='ltr'><strong>deiformem</strong></span> 
     </span>
    </p>
   </div>
   <div class='ocr_carea' id='block_1_98' title="bbox 241 2579 1029 2620">
    <p class='ocr_par' dir='ltr' id='par_1_98' title="bbox 241 2579 1029 2620">
     <span class='ocr_line' id='line_1_98' title="bbox 241 2579 1029 2620; baseline 0.011 -15"><span class='ocrx_word' id='word_1_671' title='bbox 241 2579 408 2615; x_wconf 80' lang='lat' dir='ltr'><strong>consignans</strong></span> <span class='ocrx_word' id='word_1_672' title='bbox 433 2581 536 2609; x_wconf 77' lang='lat' dir='ltr'><strong>vultum</strong></span> <span class='ocrx_word' id='word_1_673' title='bbox 554 2583 659 2617; x_wconf 69' lang='lat' dir='ltr'><strong>(oquze</strong></span> <span class='ocrx_word' id='word_1_674' title='bbox 689 2588 755 2611; x_wconf 85' lang='lat' dir='ltr'><strong>tunc</strong></span> <span class='ocrx_word' id='word_1_675' title='bbox 782 2586 914 2620; x_wconf 84' lang='lat' dir='ltr'><strong>temporis</strong></span> <span class='ocrx_word' id='word_1_676' title='bbox 939 2586 1029 2614; x_wconf 90' lang='lat' dir='ltr'><strong>locum</strong></span> 
     </span>
    </p>
   </div>
   <div class='ocr_carea' id='block_1_99' title="bbox 241 2625 1029 2667">
    <p class='ocr_par' dir='ltr' id='par_1_99' title="bbox 241 2625 1029 2667">
     <span class='ocr_line' id='line_1_99' title="bbox 241 2625 1029 2667; baseline 0.011 -16"><span class='ocrx_word' id='word_1_677' title='bbox 241 2625 400 2660; x_wconf 75' lang='lat' dir='ltr'><strong>impleverat</strong></span> <span class='ocrx_word' id='word_1_678' title='bbox 416 2627 528 2662; x_wconf 76' lang='lat' dir='ltr'><strong>mystica</strong></span> <span class='ocrx_word' id='word_1_679' title='bbox 547 2628 709 2662; x_wconf 88' lang='lat' dir='ltr'><strong>jucumlitas</strong></span> <span class='ocrx_word' id='word_1_680' title='bbox 728 2630 943 2667; x_wconf 89' lang='lat' dir='ltr'><strong>divinarumque</strong></span> <span class='ocrx_word' id='word_1_681' title='bbox 969 2633 1029 2660; x_wconf 90' lang='lat' dir='ltr'><strong>lau-</strong></span> 
     </span>
    </p>
   </div>
   <div class='ocr_carea' id='block_1_100' title="bbox 240 2672 1028 2707">
    <p class='ocr_par' dir='ltr' id='par_1_100' title="bbox 240 2672 1028 2707">
     <span class='ocr_line' id='line_1_100' title="bbox 240 2672 1028 2707; baseline 0.008 -8"><span class='ocrx_word' id='word_1_682' title='bbox 240 2672 305 2699; x_wconf 89' lang='lat' dir='ltr'><strong>dum</strong></span> <span class='ocrx_word' id='word_1_683' title='bbox 335 2673 480 2707; x_wconf 72' lang='lat' dir='ltr'><strong>t&#39;antica!)</strong></span> <span class='ocrx_word' id='word_1_684' title='bbox 500 2680 625 2703; x_wconf 82' lang='lat' dir='ltr'><strong>sanetum</strong></span> <span class='ocrx_word' id='word_1_685' title='bbox 650 2675 691 2703; x_wconf 86' lang='lat' dir='ltr'><strong>eis</strong></span> <span class='ocrx_word' id='word_1_686' title='bbox 720 2681 833 2704; x_wconf 83' lang='lat' dir='ltr'><strong>sanctus</strong></span> <span class='ocrx_word' id='word_1_687' title='bbox 865 2678 947 2705; x_wconf 84' lang='lat' dir='ltr'><strong>tradit</strong></span> <span class='ocrx_word' id='word_1_688' title='bbox 972 2679 1028 2707; x_wconf 87' lang='lat' dir='ltr'><strong>ani-</strong></span> 
     </span>
    </p>
   </div>
   <div class='ocr_carea' id='block_1_101' title="bbox 276 2758 519 2793">
    <p class='ocr_par' dir='ltr' id='par_1_101' title="bbox 276 2758 519 2793">
     <span class='ocr_line' id='line_1_101' title="bbox 276 2758 519 2793; baseline 0.016 -9"><span class='ocrx_word' id='word_1_689' title='bbox 276 2758 287 2774; x_wconf 85' lang='grc'><strong><em>⁸</em></strong></span> <span class='ocrx_word' id='word_1_690' title='bbox 302 2760 387 2793; x_wconf 75' lang='lat' dir='ltr'><strong>Apoc.</strong></span> <span class='ocrx_word' id='word_1_691' title='bbox 403 2768 459 2791; x_wconf 68' lang='grc' dir='ltr'><strong>χχι,</strong></span> <span class='ocrx_word' id='word_1_692' title='bbox 475 2760 519 2788; x_wconf 66' lang='lat'><strong>95.</strong></span> 
     </span>
    </p>
   </div>
   <div class='ocr_carea' id='block_1_102' title="bbox 277 2826 1027 2865">
    <p class='ocr_par' dir='ltr' id='par_1_102' title="bbox 277 2826 1027 2865">
     <span class='ocr_line' id='line_1_102' title="bbox 277 2826 1027 2865; baseline 0.005 -10"><span class='ocrx_word' id='word_1_693' title='bbox 277 2826 332 2860; x_wconf 76' lang='lat' dir='ltr'><strong>(ll)</strong></span> <span class='ocrx_word' id='word_1_694' title='bbox 346 2826 470 2865; x_wconf 79' lang='lat' dir='ltr'><strong>Diximus</strong></span> <span class='ocrx_word' id='word_1_695' title='bbox 494 2829 561 2857; x_wconf 81' lang='lat' dir='ltr'><strong>alias</strong></span> <span class='ocrx_word' id='word_1_696' title='bbox 580 2838 633 2857; x_wconf 88' lang='lat' dir='ltr'><strong>non</strong></span> <span class='ocrx_word' id='word_1_697' title='bbox 651 2831 756 2865; x_wconf 75' lang='lat' dir='ltr'><strong>placere</strong></span> <span class='ocrx_word' id='word_1_698' title='bbox 769 2831 848 2858; x_wconf 82' lang='lat' dir='ltr'><strong>nobis</strong></span> <span class='ocrx_word' id='word_1_699' title='bbox 865 2831 938 2859; x_wconf 91' lang='lat' dir='ltr'><strong>illam</strong></span> <span class='ocrx_word' id='word_1_700' title='bbox 955 2840 1027 2859; x_wconf 84' lang='lat' dir='ltr'><strong>mar-</strong></span> 
     </span>
    </p>
   </div>
   <div class='ocr_carea' id='block_1_103' title="bbox 241 2862 1026 2901">
    <p class='ocr_par' dir='ltr' id='par_1_103' title="bbox 241 2862 1026 2901">
     <span class='ocr_line' id='line_1_103' title="bbox 241 2862 1026 2901; baseline 0.009 -13"><span class='ocrx_word' id='word_1_701' title='bbox 241 2862 330 2899; x_wconf 62' lang='lat' dir='ltr'><strong>lvtum</strong></span> <span class='ocrx_word' id='word_1_702' title='bbox 344 2863 604 2901; x_wconf 70' lang='lat' dir='ltr'><strong>virentiumcuram.</strong></span> <span class='ocrx_word' id='word_1_703' title='bbox 618 2862 670 2899; x_wconf 83' lang='lat' dir='ltr'><strong>qua</strong></span> <span class='ocrx_word' id='word_1_704' title='bbox 683 2867 698 2892; x_wconf 78' lang='grc' dir='ltr'>ι’</span> <span class='ocrx_word' id='word_1_705' title='bbox 735 2874 847 2898; x_wconf 71' lang='lat' dir='ltr'><strong>corpore</strong></span> <span class='ocrx_word' id='word_1_706' title='bbox 859 2871 886 2893; x_wconf 88' lang='lat' dir='ltr'><strong>et</strong></span> <span class='ocrx_word' id='word_1_707' title='bbox 903 2867 1026 2901; x_wconf 88' lang='lat' dir='ltr'><strong>reliquiis</strong></span> 
     </span>
    </p>
   </div>
   <div class='ocr_carea' id='block_1_104' title="bbox 241 2899 1025 2937">
    <p class='ocr_par' dir='ltr' id='par_1_104' title="bbox 241 2899 1025 2937">
     <span class='ocr_line' id='line_1_104' title="bbox 241 2899 1025 2937; baseline 0.01 -13"><span class='ocrx_word' id='word_1_708' title='bbox 241 2901 301 2924; x_wconf 73' lang='lat' dir='ltr'><strong>luis</strong></span> <span class='ocrx_word' id='word_1_709' title='bbox 322 2901 386 2924; x_wconf 83' lang='lat' dir='ltr'><strong>sunt</strong></span> <span class='ocrx_word' id='word_1_710' title='bbox 415 2899 536 2934; x_wconf 86' lang='lat' dir='ltr'><strong>solliciti,</strong></span> <span class='ocrx_word' id='word_1_711' title='bbox 562 2901 694 2937; x_wconf 82' lang='lat' dir='ltr'><strong>quidquid</strong></span> <span class='ocrx_word' id='word_1_712' title='bbox 723 2901 810 2930; x_wconf 83' lang='lat' dir='ltr'><strong>bicin</strong></span> <span class='ocrx_word' id='word_1_713' title='bbox 826 2902 899 2931; x_wconf 83' lang='lat' dir='ltr'><strong>uotis</strong></span> <span class='ocrx_word' id='word_1_714' title='bbox 926 2899 984 2931; x_wconf 85' lang='lat' dir='ltr'><strong>suis</strong></span> <span class='ocrx_word' id='word_1_715' title='bbox 999 2903 1025 2932; x_wconf 90' lang='lat' dir='ltr'><strong>id</strong></span> 
     </span>
    </p>
   </div>
   <div class='ocr_carea' id='block_1_105' title="bbox 1123 2445 1877 2484">
    <p class='ocr_par' dir='ltr' id='par_1_105' title="bbox 1123 2445 1877 2484">
     <span class='ocr_line' id='line_1_105' title="bbox 1123 2445 1877 2484; baseline -0.005 -8"><span class='ocrx_word' id='word_1_716' title='bbox 1123 2449 1157 2477; x_wconf 86' lang='grc' dir='ltr'><strong>κ’.</strong></span> <span class='ocrx_word' id='word_1_717' title='bbox 1175 2449 1253 2477; x_wconf 79' lang='grc' dir='ltr'>Οὕτω</span> <span class='ocrx_word' id='word_1_718' title='bbox 1277 2449 1497 2484; x_wconf 76' lang='grc' dir='ltr'>προσευξάμενος</span> <span class='ocrx_word' id='word_1_719' title='bbox 1519 2449 1534 2475; x_wconf 85' lang='lat'><strong>6</strong></span> <span class='ocrx_word' id='word_1_720' title='bbox 1556 2448 1627 2478; x_wconf 77' lang='grc' dir='ltr'>θεῖος</span> <span class='ocrx_word' id='word_1_721' title='bbox 1653 2447 1734 2482; x_wconf 77' lang='grc' dir='ltr'>ἀνὴρ,</span> <span class='ocrx_word' id='word_1_722' title='bbox 1761 2446 1809 2473; x_wconf 83' lang='grc' dir='ltr'>καὶ</span> <span class='ocrx_word' id='word_1_723' title='bbox 1831 2445 1877 2472; x_wconf 73' lang='grc' dir='ltr'><strong>ἐπὶ</strong></span> 
     </span>
    </p>
   </div>
   <div class='ocr_carea' id='block_1_106' title="bbox 1087 2492 1877 2531">
    <p class='ocr_par' dir='ltr' id='par_1_106' title="bbox 1087 2492 1877 2531">
     <span class='ocr_line' id='line_1_106' title="bbox 1087 2492 1877 2531; baseline -0.005 -9"><span class='ocrx_word' id='word_1_724' title='bbox 1087 2496 1153 2523; x_wconf 83' lang='grc' dir='ltr'>πολὺ</span> <span class='ocrx_word' id='word_1_725' title='bbox 1179 2497 1235 2527; x_wconf 77' lang='grc' dir='ltr'>τοῖς</span> <span class='ocrx_word' id='word_1_726' title='bbox 1262 2496 1419 2531; x_wconf 74' lang='grc' dir='ltr'>παρεστῶσι</span> <span class='ocrx_word' id='word_1_727' title='bbox 1442 2496 1496 2522; x_wconf 82' lang='grc' dir='ltr'>τῶν</span> <span class='ocrx_word' id='word_1_728' title='bbox 1529 2494 1610 2530; x_wconf 84' lang='grc' dir='ltr'>ίερῶν</span> <span class='ocrx_word' id='word_1_729' title='bbox 1643 2494 1768 2528; x_wconf 82' lang='grc' dir='ltr'>ἀγγέλων</span> <span class='ocrx_word' id='word_1_730' title='bbox 1796 2492 1877 2527; x_wconf 82' lang='grc' dir='ltr'>ίερῶς</span> 
     </span>
    </p>
   </div>
   <div class='ocr_carea' id='block_1_107' title="bbox 1087 2537 1875 2577">
    <p class='ocr_par' dir='ltr' id='par_1_107' title="bbox 1087 2537 1875 2577">
     <span class='ocr_line' id='line_1_107' title="bbox 1087 2537 1875 2577; baseline -0.005 -9"><span class='ocrx_word' id='word_1_731' title='bbox 1087 2542 1251 2576; x_wconf 75' lang='grc' dir='ltr'>συνηδόμενο</span> <span class='ocrx_word' id='word_1_732' title='bbox 1259 2552 1277 2574; x_wconf 80' lang='grc'><strong>-,</strong></span> <span class='ocrx_word' id='word_1_733' title='bbox 1295 2544 1340 2569; x_wconf 75' lang='grc' dir='ltr'><strong>καὶ</strong></span> <span class='ocrx_word' id='word_1_734' title='bbox 1355 2542 1455 2577; x_wconf 77' lang='grc' dir='ltr'>νοερῶς</span> <span class='ocrx_word' id='word_1_735' title='bbox 1465 2540 1714 2576; x_wconf 79' lang='grc' dir='ltr'>κατατερπόμενος,</span> <span class='ocrx_word' id='word_1_736' title='bbox 1725 2537 1785 2565; x_wconf 78' lang='grc' dir='ltr'>εἶτα</span> <span class='ocrx_word' id='word_1_737' title='bbox 1796 2539 1875 2574; x_wconf 85' lang='grc' dir='ltr'>τρίτῃ</span> 
     </span>
    </p>
   </div>
   <div class='ocr_carea' id='block_1_108' title="bbox 1086 2585 1876 2623">
    <p class='ocr_par' dir='ltr' id='par_1_108' title="bbox 1086 2585 1876 2623">
     <span class='ocr_line' id='line_1_108' title="bbox 1086 2585 1876 2623; baseline -0.004 -9"><span class='ocrx_word' id='word_1_738' title='bbox 1086 2588 1215 2622; x_wconf 67' lang='grc' dir='ltr'>σφραγῖδι</span> <span class='ocrx_word' id='word_1_739' title='bbox 1224 2588 1254 2614; x_wconf 88' lang='grc' dir='ltr'>τὸ</span> <span class='ocrx_word' id='word_1_740' title='bbox 1265 2588 1381 2620; x_wconf 54' lang='lat' dir='ltr'><strong>omnes;</strong></span> <span class='ocrx_word' id='word_1_741' title='bbox 1392 2589 1536 2623; x_wconf 75' lang='grc' dir='ltr'>πρόσωπον</span> <span class='ocrx_word' id='word_1_742' title='bbox 1548 2586 1774 2621; x_wconf 79' lang='grc' dir='ltr'>σημειωσάμενος</span> <span class='ocrx_word' id='word_1_743' title='bbox 1784 2585 1817 2619; x_wconf 76' lang='grc' dir='ltr'><strong>(ὦ</strong></span> <span class='ocrx_word' id='word_1_744' title='bbox 1827 2585 1876 2618; x_wconf 72' lang='grc' dir='ltr'>τῆς</span> 
     </span>
    </p>
   </div>
   <div class='ocr_carea' id='block_1_109' title="bbox 1084 2631 1874 2668">
    <p class='ocr_par' dir='ltr' id='par_1_109' title="bbox 1084 2631 1874 2668">
     <span class='ocr_line' id='line_1_109' title="bbox 1084 2631 1874 2668; baseline -0.006 -8"><span class='ocrx_word' id='word_1_745' title='bbox 1084 2634 1144 2660; x_wconf 79' lang='grc' dir='ltr'>τότε</span> <span class='ocrx_word' id='word_1_746' title='bbox 1163 2634 1210 2660; x_wconf 79' lang='grc' dir='ltr'>τὸν</span> <span class='ocrx_word' id='word_1_747' title='bbox 1233 2634 1317 2660; x_wconf 76' lang='grc' dir='ltr'>τόπον</span> <span class='ocrx_word' id='word_1_748' title='bbox 1335 2635 1436 2660; x_wconf 85' lang='grc' dir='ltr'>ἐκεῖνον</span> <span class='ocrx_word' id='word_1_749' title='bbox 1449 2633 1632 2668; x_wconf 66' lang='grc' dir='ltr'>πληρωσάσης</span> <span class='ocrx_word' id='word_1_750' title='bbox 1649 2631 1784 2666; x_wconf 71' lang='grc' dir='ltr'>μυστικῆς</span> <span class='ocrx_word' id='word_1_751' title='bbox 1805 2631 1874 2664; x_wconf 86' lang='grc' dir='ltr'>θυμ-</span> 
     </span>
    </p>
   </div>
   <div class='ocr_carea' id='block_1_110' title="bbox 1083 2677 1874 2715">
    <p class='ocr_par' dir='ltr' id='par_1_110' title="bbox 1083 2677 1874 2715">
     <span class='ocr_line' id='line_1_110' title="bbox 1083 2677 1874 2715; baseline -0.003 -10"><span class='ocrx_word' id='word_1_752' title='bbox 1083 2679 1160 2715; x_wconf 72' lang='grc' dir='ltr'>η’ίας</span> <span class='ocrx_word' id='word_1_753' title='bbox 1172 2689 1217 2707; x_wconf 64' lang='grc' dir='ltr'><strong>καί</strong></span> <span class='ocrx_word' id='word_1_754' title='bbox 1230 2680 1403 2715; x_wconf 66' lang='grc' dir='ltr'>ὂοξολογίας),</span> <span class='ocrx_word' id='word_1_755' title='bbox 1416 2680 1463 2715; x_wconf 80' lang='grc' dir='ltr'>τὴν</span> <span class='ocrx_word' id='word_1_756' title='bbox 1474 2680 1554 2712; x_wconf 79' lang='grc' dir='ltr'>ἁγίαν</span> <span class='ocrx_word' id='word_1_757' title='bbox 1563 2678 1653 2709; x_wconf 77' lang='grc' dir='ltr'>αὐτοῖς</span> <span class='ocrx_word' id='word_1_758' title='bbox 1668 2679 1682 2704; x_wconf 90' lang='lat'><strong>6</strong></span> <span class='ocrx_word' id='word_1_759' title='bbox 1694 2677 1771 2712; x_wconf 71' lang='grc' dir='ltr'>ἅγιος</span> <span class='ocrx_word' id='word_1_760' title='bbox 1783 2685 1874 2712; x_wconf 78' lang='grc' dir='ltr'>παρα-</span> 
     </span>
    </p>
   </div>
   <div class='ocr_carea' id='block_1_111' title="bbox 1081 2833 1870 2869">
    <p class='ocr_par' dir='ltr' id='par_1_111' title="bbox 1081 2833 1870 2869">
     <span class='ocr_line' id='line_1_111' title="bbox 1081 2833 1870 2869; baseline 0 -9"><span class='ocrx_word' id='word_1_761' title='bbox 1081 2835 1218 2869; x_wconf 75' lang='lat' dir='ltr'><strong>explicare</strong></span> <span class='ocrx_word' id='word_1_762' title='bbox 1229 2836 1333 2862; x_wconf 87' lang='lat' dir='ltr'><strong>nitatur</strong></span> <span class='ocrx_word' id='word_1_763' title='bbox 1344 2834 1536 2862; x_wconf 79' lang='lat' dir='ltr'><strong>Combeiisius.</strong></span> <span class='ocrx_word' id='word_1_764' title='bbox 1554 2834 1643 2867; x_wconf 82' lang='lat' dir='ltr'><strong>Atque</strong></span> <span class='ocrx_word' id='word_1_765' title='bbox 1654 2834 1718 2860; x_wconf 88' lang='lat' dir='ltr'><strong>hinc</strong></span> <span class='ocrx_word' id='word_1_766' title='bbox 1733 2833 1870 2868; x_wconf 88' lang='lat' dir='ltr'><strong>suspicor,</strong></span> 
     </span>
    </p>
   </div>
   <div class='ocr_carea' id='block_1_112' title="bbox 1082 2869 1780 2899">
    <p class='ocr_par' dir='ltr' id='par_1_112' title="bbox 1082 2869 1780 2899">
     <span class='ocr_line' id='line_1_112' title="bbox 1082 2869 1780 2899; baseline -0.001 -2"><span class='ocrx_word' id='word_1_767' title='bbox 1082 2869 1155 2898; x_wconf 79' lang='lat' dir='ltr'><strong>hunc</strong></span> <span class='ocrx_word' id='word_1_768' title='bbox 1175 2878 1236 2899; x_wconf 73' lang='lat' dir='ltr'><strong>esse</strong></span> <span class='ocrx_word' id='word_1_769' title='bbox 1249 2871 1374 2899; x_wconf 73' lang='lat' dir='ltr'><strong>Graecum</strong></span> <span class='ocrx_word' id='word_1_770' title='bbox 1386 2869 1487 2898; x_wconf 79' lang='lat' dir='ltr'><strong>Niecta:</strong></span> <span class='ocrx_word' id='word_1_771' title='bbox 1503 2869 1622 2898; x_wconf 83' lang='lat' dir='ltr'><strong>rhetoris</strong></span> <span class='ocrx_word' id='word_1_772' title='bbox 1638 2874 1780 2897; x_wconf 86' lang='lat' dir='ltr'><strong>ornatum.</strong></span> 
     </span>
    </p>
   </div>
  </div>
