2089 3151
225 192 277 226 437

508 196 650 228 ORATIO
668 196 748 227 XIX.
762 209 796 215 —
810 197 850 227 IN
872 197 1028 229 LAUDEM
1048 197 1078 228 S.
1098 197 1308 228 HYACINTHI
1327 199 1558 232 AMASTRENI.

1805 201 1860 233 438

224 253 330 279 τίθεται
343 251 442 288 ψυχήν.
461 252 572 288 Ταύτην
595 254 644 289 μὲν
661 253 708 280 οὖν
723 254 804 285 εὐθὺς
820 255 834 281 ὸ
852 254 1009 290 παράδεισος

1069 260 1154 280 πιιιιη.
1171 253 1249 282 Hune
1262 262 1327 282 vero
1340 255 1432 282 statim
1450 254 1496 283 Dei
1510 255 1654 291 paradisus
1670 255 1774 288 habuit,
1790 256 1857 293 Regi

225 298 281 334 εἶχε
301 298 348 326 τοῦ
362 299 442 332 Θεοῦ,
464 299 504 335 τῷ
527 300 637 327 Βασιλεῖ
664 301 713 335 τῆς
734 300 813 335 δόξης
836 301 1017 336 ἀνσφῦὲγκτῳ

225 345 297 380 χαρᾷ
310 345 487 379 προσιοῦσαν,
504 346 550 372 καὶ
564 345 729 380 πανευαγῶς
754 345 828 381 αὐτῷ
847 345 1015 381 προσκυνοῦ-

225 399 287 423 σαν,
303 391 351 418 καὶ
365 391 405 426 τῷ
419 391 470 427 τῆς
496 391 653 427 ἀφθαρσίας
672 393 798 428 στεφάνῳ
817 394 850 428 τῇ
863 394 1016 428 Δεσποτικῇ

225 438 468 474 καταστεφομένην
479 438 554 473 δεξιᾷ
566 446 574 453 ·
589 439 694 473 ταύτην
705 439 734 465 αἱ
749 440 842 474 vespa).
858 440 945 466 πᾶσαι
962 439 1017 466 τῶν

224 483 348 519 οὐρανῶν
361 484 498 519 Δυνάμεις
527 484 663 520 ἐπῄνεσαν
677 504 685 517 ,
710 485 759 512 καὶ
773 485 811 517 ὡς
826 486 975 521 νικηφόρον
998 485 1015 521 ῆ

224 530 409 564 Χριστοφόρον
422 530 540 563 ἑαυταῖς.
553 531 810 565 προσῳκειὼσαντο.
827 531 934 566 Ταύτην
947 531 1015 558 ἀπό-

225 575 314 602 στολοι
330 576 391 610 μὲν,
408 576 446 608 ὡς
461 576 703 603 ἀποστολικὼτατα
715 576 866 612 βιώσασαν,
882 576 1002 611 ἀσμεναί

222 630 290 648 τατα
300 621 510 658 [ἁσμενέστατα]
518 622 684 658 δεξιούμενοι
696 631 773 658 περιε
779 623 910 656 πτύξαντο
918 632 925 638 ·
938 623 1015 658 Μαρ-

222 668 312 703 τύρων
327 668 354 694 δὲ
366 669 441 704 χοροὶ
457 669 535 703 ἱεροὶ,
551 669 589 700 ὡς
601 669 700 696 οἰκεῖον
713 669 802 696 αὐτῶν
818 670 908 704 μέλος,
923 670 970 696 καὶ
985 670 1015 696 τὸ

222 712 386 747 τιμιώτατον
397 713 590 749 ἀποδεχόμενοι
605 714 658 740 τῶν
672 714 762 750 μελῶν
772 723 778 730 ·
791 715 836 741 καὶ
844 715 882 750 τῷ
894 715 1016 750 πνεύμα-

221 767 248 785 τι
264 759 526 794 συναρμολογοῦντες
549 760 654 792 ἑαυτοῖς
677 761 722 787 καὶ
738 761 951 796 συμϐισάζοντες
965 762 1014 797 τῆς

221 805 307 839 αὐτῆς
332 805 424 836 αὐτοῖς
450 805 529 840 δόξης
558 807 605 832 καὶ⁵
622 807 828 842 μακαριότητος
852 807 966 842 μέτοχον
980 808 1014 835 δι’

220 851 320 882 αἰῶνος
351 851 544 886 ἐκληρώσαντο
557 860 564 868 ·
584 853 615 879 οὑ
638 853 719 887 μόνον
734 853 773 884 δὲ,
793 853 862 879 ἀλλὰ
880 854 928 880 καὶ
943 862 1011 889 προ-

220 896 314 930 φητῶν
332 896 379 922 καὶ
392 896 479 931 ἀγίων
493 897 582 924 θίασοι
596 897 717 930 πάντων,
730 898 768 930 ὼς
780 898 830 933 τῆς
843 899 904 934 ῐσης
919 899 1013 931 αὐτοῖς

219 942 363 976 ἁγιότητος
379 943 605 978 ὑπερὸαλλόντως
625 944 793 979 μετέχουσαν
816 945 947 980 ὁρῶντες,
961 945 1010 980 τὴν

218 987 304 1021 αὐτῆς
336 988 466 1015 ἀνάλυσιν
495 989 544 1015 καὶ
573 989 705 1024 ὲνδημίαν
723 990 792 1026 πρὸς
818 990 864 1017 τὸν
881 991 1009 1026 Χριστὸν,

218 1033 349 1069 λαμπρὰν
368 1034 410 1060 ὃτι
426 1034 545 1070 μάλιστα
560 1035 608 1062 καὶ
622 1035 864 1072 θεοπρεπεστάτην
880 1037 1011 1072 συνεκρό-

217 1088 303 1116 τησαν
316 1081 424 1116 ἑορτήν.

252 1174 305 1198 κα’.
325 1170 427 1198 Τοῦτον
443 1171 494 1206 μὲν
508 1168 555 1198 οὖν
579 1171 626 1199 τὸν
641 1172 744 1208 τρόπον
755 1173 772 1208 ἡ
782 1173 924 1208 τρισολόία
937 1173 1010 1210 ψυχὴ

216 1217 266 1249 τὰς
297 1218 345 1244 τοῦ
370 1218 497 1254 οὐρανίου
527 1219 634 1254 Πατρὸς
658 1219 881 1256 κατακληροῦται
908 1222 1007 1256 μονάς*

215 1263 276 1290 ἀλλ’
297 1264 358 1291 οὐδὲ
387 1265 419 1291 τὺ
439 1265 512 1300 ἱερὸν
528 1265 617 1292 ἐκεῖνο
632 1267 680 1292 καὶ
702 1267 883 1302 άθλοφορικδν
898 1267 1008 1302 σκῆνος,

215 1310 233 1344 ἢ
251 1309 339 1342 οὕτως
367 1311 408 1342 είς
430 1313 482 1347 γῆν
506 1311 590 1339 πεσὸν
613 1312 802 1348 παρεώραται,
820 1313 836 1348 ἢ
857 1314 928 1340 κατὰ
943 1314 1009 1346 τοὺς

214 1355 326 1388 λοιποὺς
343 1357 487 1392 μάρτυρας
505 1358 652 1394 τετίμηται
667 1367 674 1374 '
688 1358 783 1394 ὥσπερ
795 1359 824 1386 δὲ
838 1360 934 1395 τέρασι
953 1360 1010 1394 μεί-

215 1401 274 1432 ζοσι
302 1402 349 1429 καὶ
379 1403 580 1439 ἀφθονωτέροις
604 1405 718 1439 ίάμασιν
741 1404 794 1431 ὑπὸ
812 1404 872 1436 {toﬁ
888 1406 1007 1440 Χριστοῦ

215 1447 442 1484 πεφιλοτίμηται,
465 1449 537 1475 οὕτω
554 1450 600 1477 καὶ
615 1451 674 1482 ταῖς
689 1450 719 1483 ἐξ
732 1450 887 1486 ἀνθρώπων
901 1453 1006 1486 τιμαῖς,

214 1491 346 1519 ἁπάντων
366 1493 458 1528 ὀλίγου
472 1493 527 1520 δεῖν
541 1495 596 1521 τῶν
617 1495 808 1530 ἀθλοφορικῶν
827 1497 961 1532 σωμάτων
978 1498 1008 1524 τὸ

215 1537 404 1570 ἑπιδοξότατον
437 1540 582 1575 ἠνέγκατο.
604 1540 674 1567 Τότε
701 1541 751 1577 μὲν
773 1541 828 1577 γὰρ
849 1542 932 1569 αὐτοῦ
953 1551 1005 1569 που

215 1584 329 1619 πλησίον
343 1585 394 1620 τῆς
410 1586 514 1617 πόλεως
529 1586 581 1621 γῆς
597 1586 709 1621 βάθεσιν
727 1587 780 1614 ὑπὸ
794 1588 848 1614 τῶν
862 1588 1006 1615 εὑσεὸούν-
1022 1602 1044 1631 C

213 1639 270 1656 των
304 1630 318 1657 ό
346 1631 496 1666 πολύτιμος
520 1632 637 1668 ἐντίμως
652 1633 841 1668 καταχωσθεὶς
860 1635 1007 1671 θησαυρὸς,

213 1677 347 1712 οὐμενοῦν
371 1678 488 1712 ἀφικτδς
504 1679 520 1714 ἦ
536 1688 588 1706 τινι
605 1679 718 1714 γέγονεν
733 1680 762 1712 ὲξ
779 1680 886 1707 ἐκείνω
900 1681 1008 1717 θεωρη-

213 1721 270 1754 τὸς,
284 1723 314 1748 οὔ
333 1722 387 1758 μὴν
403 1724 462 1754 ταῖς
474 1723 673 1758 ἀγαθουργίαις
696 1725 751 1751 τῶν
766 1724 849 1751 αὑτοῦ
868 1725 1007 1759 θαυματο-

215 1768 302 1794 ποιῶν
332 1766 387 1800 οἷός
406 1777 436 1795 τε
462 1769 568 1803 γίνεται
589 1769 702 1796 λαϐεῖν·
728 1770 786 1797 ἀλλ’
801 1771 1008 1803 ἐκτενεστάταις

216 1815 266 1849 μὲν
279 1815 396 1846 ἱκεσίαις
412 1815 457 1842 τὸν
469 1816 572 1851 Κύριον
587 1816 662 1843 ἔνδον
679 1817 692 1843 ό
712 1817 862 1852 ἐνθλοφόρος
885 1817 1008 1853 ἱλεούμε-

213 1866 269 1890 νος,
285 1858 337 1891 ἔξω
349 1859 377 1886 δὲ
388 1860 449 1891 ταῖς
475 1860 522 1886 ἐπὶ
547 1860 595 1887 τοῦ
618 1860 704 1895 τάφου
728 1862 904 1893 τελουμέναις
920 1863 1008 1889 ίάσεσι

215 1903 360 1938 δυσωπῶν,
389 1906 436 1932 καὶ
459 1906 594 1939 τοιούτοις
618 1907 700 1934 πάλαι
721 1907 770 1942 τὴν
784 1907 867 1934 αὑτοῦ
890 1909 966 1935 πόλιν
979 1908 1007 1942 ἐξ

217 1950 347 1983 ἀπιστίας
372 1952 413 1983 είς
439 1952 590 1988 όρθότομον
631 1953 724 1980 πίστιν
754 1954 802 1980 καὶ
826 1955 1008 1990 ἀνυπόκριτον

215 1997 352 2032 μετάγων,
363 1997 424 2024 οὐδὲ
439 1998 521 2033 μέχρι
539 1998 587 2025 τοῦ
605 1998 652 2025 νῦν
663 2000 676 2025 ὁ
692 1999 843 2034 θαυμάσιος
860 1999 1005 2028 διαλείπει.

212 2042 330 2076 Λέγεται
345 2043 411 2079 γὰρ.
422 2043 436 2070 ὃ
445 2045 491 2071 καὶ
501 2043 640 2079 ὁρώμενον
652 2044 821 2076 πιστεύεται,
832 2045 873 2071 ὄτι
889 2045 1007 2082 ἑκάστης

211 2087 259 2114 τοῦ
286 2089 411 2116 ἐνιαυτοῦ
435 2089 608 2125 περιτροπῆς
630 2089 680 2125 τὴν
705 2089 752 2116 τοῦ
780 2091 860 2124 ἁγίου
895 2092 1008 2126 μνήμην

213 2133 382 2169 ἐπαγούσης,
405 2134 498 2170 δέησις
513 2135 581 2170 περὶ
605 2135 652 2161 τὸν
678 2135 750 2170 ἱερὸν
774 2136 869 2170 τάφον,
892 2136 944 2163 ὑπὸ
959 2136 1007 2163 τοῦ

213 2179 288 2214 ἱεροῦ
303 2177 404 2213 παντὸς
430 2181 622 2216 ἀναπέμπεται
654 2181 720 2208 λαοῦ
732 2190 739 2197 ·
756 2181 833 2216 ἄφνω
849 2182 877 2209 δὲ
896 2181 961 2218 χοῦς
978 2184 1007 2210 ὲν

212 2226 271 2260 ἤχῳ
284 2227 339 2253 τινὶ
355 2226 422 2261 ξένῳ
452 2226 500 2267 καὶ
516 2227 662 2262 ῥοιζήματι
679 2228 833 2263 πνεύματος
852 2229 883 2255 ὲκ
897 2228 943 2255 τοῦ
957 2228 1007 2264 βά-

1068 299 1172 335 glorire,
1187 300 1260 327 nttlla
1275 302 1420 328 verborum
1432 302 1458 329 vi
1473 302 1626 337 explicabili
1650 302 1761 338 gaudio,
1777 310 1857 330 acce-

1067 344 1187 377 dentem,
1204 345 1284 380 eique
1307 345 1518 381 religiosissime
1534 347 1627 374 habitu
1655 347 1759 375 cultum
1779 347 1858 375 aditi-

1068 390 1187 424 bentem,
1211 396 1293 426 atque
1321 392 1537 427 incorruptionis
1560 400 1690 420 coronam
1717 393 1857 421 Dominica

1067 437 1179 466 dextera
1196 433 1403 472 suscipientem.
1424 437 1498 465 lianc
1521 438 1674 466 caelestium
1689 443 1856 474 potestattun

1067 489 1172 510 mentes
1187 491 1283 510 omnes
1301 483 1493 516 laudaverunt,
1515 491 1547 511 ac
1568 485 1640 512 velut
1666 485 1786 513 victoria:
1802 490 1858 513 tro-

1066 537 1135 564 pma,
1149 534 1196 556 aut
1211 529 1352 556 Christum
1378 529 1520 562 ferentem,
1537 529 1593 558 suis
1605 530 1782 558 domesricam
1803 539 1859 560 cm-

1067 575 1141 602 tibus
1157 575 1324 602 asciverunt.
1340 575 1417 602 Hanc
1431 579 1458 602 et
1474 575 1601 610 apostoli,
1619 584 1679 610 qua?
1699 577 1857 611 apostolicis

1068 620 1277 655 praclarissime
1302 620 1460 648 muneribus
1483 621 1566 648 vitam
1595 621 1691 656 egerit,
1728 621 1858 656 placidis-

1066 666 1135 694 sime
1158 666 1324 700 accipientes
1343 666 1481 701 complexi
1496 671 1571 694 sunt.
1599 667 1674 695 Sacri
1704 673 1855 705 martyrum

1065 712 1156 744 chori.
1178 711 1254 739 velut
1282 712 1422 746 proprium
1447 712 1569 747 ipsorum
1598 713 1751 741 membrum
1780 715 1856 742 reci-

1065 758 1171 793 pientes
1197 759 1441 793 membrorumque
1456 759 1666 791 nobilissimum,
1694 767 1726 788 ac
1746 761 1798 788 sibi
1816 761 1857 796 ip-

1066 804 1104 832 sis
1122 803 1219 840 spiritu
1235 804 1434 831 concinnantes
1447 812 1479 831 ac
1493 805 1707 837 committentes.
1730 805 1855 840 ejusdem

1065 850 1168 876 sociam
1184 849 1277 884 gloriae
1294 857 1326 877 ac
1338 850 1516 878 beatitudinis
1539 851 1565 877 in
1588 858 1675 878 aevum
1691 851 1762 879 nacti
1780 857 1854 879 sunt.

1066 895 1159 930 Neque
1176 895 1204 922 id
1226 895 1318 928 modo,
1342 896 1389 923 sed
1408 901 1435 923 et
1460 896 1655 931 prophetarum
1682 901 1856 925 sanctorum-

1063 950 1117 977 que
1133 941 1256 970 omnium
1270 942 1349 970 chori
1371 942 1446 970 velut
1461 942 1535 977 paris
1550 943 1605 971 illis
1621 943 1776 972 sanctitatis
1790 951 1853 979 gra-

1065 988 1109 1016 tiis
1126 988 1227 1016 eximie
1254 993 1363 1016 auctam
1385 989 1598 1024 conspicientes,
1628 989 1689 1024 ejus
1716 990 1749 1017 ad
1773 989 1856 1017 Chri-

1063 1039 1136 1061 stum
1154 1034 1320 1061 solutionem
1338 1042 1371 1062 ac
1383 1035 1604 1070 emigrationem,
1620 1035 1724 1062 claram
1737 1036 1856 1063 maxime

1063 1080 1318 1116 divinisslmamque
1343 1080 1516 1108 festivitatem
1544 1089 1576 1109 ac
1602 1081 1750 1116 tripudium
1783 1081 1855 1110 cele-

1064 1126 1188 1154 brarunt.

1097 1172 1143 1200 2|.
1161 1172 1190 1200 ln
1203 1173 1276 1201 hunc
1291 1173 1383 1208 itaque
1398 1173 1510 1201 modum
1530 1177 1570 1200 ter
1586 1173 1666 1200 beata
1690 1172 1781 1200 anima
1798 1180 1856 1201 cte—

1063 1218 1140 1246 lestis
1165 1218 1257 1246 Patris
1278 1219 1438 1247 mansiones
1461 1219 1595 1254 sedesque
1615 1219 1794 1254 consequitur
1807 1228 1813 1246 :
1828 1223 1856 1245 at

1063 1272 1151 1300 neque
1166 1272 1274 1292 sacrum
1291 1265 1356 1292 illud
1385 1273 1416 1292 ac
1440 1265 1608 1299 triumphale
1635 1265 1854 1296 tabernaculum,

1063 1311 1103 1338 vel
1119 1311 1159 1339 sic
1176 1311 1202 1338 in
1218 1315 1318 1338 terram
1332 1311 1434 1338 cadens
1447 1316 1569 1345 spretum
1582 1316 1633 1343 est,
1650 1311 1692 1338 vel
1708 1312 1764 1344 pari
1781 1318 1854 1338 mar-

1062 1357 1167 1392 tyribus
1183 1357 1294 1391 reliquis
1306 1358 1408 1384 honore
1423 1357 1578 1384 decoratum
1596 1366 1602 1384 :
1624 1357 1669 1385 sed
1685 1357 1755 1384 sicut
1770 1357 1855 1391 majo-

1061 1403 1138 1430 ribus
1164 1403 1294 1438 prodigiis
1318 1402 1547 1437 uberioribusque
1581 1402 1729 1429 sanitatum
1759 1403 1854 1438 gratiis

1060 1447 1162 1476 Christi
1178 1455 1291 1475 munere
1304 1448 1480 1475 honestatum
1495 1452 1546 1480 est,
1565 1448 1606 1475 sic
1620 1452 1646 1475 et
1662 1448 1792 1475 humanis
1804 1447 1852 1474 lm-

1062 1494 1175 1522 n0ribus
1187 1501 1219 1522 ac
1243 1494 1394 1529 obsequiis,
1418 1495 1525 1521 cunctis
1551 1493 1606 1521 fere
1624 1493 1740 1521 victoria
1766 1493 1852 1529 incly-

1061 1544 1149 1567 torutn
1174 1545 1323 1576 martyrum
1350 1540 1513 1575 corporibus
1537 1539 1634 1574 majori
1662 1540 1747 1575 gloria
1790 1540 1854 1566 illu-

1061 1586 1146 1614 strius
1174 1586 1310 1613 habitum.
1326 1586 1365 1613 Ac
1393 1591 1450 1613 tum
1474 1586 1583 1620 quidem
1608 1585 1662 1613 illic
1690 1585 1740 1613 loci
1769 1592 1854 1620 prope

1061 1632 1197 1659 civitatem
1211 1636 1320 1667 aggesto
1337 1631 1445 1660 tumulo
1459 1631 1596 1666 pretiosus
1614 1631 1762 1659 thesaurus
1786 1631 1853 1658 tide-

1062 1678 1126 1705 lium
1153 1678 1281 1705 manibus
1299 1678 1452 1705 bonorilice
1479 1677 1608 1705 conditus
1633 1683 1675 1705 est
1692 1686 1698 1702 :
1716 1685 1749 1705 ac
1763 1685 1853 1712 quan-

1060 1731 1142 1758 quam
1161 1723 1327 1755 inaccessus,
1351 1722 1474 1758 nttllique
1485 1730 1518 1750 eo
1530 1730 1563 1750 ex
1587 1726 1709 1756 tempore
1733 1729 1764 1749 re
1787 1729 1855 1749 con-

1060 1774 1173 1803 spectus
1189 1773 1241 1800 est,
1269 1776 1318 1803 per
1340 1768 1401 1803 ejus
1432 1772 1525 1795 tamen
1552 1768 1718 1796 mirabilium
1739 1776 1852 1804 operum

1065 1814 1184 1842 benefica
1215 1821 1330 1841 munera
1369 1814 1441 1842 haud
1468 1814 1526 1842 ﬁeri
1554 1819 1662 1850 poterat
1690 1818 1720 1841 ut
1747 1815 1852 1842 lateret.

1063 1861 1134 1893 Quin
1155 1860 1267 1895 jugibus
1285 1861 1478 1896 eontentisque
1505 1861 1756 1896 supplicationibus
1778 1861 1852 1888 intus

1064 1906 1208 1933 nominum
1242 1912 1347 1942 martyr
1374 1907 1549 1942 triumphalis
1579 1907 1704 1942 placans,
1730 1907 1854 1942 forisque

1061 1952 1088 1979 in
1099 1953 1216 1988 sepulcri
1229 1954 1361 1980 memoria
1378 1954 1528 1980 sanitatum
1547 1961 1662 1980 munere
1675 1961 1850 1988 permovcns,

1061 1998 1159 2032 hisque
1173 1998 1237 2025 olim
1255 2006 1331 2025 suam
1350 1999 1489 2025 civitatem
1516 1999 1550 2026 ab
1574 1998 1733 2026 inﬁdelitate
1759 1999 1792 2025 ad
1814 2006 1852 2026 rc-

1060 2047 1133 2071 ctam
1160 2044 1354 2078 sinceramque
1376 2043 1456 2071 ﬁdem
1481 2044 1634 2076 traducere,
1663 2044 1852 2078 hactenusque

1059 2090 1102 2117 vir
1117 2089 1296 2117 admirandus
1318 2097 1372 2116 non
1386 2093 1489 2117 cessat.
1504 2089 1590 2117 Aiunt
1603 2090 1678 2117 enim
1693 2090 1751 2125 (cui
1770 2090 1807 2117 rei
1824 2093 1852 2117 et

1058 2136 1114 2171 ipse
1129 2136 1203 2164 visus
1229 2141 1339 2171 praestat
1357 2135 1452 2171 ﬁdem)
1482 2140 1606 2164 vertente
1647 2137 1712 2164 anni
1749 2143 1852 2172 tempe-

1058 2183 1138 2212 state,
1156 2187 1209 2214 qua
1227 2180 1287 2214 ejus
1307 2179 1424 2207 celebris
1450 2181 1584 2216 memoria
1608 2181 1709 2215 agitur,
1736 2185 1852 2208 sacratae

1058 2225 1148 2261 plebis
1166 2227 1239 2254 circa
1260 2234 1370 2254 sacrum
1388 2227 1524 2254 tumulum
1549 2228 1752 2261 obsecratione,
1772 2228 1852 2255 dere-

212 2273 276 2304 θους
291 2272 415 2300 κάτωθεν
444 2273 598 2300 ἀναδίδοται
626 2273 643 2309 ἢ
673 2274 894 2310 ἀναρριπίζεται,
918 2275 1005 2307 οὕτως

1061 2276 1139 2306 pentc
1155 2272 1268 2299 insolito
1282 2273 1402 2307 quodam
1416 2274 1519 2307 sonitu,
1532 2274 1668 2308 ﬂatusque
1680 2274 1798 2302 stridore
1814 2281 1849 2302 ex

213 2317 337 2353 σφοδρῶς
347 2319 551 2354 ὲκφυσώμενος,
567 2319 605 2351 ὼς
625 2320 672 2346 καὶ
694 2320 758 2352 τοὺς
774 2321 845 2355 ,περὶ
859 2321 904 2347 τὸν
918 2321 1004 2355 τάφον

211 2363 371 2397 καιομένους
382 2364 492 2399 λαμπτῆ
499 2373 557 2400 ρας,
565 2366 598 2400 τῇ
612 2365 740 2401 ἐπιπνοίᾳ
757 2366 1004 2393 κατασὸέννυσθαιο

211 2408 279 2434 αὐτὸ
292 2408 321 2434 δὲ
336 2409 365 2434 τὺ
377 2409 426 2435 τοῦ
447 2409 534 2443 τάφου
563 2409 662 2445 στόμα,
683 2410 730 2436 καὶ
745 2409 794 2444 τὴν
811 2410 1004 2438 καλύπτουσαν

211 2454 409 2489 λαρνακοειδῶς
432 2454 600 2490 οἰκοδομίαν,
621 2455 763 2490 ἀνάμεστα
776 2455 824 2482 τοῦ
838 2455 913 2492 ἱεροῦ
929 2457 1002 2492 χοὸς,

209 2500 258 2526 καὶ
284 2500 334 2535 τῆς
361 2500 455 2536 τιμίας
474 2501 578 2535 ταύτης
602 2502 695 2533 κονίας
722 2501 824 2535 εὐθέως
842 2503 1001 2531 ἀποδείκνυ-

210 2543 283 2569 σθαι.
895 2546 903 2552 ⁴

245 2587 296 2623 κβ¹.
314 2589 407 2622 Ἄξιον
427 2590 474 2616 καὶ
491 2590 570 2617 τοῦτο
589 2593 623 2627 τῇ
645 2592 754 2628 ἱστορία
766 2593 949 2628 παραδοῦναι,
963 2594 1001 2626 ὡς

208 2634 239 2660 οὐ
260 2635 315 2670 πρὸ
337 2636 444 2663 πολλῶν
471 2637 576 2664 τούτων
602 2638 681 2670 ὲτῶν,
707 2638 757 2673 τῆς
778 2640 887 2674 ἐτησίου
908 2640 1002 2672 κονίας

208 2679 462 2716 ἀναδραττομένης,
477 2682 525 2708 καὶ
537 2682 583 2708 τὸν
600 2683 688 2718 μέγαν
703 2683 750 2718 τῆς
767 2684 858 2720 χειρὸς
869 2685 1001 2712 δάκτυλον

207 2725 256 2752 τοῦ
285 2726 445 2762 θαυμαστοῦ
477 2729 625 2765 Μάρτυρος
652 2730 774 2757 κάτωθεν
798 2731 999 2767 συναναϐῆναι,

244 2840 301 2879 (12)
319 2841 463 2879 ldemrlere
473 2843 641 2879 miraculum
657 2849 785 2872 narratur
809 2845 844 2873 de
872 2845 1000 2879 sepulcro

209 2876 239 2904 S.
249 2876 411 2912 rRaymundi
425 2878 458 2905 de
473 2877 640 2912 Pegnat‘orti,
654 2879 692 2906 uti
705 2880 808 2909 dictum
822 2884 864 2909 est
877 2876 912 2908 ad
926 2881 997 2910 dicm

210 2912 225 2938 7
244 2911 367 2940 Januarii
383 2912 409 2940 in
421 2913 479 2948 ejus
496 2911 580 2947 lictis,
594 2921 654 2949 cap.
673 2916 700 2942 8.

1057 2316 1121 2343 imis
1137 2324 1248 2344 sursum
1263 2318 1400 2350 pulverem
1414 2325 1558 2353 erumpere
1573 2319 1630 2353 (ιὲ)
1646 2326 1695 2345 seu
1711 2318 1849 2346 exsumari

1057 2366 1132 2389 tanta
1145 2362 1328 2395 vehementia,
1346 2368 1376 2390 ut
1399 2369 1426 2391 et
1451 2364 1557 2391 tumulo
1571 2364 1784 2399 cireumpositas
1805 2371 1850 2391 ac-

1056 2415 1153 2436 censas
1178 2408 1252 2436 faces
1278 2409 1426 2444 spiratione
1440 2411 1617 2446 exstinguat;
1635 2412 1782 2447 ipsutnque
1805 2417 1849 2439 tu-

1056 2454 1122 2481 muli
1139 2461 1182 2486 os,
1197 2463 1329 2490 uruntque
1342 2455 1368 2482 in
1387 2456 1498 2483 modum
1511 2457 1682 2492 operientem
1701 2457 1848 2490 fabricam,

1055 2507 1137 2527 sacro
1155 2500 1265 2534 pulvere
1278 2502 1455 2538 pretiosaque
1477 2503 1570 2531 cinere
1591 2503 1735 2531 confestim
1757 2504 1847 2532 adim-

1054 2547 1137 2582 pleat.

1087 2593 1133 2620 2‘2.
1158 2593 1271 2629 Dignum
1287 2603 1352 2622 vero
1374 2599 1402 2623 et
1432 2596 1504 2624 istud
1530 2597 1730 2625 commentario
1757 2595 1849 2624 consi-

1053 2647 1156 2675 gnare;
1172 2645 1235 2667 ante
1247 2640 1382 2668 nimirum
1401 2649 1455 2669 noti
1481 2643 1582 2671 multos
1606 2643 1658 2671 hos
1672 2649 1760 2670 annos
1776 2641 1845 2676 (l5).

1053 2693 1146 2714 annuo
1174 2687 1287 2721 pulvere
1310 2693 1471 2723 erumpente
1497 2697 1530 2718 ac
1551 2690 1710 2721 ebulliente,
1743 2687 1846 2715 dextra

1053 2739 1163 2768 quoque
1179 2732 1331 2762 admirandi
1344 2735 1473 2771 martyris
1499 2735 1632 2771 majorem
1656 2733 1771 2768 digitum
1791 2739 1846 2759 una

1089 2846 1145 2883 (l5)
1162 2846 1231 2874 Hinc
1258 2851 1342 2881 patet,
1364 2845 1468 2874 cultum
1489 2845 1550 2881 ejus
1580 2842 1735 2872 Amastride
1755 2842 1845 2871 adhuc

1052 2880 1180 2912 ﬂoruisse
1197 2880 1298 2912 seculo
1314 2889 1398 2910 nono.
