2089 3151
215 149 268 184 439

818 155 965 185 NICET/E
984 156 1249 189 PAPHLAGONIS

1793 163 1847 196 440

217 206 387 238 asce.idisse,
407 207 442 234 ita
458 207 593 242 integrum
607 215 771 243 sanumque,
796 216 827 236 ac
851 209 873 236 si
900 209 1007 237 vivente

1067 212 1144 244 λῦτως
1158 213 1252 248 ἄρτιον
1268 213 1314 240 καὶ
1327 214 1485 250 ὀλόκληρον,
1501 214 1539 248 ὡς
1557 216 1619 252 ἀρτι
1632 216 1683 251 τῆς
1697 217 1780 244 αὖτοῦ
1796 218 1853 250 ζώ-

216 261 312 279 rrcens
326 253 435 279 dextera
450 257 605 286 amputatus
618 258 701 280 esset.
716 252 761 280 Sic
776 261 838 281 vero
850 254 1007 287 ascendisse

216 298 345 329 arbitror,
365 302 393 324 ιιι
410 298 495 325 sancti
513 306 545 326 eo
566 299 626 325 loco
653 299 808 334 corpusculi
828 300 1008 334 depositionis

217 343 360 370 certiorem
395 344 496 371 faceret
520 344 611 377 ﬁdem,
641 349 667 372 et
692 345 726 372 ad
753 346 845 380 templi
877 346 1008 373 fabricam

217 389 310 416 ﬁdeles
335 389 478 416 animaret.
511 389 532 416 Ο
556 395 678 417 sanctum
705 392 843 426 pulverem
869 392 895 419 in
920 393 1007 420 sancti

217 436 330 470 pulvere
352 435 485 462 imbutum
503 436 658 468 sanctitate,
681 437 727 472 qui
756 439 884 465 universo
909 439 1010 474 populo

218 481 404 513 distribuaiis,
432 481 547 517 parique
568 490 631 509 cum
651 488 747 510 sancto
770 491 884 519 corpore
911 485 1011 512 virtute

217 528 339 563 polleas!
368 527 389 555 Ο
419 528 525 562 pulvis,
560 534 656 556 natura
687 530 795 564 quidem
822 536 958 562 terrenus.
984 535 1012 558 at

217 573 337 600 caelestis
354 573 454 601 virtute
478 579 559 609 atque
584 576 724 609 potentia!
752 575 843 603 l’ulvis
869 577 1010 609 nimirum,

217 629 336 654 meumr,
364 621 435 656 quod
453 621 517 649 olim
542 629 556 649 e
578 623 647 649 coelo
661 623 781 657 pluebat,
798 623 884 657 gratia
899 631 1011 650 venera-

217 668 317 700 bilior,
347 669 529 696 sanctimonia
557 669 724 705 religiosior,
754 670 853 697 virtute
877 670 1012 705 potentior

218 715 417 749 ellicaciorque.
438 715 506 742 Nam
523 716 588 743 illud
608 716 718 750 quidem
742 716 774 743 ad
786 716 881 743 alenda
897 723 1012 751 corpora

219 769 251 787 ac
266 760 452 788 conservanda
467 761 536 788 caelo
552 762 660 796 pluebat
673 770 682 795 ;
706 762 750 789 hic
763 770 838 795 vero,
857 770 910 789 non
924 762 1012 789 solum

219 807 252 834 ad
281 814 397 842 corpora
431 808 462 842 (a
488 807 598 842 frigoris
625 809 743 835 maxime
771 812 910 844 aestusque
933 808 1013 843 tabe)

220 854 353 885 curanda,
384 861 477 881 verum
506 854 588 881 etiam
622 854 654 881 ad
686 855 872 882 abundantem
913 853 1015 881 animis

220 899 376 926 ﬁrmitatem
393 899 574 933 praestandam
589 906 621 926 ac
637 899 860 927 illustrationem.

254 943 300 970 23.
321 945 365 975 At,
394 952 411 971 o
439 947 592 979 martyrum
616 944 739 971 omnium
765 945 849 973 decus
871 945 1014 982 inclytum,

221 988 340 1016 ﬁdelium
366 987 494 1024 gloriatio
517 989 700 1024 coutt‘itioque
713 989 863 1018 infidelium
877 992 883 1018 l
899 991 920 1019 0
935 1000 1015 1020 vene-

220 1034 312 1061 randzn
328 1034 423 1069 patria:
440 1034 510 1060 bona
531 1033 624 1069 stirps,
659 1034 714 1061 imo
730 1042 794 1062 vero
809 1036 892 1070 stirps
907 1040 1014 1069 sancta,

221 1089 272 1108 suo
288 1089 401 1107 munere
418 1087 530 1115 pravam
547 1081 663 1116 patriam
686 1080 712 1107 in
727 1081 876 1108 bonitatem
895 1087 1014 1114 vertens,

221 1128 414 1162 impuramque
431 1132 536 1155 castam
555 1127 672 1154 reddens
693 1135 725 1155 ac
742 1133 876 1162 sanctam,
899 1129 1016 1156 inhono-

220 1181 335 1209 ramque
352 1174 510 1201 honoraris!
529 1173 618 1208 Stirps
636 1174 755 1209 pretiosa
768 1174 943 1210 coalestisquc
964 1174 1015 1202 Pa-

223 1220 275 1247 tris
301 1220 339 1246 tui
366 1227 431 1247 vere
451 1220 622 1255 plantatione
637 1220 729 1256 digna,
749 1221 826 1255 quasi
843 1221 942 1255 palma,
957 1220 1014 1256 jugi

221 1266 353 1293 virtutum
380 1265 448 1293 ﬂore
478 1273 607 1298 vernans,
640 1274 672 1293 ac
701 1266 781 1301 quasi
811 1266 909 1294 cedrus
936 1273 1015 1293 secus

221 1319 324 1346 aquas,
354 1311 468 1339 inﬁnitis
498 1312 648 1339 Sanitatum
679 1310 814 1339 fructibus
837 1312 1012 1339 exuberans!

221 1357 244 1385 Ο
268 1357 337 1392 lapis
363 1358 482 1392 pretiose
510 1365 629 1392 vereque
653 1365 763 1385 summo
788 1358 911 1393 angulari
936 1358 1016 1393 digne

222 1403 328 1439 lapidel
354 1403 444 1438 Lapis,
474 1404 518 1430 cui
550 1411 648 1431 nomen
675 1411 737 1431 cum
765 1403 917 1439 llyacintho
941 1411 1017 1430 com-

222 1457 306 1476 mune
322 1449 395 1484 (l4);
415 1449 470 1482 illo,
489 1449 614 1484 inquam,
633 1449 796 1485 Hyacinthe,
816 1450 862 1484 qui
888 1448 1014 1477 undecim

222 1495 350 1531 pretiosis
375 1495 523 1530 lapidibus.
547 1495 676 1530 utrinque
691 1495 787 1522 ordine
815 1496 938 1530 digestis,
968 1502 1017 1522 an-

224 1549 323 1573 nexus,
339 1541 441 1568 summi
456 1541 594 1576 pontiﬁcis
613 1541 746 1568 rationale
761 1541 858 1575 judicii
871 1549 922 1568 una
939 1548 1015 1568 com-

224 1587 319 1622 pouitl
338 1586 420 1621 Lapis
436 1591 541 1618 sancte,
553 1586 598 1621 qui
610 1586 688 1621 juxta
706 1585 802 1613 Isaiam
821 1594 902 1620 super
917 1589 1016 1612 terram
1032 1579 1054 1608 Ο

224 1633 353 1664 volvaris,
367 1632 532 1660 Amastridis
545 1639 640 1658 murus
664 1632 841 1666 vallumque;
859 1631 916 1659 sive
928 1631 1018 1666 potius

225 1679 310 1705 turris
325 1685 493 1712 coronaque,
507 1685 603 1704 omnes
620 1677 739 1704 hostium
751 1677 891 1711 capiendis
905 1677 1019 1704 urbibus

227 1723 380 1755 machinas,
396 1723 505 1755 arietes,
523 1723 688 1758 catapultas,
704 1723 816 1750 balistas
832 1723 940 1757 aliaque
955 1730 1019 1757 pro-

226 1769 350 1803 pellens!
367 1769 573 1805 Paphlagonum
594 1770 648 1797 alta
667 1770 822 1797 sublimitas
845 1770 1019 1803 eximiusque

226 1816 319 1848 decor,
338 1816 445 1851 imperii
460 1824 572 1850 corona,
592 1816 739 1844 sacerdotii
755 1816 814 1844 laus
828 1823 860 1842 ac
881 1815 1018 1850 gloriatio,

227 1866 396 1895 nostrorum,
413 1871 517 1897 quzeso,
549 1863 629 1890 etiam
657 1862 797 1897 suscipere
822 1861 942 1897 digneris
962 1869 1020 1888 ser-

227 1915 338 1935 monum
357 1908 510 1943 primitias;
537 1916 567 1936 ac
582 1908 621 1936 vel
639 1908 661 1936 si
685 1908 753 1935 nihil
769 1912 815 1935 tua
832 1908 944 1942 dignum
961 1915 1019 1935 ma-

226 1953 382 1988 gniﬁcentia
410 1955 567 1990 exhibeant,
592 1962 705 1990 prorsus
730 1958 820 1981 tamen
850 1954 898 1981 tibi
917 1953 1020 1981 charis-

227 1999 323 2032 simas,
338 1999 410 2034 quod
425 2007 439 2026 e
453 1999 554 2027 viciuio
567 1999 671 2027 fructus
687 2000 833 2026 exsistant.
847 1999 886 2025 Ac
905 1998 1019 2032 reliquis

226 2045 346 2079 quidem,
365 2053 426 2080 qua:
451 2045 503 2073 illis
527 2046 602 2080 prius
622 2053 637 2072 ο
662 2053 772 2073 summo
795 2044 917 2072 omnium
946 2043 1020 2079 Rege

204 2105 210 2110 -
226 2096 355 2126 precatus
371 2099 413 2124 es,
427 2097 555 2126 praestare
585 2092 643 2126 ipse
673 2099 706 2119 ne
728 2091 890 2124 cessaveris,
920 2090 1020 2124 quippe

226 2136 271 2164 eui
299 2135 416 2164 facultas
447 2145 503 2164 non
532 2137 613 2169 desit,
645 2145 727 2172 quam
760 2136 824 2164 inde
855 2135 1017 2170 acceperis:

229 2183 326 2210 vicinis
339 2188 428 2210 autem
447 2189 529 2218 atque
550 2183 667 2216 civibus,
689 2183 727 2210 uti
750 2184 836 2218 magis
854 2183 900 2210 tibi
923 2182 974 2209 fide
988 2189 1020 2209 ac

227 2228 360 2256 eharitale
386 2229 532 2261 consertis,
548 2228 681 2263 majorem
709 2229 845 2256 bonorum
863 2227 908 2255 Dei
925 2235 1020 2259 mune-

229 2281 288 2300 rum
316 2274 421 2308 copiam
454 2274 644 2307 subministra,
675 2274 701 2301 iu
727 2274 816 2302 Patris
846 2279 879 2306 et,
901 2273 963 2300 Filii
992 2277 1018 2300 et

229 2318 346 2353 Spiritus
373 2320 460 2347 sam-ti
485 2320 615 2355 glorianti,
645 2320 672 2347 in
707 2320 805 2348 smcula
839 2319 1016 2347 saeculorum.

227 2364 313 2391 Amen

1061 267 1110 294 σης
1126 259 1309 294 ἀφαιρεθέντα
1325 260 1414 293 δεξιᾶς
1425 270 1432 276 ·
1445 262 1528 296 ἀνέϐη
1538 263 1575 295 δὲ,
1594 262 1686 289 πίστιν
1702 272 1731 290 τε
1742 283 1749 295 ,
1764 262 1853 299 οἶμαι,

1059 303 1229 340 τελειοτέραν
1248 308 1445 341 παρεχόμενος,
1475 308 1524 342 τῆς
1551 308 1675 335 ἐνταυθοῖ
1694 309 1742 335 τοῦ
1763 309 1854 344 Ἀγίου

1061 351 1246 385 καταθέσεως,
1265 354 1311 379 καὶ
1334 354 1403 388 πρὸς
1429 353 1478 389 τὴν
1494 354 1541 381 τοῦ
1554 355 1619 381 ναοῦ
1635 354 1776 390 διεγείρων
1791 356 1854 387 τοὺς

1062 397 1174 428 πιστοὺς
1191 397 1416 434 κατασκευήνπί)
1429 399 1494 434 χοῦς
1503 400 1590 434 ἅγιος,
1603 402 1630 427 ὲν
1645 401 1685 436 τῷ
1694 401 1743 427 τοῦ
1761 400 1854 435 ’Δγίου

1063 442 1244 478 ἀγιαζόμενος
1269 443 1321 479 χοῖ,
1347 445 1394 471 καὶ
1419 445 1500 472 παντὶ
1524 446 1563 481 τῷ
1582 447 1640 482 λαῷ
1655 447 1853 481 διαδιδόμενος,

1063 489 1109 515 καὶ
1124 489 1162 524 τῷ
1182 490 1252 525 ἁγίῳ
1266 491 1311 517 ίσα
1327 491 1434 526 σώματι
1444 490 1698 526 δυναμούμενος,¹Ὡ
1714 493 1789 528 χοῦς,
1805 493 1855 528 τὴν

1063 535 1144 570 φύσιν
1161 536 1210 571 μὲν
1220 537 1322 571 χοῖκὸς,
1339 538 1464 573 οὐράνιος
1476 538 1505 565 δὲ
1521 539 1570 572 τὴν
1578 537 1703 574 δύναμιν·
1721 540 1795 574 χοῦς,
1808 539 1855 566 τοῦ

1062 581 1177 617 οὐρανοῦ
1191 582 1287 617 πρώην
1302 583 1416 618 ὑομένου
1433 583 1522 618 μάννα
1543 584 1589 619 τὴν
1607 585 1688 619 χάριν
1708 585 1856 619 αἰδεσιμώ-

1063 628 1156 663 τεροςί
1183 628 1228 654 τὸν
1251 629 1388 664 ἁγιασμὺν
1413 629 1644 667 σεϐασμιώτερος,
1669 631 1719 666 τὴν
1740 631 1856 666 δύναμιν

1063 670 1284 710 δραστικώτερος
1297 683 1304 690 ·
1328 675 1358 702 τὺ
1373 675 1422 710 μὲν
1435 676 1490 711 γὰρ
1512 677 1553 708 είς
1571 677 1705 711 σωμάτων
1716 676 1779 703 ὕετο
1794 677 1857 712 Θρέ-

1063 719 1110 754 ψιν
1139 729 1169 746 τε
1193 721 1242 746 καὶ
1269 721 1455 757 συντήρησιν·
1475 722 1489 748 ὁ
1507 721 1547 753 δὲ,
1580 723 1631 748 οὐκ
1653 723 1692 754 είς
1723 722 1858 757 σωμάτων

1066 766 1216 802 θεραπείαν
1242 767 1334 803 μόνον,
1352 768 1454 803 ψύχους
1465 777 1494 795 τε
1511 768 1629 803 μάλιστα
1652 768 1700 795 καὶ
1717 769 1858 800 καύσωνος

1067 812 1227 847 μαρασμοῦ,
1253 812 1321 839 ἀλλὰ
1341 813 1389 839 καὶ
1417 813 1457 844 εἰς
1477 813 1578 849 διαρκῆ
1598 813 1693 848 ψυχῶν
1706 813 1858 849 στηριγμὸν

1067 859 1115 885 καὶ
1133 861 1285 893 φωτισμόν.

1106 946 1159 982 κγ’.
1176 946 1258 979 Ἀλλ’,
1274 943 1296 974 ὦ
1314 946 1423 974 πάντων
1441 946 1588 982 μαρτύρων
1600 946 1739 982 ὡράῖσμα,
1757 947 1860 973 πιστῶν

1069 993 1097 1019 δὲ
1114 992 1282 1027 ἀγαλλίαμα,
1300 992 1424 1019 ἀπίστων
1449 991 1477 1018 δὲ
1498 991 1656 1027 σύντριμμα
1670 1000 1676 1006 ·
1690 989 1712 1017 ὦ
1731 991 1860 1027 πατρίδος

1071 1038 1173 1073 σεμνῆς
1197 1037 1299 1071 ἀγαθὸν
1326 1038 1425 1071 φυτόν·
1444 1037 1587 1072 μᾶλλονδὲ
1608 1038 1690 1072 φυτὺν
1707 1037 1795 1071 ἅγιον,
1810 1038 1861 1071 τὴν

1069 1084 1193 1119 πονηρὰν
1223 1083 1360 1117 ἀγαθύναν
1386 1083 1421 1109 δι’
1461 1082 1558 1109 ἑαυτοῦ
1582 1083 1709 1115 πατρίδα,
1736 1082 1785 1109 καὶ
1812 1082 1861 1115 τὴν

1069 1130 1187 1164 ἄναγνον
1214 1130 1339 1164 ἀγνίσαν,
1357 1130 1404 1156 καὶ
1424 1129 1474 1164 τὴν
1498 1129 1594 1165 ἄτιμον
1619 1129 1740 1164 τιμῆσαν
1753 1137 1759 1144 ’
1777 1129 1862 1163 φυτὸν

1069 1174 1170 1209 τίμιον,
1185 1174 1232 1200 καὶ
1248 1174 1297 1208 τῆς
1309 1174 1355 1201 τοῦ
1373 1175 1479 1210 Πατρός
1491 1183 1538 1200 σου
1557 1175 1604 1200 τοῦ
1619 1175 1646 1201 ἐν
1665 1176 1721 1206 τοῖς
1735 1175 1861 1209 οὐρανοῖς

1070 1220 1182 1255 φυτείας
1206 1220 1315 1255 ἀληθῶς
1344 1220 1431 1252 ἄξιον,
1447 1220 1484 1251 ὡς
1501 1220 1589 1254 φοῖνιξ
1611 1221 1670 1251 ταῖς
1705 1219 1862 1247 ἁειθαλέσιν

1070 1266 1160 1293 ἀνθῶν
1182 1267 1306 1301 ἀρεταῖς,
1335 1266 1382 1294 καὶ
1402 1265 1469 1292 ὡσεὶ
1494 1265 1590 1301 κέδρος
1617 1266 1683 1300 παρ’
1704 1265 1790 1292 ὕδατα
1805 1267 1862 1297 τοῖς

1070 1313 1195 1349 ἀπείροις
1224 1313 1279 1340 τῶν
1304 1313 1426 1347 ἰαμάτων
1452 1311 1654 1347 πληθυνόμενος
1678 1311 1810 1346 καρπῶνι
1826 1308 1861 1337 Ὦ

1069 1359 1127 1386 λίθε
1142 1359 1229 1394 τίμιε,
1246 1359 1294 1385 καὶ
1321 1358 1369 1385 τοῦ
1393 1358 1593 1393 ἀκρογωνιαίου
1611 1357 1650 1392 τῷ
1670 1358 1727 1384 ὄντι
1744 1357 1839 1389 ὲπάξιε
1853 1365 1860 1372 ·

1070 1405 1138 1437 λίθε,
1151 1404 1190 1440 τῷ
1214 1404 1351 1440 Ὑακίνθῳ
1365 1403 1494 1439 ὁμώνυμε
1506 1412 1512 1419 ·
1524 1404 1632 1438 ἐκείνῳ,
1648 1403 1686 1438 τῷ
1701 1404 1756 1434 τοῖς
1766 1403 1862 1429 ἕνδεκα

1071 1451 1223 1485 συστοίχοις
1250 1450 1352 1485 τιμίοις
1376 1451 1574 1485 συνηρτημένῳ
1592 1449 1688 1482 λίθοις,
1713 1450 1760 1476 καὶ
1774 1449 1803 1475 τὺ
1816 1449 1862 1475 λο-

1070 1496 1142 1530 γεῖον
1157 1495 1207 1530 τῆς
1232 1495 1349 1530 κρίσεως
1367 1495 1413 1522 τοῦ
1437 1495 1588 1531 ἀρχιερέως
1605 1494 1863 1529 συγκατασκευαζο-

1073 1541 1153 1575 μένου
1161 1541 1208 1568 τοῦ
1221 1541 1349 1576 μεγάλου·
1360 1541 1416 1568 λίθε
1430 1541 1504 1575 ᾶγιε,
1521 1541 1665 1576 κυλιόμενε
1679 1541 1725 1567 ἐπὶ
1736 1540 1787 1575 τῆς
1797 1541 1861 1575 γῆς,

1071 1588 1141 1614 κατὰ
1154 1588 1200 1614 τὸν
1222 1587 1345 1622 Ἡσαΐαν,
1364 1588 1414 1622 τῆς
1431 1588 1589 1624 ’Λμάστρας
1612 1588 1642 1614 τὸ
1668 1588 1863 1623 περιτείχισμα

1070 1633 1117 1660 καὶ
1131 1633 1332 1669 περίφραγμα,
1355 1633 1455 1668 μᾶλλον
1484 1632 1512 1659 δὲ
1539 1633 1677 1668 πύργωμα
1691 1632 1738 1659 καὶ
1760 1631 1862 1666 στεφά-

1070 1688 1159 1714 νωμα,
1173 1680 1263 1711 πάσας
1278 1680 1416 1711 ἑλεπόλεις
1441 1680 1488 1706 καὶ
1505 1679 1629 1714 μηχανὰς
1643 1679 1864 1714 ἀποκρουόμενον

1070 1725 1176 1760 ἐχθρῶν
1185 1733 1191 1739 “
1209 1726 1263 1751 τῶν
1273 1725 1457 1760 Παφλαγόνων
1466 1725 1496 1751 τὸ
1507 1723 1607 1760 ὕψωμα
1617 1725 1664 1751 καὶ
1681 1724 1863 1759 καλλώτιισμα

1071 1771 1120 1804 τῆς
1141 1771 1281 1806 βασιλείας
1300 1772 1314 1798 ὁ
1333 1771 1475 1805 στέφανος,
1489 1771 1538 1806 τῆς
1559 1770 1710 1806 ἱερωσύνης
1725 1771 1738 1796 ὁ
1752 1769 1864 1801 ἔπαινος

1071 1819 1118 1845 καὶ
1149 1818 1180 1844 τὸ
1203 1817 1345 1852 καύχημα,
1371 1817 1458 1852 δέχοιο
1483 1818 1532 1844 καὶ
1563 1816 1612 1852 τὴν
1634 1816 1688 1843 τῶν
1719 1816 1863 1851 ἡμετέρων

1070 1864 1198 1899 ἀπαρχὴν
1214 1863 1317 1897 λόγων·
1335 1864 1382 1889 καὶ
1399 1864 1423 1888 εί
1451 1863 1534 1898 μηδὲν
1549 1862 1598 1897 τῆς
1615 1862 1665 1896 σῆς
1683 1862 1758 1894 ἄξιον
1776 1869 1864 1896 μεγα-

1071 1905 1238 1940 λοπρεπείας
1256 1905 1464 1939 ἐπιφαίνουσαν,
1478 1905 1546 1931 ἀλλά
1559 1904 1638 1939 φίλην
1655 1905 1687 1938 γέ
1699 1913 1740 1930 σοι
1755 1904 1865 1935 πάντως

1071 1951 1164 1984 οὖσαν,
1180 1952 1219 1986 τῷ
1235 1952 1266 1978 ὲκ
1285 1951 1415 1985 γειτόνων
1435 1947 1506 1977 εἶναι
1533 1951 1651 1986 καρπὸν,
1678 1951 1725 1977 καὶ
1745 1951 1800 1982 τοῖς
1815 1949 1864 1985 μὲν

1071 1998 1160 2032 ἄλλοις
1181 1999 1283 2029 πᾶσιν,
1306 1997 1323 2023 δι
1344 1998 1413 2032 πρῖις
1442 1997 1489 2023 τοῦ
1507 1996 1705 2032 Παμὸασιλέως
1730 1996 1864 2031 πρότερον

1071 2044 1192 2080 ὲπηύξω,
1213 2044 1249 2080 μὴ
1266 2044 1392 2079 διαλίπῃς
1421 2043 1502 2075 αὐτὸς
1519 2043 1639 2078 ἐνεργῶν
1652 2051 1658 2058 ’
1679 2042 1792 2069 δύνασαι
1811 2042 1865 2077 γὰρ

1071 2092 1178 2120 ἐκεῖθεν
1192 2092 1298 2119 λαϐώνν
1313 2093 1369 2123 τοῖς
1383 2092 1487 2126 γείτοσι
1500 2091 1529 2118 δὲ
1550 2091 1598 2117 καὶ
1614 2090 1748 2122 πολίταις,
1764 2089 1802 2120 ὡς
1814 2089 1864 2123 μὲν

1071 2140 1273 2175 ἀνηρτημένοις
1300 2139 1350 2174 τῆς
1379 2138 1497 2169 πίστεως
1526 2137 1574 2164 καὶ
1598 2136 1709 2171 ἀγάπης
1731 2135 1781 2169 τῆς
1801 2135 1862 2168 σῆς,

1072 2185 1156 2212 πλείω
1170 2185 1224 2211 τῶν
1240 2184 1420 2219 ἀγαθώιῦρων
1435 2183 1502 2209 Θεοῦ
1518 2181 1628 2216 ἀγαθῶν
1643 2181 1689 2208 τὸν
1704 2188 1864 2216 περιουσια-

1038 2250 1058 2276 D
1073 2233 1141 2268 σμρν
1167 2233 1389 2268 ἑπιχορήγησον,
1416 2231 1456 2262 εἰς
1479 2230 1560 2262 δόξαν
1586 2229 1693 2276 ΙΙνατρδς
1703 2229 1771 2276 Ant
1786 2228 1862 2276 ,Υἱοῦ

1072 2278 1119 2306 καὶ
1132 2278 1210 2312 ἁγίου
1232 2277 1400 2312 Πνεύματος,
1425 2277 1466 2307 εἰς
1483 2276 1547 2308 τοὺς
1566 2275 1668 2307 αἰῶνας
1680 2273 1734 2311 τῷν
1746 2275 1863 2302 αἰώνων.

1078 2323 1174 2359 Ἀμήν.

953 2436 1083 2484 ORAT-lO
1099 2436 1158 2463 XX.

324 2493 457 2522 [nudatio
474 2497 562 2531 magni
577 2496 707 2531 Gregorii,
723 2495 1027 2528 Constantinopolitanw
1043 2494 1115 2523 urbis
1136 2494 1339 2528 archiepiscopi,
1362 2497 1534 2528 cognomento
1562 2491 1685 2527 Thcologi
1707 2491 1745 2527 (i)

263 2552 390 2588 Magnum
407 2553 576 2590 Theologum
597 2556 759 2583 laudaturus
777 2556 893 2588 accedo,
911 2555 1018 2583 tametsi

228 2598 251 2625 is
267 2599 394 2628 laudibus
411 2601 524 2628 eminet.
544 2601 665 2636 Aiquum
689 2602 761 2629 enim
778 2611 785 2636 ;
805 2609 854 2629 nec
870 2609 934 2629 vero
950 2601 1019 2628 duu-

229 2649 302 2671 taxat
317 2653 435 2680 aequum,
452 2646 498 2673 sed
516 2650 545 2673 ut
561 2647 641 2674 etiam
657 2647 773 2674 maxime
788 2647 883 2675 deceat
897 2647 1020 2674 oratione

229 2690 339 2727 defungi
361 2692 421 2720 viro
442 2692 680 2728 eloquentissimo,
698 2694 843 2728 omnisque
857 2693 1020 2728 eloquentia

230 2802 236 2805 _
267 2768 323 2803 (Η)
340 2770 413 2797 Salis
429 2771 500 2798 clara
515 2771 560 2798 hic
571 2777 611 2799 est
628 2771 738 2804 allusio,
774 2771 845 2798 sicut
861 2771 943 2798 etiam
968 2771 1018 2798 fuit

230 2809 257 2840 in
268 2805 453 2842 'exor‘tlio.»adr
463 2806 490 2833 S.
508 2805 633 2842 Martyris
650 2814 761 2838 nomen,
771 2812 804 2842 et
817 2807 966 2842 pretiosum
978 2807 1018 2832 la-

231 2837 318 2877 pidem
337 2839 524 2877 hyacinthum.
542 2837 724 2869 De'allusione
743 2841 776 2868 all
792 2837 1020 2877 ﬂdsculumejus-

231 2872 290 2899 dem
323 2872 442 2903 nominis
461 2875 517 2910 iam
535 2877 654 2904 diximus
670 2878 739 2912 (not.
758 2877 793 2910 1).

1073 2555 1174 2590 regula:
1201 2562 1234 2582 ac
1257 2554 1399 2589 magistro.
1418 2553 1472 2581 Nec
1491 2553 1564 2587 quod
1579 2553 1615 2580 sit
1632 2559 1754 2584 necesse,
1769 2555 1799 2578 ut
1816 2559 1864 2578 ne-

1073 2601 1137 2628 dum
1155 2601 1216 2636 ipsi,
1233 2601 1281 2636 qui
1297 2601 1378 2628 tantis
1394 2600 1429 2627 ab
1440 2600 1489 2627 illo
1505 2599 1626 2634 partibus
1642 2598 1797 2631 deficimus,
1816 2597 1864 2625 sed

1072 2652 1100 2674 et
1125 2647 1172 2682 qui
1189 2649 1223 2674 ad
1244 2654 1378 2674 summam
1403 2646 1539 2680 magnilici
1565 2644 1649 2671 animi
1675 2644 1864 2679 praestantiam

1073 2693 1195 2721 evasisse
1224 2693 1360 2722 videntur.
1387 2692 1420 2719 ab
1449 2699 1482 2719 eo
1502 2691 1575 2726 quod
1600 2694 1642 2718 est
1667 2698 1716 2725 pro
1735 2690 1866 2726 dignitate

1109 2771 1147 2805 (Ι)
1166 2771 1203 2797 Ex
1229 2771 1322 2798 codice
1337 2769 1507 2802 lilazarinmo,
1530 2769 1577 2796 Fr.
1591 2768 1754 2805 combeﬁsio
1781 2767 1865 2794 inter-

1074 2803 1159 2869 piem,
1180 2805 1391 2869 itgilélibliotheca
1417 2805 1527 2833 Patrum
1552 2803 1769 2837 concionatoria,
1794 2807 1862 2831 tom.

1112 2863 1118 2875 ,
1135 2850 1161 2877 p.
1238 2861 1244 2868 .
1624 2849 1632 2857 ο

1112 2863 1118 2875 ,
1135 2861 1161 2875 γ.
1183 2861 1244 2869 ν.ν.
