2089 3151
166 197 218 230 Ml

522 197 663 227 ORATIO
682 198 745 228 XX.
758 212 791 217 -
823 199 863 228 IN
885 198 1042 230 LAUDEM
1061 201 1090 231 S.
1105 201 1292 231 GREGORII
1313 201 1448 232 THEOL.

1751 202 1805 234 442

168 258 317 286 cxerrent;
337 253 438 281 idcirco
461 253 626 282 inhibendus
644 259 775 287 conatus,
794 255 959 291 srgnittsque
974 260 995 286 Α
1011 258 1131 293 cogitatu
1163 258 1317 285 dirimatur.
1344 257 1582 291 Quemadmodum
1611 257 1685 285 ettitn
1721 258 1807 287 hocce

168 301 302 336 agendum
317 308 399 335 qualn
414 304 443 326 ut
459 307 515 327 rem
529 300 730 335 aggrediamur.
746 300 872 336 Magnum
884 301 957 328 ettim

169 346 320 380 ingensque
336 349 388 378 est,
404 349 433 372 ut
450 345 490 372 vel
504 349 665 380 tetnperatc,
679 345 705 372 in
722 346 756 372 iis
768 354 828 380 quas
841 346 959 374 maxima

169 398 245 422 sunt,
259 392 313 418 vim
325 392 477 426 argumenti
491 396 589 419 tractes
601 401 609 419 ι
627 393 725 419 nedum
740 397 769 419 ut
785 401 834 428 pro
845 400 959 428 operum

171 439 269 466 nterito
292 437 461 472 exscqnaris.
479 437 548 470 Quia
565 438 638 465 cnim
660 446 724 465 vero
742 438 787 465 ille
807 438 854 465 Dei
872 438 960 466 Verbo

169 489 227 511 tum
248 484 367 518 genitus,
385 488 495 518 tumque
509 483 655 518 perfectus.
673 484 775 511 viventi
792 484 846 512 Deo
871 484 961 512 Verbo

170 528 373 556 necessitudine
387 527 550 561 conjuncttts
568 534 620 560 est,
636 529 773 564 quontodo
788 537 842 557 non
859 529 960 557 rationi

171 574 471 606 convenientissintum,
484 580 511 601 ιιι
525 581 574 608 pro
589 574 657 601 virili
671 579 776 607 nostra,
786 583 817 602 ac
828 580 960 610 quantum

171 620 281 654 assrqui
298 620 370 650 licet,
387 619 530 651 honorem,
542 620 587 654 qui
604 627 636 646 ex
653 621 827 647 serntonibtts
841 620 963 647 dicendi-

171 674 225 701 que
242 665 371 692 facultate
385 670 437 698 est,
453 666 491 692 illi
509 666 686 693 tribuamus?
703 666 840 694 Laudctttr
854 667 937 702 igitur
952 675 960 700 ;

171 712 272 746 qttippe
302 719 410 746 a:quum
434 716 625 746 sanctumque,
648 718 677 738 ut
696 712 729 744 is,
752 712 798 747 qui
833 713 962 747 operibus

172 763 203 783 ac
222 755 407 786 sermonibus,
426 756 515 790 quoad
536 756 591 782 vita
613 761 753 791 superstes
776 756 828 784 fuit
853 757 962 785 tuendis

171 798 255 828 Verbi
290 801 415 836 partibus
452 801 579 834 labores,
608 809 640 829 ac
674 802 819 829 tntestitias
846 803 961 830 nimium

172 852 289 882 quantas
317 847 449 882 jugesque
470 847 618 880 sustinuit,
641 847 770 876 laudibus
794 857 904 883 quoque
928 857 962 876 ex

173 894 339 928 eloquentia,
354 901 566 928 scrmonuntque
581 894 605 920 vi
617 894 770 929 corrogatis
782 902 832 922 ceu
847 894 962 923 fioribus

173 944 330 967 exornetur.

208 985 295 1011 Porro
307 983 467 1019 Gregorium
480 984 552 1017 dico,
569 985 668 1013 divinae
683 993 845 1021 summeque
862 987 964 1021 princi-

173 1031 216 1065 pis
230 1030 421 1066 cognominem
441 1031 583 1066 theologia‘
598 1039 606 1064 ;
621 1031 690 1063 sive,
705 1036 734 1059 ut
749 1032 846 1067 loquar
860 1033 962 1065 verius,

174 1077 261 1111 ipsam
273 1076 363 1110 reipsa
376 1076 795 1111 theologiam.Quemadmodum
809 1078 882 1105 enim
898 1086 964 1106 vera

173 1123 218 1150 illa
230 1123 307 1149 lux”
321 1130 370 1157 pro
385 1122 465 1150 nobis
481 1128 563 1158 atque
586 1123 730 1151 nobiscum
753 1128 825 1157 orta,
842 1131 904 1151 cum
929 1124 965 1152 sit

174 1169 319 1204 sapientia,
340 1173 367 1196 et
387 1169 505 1204 justitia,
524 1175 551 1196 et
574 1169 724 1205 redemptio
739 1169 773 1202 ",
794 1170 835 1198 sic
861 1170 963 1205 potius,

174 1223 256 1250 quant
274 1222 306 1241 ex
319 1215 373 1242 illis
395 1215 512 1242 deducto
527 1216 639 1243 nomine
653 1220 810 1251 nuncupata
824 1220 877 1244 est.
894 1216 965 1244 Sunt

175 1261 248 1287 enittt
262 1261 353 1286 divina
370 1260 427 1287 haec
444 1261 553 1287 notnina
568 1261 714 1296 ejusmodi,
732 1267 759 1289 ut
777 1262 964 1296 prmpolleant,

173 1305 330 1339 divinisque
343 1306 447 1340 aptiora
460 1306 603 1338 exsistant,
618 1306 646 1332 in
661 1306 761 1340 quibus
769 1306 888 1333 essentia
903 1314 964 1334 cum

174 1352 336 1385 operatione
362 1351 464 1386 pariter
481 1352 631 1379 concurrit.
658 1352 704 1379 Sic
728 1359 838 1386 quoque
860 1352 901 1378 vir
921 1352 965 1378 hic

174 1398 295 1430 divinas,
309 1398 355 1432 qui
373 1403 456 1425 tOIam
470 1398 569 1425 utentis
587 1398 640 1424 vim
656 1398 763 1425 eximia:
775 1398 967 1425 tllVlltlSSillltlE-

175 1451 228 1478 qtte
244 1443 386 1478 theologizc
401 1443 655 1477 contemperaverit,
674 1447 814 1477 totamque
829 1450 888 1470 eam
905 1443 966 1470 aui-

176 1496 220 1516 mo
240 1489 400 1524 iutclligenli
422 1489 598 1524 expresserit,
635 1489 760 1523 quinimo
782 1493 855 1517 totus
877 1489 912 1516 ab
936 1497 967 1516 ea

176 1535 392 1570 comprehensus
408 1535 454 1566 sit,
476 1535 551 1562 velut
566 1534 624 1570 ipsa
643 1535 733 1570 reipsa
750 1535 886 1570 theologia
910 1540 966 1562 tum

175 1586 228 1612 est,
243 1586 299 1607 tum
314 1581 470 1607 nominatus
488 1580 548 1607 fuit.
566 1580 616 1613 Qui
636 1580 717 1615 igitur
735 1580 790 1613 fiat,
809 1585 839 1607 ut
857 1589 918 1616 qua:
933 1581 967 1608 ad

177 1627 251 1654 illam
273 1631 378 1661 spectat
400 1626 531 1658 laudatio,
548 1634 602 1653 nott
615 1630 690 1653 recto
709 1627 818 1654 tramite
833 1627 865 1654 ad
886 1627 967 1654 istutn

177 1674 296 1701 evaserit
308 1674 320 1700 ’ἔ
333 1673 490 1708 'l‘beulogia:
506 1677 595 1701 autent
608 1673 740 1705 laudatio,
755 1673 842 1708 ipsius
854 1674 890 1701 sit
907 1682 969 1708 pcr-

178 1719 259 1752 fecte,
275 1727 306 1747 ac
320 1728 402 1754 quam
419 1719 545 1754 perfectis
559 1720 708 1754 loquuntur
723 1720 757 1752 ³⁷,
774 1720 874 1747 divina:
894 1720 970 1755 prin-

178 1765 248 1799 cipis
264 1765 404 1799 sapieutiaa
421 1765 568 1792 celebratio
584 1773 592 1794 :
610 1765 690 1799 cujus
707 1765 758 1793 iste
773 1771 896 1799 amator,
916 1773 969 1800 qua

178 1811 272 1838 nescio
289 1819 323 1838 an
341 1812 414 1839 ulltts
429 1811 597 1846 pratstantia,
611 1819 645 1838 es
663 1819 696 1839 eo
712 1811 855 1839 hominum
871 1820 971 1847 genere

179 1858 253 1892 quia
273 1858 375 1884 sarculo
394 1857 597 1892 philosophiam
619 1858 707 1885 colere
725 1862 890 1891 statuerunt,
905 1858 971 1886 eﬂ‘e-

179 1909 251 1936 ctus,
277 1905 389 1939 viasque
411 1909 562 1937 scrutatus,
579 1909 660 1939 atque
679 1905 846 1932 incertorunt
876 1913 908 1932 ac
924 1913 972 1933 oc-

184 1950 322 1977 cttltorum
339 1950 362 1966 ³⁸
385 1950 458 1978 illius
473 1951 588 1986 mystica
606 1958 740 1985 sacraque
756 1952 864 1979 ratione
882 1952 972 1979 scien-

181 1997 247 2024 tiam
258 1997 383 2030 edoctus,
395 1998 436 2024 sic
448 1997 548 2024 utentis
561 2005 656 2030 sensu,
668 1997 815 2033 divineque
831 1998 972 2026 interioris

181 2044 376 2079 perfectionem
394 2044 510 2072 hominis
527 2043 642 2079 adeptus
659 2048 711 2075 est,
728 2051 760 2071 ac
773 2051 822 2078 par
836 2049 895 2072 erat
908 2052 971 2072 eum

181 2091 315 2126 adipisci,
335 2091 381 2126 qui
405 2098 523 2126 superna
547 2091 679 2125 sapientia
703 2095 814 2124 parente
838 2098 973 2125 suprema:

182 2137 294 2165 virtutis
306 2137 382 2164 cultu
397 2142 478 2176 natqs
489 2141 559 2164 erat.
574 2136 655 2163 Velut
667 2137 739 2164 enim
754 2136 877 2163 divittum
895 2137 971 2164 vehi—

182 2182 287 2214 culum,
304 2182 363 2208 sive
372 2182 491 2209 eximius
507 2181 679 2209 divinissimo
695 2180 784 2209 Verbo
798 2181 897 2209 eximia
913 2182 974 2209 vita:

183 2227 300 2259 ratione,
315 2227 446 2262 verbique
464 2227 524 2254 lttce
535 2231 640 2262 partus,
658 2231 793 2254 evaserat.

1011 304 1082 331 aeris
1098 311 1209 338 corpus.
1231 303 1295 331 solis
1325 303 1409 330 radiis
1427 302 1633 337 fulgoribusque
1651 303 1805 337 imbtttum,

1012 353 1152 384 totumque
1175 357 1207 377 ex
1226 354 1282 376 toto
1314 349 1468 376 exsilientis
1503 348 1566 375 inde
1606 357 1637 376 ac
1662 349 1808 377 emicantis

1011 394 1164 429 splendoris
1191 401 1310 421 corusco
1337 394 1464 428 plettttm,
1498 401 1581 420 uttant
1606 393 1677 420 lucis
1697 393 1804 427 plenam

1011 449 1103 469 aream
1126 441 1214 468 oculis
1230 444 1405 475 repra‘scntal
1425 448 1432 472 ;
1457 440 1493 466 ita
1514 444 1541 466 et
1559 439 1620 471 iste,
1637 438 1806 472 spiritalibus

1014 488 1087 514 hisce
1109 486 1193 514 radiis
1217 486 1307 521 magni
1326 485 1437 520 justitiae
1452 485 1524 512 Solis
1545 485 1630 511 aciem
1651 484 1805 516 intendens.

1012 540 1177 567 ontuemque
1191 532 1350 566 ejus,quem
1363 539 1442 558 nemo
1460 531 1559 564 capiat,
1570 530 1667 557 eximia
1684 531 1803 564 quatiant

1012 579 1118 606 ratione
1137 579 1287 605 claritatem
1309 577 1430 611 capiens,
1445 576 1584 611 animique
1604 576 1731 603 essentia:
1746 582 1809 602 cor-

1013 632 1078 659 pore
1098 624 1204 651 vacattti
1227 623 1421 655 cornutis-cens,
1447 627 1522 648 tanto
1540 622 1637 655 magis,
1655 629 1687 648 eo
1699 641 1706 653 ,
1724 628 1806 655 quem

1013 669 1145 701 diximus,
1161 676 1234 701 aere,
1249 676 1306 695 suae
1324 668 1361 694 illi
1380 667 1553 701 conjtutctior
1570 667 1623 693 lttei
1641 666 1806 699 ostenditur,

1013 719 1116 748 quanto
1147 721 1193 742 aer
1218 713 1291 740 brevi
1320 713 1452 747 temporis
1477 711 1622 738 intervallo
1651 712 1808 746 aspectabili

1013 759 1073 786 luce
1089 760 1227 793 perfusus,
1243 758 1288 785 illa
1297 758 1441 791 migrante,
1453 757 1540 784 noctis
1553 765 1612 783 mox
1628 757 1746 784 tenebris
1775 764 1809 784 ac

1014 804 1130 839 caligine
1145 804 1293 838 impletur;
1316 803 1359 830 hic
1373 807 1464 830 autent
1483 802 1579 834 semel,
1591 802 1635 834 iis,
1654 810 1724 837 quos
1739 802 1810 829 dixi-

1015 859 1089 882 mus,
1108 851 1191 878 radiis
1212 850 1334 877 animum
1358 849 1500 881 adhibens,
1520 849 1614 882 sicque
1634 849 1732 875 tttcntis
1754 847 1811 875 feli-

1015 897 1096 924 citate
1115 903 1210 923 eorum
1236 895 1341 930 fulgore
1366 895 1528 926 illustratus,
1556 900 1585 921 ιιι
1608 894 1697 929 Iucis(
1713 901 1810 927 nempe

1016 942 1159 977 spiritalis)
1185 941 1260 968 {ilius
1285 941 1413 971 evaserit,
1433 940 1493 974 ejus
1511 940 1617 967 scilicet
1633 948 1694 973 qua:
1714 940 1741 966 itt
1764 940 1810 966 illo

1015 989 1121 1015 ratione
1140 988 1223 1014 nullis
1242 987 1332 1014 verbis
1349 986 1504 1021 explicabili
1520 985 1667 1017 ;forutata,
1687 985 1744 1012 sive
1774 985 1812 1012 si-

1014 1037 1096 1068 gnata
1122 1032 1168 1064 sit,
1189 1033 1322 1060 itulivisus
1335 1040 1350 1058 a
1367 1035 1477 1066 parettte
1494 1030 1520 1057 iu
1539 1031 1669 1058 sacculum
1694 1036 1786 1061 manet
1801 1038 1811 1064 ς

1016 1079 1117 1112 luxque
1131 1078 1262 1113 spiritalis
1277 1086 1309 1105 ac
1332 1087 1411 1112 pura.
1431 1086 1485 1105 non
1504 1078 1556 1105 sibi
1590 1077 1648 1112 ipse
1668 1077 1812 1111 duntaxat,

1016 1125 1061 1152 Sed
1080 1130 1107 1152 et
1123 1125 1165 1152 his
1182 1125 1228 1160 qui
1250 1125 1287 1152 illi
1304 1125 1428 1152 attimttnt
1450 1124 1604 1157 attendunt,
1637 1123 1753 1150 efﬁcitur
1771 1126 1814 1150 at-

1016 1177 1069 1204 que
1087 1170 1221 1197 cernitur.

1051 1214 1119 1241 Cum
1145 1215 1227 1250 igitur
1253 1215 1326 1243 istud
1351 1214 1379 1242 itt
1405 1222 1467 1242 eum
1493 1214 1607 1250 pulchre
1635 1215 1738 1242 dictum
1763 1215 1810 1247 sit,

1017 1261 1153 1295 fidemque
1169 1261 1300 1287 mertterit
1318 1269 1325 1292 ς
1343 1268 1392 1295 age
1406 1261 1463 1295 jam
1480 1269 1530 1288 nos
1547 1269 1602 1295 quo
1613 1268 1657 1293 tuo
1673 1260 1812 1294 spiritali-8

1017 1306 1203 1340 intelligentia:
1221 1306 1322 1339 radios,
1342 1306 1511 1341 spiritalibus
1532 1305 1706 1340 intelligentis
1729 1305 1812 1332 animi

1018 1353 1144 1380 manibus
1159 1352 1296 1386 rapientes
1313 1353 1417 1386 (radios
1436 1352 1541 1380 scilicet
1555 1352 1686 1386 Gregorio
1701 1351 1812 1386 quidem

1019 1399 1179 1429 cmicantes,
1202 1403 1229 1425 at
1242 1399 1288 1433 qui
1305 1406 1319 1425 e
1334 1399 1404 1426 malo
1421 1398 1454 1425 ad
1472 1406 1522 1425 nos
1540 1405 1627 1432 usque
1652 1398 1812 1432 pervatiant)

1018 1451 1227 1478 sermonemque
1245 1444 1367 1476 virtutis,
1385 1452 1418 1471 ac
1433 1443 1574 1478 sapientiae
1593 1443 1746 1470 summitati
1773 1443 1814 1470 la-

1018 1494 1126 1522 xantcs,
1137 1490 1254 1525 ejusque
1266 1498 1352 1517 sacra:
1364 1489 1518 1523 Theologim
1530 1489 1666 1524 profundo
1681 1489 1814 1516 intentam

1019 1540 1137 1563 mentem
1160 1536 1330 1568 adhibentes,
1356 1540 1439 1569 atque
1458 1535 1520 1562 ittde
1544 1535 1617 1562 velut
1637 1535 1718 1561 claris
1734 1535 1813 1562 nobis

1019 1582 1141 1609 collectis
1160 1581 1322 1616 fulgoribus,
1339 1581 1365 1608 id
1387 1585 1439 1612 est.
1463 1580 1565 1608 divinis
1591 1581 1816 1608 illustratioribus

1021 1627 1222 1663 afiulgentibus,
1241 1627 1385 1662 prazclaras
1395 1627 1526 1661 Theologi
1543 1634 1587 1654 res
1619 1630 1700 1661 atque
1719 1626 1816 1654 merita

1020 1681 1069 1708 pro
1080 1681 1174 1700 eoruttt
1188 1677 1245 1700 tum
1257 1673 1433 1705 sublimitate,
1449 1676 1506 1699 tttm
1520 1672 1664 1699 latitudine
1679 1676 1816 1699 contuen-

1021 1727 1070 1751 tes.
1087 1726 1167 1755 atque
1181 1721 1207 1748 in
1224 1729 1289 1748 eum
1308 1721 1389 1748 rectis
1403 1720 1503 1747 tttentis
1515 1719 1603 1747 oculis
1630 1727 1662 1746 ac
1679 1718 1817 1746 irretortis

1021 1768 1214 1800 intendeutcs,
1232 1769 1375 1804 proprium
1397 1769 1422 1795 ei
1442 1775 1474 1796 ac
1511 1767 1678 1794 conveniens
1717 1773 1819 1793 munus

1021 1815 1202 1850 cltarttmquo,
1220 1816 1331 1842 laudum
1349 1815 1484 1848 primitias
1497 1814 1655 1841 olleramus.

1061 1862 1100 1888 Ac
1111 1868 1176 1888 vero
1190 1861 1335 1896 diligenter
1349 1865 1480 1887 attentam
1496 1860 1563 1886 milti
1580 1867 1686 1891 aurem,
1703 1866 1734 1886 ac
1748 1858 1819 1886 bene

1022 1907 1157 1934 volentem
1182 1906 1304 1934 animum
1323 1926 1331 1939 ,
1359 1911 1478 1933 mentem
1519 1905 1638 1940 denique
1670 1905 1817 1932 mundanis

1023 1960 1071 1981 seu
1089 1952 1248 1980 carnalibus
1265 1952 1467 1979 turbationibus
1484 1951 1598 1978 liberant
1631 1950 1818 1984 mundamque

1023 2000 1166 2032 exhibete,
1205 2002 1340 2034 quotquot
1365 1998 1463 2025 merito
1492 1996 1652 2031 theologicis
1688 1996 1817 2023 oblcctari

1024 2045 1139 2072 canticis
1176 2050 1258 2079 atque
1294 2044 1421 2071 lattdibus
1448 2042 1607 2077 peroptatis.
1637 2042 1720 2068 Platte
1744 2041 1818 2068 enim

1024 2093 1124 2124 oratio,
1143 2091 1182 2118 uti
1198 2098 1260 2126 qua:
1279 2091 1395 2117 honesta
1412 2094 1476 2117 sunt
1495 2089 1602 2115 sincere
1618 2087 1794 2114 laudantibus
1808 2107 1817 2119 ,

1025 2139 1065 2166 sic
1085 2146 1150 2166 vero
1168 2139 1250 2165 etiam
1269 2138 1416 2172 prudenter
1435 2143 1466 2163 ac
1482 2139 1544 2162 cata
1561 2138 1653 2161 mente
1685 2133 1820 2161 audienti-

1024 2185 1087 2216 bus,
1102 2185 1182 2218 longe
1195 2183 1340 2211 utilissima
1357 2191 1389 2210 ac
1402 2183 1523 2209 salubris
1536 2181 1656 2208 ersistit.

1062 2229 1129 2262 Quae
1145 2229 1286 2256 enimvero
1297 2229 1330 2256 ab
1349 2228 1411 2255 imis
1423 2227 1494 2254 baud
1508 2235 1587 2254 secus
1601 2233 1632 2252 ac
1647 2232 1746 2260 corpus
1760 2232 1820 2251 um-

221 2273 281 2306 Qua
295 2274 377 2308 igitur
393 2273 501 2300 ratione
514 2273 552 2304 is,
566 2272 612 2307 qtti
627 2273 709 2299 solari
726 2272 808 2308 globo
829 2272 899 2300 oeuli
919 2273 972 2300 vim
987 2277 1013 2307 1)
1027 2275 1082 2303 brae
1098 2279 1281 2308 asscclanlul‘,
1298 2283 1346 2302 cett
1362 2282 1423 2309 qua:
1439 2274 1472 2300 ad
1486 2280 1580 2300 eorum
1598 2279 1659 2307 quae
1670 2271 1741 2298 dicta
1756 2275 1820 2298 snttt

183 2319 285 2354 deﬁgit,
308 2318 390 2346 simul
413 2325 522 2353 quoque
541 2322 697 2345 concretam
715 2318 753 2344 illi
772 2318 860 2345 lucent
879 2325 974 2346 neces-

184 2366 258 2391 sario
273 2364 407 2391 luminum
422 2363 479 2390 acie
494 2363 620 2398 attingit,
636 2363 676 2391 sic
693 2363 738 2398 qui
755 2363 845 2391 laudis
861 2364 973 2392 obtentu

184 2411 212 2438 in
230 2418 357 2445 magnum
373 2409 533 2444 Gregorium
548 2409 668 2444 linguam
685 2410 818 2436 latraverit
832 2429 839 2441 ,
857 2409 976 2437 Ther-Io-

184 2457 236 2492 gite
255 2463 365 2491 quoque
387 2457 414 2482 itt
430 2463 463 2482 eo
477 2456 569 2482 sedem
594 2456 731 2486 habentis,
758 2456 816 2483 sive
835 2457 976 2491 sapientia:

185 2509 268 2538 atque
283 2503 401 2533 virtutis.
416 2502 499 2529 dubio
516 2502 609 2536 procul
627 2502 728 2536 pariter
740 2503 834 2530 laudes
852 2504 976 2538 aggredi-

184 2554 241 2577 tur.
257 2549 320 2577 Htec
333 2549 406 2577 enim
421 2557 475 2576 non
489 2555 585 2576 eorum
602 2549 647 2583 qui
665 2548 730 2576 foris
742 2554 807 2576 suttt
822 2551 975 2584 sapientum

186 2601 260 2631 typo,
288 2594 335 2622 sed
358 2595 438 2630 plane
463 2595 613 2629 apostolica
634 2602 730 2622 nortna
744 2614 752 2626 ,
776 2603 864 2630 neque
883 2595 977 2624 Graeca

187 2641 347 2673 ambitione,
367 2641 414 2668 sed
434 2641 492 2676 lege
514 2641 670 2675 evangelica
685 2642 818 2676 scitisque
832 2642 901 2677 ejus,
915 2651 978 2670 cott-

188 2687 366 2721 templatione
378 2687 481 2722 pariter
493 2694 524 2713 ac
540 2688 658 2718 actione,
675 2688 745 2715 velut
762 2693 858 2715 natura
882 2697 977 2716 essen-

188 2734 280 2768 tiaque
302 2732 433 2767 Gregorio
446 2737 584 2764 conserta,
607 2733 687 2767 eique
701 2738 828 2761 concreta
844 2742 977 2768 apparue-

188 2783 262 2806 runt.
271 2778 370 2806 Parum
380 2779 538 2812 abest,quin
553 2783 579 2805 et
594 2779 651 2806 haec
664 2779 811 2814 Gregorius
820 2780 927 2808 dicatur
937 2786 978 2808 to-

191 2831 235 2854 tus
242 2833 276 2853 ex
285 2830 342 2853 toto
351 2825 393 2853 bis
405 2826 577 2859 commistus,
587 2830 617 2853 ut
627 2826 669 2853 vix
680 2826 715 2853 ab
725 2827 765 2854 eis
774 2827 864 2854 subtili
879 2829 977 2855 mentis

227 2916 250 2933 ³⁸
263 2916 343 2945 Joan.
360 2925 379 2950 t,
394 2917 422 2944 9.

460 2917 482 2933 ³⁸
495 2915 504 2943 l
519 2916 581 2944 Cor.
599 2917 677 2951 1,50.
717 2917 737 2933 ³⁷
755 2917 764 2944 Ι
781 2917 844 2945 Cor.
861 2925 891 2949 n.
908 2919 923 2945 G

1025 2322 1134 2350 laudent
1151 2330 1203 2349 nott
1221 2322 1367 2349 admodum
1382 2320 1537 2351 conferant,
1567 2318 1716 2345 omittenda
1731 2324 1820 2351 operte

1024 2369 1143 2403 pretittnt
1163 2369 1256 2400 duco;
1270 2375 1333 2395 cttm
1350 2373 1377 2394 et
1393 2371 1524 2402 pra‘terea
1541 2364 1618 2391 multi
1631 2364 1688 2398 jam
1709 2370 1739 2389 ea
1755 2369 1822 2389 con-

1026 2414 1207 2448 scripserint,
1229 2414 1340 2447 sintque
1368 2412 1498 2440 outnibus
1520 2411 1688 2445 conspicua,
1713 2410 1821 2436 tametsi

1027 2468 1079 2488 nos
1095 2460 1206 2487 minime
1223 2460 1396 2494 eloquamur.
1412 2458 1543 2492 Quasnam
1561 2465 1624 2484 vero
1646 2457 1704 2484 lucc
1728 2456 1789 2483 dico
1810 2455 1823 2482 ἲ

1028 2505 1105 2538 Puta,
1117 2505 1209 2540 patriaI
1235 2504 1406 2539 majestatem
1417 2511 1448 2530 ac
1460 2503 1658 2538 praestantiam,
1669 2509 1723 2528 non
1737 2508 1820 2536 qualn

1028 2550 1051 2577 is
1064 2557 1145 2585 quem
1155 2550 1308 2579 laudamus,
1319 2550 1381 2576 inde
1393 2548 1534 2583 percipiat,
1545 2547 1591 2576 sed
1607 2555 1659 2583 qua
1670 2548 1727 2582 ipse
1744 2547 1817 2573 illaut

1029 2597 1121 2630 potius
1145 2594 1306 2622 excellentia
1327 2594 1437 2621 virtutis
1470 2593 1662 2628 impartiverit.
1690 2592 1795 2618 Etenim
1812 2609 1820 2622 ,

1032 2642 1263 2679 quemadmodum
1287 2648 1340 2668 non
1362 2648 1394 2667 ea
1418 2640 1524 2667 ratione
1550 2639 1664 2666 illustris
1683 2638 1819 2666 Christus,

1029 2688 1102 2723 qttod
1117 2692 1197 2715 natus
1215 2687 1242 2714 in
1259 2686 1397 2713 Bethleem
1408 2706 1415 2719 ,
1431 2693 1510 2713 secus
1534 2692 1598 2712 vero
1613 2683 1660 2710 illa
1674 2682 1734 2716 ejus
1747 2681 1820 2707 clara

1031 2735 1175 2763 cunabulis
1197 2733 1312 2768 orbique
1327 2732 1444 2760 celebris
1455 2733 1558 2764 evasit;
1573 2731 1612 2757 sic
1622 2734 1649 2757 et
1660 2726 1818 2762 Gregorius,

1032 2790 1084 2810 non
1106 2785 1217 2816 propter
1235 2779 1420 2812 Nazianzum,
1441 2786 1474 2806 ex
1490 2785 1544 2812 qua
1569 2775 1647 2802 duxit
1669 2773 1819 2808 originem,

1033 2828 1184 2856 honestatis
1196 2826 1306 2856 cumulo
1318 2825 1420 2861 aliqttid
1432 2824 1554 2859 accepit;
1569 2822 1634 2858 quin
1650 2821 1695 2848 illa
1711 2824 1822 2856 propter

976 2918 996 2933 Ἠ
1011 2917 1080 2945 l‘stl.
1096 2926 1110 2944 L
1136 2918 1161 2944 8.
