  <div class='ocr_page' id='page_1' title='image "/cluster/home/n/w/nwhite01/storage/ocr_20150623/105/njp.32101077772893/267.png"; bbox 0 0 2089 3151; ppageno 0'>
   <div class='ocr_carea' id='block_1_1' title="bbox 285 193 337 225">
    <p class='ocr_par' dir='ltr' id='par_1_1' title="bbox 285 193 337 225">
     <span class='ocr_line' id='line_1_1' title="bbox 285 193 337 225; baseline 0.038 -2"><span class='ocrx_word' id='word_1_1' title='bbox 285 193 337 225; x_wconf 67' lang='lat'><strong>443</strong></span> 
     </span>
    </p>
   </div>
   <div class='ocr_carea' id='block_1_2' title="bbox 875 195 1301 228">
    <p class='ocr_par' dir='ltr' id='par_1_2' title="bbox 875 195 1301 228">
     <span class='ocr_line' id='line_1_2' title="bbox 875 195 1301 228; baseline 0.005 -2"><span class='ocrx_word' id='word_1_2' title='bbox 875 195 1023 227; x_wconf 65' lang='lat' dir='ltr'><strong>NICETAE</strong></span> <span class='ocrx_word' id='word_1_3' title='bbox 1037 197 1134 227; x_wconf 84' lang='grc' dir='ltr'><strong>ΡΑΡΗ</strong></span> <span class='ocrx_word' id='word_1_4' title='bbox 1139 197 1261 228; x_wconf 83' lang='lat' dir='ltr'><strong>LAGON</strong></span> <span class='ocrx_word' id='word_1_5' title='bbox 1266 198 1301 228; x_wconf 91' lang='lat' dir='ltr'><strong>IS</strong></span> 
     </span>
    </p>
   </div>
   <div class='ocr_carea' id='block_1_3' title="bbox 1857 198 1913 230">
    <p class='ocr_par' dir='ltr' id='par_1_3' title="bbox 1857 198 1913 230">
     <span class='ocr_line' id='line_1_3' title="bbox 1857 198 1913 230; baseline 0.018 -1"><span class='ocrx_word' id='word_1_6' title='bbox 1857 198 1913 230; x_wconf 64' lang='grc'><strong>441</strong></span> 
     </span>
    </p>
   </div>
   <div class='ocr_carea' id='block_1_4' title="bbox 283 248 1914 290">
    <p class='ocr_par' dir='ltr' id='par_1_4' title="bbox 283 248 1914 290">
     <span class='ocr_line' id='line_1_4' title="bbox 283 248 1914 290; baseline 0.004 -14"><span class='ocrx_word' id='word_1_7' title='bbox 283 248 444 285; x_wconf 79' lang='lat' dir='ltr'><strong>Gregorium</strong></span> <span class='ocrx_word' id='word_1_8' title='bbox 463 249 489 276; x_wconf 94' lang='lat' dir='ltr'><strong>in</strong></span> <span class='ocrx_word' id='word_1_9' title='bbox 504 250 579 278; x_wconf 84' lang='lat' dir='ltr'><strong>orbis</strong></span> <span class='ocrx_word' id='word_1_10' title='bbox 599 258 687 285; x_wconf 87' lang='lat' dir='ltr'><strong>usque</strong></span> <span class='ocrx_word' id='word_1_11' title='bbox 708 250 775 278; x_wconf 83' lang='lat' dir='ltr'><strong>lines</strong></span> <span class='ocrx_word' id='word_1_12' title='bbox 792 251 834 279; x_wconf 89' lang='lat' dir='ltr'><strong>sui</strong></span> <span class='ocrx_word' id='word_1_13' title='bbox 854 252 1007 281; x_wconf 74' lang='lat' dir='ltr'><strong>claritatem</strong></span> <span class='ocrx_word' id='word_1_14' title='bbox 1023 260 1069 280; x_wconf 93' lang='lat' dir='ltr'><strong>no-</strong></span> <span class='ocrx_word' id='word_1_15' title='bbox 1088 254 1110 282; x_wconf 71' lang='grc' dir='ltr'><strong>Α</strong></span> <span class='ocrx_word' id='word_1_16' title='bbox 1124 252 1315 286; x_wconf 83' lang='lat' dir='ltr'><strong>deterioribus,</strong></span> <span class='ocrx_word' id='word_1_17' title='bbox 1335 253 1380 280; x_wconf 91' lang='lat' dir='ltr'><strong>sed</strong></span> <span class='ocrx_word' id='word_1_18' title='bbox 1400 254 1647 288; x_wconf 70' lang='lat' dir='ltr'><strong>prmstantioribus,</strong></span> <span class='ocrx_word' id='word_1_19' title='bbox 1679 262 1733 282; x_wconf 91' lang='lat' dir='ltr'><strong>non</strong></span> <span class='ocrx_word' id='word_1_20' title='bbox 1751 255 1785 282; x_wconf 90' lang='lat' dir='ltr'><strong>ab</strong></span> <span class='ocrx_word' id='word_1_21' title='bbox 1801 255 1834 283; x_wconf 89' lang='lat' dir='ltr'><strong>iis</strong></span> <span class='ocrx_word' id='word_1_22' title='bbox 1852 264 1914 290; x_wconf 73' lang='lat' dir='ltr'><strong>qua:</strong></span> 
     </span>
    </p>
   </div>
   <div class='ocr_carea' id='block_1_5' title="bbox 283 295 1072 332">
    <p class='ocr_par' dir='ltr' id='par_1_5' title="bbox 283 295 1072 332">
     <span class='ocr_line' id='line_1_5' title="bbox 283 295 1072 332; baseline 0.004 -9"><span class='ocrx_word' id='word_1_23' title='bbox 283 296 366 323; x_wconf 92' lang='lat' dir='ltr'><strong>minis</strong></span> <span class='ocrx_word' id='word_1_24' title='bbox 386 295 510 330; x_wconf 89' lang='lat' dir='ltr'><strong>protulit.</strong></span> <span class='ocrx_word' id='word_1_25' title='bbox 529 295 648 327; x_wconf 82' lang='lat' dir='ltr'><strong>Modum,</strong></span> <span class='ocrx_word' id='word_1_26' title='bbox 666 302 721 329; x_wconf 90' lang='lat' dir='ltr'><strong>qtto</strong></span> <span class='ocrx_word' id='word_1_27' title='bbox 747 296 773 322; x_wconf 95' lang='lat' dir='ltr'><strong>in</strong></span> <span class='ocrx_word' id='word_1_28' title='bbox 796 296 884 324; x_wconf 92' lang='lat' dir='ltr'><strong>lucem</strong></span> <span class='ocrx_word' id='word_1_29' title='bbox 904 302 1072 332; x_wconf 82' lang='lat' dir='ltr'><strong>susceptus:</strong></span> 
     </span>
    </p>
   </div>
   <div class='ocr_carea' id='block_1_6' title="bbox 282 340 1073 379">
    <p class='ocr_par' dir='ltr' id='par_1_6' title="bbox 282 340 1073 379">
     <span class='ocr_line' id='line_1_6' title="bbox 282 340 1073 379; baseline 0.004 -10"><span class='ocrx_word' id='word_1_30' title='bbox 282 341 414 369; x_wconf 80' lang='lat' dir='ltr'><strong>maternis</strong></span> <span class='ocrx_word' id='word_1_31' title='bbox 430 340 501 367; x_wconf 87' lang='lat' dir='ltr'><strong>enim</strong></span> <span class='ocrx_word' id='word_1_32' title='bbox 514 341 648 374; x_wconf 82' lang='lat' dir='ltr'><strong>precibus,</strong></span> <span class='ocrx_word' id='word_1_33' title='bbox 663 348 695 368; x_wconf 88' lang='lat' dir='ltr'><strong>ac</strong></span> <span class='ocrx_word' id='word_1_34' title='bbox 711 341 772 372; x_wconf 84' lang='lat' dir='ltr'><strong>fide,</strong></span> <span class='ocrx_word' id='word_1_35' title='bbox 789 342 860 369; x_wconf 82' lang='lat' dir='ltr'><strong>haud</strong></span> <span class='ocrx_word' id='word_1_36' title='bbox 873 351 952 371; x_wconf 84' lang='lat' dir='ltr'><strong>secus</strong></span> <span class='ocrx_word' id='word_1_37' title='bbox 966 352 998 371; x_wconf 91' lang='lat' dir='ltr'><strong>ac</strong></span> <span class='ocrx_word' id='word_1_38' title='bbox 1012 353 1073 379; x_wconf 74' lang='lat' dir='ltr'><strong>qua:</strong></span> 
     </span>
    </p>
   </div>
   <div class='ocr_carea' id='block_1_7' title="bbox 283 386 1072 421">
    <p class='ocr_par' dir='ltr' id='par_1_7' title="bbox 283 386 1072 421">
     <span class='ocr_line' id='line_1_7' title="bbox 283 386 1072 421; baseline 0.004 -7"><span class='ocrx_word' id='word_1_39' title='bbox 283 387 372 414; x_wconf 85' lang='lat' dir='ltr'><strong>Verbo</strong></span> <span class='ocrx_word' id='word_1_40' title='bbox 395 386 536 421; x_wconf 71' lang='lat' dir='ltr'><strong>prazcurrit</strong></span> <span class='ocrx_word' id='word_1_41' title='bbox 552 394 613 419; x_wconf 98' lang='lat' dir='ltr'><strong>vox,</strong></span> <span class='ocrx_word' id='word_1_42' title='bbox 632 390 679 413; x_wconf 87' lang='lat' dir='ltr'><strong>aut</strong></span> <span class='ocrx_word' id='word_1_43' title='bbox 699 386 773 414; x_wconf 71' lang='lat' dir='ltr'><strong>Velut</strong></span> <span class='ocrx_word' id='word_1_44' title='bbox 789 396 866 416; x_wconf 80' lang='lat' dir='ltr'><strong>sacer</strong></span> <span class='ocrx_word' id='word_1_45' title='bbox 883 389 927 416; x_wconf 89' lang='lat' dir='ltr'><strong>ille</strong></span> <span class='ocrx_word' id='word_1_46' title='bbox 941 398 972 416; x_wconf 85' lang='lat' dir='ltr'><strong>ex</strong></span> <span class='ocrx_word' id='word_1_47' title='bbox 996 396 1072 418; x_wconf 88' lang='lat' dir='ltr'><strong>utero</strong></span> 
     </span>
    </p>
   </div>
   <div class='ocr_carea' id='block_1_8' title="bbox 282 433 1071 470">
    <p class='ocr_par' dir='ltr' id='par_1_8' title="bbox 282 433 1071 470">
     <span class='ocr_line' id='line_1_8' title="bbox 282 433 1071 470; baseline 0.004 -10"><span class='ocrx_word' id='word_1_48' title='bbox 282 434 404 466; x_wconf 77' lang='lat' dir='ltr'><strong>Samuel,</strong></span> <span class='ocrx_word' id='word_1_49' title='bbox 421 433 594 467; x_wconf 84' lang='lat' dir='ltr'><strong>impetratus,</strong></span> <span class='ocrx_word' id='word_1_50' title='bbox 615 440 765 467; x_wconf 86' lang='lat' dir='ltr'><strong>earumque</strong></span> <span class='ocrx_word' id='word_1_51' title='bbox 775 434 861 462; x_wconf 90' lang='lat' dir='ltr'><strong>dubio</strong></span> <span class='ocrx_word' id='word_1_52' title='bbox 869 435 963 469; x_wconf 81' lang='lat' dir='ltr'><strong>procul</strong></span> <span class='ocrx_word' id='word_1_53' title='bbox 978 441 1071 470; x_wconf 85' lang='lat' dir='ltr'><strong>partus</strong></span> 
     </span>
    </p>
   </div>
   <div class='ocr_carea' id='block_1_9' title="bbox 282 478 1070 513">
    <p class='ocr_par' dir='ltr' id='par_1_9' title="bbox 282 478 1070 513">
     <span class='ocr_line' id='line_1_9' title="bbox 282 478 1070 513; baseline 0.005 -8"><span class='ocrx_word' id='word_1_54' title='bbox 282 479 366 506; x_wconf 78' lang='lat' dir='ltr'><strong>audiit</strong></span> <span class='ocrx_word' id='word_1_55' title='bbox 394 485 426 505; x_wconf 86' lang='lat' dir='ltr'><strong>ac</strong></span> <span class='ocrx_word' id='word_1_56' title='bbox 441 478 563 505; x_wconf 79' lang='lat' dir='ltr'><strong>effectus.</strong></span> <span class='ocrx_word' id='word_1_57' title='bbox 583 478 721 506; x_wconf 77' lang='lat' dir='ltr'><strong>Urbanum</strong></span> <span class='ocrx_word' id='word_1_58' title='bbox 739 480 942 513; x_wconf 83' lang='lat' dir='ltr'><strong>educationem,</strong></span> <span class='ocrx_word' id='word_1_59' title='bbox 957 482 1070 509; x_wconf 88' lang='lat' dir='ltr'><strong>scitam-</strong></span> 
     </span>
    </p>
   </div>
   <div class='ocr_carea' id='block_1_10' title="bbox 281 524 1070 561">
    <p class='ocr_par' dir='ltr' id='par_1_10' title="bbox 281 524 1070 561">
     <span class='ocr_line' id='line_1_10' title="bbox 281 524 1070 561; baseline 0.005 -10"><span class='ocrx_word' id='word_1_60' title='bbox 281 532 350 559; x_wconf 84' lang='lat' dir='ltr'><strong>que,</strong></span> <span class='ocrx_word' id='word_1_61' title='bbox 369 532 400 551; x_wconf 91' lang='lat' dir='ltr'><strong>ac</strong></span> <span class='ocrx_word' id='word_1_62' title='bbox 412 532 466 559; x_wconf 85' lang='lat' dir='ltr'><strong>qua</strong></span> <span class='ocrx_word' id='word_1_63' title='bbox 480 524 589 551; x_wconf 85' lang='lat' dir='ltr'><strong>educari</strong></span> <span class='ocrx_word' id='word_1_64' title='bbox 610 532 672 552; x_wconf 89' lang='lat' dir='ltr'><strong>eum</strong></span> <span class='ocrx_word' id='word_1_65' title='bbox 691 526 819 558; x_wconf 82' lang='lat' dir='ltr'><strong>decebat,</strong></span> <span class='ocrx_word' id='word_1_66' title='bbox 840 527 885 561; x_wconf 85' lang='lat' dir='ltr'><strong>qui</strong></span> <span class='ocrx_word' id='word_1_67' title='bbox 897 533 1070 555; x_wconf 85' lang='lat' dir='ltr'><strong>sacrosancta</strong></span> 
     </span>
    </p>
   </div>
   <div class='ocr_carea' id='block_1_11' title="bbox 281 571 1069 609">
    <p class='ocr_par' dir='ltr' id='par_1_11' title="bbox 281 571 1069 609">
     <span class='ocr_line' id='line_1_11' title="bbox 281 571 1069 609; baseline 0.004 -11"><span class='ocrx_word' id='word_1_68' title='bbox 281 571 435 604; x_wconf 80' lang='lat' dir='ltr'><strong>decensque</strong></span> <span class='ocrx_word' id='word_1_69' title='bbox 457 571 565 598; x_wconf 81' lang='lat' dir='ltr'><strong>virtutis</strong></span> <span class='ocrx_word' id='word_1_70' title='bbox 585 572 692 599; x_wconf 83' lang='lat' dir='ltr'><strong>ollicina</strong></span> <span class='ocrx_word' id='word_1_71' title='bbox 714 572 823 600; x_wconf 87' lang='lat' dir='ltr'><strong>futurus</strong></span> <span class='ocrx_word' id='word_1_72' title='bbox 843 578 910 600; x_wconf 88' lang='lat' dir='ltr'><strong>erat.</strong></span> <span class='ocrx_word' id='word_1_73' title='bbox 929 573 1069 609; x_wconf 86' lang='lat' dir='ltr'><strong>Ingenium</strong></span> 
     </span>
    </p>
   </div>
   <div class='ocr_carea' id='block_1_12' title="bbox 281 616 1068 651">
    <p class='ocr_par' dir='ltr' id='par_1_12' title="bbox 281 616 1068 651">
     <span class='ocr_line' id='line_1_12' title="bbox 281 616 1068 651; baseline 0.005 -8"><span class='ocrx_word' id='word_1_74' title='bbox 281 616 389 647; x_wconf 85' lang='lat' dir='ltr'><strong>subtile,</strong></span> <span class='ocrx_word' id='word_1_75' title='bbox 410 624 441 642; x_wconf 89' lang='lat' dir='ltr'><strong>ac</strong></span> <span class='ocrx_word' id='word_1_76' title='bbox 454 616 663 650; x_wconf 80' lang='lat' dir='ltr'><strong>capacissimum</strong></span> <span class='ocrx_word' id='word_1_77' title='bbox 679 617 705 644; x_wconf 93' lang='lat' dir='ltr'><strong>in</strong></span> <span class='ocrx_word' id='word_1_78' title='bbox 718 619 834 651; x_wconf 83' lang='lat' dir='ltr'><strong>juvene,</strong></span> <span class='ocrx_word' id='word_1_79' title='bbox 850 626 883 645; x_wconf 89' lang='lat' dir='ltr'><strong>ac</strong></span> <span class='ocrx_word' id='word_1_80' title='bbox 899 624 993 646; x_wconf 77' lang='lat' dir='ltr'><strong>tenero</strong></span> <span class='ocrx_word' id='word_1_81' title='bbox 1004 628 1068 647; x_wconf 92' lang='lat' dir='ltr'><strong>cor-</strong></span> 
     </span>
    </p>
   </div>
   <div class='ocr_carea' id='block_1_13' title="bbox 279 661 1070 698">
    <p class='ocr_par' dir='ltr' id='par_1_13' title="bbox 279 661 1070 698">
     <span class='ocr_line' id='line_1_13' title="bbox 279 661 1070 698; baseline 0.006 -12"><span class='ocrx_word' id='word_1_82' title='bbox 279 668 366 695; x_wconf 78' lang='lat' dir='ltr'><strong>pore;</strong></span> <span class='ocrx_word' id='word_1_83' title='bbox 388 661 526 696; x_wconf 82' lang='lat' dir='ltr'><strong>animique</strong></span> <span class='ocrx_word' id='word_1_84' title='bbox 540 661 679 689; x_wconf 80' lang='lat' dir='ltr'><strong>solertiam</strong></span> <span class='ocrx_word' id='word_1_85' title='bbox 702 668 815 694; x_wconf 91' lang='lat' dir='ltr'><strong>tantam,</strong></span> <span class='ocrx_word' id='word_1_86' title='bbox 834 664 1009 698; x_wconf 78' lang='lat' dir='ltr'><strong>sagacitatem</strong></span> <span class='ocrx_word' id='word_1_87' title='bbox 1038 673 1070 692; x_wconf 88' lang='lat' dir='ltr'><strong>ac</strong></span> 
     </span>
    </p>
   </div>
   <div class='ocr_carea' id='block_1_14' title="bbox 279 707 1067 744">
    <p class='ocr_par' dir='ltr' id='par_1_14' title="bbox 279 707 1067 744">
     <span class='ocr_line' id='line_1_14' title="bbox 279 707 1067 744; baseline 0.006 -12"><span class='ocrx_word' id='word_1_88' title='bbox 279 707 478 740; x_wconf 65' lang='lat' dir='ltr'><strong>praestantiam,</strong></span> <span class='ocrx_word' id='word_1_89' title='bbox 490 712 592 740; x_wconf 87' lang='lat' dir='ltr'><strong>quanta</strong></span> <span class='ocrx_word' id='word_1_90' title='bbox 607 716 669 734; x_wconf 88' lang='lat' dir='ltr'><strong>eum</strong></span> <span class='ocrx_word' id='word_1_91' title='bbox 686 709 777 736; x_wconf 80' lang='lat' dir='ltr'><strong>statim</strong></span> <span class='ocrx_word' id='word_1_92' title='bbox 792 709 930 744; x_wconf 78' lang='lat' dir='ltr'><strong>designari</strong></span> <span class='ocrx_word' id='word_1_93' title='bbox 946 710 1067 743; x_wconf 86' lang='lat' dir='ltr'><strong>decebat,</strong></span> 
     </span>
    </p>
   </div>
   <div class='ocr_carea' id='block_1_15' title="bbox 277 753 1066 790">
    <p class='ocr_par' dir='ltr' id='par_1_15' title="bbox 277 753 1066 790">
     <span class='ocr_line' id='line_1_15' title="bbox 277 753 1066 790; baseline 0.006 -12"><span class='ocrx_word' id='word_1_94' title='bbox 277 754 324 787; x_wconf 90' lang='lat' dir='ltr'><strong>qui</strong></span> <span class='ocrx_word' id='word_1_95' title='bbox 346 753 469 780; x_wconf 88' lang='lat' dir='ltr'><strong>divinum</strong></span> <span class='ocrx_word' id='word_1_96' title='bbox 499 762 532 781; x_wconf 87' lang='lat' dir='ltr'><strong>ac</strong></span> <span class='ocrx_word' id='word_1_97' title='bbox 563 755 738 789; x_wconf 82' lang='lat' dir='ltr'><strong>magnificum</strong></span> <span class='ocrx_word' id='word_1_98' title='bbox 763 755 903 790; x_wconf 59' lang='lat' dir='ltr'><strong>sapientiae</strong></span> <span class='ocrx_word' id='word_1_99' title='bbox 926 756 1066 784; x_wconf 91' lang='lat' dir='ltr'><strong>delubrum</strong></span> 
     </span>
    </p>
   </div>
   <div class='ocr_carea' id='block_1_16' title="bbox 277 798 477 825">
    <p class='ocr_par' dir='ltr' id='par_1_16' title="bbox 277 798 477 825">
     <span class='ocr_line' id='line_1_16' title="bbox 277 798 477 825; baseline 0.005 -1"><span class='ocrx_word' id='word_1_100' title='bbox 277 798 477 825; x_wconf 77' lang='lat' dir='ltr'><strong>cxstrncbatur.</strong></span> 
     </span>
    </p>
   </div>
   <div class='ocr_carea' id='block_1_17' title="bbox 312 843 1066 882">
    <p class='ocr_par' dir='ltr' id='par_1_17' title="bbox 312 843 1066 882">
     <span class='ocr_line' id='line_1_17' title="bbox 312 843 1066 882; baseline 0.007 -12"><span class='ocrx_word' id='word_1_101' title='bbox 312 844 353 870; x_wconf 82' lang='lat' dir='ltr'><strong>Ad</strong></span> <span class='ocrx_word' id='word_1_102' title='bbox 364 843 421 870; x_wconf 73' lang='lat' dir='ltr'><strong>luce</strong></span> <span class='ocrx_word' id='word_1_103' title='bbox 436 843 526 871; x_wconf 89' lang='lat' dir='ltr'><strong>varias</strong></span> <span class='ocrx_word' id='word_1_104' title='bbox 543 844 693 879; x_wconf 75' lang='lat' dir='ltr'><strong>disciplina:</strong></span> <span class='ocrx_word' id='word_1_105' title='bbox 707 853 789 873; x_wconf 83' lang='lat' dir='ltr'><strong>causa</strong></span> <span class='ocrx_word' id='word_1_106' title='bbox 803 854 916 882; x_wconf 77' lang='lat' dir='ltr'><strong>peregre</strong></span> <span class='ocrx_word' id='word_1_107' title='bbox 925 852 1066 882; x_wconf 83' lang='lat' dir='ltr'><strong>susceptas</strong></span> 
     </span>
    </p>
   </div>
   <div class='ocr_carea' id='block_1_18' title="bbox 276 889 1064 928">
    <p class='ocr_par' dir='ltr' id='par_1_18' title="bbox 276 889 1064 928">
     <span class='ocr_line' id='line_1_18' title="bbox 276 889 1064 928; baseline 0.009 -14"><span class='ocrx_word' id='word_1_108' title='bbox 276 889 457 921; x_wconf 78' lang='lat' dir='ltr'><strong>profectiones</strong></span> <span class='ocrx_word' id='word_1_109' title='bbox 474 898 504 917; x_wconf 89' lang='lat' dir='ltr'><strong>ac</strong></span> <span class='ocrx_word' id='word_1_110' title='bbox 515 891 611 917; x_wconf 84' lang='lat' dir='ltr'><strong>itinera</strong></span> <span class='ocrx_word' id='word_1_111' title='bbox 622 900 628 923; x_wconf 86' lang='lat'><strong>;</strong></span> <span class='ocrx_word' id='word_1_112' title='bbox 641 897 717 926; x_wconf 89' lang='lat' dir='ltr'><strong>puta,</strong></span> <span class='ocrx_word' id='word_1_113' title='bbox 732 892 868 920; x_wconf 79' lang='lat' dir='ltr'><strong>Nazianzo</strong></span> <span class='ocrx_word' id='word_1_114' title='bbox 892 895 1064 928; x_wconf 62' lang='lat' dir='ltr'><strong>Caesaream;</strong></span> 
     </span>
    </p>
   </div>
   <div class='ocr_carea' id='block_1_19' title="bbox 275 934 1064 972">
    <p class='ocr_par' dir='ltr' id='par_1_19' title="bbox 275 934 1064 972">
     <span class='ocr_line' id='line_1_19' title="bbox 275 934 1064 972; baseline 0.009 -11"><span class='ocrx_word' id='word_1_115' title='bbox 275 934 392 969; x_wconf 78' lang='lat' dir='ltr'><strong>in&#39;deque</strong></span> <span class='ocrx_word' id='word_1_116' title='bbox 409 935 435 962; x_wconf 91' lang='lat' dir='ltr'><strong>in</strong></span> <span class='ocrx_word' id='word_1_117' title='bbox 452 935 623 964; x_wconf 69' lang='lat' dir='ltr'><strong>Palzesﬁnam</strong></span> <span class='ocrx_word' id='word_1_118' title='bbox 642 946 648 968; x_wconf 89' lang='lat'><strong>;</strong></span> <span class='ocrx_word' id='word_1_119' title='bbox 667 946 754 972; x_wconf 84' lang='lat' dir='ltr'><strong>exque</strong></span> <span class='ocrx_word' id='word_1_120' title='bbox 770 938 912 967; x_wconf 61' lang='lat' dir='ltr'><strong>Paltcstina</strong></span> <span class='ocrx_word' id='word_1_121' title='bbox 946 941 1064 968; x_wconf 67' lang='lat' dir='ltr'><strong>Alexan-</strong></span> 
     </span>
    </p>
   </div>
   <div class='ocr_carea' id='block_1_20' title="bbox 274 980 1066 1020">
    <p class='ocr_par' dir='ltr' id='par_1_20' title="bbox 274 980 1066 1020">
     <span class='ocr_line' id='line_1_20' title="bbox 274 980 1066 1020; baseline 0.01 -15"><span class='ocrx_word' id='word_1_122' title='bbox 274 980 362 1006; x_wconf 85' lang='lat' dir='ltr'><strong>driam</strong></span> <span class='ocrx_word' id='word_1_123' title='bbox 379 988 385 1013; x_wconf 88' lang='lat'>;</span> <span class='ocrx_word' id='word_1_124' title='bbox 410 981 575 1009; x_wconf 84' lang='lat' dir='ltr'><strong>Alexandria</strong></span> <span class='ocrx_word' id='word_1_125' title='bbox 601 983 626 1009; x_wconf 90' lang='lat' dir='ltr'><strong>itt</strong></span> <span class='ocrx_word' id='word_1_126' title='bbox 643 983 788 1016; x_wconf 66' lang='lat' dir='ltr'><strong>Grutciam,</strong></span> <span class='ocrx_word' id='word_1_127' title='bbox 810 985 988 1020; x_wconf 82' lang='lat' dir='ltr'><strong>Athenasque</strong></span> <span class='ocrx_word' id='word_1_128' title='bbox 1008 994 1066 1013; x_wconf 90' lang='lat' dir='ltr'><strong>ma-</strong></span> 
     </span>
    </p>
   </div>
   <div class='ocr_carea' id='block_1_21' title="bbox 274 1027 1065 1066">
    <p class='ocr_par' dir='ltr' id='par_1_21' title="bbox 274 1027 1065 1066">
     <span class='ocr_line' id='line_1_21' title="bbox 274 1027 1065 1066; baseline 0.009 -14"><span class='ocrx_word' id='word_1_129' title='bbox 274 1034 358 1060; x_wconf 87' lang='lat' dir='ltr'><strong>gtutm</strong></span> <span class='ocrx_word' id='word_1_130' title='bbox 377 1027 442 1054; x_wconf 89' lang='lat' dir='ltr'><strong>illud</strong></span> <span class='ocrx_word' id='word_1_131' title='bbox 458 1027 646 1056; x_wconf 88' lang='lat' dir='ltr'><strong>doctrinarum</strong></span> <span class='ocrx_word' id='word_1_132' title='bbox 659 1029 754 1061; x_wconf 81' lang='lat' dir='ltr'><strong>decus,</strong></span> <span class='ocrx_word' id='word_1_133' title='bbox 768 1038 799 1057; x_wconf 92' lang='lat' dir='ltr'><strong>ac</strong></span> <span class='ocrx_word' id='word_1_134' title='bbox 811 1038 905 1058; x_wconf 88' lang='lat' dir='ltr'><strong>earum</strong></span> <span class='ocrx_word' id='word_1_135' title='bbox 919 1032 1039 1066; x_wconf 82' lang='lat' dir='ltr'><strong>reginam</strong></span> <span class='ocrx_word' id='word_1_136' title='bbox 1058 1041 1065 1064; x_wconf 90' lang='lat'><strong>;</strong></span> 
     </span>
    </p>
   </div>
   <div class='ocr_carea' id='block_1_22' title="bbox 274 1073 1066 1113">
    <p class='ocr_par' dir='ltr' id='par_1_22' title="bbox 274 1073 1066 1113">
     <span class='ocr_line' id='line_1_22' title="bbox 274 1073 1066 1113; baseline 0.008 -14"><span class='ocrx_word' id='word_1_137' title='bbox 274 1073 320 1100; x_wconf 88' lang='lat' dir='ltr'><strong>ubi</strong></span> <span class='ocrx_word' id='word_1_138' title='bbox 337 1073 430 1100; x_wconf 88' lang='lat' dir='ltr'><strong>divino</strong></span> <span class='ocrx_word' id='word_1_139' title='bbox 447 1074 546 1102; x_wconf 86' lang='lat' dir='ltr'><strong>Basilio</strong></span> <span class='ocrx_word' id='word_1_140' title='bbox 562 1076 637 1110; x_wconf 86' lang='lat' dir='ltr'><strong>paris</strong></span> <span class='ocrx_word' id='word_1_141' title='bbox 652 1076 804 1111; x_wconf 69' lang='lat' dir='ltr'><strong>disciplina:</strong></span> <span class='ocrx_word' id='word_1_142' title='bbox 819 1085 901 1104; x_wconf 86' lang='lat' dir='ltr'><strong>causa</strong></span> <span class='ocrx_word' id='word_1_143' title='bbox 917 1078 972 1105; x_wconf 92' lang='lat' dir='ltr'><strong>illic</strong></span> <span class='ocrx_word' id='word_1_144' title='bbox 988 1086 1066 1113; x_wconf 81' lang='lat' dir='ltr'><strong>pere-</strong></span> 
     </span>
    </p>
   </div>
   <div class='ocr_carea' id='block_1_23' title="bbox 274 1120 1063 1157">
    <p class='ocr_par' dir='ltr' id='par_1_23' title="bbox 274 1120 1063 1157">
     <span class='ocr_line' id='line_1_23' title="bbox 274 1120 1063 1157; baseline 0.009 -13"><span class='ocrx_word' id='word_1_145' title='bbox 274 1126 321 1153; x_wconf 79' lang='lat' dir='ltr'><strong>gre</strong></span> <span class='ocrx_word' id='word_1_146' title='bbox 333 1120 420 1153; x_wconf 82' lang='lat' dir='ltr'><strong>agenti</strong></span> <span class='ocrx_word' id='word_1_147' title='bbox 436 1128 612 1154; x_wconf 66' lang='lat' dir='ltr'><strong>congressus,</strong></span> <span class='ocrx_word' id='word_1_148' title='bbox 627 1122 755 1157; x_wconf 82' lang='lat' dir='ltr'><strong>illiusque</strong></span> <span class='ocrx_word' id='word_1_149' title='bbox 771 1131 837 1150; x_wconf 90' lang='lat' dir='ltr'><strong>usus</strong></span> <span class='ocrx_word' id='word_1_150' title='bbox 854 1125 1063 1156; x_wconf 77' lang='lat' dir='ltr'><strong>consuetudine,</strong></span> 
     </span>
    </p>
   </div>
   <div class='ocr_carea' id='block_1_24' title="bbox 274 1165 1063 1201">
    <p class='ocr_par' dir='ltr' id='par_1_24' title="bbox 274 1165 1063 1201">
     <span class='ocr_line' id='line_1_24' title="bbox 274 1165 1063 1201; baseline 0.005 -11"><span class='ocrx_word' id='word_1_151' title='bbox 274 1165 374 1190; x_wconf 88' lang='lat' dir='ltr'><strong>nedmn</strong></span> <span class='ocrx_word' id='word_1_152' title='bbox 395 1165 469 1196; x_wconf 81' lang='lat' dir='ltr'><strong>tecti,</strong></span> <span class='ocrx_word' id='word_1_153' title='bbox 492 1166 647 1201; x_wconf 85' lang='lat' dir='ltr'><strong>victusque,</strong></span> <span class='ocrx_word' id='word_1_154' title='bbox 666 1175 698 1195; x_wconf 91' lang='lat' dir='ltr'><strong>ac</strong></span> <span class='ocrx_word' id='word_1_155' title='bbox 718 1176 818 1196; x_wconf 59' lang='lat' dir='ltr'><strong>mensa</strong></span> <span class='ocrx_word' id='word_1_156' title='bbox 836 1169 940 1196; x_wconf 91' lang='lat' dir='ltr'><strong>socium</strong></span> <span class='ocrx_word' id='word_1_157' title='bbox 958 1169 1063 1201; x_wconf 87' lang='lat' dir='ltr'><strong>habuit,</strong></span> 
     </span>
    </p>
   </div>
   <div class='ocr_carea' id='block_1_25' title="bbox 273 1210 1064 1250">
    <p class='ocr_par' dir='ltr' id='par_1_25' title="bbox 273 1210 1064 1250">
     <span class='ocr_line' id='line_1_25' title="bbox 273 1210 1064 1250; baseline 0.009 -15"><span class='ocrx_word' id='word_1_158' title='bbox 273 1210 320 1236; x_wconf 81' lang='lat' dir='ltr'><strong>sed</strong></span> <span class='ocrx_word' id='word_1_159' title='bbox 343 1215 369 1236; x_wconf 88' lang='lat' dir='ltr'><strong>ct</strong></span> <span class='ocrx_word' id='word_1_160' title='bbox 392 1211 639 1245; x_wconf 88' lang='lat' dir='ltr'><strong>pulcherrimarum</strong></span> <span class='ocrx_word' id='word_1_161' title='bbox 665 1214 891 1248; x_wconf 82' lang='lat' dir='ltr'><strong>disciplinarum,</strong></span> <span class='ocrx_word' id='word_1_162' title='bbox 919 1216 1064 1250; x_wconf 80' lang='lat' dir='ltr'><strong>omnisque</strong></span> 
     </span>
    </p>
   </div>
   <div class='ocr_carea' id='block_1_26' title="bbox 273 1255 1063 1295">
    <p class='ocr_par' dir='ltr' id='par_1_26' title="bbox 273 1255 1063 1295">
     <span class='ocr_line' id='line_1_26' title="bbox 273 1255 1063 1295; baseline 0.01 -15"><span class='ocrx_word' id='word_1_163' title='bbox 273 1255 381 1282; x_wconf 87' lang='lat' dir='ltr'><strong>virtutis</strong></span> <span class='ocrx_word' id='word_1_164' title='bbox 403 1257 531 1283; x_wconf 88' lang='lat' dir='ltr'><strong>concordi</strong></span> <span class='ocrx_word' id='word_1_165' title='bbox 551 1258 651 1286; x_wconf 87' lang='lat' dir='ltr'><strong>mentis</strong></span> <span class='ocrx_word' id='word_1_166' title='bbox 671 1259 821 1293; x_wconf 87' lang='lat' dir='ltr'><strong>proposito.</strong></span> <span class='ocrx_word' id='word_1_167' title='bbox 847 1268 954 1295; x_wconf 88' lang='lat' dir='ltr'><strong>unaque</strong></span> <span class='ocrx_word' id='word_1_168' title='bbox 980 1261 1063 1288; x_wconf 92' lang='lat' dir='ltr'><strong>anitni</strong></span> 
     </span>
    </p>
   </div>
   <div class='ocr_carea' id='block_1_27' title="bbox 271 1301 1064 1340">
    <p class='ocr_par' dir='ltr' id='par_1_27' title="bbox 271 1301 1064 1340">
     <span class='ocr_line' id='line_1_27' title="bbox 271 1301 1064 1340; baseline 0.01 -13"><span class='ocrx_word' id='word_1_169' title='bbox 271 1301 472 1334; x_wconf 79' lang='lat' dir='ltr'><strong>conspiratione</strong></span> <span class='ocrx_word' id='word_1_170' title='bbox 493 1311 571 1337; x_wconf 68' lang='lat' dir='ltr'><strong>teque</strong></span> <span class='ocrx_word' id='word_1_171' title='bbox 591 1303 629 1330; x_wconf 92' lang='lat' dir='ltr'><strong>illi</strong></span> <span class='ocrx_word' id='word_1_172' title='bbox 645 1305 779 1340; x_wconf 88' lang='lat' dir='ltr'><strong>particeps</strong></span> <span class='ocrx_word' id='word_1_173' title='bbox 798 1307 924 1334; x_wconf 84' lang='lat' dir='ltr'><strong>accessit.</strong></span> <span class='ocrx_word' id='word_1_174' title='bbox 948 1307 1064 1335; x_wconf 80' lang='lat' dir='ltr'><strong>Athenis</strong></span> 
     </span>
    </p>
   </div>
   <div class='ocr_carea' id='block_1_28' title="bbox 271 1345 1062 1384">
    <p class='ocr_par' dir='ltr' id='par_1_28' title="bbox 271 1345 1062 1384">
     <span class='ocr_line' id='line_1_28' title="bbox 271 1345 1062 1384; baseline 0.011 -14"><span class='ocrx_word' id='word_1_175' title='bbox 271 1352 336 1371; x_wconf 75' lang='lat' dir='ltr'><strong>vero</strong></span> <span class='ocrx_word' id='word_1_176' title='bbox 355 1345 528 1380; x_wconf 72' lang='lat' dir='ltr'><strong>Byzantium,</strong></span> <span class='ocrx_word' id='word_1_177' title='bbox 545 1348 639 1374; x_wconf 90' lang='lat' dir='ltr'><strong>urbem</strong></span> <span class='ocrx_word' id='word_1_178' title='bbox 662 1349 766 1376; x_wconf 84' lang='lat' dir='ltr'><strong>scilicet</strong></span> <span class='ocrx_word' id='word_1_179' title='bbox 780 1350 835 1384; x_wconf 90' lang='lat' dir='ltr'><strong>jam</strong></span> <span class='ocrx_word' id='word_1_180' title='bbox 857 1350 913 1378; x_wconf 85' lang='lat' dir='ltr'><strong>fere</strong></span> <span class='ocrx_word' id='word_1_181' title='bbox 927 1359 1062 1379; x_wconf 87' lang='lat' dir='ltr'><strong>summam</strong></span> 
     </span>
    </p>
   </div>
   <div class='ocr_carea' id='block_1_29' title="bbox 269 1391 1063 1430">
    <p class='ocr_par' dir='ltr' id='par_1_29' title="bbox 269 1391 1063 1430">
     <span class='ocr_line' id='line_1_29' title="bbox 269 1391 1063 1430; baseline 0.01 -13"><span class='ocrx_word' id='word_1_182' title='bbox 269 1391 344 1418; x_wconf 78' lang='lat' dir='ltr'><strong>orbis</strong></span> <span class='ocrx_word' id='word_1_183' title='bbox 355 1400 458 1424; x_wconf 81' lang='lat' dir='ltr'><strong>arcem,</strong></span> <span class='ocrx_word' id='word_1_184' title='bbox 476 1393 503 1419; x_wconf 91' lang='lat' dir='ltr'><strong>in</strong></span> <span class='ocrx_word' id='word_1_185' title='bbox 526 1401 619 1428; x_wconf 86' lang='lat' dir='ltr'><strong>quant,</strong></span> <span class='ocrx_word' id='word_1_186' title='bbox 635 1394 672 1421; x_wconf 88' lang='grc' dir='ltr'>ιιιί</span> <span class='ocrx_word' id='word_1_187' title='bbox 689 1395 799 1430; x_wconf 67' lang='lat' dir='ltr'><strong>reliqum</strong></span> <span class='ocrx_word' id='word_1_188' title='bbox 808 1401 943 1424; x_wconf 84' lang='lat' dir='ltr'><strong>terrarum</strong></span> <span class='ocrx_word' id='word_1_189' title='bbox 962 1398 1063 1425; x_wconf 66' lang='lat' dir='ltr'><strong>divitiae</strong></span> 
     </span>
    </p>
   </div>
   <div class='ocr_carea' id='block_1_30' title="bbox 270 1442 1061 1476">
    <p class='ocr_par' dir='ltr' id='par_1_30' title="bbox 270 1442 1061 1476">
     <span class='ocr_line' id='line_1_30' title="bbox 270 1442 1061 1476; baseline 0.01 -13"><span class='ocrx_word' id='word_1_190' title='bbox 270 1444 302 1463; x_wconf 77' lang='lat' dir='ltr'><strong>ac</strong></span> <span class='ocrx_word' id='word_1_191' title='bbox 317 1443 479 1465; x_wconf 82' lang='lat' dir='ltr'><strong>Ornamenta</strong></span> <span class='ocrx_word' id='word_1_192' title='bbox 502 1446 549 1474; x_wconf 87' lang='lat' dir='ltr'><strong>pro</strong></span> <span class='ocrx_word' id='word_1_193' title='bbox 566 1446 690 1476; x_wconf 68' lang='lat' dir='ltr'><strong>augusta:</strong></span> <span class='ocrx_word' id='word_1_194' title='bbox 704 1442 780 1469; x_wconf 88' lang='lat' dir='ltr'><strong>urbis</strong></span> <span class='ocrx_word' id='word_1_195' title='bbox 801 1443 944 1476; x_wconf 76' lang='lat' dir='ltr'><strong>majcSIate</strong></span> <span class='ocrx_word' id='word_1_196' title='bbox 960 1451 1061 1471; x_wconf 82' lang='lat' dir='ltr'><strong>conve-</strong></span> 
     </span>
    </p>
   </div>
   <div class='ocr_carea' id='block_1_31' title="bbox 270 1483 1060 1523">
    <p class='ocr_par' dir='ltr' id='par_1_31' title="bbox 270 1483 1060 1523">
     <span class='ocr_line' id='line_1_31' title="bbox 270 1483 1060 1523; baseline 0.009 -14"><span class='ocrx_word' id='word_1_197' title='bbox 270 1483 376 1510; x_wconf 85' lang='lat' dir='ltr'><strong>nienter</strong></span> <span class='ocrx_word' id='word_1_198' title='bbox 399 1483 599 1518; x_wconf 79' lang='lat' dir='ltr'><strong>inferebantur,</strong></span> <span class='ocrx_word' id='word_1_199' title='bbox 620 1486 660 1513; x_wconf 89' lang='lat' dir='ltr'><strong>sic</strong></span> <span class='ocrx_word' id='word_1_200' title='bbox 683 1494 793 1521; x_wconf 86' lang='lat' dir='ltr'><strong>quoque</strong></span> <span class='ocrx_word' id='word_1_201' title='bbox 817 1492 882 1515; x_wconf 92' lang='lat' dir='ltr'><strong>tunc</strong></span> <span class='ocrx_word' id='word_1_202' title='bbox 903 1489 974 1523; x_wconf 92' lang='lat' dir='ltr'><strong>quod</strong></span> <span class='ocrx_word' id='word_1_203' title='bbox 997 1490 1060 1516; x_wconf 91' lang='lat' dir='ltr'><strong>uni-</strong></span> 
     </span>
    </p>
   </div>
   <div class='ocr_carea' id='block_1_32' title="bbox 268 1529 1059 1568">
    <p class='ocr_par' dir='ltr' id='par_1_32' title="bbox 268 1529 1059 1568">
     <span class='ocr_line' id='line_1_32' title="bbox 268 1529 1059 1568; baseline 0.009 -13"><span class='ocrx_word' id='word_1_204' title='bbox 268 1529 355 1556; x_wconf 90' lang='lat' dir='ltr'><strong>versis</strong></span> <span class='ocrx_word' id='word_1_205' title='bbox 370 1530 546 1564; x_wconf 70' lang='lat' dir='ltr'><strong>praestantius</strong></span> <span class='ocrx_word' id='word_1_206' title='bbox 562 1535 613 1562; x_wconf 77' lang='lat' dir='ltr'><strong>est,</strong></span> <span class='ocrx_word' id='word_1_207' title='bbox 635 1531 731 1559; x_wconf 58' lang='lat' dir='ltr'><strong>littera:</strong></span> <span class='ocrx_word' id='word_1_208' title='bbox 756 1533 861 1560; x_wconf 69' lang='lat' dir='ltr'><strong>scilicrt</strong></span> <span class='ocrx_word' id='word_1_209' title='bbox 876 1541 908 1561; x_wconf 91' lang='lat' dir='ltr'><strong>ac</strong></span> <span class='ocrx_word' id='word_1_210' title='bbox 924 1534 1059 1568; x_wconf 90' lang='lat' dir='ltr'><strong>doctrina,</strong></span> 
     </span>
    </p>
   </div>
   <div class='ocr_carea' id='block_1_33' title="bbox 1124 298 1914 335">
    <p class='ocr_par' dir='ltr' id='par_1_33' title="bbox 1124 298 1914 335">
     <span class='ocr_line' id='line_1_33' title="bbox 1124 298 1914 335; baseline 0.006 -11"><span class='ocrx_word' id='word_1_211' title='bbox 1124 298 1253 331; x_wconf 84' lang='lat' dir='ltr'><strong>exterius,</strong></span> <span class='ocrx_word' id='word_1_212' title='bbox 1272 299 1458 334; x_wconf 87' lang='lat' dir='ltr'><strong>profanisque,</strong></span> <span class='ocrx_word' id='word_1_213' title='bbox 1472 308 1504 328; x_wconf 93' lang='lat' dir='ltr'><strong>ac</strong></span> <span class='ocrx_word' id='word_1_214' title='bbox 1519 309 1580 335; x_wconf 68' lang='lat' dir='ltr'><strong>qua:</strong></span> <span class='ocrx_word' id='word_1_215' title='bbox 1595 301 1666 328; x_wconf 86' lang='lat' dir='ltr'><strong>circa</strong></span> <span class='ocrx_word' id='word_1_216' title='bbox 1681 302 1769 335; x_wconf 91' lang='lat' dir='ltr'><strong>ipsum</strong></span> <span class='ocrx_word' id='word_1_217' title='bbox 1785 302 1914 329; x_wconf 72' lang='lat' dir='ltr'><strong>conside—</strong></span> 
     </span>
    </p>
   </div>
   <div class='ocr_carea' id='block_1_34' title="bbox 1125 345 1912 382">
    <p class='ocr_par' dir='ltr' id='par_1_34' title="bbox 1125 345 1912 382">
     <span class='ocr_line' id='line_1_34' title="bbox 1125 345 1912 382; baseline 0.005 -12"><span class='ocrx_word' id='word_1_218' title='bbox 1125 349 1230 377; x_wconf 85' lang='lat' dir='ltr'><strong>rantur,</strong></span> <span class='ocrx_word' id='word_1_219' title='bbox 1244 345 1290 372; x_wconf 90' lang='lat' dir='ltr'><strong>sed</strong></span> <span class='ocrx_word' id='word_1_220' title='bbox 1303 353 1317 372; x_wconf 91' lang='lat' dir='ltr'><strong>a</strong></span> <span class='ocrx_word' id='word_1_221' title='bbox 1330 346 1456 380; x_wconf 87' lang='lat' dir='ltr'><strong>propriis,</strong></span> <span class='ocrx_word' id='word_1_222' title='bbox 1469 354 1500 373; x_wconf 88' lang='lat' dir='ltr'><strong>ac</strong></span> <span class='ocrx_word' id='word_1_223' title='bbox 1509 347 1609 381; x_wconf 88' lang='lat' dir='ltr'><strong>quibus</strong></span> <span class='ocrx_word' id='word_1_224' title='bbox 1626 355 1673 382; x_wconf 91' lang='lat' dir='ltr'><strong>per</strong></span> <span class='ocrx_word' id='word_1_225' title='bbox 1683 347 1761 374; x_wconf 85' lang='lat' dir='ltr'><strong>[idem</strong></span> <span class='ocrx_word' id='word_1_226' title='bbox 1774 356 1805 375; x_wconf 72' lang='lat' dir='ltr'><strong>ex</strong></span> <span class='ocrx_word' id='word_1_227' title='bbox 1821 347 1912 374; x_wconf 80' lang='lat' dir='ltr'><strong>Evan-</strong></span> 
     </span>
    </p>
   </div>
   <div class='ocr_carea' id='block_1_35' title="bbox 1124 390 1913 427">
    <p class='ocr_par' dir='ltr' id='par_1_35' title="bbox 1124 390 1913 427">
     <span class='ocr_line' id='line_1_35' title="bbox 1124 390 1913 427; baseline 0.005 -11"><span class='ocrx_word' id='word_1_228' title='bbox 1124 390 1185 425; x_wconf 78' lang='lat' dir='ltr'><strong>gelii</strong></span> <span class='ocrx_word' id='word_1_229' title='bbox 1211 391 1316 418; x_wconf 87' lang='lat' dir='ltr'><strong>ratione</strong></span> <span class='ocrx_word' id='word_1_230' title='bbox 1339 393 1447 427; x_wconf 79' lang='lat' dir='ltr'><strong>egregie</strong></span> <span class='ocrx_word' id='word_1_231' title='bbox 1467 391 1577 420; x_wconf 87' lang='lat' dir='ltr'><strong>functus</strong></span> <span class='ocrx_word' id='word_1_232' title='bbox 1599 398 1651 424; x_wconf 88' lang='lat' dir='ltr'><strong>est,</strong></span> <span class='ocrx_word' id='word_1_233' title='bbox 1675 393 1775 420; x_wconf 86' lang='lat' dir='ltr'><strong>virtute</strong></span> <span class='ocrx_word' id='word_1_234' title='bbox 1809 393 1913 421; x_wconf 66' lang='lat' dir='ltr'><strong>scilicet</strong></span> 
     </span>
    </p>
   </div>
   <div class='ocr_carea' id='block_1_36' title="bbox 1124 436 1911 473">
    <p class='ocr_par' dir='ltr' id='par_1_36' title="bbox 1124 436 1911 473">
     <span class='ocr_line' id='line_1_36' title="bbox 1124 436 1911 473; baseline 0.005 -11"><span class='ocrx_word' id='word_1_235' title='bbox 1124 437 1173 471; x_wconf 88' lang='lat' dir='ltr'><strong>(uti</strong></span> <span class='ocrx_word' id='word_1_236' title='bbox 1190 436 1292 463; x_wconf 85' lang='lat' dir='ltr'><strong>dictum</strong></span> <span class='ocrx_word' id='word_1_237' title='bbox 1307 438 1371 471; x_wconf 87' lang='lat' dir='ltr'><strong>est),</strong></span> <span class='ocrx_word' id='word_1_238' title='bbox 1387 438 1519 472; x_wconf 85' lang='lat' dir='ltr'><strong>sapientia</strong></span> <span class='ocrx_word' id='word_1_239' title='bbox 1543 447 1574 465; x_wconf 92' lang='lat' dir='ltr'><strong>ae</strong></span> <span class='ocrx_word' id='word_1_240' title='bbox 1592 439 1739 473; x_wconf 83' lang='lat' dir='ltr'><strong>theologia,</strong></span> <span class='ocrx_word' id='word_1_241' title='bbox 1755 440 1911 473; x_wconf 83' lang='lat' dir='ltr'><strong>pontificem</strong></span> 
     </span>
    </p>
   </div>
   <div class='ocr_carea' id='block_1_37' title="bbox 1124 483 1910 519">
    <p class='ocr_par' dir='ltr' id='par_1_37' title="bbox 1124 483 1910 519">
     <span class='ocr_line' id='line_1_37' title="bbox 1124 483 1910 519; baseline 0.005 -11"><span class='ocrx_word' id='word_1_242' title='bbox 1124 489 1251 517; x_wconf 86' lang='lat' dir='ltr'><strong>magnum</strong></span> <span class='ocrx_word' id='word_1_243' title='bbox 1276 490 1308 510; x_wconf 90' lang='lat' dir='ltr'><strong>ac</strong></span> <span class='ocrx_word' id='word_1_244' title='bbox 1323 483 1489 518; x_wconf 78' lang='lat' dir='ltr'><strong>Theologum</strong></span> <span class='ocrx_word' id='word_1_245' title='bbox 1507 484 1669 517; x_wconf 88' lang='lat' dir='ltr'><strong>laudemus;</strong></span> <span class='ocrx_word' id='word_1_246' title='bbox 1684 485 1772 519; x_wconf 90' lang='lat' dir='ltr'><strong>ipsum</strong></span> <span class='ocrx_word' id='word_1_247' title='bbox 1785 485 1910 512; x_wconf 85' lang='lat' dir='ltr'><strong>eumdem</strong></span> 
     </span>
    </p>
   </div>
   <div class='ocr_carea' id='block_1_38' title="bbox 1124 527 1912 566">
    <p class='ocr_par' dir='ltr' id='par_1_38' title="bbox 1124 527 1912 566">
     <span class='ocr_line' id='line_1_38' title="bbox 1124 527 1912 566; baseline 0.004 -11"><span class='ocrx_word' id='word_1_248' title='bbox 1124 527 1328 561; x_wconf 73' lang='lat' dir='ltr'><strong>invocantibus,</strong></span> <span class='ocrx_word' id='word_1_249' title='bbox 1352 535 1380 556; x_wconf 92' lang='lat' dir='ltr'><strong>ut</strong></span> <span class='ocrx_word' id='word_1_250' title='bbox 1401 530 1515 557; x_wconf 85' lang='lat' dir='ltr'><strong>canticis</strong></span> <span class='ocrx_word' id='word_1_251' title='bbox 1537 536 1618 565; x_wconf 87' lang='lat' dir='ltr'><strong>atque</strong></span> <span class='ocrx_word' id='word_1_252' title='bbox 1643 531 1770 559; x_wconf 84' lang='lat' dir='ltr'><strong>laudibus</strong></span> <span class='ocrx_word' id='word_1_253' title='bbox 1803 531 1912 566; x_wconf 90' lang='lat' dir='ltr'><strong>adjutor</strong></span> 
     </span>
    </p>
   </div>
   <div class='ocr_carea' id='block_1_39' title="bbox 1122 573 1910 612">
    <p class='ocr_par' dir='ltr' id='par_1_39' title="bbox 1122 573 1910 612">
     <span class='ocr_line' id='line_1_39' title="bbox 1122 573 1910 612; baseline 0.008 -12"><span class='ocrx_word' id='word_1_254' title='bbox 1122 573 1209 606; x_wconf 80' lang='lat' dir='ltr'><strong>adsit,</strong></span> <span class='ocrx_word' id='word_1_255' title='bbox 1239 575 1434 611; x_wconf 87' lang='lat' dir='ltr'><strong>dexteratnque</strong></span> <span class='ocrx_word' id='word_1_256' title='bbox 1460 575 1602 611; x_wconf 71' lang='lat' dir='ltr'><strong>benignius</strong></span> <span class='ocrx_word' id='word_1_257' title='bbox 1628 576 1748 612; x_wconf 66' lang='lat' dir='ltr'><strong>prarbeat</strong></span> <span class='ocrx_word' id='word_1_258' title='bbox 1774 577 1910 606; x_wconf 76' lang='lat' dir='ltr'><strong>fatiscenti</strong></span> 
     </span>
    </p>
   </div>
   <div class='ocr_carea' id='block_1_40' title="bbox 1124 621 1257 648">
    <p class='ocr_par' dir='ltr' id='par_1_40' title="bbox 1124 621 1257 648">
     <span class='ocr_line' id='line_1_40' title="bbox 1124 621 1257 648; baseline 0.015 -2"><span class='ocrx_word' id='word_1_259' title='bbox 1124 621 1257 648; x_wconf 84' lang='lat' dir='ltr'><strong>sermoni.</strong></span> 
     </span>
    </p>
   </div>
   <div class='ocr_carea' id='block_1_41' title="bbox 1155 665 1910 705">
    <p class='ocr_par' dir='ltr' id='par_1_41' title="bbox 1155 665 1910 705">
     <span class='ocr_line' id='line_1_41' title="bbox 1155 665 1910 705; baseline 0.008 -13"><span class='ocrx_word' id='word_1_260' title='bbox 1155 665 1202 693; x_wconf 88' lang='lat' dir='ltr'><strong>Ille</strong></span> <span class='ocrx_word' id='word_1_261' title='bbox 1219 667 1299 701; x_wconf 81' lang='lat' dir='ltr'><strong>igitur</strong></span> <span class='ocrx_word' id='word_1_262' title='bbox 1315 672 1404 694; x_wconf 76' lang='lat' dir='ltr'><strong>mente</strong></span> <span class='ocrx_word' id='word_1_263' title='bbox 1435 667 1582 703; x_wconf 84' lang='lat' dir='ltr'><strong>animoque</strong></span> <span class='ocrx_word' id='word_1_264' title='bbox 1593 669 1704 696; x_wconf 89' lang='lat' dir='ltr'><strong>divinus</strong></span> <span class='ocrx_word' id='word_1_265' title='bbox 1721 678 1728 696; x_wconf 87' lang='lat'><strong>:</strong></span> <span class='ocrx_word' id='word_1_266' title='bbox 1743 670 1822 705; x_wconf 76' lang='lat' dir='ltr'><strong>cujus</strong></span> <span class='ocrx_word' id='word_1_267' title='bbox 1839 671 1910 698; x_wconf 89' lang='lat' dir='ltr'><strong>actio</strong></span> 
     </span>
    </p>
   </div>
   <div class='ocr_carea' id='block_1_42' title="bbox 1119 712 1909 751">
    <p class='ocr_par' dir='ltr' id='par_1_42' title="bbox 1119 712 1909 751">
     <span class='ocr_line' id='line_1_42' title="bbox 1119 712 1909 751; baseline 0.006 -13"><span class='ocrx_word' id='word_1_268' title='bbox 1119 712 1193 738; x_wconf 90' lang='lat' dir='ltr'><strong>omni</strong></span> <span class='ocrx_word' id='word_1_269' title='bbox 1223 713 1309 746; x_wconf 75' lang='lat' dir='ltr'><strong>major</strong></span> <span class='ocrx_word' id='word_1_270' title='bbox 1341 713 1473 741; x_wconf 87' lang='lat' dir='ltr'><strong>imitantis</strong></span> <span class='ocrx_word' id='word_1_271' title='bbox 1497 721 1626 748; x_wconf 88' lang='lat' dir='ltr'><strong>conatu;</strong></span> <span class='ocrx_word' id='word_1_272' title='bbox 1661 716 1909 751; x_wconf 67' lang='lat' dir='ltr'><strong>contemplatioque</strong></span> 
     </span>
    </p>
   </div>
   <div class='ocr_carea' id='block_1_43' title="bbox 1119 757 1909 796">
    <p class='ocr_par' dir='ltr' id='par_1_43' title="bbox 1119 757 1909 796">
     <span class='ocr_line' id='line_1_43' title="bbox 1119 757 1909 796; baseline 0.009 -14"><span class='ocrx_word' id='word_1_273' title='bbox 1119 757 1218 783; x_wconf 74' lang='lat' dir='ltr'><strong>eximie</strong></span> <span class='ocrx_word' id='word_1_274' title='bbox 1231 758 1360 790; x_wconf 75' lang='lat' dir='ltr'><strong>pra-cellit</strong></span> <span class='ocrx_word' id='word_1_275' title='bbox 1372 767 1378 785; x_wconf 90' lang='lat'><strong>:</strong></span> <span class='ocrx_word' id='word_1_276' title='bbox 1392 766 1489 786; x_wconf 89' lang='lat' dir='ltr'><strong>cuncta</strong></span> <span class='ocrx_word' id='word_1_277' title='bbox 1504 764 1631 787; x_wconf 84' lang='lat' dir='ltr'><strong>scrutatis</strong></span> <span class='ocrx_word' id='word_1_278' title='bbox 1645 761 1670 787; x_wconf 94' lang='lat' dir='ltr'><strong>in</strong></span> <span class='ocrx_word' id='word_1_279' title='bbox 1686 761 1732 788; x_wconf 84' lang='lat' dir='ltr'><strong>Dei</strong></span> <span class='ocrx_word' id='word_1_280' title='bbox 1753 762 1866 796; x_wconf 88' lang='lat' dir='ltr'><strong>Spiritu,</strong></span> <span class='ocrx_word' id='word_1_281' title='bbox 1877 771 1909 790; x_wconf 85' lang='lat' dir='ltr'><strong>ac</strong></span> 
     </span>
    </p>
   </div>
   <div class='ocr_carea' id='block_1_44' title="bbox 1118 799 1908 840">
    <p class='ocr_par' dir='ltr' id='par_1_44' title="bbox 1118 799 1908 840">
     <span class='ocr_line' id='line_1_44' title="bbox 1118 799 1908 840; baseline 0.01 -14"><span class='ocrx_word' id='word_1_282' title='bbox 1118 799 1280 834; x_wconf 86' lang='lat' dir='ltr'><strong>dijutlicans,</strong></span> <span class='ocrx_word' id='word_1_283' title='bbox 1303 802 1406 837; x_wconf 89' lang='lat' dir='ltr'><strong>quique</strong></span> <span class='ocrx_word' id='word_1_284' title='bbox 1429 803 1497 838; x_wconf 86' lang='lat' dir='ltr'><strong>ipse,</strong></span> <span class='ocrx_word' id='word_1_285' title='bbox 1525 808 1553 830; x_wconf 85' lang='grc' dir='ltr'><strong>ιιι</strong></span> <span class='ocrx_word' id='word_1_286' title='bbox 1576 804 1685 832; x_wconf 84' lang='lat' dir='ltr'><strong>divinus</strong></span> <span class='ocrx_word' id='word_1_287' title='bbox 1703 806 1850 840; x_wconf 83' lang='lat' dir='ltr'><strong>Apostolus</strong></span> <span class='ocrx_word' id='word_1_288' title='bbox 1868 807 1908 833; x_wconf 89' lang='lat' dir='ltr'><strong>lo-</strong></span> 
     </span>
    </p>
   </div>
   <div class='ocr_carea' id='block_1_45' title="bbox 1118 846 1908 885">
    <p class='ocr_par' dir='ltr' id='par_1_45' title="bbox 1118 846 1908 885">
     <span class='ocr_line' id='line_1_45' title="bbox 1118 846 1908 885; baseline 0.009 -13"><span class='ocrx_word' id='word_1_289' title='bbox 1118 846 1229 880; x_wconf 90' lang='lat' dir='ltr'><strong>quitur,</strong></span> <span class='ocrx_word' id='word_1_290' title='bbox 1255 855 1269 873; x_wconf 87' lang='lat' dir='ltr'><strong>a</strong></span> <span class='ocrx_word' id='word_1_291' title='bbox 1295 848 1403 875; x_wconf 88' lang='lat' dir='ltr'><strong>nemine</strong></span> <span class='ocrx_word' id='word_1_292' title='bbox 1431 849 1594 883; x_wconf 79' lang='lat' dir='ltr'><strong>dijudicctur</strong></span> <span class='ocrx_word' id='word_1_293' title='bbox 1609 850 1641 876; x_wconf 81' lang='lat'>&quot;.</span> <span class='ocrx_word' id='word_1_294' title='bbox 1669 850 1764 885; x_wconf 84' lang='lat' dir='ltr'><strong>Magna</strong></span> <span class='ocrx_word' id='word_1_295' title='bbox 1789 852 1908 879; x_wconf 72' lang='lat' dir='ltr'><strong>cmlestis</strong></span> 
     </span>
    </p>
   </div>
   <div class='ocr_carea' id='block_1_46' title="bbox 1119 893 1906 931">
    <p class='ocr_par' dir='ltr' id='par_1_46' title="bbox 1119 893 1906 931">
     <span class='ocr_line' id='line_1_46' title="bbox 1119 893 1906 931; baseline 0.008 -12"><span class='ocrx_word' id='word_1_296' title='bbox 1119 893 1231 920; x_wconf 92' lang='lat' dir='ltr'><strong>tonitrui</strong></span> <span class='ocrx_word' id='word_1_297' title='bbox 1244 895 1332 928; x_wconf 87' lang='lat' dir='ltr'><strong>proles</strong></span> <span class='ocrx_word' id='word_1_298' title='bbox 1344 902 1375 921; x_wconf 91' lang='lat' dir='ltr'><strong>ac</strong></span> <span class='ocrx_word' id='word_1_299' title='bbox 1396 896 1467 922; x_wconf 83' lang='lat' dir='ltr'><strong>filius</strong></span> <span class='ocrx_word' id='word_1_300' title='bbox 1478 904 1484 928; x_wconf 86' lang='lat'><strong>;</strong></span> <span class='ocrx_word' id='word_1_301' title='bbox 1496 895 1554 922; x_wconf 86' lang='lat' dir='ltr'><strong>sola</strong></span> <span class='ocrx_word' id='word_1_302' title='bbox 1565 896 1696 930; x_wconf 87' lang='lat' dir='ltr'><strong>temporis</strong></span> <span class='ocrx_word' id='word_1_303' title='bbox 1707 897 1906 931; x_wconf 86' lang='lat' dir='ltr'><strong>antecessioue,</strong></span> 
     </span>
    </p>
   </div>
   <div class='ocr_carea' id='block_1_47' title="bbox 1119 937 1906 975">
    <p class='ocr_par' dir='ltr' id='par_1_47' title="bbox 1119 937 1906 975">
     <span class='ocr_line' id='line_1_47' title="bbox 1119 937 1906 975; baseline 0.005 -11"><span class='ocrx_word' id='word_1_304' title='bbox 1119 937 1186 964; x_wconf 88' lang='lat' dir='ltr'><strong>nihil</strong></span> <span class='ocrx_word' id='word_1_305' title='bbox 1206 946 1271 965; x_wconf 86' lang='lat' dir='ltr'><strong>vero</strong></span> <span class='ocrx_word' id='word_1_306' title='bbox 1284 946 1423 966; x_wconf 85' lang='lat' dir='ltr'><strong>sacrorum</strong></span> <span class='ocrx_word' id='word_1_307' title='bbox 1444 940 1602 974; x_wconf 86' lang='lat' dir='ltr'><strong>dogtnatum</strong></span> <span class='ocrx_word' id='word_1_308' title='bbox 1619 941 1768 975; x_wconf 76' lang='lat' dir='ltr'><strong>magnificis</strong></span> <span class='ocrx_word' id='word_1_309' title='bbox 1783 942 1906 974; x_wconf 86' lang='lat' dir='ltr'><strong>vocibus,</strong></span> 
     </span>
    </p>
   </div>
   <div class='ocr_carea' id='block_1_48' title="bbox 1117 981 1906 1019">
    <p class='ocr_par' dir='ltr' id='par_1_48' title="bbox 1117 981 1906 1019">
     <span class='ocr_line' id='line_1_48' title="bbox 1117 981 1906 1019; baseline 0.01 -13"><span class='ocrx_word' id='word_1_310' title='bbox 1117 981 1326 1016; x_wconf 86' lang='lat' dir='ltr'><strong>divinorumque</strong></span> <span class='ocrx_word' id='word_1_311' title='bbox 1343 990 1485 1011; x_wconf 88' lang='lat' dir='ltr'><strong>sensorum</strong></span> <span class='ocrx_word' id='word_1_312' title='bbox 1502 984 1636 1019; x_wconf 83' lang='lat' dir='ltr'><strong>fulgetris,</strong></span> <span class='ocrx_word' id='word_1_313' title='bbox 1647 985 1746 1019; x_wconf 87' lang='lat' dir='ltr'><strong>quibus</strong></span> <span class='ocrx_word' id='word_1_314' title='bbox 1758 986 1827 1014; x_wconf 91' lang='lat' dir='ltr'><strong>trinc</strong></span> <span class='ocrx_word' id='word_1_315' title='bbox 1838 986 1906 1014; x_wconf 86' lang='lat' dir='ltr'><strong>stib-</strong></span> 
     </span>
    </p>
   </div>
   <div class='ocr_carea' id='block_1_49' title="bbox 1117 1027 1906 1065">
    <p class='ocr_par' dir='ltr' id='par_1_49' title="bbox 1117 1027 1906 1065">
     <span class='ocr_line' id='line_1_49' title="bbox 1117 1027 1906 1065; baseline 0.009 -12"><span class='ocrx_word' id='word_1_316' title='bbox 1117 1027 1238 1055; x_wconf 88' lang='lat' dir='ltr'><strong>sistentis</strong></span> <span class='ocrx_word' id='word_1_317' title='bbox 1250 1028 1364 1056; x_wconf 87' lang='lat' dir='ltr'><strong>Deitatis</strong></span> <span class='ocrx_word' id='word_1_318' title='bbox 1373 1030 1643 1058; x_wconf 85' lang='lat' dir='ltr'><strong>consubstantialilas</strong></span> <span class='ocrx_word' id='word_1_319' title='bbox 1653 1031 1796 1065; x_wconf 70' lang='lat' dir='ltr'><strong>praedicata</strong></span> <span class='ocrx_word' id='word_1_320' title='bbox 1808 1034 1906 1061; x_wconf 86' lang='lat' dir='ltr'><strong>meruit</strong></span> 
     </span>
    </p>
   </div>
   <div class='ocr_carea' id='block_1_50' title="bbox 1116 1072 1906 1112">
    <p class='ocr_par' dir='ltr' id='par_1_50' title="bbox 1116 1072 1906 1112">
     <span class='ocr_line' id='line_1_50' title="bbox 1116 1072 1906 1112; baseline 0.009 -14"><span class='ocrx_word' id='word_1_321' title='bbox 1116 1072 1206 1106; x_wconf 82' lang='lat' dir='ltr'><strong>fidem,</strong></span> <span class='ocrx_word' id='word_1_322' title='bbox 1228 1081 1242 1100; x_wconf 88' lang='lat' dir='ltr'><strong>a</strong></span> <span class='ocrx_word' id='word_1_323' title='bbox 1267 1074 1353 1108; x_wconf 91' lang='lat' dir='ltr'><strong>primo</strong></span> <span class='ocrx_word' id='word_1_324' title='bbox 1377 1075 1423 1101; x_wconf 93' lang='lat' dir='ltr'><strong>illo</strong></span> <span class='ocrx_word' id='word_1_325' title='bbox 1445 1075 1575 1103; x_wconf 78' lang='lat' dir='ltr'><strong>deﬁciens</strong></span> <span class='ocrx_word' id='word_1_326' title='bbox 1595 1084 1601 1109; x_wconf 95' lang='lat'><strong>;</strong></span> <span class='ocrx_word' id='word_1_327' title='bbox 1629 1076 1664 1103; x_wconf 95' lang='lat' dir='ltr'><strong>ob</strong></span> <span class='ocrx_word' id='word_1_328' title='bbox 1680 1085 1742 1111; x_wconf 72' lang='lat' dir='ltr'><strong>qua:</strong></span> <span class='ocrx_word' id='word_1_329' title='bbox 1759 1078 1840 1105; x_wconf 87' lang='lat' dir='ltr'><strong>etiam</strong></span> <span class='ocrx_word' id='word_1_330' title='bbox 1857 1086 1906 1112; x_wconf 87' lang='lat' dir='ltr'><strong>par</strong></span> 
     </span>
    </p>
   </div>
   <div class='ocr_carea' id='block_1_51' title="bbox 1116 1116 1905 1156">
    <p class='ocr_par' dir='ltr' id='par_1_51' title="bbox 1116 1116 1905 1156">
     <span class='ocr_line' id='line_1_51' title="bbox 1116 1116 1905 1156; baseline 0.008 -13"><span class='ocrx_word' id='word_1_331' title='bbox 1116 1116 1152 1143; x_wconf 90' lang='lat' dir='ltr'><strong>illi</strong></span> <span class='ocrx_word' id='word_1_332' title='bbox 1170 1125 1268 1145; x_wconf 88' lang='lat' dir='ltr'><strong>nomen</strong></span> <span class='ocrx_word' id='word_1_333' title='bbox 1285 1124 1448 1146; x_wconf 69' lang='lat' dir='ltr'><strong>consecutus</strong></span> <span class='ocrx_word' id='word_1_334' title='bbox 1465 1125 1516 1148; x_wconf 85' lang='lat' dir='ltr'><strong>est.</strong></span> <span class='ocrx_word' id='word_1_335' title='bbox 1533 1120 1584 1153; x_wconf 85' lang='lat' dir='ltr'><strong>Qui</strong></span> <span class='ocrx_word' id='word_1_336' title='bbox 1600 1121 1681 1152; x_wconf 88' lang='lat' dir='ltr'><strong>clare,</strong></span> <span class='ocrx_word' id='word_1_337' title='bbox 1699 1129 1730 1149; x_wconf 91' lang='lat' dir='ltr'><strong>ac</strong></span> <span class='ocrx_word' id='word_1_338' title='bbox 1750 1129 1804 1156; x_wconf 66' lang='lat' dir='ltr'><strong>prae</strong></span> <span class='ocrx_word' id='word_1_339' title='bbox 1816 1123 1905 1149; x_wconf 89' lang='lat' dir='ltr'><strong>omni-</strong></span> 
     </span>
    </p>
   </div>
   <div class='ocr_carea' id='block_1_52' title="bbox 1115 1161 1905 1201">
    <p class='ocr_par' dir='ltr' id='par_1_52' title="bbox 1115 1161 1905 1201">
     <span class='ocr_line' id='line_1_52' title="bbox 1115 1161 1905 1201; baseline 0.006 -13"><span class='ocrx_word' id='word_1_340' title='bbox 1115 1161 1177 1194; x_wconf 85' lang='lat' dir='ltr'><strong>bus,</strong></span> <span class='ocrx_word' id='word_1_341' title='bbox 1197 1163 1243 1197; x_wconf 86' lang='lat' dir='ltr'><strong>qui</strong></span> <span class='ocrx_word' id='word_1_342' title='bbox 1259 1170 1468 1197; x_wconf 72' lang='lat' dir='ltr'><strong>prazcesserunt,</strong></span> <span class='ocrx_word' id='word_1_343' title='bbox 1491 1166 1623 1200; x_wconf 89' lang='lat' dir='ltr'><strong>apertius,</strong></span> <span class='ocrx_word' id='word_1_344' title='bbox 1637 1165 1798 1194; x_wconf 86' lang='lat' dir='ltr'><strong>Trinitatem</strong></span> <span class='ocrx_word' id='word_1_345' title='bbox 1811 1176 1905 1201; x_wconf 84' lang='lat' dir='ltr'><strong>persn-</strong></span> 
     </span>
    </p>
   </div>
   <div class='ocr_carea' id='block_1_53' title="bbox 1116 1209 1905 1249">
    <p class='ocr_par' dir='ltr' id='par_1_53' title="bbox 1116 1209 1905 1249">
     <span class='ocr_line' id='line_1_53' title="bbox 1116 1209 1905 1249; baseline 0.009 -14"><span class='ocrx_word' id='word_1_346' title='bbox 1116 1216 1212 1236; x_wconf 91' lang='lat' dir='ltr'><strong>narum</strong></span> <span class='ocrx_word' id='word_1_347' title='bbox 1231 1209 1346 1238; x_wconf 83' lang='lat' dir='ltr'><strong>Deitatis</strong></span> <span class='ocrx_word' id='word_1_348' title='bbox 1365 1212 1469 1238; x_wconf 87' lang='lat' dir='ltr'><strong>unitate</strong></span> <span class='ocrx_word' id='word_1_349' title='bbox 1484 1211 1568 1239; x_wconf 86' lang='lat' dir='ltr'><strong>Deum</strong></span> <span class='ocrx_word' id='word_1_350' title='bbox 1586 1213 1724 1246; x_wconf 85' lang='lat' dir='ltr'><strong>celebret;</strong></span> <span class='ocrx_word' id='word_1_351' title='bbox 1745 1218 1905 1249; x_wconf 57' lang='lat' dir='ltr'><strong>naluraéque</strong></span> 
     </span>
    </p>
   </div>
   <div class='ocr_carea' id='block_1_54' title="bbox 1117 1255 1903 1291">
    <p class='ocr_par' dir='ltr' id='par_1_54' title="bbox 1117 1255 1903 1291">
     <span class='ocr_line' id='line_1_54' title="bbox 1117 1255 1903 1291; baseline 0.009 -10"><span class='ocrx_word' id='word_1_352' title='bbox 1117 1255 1250 1282; x_wconf 88' lang='lat' dir='ltr'><strong>unitatem</strong></span> <span class='ocrx_word' id='word_1_353' title='bbox 1285 1257 1311 1283; x_wconf 89' lang='lat' dir='ltr'><strong>in</strong></span> <span class='ocrx_word' id='word_1_354' title='bbox 1335 1258 1534 1291; x_wconf 86' lang='lat' dir='ltr'><strong>ptoprietatum</strong></span> <span class='ocrx_word' id='word_1_355' title='bbox 1559 1257 1693 1286; x_wconf 84' lang='lat' dir='ltr'><strong>Trinilate</strong></span> <span class='ocrx_word' id='word_1_356' title='bbox 1717 1260 1903 1288; x_wconf 88' lang='lat' dir='ltr'><strong>adorationetn</strong></span> 
     </span>
    </p>
   </div>
   <div class='ocr_carea' id='block_1_55' title="bbox 1115 1301 1563 1335">
    <p class='ocr_par' dir='ltr' id='par_1_55' title="bbox 1115 1301 1563 1335">
     <span class='ocr_line' id='line_1_55' title="bbox 1115 1301 1563 1335; baseline 0.007 -7"><span class='ocrx_word' id='word_1_357' title='bbox 1115 1301 1270 1335; x_wconf 86' lang='lat' dir='ltr'><strong>habentem,</strong></span> <span class='ocrx_word' id='word_1_358' title='bbox 1289 1302 1412 1330; x_wconf 87' lang='lat' dir='ltr'><strong>divinam</strong></span> <span class='ocrx_word' id='word_1_359' title='bbox 1430 1304 1563 1332; x_wconf 88' lang='lat' dir='ltr'><strong>enuntiet.</strong></span> 
     </span>
    </p>
   </div>
   <div class='ocr_carea' id='block_1_56' title="bbox 1151 1347 1900 1386">
    <p class='ocr_par' dir='ltr' id='par_1_56' title="bbox 1151 1347 1900 1386">
     <span class='ocr_line' id='line_1_56' title="bbox 1151 1347 1900 1386; baseline 0.008 -12"><span class='ocrx_word' id='word_1_360' title='bbox 1151 1347 1207 1380; x_wconf 88' lang='lat' dir='ltr'><strong>llle,</strong></span> <span class='ocrx_word' id='word_1_361' title='bbox 1227 1348 1300 1374; x_wconf 91' lang='lat' dir='ltr'><strong>omni</strong></span> <span class='ocrx_word' id='word_1_362' title='bbox 1317 1349 1434 1383; x_wconf 90' lang='lat' dir='ltr'><strong>primum</strong></span> <span class='ocrx_word' id='word_1_363' title='bbox 1457 1350 1577 1378; x_wconf 84' lang='lat' dir='ltr'><strong>humana</strong></span> <span class='ocrx_word' id='word_1_364' title='bbox 1596 1352 1728 1386; x_wconf 76' lang='lat' dir='ltr'><strong>sapientia</strong></span> <span class='ocrx_word' id='word_1_365' title='bbox 1753 1360 1785 1380; x_wconf 94' lang='lat' dir='ltr'><strong>ac</strong></span> <span class='ocrx_word' id='word_1_366' title='bbox 1800 1353 1900 1380; x_wconf 87' lang='lat' dir='ltr'><strong>virtute</strong></span> 
     </span>
    </p>
   </div>
   <div class='ocr_carea' id='block_1_57' title="bbox 1113 1393 1903 1433">
    <p class='ocr_par' dir='ltr' id='par_1_57' title="bbox 1113 1393 1903 1433">
     <span class='ocr_line' id='line_1_57' title="bbox 1113 1393 1903 1433; baseline 0.008 -13"><span class='ocrx_word' id='word_1_367' title='bbox 1113 1393 1304 1428; x_wconf 67' lang='lat' dir='ltr'><strong>pra-eruditus,</strong></span> <span class='ocrx_word' id='word_1_368' title='bbox 1315 1395 1475 1430; x_wconf 85' lang='lat' dir='ltr'><strong>abundeque</strong></span> <span class='ocrx_word' id='word_1_369' title='bbox 1486 1396 1577 1424; x_wconf 87' lang='lat' dir='ltr'><strong>animo</strong></span> <span class='ocrx_word' id='word_1_370' title='bbox 1590 1404 1621 1424; x_wconf 87' lang='lat' dir='ltr'><strong>ac</strong></span> <span class='ocrx_word' id='word_1_371' title='bbox 1632 1402 1722 1425; x_wconf 85' lang='lat' dir='ltr'><strong>mente</strong></span> <span class='ocrx_word' id='word_1_372' title='bbox 1733 1398 1767 1425; x_wconf 88' lang='lat' dir='ltr'><strong>ad</strong></span> <span class='ocrx_word' id='word_1_373' title='bbox 1776 1399 1903 1433; x_wconf 70' lang='lat' dir='ltr'><strong>pietatem</strong></span> 
     </span>
    </p>
   </div>
   <div class='ocr_carea' id='block_1_58' title="bbox 1112 1439 1903 1480">
    <p class='ocr_par' dir='ltr' id='par_1_58' title="bbox 1112 1439 1903 1480">
     <span class='ocr_line' id='line_1_58' title="bbox 1112 1439 1903 1480; baseline 0.01 -16"><span class='ocrx_word' id='word_1_374' title='bbox 1112 1439 1310 1466; x_wconf 83' lang='lat' dir='ltr'><strong>exercitatione</strong></span> <span class='ocrx_word' id='word_1_375' title='bbox 1324 1441 1424 1474; x_wconf 66' lang='lat' dir='ltr'><strong>prmia</strong></span> <span class='ocrx_word' id='word_1_376' title='bbox 1445 1443 1580 1473; x_wconf 74' lang='lat' dir='ltr'><strong>excultus,</strong></span> <span class='ocrx_word' id='word_1_377' title='bbox 1605 1450 1637 1469; x_wconf 90' lang='lat' dir='ltr'><strong>ac</strong></span> <span class='ocrx_word' id='word_1_378' title='bbox 1652 1451 1713 1470; x_wconf 86' lang='lat' dir='ltr'><strong>cuin</strong></span> <span class='ocrx_word' id='word_1_379' title='bbox 1732 1451 1762 1471; x_wconf 89' lang='lat' dir='ltr'><strong>se</strong></span> <span class='ocrx_word' id='word_1_380' title='bbox 1781 1444 1838 1479; x_wconf 84' lang='lat' dir='ltr'><strong>ipse</strong></span> <span class='ocrx_word' id='word_1_381' title='bbox 1854 1453 1903 1480; x_wconf 90' lang='lat' dir='ltr'><strong>per</strong></span> 
     </span>
    </p>
   </div>
   <div class='ocr_carea' id='block_1_59' title="bbox 1114 1482 1902 1522">
    <p class='ocr_par' dir='ltr' id='par_1_59' title="bbox 1114 1482 1902 1522">
     <span class='ocr_line' id='line_1_59' title="bbox 1114 1482 1902 1522; baseline 0.011 -13"><span class='ocrx_word' id='word_1_382' title='bbox 1114 1482 1244 1517; x_wconf 90' lang='lat' dir='ltr'><strong>Spiritum</strong></span> <span class='ocrx_word' id='word_1_383' title='bbox 1261 1491 1308 1511; x_wconf 83' lang='lat' dir='ltr'><strong>vas</strong></span> <span class='ocrx_word' id='word_1_384' title='bbox 1324 1484 1379 1512; x_wconf 89' lang='lat' dir='ltr'><strong>Deo</strong></span> <span class='ocrx_word' id='word_1_385' title='bbox 1389 1485 1500 1520; x_wconf 87' lang='lat' dir='ltr'><strong>dignum</strong></span> <span class='ocrx_word' id='word_1_386' title='bbox 1517 1493 1707 1522; x_wconf 75' lang='lat' dir='ltr'><strong>praeparasset,</strong></span> <span class='ocrx_word' id='word_1_387' title='bbox 1725 1489 1761 1516; x_wconf 86' lang='lat' dir='ltr'><strong>ita</strong></span> <span class='ocrx_word' id='word_1_388' title='bbox 1779 1491 1813 1517; x_wconf 88' lang='lat' dir='ltr'><strong>ad</strong></span> <span class='ocrx_word' id='word_1_389' title='bbox 1829 1490 1902 1518; x_wconf 87' lang='lat' dir='ltr'><strong>lava-</strong></span> 
     </span>
    </p>
   </div>
   <div class='ocr_carea' id='block_1_60' title="bbox 1112 1530 1900 1564">
    <p class='ocr_par' dir='ltr' id='par_1_60' title="bbox 1112 1530 1900 1564">
     <span class='ocr_line' id='line_1_60' title="bbox 1112 1530 1900 1564; baseline 0.01 -10"><span class='ocrx_word' id='word_1_390' title='bbox 1112 1536 1189 1555; x_wconf 72' lang='lat' dir='ltr'><strong>crum</strong></span> <span class='ocrx_word' id='word_1_391' title='bbox 1204 1530 1419 1563; x_wconf 71' lang='lat' dir='ltr'><strong>regenerationis</strong></span> <span class='ocrx_word' id='word_1_392' title='bbox 1432 1531 1506 1557; x_wconf 90' lang='lat' dir='ltr'><strong>venit</strong></span> <span class='ocrx_word' id='word_1_393' title='bbox 1521 1539 1528 1564; x_wconf 90' lang='lat'>;</span> <span class='ocrx_word' id='word_1_394' title='bbox 1554 1539 1609 1559; x_wconf 89' lang='lat' dir='ltr'><strong>non</strong></span> <span class='ocrx_word' id='word_1_395' title='bbox 1623 1537 1653 1559; x_wconf 91' lang='lat' dir='ltr'><strong>ut</strong></span> <span class='ocrx_word' id='word_1_396' title='bbox 1667 1533 1761 1561; x_wconf 84' lang='lat' dir='ltr'><strong>sordes</strong></span> <span class='ocrx_word' id='word_1_397' title='bbox 1776 1535 1900 1563; x_wconf 79' lang='lat' dir='ltr'><strong>ablueret</strong></span> 
     </span>
    </p>
   </div>
   <div class='ocr_carea' id='block_1_61' title="bbox 268 1574 1902 1614">
    <p class='ocr_par' dir='ltr' id='par_1_61' title="bbox 268 1574 1902 1614">
     <span class='ocr_line' id='line_1_61' title="bbox 268 1574 1902 1614; baseline 0.01 -21"><span class='ocrx_word' id='word_1_398' title='bbox 268 1581 318 1601; x_wconf 67' lang='lat' dir='ltr'><strong>ceu</strong></span> <span class='ocrx_word' id='word_1_399' title='bbox 335 1574 368 1601; x_wconf 69' lang='lat' dir='ltr'><strong>ad</strong></span> <span class='ocrx_word' id='word_1_400' title='bbox 385 1575 640 1609; x_wconf 60' lang='grc' dir='ltr'><strong>Ρτωαθηιίςςίηκιηι</strong></span> <span class='ocrx_word' id='word_1_401' title='bbox 657 1576 765 1604; x_wconf 67' lang='lat' dir='ltr'><strong>urbiunl</strong></span> <span class='ocrx_word' id='word_1_402' title='bbox 780 1577 806 1604; x_wconf 80' lang='lat' dir='ltr'><strong>in</strong></span> <span class='ocrx_word' id='word_1_403' title='bbox 820 1585 879 1605; x_wconf 69' lang='lat' dir='ltr'><strong>eam</strong></span> <span class='ocrx_word' id='word_1_404' title='bbox 896 1579 1060 1614; x_wconf 65' lang='lat' dir='ltr'><strong>commigra-</strong></span> <span class='ocrx_word' id='word_1_405' title='bbox 1073 1585 1094 1613; x_wconf 80' lang='lat' dir='ltr'>c</span> <span class='ocrx_word' id='word_1_406' title='bbox 1112 1575 1227 1610; x_wconf 87' lang='lat' dir='ltr'><strong>(audens</strong></span> <span class='ocrx_word' id='word_1_407' title='bbox 1242 1575 1354 1609; x_wconf 84' lang='lat' dir='ltr'><strong>dicam),</strong></span> <span class='ocrx_word' id='word_1_408' title='bbox 1367 1579 1414 1604; x_wconf 86' lang='lat' dir='ltr'><strong>sed</strong></span> <span class='ocrx_word' id='word_1_409' title='bbox 1431 1577 1545 1605; x_wconf 83' lang='lat' dir='ltr'><strong>clariore</strong></span> <span class='ocrx_word' id='word_1_410' title='bbox 1560 1578 1643 1606; x_wconf 87' lang='lat' dir='ltr'><strong>animi</strong></span> <span class='ocrx_word' id='word_1_411' title='bbox 1661 1580 1843 1609; x_wconf 78' lang='lat' dir='ltr'><strong>illustratione</strong></span> <span class='ocrx_word' id='word_1_412' title='bbox 1853 1583 1902 1609; x_wconf 73' lang='lat' dir='ltr'><strong>d0-</strong></span> 
     </span>
    </p>
   </div>
   <div class='ocr_carea' id='block_1_62' title="bbox 268 1618 347 1646">
    <p class='ocr_par' dir='ltr' id='par_1_62' title="bbox 268 1618 347 1646">
     <span class='ocr_line' id='line_1_62' title="bbox 268 1618 347 1646; baseline 0.013 -1"><span class='ocrx_word' id='word_1_413' title='bbox 268 1618 347 1646; x_wconf 87' lang='lat' dir='ltr'><strong>bant.</strong></span> 
     </span>
    </p>
   </div>
   <div class='ocr_carea' id='block_1_63' title="bbox 305 1664 1058 1700">
    <p class='ocr_par' dir='ltr' id='par_1_63' title="bbox 305 1664 1058 1700">
     <span class='ocr_line' id='line_1_63' title="bbox 305 1664 1058 1700; baseline 0.012 -10"><span class='ocrx_word' id='word_1_414' title='bbox 305 1664 332 1691; x_wconf 94' lang='lat' dir='ltr'><strong>ln</strong></span> <span class='ocrx_word' id='word_1_415' title='bbox 347 1665 389 1691; x_wconf 86' lang='lat' dir='ltr'><strong>his</strong></span> <span class='ocrx_word' id='word_1_416' title='bbox 407 1665 498 1700; x_wconf 85' lang='lat' dir='ltr'><strong>itaque</strong></span> <span class='ocrx_word' id='word_1_417' title='bbox 511 1666 684 1699; x_wconf 78' lang='lat' dir='ltr'><strong>Gregorium,</strong></span> <span class='ocrx_word' id='word_1_418' title='bbox 701 1668 773 1695; x_wconf 89' lang='lat' dir='ltr'><strong>viros</strong></span> <span class='ocrx_word' id='word_1_419' title='bbox 787 1669 930 1697; x_wconf 88' lang='lat' dir='ltr'><strong>adeuntem</strong></span> <span class='ocrx_word' id='word_1_420' title='bbox 945 1671 1058 1700; x_wconf 86' lang='lat' dir='ltr'><strong>scientia</strong></span> 
     </span>
    </p>
   </div>
   <div class='ocr_carea' id='block_1_64' title="bbox 268 1710 1059 1753">
    <p class='ocr_par' dir='ltr' id='par_1_64' title="bbox 268 1710 1059 1753">
     <span class='ocr_line' id='line_1_64' title="bbox 268 1710 1059 1753; baseline 0.013 -18"><span class='ocrx_word' id='word_1_421' title='bbox 268 1710 522 1743; x_wconf 70' lang='lat' dir='ltr'><strong>praestantissimos,</strong></span> <span class='ocrx_word' id='word_1_422' title='bbox 549 1712 638 1747; x_wconf 88' lang='lat' dir='ltr'><strong>iisque</strong></span> <span class='ocrx_word' id='word_1_423' title='bbox 665 1714 775 1741; x_wconf 87' lang='lat' dir='ltr'><strong>dantem</strong></span> <span class='ocrx_word' id='word_1_424' title='bbox 800 1722 910 1749; x_wconf 85' lang='lat' dir='ltr'><strong>operam</strong></span> <span class='ocrx_word' id='word_1_425' title='bbox 940 1725 947 1749; x_wconf 89' lang='lat'><strong>;</strong></span> <span class='ocrx_word' id='word_1_426' title='bbox 976 1723 1059 1753; x_wconf 83' lang='lat' dir='ltr'><strong>atque</strong></span> 
     </span>
    </p>
   </div>
   <div class='ocr_carea' id='block_1_65' title="bbox 269 1755 1058 1794">
    <p class='ocr_par' dir='ltr' id='par_1_65' title="bbox 269 1755 1058 1794">
     <span class='ocr_line' id='line_1_65' title="bbox 269 1755 1058 1794; baseline 0.011 -13"><span class='ocrx_word' id='word_1_427' title='bbox 269 1755 344 1781; x_wconf 92' lang='lat' dir='ltr'><strong>omni</strong></span> <span class='ocrx_word' id='word_1_428' title='bbox 373 1760 431 1783; x_wconf 78' lang='lat' dir='ltr'><strong>arte</strong></span> <span class='ocrx_word' id='word_1_429' title='bbox 451 1757 629 1791; x_wconf 85' lang='lat' dir='ltr'><strong>grammatica</strong></span> <span class='ocrx_word' id='word_1_430' title='bbox 651 1759 810 1794; x_wconf 87' lang='lat' dir='ltr'><strong>poeticaque</strong></span> <span class='ocrx_word' id='word_1_431' title='bbox 828 1761 935 1789; x_wconf 88' lang='lat' dir='ltr'><strong>abunde</strong></span> <span class='ocrx_word' id='word_1_432' title='bbox 952 1763 1058 1790; x_wconf 64' lang='lat' dir='ltr'><strong>exorci-</strong></span> 
     </span>
    </p>
   </div>
   <div class='ocr_carea' id='block_1_66' title="bbox 269 1803 1056 1841">
    <p class='ocr_par' dir='ltr' id='par_1_66' title="bbox 269 1803 1056 1841">
     <span class='ocr_line' id='line_1_66' title="bbox 269 1803 1056 1841; baseline 0.013 -15"><span class='ocrx_word' id='word_1_433' title='bbox 269 1805 356 1827; x_wconf 85' lang='lat' dir='ltr'><strong>tatum</strong></span> <span class='ocrx_word' id='word_1_434' title='bbox 374 1810 382 1833; x_wconf 84' lang='lat'><strong>;</strong></span> <span class='ocrx_word' id='word_1_435' title='bbox 400 1803 518 1829; x_wconf 89' lang='lat' dir='ltr'><strong>oratoria</strong></span> <span class='ocrx_word' id='word_1_436' title='bbox 534 1811 641 1830; x_wconf 87' lang='lat' dir='ltr'><strong>summe</strong></span> <span class='ocrx_word' id='word_1_437' title='bbox 655 1805 805 1838; x_wconf 88' lang='lat' dir='ltr'><strong>excultum,</strong></span> <span class='ocrx_word' id='word_1_438' title='bbox 824 1806 934 1841; x_wconf 86' lang='lat' dir='ltr'><strong>vimque</strong></span> <span class='ocrx_word' id='word_1_439' title='bbox 948 1815 1056 1836; x_wconf 87' lang='lat' dir='ltr'><strong>omnem</strong></span> 
     </span>
    </p>
   </div>
   <div class='ocr_carea' id='block_1_67' title="bbox 268 1847 1058 1891">
    <p class='ocr_par' dir='ltr' id='par_1_67' title="bbox 268 1847 1058 1891">
     <span class='ocr_line' id='line_1_67' title="bbox 268 1847 1058 1891; baseline 0.011 -17"><span class='ocrx_word' id='word_1_440' title='bbox 268 1847 414 1877; x_wconf 84' lang='lat' dir='ltr'><strong>sermonis.</strong></span> <span class='ocrx_word' id='word_1_441' title='bbox 428 1849 655 1884; x_wconf 74' lang='lat' dir='ltr'><strong>elegantiamque,</strong></span> <span class='ocrx_word' id='word_1_442' title='bbox 673 1858 705 1878; x_wconf 84' lang='lat' dir='ltr'><strong>ac</strong></span> <span class='ocrx_word' id='word_1_443' title='bbox 719 1851 873 1879; x_wconf 88' lang='lat' dir='ltr'><strong>facundiam</strong></span> <span class='ocrx_word' id='word_1_444' title='bbox 892 1855 1058 1891; x_wconf 74' lang='lat' dir='ltr'><strong>commodis-</strong></span> 
     </span>
    </p>
   </div>
   <div class='ocr_carea' id='block_1_68' title="bbox 268 1893 1055 1934">
    <p class='ocr_par' dir='ltr' id='par_1_68' title="bbox 268 1893 1055 1934">
     <span class='ocr_line' id='line_1_68' title="bbox 268 1893 1055 1934; baseline 0.009 -14"><span class='ocrx_word' id='word_1_445' title='bbox 268 1893 337 1921; x_wconf 83' lang='lat' dir='ltr'><strong>sime</strong></span> <span class='ocrx_word' id='word_1_446' title='bbox 352 1893 497 1928; x_wconf 79' lang='lat' dir='ltr'><strong>adeptuni;</strong></span> <span class='ocrx_word' id='word_1_447' title='bbox 514 1894 633 1930; x_wconf 84' lang='lat' dir='ltr'><strong>itemque</strong></span> <span class='ocrx_word' id='word_1_448' title='bbox 648 1895 836 1931; x_wconf 69' lang='lat' dir='ltr'><strong>philosophiae,</strong></span> <span class='ocrx_word' id='word_1_449' title='bbox 853 1905 907 1925; x_wconf 82' lang='lat' dir='ltr'><strong>non</strong></span> <span class='ocrx_word' id='word_1_450' title='bbox 923 1899 1055 1934; x_wconf 87' lang='lat' dir='ltr'><strong>quidquid</strong></span> 
     </span>
    </p>
   </div>
   <div class='ocr_carea' id='block_1_69' title="bbox 266 1937 1058 1975">
    <p class='ocr_par' dir='ltr' id='par_1_69' title="bbox 266 1937 1058 1975">
     <span class='ocr_line' id='line_1_69' title="bbox 266 1937 1058 1975; baseline 0.01 -11"><span class='ocrx_word' id='word_1_451' title='bbox 266 1937 399 1965; x_wconf 85' lang='lat' dir='ltr'><strong>duntaxat</strong></span> <span class='ocrx_word' id='word_1_452' title='bbox 415 1939 575 1973; x_wconf 77' lang='lat' dir='ltr'><strong>orgauieutn</strong></span> <span class='ocrx_word' id='word_1_453' title='bbox 590 1944 642 1972; x_wconf 84' lang='lat' dir='ltr'><strong>est,</strong></span> <span class='ocrx_word' id='word_1_454' title='bbox 663 1944 746 1975; x_wconf 88' lang='lat' dir='ltr'><strong>atque</strong></span> <span class='ocrx_word' id='word_1_455' title='bbox 776 1941 809 1968; x_wconf 87' lang='lat' dir='ltr'><strong>ad</strong></span> <span class='ocrx_word' id='word_1_456' title='bbox 828 1950 917 1970; x_wconf 87' lang='lat' dir='ltr'><strong>mores</strong></span> <span class='ocrx_word' id='word_1_457' title='bbox 934 1951 965 1971; x_wconf 88' lang='lat' dir='ltr'><strong>ac</strong></span> <span class='ocrx_word' id='word_1_458' title='bbox 981 1949 1058 1972; x_wconf 83' lang='lat' dir='ltr'><strong>natu-</strong></span> 
     </span>
    </p>
   </div>
   <div class='ocr_carea' id='block_1_70' title="bbox 265 1985 1054 2023">
    <p class='ocr_par' dir='ltr' id='par_1_70' title="bbox 265 1985 1054 2023">
     <span class='ocr_line' id='line_1_70' title="bbox 265 1985 1054 2023; baseline 0.009 -13"><span class='ocrx_word' id='word_1_459' title='bbox 265 1989 324 2010; x_wconf 81' lang='lat' dir='ltr'><strong>ram</strong></span> <span class='ocrx_word' id='word_1_460' title='bbox 334 1990 571 2017; x_wconf 77' lang='lat' dir='ltr'><strong>spectans,verum</strong></span> <span class='ocrx_word' id='word_1_461' title='bbox 586 1985 667 2012; x_wconf 89' lang='lat' dir='ltr'><strong>etiam</strong></span> <span class='ocrx_word' id='word_1_462' title='bbox 679 1986 811 2021; x_wconf 85' lang='lat' dir='ltr'><strong>quidquid</strong></span> <span class='ocrx_word' id='word_1_463' title='bbox 827 1989 913 2023; x_wconf 87' lang='lat' dir='ltr'><strong>magis</strong></span> <span class='ocrx_word' id='word_1_464' title='bbox 925 1989 1054 2018; x_wconf 85' lang='lat' dir='ltr'><strong>eximium</strong></span> 
     </span>
    </p>
   </div>
   <div class='ocr_carea' id='block_1_71' title="bbox 266 2029 1055 2070">
    <p class='ocr_par' dir='ltr' id='par_1_71' title="bbox 266 2029 1055 2070">
     <span class='ocr_line' id='line_1_71' title="bbox 266 2029 1055 2070; baseline 0.008 -15"><span class='ocrx_word' id='word_1_465' title='bbox 266 2029 480 2065; x_wconf 85' lang='lat' dir='ltr'><strong>spiritaliusque,</strong></span> <span class='ocrx_word' id='word_1_466' title='bbox 508 2031 705 2059; x_wconf 84' lang='lat' dir='ltr'><strong>sublitnissime</strong></span> <span class='ocrx_word' id='word_1_467' title='bbox 719 2033 881 2064; x_wconf 85' lang='lat' dir='ltr'><strong>contuitmn,</strong></span> <span class='ocrx_word' id='word_1_468' title='bbox 900 2034 1055 2070; x_wconf 87' lang='lat' dir='ltr'><strong>mentisque</strong></span> 
     </span>
    </p>
   </div>
   <div class='ocr_carea' id='block_1_72' title="bbox 266 2074 1054 2112">
    <p class='ocr_par' dir='ltr' id='par_1_72' title="bbox 266 2074 1054 2112">
     <span class='ocr_line' id='line_1_72' title="bbox 266 2074 1054 2112; baseline 0.01 -12"><span class='ocrx_word' id='word_1_469' title='bbox 266 2074 441 2110; x_wconf 81' lang='lat' dir='ltr'><strong>intelligentia</strong></span> <span class='ocrx_word' id='word_1_470' title='bbox 455 2081 610 2104; x_wconf 88' lang='lat' dir='ltr'><strong>assecutum</strong></span> <span class='ocrx_word' id='word_1_471' title='bbox 626 2086 633 2104; x_wconf 90' lang='lat'><strong>:</strong></span> <span class='ocrx_word' id='word_1_472' title='bbox 651 2077 697 2111; x_wconf 90' lang='lat' dir='ltr'><strong>qui</strong></span> <span class='ocrx_word' id='word_1_473' title='bbox 713 2077 830 2112; x_wconf 87' lang='lat' dir='ltr'><strong>denique</strong></span> <span class='ocrx_word' id='word_1_474' title='bbox 843 2078 963 2112; x_wconf 81' lang='lat' dir='ltr'><strong>cujusvis</strong></span> <span class='ocrx_word' id='word_1_475' title='bbox 971 2080 1054 2108; x_wconf 87' lang='lat' dir='ltr'><strong>disci—</strong></span> 
     </span>
    </p>
   </div>
   <div class='ocr_carea' id='block_1_73' title="bbox 264 2119 1052 2157">
    <p class='ocr_par' dir='ltr' id='par_1_73' title="bbox 264 2119 1052 2157">
     <span class='ocr_line' id='line_1_73' title="bbox 264 2119 1052 2157; baseline 0.006 -10"><span class='ocrx_word' id='word_1_476' title='bbox 264 2119 364 2154; x_wconf 66' lang='lat' dir='ltr'><strong>plinas,</strong></span> <span class='ocrx_word' id='word_1_477' title='bbox 392 2121 536 2156; x_wconf 88' lang='lat' dir='ltr'><strong>omnisque</strong></span> <span class='ocrx_word' id='word_1_478' title='bbox 565 2123 613 2156; x_wconf 90' lang='lat' dir='ltr'><strong>(ut</strong></span> <span class='ocrx_word' id='word_1_479' title='bbox 641 2123 726 2150; x_wconf 76' lang='lat' dir='ltr'><strong>verba</strong></span> <span class='ocrx_word' id='word_1_480' title='bbox 756 2124 864 2157; x_wconf 88' lang='lat' dir='ltr'><strong>dicam)</strong></span> <span class='ocrx_word' id='word_1_481' title='bbox 895 2124 1052 2152; x_wconf 74' lang='lat' dir='ltr'><strong>Graecorum</strong></span> 
     </span>
    </p>
   </div>
   <div class='ocr_carea' id='block_1_74' title="bbox 263 2165 1051 2206">
    <p class='ocr_par' dir='ltr' id='par_1_74' title="bbox 263 2165 1051 2206">
     <span class='ocr_line' id='line_1_74' title="bbox 263 2165 1051 2206; baseline 0.01 -15"><span class='ocrx_word' id='word_1_482' title='bbox 263 2165 403 2199; x_wconf 69' lang='lat' dir='ltr'><strong>sapientia:</strong></span> <span class='ocrx_word' id='word_1_483' title='bbox 415 2174 448 2194; x_wconf 88' lang='lat' dir='ltr'><strong>ac</strong></span> <span class='ocrx_word' id='word_1_484' title='bbox 461 2167 582 2194; x_wconf 65' lang='lat' dir='ltr'><strong>sciet-tite</strong></span> <span class='ocrx_word' id='word_1_485' title='bbox 605 2169 745 2203; x_wconf 83' lang='lat' dir='ltr'><strong>potissima</strong></span> <span class='ocrx_word' id='word_1_486' title='bbox 760 2178 875 2205; x_wconf 78' lang='lat' dir='ltr'><strong>quaeque</strong></span> <span class='ocrx_word' id='word_1_487' title='bbox 892 2171 1051 2206; x_wconf 86' lang='lat' dir='ltr'><strong>decerpens,</strong></span> 
     </span>
    </p>
   </div>
   <div class='ocr_carea' id='block_1_75' title="bbox 263 2208 1053 2249">
    <p class='ocr_par' dir='ltr' id='par_1_75' title="bbox 263 2208 1053 2249">
     <span class='ocr_line' id='line_1_75' title="bbox 263 2208 1053 2249; baseline 0.013 -15"><span class='ocrx_word' id='word_1_488' title='bbox 263 2208 360 2243; x_wconf 83' lang='lat' dir='ltr'><strong>hisque</strong></span> <span class='ocrx_word' id='word_1_489' title='bbox 373 2210 431 2245; x_wconf 90' lang='lat' dir='ltr'><strong>ipse</strong></span> <span class='ocrx_word' id='word_1_490' title='bbox 445 2211 496 2238; x_wconf 84' lang='lat' dir='ltr'><strong>sibi</strong></span> <span class='ocrx_word' id='word_1_491' title='bbox 514 2211 547 2237; x_wconf 82' lang='lat' dir='ltr'><strong>ad</strong></span> <span class='ocrx_word' id='word_1_492' title='bbox 562 2218 593 2238; x_wconf 84' lang='lat' dir='ltr'><strong>ea</strong></span> <span class='ocrx_word' id='word_1_493' title='bbox 608 2214 815 2247; x_wconf 86' lang='lat' dir='ltr'><strong>contemplanda</strong></span> <span class='ocrx_word' id='word_1_494' title='bbox 831 2223 892 2249; x_wconf 82' lang='lat' dir='ltr'><strong>qua:</strong></span> <span class='ocrx_word' id='word_1_495' title='bbox 908 2215 960 2243; x_wconf 81' lang='lat' dir='ltr'><strong>vim</strong></span> <span class='ocrx_word' id='word_1_496' title='bbox 977 2225 1053 2244; x_wconf 71' lang='lat' dir='ltr'><strong>men-</strong></span> 
     </span>
    </p>
   </div>
   <div class='ocr_carea' id='block_1_76' title="bbox 1111 1621 1900 1658">
    <p class='ocr_par' dir='ltr' id='par_1_76' title="bbox 1111 1621 1900 1658">
     <span class='ocr_line' id='line_1_76' title="bbox 1111 1621 1900 1658; baseline 0.011 -12"><span class='ocrx_word' id='word_1_497' title='bbox 1111 1621 1227 1654; x_wconf 87' lang='lat' dir='ltr'><strong>nandus,</strong></span> <span class='ocrx_word' id='word_1_498' title='bbox 1252 1621 1386 1656; x_wconf 87' lang='lat' dir='ltr'><strong>baptisma</strong></span> <span class='ocrx_word' id='word_1_499' title='bbox 1401 1622 1511 1649; x_wconf 89' lang='lat' dir='ltr'><strong>demum</strong></span> <span class='ocrx_word' id='word_1_500' title='bbox 1530 1624 1683 1658; x_wconf 84' lang='lat' dir='ltr'><strong>suscipiens</strong></span> <span class='ocrx_word' id='word_1_501' title='bbox 1701 1633 1708 1658; x_wconf 90' lang='lat'><strong>;</strong></span> <span class='ocrx_word' id='word_1_502' title='bbox 1727 1633 1777 1653; x_wconf 83' lang='lat' dir='ltr'><strong>nec</strong></span> <span class='ocrx_word' id='word_1_503' title='bbox 1793 1631 1822 1654; x_wconf 95' lang='lat' dir='ltr'><strong>ut</strong></span> <span class='ocrx_word' id='word_1_504' title='bbox 1836 1628 1900 1655; x_wconf 82' lang='lat' dir='ltr'><strong>abo-</strong></span> 
     </span>
    </p>
   </div>
   <div class='ocr_carea' id='block_1_77' title="bbox 1109 1665 1905 1707">
    <p class='ocr_par' dir='ltr' id='par_1_77' title="bbox 1109 1665 1905 1707">
     <span class='ocr_line' id='line_1_77' title="bbox 1109 1665 1905 1707; baseline 0.01 -15"><span class='ocrx_word' id='word_1_505' title='bbox 1109 1665 1178 1692; x_wconf 86' lang='lat' dir='ltr'><strong>lercl</strong></span> <span class='ocrx_word' id='word_1_506' title='bbox 1193 1672 1313 1700; x_wconf 84' lang='lat' dir='ltr'><strong>peccata,</strong></span> <span class='ocrx_word' id='word_1_507' title='bbox 1331 1668 1378 1694; x_wconf 86' lang='lat' dir='ltr'><strong>sed</strong></span> <span class='ocrx_word' id='word_1_508' title='bbox 1396 1667 1503 1702; x_wconf 89' lang='lat' dir='ltr'><strong>potiora</strong></span> <span class='ocrx_word' id='word_1_509' title='bbox 1517 1668 1588 1696; x_wconf 90' lang='lat' dir='ltr'><strong>dona</strong></span> <span class='ocrx_word' id='word_1_510' title='bbox 1604 1676 1796 1705; x_wconf 85' lang='lat' dir='ltr'><strong>percepturus,</strong></span> <span class='ocrx_word' id='word_1_511' title='bbox 1817 1672 1905 1707; x_wconf 80' lang='lat' dir='ltr'><strong>Spiri-</strong></span> 
     </span>
    </p>
   </div>
   <div class='ocr_carea' id='block_1_78' title="bbox 1109 1712 1443 1746">
    <p class='ocr_par' dir='ltr' id='par_1_78' title="bbox 1109 1712 1443 1746">
     <span class='ocr_line' id='line_1_78' title="bbox 1109 1712 1443 1746; baseline 0.012 -9"><span class='ocrx_word' id='word_1_512' title='bbox 1109 1717 1166 1738; x_wconf 88' lang='lat' dir='ltr'><strong>tum</strong></span> <span class='ocrx_word' id='word_1_513' title='bbox 1180 1712 1273 1746; x_wconf 68' lang='lat' dir='ltr'><strong>gratiae</strong></span> <span class='ocrx_word' id='word_1_514' title='bbox 1286 1713 1443 1741; x_wconf 85' lang='lat' dir='ltr'><strong>admittens.</strong></span> 
     </span>
    </p>
   </div>
   <div class='ocr_carea' id='block_1_79' title="bbox 1145 1756 1899 1798">
    <p class='ocr_par' dir='ltr' id='par_1_79' title="bbox 1145 1756 1899 1798">
     <span class='ocr_line' id='line_1_79' title="bbox 1145 1756 1899 1798; baseline 0.011 -15"><span class='ocrx_word' id='word_1_515' title='bbox 1145 1756 1228 1791; x_wconf 89' lang='lat' dir='ltr'><strong>inque</strong></span> <span class='ocrx_word' id='word_1_516' title='bbox 1241 1757 1314 1785; x_wconf 89' lang='lat' dir='ltr'><strong>hunc</strong></span> <span class='ocrx_word' id='word_1_517' title='bbox 1324 1759 1445 1791; x_wconf 89' lang='lat' dir='ltr'><strong>modum,</strong></span> <span class='ocrx_word' id='word_1_518' title='bbox 1455 1760 1580 1787; x_wconf 75' lang='lat' dir='ltr'><strong>secundae</strong></span> <span class='ocrx_word' id='word_1_519' title='bbox 1589 1760 1653 1788; x_wconf 89' lang='lat' dir='ltr'><strong>hinc</strong></span> <span class='ocrx_word' id='word_1_520' title='bbox 1664 1762 1727 1788; x_wconf 45' lang='lat' dir='ltr'><strong>vitae</strong></span> <span class='ocrx_word' id='word_1_521' title='bbox 1736 1762 1899 1798; x_wconf 71' lang='lat' dir='ltr'><strong>oplimmquc</strong></span> 
     </span>
    </p>
   </div>
   <div class='ocr_carea' id='block_1_80' title="bbox 1109 1802 1900 1840">
    <p class='ocr_par' dir='ltr' id='par_1_80' title="bbox 1109 1802 1900 1840">
     <span class='ocr_line' id='line_1_80' title="bbox 1109 1802 1900 1840; baseline 0.009 -12"><span class='ocrx_word' id='word_1_522' title='bbox 1109 1809 1141 1829; x_wconf 85' lang='lat' dir='ltr'><strong>ac</strong></span> <span class='ocrx_word' id='word_1_523' title='bbox 1158 1802 1330 1837; x_wconf 85' lang='lat' dir='ltr'><strong>perfectioris</strong></span> <span class='ocrx_word' id='word_1_524' title='bbox 1351 1804 1505 1839; x_wconf 62' lang='lat' dir='ltr'><strong>disciplinae</strong></span> <span class='ocrx_word' id='word_1_525' title='bbox 1521 1805 1624 1834; x_wconf 88' lang='lat' dir='ltr'><strong>ducens</strong></span> <span class='ocrx_word' id='word_1_526' title='bbox 1636 1808 1789 1840; x_wconf 80' lang='lat' dir='ltr'><strong>exordium,</strong></span> <span class='ocrx_word' id='word_1_527' title='bbox 1809 1816 1823 1834; x_wconf 89' lang='lat' dir='ltr'><strong>a</strong></span> <span class='ocrx_word' id='word_1_528' title='bbox 1837 1809 1900 1836; x_wconf 59' lang='lat' dir='ltr'><strong>vitae</strong></span> 
     </span>
    </p>
   </div>
   <div class='ocr_carea' id='block_1_81' title="bbox 1109 1846 1900 1885">
    <p class='ocr_par' dir='ltr' id='par_1_81' title="bbox 1109 1846 1900 1885">
     <span class='ocr_line' id='line_1_81' title="bbox 1109 1846 1900 1885; baseline 0.01 -12"><span class='ocrx_word' id='word_1_529' title='bbox 1109 1846 1153 1873; x_wconf 84' lang='lat' dir='ltr'><strong>illa</strong></span> <span class='ocrx_word' id='word_1_530' title='bbox 1183 1847 1290 1875; x_wconf 86' lang='lat' dir='ltr'><strong>ratione</strong></span> <span class='ocrx_word' id='word_1_531' title='bbox 1308 1856 1369 1883; x_wconf 67' lang='lat' dir='ltr'><strong>qua;</strong></span> <span class='ocrx_word' id='word_1_532' title='bbox 1389 1850 1465 1876; x_wconf 86' lang='lat' dir='ltr'><strong>carni</strong></span> <span class='ocrx_word' id='word_1_533' title='bbox 1491 1849 1642 1885; x_wconf 86' lang='lat' dir='ltr'><strong>impensior</strong></span> <span class='ocrx_word' id='word_1_534' title='bbox 1657 1856 1708 1882; x_wconf 85' lang='lat' dir='ltr'><strong>est,</strong></span> <span class='ocrx_word' id='word_1_535' title='bbox 1737 1853 1849 1880; x_wconf 75' lang='lat' dir='ltr'><strong>omnino</strong></span> <span class='ocrx_word' id='word_1_536' title='bbox 1869 1861 1900 1881; x_wconf 83' lang='lat' dir='ltr'><strong>se</strong></span> 
     </span>
    </p>
   </div>
   <div class='ocr_carea' id='block_1_82' title="bbox 1108 1891 1898 1932">
    <p class='ocr_par' dir='ltr' id='par_1_82' title="bbox 1108 1891 1898 1932">
     <span class='ocr_line' id='line_1_82' title="bbox 1108 1891 1898 1932; baseline 0.013 -14"><span class='ocrx_word' id='word_1_537' title='bbox 1108 1891 1226 1919; x_wconf 89' lang='lat' dir='ltr'><strong>alienum</strong></span> <span class='ocrx_word' id='word_1_538' title='bbox 1248 1893 1417 1922; x_wconf 79' lang='lat' dir='ltr'><strong>exhibebat:</strong></span> <span class='ocrx_word' id='word_1_539' title='bbox 1441 1895 1507 1930; x_wconf 91' lang='lat' dir='ltr'><strong>quin</strong></span> <span class='ocrx_word' id='word_1_540' title='bbox 1537 1901 1564 1924; x_wconf 87' lang='lat' dir='ltr'><strong>et</strong></span> <span class='ocrx_word' id='word_1_541' title='bbox 1582 1898 1784 1932; x_wconf 85' lang='lat' dir='ltr'><strong>quodammodo</strong></span> <span class='ocrx_word' id='word_1_542' title='bbox 1807 1907 1822 1927; x_wconf 87' lang='lat' dir='ltr'><strong>a</strong></span> <span class='ocrx_word' id='word_1_543' title='bbox 1844 1905 1898 1928; x_wconf 85' lang='lat' dir='ltr'><strong>ter-</strong></span> 
     </span>
    </p>
   </div>
   <div class='ocr_carea' id='block_1_83' title="bbox 1107 1940 1897 1979">
    <p class='ocr_par' dir='ltr' id='par_1_83' title="bbox 1107 1940 1897 1979">
     <span class='ocr_line' id='line_1_83' title="bbox 1107 1940 1897 1979; baseline 0.011 -14"><span class='ocrx_word' id='word_1_544' title='bbox 1107 1946 1172 1966; x_wconf 82' lang='lat' dir='ltr'><strong>rena</strong></span> <span class='ocrx_word' id='word_1_545' title='bbox 1185 1940 1317 1974; x_wconf 87' lang='lat' dir='ltr'><strong>tantisper</strong></span> <span class='ocrx_word' id='word_1_546' title='bbox 1335 1945 1363 1967; x_wconf 89' lang='lat' dir='ltr'><strong>et</strong></span> <span class='ocrx_word' id='word_1_547' title='bbox 1375 1942 1487 1969; x_wconf 89' lang='lat' dir='ltr'><strong>animali</strong></span> <span class='ocrx_word' id='word_1_548' title='bbox 1504 1942 1637 1977; x_wconf 89' lang='lat' dir='ltr'><strong>sapientia</strong></span> <span class='ocrx_word' id='word_1_549' title='bbox 1656 1944 1679 1960; x_wconf 69' lang='grc'>⁴⁰</span> <span class='ocrx_word' id='word_1_550' title='bbox 1699 1951 1780 1979; x_wconf 84' lang='lat' dir='ltr'><strong>atque</strong></span> <span class='ocrx_word' id='word_1_551' title='bbox 1797 1947 1897 1974; x_wconf 86' lang='lat' dir='ltr'><strong>virtute</strong></span> 
     </span>
    </p>
   </div>
   <div class='ocr_carea' id='block_1_84' title="bbox 1107 1985 1895 2021">
    <p class='ocr_par' dir='ltr' id='par_1_84' title="bbox 1107 1985 1895 2021">
     <span class='ocr_line' id='line_1_84' title="bbox 1107 1985 1895 2021; baseline 0.013 -10"><span class='ocrx_word' id='word_1_552' title='bbox 1107 1985 1262 2012; x_wconf 81' lang='lat' dir='ltr'><strong>excedebat.</strong></span> <span class='ocrx_word' id='word_1_553' title='bbox 1272 1985 1323 2013; x_wconf 86' lang='lat' dir='ltr'><strong>Sed</strong></span> <span class='ocrx_word' id='word_1_554' title='bbox 1333 1991 1359 2013; x_wconf 88' lang='lat' dir='ltr'><strong>et</strong></span> <span class='ocrx_word' id='word_1_555' title='bbox 1367 1994 1448 2021; x_wconf 82' lang='lat' dir='ltr'><strong>supra</strong></span> <span class='ocrx_word' id='word_1_556' title='bbox 1457 1989 1622 2017; x_wconf 89' lang='lat' dir='ltr'><strong>mundanatn</strong></span> <span class='ocrx_word' id='word_1_557' title='bbox 1631 1998 1738 2018; x_wconf 90' lang='lat' dir='ltr'><strong>omnem</strong></span> <span class='ocrx_word' id='word_1_558' title='bbox 1748 1993 1895 2020; x_wconf 75' lang='lat' dir='ltr'><strong>amicitiam</strong></span> 
     </span>
    </p>
   </div>
   <div class='ocr_carea' id='block_1_85' title="bbox 1106 2030 1894 2072">
    <p class='ocr_par' dir='ltr' id='par_1_85' title="bbox 1106 2030 1894 2072">
     <span class='ocr_line' id='line_1_85' title="bbox 1106 2030 1894 2072; baseline 0.013 -16"><span class='ocrx_word' id='word_1_559' title='bbox 1106 2030 1204 2064; x_wconf 82' lang='lat' dir='ltr'><strong>elatus,</strong></span> <span class='ocrx_word' id='word_1_560' title='bbox 1225 2031 1251 2058; x_wconf 92' lang='lat' dir='ltr'><strong>in</strong></span> <span class='ocrx_word' id='word_1_561' title='bbox 1269 2032 1395 2066; x_wconf 88' lang='lat' dir='ltr'><strong>spiritum</strong></span> <span class='ocrx_word' id='word_1_562' title='bbox 1412 2034 1586 2063; x_wconf 75' lang='lat' dir='ltr'><strong>solummodo</strong></span> <span class='ocrx_word' id='word_1_563' title='bbox 1599 2038 1798 2072; x_wconf 67' lang='lat' dir='ltr'><strong>commigrabat</strong></span> <span class='ocrx_word' id='word_1_564' title='bbox 1813 2048 1819 2071; x_wconf 89' lang='lat'>;</span> <span class='ocrx_word' id='word_1_565' title='bbox 1838 2044 1894 2066; x_wconf 86' lang='lat' dir='ltr'><strong>sta-</strong></span> 
     </span>
    </p>
   </div>
   <div class='ocr_carea' id='block_1_86' title="bbox 1107 2077 1893 2116">
    <p class='ocr_par' dir='ltr' id='par_1_86' title="bbox 1107 2077 1893 2116">
     <span class='ocr_line' id='line_1_86' title="bbox 1107 2077 1893 2116; baseline 0.013 -14"><span class='ocrx_word' id='word_1_566' title='bbox 1107 2077 1216 2111; x_wconf 88' lang='lat' dir='ltr'><strong>tuitque</strong></span> <span class='ocrx_word' id='word_1_567' title='bbox 1232 2082 1261 2104; x_wconf 91' lang='lat' dir='ltr'><strong>ut</strong></span> <span class='ocrx_word' id='word_1_568' title='bbox 1281 2079 1368 2105; x_wconf 84' lang='lat' dir='ltr'><strong>solam</strong></span> <span class='ocrx_word' id='word_1_569' title='bbox 1385 2080 1498 2114; x_wconf 77' lang='lat' dir='ltr'><strong>spiritus</strong></span> <span class='ocrx_word' id='word_1_570' title='bbox 1512 2081 1597 2116; x_wconf 81' lang='lat' dir='ltr'><strong>legem</strong></span> <span class='ocrx_word' id='word_1_571' title='bbox 1613 2089 1781 2116; x_wconf 86' lang='lat' dir='ltr'><strong>sequeretur,</strong></span> <span class='ocrx_word' id='word_1_572' title='bbox 1811 2093 1893 2112; x_wconf 89' lang='lat' dir='ltr'><strong>unam</strong></span> 
     </span>
    </p>
   </div>
   <div class='ocr_carea' id='block_1_87' title="bbox 1106 2119 1894 2164">
    <p class='ocr_par' dir='ltr' id='par_1_87' title="bbox 1106 2119 1894 2164">
     <span class='ocr_line' id='line_1_87' title="bbox 1106 2119 1894 2164; baseline 0.013 -17"><span class='ocrx_word' id='word_1_573' title='bbox 1106 2119 1176 2148; x_wconf 92' lang='lat' dir='ltr'><strong>hanc</strong></span> <span class='ocrx_word' id='word_1_574' title='bbox 1193 2126 1297 2150; x_wconf 85' lang='lat' dir='ltr'><strong>teneret</strong></span> <span class='ocrx_word' id='word_1_575' title='bbox 1309 2131 1443 2158; x_wconf 80' lang='lat' dir='ltr'><strong>normam,</strong></span> <span class='ocrx_word' id='word_1_576' title='bbox 1459 2126 1572 2162; x_wconf 82' lang='lat' dir='ltr'><strong>ejusque</strong></span> <span class='ocrx_word' id='word_1_577' title='bbox 1583 2127 1691 2155; x_wconf 84' lang='lat' dir='ltr'><strong>virtutis</strong></span> <span class='ocrx_word' id='word_1_578' title='bbox 1703 2137 1735 2156; x_wconf 86' lang='lat' dir='ltr'><strong>ac</strong></span> <span class='ocrx_word' id='word_1_579' title='bbox 1754 2131 1894 2164; x_wconf 70' lang='lat' dir='ltr'><strong>sapientia:</strong></span> 
     </span>
    </p>
   </div>
   <div class='ocr_carea' id='block_1_88' title="bbox 1104 2168 1892 2205">
    <p class='ocr_par' dir='ltr' id='par_1_88' title="bbox 1104 2168 1892 2205">
     <span class='ocr_line' id='line_1_88' title="bbox 1104 2168 1892 2205; baseline 0.013 -13"><span class='ocrx_word' id='word_1_580' title='bbox 1104 2173 1164 2199; x_wconf 41' lang='lat' dir='ltr'><strong>quas</strong></span> <span class='ocrx_word' id='word_1_581' title='bbox 1177 2168 1269 2195; x_wconf 91' lang='lat' dir='ltr'><strong>divino</strong></span> <span class='ocrx_word' id='word_1_582' title='bbox 1284 2170 1386 2204; x_wconf 85' lang='lat' dir='ltr'><strong>Spiritu</strong></span> <span class='ocrx_word' id='word_1_583' title='bbox 1405 2176 1559 2205; x_wconf 55' lang='lat' dir='ltr'><strong>praestatur,</strong></span> <span class='ocrx_word' id='word_1_584' title='bbox 1580 2173 1718 2200; x_wconf 89' lang='lat' dir='ltr'><strong>internum</strong></span> <span class='ocrx_word' id='word_1_585' title='bbox 1735 2175 1827 2202; x_wconf 90' lang='lat' dir='ltr'><strong>animo</strong></span> <span class='ocrx_word' id='word_1_586' title='bbox 1841 2183 1892 2203; x_wconf 59' lang='lat' dir='ltr'><strong>na.</strong></span> 
     </span>
    </p>
   </div>
   <div class='ocr_carea' id='block_1_89' title="bbox 1104 2217 1891 2255">
    <p class='ocr_par' dir='ltr' id='par_1_89' title="bbox 1104 2217 1891 2255">
     <span class='ocr_line' id='line_1_89' title="bbox 1104 2217 1891 2255; baseline 0.014 -16"><span class='ocrx_word' id='word_1_587' title='bbox 1104 2217 1165 2240; x_wconf 86' lang='lat' dir='ltr'><strong>ctus</strong></span> <span class='ocrx_word' id='word_1_588' title='bbox 1177 2220 1307 2248; x_wconf 83' lang='lat' dir='ltr'><strong>amorem,</strong></span> <span class='ocrx_word' id='word_1_589' title='bbox 1321 2224 1438 2251; x_wconf 87' lang='lat' dir='ltr'><strong>ettmque</strong></span> <span class='ocrx_word' id='word_1_590' title='bbox 1449 2218 1632 2252; x_wconf 80' lang='lat' dir='ltr'><strong>magnificum,</strong></span> <span class='ocrx_word' id='word_1_591' title='bbox 1651 2219 1771 2255; x_wconf 89' lang='lat' dir='ltr'><strong>iniquam</strong></span> <span class='ocrx_word' id='word_1_592' title='bbox 1781 2230 1891 2251; x_wconf 86' lang='lat' dir='ltr'><strong>omnem</strong></span> 
     </span>
    </p>
   </div>
   <div class='ocr_carea' id='block_1_90' title="bbox 263 2254 1892 2300">
    <p class='ocr_par' dir='ltr' id='par_1_90' title="bbox 263 2254 1892 2300">
     <span class='ocr_line' id='line_1_90' title="bbox 263 2254 1892 2300; baseline 0.01 -22"><span class='ocrx_word' id='word_1_593' title='bbox 263 2254 299 2281; x_wconf 71' lang='lat' dir='ltr'><strong>tis</strong></span> <span class='ocrx_word' id='word_1_594' title='bbox 319 2255 452 2282; x_wconf 58' lang='lat' dir='ltr'><strong>ext-edunt</strong></span> <span class='ocrx_word' id='word_1_595' title='bbox 474 2256 602 2290; x_wconf 67' lang='lat' dir='ltr'><strong>prmclzlre</strong></span> <span class='ocrx_word' id='word_1_596' title='bbox 626 2257 773 2285; x_wconf 73' lang='lat' dir='ltr'><strong>admodum</strong></span> <span class='ocrx_word' id='word_1_597' title='bbox 804 2259 875 2286; x_wconf 69' lang='lat' dir='ltr'><strong>viam</strong></span> <span class='ocrx_word' id='word_1_598' title='bbox 904 2262 1032 2289; x_wconf 60' lang='lat' dir='ltr'><strong>muniens</strong></span> <span class='ocrx_word' id='word_1_599' title='bbox 1044 2282 1051 2293; x_wconf 68' lang='grc'>,</span> <span class='ocrx_word' id='word_1_600' title='bbox 1069 2255 1090 2282; x_wconf 84' lang='lat' dir='ltr'><strong>D</strong></span> <span class='ocrx_word' id='word_1_601' title='bbox 1105 2265 1217 2293; x_wconf 89' lang='lat' dir='ltr'><strong>prorsus</strong></span> <span class='ocrx_word' id='word_1_602' title='bbox 1232 2260 1302 2287; x_wconf 87' lang='lat' dir='ltr'><strong>viam</strong></span> <span class='ocrx_word' id='word_1_603' title='bbox 1318 2261 1472 2290; x_wconf 86' lang='lat' dir='ltr'><strong>declinabat</strong></span> <span class='ocrx_word' id='word_1_604' title='bbox 1487 2271 1494 2296; x_wconf 89' lang='lat'><strong>;</strong></span> <span class='ocrx_word' id='word_1_605' title='bbox 1520 2265 1679 2300; x_wconf 82' lang='lat' dir='ltr'><strong>cunctisque</strong></span> <span class='ocrx_word' id='word_1_606' title='bbox 1696 2267 1796 2295; x_wconf 88' lang='lat' dir='ltr'><strong>di\inis</strong></span> <span class='ocrx_word' id='word_1_607' title='bbox 1813 2277 1892 2295; x_wconf 79' lang='lat' dir='ltr'><strong>man-</strong></span> 
     </span>
    </p>
   </div>
   <div class='ocr_carea' id='block_1_91' title="bbox 262 2300 1049 2341">
    <p class='ocr_par' dir='ltr' id='par_1_91' title="bbox 262 2300 1049 2341">
     <span class='ocr_line' id='line_1_91' title="bbox 262 2300 1049 2341; baseline 0.011 -16"><span class='ocrx_word' id='word_1_608' title='bbox 262 2300 302 2326; x_wconf 88' lang='lat' dir='ltr'><strong>sie</strong></span> <span class='ocrx_word' id='word_1_609' title='bbox 311 2304 395 2327; x_wconf 89' lang='lat' dir='ltr'><strong>totatn</strong></span> <span class='ocrx_word' id='word_1_610' title='bbox 410 2300 520 2335; x_wconf 89' lang='lat' dir='ltr'><strong>qttidcm</strong></span> <span class='ocrx_word' id='word_1_611' title='bbox 532 2302 630 2329; x_wconf 89' lang='lat' dir='ltr'><strong>montis</strong></span> <span class='ocrx_word' id='word_1_612' title='bbox 646 2311 703 2330; x_wconf 69' lang='lat' dir='ltr'><strong>sua:</strong></span> <span class='ocrx_word' id='word_1_613' title='bbox 719 2304 771 2330; x_wconf 80' lang='lat' dir='ltr'><strong>vin:</strong></span> <span class='ocrx_word' id='word_1_614' title='bbox 790 2312 821 2332; x_wconf 90' lang='lat' dir='ltr'><strong>ac</strong></span> <span class='ocrx_word' id='word_1_615' title='bbox 834 2305 1049 2341; x_wconf 79' lang='lat' dir='ltr'><strong>intelligentiam,</strong></span> 
     </span>
    </p>
   </div>
   <div class='ocr_carea' id='block_1_92' title="bbox 262 2343 1052 2383">
    <p class='ocr_par' dir='ltr' id='par_1_92' title="bbox 262 2343 1052 2383">
     <span class='ocr_line' id='line_1_92' title="bbox 262 2343 1052 2383; baseline 0.015 -13"><span class='ocrx_word' id='word_1_616' title='bbox 262 2343 399 2378; x_wconf 85' lang='lat' dir='ltr'><strong>Trinitati,</strong></span> <span class='ocrx_word' id='word_1_617' title='bbox 424 2353 482 2380; x_wconf 63' lang='lat' dir='ltr'><strong>quae</strong></span> <span class='ocrx_word' id='word_1_618' title='bbox 504 2347 592 2381; x_wconf 90' lang='lat' dir='ltr'><strong>ipsum</strong></span> <span class='ocrx_word' id='word_1_619' title='bbox 616 2353 762 2383; x_wconf 77' lang='lat' dir='ltr'><strong>antequam</strong></span> <span class='ocrx_word' id='word_1_620' title='bbox 785 2351 866 2378; x_wconf 89' lang='lat' dir='ltr'><strong>etiam</strong></span> <span class='ocrx_word' id='word_1_621' title='bbox 890 2359 1052 2382; x_wconf 87' lang='lat' dir='ltr'><strong>nasceretur</strong></span> 
     </span>
    </p>
   </div>
   <div class='ocr_carea' id='block_1_93' title="bbox 261 2391 1049 2434">
    <p class='ocr_par' dir='ltr' id='par_1_93' title="bbox 261 2391 1049 2434">
     <span class='ocr_line' id='line_1_93' title="bbox 261 2391 1049 2434; baseline 0.013 -17"><span class='ocrx_word' id='word_1_622' title='bbox 261 2391 395 2424; x_wconf 55' lang='lat' dir='ltr'><strong>Scivisset,</strong></span> <span class='ocrx_word' id='word_1_623' title='bbox 404 2399 567 2427; x_wconf 87' lang='lat' dir='ltr'><strong>sacrutnque</strong></span> <span class='ocrx_word' id='word_1_624' title='bbox 575 2393 628 2421; x_wconf 81' lang='lat' dir='ltr'><strong>sibi</strong></span> <span class='ocrx_word' id='word_1_625' title='bbox 640 2393 807 2430; x_wconf 78' lang='lat' dir='ltr'><strong>Theolugnm</strong></span> <span class='ocrx_word' id='word_1_626' title='bbox 819 2398 1049 2434; x_wconf 67' lang='lat' dir='ltr'><strong>praedestinasset,</strong></span> 
     </span>
    </p>
   </div>
   <div class='ocr_carea' id='block_1_94' title="bbox 261 2436 1050 2476">
    <p class='ocr_par' dir='ltr' id='par_1_94' title="bbox 261 2436 1050 2476">
     <span class='ocr_line' id='line_1_94' title="bbox 261 2436 1050 2476; baseline 0.014 -14"><span class='ocrx_word' id='word_1_627' title='bbox 261 2436 378 2470; x_wconf 67' lang='lat' dir='ltr'><strong>perfecte</strong></span> <span class='ocrx_word' id='word_1_628' title='bbox 402 2437 535 2465; x_wconf 85' lang='lat' dir='ltr'><strong>addixerit</strong></span> <span class='ocrx_word' id='word_1_629' title='bbox 552 2447 560 2471; x_wconf 85' lang='lat'><strong>;</strong></span> <span class='ocrx_word' id='word_1_630' title='bbox 587 2440 682 2474; x_wconf 63' lang='lat' dir='ltr'><strong>patria:</strong></span> <span class='ocrx_word' id='word_1_631' title='bbox 697 2449 760 2469; x_wconf 86' lang='lat' dir='ltr'><strong>vero</strong></span> <span class='ocrx_word' id='word_1_632' title='bbox 777 2450 810 2469; x_wconf 89' lang='lat' dir='ltr'><strong>ac</strong></span> <span class='ocrx_word' id='word_1_633' title='bbox 828 2444 986 2476; x_wconf 87' lang='lat' dir='ltr'><strong>parentibus</strong></span> <span class='ocrx_word' id='word_1_634' title='bbox 1003 2453 1050 2473; x_wconf 89' lang='lat' dir='ltr'><strong>ca-</strong></span> 
     </span>
    </p>
   </div>
   <div class='ocr_carea' id='block_1_95' title="bbox 261 2482 1050 2526">
    <p class='ocr_par' dir='ltr' id='par_1_95' title="bbox 261 2482 1050 2526">
     <span class='ocr_line' id='line_1_95' title="bbox 261 2482 1050 2526; baseline 0.014 -18"><span class='ocrx_word' id='word_1_635' title='bbox 261 2486 333 2508; x_wconf 84' lang='lat' dir='ltr'><strong>stmn</strong></span> <span class='ocrx_word' id='word_1_636' title='bbox 354 2482 406 2510; x_wconf 89' lang='lat' dir='ltr'><strong>hoc</strong></span> <span class='ocrx_word' id='word_1_637' title='bbox 427 2486 639 2519; x_wconf 82' lang='lat' dir='ltr'><strong>corpusculum.</strong></span> <span class='ocrx_word' id='word_1_638' title='bbox 661 2487 815 2523; x_wconf 89' lang='lat' dir='ltr'><strong>majorique</strong></span> <span class='ocrx_word' id='word_1_639' title='bbox 834 2490 956 2518; x_wconf 84' lang='lat' dir='ltr'><strong>animum</strong></span> <span class='ocrx_word' id='word_1_640' title='bbox 979 2499 1050 2526; x_wconf 67' lang='lat' dir='ltr'><strong>prae-</strong></span> 
     </span>
    </p>
   </div>
   <div class='ocr_carea' id='block_1_96' title="bbox 261 2527 1048 2572">
    <p class='ocr_par' dir='ltr' id='par_1_96' title="bbox 261 2527 1048 2572">
     <span class='ocr_line' id='line_1_96' title="bbox 261 2527 1048 2572; baseline 0.014 -18"><span class='ocrx_word' id='word_1_641' title='bbox 261 2527 405 2562; x_wconf 67' lang='lat' dir='ltr'><strong>fulgentem</strong></span> <span class='ocrx_word' id='word_1_642' title='bbox 428 2530 562 2559; x_wconf 79' lang='lat' dir='ltr'><strong>castitatis</strong></span> <span class='ocrx_word' id='word_1_643' title='bbox 582 2532 643 2560; x_wconf 87' lang='lat' dir='ltr'><strong>luce</strong></span> <span class='ocrx_word' id='word_1_644' title='bbox 664 2534 823 2562; x_wconf 86' lang='lat' dir='ltr'><strong>reddiderit.</strong></span> <span class='ocrx_word' id='word_1_645' title='bbox 841 2534 903 2563; x_wconf 74' lang='lat' dir='ltr'><strong>[hec</strong></span> <span class='ocrx_word' id='word_1_646' title='bbox 922 2537 1048 2572; x_wconf 89' lang='lat' dir='ltr'><strong>quidem,</strong></span> 
     </span>
    </p>
   </div>
   <div class='ocr_carea' id='block_1_97' title="bbox 260 2573 1049 2615">
    <p class='ocr_par' dir='ltr' id='par_1_97' title="bbox 260 2573 1049 2615">
     <span class='ocr_line' id='line_1_97' title="bbox 260 2573 1049 2615; baseline 0.014 -15"><span class='ocrx_word' id='word_1_647' title='bbox 260 2573 304 2600; x_wconf 83' lang='lat' dir='ltr'><strong>cui</strong></span> <span class='ocrx_word' id='word_1_648' title='bbox 319 2573 438 2609; x_wconf 86' lang='lat' dir='ltr'><strong>libuerit,</strong></span> <span class='ocrx_word' id='word_1_649' title='bbox 457 2583 549 2604; x_wconf 85' lang='lat' dir='ltr'><strong>narret</strong></span> <span class='ocrx_word' id='word_1_650' title='bbox 577 2585 610 2605; x_wconf 89' lang='lat' dir='ltr'><strong>ac</strong></span> <span class='ocrx_word' id='word_1_651' title='bbox 626 2578 835 2615; x_wconf 87' lang='lat' dir='ltr'><strong>philosophetur</strong></span> <span class='ocrx_word' id='word_1_652' title='bbox 852 2590 858 2614; x_wconf 92' lang='lat'>;</span> <span class='ocrx_word' id='word_1_653' title='bbox 877 2582 1049 2610; x_wconf 83' lang='lat' dir='ltr'><strong>rudimenta-</strong></span> 
     </span>
    </p>
   </div>
   <div class='ocr_carea' id='block_1_98' title="bbox 259 2619 1048 2665">
    <p class='ocr_par' dir='ltr' id='par_1_98' title="bbox 259 2619 1048 2665">
     <span class='ocr_line' id='line_1_98' title="bbox 259 2619 1048 2665; baseline 0.014 -19"><span class='ocrx_word' id='word_1_654' title='bbox 259 2619 309 2647; x_wconf 78' lang='lat' dir='ltr'><strong>riis</strong></span> <span class='ocrx_word' id='word_1_655' title='bbox 335 2620 408 2648; x_wconf 85' lang='lat' dir='ltr'><strong>velut</strong></span> <span class='ocrx_word' id='word_1_656' title='bbox 427 2622 600 2657; x_wconf 84' lang='lat' dir='ltr'><strong>actionibus,</strong></span> <span class='ocrx_word' id='word_1_657' title='bbox 625 2624 858 2661; x_wconf 87' lang='lat' dir='ltr'><strong>defunctoriisqtte</strong></span> <span class='ocrx_word' id='word_1_658' title='bbox 881 2628 932 2655; x_wconf 87' lang='lat' dir='ltr'><strong>viri</strong></span> <span class='ocrx_word' id='word_1_659' title='bbox 954 2630 1048 2665; x_wconf 81' lang='lat' dir='ltr'><strong>magni</strong></span> 
     </span>
    </p>
   </div>
   <div class='ocr_carea' id='block_1_99' title="bbox 259 2665 1050 2703">
    <p class='ocr_par' dir='ltr' id='par_1_99' title="bbox 259 2665 1050 2703">
     <span class='ocr_line' id='line_1_99' title="bbox 259 2665 1050 2703; baseline 0.014 -11"><span class='ocrx_word' id='word_1_660' title='bbox 259 2665 454 2700; x_wconf 64' lang='lat' dir='ltr'><strong>agitationibus</strong></span> <span class='ocrx_word' id='word_1_661' title='bbox 467 2666 606 2697; x_wconf 86' lang='lat' dir='ltr'><strong>facultatis</strong></span> <span class='ocrx_word' id='word_1_662' title='bbox 621 2669 729 2697; x_wconf 87' lang='lat' dir='ltr'><strong>dicendi</strong></span> <span class='ocrx_word' id='word_1_663' title='bbox 743 2671 796 2698; x_wconf 87' lang='lat' dir='ltr'><strong>vim</strong></span> <span class='ocrx_word' id='word_1_664' title='bbox 811 2679 865 2700; x_wconf 91' lang='lat' dir='ltr'><strong>non</strong></span> <span class='ocrx_word' id='word_1_665' title='bbox 878 2673 1050 2703; x_wconf 81' lang='lat' dir='ltr'><strong>defunctOtie</strong></span> 
     </span>
    </p>
   </div>
   <div class='ocr_carea' id='block_1_100' title="bbox 259 2713 1049 2755">
    <p class='ocr_par' dir='ltr' id='par_1_100' title="bbox 259 2713 1049 2755">
     <span class='ocr_line' id='line_1_100' title="bbox 259 2713 1049 2755; baseline 0.011 -17"><span class='ocrx_word' id='word_1_666' title='bbox 259 2718 409 2746; x_wconf 86' lang='lat' dir='ltr'><strong>promens;</strong></span> <span class='ocrx_word' id='word_1_667' title='bbox 424 2713 559 2748; x_wconf 85' lang='lat' dir='ltr'><strong>siquidem</strong></span> <span class='ocrx_word' id='word_1_668' title='bbox 578 2715 663 2743; x_wconf 91' lang='lat' dir='ltr'><strong>in.his</strong></span> <span class='ocrx_word' id='word_1_669' title='bbox 685 2724 795 2752; x_wconf 91' lang='lat' dir='ltr'><strong>quoque</strong></span> <span class='ocrx_word' id='word_1_670' title='bbox 812 2717 924 2753; x_wconf 86' lang='lat' dir='ltr'><strong>dignum</strong></span> <span class='ocrx_word' id='word_1_671' title='bbox 947 2720 1049 2755; x_wconf 84' lang='lat' dir='ltr'><strong>aliquid</strong></span> 
     </span>
    </p>
   </div>
   <div class='ocr_carea' id='block_1_101' title="bbox 258 2756 1051 2799">
    <p class='ocr_par' dir='ltr' id='par_1_101' title="bbox 258 2756 1051 2799">
     <span class='ocr_line' id='line_1_101' title="bbox 258 2756 1051 2799; baseline 0.014 -17"><span class='ocrx_word' id='word_1_672' title='bbox 258 2756 318 2789; x_wconf 79' lang='lat' dir='ltr'><strong>eius</strong></span> <span class='ocrx_word' id='word_1_673' title='bbox 332 2758 485 2792; x_wconf 84' lang='lat' dir='ltr'><strong>prudentia,</strong></span> <span class='ocrx_word' id='word_1_674' title='bbox 496 2759 636 2794; x_wconf 84' lang='lat' dir='ltr'><strong>animique</strong></span> <span class='ocrx_word' id='word_1_675' title='bbox 652 2762 806 2795; x_wconf 66' lang='lat' dir='ltr'><strong>praestantia</strong></span> <span class='ocrx_word' id='word_1_676' title='bbox 818 2771 850 2790; x_wconf 84' lang='lat' dir='ltr'><strong>ac</strong></span> <span class='ocrx_word' id='word_1_677' title='bbox 864 2765 1051 2799; x_wconf 80' lang='lat' dir='ltr'><strong>magnitudine</strong></span> 
     </span>
    </p>
   </div>
   <div class='ocr_carea' id='block_1_102' title="bbox 261 2800 1050 2844">
    <p class='ocr_par' dir='ltr' id='par_1_102' title="bbox 261 2800 1050 2844">
     <span class='ocr_line' id='line_1_102' title="bbox 261 2800 1050 2844; baseline 0.016 -17"><span class='ocrx_word' id='word_1_678' title='bbox 261 2800 333 2836; x_wconf 79' lang='lat' dir='ltr'><strong>loqui</strong></span> <span class='ocrx_word' id='word_1_679' title='bbox 355 2803 427 2830; x_wconf 92' lang='lat' dir='ltr'><strong>licet.</strong></span> <span class='ocrx_word' id='word_1_680' title='bbox 448 2804 532 2832; x_wconf 78' lang='lat' dir='ltr'><strong>Nobis</strong></span> <span class='ocrx_word' id='word_1_681' title='bbox 551 2812 641 2833; x_wconf 79' lang='lat' dir='ltr'><strong>autem</strong></span> <span class='ocrx_word' id='word_1_682' title='bbox 663 2807 688 2833; x_wconf 89' lang='lat' dir='ltr'><strong>id</strong></span> <span class='ocrx_word' id='word_1_683' title='bbox 710 2809 898 2844; x_wconf 79' lang='lat' dir='ltr'><strong>propositum,</strong></span> <span class='ocrx_word' id='word_1_684' title='bbox 920 2819 972 2838; x_wconf 93' lang='lat' dir='ltr'><strong>non</strong></span> <span class='ocrx_word' id='word_1_685' title='bbox 991 2818 1050 2840; x_wconf 88' lang='lat' dir='ltr'><strong>uta</strong></span> 
     </span>
    </p>
   </div>
   <div class='ocr_carea' id='block_1_103' title="bbox 296 2890 1038 2934">
    <p class='ocr_par' dir='ltr' id='par_1_103' title="bbox 296 2890 1038 2934">
     <span class='ocr_line' id='line_1_103' title="bbox 296 2890 1038 2934; baseline 0.015 -18"><span class='ocrx_word' id='word_1_686' title='bbox 296 2890 317 2906; x_wconf 74' lang='grc'><strong>³⁵</strong></span> <span class='ocrx_word' id='word_1_687' title='bbox 332 2890 339 2916; x_wconf 94' lang='lat' dir='ltr'><strong>l</strong></span> <span class='ocrx_word' id='word_1_688' title='bbox 356 2891 418 2918; x_wconf 73' lang='lat' dir='ltr'><strong>(lor.</strong></span> <span class='ocrx_word' id='word_1_689' title='bbox 433 2901 461 2926; x_wconf 79' lang='grc' dir='ltr'>ιι,</span> <span class='ocrx_word' id='word_1_690' title='bbox 479 2894 509 2921; x_wconf 79' lang='grc'><strong>10</strong></span> <span class='ocrx_word' id='word_1_691' title='bbox 524 2904 531 2928; x_wconf 85' lang='grc'><strong>;</strong></span> <span class='ocrx_word' id='word_1_692' title='bbox 548 2895 556 2922; x_wconf 97' lang='lat' dir='ltr'><strong>l</strong></span> <span class='ocrx_word' id='word_1_693' title='bbox 575 2896 637 2923; x_wconf 77' lang='lat' dir='ltr'><strong>Cor.</strong></span> <span class='ocrx_word' id='word_1_694' title='bbox 656 2904 685 2929; x_wconf 87' lang='grc' dir='ltr'>ιι,</span> <span class='ocrx_word' id='word_1_695' title='bbox 707 2897 746 2925; x_wconf 86' lang='grc'><strong>15.</strong></span> <span class='ocrx_word' id='word_1_696' title='bbox 787 2898 808 2914; x_wconf 80' lang='grc'><strong>⁵⁰</strong></span> <span class='ocrx_word' id='word_1_697' title='bbox 825 2897 919 2926; x_wconf 73' lang='lat' dir='ltr'><strong>Jacob.</strong></span> <span class='ocrx_word' id='word_1_698' title='bbox 936 2906 977 2934; x_wconf 80' lang='grc' dir='ltr'>ιιι,</span> <span class='ocrx_word' id='word_1_699' title='bbox 997 2899 1038 2926; x_wconf 80' lang='grc'><strong>15.</strong></span> 
     </span>
    </p>
   </div>
   <div class='ocr_carea' id='block_1_104' title="bbox 1105 2305 1891 2342">
    <p class='ocr_par' dir='ltr' id='par_1_104' title="bbox 1105 2305 1891 2342">
     <span class='ocr_line' id='line_1_104' title="bbox 1105 2305 1891 2342; baseline 0.014 -11"><span class='ocrx_word' id='word_1_700' title='bbox 1105 2305 1176 2332; x_wconf 80' lang='lat' dir='ltr'><strong>datis</strong></span> <span class='ocrx_word' id='word_1_701' title='bbox 1198 2306 1283 2340; x_wconf 86' lang='lat' dir='ltr'><strong>probe</strong></span> <span class='ocrx_word' id='word_1_702' title='bbox 1309 2307 1487 2342; x_wconf 79' lang='lat' dir='ltr'><strong>perfunctus,</strong></span> <span class='ocrx_word' id='word_1_703' title='bbox 1522 2317 1617 2338; x_wconf 87' lang='lat' dir='ltr'><strong>eorum</strong></span> <span class='ocrx_word' id='word_1_704' title='bbox 1643 2313 1718 2339; x_wconf 83' lang='lat' dir='ltr'><strong>cultu</strong></span> <span class='ocrx_word' id='word_1_705' title='bbox 1752 2307 1891 2342; x_wconf 82' lang='lat' dir='ltr'><strong>Christum</strong></span> 
     </span>
    </p>
   </div>
   <div class='ocr_carea' id='block_1_105' title="bbox 1105 2350 1892 2391">
    <p class='ocr_par' dir='ltr' id='par_1_105' title="bbox 1105 2350 1892 2391">
     <span class='ocr_line' id='line_1_105' title="bbox 1105 2350 1892 2391; baseline 0.013 -15"><span class='ocrx_word' id='word_1_706' title='bbox 1105 2350 1292 2385; x_wconf 88' lang='lat' dir='ltr'><strong>appetibiliutn</strong></span> <span class='ocrx_word' id='word_1_707' title='bbox 1318 2359 1477 2386; x_wconf 84' lang='lat' dir='ltr'><strong>supremum</strong></span> <span class='ocrx_word' id='word_1_708' title='bbox 1499 2355 1572 2383; x_wconf 88' lang='lat' dir='ltr'><strong>votis</strong></span> <span class='ocrx_word' id='word_1_709' title='bbox 1605 2358 1830 2391; x_wconf 82' lang='lat' dir='ltr'><strong>persequebatur.</strong></span> <span class='ocrx_word' id='word_1_710' title='bbox 1854 2360 1892 2386; x_wconf 81' lang='lat' dir='ltr'><strong>Ac</strong></span> 
     </span>
    </p>
   </div>
   <div class='ocr_carea' id='block_1_106' title="bbox 1104 2397 1892 2435">
    <p class='ocr_par' dir='ltr' id='par_1_106' title="bbox 1104 2397 1892 2435">
     <span class='ocr_line' id='line_1_106' title="bbox 1104 2397 1892 2435; baseline 0.011 -12"><span class='ocrx_word' id='word_1_711' title='bbox 1104 2397 1174 2424; x_wconf 84' lang='lat' dir='ltr'><strong>sicut</strong></span> <span class='ocrx_word' id='word_1_712' title='bbox 1190 2398 1279 2432; x_wconf 82' lang='lat' dir='ltr'><strong>pueri,</strong></span> <span class='ocrx_word' id='word_1_713' title='bbox 1301 2405 1363 2426; x_wconf 93' lang='lat' dir='ltr'><strong>cum</strong></span> <span class='ocrx_word' id='word_1_714' title='bbox 1380 2401 1529 2428; x_wconf 86' lang='lat' dir='ltr'><strong>teneriores</strong></span> <span class='ocrx_word' id='word_1_715' title='bbox 1552 2402 1702 2431; x_wconf 89' lang='lat' dir='ltr'><strong>decurrunt</strong></span> <span class='ocrx_word' id='word_1_716' title='bbox 1723 2413 1827 2435; x_wconf 84' lang='lat' dir='ltr'><strong>annos.</strong></span> <span class='ocrx_word' id='word_1_717' title='bbox 1851 2406 1892 2432; x_wconf 93' lang='lat' dir='ltr'><strong>in-</strong></span> 
     </span>
    </p>
   </div>
   <div class='ocr_carea' id='block_1_107' title="bbox 1105 2441 1891 2481">
    <p class='ocr_par' dir='ltr' id='par_1_107' title="bbox 1105 2441 1891 2481">
     <span class='ocr_line' id='line_1_107' title="bbox 1105 2441 1891 2481; baseline 0.01 -13"><span class='ocrx_word' id='word_1_718' title='bbox 1105 2441 1246 2469; x_wconf 86' lang='lat' dir='ltr'><strong>fantilibus</strong></span> <span class='ocrx_word' id='word_1_719' title='bbox 1271 2443 1347 2471; x_wconf 91' lang='lat' dir='ltr'><strong>scitis</strong></span> <span class='ocrx_word' id='word_1_720' title='bbox 1367 2444 1482 2480; x_wconf 69' lang='lat' dir='ltr'><strong>vitaeque</strong></span> <span class='ocrx_word' id='word_1_721' title='bbox 1499 2446 1650 2475; x_wconf 85' lang='lat' dir='ltr'><strong>rationibus</strong></span> <span class='ocrx_word' id='word_1_722' title='bbox 1670 2450 1789 2481; x_wconf 80' lang='lat' dir='ltr'><strong>educati,</strong></span> <span class='ocrx_word' id='word_1_723' title='bbox 1806 2451 1891 2477; x_wconf 89' lang='lat' dir='ltr'><strong>mori-</strong></span> 
     </span>
    </p>
   </div>
   <div class='ocr_carea' id='block_1_108' title="bbox 1096 2487 1892 2527">
    <p class='ocr_par' dir='ltr' id='par_1_108' title="bbox 1096 2487 1892 2527">
     <span class='ocr_line' id='line_1_108' title="bbox 1096 2487 1892 2527; baseline 0.011 -13"><span class='ocrx_word' id='word_1_724' title='bbox 1096 2487 1154 2515; x_wconf 86' lang='lat' dir='ltr'><strong>bus</strong></span> <span class='ocrx_word' id='word_1_725' title='bbox 1173 2496 1282 2524; x_wconf 87' lang='lat' dir='ltr'><strong>quoque</strong></span> <span class='ocrx_word' id='word_1_726' title='bbox 1300 2497 1331 2517; x_wconf 88' lang='lat' dir='ltr'><strong>ac</strong></span> <span class='ocrx_word' id='word_1_727' title='bbox 1347 2491 1436 2518; x_wconf 88' lang='lat' dir='ltr'><strong>sensis</strong></span> <span class='ocrx_word' id='word_1_728' title='bbox 1451 2493 1599 2526; x_wconf 92' lang='lat' dir='ltr'><strong>puerilibus</strong></span> <span class='ocrx_word' id='word_1_729' title='bbox 1615 2498 1737 2527; x_wconf 89' lang='lat' dir='ltr'><strong>utuntur,</strong></span> <span class='ocrx_word' id='word_1_730' title='bbox 1762 2495 1789 2522; x_wconf 91' lang='lat' dir='ltr'><strong>in</strong></span> <span class='ocrx_word' id='word_1_731' title='bbox 1818 2496 1892 2524; x_wconf 87' lang='lat' dir='ltr'><strong>viros</strong></span> 
     </span>
    </p>
   </div>
   <div class='ocr_carea' id='block_1_109' title="bbox 1103 2537 1892 2575">
    <p class='ocr_par' dir='ltr' id='par_1_109' title="bbox 1103 2537 1892 2575">
     <span class='ocr_line' id='line_1_109' title="bbox 1103 2537 1892 2575; baseline 0.01 -16"><span class='ocrx_word' id='word_1_732' title='bbox 1103 2539 1193 2560; x_wconf 89' lang='lat' dir='ltr'><strong>autem</strong></span> <span class='ocrx_word' id='word_1_733' title='bbox 1210 2541 1408 2568; x_wconf 88' lang='lat' dir='ltr'><strong>promoventes,</strong></span> <span class='ocrx_word' id='word_1_734' title='bbox 1424 2537 1548 2571; x_wconf 87' lang='lat' dir='ltr'><strong>cogitatis</strong></span> <span class='ocrx_word' id='word_1_735' title='bbox 1562 2545 1594 2564; x_wconf 90' lang='lat' dir='ltr'><strong>ac</strong></span> <span class='ocrx_word' id='word_1_736' title='bbox 1610 2539 1707 2566; x_wconf 89' lang='lat' dir='ltr'><strong>studiis</strong></span> <span class='ocrx_word' id='word_1_737' title='bbox 1723 2547 1784 2573; x_wconf 71' lang='lat' dir='ltr'><strong>qua:</strong></span> <span class='ocrx_word' id='word_1_738' title='bbox 1803 2541 1892 2575; x_wconf 82' lang='lat' dir='ltr'><strong>magis</strong></span> 
     </span>
    </p>
   </div>
   <div class='ocr_carea' id='block_1_110' title="bbox 1104 2579 1891 2618">
    <p class='ocr_par' dir='ltr' id='par_1_110' title="bbox 1104 2579 1891 2618">
     <span class='ocr_line' id='line_1_110' title="bbox 1104 2579 1891 2618; baseline 0.01 -13"><span class='ocrx_word' id='word_1_739' title='bbox 1104 2579 1177 2606; x_wconf 87' lang='lat' dir='ltr'><strong>viros</strong></span> <span class='ocrx_word' id='word_1_740' title='bbox 1192 2579 1321 2613; x_wconf 85' lang='lat' dir='ltr'><strong>deceant,</strong></span> <span class='ocrx_word' id='word_1_741' title='bbox 1340 2582 1517 2616; x_wconf 82' lang='lat' dir='ltr'><strong>consequenti</strong></span> <span class='ocrx_word' id='word_1_742' title='bbox 1540 2583 1645 2610; x_wconf 90' lang='lat' dir='ltr'><strong>ratione</strong></span> <span class='ocrx_word' id='word_1_743' title='bbox 1668 2585 1818 2618; x_wconf 87' lang='lat' dir='ltr'><strong>accedunt,</strong></span> <span class='ocrx_word' id='word_1_744' title='bbox 1853 2586 1891 2613; x_wconf 89' lang='lat' dir='ltr'><strong>ita</strong></span> 
     </span>
    </p>
   </div>
   <div class='ocr_carea' id='block_1_111' title="bbox 1104 2627 1889 2664">
    <p class='ocr_par' dir='ltr' id='par_1_111' title="bbox 1104 2627 1889 2664">
     <span class='ocr_line' id='line_1_111' title="bbox 1104 2627 1889 2664; baseline 0.009 -12"><span class='ocrx_word' id='word_1_745' title='bbox 1104 2633 1210 2660; x_wconf 90' lang='lat' dir='ltr'><strong>nempe,</strong></span> <span class='ocrx_word' id='word_1_746' title='bbox 1230 2631 1259 2653; x_wconf 93' lang='lat' dir='ltr'><strong>ut</strong></span> <span class='ocrx_word' id='word_1_747' title='bbox 1271 2634 1303 2654; x_wconf 89' lang='lat' dir='ltr'><strong>eo</strong></span> <span class='ocrx_word' id='word_1_748' title='bbox 1320 2628 1390 2662; x_wconf 88' lang='lat' dir='ltr'><strong>quod</strong></span> <span class='ocrx_word' id='word_1_749' title='bbox 1406 2627 1554 2662; x_wconf 89' lang='lat' dir='ltr'><strong>perfectum</strong></span> <span class='ocrx_word' id='word_1_750' title='bbox 1571 2633 1623 2662; x_wconf 88' lang='lat' dir='ltr'><strong>est,</strong></span> <span class='ocrx_word' id='word_1_751' title='bbox 1637 2631 1748 2664; x_wconf 91' lang='lat' dir='ltr'><strong>puerilis</strong></span> <span class='ocrx_word' id='word_1_752' title='bbox 1764 2631 1817 2659; x_wconf 90' lang='lat' dir='ltr'><strong>illis</strong></span> <span class='ocrx_word' id='word_1_753' title='bbox 1828 2639 1889 2659; x_wconf 86' lang='lat' dir='ltr'><strong>sen-</strong></span> 
     </span>
    </p>
   </div>
   <div class='ocr_carea' id='block_1_112' title="bbox 1102 2672 1891 2711">
    <p class='ocr_par' dir='ltr' id='par_1_112' title="bbox 1102 2672 1891 2711">
     <span class='ocr_line' id='line_1_112' title="bbox 1102 2672 1891 2711; baseline 0.009 -13"><span class='ocrx_word' id='word_1_754' title='bbox 1102 2678 1150 2698; x_wconf 84' lang='lat' dir='ltr'><strong>sus</strong></span> <span class='ocrx_word' id='word_1_755' title='bbox 1171 2679 1204 2698; x_wconf 84' lang='lat' dir='ltr'><strong>ac</strong></span> <span class='ocrx_word' id='word_1_756' title='bbox 1225 2672 1362 2700; x_wconf 92' lang='lat' dir='ltr'><strong>institutio</strong></span> <span class='ocrx_word' id='word_1_757' title='bbox 1390 2673 1532 2700; x_wconf 73' lang='lat' dir='ltr'><strong>abolentur</strong></span> <span class='ocrx_word' id='word_1_758' title='bbox 1551 2683 1558 2701; x_wconf 90' lang='lat'>:</span> <span class='ocrx_word' id='word_1_759' title='bbox 1578 2674 1618 2702; x_wconf 88' lang='lat' dir='ltr'><strong>sic</strong></span> <span class='ocrx_word' id='word_1_760' title='bbox 1644 2683 1755 2711; x_wconf 90' lang='lat' dir='ltr'><strong>quoque</strong></span> <span class='ocrx_word' id='word_1_761' title='bbox 1777 2685 1891 2711; x_wconf 85' lang='lat' dir='ltr'><strong>magnus</strong></span> 
     </span>
    </p>
   </div>
   <div class='ocr_carea' id='block_1_113' title="bbox 1101 2716 1886 2756">
    <p class='ocr_par' dir='ltr' id='par_1_113' title="bbox 1101 2716 1886 2756">
     <span class='ocr_line' id='line_1_113' title="bbox 1101 2716 1886 2756; baseline 0.009 -13"><span class='ocrx_word' id='word_1_762' title='bbox 1101 2716 1162 2750; x_wconf 88' lang='lat' dir='ltr'><strong>iste,</strong></span> <span class='ocrx_word' id='word_1_763' title='bbox 1180 2718 1310 2753; x_wconf 88' lang='lat' dir='ltr'><strong>quidquid</strong></span> <span class='ocrx_word' id='word_1_764' title='bbox 1334 2724 1396 2746; x_wconf 87' lang='lat' dir='ltr'><strong>ante</strong></span> <span class='ocrx_word' id='word_1_765' title='bbox 1425 2719 1562 2746; x_wconf 86' lang='lat' dir='ltr'><strong>lavacrqu</strong></span> <span class='ocrx_word' id='word_1_766' title='bbox 1584 2720 1622 2747; x_wconf 89' lang='lat' dir='ltr'><strong>illi</strong></span> <span class='ocrx_word' id='word_1_767' title='bbox 1645 2720 1807 2756; x_wconf 65' lang='lat' dir='ltr'><strong>disciplima,</strong></span> <span class='ocrx_word' id='word_1_768' title='bbox 1830 2727 1886 2750; x_wconf 90' lang='lat' dir='ltr'><strong>tum</strong></span> 
     </span>
    </p>
   </div>
   <div class='ocr_carea' id='block_1_114' title="bbox 1102 2763 1890 2802">
    <p class='ocr_par' dir='ltr' id='par_1_114' title="bbox 1102 2763 1890 2802">
     <span class='ocr_line' id='line_1_114' title="bbox 1102 2763 1890 2802; baseline 0.006 -12"><span class='ocrx_word' id='word_1_769' title='bbox 1102 2763 1135 2790; x_wconf 89' lang='lat' dir='ltr'><strong>ad</strong></span> <span class='ocrx_word' id='word_1_770' title='bbox 1150 2763 1342 2796; x_wconf 81' lang='lat' dir='ltr'><strong>eruditionem,</strong></span> <span class='ocrx_word' id='word_1_771' title='bbox 1357 2770 1413 2792; x_wconf 92' lang='lat' dir='ltr'><strong>tum</strong></span> <span class='ocrx_word' id='word_1_772' title='bbox 1427 2764 1459 2791; x_wconf 89' lang='lat' dir='ltr'><strong>ad</strong></span> <span class='ocrx_word' id='word_1_773' title='bbox 1471 2765 1592 2793; x_wconf 86' lang='lat' dir='ltr'><strong>actiones</strong></span> <span class='ocrx_word' id='word_1_774' title='bbox 1608 2774 1751 2802; x_wconf 88' lang='lat' dir='ltr'><strong>moresque</strong></span> <span class='ocrx_word' id='word_1_775' title='bbox 1765 2773 1890 2802; x_wconf 88' lang='lat' dir='ltr'><strong>spectans</strong></span> 
     </span>
    </p>
   </div>
   <div class='ocr_carea' id='block_1_115' title="bbox 1102 2810 1889 2848">
    <p class='ocr_par' dir='ltr' id='par_1_115' title="bbox 1102 2810 1889 2848">
     <span class='ocr_line' id='line_1_115' title="bbox 1102 2810 1889 2848; baseline 0.005 -10"><span class='ocrx_word' id='word_1_776' title='bbox 1102 2810 1271 2839; x_wconf 81' lang='lat' dir='ltr'><strong>elaboratum</strong></span> <span class='ocrx_word' id='word_1_777' title='bbox 1292 2811 1389 2844; x_wconf 86' lang='lat' dir='ltr'><strong>fuerat,</strong></span> <span class='ocrx_word' id='word_1_778' title='bbox 1409 2815 1537 2846; x_wconf 83' lang='lat' dir='ltr'><strong>tanquam</strong></span> <span class='ocrx_word' id='word_1_779' title='bbox 1558 2812 1688 2848; x_wconf 87' lang='lat' dir='ltr'><strong>puerilem</strong></span> <span class='ocrx_word' id='word_1_780' title='bbox 1713 2821 1824 2842; x_wconf 87' lang='lat' dir='ltr'><strong>sensum</strong></span> <span class='ocrx_word' id='word_1_781' title='bbox 1845 2822 1889 2842; x_wconf 87' lang='lat' dir='ltr'><strong>re-</strong></span> 
     </span>
    </p>
   </div>
  </div>
