2089 3151
200 201 252 233 445

554 198 695 229 ORATIO
712 198 775 228 XX.
795 211 828 217 —
842 199 883 229 IN
905 198 1060 229 LAUDEM
1079 198 1110 228 S.
1130 196 1319 228 GREGORII
1336 197 1474 227 THEOL.

1778 195 1830 228 H6

200 261 326 294 linquens
341 279 348 292 ,
379 258 503 293 quinimo
528 265 559 285 ea
583 266 632 286 ceu
660 259 816 286 rudimento
848 259 989 294 primaque
1003 258 1029 288 Α
1040 264 1073 285 eo
1087 257 1215 284 omnibus
1231 256 1310 283 simul
1321 255 1448 290 parandis
1460 254 1605 282 virtutibus
1617 253 1708 282 studio
1722 254 1830 282 incum-

200 303 371 330 institutione
392 302 425 329 ad
453 301 643 336 perfectionem
668 303 861 337 capessendam
887 309 987 336 utens,

198 348 379 382 apostolicum
393 348 458 375 illud
471 349 572 383 jug'tcr
584 356 664 383 opere
679 349 827 383 implebat:
845 350 910 382 Qua:
924 355 985 376 sunt

199 398 268 419 retro
281 394 444 425 obliviscaris,
474 394 509 420 ad
523 402 554 420 ea
572 402 630 420 vera
642 403 701 430 qua:
713 404 729 422 ιι
744 395 830 430 fronte
844 396 988 422 secundum

198 439 338 472 prta/trum
355 439 458 473 signum
470 439 505 465 ad
518 440 634 466 bravium
650 448 769 474 superna:
785 442 929 468 vocationis
941 449 987 468 ea:-

198 485 304 511 trmlens
321 485 447 519 meipsum
461 486 495 512 ⁸¹.

233 531 301 557 Cum
316 531 388 557 enim
404 530 511 563 duobus
530 532 618 559 modis
635 532 752 566 spectari
772 532 984 567 philosophiam,

197 576 296 602 nedum
319 576 354 602 ab
375 576 408 603 iis
430 576 476 610 qui
498 577 564 604 foris
585 582 666 610 sunt,
683 578 731 605 sed
747 583 772 605 et
791 586 805 605 a
827 579 927 606 nostris
939 587 988 606 cx-

197 619 332 654 ploratum
356 620 479 652 haberet,
500 625 556 648 tum
578 629 674 656 nempe
692 623 819 656 rationis,
842 627 898 650 tum
920 631 988 650 con-

199 666 384 700 templationis
407 667 536 698 ratione;
561 667 676 701 profana
704 668 813 702 quidem
839 669 872 696 iis
893 670 986 696 relicta

197 711 242 744 qui
256 711 333 744 _foris
353 716 418 738 sunt
446 719 480 739 ac
504 711 626 746 profanis
640 733 647 745 ,
666 713 723 748 ipse
745 713 783 740 illi
802 721 862 748 qure
879 715 986 741 interna

193 762 237 784 est
251 758 339 784 soluto
354 758 560 786 iuhaarescebat.
589 758 617 785 ld
644 760 773 786 nimirum
787 768 849 787 vere
865 761 985 795 philoso-

195 802 288 836 phiam
308 803 420 833 ducens.
438 807 467 830 ut
484 811 497 830 a
521 804 624 831 mundo
648 804 747 832 animis
767 805 984 840 abruinperctor,

194 855 359 882 omnemque
381 849 407 876 in
427 856 460 876 eo
480 849 669 876 confusionem
701 858 732 877 ac
752 851 984 885 perturbationem

195 893 410 925 transcenderet,
434 893 541 928 solique
573 895 668 928 prima:
699 902 731 922 ac
754 895 904 923 verissima:
931 897 983 923 luci

194 943 244 970 per
260 944 350 964 veram
365 944 398 964 ac
412 938 546 965 sinceram
560 942 616 965 tum
630 939 701 971 vitae,
715 944 771 966 tum
784 940 923 972 doctrinas,
941 949 984 967 ra-
1001 928 1021 955 Β

193 982 294 1009 tionem
306 983 476 1016 misceretur,
499 984 574 1010 omni
587 984 679 1012 studio
708 985 983 1022 pervicacissimaque

191 1027 331 1062 diligentia
349 1029 375 1055 id
389 1029 556 1057 enitobatur.

227 1073 381 1108 lntclligens
405 1079 508 1107 autem,
532 1083 584 1102 non
611 1076 663 1104 alia
691 1085 720 1104 se
747 1078 852 1106 ratione
866 1078 891 1105 id
910 1080 982 1113 quod

191 1118 264 1145 votis
283 1119 448 1154 cﬂlagitabat
473 1120 544 1148 felici
567 1129 697 1149 successu
723 1123 853 1157 consequi
881 1131 981 1158 posse,

191 1172 274 1198 quam
290 1165 312 1192 si
332 1165 390 1200 ipse
412 1174 426 1192 a
442 1174 472 1194 se
497 1167 608 1194 virtutis
622 1168 756 1195 actionem
775 1169 886 1201 coleret,
906 1170 981 1197 cadi-

189 1214 288 1244 tusque
309 1217 324 1237 a
341 1210 443 1245 Spiritu
486 1212 617 1240 auxilium
654 1220 788 1248 opemque
812 1214 947 1242 obtineret
974 1222 981 1241 :

188 1261 251 1281 esse
269 1255 340 1281 enim
362 1255 463 1290 pariter
478 1263 649 1284 communem
669 1258 730 1284 boni
746 1258 916 1292 adoptimicm
949 1267 982 1287 ac

189 1300 467 1334 consummationem,
483 1310 545 1329 cum
564 1303 668 1330 scilicet
692 1302 764 1330 Deus
781 1303 897 1336 semina,
917 1312 981 1331 nos-

188 1353 253 1380 que,
284 1351 313 1373 ut
342 1345 430 1379 decet,
457 1349 642 1382 operationem
663 1348 837 1376 conferamus
863 1349 901 1384 (2)
918 1359 933 1381 :_
949 1357 981 1377 ac

189 1391 310 1426 Spiritus
321 1393 430 1428 quidem
448 1398 477 1421 ut
496 1394 596 1422 bonum
615 1395 740 1428 velimus,
759 1396 936 1431 alllatumque
952 1396 979 1422 in

186 1437 267 1466 nobis
290 1439 414 1474 mystice,
433 1439 621 1475 secretiusque
646 1445 783 1475 operetur,
815 1449 866 1469 nos
888 1445 978 1468 autern

189 1484 311 1519 Spiritus
328 1486 413 1513 secuti
432 1486 590 1519 consilium,
613 1488 706 1522 proba:
724 1489 823 1516 mentis
841 1489 980 1524 proposito

186 1529 225 1557 illi
237 1538 414 1566 eooperemur
432 1541 439 1560 :
457 1533 514 1560 haec
527 1533 617 1568 itaque
631 1534 672 1560 vir
687 1534 731 1561 ille
746 1535 882 1572 magniﬁci
895 1535 978 1562 animi

185 1577 323 1611 cogitans,
342 1583 539 1613 perspectoque
557 1587 639 1613 quam
656 1579 682 1606 in
698 1580 804 1614 oppidis
836 1585 918 1615 atque
933 1588 978 1607 ur-

187 1623 287 1650 banam
311 1624 394 1650 vitam
415 1624 530 1658 agimus,
557 1625 730 1660 quandoque,
747 1626 780 1653 iis
795 1627 912 1654 maxime
931 1627 976 1661 qui

186 1669 312 1696 tirocinia
322 1674 437 1704 ponunt,
448 1670 574 1697 instituto
589 1670 695 1698 olIicerc
706 1691 713 1704 ,
731 1671 756 1698 id
773 1677 824 1705 est,
840 1680 982 1706 capessent-

186 1715 228 1741 tlm
247 1715 357 1742 sublimi
378 1716 572 1750 philosophiae,
598 1722 706 1751 repente
729 1725 758 1744 se
788 1726 801 1744 a
824 1719 980 1752 parentibus

186 1765 220 1785 ac
230 1759 354 1793 cognatis
371 1760 509 1796 abrumpit
527 1769 535 1793 ;
560 1761 697 1795 abrumpit
711 1769 774 1788 vero
791 1762 825 1789 ab
842 1763 914 1789 omni
932 1772 981 1790 sa:-

185 1803 242 1829 culi
264 1811 348 1835 cura;
367 1805 521 1839 tollensque
544 1806 626 1840 pedes
646 1806 673 1832 in
689 1806 825 1834 desertum
849 1808 979 1842 agebatur

187 1855 204 1875 a
219 1848 340 1882 Spiritu.

221 1894 260 1920 Ac
270 1894 341 1921 sicut
356 1903 453 1929 magna
468 1894 548 1923 Verbi
565 1903 627 1929 vox,
646 1904 678 1925 ac
695 1905 754 1932 quae
770 1897 807 1924 illi
824 1898 976 1932 praecurrit,

184 1940 414 1974 praeclarissimas
435 1940 552 1968 Joannes
564 1963 570 1972 ,
588 1943 726 1977 prophetis
741 1943 868 1971 omnibus
891 1944 977 1979 major

185 1992 239 2020 qua
255 1985 294 2012 illi
315 1986 429 2013 vicinior
443 1995 523 2021 quem
542 1988 734 2022 prophetarum
748 1990 896 2024 tangebam
915 1997 977 2016 ora-

185 2031 258 2063 cula,
283 2030 398 2058 Domino
412 2033 584 2066 praedicatus,
603 2041 665 2062 cum
680 2034 788 2062 deserto
802 2036 877 2070 prius
904 2036 972 2063 Den-

185 2083 242 2110 que
266 2077 432 2109 vocasset“,
448 2078 606 2112 eximieque
623 2080 684 2106 vitae
700 2080 774 2107 cultu
803 2089 835 2107 ac
853 2082 977 2108 eminen-

187 2120 251 2148 tiori
265 2122 494 2156 contemplatione
512 2129 640 2158 superata
663 2130 789 2152 creatura
808 2126 840 2158 “,
859 2127 976 2153 creatori

185 2167 298 2201 propius
318 2168 475 2196 adhaesisset
494 2178 500 2195 :
519 2173 582 2204 post
597 2169 654 2198 luce
673 2171 765 2205 utique
792 2177 854 2198 ante
871 2172 975 2199 Domini

185 2209 282 2237 faciem
306 2211 444 2245 incedens,
470 2212 543 2240 illius
570 2214 628 2241 vias
654 2216 759 2248 paravit
772 2216 812 2242 “z
835 2216 874 2242 sic
898 2215 977 2250 plane

1039 302 1130 333 bebat.
1156 302 1263 329 actione
1288 301 1397 336 quidem
1419 301 1453 328 iis
1477 301 1629 335 defungens
1643 308 1703 334 qum
1724 300 1831 327 actione

1039 352 1176 381 constant,
1202 347 1430 382 contemplatione
1456 352 1546 374 autem
1573 347 1617 380 iis,
1637 355 1698 382 quae
1709 352 1831 374 contem-

1039 395 1177 429 platione:
1193 394 1244 426 vel,
1262 394 1370 421 actione
1385 394 1505 429 quidem,
1522 393 1554 420 ad
1571 401 1602 420 ca
1623 401 1684 427 quae
1707 397 1831 420 contem-

1038 440 1165 474 plationis
1185 444 1258 472 sunt,
1275 447 1459 474 promovens;
1484 439 1714 473 contemplatione
1737 443 1828 465 autem

1039 493 1070 512 ca
1086 485 1137 512 sibi
1157 485 1301 512 familiaria
1318 485 1434 512 reddens
1451 493 1511 519 quas
1531 489 1594 512 sunt
1612 484 1740 511 actionis.

1072 531 1106 558 At
1119 538 1243 565 quamam
1259 530 1330 557 actio
1343 531 1457 564 ?0pera'
1471 530 1588 565 pretium
1605 531 1677 557 enim
1692 529 1829 561 existimo,

1038 580 1066 602 ut
1084 584 1130 610 per
1143 576 1266 606 virtutes.
1280 576 1380 610 quibus
1403 576 1448 603 illa
1465 576 1610 610 magniﬁce
1628 575 1751 610 splendet
1767 579 1831 602 ante

1037 621 1306 656 contemplationem,
1319 628 1380 648 eam
1397 621 1581 656 designemus.
1597 619 1727 652 Quaenam
1749 619 1830 654 igitur

1037 673 1100 695 sunt
1112 667 1247 694 virtutes?
1273 667 1394 693 Primum
1411 667 1519 701 quidem
1538 667 1613 692 ﬁrma
1635 665 1764 697 solitudo,
1781 673 1829 693 seu

1036 713 1127 748 quies,
1146 720 1178 739 ac
1203 712 1392 740 mundissima.
1407 712 1542 744 Solitudo,
1556 712 1678 746 inquam,
1704 719 1736 738 ac
1751 711 1829 745 quies

1036 759 1121 785 animi
1141 759 1243 793 pariter
1258 762 1285 785 ct
1310 758 1444 792 corporis.
1460 757 1517 784 Non
1534 758 1606 784 enim
1628 757 1679 784 loci
1696 757 1831 784 duntaxat

1036 804 1164 838 praesidio
1180 811 1209 831 se
1230 808 1287 830 tum
1303 804 1440 835 civilibus,
1462 808 1518 830 tum
1533 804 1681 831 rusticanis
1692 805 1830 831 subduce-

1036 850 1083 877 bat
1101 850 1272 882 tumultibus,
1292 850 1338 877 sed
1359 850 1438 884 longe
1458 850 1544 885 magis
1562 851 1588 877 in
1605 859 1634 878 se
1658 851 1716 885 ipse
1731 850 1830 878 mentis

1036 895 1202 926 constantia,
1222 903 1305 929 seque
1319 895 1418 927 medio,
1438 895 1464 921 in
1485 894 1570 921 Deum
1587 902 1746 925 conversus,
1766 903 1828 922 mo-

1037 939 1113 967 ribus
1127 940 1216 974 potius
1233 939 1407 967 solitudinem
1430 947 1461 966 ac
1490 939 1611 974 quietem
1629 939 1720 966 obibat
1735 946 1743 971 ι
1760 944 1833 965 tran-

1037 986 1204 1021 quillamque
1234 993 1267 1012 ac
1298 988 1470 1011 mansuetam
1494 984 1577 1010 animi
1606 983 1829 1010 constitutionem

1037 1033 1161 1066 adeptus,
1177 1032 1203 1058 in
1219 1039 1272 1066 qua
1290 1031 1363 1058 velut
1375 1029 1510 1065 pellucido
1524 1029 1634 1064 speculo
1660 1036 1692 1056 ac
1704 1028 1829 1056 mundis-

1036 1077 1118 1108 simo,
1140 1076 1290 1104 etelestium
1316 1075 1528 1103 illustrationum
1555 1074 1828 1109 reprrcsentationes,

1036 1123 1153 1150 terrenis
1170 1122 1356 1157 impcrmistas
1371 1121 1466 1156 ﬁguris
1497 1128 1527 1147 ac
1547 1120 1750 1151 seducentibus,
1767 1127 1831 1147 sus-

1035 1168 1165 1202 cipiebat.

1070 1213 1140 1240 Tum
1157 1221 1222 1240 vero
1235 1213 1375 1240 meditatio
1392 1214 1501 1241 robusta
1529 1213 1670 1248 jugisque.
1691 1211 1830 1238 .‘iletlitatio

1035 1267 1176 1287 sacrorum
1193 1258 1311 1294 Spiritus
1331 1260 1514 1294 cloquiornm.
1536 1267 1597 1294 qua:
1615 1259 1714 1286 nedutn
1737 1258 1828 1290 labiis,

1035 1305 1081 1332 sed
1096 1310 1124 1332 et
1137 1305 1220 1331 corde
1233 1313 1296 1331 vere
1311 1306 1337 1332 in
1355 1305 1484 1340 mysterio
1500 1304 1674 1339 proferantur
1689 1311 1697 1335 ς
1714 1311 1829 1337 eamque
1863 1331 1865 1333 _

1033 1351 1113 1385 plane
1139 1350 1174 1377 ob
1192 1358 1259 1382 rem,
1274 1358 1328 1377 non
1351 1355 1512 1381 atramento,
1536 1349 1583 1377 scd
1608 1348 1708 1383 Spiritu
1735 1348 1828 1375 animo

1034 1396 1230 1423 inscribantur.
1243 1396 1372 1423 Prerandi
1387 1401 1478 1423 autem
1491 1396 1611 1423 studium
1629 1395 1720 1430 jugalc
1732 1401 1828 1421 nactus
1841 1390 1845 1392 ’

1034 1443 1213 1475 meditationi,
1235 1443 1400 1470 indivulsnm
1427 1450 1441 1469 a
1457 1441 1512 1469 Deo
1532 1442 1653 1469 animum
1676 1441 1827 1468 obtinebat.

1033 1490 1269 1523 Quemadmodum
1286 1489 1358 1516 enim
1377 1497 1477 1525 carpas
1491 1489 1648 1516 solitudinis
1664 1488 1750 1518 cultu,
1764 1487 1825 1514 aui-

1037 1543 1167 1569 mumque
1183 1535 1366 1562 mcditat'onis
1384 1535 1408 1562 \i
1425 1542 1587 1562 consecrare
1603 1533 1658 1560 Deo
1676 1533 1827 1568 satagebat,

1033 1583 1072 1608 sic
1087 1582 1177 1615 otique
1197 1581 1279 1607 etiam
1303 1585 1420 1608 mentem
1445 1581 1556 1616 iugibus
1580 1579 1827 1618 supplicationibus

1034 1627 1139 1653 instans
1160 1627 1272 1661 Spiritui
1290 1627 1446 1660 ropnlabat.

1067 1671 1135 1698 Cum
1154 1676 1244 1698 autem
1261 1672 1287 1698 in
1304 1672 1345 1698 his
1361 1672 1460 1703 tribus,
1477 1672 1581 1698 ratione
1597 1671 1711 1703 scilicet,
1730 1670 1779 1702 ira,
1796 1678 1828 1697 ac

1031 1717 1192 1752 cupiditate,
1209 1717 1327 1744 hominis
1341 1721 1414 1745 totus
1430 1718 1539 1744 animus
1555 1717 1765 1750 consideretur;
1784 1719 1827 1743 at-

1030 1771 1083 1798 que
1101 1763 1133 1789 al
1160 1763 1291 1790 rationem
1312 1763 1432 1798 quidem,
1456 1768 1586 1798 tanquam
1604 1762 1826 1798 augustissimam

1030 1813 1134 1844 spectet
1147 1813 1177 1835 ut
1194 1810 1286 1843 pra-sit
1314 1817 1346 1836 ac
1370 1809 1536 1842 dominetur,
1564 1809 1598 1836 ad
1618 1809 1736 1843 reliquas
1751 1815 1827 1839 vero.

1030 1858 1059 1880 ut
1080 1853 1143 1880 huic
1163 1854 1221 1888 ipsa
1243 1859 1364 1888 pareant,
1391 1859 1472 1888 atque
1491 1854 1524 1880 ab
1543 1861 1574 1880 ea
1602 1859 1731 1888 regantur
1756 1853 1826 1887 (hac

1029 1898 1101 1925 enim
1114 1899 1164 1924 viri
1182 1898 1312 1932 perfectio
1325 1898 1383 1933 est)
1398 1899 1500 1925 virtute
1516 1898 1678 1933 perfunctus
1694 1905 1755 1933 qua:
1768 1898 1827 1924 cui-

1029 1952 1082 1979 quc
1098 1944 1182 1971 animi
1198 1945 1266 1978 parti
1284 1948 1347 1978 apta
1363 1945 1399 1971 sit
1431 1952 1462 1971 ac
1480 1944 1644 1971 conveniens
1659 1951 1666 1976 ;
1683 1944 1766 1978 inque
1785 1943 1827 1970 his

1028 1997 1135 2016 summa
1145 1990 1187 2016 vir
1199 1997 1313 2024 magnus
1325 1990 1496 2024 philosophia
1511 1993 1660 2024 spectatus.
1669 1994 1825 2023 temperan-

1029 2035 1092 2060 tiam
1107 2035 1216 2068 quidem
1231 2034 1372 2068 cupiditati
1389 2034 1512 2068 praeﬁcit,
1528 2041 1589 2068 qua:
1600 2033 1706 2060 scilicet
1721 2033 1821 2060 nedum

1028 2081 1177 2107 necessarii
1193 2081 1257 2111 cibi,
1280 2080 1425 2114 somnique
1442 2083 1544 2113 partem
1559 2079 1706 2105 maximam
1726 2086 1825 2112 ampu-

1027 2130 1106 2158 taret,
1118 2126 1165 2153 sed
1185 2131 1212 2153 et
1225 2126 1331 2153 cunctis
1341 2126 1467 2153 sensibus
1482 2125 1577 2152 modos
1603 2125 1766 2159 regulasquc
1777 2125 1824 2151 de—

1027 2172 1138 2203 ﬁniret;
1163 2172 1376 2207 pulchritudinis
1411 2179 1443 2198 ac
1471 2171 1566 2198 forma:
1589 2170 1743 2205 cupidinem
1765 2178 1824 2196 onl-

1028 2224 1090 2244 nem
1108 2217 1241 2248 aboleret,
1256 2224 1391 2251 omneque
1408 2224 1500 2242 rerum
1519 2215 1711 2242 intereuntium
1732 2223 1764 2242 ac
1777 2223 1824 2242 ca-

183 2255 433 2291 ctiamGregorius,
446 2259 535 2285 saeculi
553 2260 640 2286 turbis
663 2260 778 2295 ejusque
794 2261 852 2288 salo
867 2261 974 2296 placide
990 2271 1012 2298 ι)
1026 2263 1158 2290 ducarum
1189 2263 1354 2290 desiderium
1391 2267 1503 2290 necaret
1524 2271 1531 2295 ;
1561 2261 1714 2288 membrum
1741 2268 1824 2288 omne

184 2302 261 2336 prius
271 2302 393 2335 avulsus,
409 2304 519 2338 vitaque
534 2304 729 2340 imperturbata
757 2311 837 2340 atque
851 2307 885 2333 ab
897 2307 973 2333 omni

184 2346 325 2379 pravitatis
339 2349 504 2375 commercio
516 2349 611 2381 libera,
627 2354 715 2376 mente
728 2350 852 2377 sublimis
864 2351 951 2378 factus
963 2359 971 2384 ;

182 2398 273 2425 exque
305 2392 405 2420 divinis
422 2393 523 2428 (quoad
541 2395 714 2430 concessum)
736 2397 973 2430 contemplationis

183 2436 234 2464 bns
259 2437 359 2465 deitate
384 2439 504 2466 imbutus
521 2459 529 2471 ,
560 2440 659 2467 nedunt
692 2441 856 2475 pwuitentia‘.
889 2447 971 2477 atque

184 2482 355 2517 baptismatis
370 2484 526 2513 hominibus
543 2494 641 2521 pratco,
658 2487 704 2514 sed
720 2493 747 2514 et
761 2488 835 2515 omni
859 2489 972 2523 majoris

182 2529 347 2562 perfectione
377 2531 642 2567 absolutissimteque
657 2532 798 2561 Trinitatis
817 2536 944 2569 magister
957 2543 972 2562 c

181 2573 290 2601 deserto
309 2575 453 2605 emittitur.
473 2577 500 2604 Id
517 2585 606 2605 autent
628 2578 716 2605 oratio
733 2586 861 2613 processu
882 2579 972 2607 decla-

182 2619 264 2646 rabit.

218 2665 324 2694 Etenim
343 2675 472 2703 magnum
488 2669 597 2704 quidem
615 2669 756 2703 Basiliam,
773 2671 811 2698 uti
827 2672 902 2706 prius
910 2671 970 2706 ejus

181 2710 362 2746 philosophiae
388 2722 450 2748 qua:
472 2723 523 2742 usu
549 2717 673 2744 saeculari
697 2717 789 2749 venit,
813 2717 848 2744 ita
876 2722 969 2752 postea

180 2757 312 2791 spiritalis
333 2759 485 2794 adjutorem
514 2762 676 2797 sociumque
691 2763 834 2795 adhibens,
850 2764 891 2791 sic
906 2772 967 2792 cum

1027 2316 1191 2343 omnemque
1206 2313 1310 2335 motum
1343 2308 1487 2342 disciplina
1507 2312 1683 2342 componeret
1703 2315 1734 2334 ac
1751 2315 1823 2334 com-

1026 2356 1168 2390 primerct,
1210 2356 1360 2391 mentique,
1385 2363 1446 2390 qua:
1467 2360 1509 2383 est
1532 2355 1714 2390 prmslantior,
1739 2355 1823 2390 subji-

1026 2406 1112 2428 ceret.

1062 2446 1167 2474 Rursus
1191 2454 1256 2473 vero
1281 2446 1515 2473 mansuetudinem
1544 2445 1591 2473 ine
1614 2445 1755 2473 adversam
1775 2445 1818 2472 in-

1025 2491 1105 2518 struit
1123 2501 1129 2518 :
1148 2492 1174 2518 in
1189 2500 1243 2527 qua
1261 2492 1391 2518 nimirum
1410 2492 1500 2519 omnis
1526 2491 1550 2518 ei
1566 2491 1650 2518 animi
1669 2491 1822 2518 amaritudo

1024 2538 1126 2573 iraeque
1137 2538 1253 2573 impetus
1272 2539 1426 2566 solveretur
1444 2547 1451 2571 ;
1468 2539 1622 2566 solveretur
1638 2542 1728 2565 autem
1748 2537 1822 2563 blas-

1022 2584 1131 2618 phemia
1151 2589 1178 2612 et
1200 2585 1305 2612 clamor
1323 2594 1329 2612 :
1353 2593 1386 2612 ac
1414 2585 1524 2620 quidem
1551 2585 1652 2612 malitia
1672 2583 1763 2611 omnis
1789 2590 1821 2608 ac

1024 2638 1124 2657 rancor
1140 2631 1204 2666 (ira:
1219 2631 1323 2658 scilicet
1348 2631 1417 2658 mala
1434 2631 1554 2666 germina
1571 2631 1581 2666 )
1596 2630 1704 2665 penitus
1719 2627 1819 2655 evelle-

1024 2680 1141 2709 rentur;
1170 2677 1297 2711 velutqne
1319 2685 1351 2704 ex
1375 2677 1495 2712 perfecta
1515 2677 1622 2709 radice,
1642 2684 1674 2702 ex
1693 2673 1816 2705 lenitate,

1022 2721 1113 2748 omnis
1140 2722 1167 2749 in
1185 2729 1218 2750 co
1233 2723 1386 2758 benignitas
1402 2728 1486 2758 atque
1511 2722 1633 2757 probitas
1649 2719 1815 2755 germinarcl

1023 2775 1056 2794 ac
1071 2767 1214 2796 cfllorerct.

215 2824 238 2840 “
256 2824 327 2853 Phil.
349 2833 392 2860 Ill,
413 2828 455 2855 15.
493 2829 516 2845 ⁸³
533 2829 626 2857 Matth.
652 2839 688 2865 tv,
705 2831 717 2858 Ι
736 2840 742 2860 :
760 2830 826 2861 Luc.
843 2840 878 2867 tv,
898 2833 923 2861 ί.
961 2834 980 2851 ⁸³

1032 2839 1094 2864 ιιιιι.
1108 2845 1145 2871 xi,
1166 2837 1207 2865 tl.
1247 2837 1269 2853 “
1282 2836 1347 2865 Luc.
1362 2845 1379 2871 ι,
1397 2837 1440 2864 76.

644 2888 656 2895 ο

216 2903 255 2938 (2)
270 2904 364 2941 Greg.,
384 2911 454 2934 orat.
469 2907 502 2935 38
516 2913 542 2936 et
554 2908 598 2936 42.
