2089 3151
271 177 324 208 4ε-’7
873 184 1020 215 NICETzE
1040 186 1060 216 Ρ

1111 187 1303 220 IILAGONIS
1855 198 1868 229 4
1878 199 1910 232 i8

308 232 467 260 Modestiam
480 237 569 261 autent
590 234 787 270 (humilitatem
804 237 917 273 vocant)
935 244 1060 266 oruatunt
1076 240 1101 270 A
1113 249 1166 276 que
1180 250 1212 270 ac
1225 249 1344 272 mentem
1361 245 1560 284 circumseptus
1574 256 1605 276 ac
1631 251 1808 284 emundatus,
1821 255 1854 282 ad
1870 256 1910 283 dt-

272 281 405 312 optimunt
428 279 527 307 ratiotti
549 280 683 315 imponit;
711 281 737 308 iu
766 291 820 317 qua
835 283 942 312 inanem
956 294 1064 314 omnem

273 329 354 358 atque
378 325 478 352 elatum
505 326 588 352 animi
609 334 719 354 sensum
757 334 831 356 esset
865 330 1063 363 dcstrttcturtts,

272 377 438 404 omnemque
466 371 635 399 altitudiuent
650 393 658 405 ,
686 375 859 403 extollentem
882 385 912 404 se
934 377 1064 410 adversus

272 417 487 450 prmstantiorcm
509 418 663 451 scientiam,
685 427 904 455 compressurus.
927 423 1064 456 Quemad-

273 461 383 487 modum
399 463 470 488 enittt
487 463 512 489 in
529 464 580 490 ltoc
595 464 663 491 ratio
682 467 831 495 constituta
848 474 900 501 est,
917 476 946 496 ut
959 471 1064 504 cupidi-

271 507 333 533 tatis
345 507 482 534 laseiviaut
500 511 685 543 temperantia:
697 512 731 544 vi,
757 513 858 548 iraeque
877 515 1062 544 inconsultum

270 553 401 588 impetum
413 555 523 582 lenitate
544 562 719 592 retorqueat;
734 560 773 586 sic
787 568 897 596 quoque
911 571 990 590 snuttt
1004 564 1062 599 ipsa

271 605 402 628 tumorem
431 610 462 629 ac
493 604 650 638 superbiam
692 607 824 635 modestia
853 610 990 643 castigans
1032 619 1063 639 ac

269 647 465 681 comprimens,
493 650 565 683 piam
601 658 630 678 se
651 653 875 688 modestamqtte,
903 660 931 682 ut
955 657 1063 684 Christo

269 691 388 724 obediat,
407 694 542 728 captivam
561 696 672 724 addicit.

305 738 383 765 Sicut
395 744 485 766 autetu
499 745 602 768 naturae
616 742 674 776 ipsa
688 744 712 770 vi
727 751 758 771 ac
774 745 880 773 ratione
899 747 954 774 lilio
970 756 1062 776 comes

269 783 411 820 flagrantia
428 791 479 817 est.
503 788 543 814 sic
559 793 586 815 et
609 789 650 816 his
675 790 824 819 virtutibus
847 794 930 820 attimi
954 803 1061 823 summa

270 832 470 865 tranquillitas,
487 841 548 860 cum
574 835 635 869 quis
652 836 705 863 illis
725 837 883 871 perfunctus
907 844 959 867 est.
976 840 1063 868 Trfu-

269 877 401 910 quillitas,
417 879 563 907 all‘ectuunt
576 888 712 915 recessus,
726 885 847 911 omnium
858 886 1059 920 a-gritudinum,

1118 287 1188 315 vitiat
1206 287 1352 324 Sapientia:
1367 293 1465 320 celsam
1483 294 1575 321 evadit
1586 303 1689 324 arcem.

1152 334 1192 361 Ad
1221 336 1345 364 timorem
1372 343 1474 371 autem,
1491 340 1678 368 fortitudinetn
1707 350 1739 370 ac
1760 345 1906 374 consilium

1116 386 1278 415 assumens;
1298 383 1398 417 prioris
1418 385 1470 415 usi,
1499 386 1598 413 nedum
1632 387 1764 415 adversus
1792 390 1907 418 achctus

1115 425 1243 460 vitiaqtte,
1262 435 1354 454 verum
1371 430 1452 457 etiam
1475 430 1613 459 daemones
1640 433 1724 460 robttr
1749 435 1846 467 induit,
1875 444 1907 464 ac

1115 472 1304 501 confirmatur.
1323 473 1377 502 Nec
1395 483 1461 502 vero
1485 481 1581 504 contra
1612 479 1662 506 ltos
1689 479 1789 513 solum,
1811 482 1859 508 sed
1879 487 1907 509 et

1114 522 1209 544 contra
1229 519 1317 554 ipsum
1334 521 1484 555 principem
1501 524 1643 557 potestatis
1674 526 1748 553 aeris
1763 527 1785 544 ⁸¹
1803 535 1905 555 conva-

1114 561 1193 589 lescit
1216 572 1287 591 :nec
1303 570 1399 592 cotttra
1425 566 1502 594 illum
1531 569 1676 602 duntaxat,
1704 579 1796 597 verum
1821 573 1904 599 etiam

1114 614 1210 637 contra
1229 611 1305 645 ipsos
1322 612 1477 640 difﬁdentia:
1497 613 1565 642 ﬁlios
1580 615 1614 648 ⁵¹,
1628 622 1724 650 nempe
1738 617 1905 652 incredulos,

1113 655 1158 689 qui
1172 655 1233 688 eius
1248 656 1338 683 aIIIatu
1349 662 1482 692 aguntur;
1500 659 1664 693 quibuscum
1678 667 1830 696 opportune
1845 671 1905 691 cer-

1114 705 1202 727 tamen
1219 702 1418 731 comntissurus
1430 703 1608 740 erat.Spiritu
1620 711 1710 733 autent
1727 708 1834 735 consilii
1849 717 1904 737 non

1114 746 1138 772 id
1161 747 1250 773 solum
1271 755 1400 775 scrutatis
1430 750 1502 784 qttod
1528 751 1656 785 privatim
1685 753 1797 787 suisque
1822 755 1903 783 rebus

1112 793 1288 826 cenduccrct,
1306 795 1352 822 sed
1368 796 1442 830 quod
1456 798 1537 824 etiam
1553 798 1679 826 ountibus
1696 800 1730 831 ⁵³,
1745 804 1791 827 aut
1805 801 1902 835 pleris—

1112 847 1164 874 que
1177 839 1248 866 l'orct
1264 841 1350 874 utile;
1381 849 1469 876 neque
1489 844 1590 877 proprii
1614 844 1781 872 voluntatem
1799 847 1897 882 animi,

1113 886 1159 913 sed
1179 886 1361 919 Dominicam,
1390 896 1553 923 summeque
1578 889 1676 916 bonam
1703 895 1785 926 atque
1812 893 1902 926 perfe-

270 928 325 950 Illm
342 932 402 958 qua:
429 926 562 959 auinnnu,
584 931 639 954 tum
655 936 716 962 qua:
734 937 832 964 corpus
854 931 913 958 labe
929 932 1058 966 alliciunt,
1077 929 1097 956 Β
1112 936 1194 965 ctam,
1212 937 1341 967 tauquam
1368 933 1469 968 probus
1481 934 1600 962 fautulus
1616 937 1762 970 explorans
1775 938 1809 970 ⁵⁸,
1824 946 1901 965 eam.

268 969 371 997 cvulsio
397 978 428 998 ac
447 971 573 999 interitus
589 980 596 1005 ;
618 973 713 1001 beatus
726 979 825 1009 status,
841 977 968 1012 nullaque
982 980 1059 1006 turba

267 1016 392 1050 pulsatus
401 1024 432 1044 ac
444 1017 567 1045 tnolestia
577 1027 585 1052 ;
594 1020 752 1054 angelorum
763 1021 827 1055 vita,
838 1022 935 1051 futura:
944 1025 1061 1052 arrhabo

269 1063 419 1091 beatitatis.

302 1106 341 1134 Ad
356 1108 427 1136 hanc
445 1116 506 1136 cum
523 1111 655 1139 evasisset
671 1112 781 1141 divittus
800 1113 960 1150 Gregorius,
976 1117 1061 1145 haue-

268 1161 322 1187 que
344 1155 491 1189 septintum
519 1157 562 1183 sui
587 1158 704 1186 actionis
731 1160 756 1187 vi
784 1169 916 1189 ascenstts
947 1164 1059 1198 gradum

267 1201 420 1233 statuisset,
435 1202 472 1229 illi
489 1203 617 1239 deinceps
636 1206 769 1239 optimum
801 1215 833 1235 ac
849 1209 1059 1238 stabilissimum

269 1247 419 1274 ternarium
439 1248 582 1282 virtutum,
599 1250 676 1278 {idem
685 1253 800 1285 scilicet,
813 1262 888 1288 spem
900 1263 931 1283 ac
940 1256 1061 1284 charita-

225 1329 227 1331 ,
266 1297 332 1323 tem,
345 1301 392 1320 ceu
404 1295 617 1328 pulcherrimam
632 1299 790 1326 coronidem
815 1299 954 1334 imposuit.
967 1302 1059 1330 Fidem

267 1339 389 1373 quidem,
405 1339 431 1367 itt
448 1340 555 1368 Patrem
575 1347 602 1369 et
621 1342 719 1370 Filium
735 1349 762 1371 et
774 1344 905 1379 Spiritum
922 1352 1059 1381 sanctum,

267 1391 349 1411 unam
363 1384 490 1413 deitatem
500 1391 526 1413 et
538 1389 697 1422 potentiam,
707 1397 738 1417 ac
748 1398 860 1425 regnum
870 1400 876 1424 ;
888 1400 936 1420 ore
947 1394 1058 1428 quidem

267 1429 402 1458 sinceram
430 1432 643 1468 confessionem,
673 1436 757 1463 corde
783 1442 871 1464 autem
896 1446 928 1466 ac
955 1446 1056 1472 tuente,

268 1476 519 1508 comprobationent
537 1479 743 1508 irrevocaliilcm
758 1490 966 1518 assensumque.
978 1483 1059 1519 Spem

267 1529 343 1553 vero.
360 1523 456 1550 [torum
472 1524 604 1558 ipsoruut,
623 1534 684 1560 qua:
710 1535 781 1555 nunc
798 1529 914 1556 obscure
930 1530 1060 1564 tenuique

268 1568 364 1595 tuttbra
381 1577 413 1596 ex
429 1570 479 1608 [ide
499 1571 684 1606 conspicimus
696 1573 718 1589 “
729 1594 736 1606 ,
755 1573 923 1608 perfectioris
939 1581 1060 1608 postmo-

268 1614 332 1641 duut
348 1604 547 1649 explieaTionis,
569 1617 593 1643 id
611 1623 663 1650 est,
690 1619 863 1648 revelationis
881 1628 913 1647 ac
928 1621 1061 1648 detectio-

269 1659 311 1685 nis
330 1661 572 1694 exspectationem.
585 1662 752 1690 Charitatcm
769 1669 858 1691 autettt
871 1685 877 1694 .
902 1673 1060 1700 supremum

270 1704 383 1739 hujusce
397 1707 477 1733 scala:
493 1708 624 1742 spiritalis
642 1716 785 1736 ascensum
801 1718 807 1736 :
823 1710 890 1745 legis
924 1719 1060 1740 summam

269 1758 301 1777 ac
317 1751 510 1785 prophetarum
521 1753 554 1786 ⁸⁸,
580 1753 717 1782 vinculum
735 1755 908 1790 ιιιιτῐνειίοιιίει
921 1757 955 1790 ⁸⁷,
974 1759 1061 1786 conli-

270 1804 362 1829 uuam,
388 1805 420 1824 ac
446 1806 526 1833 quatit
548 1799 650 1826 ltllIIum
677 1800 787 1827 diri'ttut
808 1802 939 1835 medium,
963 1805 1061 1832 utentis

270 1844 385 1877 propriae
408 1852 469 1871 cum
491 1845 546 1872 Deo
572 1847 598 1872 in
625 1846 725 1881 Spiritu
748 1855 795 1882 per
812 1847 904 1875 Jesum
920 1849 1058 1878 Christum

270 1889 428 1917 societatem
447 1896 528 1926 atque
540 1900 708 1927 compagem.

307 1935 386 1962 lliscc
402 1937 538 1965 universis
559 1938 718 1971 VII‘IllliIHIS,
735 1947 796 1974 qua:
813 1940 922 1968 actione
945 1942 1060 1976 ejusque

271 1985 401 2014 gerantur
418 1982 506 2015 cultu,
532 1991 589 2016 eas,
616 1992 677 2019 qtue
706 1986 806 2013 tuentis
828 1988 1061 2022 contemplatione

269 2028 536 2055 consummationem
553 2028 664 2061 habent,
677 2030 776 2065 aequali
793 2038 908 2058 nttmero
924 2035 1059 2067 attexuit;

269 2071 389 2105 primum
406 2073 512 2100 scilicet
529 2075 713 2109 operationes,
734 2084 781 2103 seu
801 2077 908 2104 adlatus
926 2078 1059 2112 Spiritus,

271 2125 340 2150 quos
357 2117 476 2152 Spiritus
488 2124 590 2153 septettt
613 2120 696 2148 Isaias
715 2123 893 2155 nuncupavit.
918 2123 950 2151 Hi
963 2132 1060 2159 nempe

271 2170 333 2189 vere
359 2164 503 2198 primoque
520 2165 546 2192 itt
569 2166 679 2194 Christo
700 2168 904 2202 requierernnt,
931 2175 992 2197 orto
1013 2171 1060 2199 illo

270 2216 303 2235 ex
317 2210 408 2236 radice
426 2210 502 2237 Jesse
515 2211 557 2244 1";
575 2213 694 2239 secundo
712 2219 812 2246 autent.
833 2215 888 2247 illa,
904 2223 964 2250 quae
978 2224 1011 2244 ex
1027 2225 1059 2244 eo

1112 986 1164 1013 que
1185 978 1248 1005 imis
1266 979 1367 1006 utentis
1383 981 1569 1014 penetralibus
1585 981 1719 1016 formans,
1739 983 1816 1018 pravi
1831 992 1899 1012 cou-

1112 1023 1165 1050 silii
1182 1031 1268 1058 genus
1290 1032 1370 1052 outtte
1384 1025 1510 1053 cavebat.

1147 1069 1278 1097 Pietatem
1303 1071 1460 1105 dogmatum
1492 1072 1606 1101 veritate
1636 1081 1667 1102 ac
1685 1082 1795 1102 uterum
1819 1076 1902 1104 recti-

1116 1115 1210 1143 tudine
1231 1116 1338 1143 colebat
1361 1125 1483 1151 :uentpe
1505 1118 1540 1145 ab
1569 1120 1646 1146 outui
1673 1122 1744 1155 turpi
1769 1122 1902 1155 cogitatu,

1111 1162 1243 1196 outttique
1259 1162 1373 1196 profano
1390 1171 1527 1196 sermone,
1551 1172 1583 1192 ac
1610 1166 1700 1192 alieno
1719 1167 1793 1194 omni
1816 1168 1902 1195 luere-

1111 1207 1228 1234 ticoruttt
1251 1207 1314 1235 fuco
1337 1208 1466 1236 deﬁt-cate
1493 1211 1660 1243 mundatus,
1679 1212 1706 1238 Ili
1723 1213 1821 1240 tuentis
1837 1221 1901 1242 vero

1112 1254 1231 1280 novitate
1258 1253 1286 1279 in
1309 1254 1421 1281 Christo
1449 1256 1672 1290 transformatus,
1693 1265 1725 1284 ea
1753 1258 1901 1292 plurimum

1111 1300 1286 1333 promovebat
1304 1304 1385 1334 atque
1398 1302 1553 1335 praestabat.

1148 1344 1276 1371 Scientia:
1292 1350 1393 1378 autctn,
1411 1354 1472 1380 qua:
1496 1347 1532 1374 sit
1559 1347 1772 1381 intellectilium,
1800 1349 1825 1376 id
1847 1355 1901 1385 est,

1110 1397 1205 1417 eorum
1222 1398 1281 1425 qua:
1297 1391 1410 1418 scientia
1427 1397 1590 1425 noscuntur,
1615 1398 1669 1420 tota
1686 1395 1810 1429 quaedam
1834 1403 1902 1424 con-

1111 1435 1234 1470 fertaque
1254 1436 1410 1470 contuitio;
1438 1437 1476 1464 uti
1502 1438 1585 1464 etiam
1606 1439 1685 1471 visio,
1703 1448 1798 1467 eorutn
1820 1448 1901 1475 aspe-

1110 1486 1181 1518 ctus,
1195 1489 1254 1515 qtue
1267 1481 1341 1508 cerni
1358 1482 1445 1510 oculis
1463 1488 1597 1517 possunt;
1611 1489 1703 1512 tantus
1719 1486 1744 1512 ei
1773 1486 1903 1516 cumulus

1111 1527 1245 1561 copiaque
1262 1533 1427 1561 accesserat,
1449 1533 1550 1562 quanto
1581 1530 1662 1556 etiam
1688 1538 1743 1564 pra:
1773 1532 1902 1559 omnibus

1111 1573 1287 1604 etnundatus,
1306 1573 1338 1599 ad
1355 1573 1506 1608 angelicam
1531 1576 1793 1610 contemplationem
1811 1582 1901 1604 mente

1086 1614 1095 1624 ¹
1114 1618 1360 1645 trausmutnbatur.
1395 1618 1462 1645 Dum
1490 1620 1575 1648 maris
1604 1629 1728 1653 arenaut,
1757 1626 1784 1648 et
1810 1626 1901 1657 guttas

1113 1662 1229 1696 pluviae,
1256 1663 1369 1698 diesque
1399 1664 1493 1691 saeculi
1524 1667 1730 1694 euumeraveris
1752 1667 1786 1700 ",
1817 1675 1900 1701 quant

1112 1709 1194 1735 etiattt
1210 1716 1288 1735 sacra
1299 1709 1358 1743 ejus
1373 1710 1479 1745 eloquia
1506 1712 1690 1747 intelligentia).
1704 1712 1756 1738 vim
1773 1718 1902 1747 praestant

1113 1761 1144 1781 ac
1177 1754 1294 1782 fecundo
1329 1757 1415 1784 edunt
1441 1758 1576 1791 germine,
1604 1758 1780 1787 intellexeris.
1811 1759 1902 1787 Secta:

1112 1809 1232 1836 namque
1252 1802 1400 1836 Scriptura:
1417 1811 1527 1836 sensus,
1547 1804 1620 1832 velut
1645 1811 1707 1832 rosa
1725 1805 1751 1832 iu
1771 1805 1898 1838 ealiculo,

1111 1846 1240 1874 dictionis
1258 1847 1426 1874 obscuritate
1441 1854 1583 1875 contectus
1595 1854 1664 1876 erat.
1682 1849 1707 1877 Is
1722 1854 1811 1876 autem
1827 1851 1901 1878 clare

1112 1893 1139 1918 itt
1162 1892 1260 1927 spiritu
1284 1893 1434 1927 explicans,
1462 1895 1595 1928 sttavique
1618 1895 1690 1922 illius
1717 1895 1901 1930 intelligentiae

1112 1938 1261 1973 fragrantia
1274 1946 1357 1973 supra
1374 1940 1484 1967 modum
1503 1941 1632 1975 repletus,
1646 1949 1679 1969 ea
1697 1942 1790 1969 statim
1805 1951 1900 1970 sacra-

1113 1984 1250 2012 tissiutaut
1262 1985 1427 2020 sapientiam
1443 1987 1630 2015 sacratissimo
1643 1988 1706 2015 nisu
1721 1989 1901 2023 comprehen-

1110 2029 1158 2057 dit.

1147 2074 1194 2102 Est
1210 2075 1292 2110 igitur
1304 2076 1448 2111 sapientia,
1464 2077 1510 2104 illa
1530 2078 1640 2112 quidem
1670 2083 1728 2106 tum
1757 2080 1816 2107 viva
1841 2084 1899 2107 tum

1110 2128 1170 2156 quat
1187 2129 1235 2156 per
1246 2129 1276 2148 se
1291 2126 1333 2149 est
1360 2127 1442 2158 atque
1453 2124 1591 2156 consistit,
1604 2125 1650 2159 qui
1662 2132 1726 2152 eum
1741 2125 1821 2153 Patre
1836 2132 1901 2154 ante

1111 2168 1210 2195 saecula
1225 2168 1322 2195 Sermo
1339 2173 1391 2202 est,
1409 2177 1442 2196 ac
1459 2177 1520 2196 cum
1536 2177 1568 2198 eo
1589 2178 1643 2197 una
1665 2172 1831 2205 sentpiterne
1858 2174 1900 2200 iu-

1111 2213 1242 2248 telligitur
1256 2223 1262 2241 :
1276 2218 1318 2241 est
1328 2222 1390 2241 vero
1402 2215 1484 2242 etiam
1499 2216 1644 2250 sapientia,
1656 2217 1702 2251 qui
1717 2217 1750 2244 de
1764 2217 1900 2246 Sermone

271 2260 322 2284 cst.
341 2256 473 2283 societate
493 2264 525 2284 ac
541 2259 718 2291 contmercio,
737 2264 793 2286 tum
812 2261 839 2287 itt
854 2261 916 2289 aliis
935 2263 981 2297 qtti
1000 2264 1057 2290 sint
1074 2265 1095 2292 l)
1111 2266 1256 2287 Sermones
1271 2264 1351 2293 51111ιὶ
1367 2268 1486 2294 (ιυοτυιη
1511 2261 1537 2287 Vl
1555 2261 1661 2294 Sermo.
1677 2263 1711 2290 iis
1726 2263 1771 2298 qui
1799 2265 1901 2297 Ρίθιθιθ

271 2300 331 2334 ejus
345 2303 503 2336 participes,
517 2307 573 2330 tum
586 2304 627 2331 Vel
640 2305 758 2333 maxime
773 2308 855 2333 etiattt
877 2308 904 2334 itt
927 2316 959 2335 eo
973 2317 1055 2343 quem

270 2347 434 2380 laudamus;
457 2350 503 2383 qui
519 2349 570 2376 hos
584 2356 673 2379 mente
691 2357 753 2386 agat
766 2360 798 2380 ac
814 2353 954 2388 intelligat,
974 2356 1059 2390 quiu-

272 2393 327 2420 ittto
361 2394 415 2422 illis
440 2400 538 2430 agatur
564 2404 596 2423 ac
624 2403 843 2432 consummatur,
870 2401 985 2435 mystice
1013 2410 1058 2428 rc-

271 2439 427 2474 quiescunt.

306 2485 424 2519 Quinam
437 2487 520 2523 igitur
535 2488 643 2518 aIII.tltts
674 2497 707 2518 ac
727 2490 866 2526 Spiritus?
887 2491 982 2520 Priorc
995 2493 1059 2528 qui-

272 2531 333 2559 dem
355 2532 416 2560 loco
432 2533 596 2568 s'apieutiaut
613 2536 654 2568 ";
680 2537 805 2570 quinimo
821 2537 855 2564 ab
881 2537 1060 2566 inferioribus

273 2587 382 2606 sursum
399 2588 495 2608 versus
522 2582 684 2615 ascendens,
713 2583 786 2610 velut
818 2583 960 2618 sapientiai
985 2584 1059 2611 radi-

272 2632 331 2652 cem
359 2634 390 2653 ac
407 2627 582 2661 principium,
607 2628 730 2656 tiutoretn
758 2628 863 2656 Domini
884 2630 1057 2664 pra-jaeiens,

274 2677 380 2699 castum
396 2673 483 2705 illum,
506 2681 539 2701 ac
554 2674 601 2709 qui
617 2679 685 2701 teste
712 2674 824 2707 Davide,
850 2680 1007 2710 permaneat
1031 2677 1058 2704 in

273 2719 404 2746 smculunt
420 2720 512 2747 saaculi
528 2729 536 2753 ;
557 2728 590 2748 eo
604 2721 727 2748 conﬁxus
743 2729 853 2748 carnem
871 2722 905 2754 '°,
921 2722 1060 2749 animum-

312 2820 334 2836 ”
349 2821 357 2848 I
371 2821 433 2849 Cor.
455 2830 515 2856 xttt,
530 2825 573 2852 I2.
629 2825 652 2842 ⁸⁵
663 2826 757 2853 Matth.
775 2834 841 2857 χχιι,
861 2827 904 2853 -i0.

371 2857 400 2896 ξω
415 2857 486 2896 I’sal.
503 2869 598 2893 cxt‘tzt,
617 2862 674 2889 l‘zd.
732 2862 752 2878 θ’
779 2855 878 2896 Epltes.
896 2863 968 2894 11,2.

278 2889 299 2905 "'
316 2890 405 2918 licclc.
422 2900 438 2924 I,
454 2893 480 2919 ι’.

942 2827 963 2842 ⁸⁷
980 2827 1085 2855 Coloss.
1109 2834 1148 2857 III,
1166 2826 1190 2853 4.

1038 2863 1060 2878 δ’
1083 2862 1181 2896 Epltcs-
1201 2870 1226 2894 \‘,
1242 2863 1267 2887 ϋ-

1112 2305 1215 2336 coluut,
1231 2313 1310 2332 sacra
1320 2307 1482 2341 occultaque
1497 2307 1603 2334 ratione
1618 2309 1797 2343 conspicitur.
1812 2309 1900 2337 Tanto

1111 2355 1202 2378 autern
1212 2350 1349 2386 Theologo
1362 2352 1495 2380 illustrior
1508 2353 1662 2388 clariorque
1673 2355 1894 2389 incomprehensi

1110 2397 1321 2432 comprehensio
1331 2398 1457 2431 eﬂicitur,
1465 2404 1568 2434 quattto
1575 2405 1602 2426 et
1611 2400 1773 2434 perfectiore
1781 2402 1899 2429 donatus

1112 2444 1305 2477 intelligentia,
1318 2452 1401 2478 eaque
1419 2445 1530 2473 uberius
1541 2446 1655 2480 pollens,
1669 2447 1776 2474 cunctis
1789 2455 1899 2482 quoque

1113 2489 1288 2524 praestantius
1312 2491 1514 2526 perfectiusque
1529 2492 1671 2527 sapientiae
1696 2501 1838 2522 sermones
1864 2502 1898 2522 ac

1111 2535 1263 2563 doctrinam
1274 2537 1419 2572 decerpsit.

1148 2581 1194 2609 Sic
1207 2582 1337 2616 spiritalis
1353 2583 1437 2609 Israel
1455 2583 1537 2618 (vere
1556 2583 1579 2611 is
1594 2584 1683 2610 videns
1697 2584 1799 2620 Deum)
1812 2585 1900 2613 virtu-

1114 2629 1188 2655 tibus
1200 2636 1260 2663 qua:
1275 2629 1382 2655 actione
1406 2634 1549 2663 geruntur,
1578 2637 1624 2656 eas
1652 2638 1815 2663 conserens,
1838 2640 1900 2666 qua:

1114 2675 1343 2709 contemplatione
1359 2679 1537 2709 prmstautur,
1568 2676 1650 2710 inque
1669 2676 1750 2703 scala:
1774 2677 1898 2710 modum,

1116 2726 1245 2756 tanquant
1262 2721 1370 2755 sapiens
1386 2720 1552 2749 architectus
1582 2722 1649 2749 alias
1673 2722 1736 2749 aliis
1757 2730 1898 2757 opponetts

1248 2826 1270 2841 δ’*
1287 2825 1337 2853 Isa.
1355 2834 1391 2856 st,
1407 2826 1430 2852 ι.
1469 2824 1490 2841 δῖ’
1509 2825 1596 2851 Errle.
1609 2832 1628 2857 t,
1651 2823 1691 2851 I6.

1344 2861 1390 2887 ΙΗ1
1416 2860 1478 2900 ρον.
1498 2869 1524 2892 x,
1539 2861 1582 2887 55.
1654 2860 1676 2875 ⁸⁸

1732 2823 1801 2851 I’sal.
1820 2831 1896 2855 ιινιιι,

1705 2859 1782 2886 Γιυιιι.
1808 2867 1843 2886 .\ll
1869 2860 1898 2886 2.
