2089 3151
170 157 225 190 MS)

543 155 686 186 ORATIO
705 155 769 185 XX.
783 154 867 184 -ΙΝ
888 154 1046 184 LAUDEM
1065 153 1096 185 S.
1115 153 1304 185 GREGORII
1321 154 1458 186 THEOL.

1762 155 1815 189 450

172 219 257 249 atque
281 212 470 244 committens,
513 201 546 239 ac
579 218 627 246 per
656 217 702 237 cas
731 208 909 236 escensiones
937 207 964 234 in
988 212 1011 240 Α
1030 217 1063 236 ex
1082 217 1112 237 ea
1129 218 1190 244 qua:
1209 214 1287 237 vacat
1310 217 1442 245 corpore;
1473 209 1711 244 incomprehensa,
1728 219 1760 239 ex
1783 219 1814 239 ra

173 259 256 287 corde
278 259 428 293 dispottens
442 257 477 290 η,
502 262 652 292 menteque
681 256 708 283 in
729 256 818 290 ipsum
842 254 964 282 directus

173 307 287 338 ccelum,
313 305 387 332 hunc
402 305 482 340 plane
493 308 662 339 postrentnm
675 309 831 334 ascensum,
856 300 966 334 mentis,

173 353 300 383 rationis,
317 359 364 379 seu
392 351 471 378 Verbi
499 358 530 377 ac
558 349 677 384 Spiritus
708 347 967 382 contemplationem

173 396 318 432 disponit;
342 404 398 430 quo
420 395 525 423 scilicet
545 395 596 430 ipsi
611 395 694 425 clare,
708 401 770 428 qua:
797 393 878 420 scala:
904 392 969 419 huic

173 443 301 470 innititur
319 443 354 476 ⁸⁷,
376 442 459 469 unius
488 441 656 476 principatus
673 439 807 471 Trinitas,
823 439 969 474 copulatus

173 494 225 517 est.

164 566 166 568 _
210 535 326 562 Mentem
352 533 446 569 igitur,
462 533 576 560 rationis
596 540 644 559 seu
673 531 764 563 Verbi,
791 539 823 558 ac
851 530 969 564 Spiritus

174 588 314 609 auctorent
330 580 477 610 ciiicacent.
503 581 650 614 ritumque
674 579 748 606 nttllo
772 578 903 605 anteriori
920 585 970 603 au-

174 631 264 657 ctore,
281 625 401 652 arbitror
421 625 497 652 illum
519 625 687 652 intellexisse
704 625 751 660 (5),
773 625 898 659 itancqne
919 623 971 650 Pa-

177 678 262 700 terna:
278 672 416 704 essentitc,
442 678 502 706 quas
525 671 643 699 essentia
668 671 742 697 ontni
765 670 890 705 superior
917 673 970 702 est,

175 723 241 754 typo
258 719 408 753 accepisse.
443 717 594 745 Rationem
620 722 732 750 autem,
760 725 809 745 seu
838 716 970 748 Verbtttn,

176 765 250 792 velut
263 765 402 792 ttotiOttetn
417 768 499 798 atque
515 769 688 799 conceptum,
715 763 849 798 gigttctttis
873 763 972 790 metttis

176 818 281 838 natura:
296 811 534 838 accuratiSsitttattt
568 810 773 844 expressionem
802 817 833 836 ac
859 809 973 836 simula—

176 865 254 884 crum
271 861 413 891 spectasse
427 865 434 882 :
461 864 612 890 rursusque
626 855 770 890 Spiritum,
787 855 833 890 qtti
852 859 971 882 mentem

1024 263 1085 290 quae
1102 256 1298 291 comprehendi
1317 264 1370 283 non
1389 261 1496 290 potest;
1528 256 1688 291 ignotaque,
1721 265 1752 285 ex
1783 267 1815 286 ca

1020 308 1081 335 qua:
1097 301 1178 328 altior
1196 301 1291 328 notitia
1305 305 1359 327 est.
1377 301 1458 328 Solus
1473 301 1546 328 enim
1564 301 1689 334 Genitor,
1705 303 1744 329 nti
1761 307 1814 335 est,

1020 344 1118 372 Natum
1128 346 1284 380 cognoscit,
1296 345 1425 380 solusque
1436 346 1523 374 Natus
1534 346 1689 374 Genitorem
1701 348 1814 375 novit“.

1020 391 1258 424 Quemadmodum
1289 397 1379 419 autem
1405 392 1456 420 soli
1481 393 1590 427 quidem
1616 394 1708 421 tadius
1725 401 1817 421 comes

1021 437 1180 464 individuus
1206 438 1315 465 exsistit
1332 438 1485 473 (siquidem
1508 439 1581 473 quod
1605 444 1647 467 est
1675 440 1815 468 infinitum

1020 483 1153 518 exemplis
1172 484 1323 511 sollicitare.
1341 485 1427 517 decet,
1442 485 1530 519 iisque
1543 485 1576 512 de
1594 485 1639 512 illo
1656 487 1816 521 conjicere),

1023 531 1101 557 radio
1127 538 1192 558 vero
1220 531 1266 558 lux
1294 539 1402 566 semper
1419 532 1567 566 conjuncta
1588 539 1646 566 est;
1674 533 1714 560 sic
1744 534 1816 561 l‘atri

1022 577 1131 610 quidem
1149 577 1252 609 Filius,
1280 577 1351 605 Filio
1385 584 1475 606 autem
1508 579 1628 613 Spiritus
1655 579 1745 607 Patris
1764 588 1818 607 una

1022 630 1115 650 comes
1133 623 1220 651 adest.
1243 624 1279 651 Ac
1298 625 1370 652 sicut
1387 633 1527 660 nunquam
1543 626 1583 653 sol
1597 625 1647 654 iste
1659 627 1717 653 sine
1741 627 1817 653 radio

1023 676 1055 696 ac
1072 668 1132 696 luce
1150 669 1238 704 possit
1255 670 1397 703 exsistere,
1417 671 1454 697 ita
1473 678 1560 705 neque
1583 675 1613 698 ut
1641 670 1721 698 Pater
1741 671 1819 698 lumi-

1023 723 1088 742 num
1114 716 1220 750 absque
1235 715 1324 743 Verbo
1341 725 1373 744 ac
1387 716 1489 751 Spiritu
1516 717 1684 751 intelligatur
1697 725 1817 751 unquam

1024 761 1080 789 fiat.
1096 763 1134 789 Ex
1159 763 1206 789 illo
1229 771 1348 798 namque
1365 767 1496 798 tanquam
1511 771 1543 790 ex
1569 764 1660 791 radice
1678 771 1739 798 qua!
1755 772 1770 790 a
1788 771 1819 791 se

1025 809 1070 841 sit,
1086 810 1232 844 printoque
1252 815 1367 837 auctore
1387 818 1418 837 ac
1435 810 1561 845 originali
1580 810 1662 837 totius
1683 811 1819 845 angustis-

1026 854 1102 882 simm
1118 855 1227 882 deitatis
1240 856 1304 887 orti,
1321 860 1487 884 cozeternant
1510 856 1538 883 in
1561 856 1608 884 illo
1629 856 1818 884 exsistentiam

176 903 287 938 quidem
312 908 452 929 auctorem
469 910 500 928 ac
525 901 690 936 principium
709 901 808 928 haheat
832 901 882 936 (4),
901 900 975 927 velut
988 892 1011 922 Β
1027 901 1097 927 nacti
1117 906 1192 928 sunt.

176 956 255 983 aqua:
275 948 357 975 fontis
383 947 492 974 octtiunt
507 956 513 979 ;
534 947 621 973 instar
634 953 698 973 vero
711 946 794 978 fluvii,
821 953 869 981 per
885 950 974 973 scatu-

176 995 290 1030 riginent
306 994 450 1028 (rationem
459 992 566 1020 scilicet
578 991 766 1027 Vcrbumque)
785 992 919 1026 proﬂuat;
935 991 973 1018 uti

177 1041 309 1068 rationem
339 1039 513 1074 Verbuntqtte
539 1038 572 1065 ad
598 1038 682 1073 prolis
700 1039 820 1064 nativam
845 1045 907 1064 cutn
934 1037 974 1071 gi-

176 1091 276 1122 gnente
303 1086 375 1112 omni
408 1085 540 1119 majorem
578 1085 702 1111 essentia
741 1083 973 1110 necessitudinem

177 1131 306 1167 exemplo
329 1131 534 1164 declarandam,
561 1130 601 1157 sic
619 1132 651 1157 ad
671 1130 770 1156 divina:
788 1128 975 1163 processionis

182 1178 315 1213 aequalem
336 1186 398 1205 cum
417 1182 508 1204 tttettte
533 1177 699 1212 producente
712 1175 765 1203 sub
782 1175 899 1210 imagine
913 1174 974 1202 red-

177 1225 293 1251 dendam
323 1223 484 1258 dignitatem
505 1222 711 1250 considerasse.
733 1219 850 1246 Tantatn
872 1219 977 1246 scilicet

177 1278 293 1305 magnus
313 1270 356 1296 hic
388 1269 536 1303 divinaque
557 1267 687 1302 prxeclare
713 1265 844 1300 sapientia
869 1264 975 1299 fulgens

177 1316 286 1343 anitnus
309 1314 551 1350 contemplationis
566 1306 597 1340 vi.
614 1320 645 1340 ac
671 1312 789 1340 actionis
805 1309 975 1338 conscende-

178 1367 221 1390 tat
254 1362 414 1397 speculam;
443 1361 551 1396 ipsique
589 1359 769 1386 divinissinue
801 1364 832 1383 ac
859 1355 975 1390 principi

176 1409 274 1443 menti,
307 1407 407 1434 rationi
435 1415 482 1434 seu
511 1406 612 1440 Verbo,
635 1413 666 1433 ac
685 1403 811 1439 Spiritui,
836 1410 884 1437 per
900 1409 976 1428 atcu-

177 1460 231 1483 tem
249 1455 276 1481 in
292 1455 351 1490 ipso
376 1453 563 1485 exsistenlcm,
580 1452 751 1486 vctbumque
767 1457 814 1477 seu
828 1448 973 1480 tationem,

176 1509 210 1529 ac
238 1501 366 1536 spiritum
395 1506 580 1527 consuescens
605 1504 783 1532 versansque,
805 1495 975 1522 intemeratis

1061 945 1298 979 Quemadmodum
1315 951 1405 974 autem
1423 947 1512 974 tribus
1526 946 1631 974 facibus
1645 946 1705 981 pari
1718 947 1818 974 tnicatu

1026 992 1052 1018 in
1068 992 1150 1019 domo
1170 994 1304 1025 accensis,
1328 1001 1382 1020 una
1398 994 1509 1028 quidem
1535 994 1617 1020 trium
1646 993 1820 1028 conspicitur

1026 1038 1083 1071 lux,
1113 1038 1150 1065 ita
1177 1043 1269 1066 tamen
1290 1044 1319 1066 ut
1341 1040 1381 1067 sic
1402 1039 1550 1067 uniformis
1568 1039 1754 1074 subjectarum
1778 1040 1820 1066 fa-

1025 1084 1098 1112 ciunt
1129 1085 1197 1112 nihil
1230 1085 1438 1113 distinctionem
1474 1086 1642 1117 confundat.
1673 1093 1735 1113 cum
1763 1087 1820 1114 suis

1026 1130 1153 1165 quodque
1167 1132 1284 1166 propriis
1299 1133 1371 1160 notis
1383 1141 1397 1160 a
1409 1133 1531 1168 compari
1546 1132 1654 1160 differat
1676 1140 1708 1160 ac
1730 1140 1821 1160 secer-

1026 1181 1132 1204 natur:
1149 1178 1199 1208 sic.
1225 1186 1287 1205 cutn
1317 1187 1370 1206 una
1395 1180 1524 1212 essentia,
1553 1179 1578 1206 id
1591 1183 1643 1211 est,
1669 1179 1768 1212 deitas,
1792 1179 1819 1206 itt

1026 1221 1110 1250 Patre
1123 1227 1150 1250 et
1168 1222 1239 1251 Filio
1253 1230 1279 1252 et
1297 1224 1400 1260 Spiritu
1418 1230 1513 1252 sattcto
1529 1226 1731 1257 consideretur,
1748 1233 1821 1259 qua:—

1026 1268 1088 1294 dam
1116 1268 1239 1302 singulos
1271 1275 1478 1305 consequuntur
1494 1271 1673 1306 proprietates
1696 1269 1822 1297 immobi-

1028 1314 1078 1347 les,
1097 1315 1200 1350 quibus
1223 1324 1403 1351 personarutn
1423 1317 1495 1345 tritta
1513 1317 1656 1345 distinctio
1672 1317 1821 1344 inconfuse

1027 1362 1165 1389 consistit.

1062 1408 1192 1441 Qua-nam
1206 1408 1288 1444 igitur
1308 1413 1372 1436 sunt
1392 1409 1593 1443 proprietates?
1614 1408 1727 1443 Nempe,
1746 1409 1822 1444 inge~

1027 1455 1127 1487 ttitum,
1147 1455 1288 1488 nativitas,
1304 1463 1336 1483 ac
1363 1457 1516 1490 processio.
1534 1455 1602 1483 Esse
1619 1456 1692 1483 enim
1711 1456 1820 1483 Patrem

1027 1502 1137 1536 quidem
1154 1502 1320 1537 ingenitum,
1341 1503 1415 1537 qttod
1436 1503 1504 1529 nulli
1523 1502 1629 1530 auctori
1654 1510 1686 1530 ac
1717 1503 1821 1535 princi-

177 1555 260 1583 supra
280 1546 393 1574 modum
413 1545 508 1572 allusis
526 1544 611 1572 radiis
640 1544 817 1578 replebatur;
840 1543 974 1568 sacratio-
989 1562 1010 1590 ϐ
1028 1548 1073 1582 ι,ίο
1098 1548 1279 1581 subjiciatur;
1313 1548 1460 1582 omnisque
1485 1548 1643 1583 quicunque
1669 1553 1764 1576 auctor
1789 1555 1822 1576 ac

177 1602 280 1629 resque
298 1601 345 1620 eas
358 1592 499 1620 doctrinas
523 1600 554 1618 :tc
566 1590 735 1618 initiationes
751 1588 974 1619 nanciscebatur,

176 1649 238 1677 qum
257 1640 372 1668 rationis
390 1639 444 1666 vim
464 1646 574 1665 omnem
592 1643 765 1672 superarent.

213 1687 248 1714 At
270 1687 398 1721 quisnam
417 1684 576 1712 sacratioris
595 1683 668 1710 illius
696 1682 828 1710 doctrinm
857 1683 977 1709 modus?

178 1733 294 1760 Praestat
316 1731 400 1764 enim,
419 1737 494 1766 puto,
513 1733 542 1756 nt
569 1734 595 1756 et
610 1729 694 1761 illius,
711 1728 802 1763 quoad
821 1729 899 1755 nobis
912 1736 977 1755 con-

178 1786 298 1811 cessum,
329 1776 553 1808 meminerimus;
572 1779 600 1801 ttt
617 1774 848 1808 quemadmodum
866 1774 978 1808 reliqua:

178 1824 301 1856 virtutis,
332 1825 372 1850 sic
399 1827 425 1849 et
441 1822 514 1848 illius
541 1821 640 1848 divinae
665 1820 868 1854 praedicationis
897 1826 978 1854 atque

179 1871 310 1898 doctrina:
321 1869 436 1896 formant
447 1868 607 1894 habeamus.
615 1865 744 1898 Quzenam
758 1865 838 1900 igitur
847 1866 978 1892 sacratior

177 1916 302 1943 det-trina
329 1921 361 1941 ac
390 1912 527 1940 initiatio?
544 1912 614 1938 Deus
644 1911 670 1938 itt
694 1910 783 1937 tribus
798 1911 924 1946 personis
939 1911 979 1937 in-

179 1961 320 1996 tclligitur.
336 1959 419 1992 Deus,
433 1959 478 1994 qui
492 1958 622 1994 primum,
640 1957 785 1991 Solumquc
800 1964 832 1984 ac
843 1965 906 1984 vere
931 1958 977 1984 sit.

179 2007 295 2040 Sit,non
310 2004 572 2037 factussit;tamctsi
589 2004 615 2031 id
633 2003 819 2038 postea,circa
836 2003 935 2030 Filium
948 2011 979 2030 ac

178 2062 262 2089 quam
271 2052 420 2088 assumpsit
430 2051 636 2084 humanitatem,
648 2049 914 2084 obtigitNivilicans,
924 2057 978 2076 nott

179 2099 227 2135 qui
238 2098 403 2131 vitivieclur;
414 2097 582 2128 illutttittatts,
603 2103 656 2122 non
666 2095 711 2130 qui
722 2095 888 2122 illuntinelttr
900 2103 908 2129 ;
918 2102 982 2122 san-

180 2145 273 2172 ctitate
281 2144 417 2176 imbuens,
428 2151 482 2171 non
492 2142 538 2178 qui
548 2141 686 2168 imbuatur
698 2150 704 2174 ;
715 2140 840 2176 principii
864 2139 980 2174 finisque

180 2197 291 2225 expers,
319 2194 449 2222 attentus,
476 2188 606 2221 essentia,
626 2187 692 2221 vita,
717 2186 819 2214 deitate
836 2186 979 2221 superior;

1026 1593 1190 1628 principium
1209 1594 1389 1629 intelligatur,
1408 1594 1450 1620 vel
1462 1594 1580 1627 dicatur,
1597 1599 1691 1621 auctor
1703 1595 1820 1622 exsistat

1028 1638 1139 1666 otnnino
1170 1639 1286 1674 primus,
1313 1647 1483 1674 prorsttsque
1509 1639 1661 1674 originalis.
1691 1639 1820 1667 Genitum

1027 1691 1092 1711 vero
1110 1685 1221 1715 Filium.
1241 1691 1371 1720 tanquam
1392 1685 1512 1713 Verbum
1538 1691 1620 1721 atque
1646 1687 1820 1720 Sermonem,

1031 1737 1063 1756 cx
1081 1729 1161 1757 Patre
1170 1735 1259 1758 mente
1270 1736 1375 1758 natttm.
1390 1731 1564 1759 Processisse
1580 1737 1671 1758 atttem
1688 1731 1821 1766 Spiritum

1029 1781 1166 1810 sanctum,
1184 1784 1232 1804 ceu
1249 1784 1344 1804 verum
1359 1777 1486 1804 essentia:
1507 1782 1626 1812 paternze
1653 1777 1816 1805 delluvinm.

1028 1822 1097 1850 Esse
1111 1826 1202 1850 autem
1218 1823 1289 1850 sicut
1305 1822 1404 1850 Filium
1421 1829 1540 1858 paternae
1564 1823 1660 1851 formae
1685 1832 1718 1851 ac
1739 1824 1821 1851 clari-

1030 1869 1105 1901 tatis,
1118 1869 1157 1896 sic
1173 1869 1251 1902 plane
1268 1869 1350 1896 etiam
1375 1869 1507 1904 Spiritum
1525 1869 1585 1896 Filii
1604 1870 1764 1897 invariabile
1784 1870 1822 1896 si-

1031 1915 1182 1942 mulacrum
1196 1915 1246 1949 (Β).
1265 1915 1331 1942 Nam
1347 1916 1578 1950 quemadmodum
1594 1924 1682 1947 mens,
1701 1918 1759 1949 ejus
1774 1916 1821 1951 qui

1030 1959 1058 1986 in
1082 1959 1161 1986 nobis
1185 1959 1312 1986 internus
1339 1966 1429 1986 sermo
1452 1965 1504 1990 est,
1530 1960 1604 1987 velut
1627 1960 1688 1987 fons
1704 1961 1821 1995 exsistit,

1030 2005 1181 2039 cadentque
1198 2006 1255 2039 ipsa
1269 2005 1351 2032 etiam
1369 2006 1504 2032 sertuonis
1530 2006 1576 2040 qui
1594 2014 1642 2034 ore
1671 2007 1821 2041 profertur,

1031 2057 1063 2077 ac
1083 2057 1195 2077 sensum
1217 2050 1312 2084 tangit,
1327 2055 1424 2076 auctor
1449 2054 1508 2083 est;
1536 2058 1630 2077 verum
1658 2048 1821 2087 concepiuttt

1031 2096 1152 2130 quidem,
1170 2096 1243 2122 velut
1269 2096 1312 2123 sui
1332 2096 1423 2122 vivum
1450 2096 1628 2124 simulacrum
1649 2098 1764 2133 mystice
1790 2105 1823 2126 ac

1032 2146 1138 2169 sccrclo
1152 2142 1255 2177 gignit;
1272 2149 1422 2177 conceptus
1437 2150 1500 2170 vero
1520 2151 1617 2170 rursus
1631 2144 1821 2178 simulacrum,

1033 2194 1186 2214 sermoncttt
1203 2187 1318 2220 scilicet,
1346 2188 1451 2223 profert
1481 2196 1512 2216 ac
1532 2189 1588 2216 edit
1605 2198 1611 2216 :
1630 2189 1666 2216 ita
1682 2197 1759 2217 mens
1778 2190 1822 2218 illa

181 2237 273 2264 omnis
303 2236 430 2264 essentia:
452 2235 589 2266 conditor,
615 2233 706 2261 ontnis
730 2233 859 2268 potentia:
883 2233 976 2266 robur,
993 2230 1105 2260 Donttti
1121 2233 1209 2268 tttajor
1234 2234 1366 2269 cogitatu,
1389 2234 1542 2269 primaque,
1563 2239 1696 2269 quantum
1717 2243 1749 2262 ex
1778 2244 1823 2263 re-

180 2282 271 2310 omnis
284 2288 361 2309 actus
383 2281 547 2315 amatusque
559 2279 687 2312 effector;
703 2279 837 2310 omnium,
851 2278 977 2306 uniterse

180 2327 328 2362 loquendo,
346 2335 443 2354 eorum
455 2333 516 2362 quae
532 2329 607 2357 sunt,
621 2324 830 2356 intellectilium,
842 2325 975 2352 utentium

181 2375 300 2406 ratione,
317 2373 458 2400 sensiliunt
480 2379 578 2400 causas
596 2371 774 2398 uniformiter
791 2378 824 2398 ac
854 2371 975 2405 comple-

181 2419 264 2445 xione
281 2418 307 2446 in
325 2419 418 2453 seipso
430 2417 603 2453 pt'a‘itabcns.

218 2463 362 2498 Nullisque
378 2463 468 2490 adhuc
481 2463 562 2490 rebus
576 2463 602 2489 itt
620 2467 746 2489 naturam
771 2463 915 2497 productis
930 2466 973 2489 at-

181 2517 237 2544 que
260 2509 351 2541 editis,
381 2513 442 2536 erat
471 2508 516 2534 lux
538 2515 599 2534 vera
626 2514 657 2534 ac
683 2507 781 2541 prima,
800 2507 881 2534 Pater
894 2506 974 2534 lumi-

183 2562 248 2580 num
267 2553 300 2586 ",
315 2562 347 2581 ex
361 2561 415 2589 quo
428 2557 491 2580 ante
499 2552 600 2580 sa'cula
616 2551 702 2578 Filius
711 2560 742 2578 ae
758 2551 877 2579 Verbum
889 2552 975 2586 prima

183 2600 310 2628 similiter
325 2608 444 2635 veraque
464 2600 509 2626 lux
528 2599 628 2627 eximie
653 2599 782 2633 effulget;
802 2599 975 2633 incorporea,

229 2698 252 2713 "
269 2697 343 2726 Psal.
359 2705 476 2729 Lxxxm.
492 2696 519 2725 6.
558 2697 581 2713 ⁸⁷
598 2696 666 2724 Gen.
680 2703 777 2722 xxvttt.
798 2695 840 2722 15.

220 2804 345 2838 (5)6reg.
362 2809 433 2831 orat.
450 2804 492 2835 l5,
510 2811 537 2838 p.
557 2803 620 2830 2H.

219 2839 258 2874 (ir)
272 2840 348 2866 Orat.
367 2839 411 2870 57,
430 2848 445 2874 p
461 2839 524 2866 (iii.

219 2871 258 2910 (5)
272 2874 310 2903 lta
324 2873 381 2902 fere
400 2871 497 2908 Graeci,
511 2881 565 2902 non
577 2872 657 2901 facile
672 2872 773 2905 Latini,
791 2874 892 2908 quibus
911 2871 975 2907 Spi-

916 2694 939 2711 ⁵⁸
956 2694 1015 2722 Jac.

1031 2279 1083 2306 bus
1098 2278 1206 2313 exiguis
1222 2278 1285 2306 licet
1304 2286 1366 2314 qua:
1382 2284 1446 2306 sunt
1459 2280 1578 2306 maxima
1601 2280 1750 2315 conjicere,
1764 2282 1823 2308 vel-

1030 2328 1060 2350 ut
1079 2324 1162 2350 alium
1182 2331 1221 2355 se,
1249 2324 1385 2357 innatum,
1403 2332 1434 2351 ac
1456 2325 1667 2352 substantialent
1685 2331 1747 2353 ante
1773 2336 1823 2354 sa:-

1032 2369 1124 2396 cttlutn
1145 2369 1320 2403 Sermonem,
1334 2378 1381 2397 sett
1400 2369 1533 2404 Verbum,
1556 2372 1662 2407 gignit;
1694 2373 1824 2408 t‘eltttque

1030 2413 1190 2441 Setmouem
1206 2414 1309 2448 alitttn,
1338 2423 1385 2442 seu
1413 2415 1532 2443 Verbum
1569 2424 1666 2444 rursus
1691 2416 1823 2453 Spiritunt

1031 2457 1171 2493 (Verbum
1203 2459 1307 2486 scilicet
1336 2460 1442 2488 virtutis
1468 2461 1584 2497 suae")
1613 2462 1755 2496 proferetts
1791 2472 1824 2492 ac

1029 2505 1123 2537 edens,
1135 2504 1161 2530 in
1176 2512 1208 2531 eo
1223 2510 1376 2532 creaturam
1394 2506 1547 2533 universam
1572 2507 1698 2535 absolvit.

1066 2550 1186 2578 Trinitas
1204 2551 1286 2586 igitur
1299 2552 1325 2578 itt
1340 2552 1468 2586 Unitate;
1487 2557 1568 2587 atquc
1587 2552 1719 2581 Uttilasin
1733 2555 1824 2582 Trini-

1031 2601 1096 2630 tate,
1116 2598 1272 2625 declaratur
1290 2598 1316 2625 id
1333 2598 1405 2633 qttod
1421 2599 1538 2627 colintus
1555 2608 1562 2627 :
1582 2599 1714 2633 Trinitas,
1730 2607 1823 2635 perso-

1035 2702 1054 2728 ι,
1073 2695 1116 2722 l7.

1155 2695 1178 2712 ⁸³
1194 2694 1292 2723 Matth.
1306 2703 1343 2729 xt,
1357 2695 1404 2722 27.
1459 2696 1481 2712 ⁶⁰
1495 2696 1602 2730 Hebro,
1616 2696 1643 2723 5.

1032 2803 1101 2831 ritus
1112 2804 1135 2830 vi
1154 2803 1268 2839 originis
1292 2804 1443 2833 formaliter
1464 2811 1519 2832 n0n
1537 2803 1572 2831 sit
1589 2801 1698 2836 similis,
1713 2800 1764 2829 etsi
1778 2807 1824 2830 re-

1033 2838 1091 2874 ipsa
1105 2844 1157 2874 est,
1175 2838 1215 2868 uti
1230 2845 1256 2867 et
1270 2839 1353 2868 Deus.
