2089 3151
275 144 324 177 451

878 136 1024 168 NICET/E
1038 134 1302 167 PAPHLAGONIS
1861 132 1912 164 452

279 200 334 230 uis.
361 202 443 233 atque
470 196 581 229 llnilas,
613 192 751 227 essentia;
785 193 978 225 immutabilis,
1010 192 1068 227 pari
1083 192 1327 227 Adel‘ungeretur,
1345 194 1473 219 naturam
1487 190 1597 219 interitu
1614 194 1750 218 mortuam
1763 186 1907 223 excitaret,

279 244 407 273 sublimis
420 244 534 275 honore,
545 243 705 269 intemerata
723 245 839 271 natura;
853 239 947 266 cadent
961 238 1070 273 prtcful-

280 298 347 327 gens
359 290 493 321 claritate.
508 288 601 315 eodem
629 287 730 314 throno
753 286 852 313 sedens
876 294 882 312 ε
903 293 956 311 uua
974 284 1071 311 volun-

281 342 331 370 tas,
348 344 402 364 una
420 335 551 370 operatio,
567 333 661 360 eadem
675 332 782 365 virtus;
798 335 931 366 potestas,
948 330 1070 357 domina-

281 383 329 414 tio,
348 389 460 416 regnum
480 388 533 407 non
549 379 679 406 divisum.
705 377 785 404 Nullo
807 377 880 403 enim
908 376 988 403 ntodo
1010 384 1071 410 quae

279 433 386 455 suntex
405 427 463 461 ipsa
488 424 600 459 (mente)
629 424 664 451 ab
701 423 758 457 ipsa
783 423 923 454 differunt;
953 429 1069 456 quarum

280 473 356 500 alteri
367 472 485 507 quidem,
497 475 526 497 ut
536 471 674 505 gignatur,
687 469 775 500 alteri,
787 467 949 503 utprocedat
963 471 1069 499 auctor,

280 518 398 546 exsistit.

316 564 362 591 Sic
387 563 496 598 qttidcm
519 562 603 598 igitur
634 565 757 593 sanctus,
788 560 887 587 Sancta
914 564 1069 587 sanctorum

279 610 412 637 secretius
427 610 535 639 doctus.
560 613 692 643 quatttutn
719 606 793 634 brevi
815 613 940 633 serntone
969 613 1069 640 reprte-

280 662 390 684 seutare
425 656 498 686 licet,
540 655 683 689 defixaque
710 654 774 680 huic
802 653 943 687 tltcologim
972 652 1070 679 utentis

279 704 347 735 acie,
372 706 433 736 post
452 709 511 729 eant
539 701 645 731 ordine,
669 707 729 735 qua:
755 699 836 726 ctiant
857 699 888 725 ad
903 702 991 725 creata
1008 705 1070 732 spe-

249 761 257 785 ;
279 753 364 780 etaut,
393 747 501 774 divinas
525 745 733 780 prazdieationes
762 744 874 778 aptavit.
905 743 981 770 llautl
1004 749 1069 769 vero

278 794 327 821 abs
358 801 386 820 re
401 792 526 822 forsitan.
554 796 583 817 ttt
600 795 627 818 et
644 791 740 816 horutn
758 789 862 824 paucis,
880 797 912 816 ex
937 788 1023 816 sacris
1036 788 1070 814 il-

279 841 332 868 lius
358 839 488 873 eloquiis,
507 838 726 864 meminerimus.
746 836 850 870 Duplici
866 836 938 862 enitn
957 835 1068 867 mundo,

279 895 310 914 ea
328 894 388 920 qua:
405 889 480 916 sunt,
505 891 612 911 sumuta
628 883 759 917 colligens
773 882 822 917 (6;.
847 887 929 916 atque
955 881 1068 908 alterunt

279 932 390 967 quidem
411 930 546 965 ejusmodi
564 934 595 956 ut
614 935 705 955 mente
719 928 895 963 intelligatur,
914 928 1028 954 alterum
1042 931 1072 953 ttt

279 985 361 1004 settsu
380 976 481 1011 percipi
499 976 604 1011 possit;
622 976 740 1009 primunt
754 975 882 1006 alterunt,
901 973 1008 1007 Deoipte
1026 972 1069 999 f.t-

279 1023 430 1054 ntiliarem,
460 1026 545 1056 atque
566 1021 734 1056 intelligendi
750 1020 774 1047 vi
792 1019 951 1055 prtrdituut;
971 1026 1072 1046 secun-

278 1069 344 1095 dum
370 1068 498 1099 alterum,
516 1071 733 1100 extrancuutqtte
751 1073 765 1091 a
782 1066 892 1096 deitate,
908 1072 940 1091 ac
957 1064 1070 1091 ntateria

278 1117 449 1145 concretum,
463 1112 618 1147 intelligens
631 1121 638 1144 ;
657 1113 792 1139 utrumvis
803 1111 837 1138 ab
850 1111 936 1138 altero
962 1110 1072 1145 sapien-

280 1159 383 1185 tissima
399 1158 504 1185 ratione
535 1165 567 1185 ac
585 1165 668 1184 sensu
688 1157 830 1185 discernit.

315 1203 424 1231 Etenim
456 1203 574 1231 alterum
607 1203 717 1236 quident
755 1203 917 1238 spiritalem.
944 1202 1071 1237 velutqtte

278 1249 399 1277 essentia
422 1249 532 1285 igneum
562 1257 594 1276 ac
611 1248 771 1276 deiformeut
795 1248 941 1283 (angelicas
968 1248 1073 1275 scilicet

280 1299 445 1327 uaturas,ac
457 1303 472 1322 a
486 1302 602 1330 corpore
614 1294 777 1329 absolutas),
794 1294 910 1321 alterunt
927 1301 992 1321 vero
1006 1301 1070 1321 cor-

283 1349 396 1376 porettm
419 1346 475 1368 tum
492 1348 562 1373 esse,
582 1345 637 1367 tmtt
655 1340 706 1367 sibi
722 1340 810 1374 ipsum
823 1344 994 1375 compactunt
1008 1347 1071 1374 par—

281 1387 408 1421 tibusque
420 1394 594 1419 connexum;
616 1386 664 1421 qui
680 1393 776 1420 nempe
796 1393 828 1413 ex
852 1385 1010 1413 continente
1026 1393 1072 1413 re-

280 1441 342 1460 rutn
381 1432 454 1460 hanc
482 1433 702 1464 universitatem,
731 1440 762 1459 ac
789 1432 930 1459 elementis
956 1436 1074 1467 quatuor

277 1482 393 1506 constet.
411 1477 451 1505 Ad
466 1478 579 1512 majoris
590 1482 683 1505 autem
719 1478 858 1512 sapientiae
879 1478 1027 1512 specimen,
1039 1485 1072 1504 ex

1123 243 1204 273 atque
1219 239 1253 265 ad
1272 238 1435 266 diviniorem
1453 238 1536 264 vitam
1550 236 1719 264 transferret.

1157 284 1299 318 Ejusmodi
1333 287 1412 310 erattt
1444 291 1505 318 qua:
1541 282 1697 317 Theologns
1725 282 1860 308 hactenus
1883 281 1910 308 in

1121 330 1208 357 Ponto
1238 330 1338 364 degens
1355 349 1363 361 ,
1392 328 1644 363 pltilosopltabatur.
1670 326 1732 354 Haec
1755 327 1828 361 prius
1857 326 1912 353 illic

1122 381 1212 404 mente
1252 375 1416 410 speculando
1459 373 1661 407 contemplatus
1703 377 1765 404 est;
1799 376 1911 406 tumque

1121 429 1218 457 poStea
1246 428 1374 448 sermone
1407 426 1459 454 pro
1484 418 1614 453 Tltcologi
1641 417 1763 451 pattibus
1788 417 1909 443 dictavit.

1121 468 1210 502 Atque
1237 467 1282 494 hic
1305 467 1365 500 ejus
1390 465 1558 496 solitudinis,
1586 471 1639 498 qua
1667 470 1788 489 erentuut
1814 463 1910 494 co'uit,

1122 513 1229 540 fructus
1243 516 1440 545 est,quantum
1469 509 1535 536 milii
1558 509 1684 543 equidem
1709 515 1751 534 res
1779 507 1850 541 ejtts,
1877 514 1911 533 ex

1122 559 1267 593 ipsittsmet
1284 557 1405 591 scriptis,
1424 555 1519 582 saltent
1548 554 1653 581 ntodice
1672 553 1766 580 daluttt
1792 556 1833 579 est
1848 560 1911 586 pro-

1121 604 1210 639 sequi.

1157 649 1253 676 Totam
1269 648 1350 682 igitur
1365 651 1482 674 veterem
1499 650 1639 679 totamque
1661 650 1770 676 novam,
1783 649 1836 678 qua
1850 642 1910 669 ttul-

1121 696 1166 723 lus
1182 696 1330 731 sagacitate
1346 699 1403 722 tum
1421 691 1620 727 autiquiorunt,
1636 695 1693 718 tttm
1707 697 1777 724 quos
1794 697 1911 724 sequens

1121 742 1234 778 protulit
1242 746 1318 773 attas,
1334 740 1503 774 Scripturam
1521 738 1688 770 meditatus;
1707 735 1847 770 divinique
1866 743 1913 762 cu-

1119 789 1221 824 jusque
1236 787 1308 814 verbi
1330 794 1362 814 ac
1375 785 1450 812 vocis
1464 788 1619 811 accuratam
1635 782 1769 812 notitiam,
1783 781 1912 815 primam-

1123 842 1175 870 que
1183 833 1306 861 veritatis
1317 831 1525 866 iulelligentiant
1535 829 1628 857 divino
1637 827 1740 862 Spiritu
1748 830 1913 861 praeceptore

1123 880 1258 908 sacratius
1278 879 1405 910 edoctus;
1422 884 1523 904 aecum
1542 876 1577 902 ita
1597 874 1642 901 Dei
1652 873 1807 909 paradisum
1822 871 1912 898 fructu

1122 927 1195 954 omni
1205 924 1506 958 dulcissimo,bonoque
1518 921 1718 955 omnicogitatu
1730 928 1762 947 ae
1776 919 1911 946 intellectu

1122 972 1286 1003 confertum.
1303 978 1382 998 suum
1397 970 1455 1004 ipse
1470 968 1591 995 animum
1607 965 1781 996 reddidisset,
1800 963 1913 991 reverti-

1123 1025 1188 1051 tur;
1206 1018 1325 1053 priutum
1343 1016 1453 1051 quidem
1482 1014 1570 1041 sacris
1591 1011 1762 1047 parentibus,
1791 1010 1837 1045 qui
1853 1009 1913 1043 ejus

1125 1064 1244 1091 maxime
1273 1069 1335 1090 cum
1360 1059 1486 1096 spiritali.
1503 1063 1561 1086 tum
1575 1056 1710 1092 corporali
1735 1063 1785 1090 ope
1808 1055 1914 1090 indige—

1123 1114 1194 1141 rent,
1209 1113 1322 1142 tumque
1335 1107 1417 1134 etiam
1444 1105 1573 1132 omttihus
1589 1103 1689 1138 quibus
1718 1106 1791 1130 esset
1821 1101 1914 1128 animo

1123 1154 1302 1182 constitutum
1324 1156 1354 1179 ut
1381 1151 1511 1186 pietatem
1543 1149 1673 1180 colerent.
1693 1147 1718 1174 itt
1738 1153 1912 1174 communem

1123 1208 1152 1228 se
1170 1200 1331 1229 utilitatem,
1350 1198 1438 1231 iisque
1454 1195 1597 1227 utendum,
1611 1201 1760 1228 exponens.

1159 1246 1198 1273 Ac
1217 1245 1290 1272 sicut
1305 1243 1412 1274 Petrus,
1438 1240 1538 1269 Clu-isti
1563 1239 1760 1274 discipulorum
1778 1241 1912 1272 praestan-

1124 1292 1237 1319 tissima:
1252 1289 1380 1325 primitize
1408 1295 1440 1315 ac
1457 1287 1567 1315 coronis
1583 1295 1590 1313 :
1612 1291 1694 1320 atque
1710 1285 1837 1311 universe
1853 1282 1911 1309 dei-

1124 1337 1219 1364 fortnis
1247 1335 1336 1363 omnis
1364 1333 1557 1370 apostolorum
1584 1331 1705 1362 cltorus,
1720 1333 1776 1356 tota
1795 1328 1913 1363 primttm

1124 1381 1281 1409 sinceritate
1331 1378 1533 1406 divinissimum
1572 1382 1734 1409 summeque
1764 1372 1914 1408 principem

1123 1428 1215 1455 Jesum
1243 1426 1386 1457 asscctati,
1404 1424 1521 1458 fideique
1538 1423 1669 1450 doctrina:
1696 1425 1829 1448 navanles
1847 1425 1915 1454 ope-

1123 1481 1193 1505 ram,
1210 1472 1282 1500 omni
1300 1471 1410 1506 quidem
1429 1469 1513 1497 animi
1541 1468 1650 1495 macula
1677 1466 1914 1500 altstergebantur,

278 1525 478 1551 contrariorum
496 1523 625 1551 mistione
652 1532 737 1551 uttttut
753 1524 888 1558 quoddam
914 1524 1012 1550 animal
1027 1531 1070 1550 ar-

1125 1519 1256 1552 outuique
1268 1517 1368 1544 divinae
1383 1515 1506 1543 scienlize
1518 1514 1580 1540 luce
1607 1512 1798 1547 replebaulur;
1824 1508 1914 1545 perfe-

278 1571 350 1598 tilice
364 1570 468 1597 ratione
482 1570 653 1603 compegisse
665 1577 673 1601 ;
694 1569 828 1602 ejusmodi
843 1569 957 1602 scilicet,
971 1574 1001 1596 ut
1013 1574 1068 1596 tttm

278 1623 342 1642 caro
362 1615 487 1647 exsistat,
506 1618 636 1649 tanqttatu
652 1622 685 1640 ex
713 1615 827 1641 ntateria
844 1622 859 1642 e
875 1619 947 1642 terra
965 1614 1069 1642 forma-

277 1664 481 1693 tum;tumque
498 1659 622 1694 spiritus,
648 1663 777 1693 tanquam
807 1659 965 1692 iusuﬂlatio,
989 1663 1070 1694 atque

279 1705 340 1739 ejus
366 1705 518 1746 similitudo
536 1704 581 1739 qui
609 1705 646 1731 illi
670 1705 828 1732 insutllavit.
855 1705 953 1737 Porro,
984 1709 1069 1732 tottttn

277 1755 437 1778 concretum
459 1751 521 1781 ltoc,
548 1750 687 1777 hominem
716 1751 864 1785 exstitisse,
886 1752 985 1779 utentis
1009 1760 1070 1779 sett-

276 1802 381 1829 susque
401 1799 572 1829 compotem;
595 1799 625 1822 ut
637 1803 720 1822 sensu
744 1796 866 1830 quideut,
885 1796 918 1823 iis
935 1804 995 1831 qua:
1007 1804 1071 1824 seu-

279 1841 340 1867 silia
352 1844 415 1868 sttnt
429 1859 436 1872 ,
459 1846 549 1868 mente
569 1848 644 1873 vero,
670 1841 713 1869 his
728 1849 789 1876 quat
820 1842 986 1869 iutcllectilia
1011 1847 1070 1869 latt-

279 1894 362 1922 qnam
380 1880 562 1914 familiaribus
579 1892 786 1914 consuesceret.

314 1931 401 1963 Hunc,
423 1932 547 1959 utsacris
560 1932 695 1967 proditum
711 1933 820 1960 Litteris
831 1938 882 1966 est,
899 1934 925 1960 in
941 1934 1070 1969 paradiso

279 1977 441 2005 collocatum
474 1985 536 2005 esse
564 1978 759 2006 immortalium
782 1980 949 2014 plantarum.
968 1981 993 2008 id
1017 1985 1068 2014 est,

278 2023 434 2051 divinorum
476 2031 618 2051 sensorum
666 2030 845 2059 spectatorent
872 2034 879 2053 :
909 2027 1069 2061 nequissimi

280 2075 344 2095 vero
371 2068 506 2102 serpentis
532 2068 656 2096 consiliis
679 2070 833 2102 seductuut,
851 2078 883 2098 ac
898 2078 960 2098 cum
979 2072 1070 2099 minus

279 2114 411 2140 hactettus
428 2121 577 2148 congruam
594 2113 751 2148 intportutte
780 2115 995 2149 speculationem
1008 2117 1070 2144 atti-

279 2159 372 2193 gisset,
384 2164 441 2186 tum
462 2160 496 2186 ab
515 2159 574 2194 ipso
587 2160 739 2194 conditore,
755 2165 811 2188 tum
830 2169 845 2188 a
861 2163 990 2196 paradiso
1011 2171 1062 2191 vo-

279 2206 390 2240 luptatis
405 2210 547 2233 cxtorrem
566 2207 665 2233 merito
677 2207 793 2242 ejectum
811 2216 882 2236 esse.
902 2208 967 2237 Inde
989 2210 1071 2237 vitatu
1089 2201 1110 2229 ο

279 2252 361 2279 nullis
373 2252 515 2279 molestam
529 2252 680 2285 laboribus,
691 2257 822 2289 extraque
836 2254 960 2282 interitus
971 2256 1070 2290 aleam,

279 2296 437 2328 sudoribus,
464 2303 496 2323 ac
517 2295 672 2328 laboribus,
696 2303 841 2332 tnorthue
873 2304 1069 2326 contntutasse.

280 2339 344 2367 Inde
376 2347 514 2372 serntouc,
546 2339 616 2375 iege,
639 2340 789 2375 judicibtts,
824 2343 974 2377 propltetis,
995 2345 1071 2371 ottttti

267 2380 377 2429 {genere
391 2385 596 2418 benelicioruttt,
609 2386 739 2421 omnique
755 2388 925 2422 ﬂagellorum
947 2389 1070 2424 periculo

268 2431 469 2464 ’femcientem,
487 2433 587 2467 vixque
601 2433 784 2466 tractabilem,
812 2435 878 2469 quitt
895 2434 1069 2470 desperatum

279 2476 403 2510 omnino,
425 2485 457 2505 ac
490 2478 682 2511 insanabilem,
699 2486 732 2506 eo
754 2478 901 2512 adductus,
931 2485 961 2507 ut
979 2481 1069 2516 primo

280 2523 538 2558 indigeretanxilio,
567 2532 751 2559 supremoque
764 2526 903 2554 curandus
937 2531 1009 2554 esset
1028 2535 1071 2554 re—

277 2569 378 2597 utedio.
393 2569 423 2597 ltt
443 2577 475 2597 eo
494 2570 560 2596 illtul
573 2571 705 2604 posituut,
722 2575 751 2597 ιιι
769 2571 826 2606 ipse
842 2572 913 2599 Deus
937 2571 1067 2605 Verbum,

277 2615 369 2642 carnis
388 2622 498 2650 expers,
511 2615 604 2642 carnis
617 2622 682 2650 ergo
696 2623 729 2642 ex
744 2616 872 2650 virgineis
889 2617 1068 2651 sattguiuibus

279 2668 392 2688 carttem
419 2661 565 2694 indueret;
584 2661 739 2696 animatque
769 2661 929 2696 intelligenti
960 2667 1070 2698 propter

279 2707 399 2735 animam
430 2706 682 2740 cotntttisccrctur;
707 2715 740 2735 ac
769 2715 822 2743 qua
843 2707 953 2736 demum
983 2714 1070 2738 morte

312 2780 333 2795 "
350 2778 438 2806 lCor.
456 2786 497 2810 ιιι,
514 2778 558 2806 17.
597 2778 618 2794 ⁶¹
633 2778 691 2806 Jac.
706 2787 725 2812 ι,
740 2779 782 2806 l8.

312 2837 351 2871 (6)
372 2837 448 2864 Orat.
464 2838 498 2865 58
512 2843 539 2866 ct
558 2839 603 2866 ἱεὶ-

821 2780 845 2795 ⁸³
860 2778 870 2806 l
884 2779 946 2808 Cor.
964 2787 1008 2814 κν,
1023 2781 1067 2808 59.

1127 1565 1213 1591 ctiore
1227 1567 1317 1588 autem
1332 1566 1423 1595 postea
1434 1560 1554 1594 Spirittts
1568 1558 1684 1586 adventu
1699 1556 1833 1588 exhibito,
1845 1555 1912 1582 ube-

1125 1609 1280 1643 rioremque
1291 1607 1446 1634 divinorum
1458 1605 1483 1632 itt
1498 1612 1544 1632 eos
1559 1604 1697 1631 amatuum
1726 1602 1915 1635 donorumque

1125 1653 1362 1689 participationettt
1403 1652 1491 1683 nacti,
1523 1652 1617 1685 sicque
1649 1648 1785 1679 instructi,
1809 1646 1915 1674 cunctis

1125 1700 1303 1734 sospitatores
1318 1699 1446 1733 gentibus
1463 1697 1643 1724 mittebantur
1659 1704 1666 1722 :
1680 1695 1752 1722 haud
1769 1702 1849 1722 secus
1870 1692 1915 1720 hic

1124 1753 1234 1780 quoque
1263 1753 1325 1772 cum
1355 1745 1469 1772 Domino
1499 1743 1603 1778 Spiritu
1618 1741 1639 1757 °'
1653 1748 1767 1768 accensa
1794 1739 1914 1774 primum

1125 1794 1177 1821 {ide
1193 1794 1262 1820 inter
1272 1793 1430 1821 solitttdinis
1440 1791 1548 1819 silentia
1561 1794 1696 1822 versatus,
1711 1796 1743 1816 ac
1751 1795 1812 1825 cum
1823 1787 1915 1814 scicn-

1125 1841 1168 1867 tia:
1180 1840 1288 1871 ,cultor,
1301 1840 1383 1866 ctiant
1397 1837 1622 1872 contemplationi
1637 1843 1747 1870 operam
1764 1833 1914 1869 posuisset,

1125 1893 1288 1920 omnemque
1302 1892 1416 1920 prorsus
1435 1884 1493 1911 vitii
1512 1883 1599 1910 labem
1611 1882 1734 1914 eluisset,
1749 1887 1781 1906 ac
1795 1879 1914 1905 divinam

1124 1939 1234 1959 omnem
1254 1930 1464 1957 illustratiouem
1478 1933 1642 1956 consecutus
1654 1931 1736 1958 esset,
1754 1924 1915 1960 perfectiorc

1124 1978 1233 2004 demunt
1253 1976 1373 2011 Spiritus
1399 1975 1501 2007 aillatu,
1522 1974 1562 2002 sic
1589 1973 1748 2008 operatione
1772 1970 1890 1997 donatus
1904 1987 1913 1999 ,

1124 2029 1205 2058 atque
1220 2024 1271 2055 ita,
1290 2022 1367 2057 juxta
1386 2022 1478 2048 divum
1497 2020 1640 2052 Jacobum,
1654 2025 1780 2046 sermone
1793 2015 1915 2043 veritatis

1125 2070 1244 2104 genitus,
1262 2070 1320 2104 ipse
1335 2075 1444 2104 quoque
1462 2068 1572 2094 illorttm
1596 2074 1672 2093 more
1698 2063 1825 2100 printitia:
1839 2068 1915 2097 qua?-

1124 2117 1186 2144 dam
1208 2120 1395 2143 creaturarum
1415 2115 1474 2147 Dei,
1495 2114 1596 2141 missus
1608 2117 1649 2139 est
1660 2113 1692 2138 τ’.

1163 2162 1215 2195 Qui
1243 2161 1348 2196 primus
1370 2161 1452 2188 homo
1467 2159 1595 2187 conditus
1612 2162 1653 2184 est
1666 2177 1673 2190 ,
1694 2155 1740 2182 Dei
1760 2153 1890 2187 imaginis
1904 2173 1913 2187 ,

1125 2212 1207 2243 atque
1224 2207 1343 2234 dextera:
1357 2206 1484 2241 gloriam,
1501 2212 1532 2231 ac
1547 2203 1664 2238 paradisi
1679 2203 1845 2229 consecutus
1863 2199 1916 2226 de-

1125 2255 1213 2287 licias,
1224 2255 1296 2289 quod
1309 2261 1355 2289 per
1370 2253 1460 2280 carnis
1472 2251 1622 2282 libidinem,
1638 2249 1701 2279 vita.
1715 2255 1775 2282 qua:
1792 2247 1818 2273 itt
1831 2246 1913 2280 spiri—

1126 2306 1154 2328 tu
1174 2306 1225 2332 est,
1242 2300 1384 2331 exciderit,
1399 2297 1518 2326 carnalis
1531 2301 1608 2324 ortus
1631 2302 1735 2330 auspex
1763 2298 1914 2327 auctorque

1125 2345 1417 2376 ltominibusexstitit;
1434 2345 1545 2378 vitaque
1575 2341 1697 2377 angelica
1723 2347 1756 2368 ac
1774 2338 1843 2366 nulli
1866 2337 1914 2365 ob-

1124 2392 1206 2418 noxia
1223 2390 1345 2418 iuteritui
1368 2397 1416 2424 per
1442 2388 1599 2417 socerdiam
1618 2386 1720 2414 amissa
1749 2389 1829 2420 atque
1848 2389 1914 2417 pro-

1123 2437 1205 2473 jecta,
1235 2437 1296 2470 ejus
1318 2443 1380 2471 qua:
1405 2435 1548 2463 affectibus
1579 2433 1733 2468 mortisque
1763 2428 1914 2458 interitioni

1124 2483 1232 2510 addicta
1249 2487 1301 2514 est.
1322 2490 1421 2517 parens
1441 2481 1566 2508 iuattdiit.
1596 2481 1632 2508 At
1654 2478 1814 2514 Gregorius,
1833 2475 1912 2511 primi

1124 2529 1236 2564 quidem
1258 2532 1340 2563 atque
1365 2529 1466 2556 terreni
1497 2528 1572 2563 prius
1589 2531 1699 2562 gestans
1725 2524 1871 2559 imaginem
1891 2522 1914 2539 ⁶³

1124 2576 1238 2611 (etenim
1251 2577 1333 2603 homo
1346 2577 1426 2610 erat),
1443 2582 1555 2610 tumque
1570 2581 1603 2601 eo
1617 2573 1753 2604 abdicato,
1763 2570 1912 2598 secundum

1123 2627 1219 2658 postea
1238 2626 1320 2657 atque
1329 2622 1468 2650 cmlestcm
1482 2620 1616 2648 Adantum
1634 2619 1763 2650 inducns;
1778 2621 1914 2651 natusque

1126 2675 1209 2704 atque
1222 2668 1362 2704 perfectus
1389 2668 1540 2696 secundum
1558 2666 1619 2701 ejus
1639 2665 1785 2700 imaginem
1802 2663 1913 2698 (quippe

1124 2715 1300 2751 praestantior
1324 2715 1444 2751 homine)
1474 2714 1581 2742 initiunt
1608 2712 1747 2748 quoddam
1773 2717 1806 2738 ac
1835 2708 1913 2737 radix
