2089 3151
180 133 233 167 £53

180 193 313 227 spiritalis
329 194 491 229 nativitatis,
515 198 606 226 aetatis
629 207 686 227 suae
706 200 862 230 hominibus
886 210 972 239 appa-
987 209 1011 236 Α

180 239 245 266 ruit.
268 239 347 267 Verbi
366 240 440 268 enim
473 241 648 279 Spiritusque
667 247 798 280 potentia,
815 255 864 275 ceu
880 249 973 277 incon-

180 285 343 312 taminatam
359 291 509 315 sementem
535 289 644 323 pietatis
672 294 785 319 verbum
809 298 972 322 cuuctorunt

179 330 310 358 cordibus
325 331 569 366 disseminaus;ac
584 336 656 363 velut
672 337 820 373 imbribus,
832 341 973 368 continuis

179 376 245 403 illud
266 377 442 406 sermonibus
461 387 492 407 ac
510 381 656 416 colloquiis
686 385 810 412 nutriens
839 393 972 414 consum—

178 430 323 457 mausque,
342 429 424 458 atque
438 425 470 452 ad
489 434 643 454 mensuram
665 429 795 463 spiritalis
810 432 898 459 aetatis
909 440 973 467 pro—

177 468 298 500 vebcns;
316 469 435 503 pritnum
452 471 575 505 quidem,
592 480 687 500 eoruttt
702 475 840 508 quicarne
855 478 969 511 genuis-

176 518 248 542 sent.
281 514 378 548 spiritu
399 515 519 543 efficitur
538 525 655 551 parens;
670 520 822 555 exindeque
841 523 921 549 etiam
936 524 970 551 ad

175 563 333 590 extraneos.
350 561 453 588 metttis
468 561 549 594 hanc,
561 563 831 601 pulclterrituamque
845 569 970 604 adoptio«

177 610 239 629 netu
254 611 337 638 supra
353 605 463 633 modum
481 614 513 634 ac
532 607 666 636 latissime
680 610 794 645 profert.

212 647 273 682 Ipse
287 654 379 677 autem
410 653 543 686 seipsum,
575 656 649 682 omni
673 657 787 691 dignum
809 658 944 687 miraculo
960 682 968 694 ,

174 701 207 721 ac
218 695 296 729 longe
310 695 465 724 absolutum
479 699 589 727 virtutis
601 703 742 736 exemplar
754 706 968 742 proponens(7),

174 740 293 773 primum
311 742 421 775 quidem
446 751 504 770 sua:
527 745 553 771 itt
579 746 695 774 Pontum
717 748 788 783 lugar
804 751 968 780 manifestas

172 793 311 813 excusans
336 787 416 815 all'ert
433 790 579 818 rationes:
609 793 681 827 quod
711 802 809 830 nempe
836 798 968 830 praeclaro

172 832 331 860 solitudinis
353 834 459 863 alllatus
475 844 578 870 amore,
599 846 778 875 superumque
792 842 968 878 pltilompltiat

173 877 320 906 instinctus
335 880 486 915 desiderio,
499 883 619 910 urbattos
633 887 766 914 tumultus
777 889 966 924 declinaverit;

173 927 204 950 ut.
217 931 248 952 se
264 925 395 953 nimirum
414 927 440 954 itt
453 936 497 961 ea,
514 934 644 965 tauquam
657 933 770 967 speculo
787 935 965 969 nitidissimo,

170 971 386 1007 contemplatus.
407 981 451 1008 ac,
470 982 553 1010 quam
568 977 644 1011 prius
666 986 714 1013 per
731 980 863 1014 Spiritum
880 982 967 1010 divini

172 1017 319 1045 sacerdotii
358 1020 516 1048 unctionem
558 1027 656 1051 nactus
689 1029 771 1058 erat,
804 1027 967 1062 perfectiore

170 1062 368 1091 emundatione
380 1065 541 1101 obsignans,
557 1073 701 1104 ratamque
716 1071 770 1098 sibi
800 1079 833 1099 ac
856 1073 964 1101 tirmam

170 1108 255 1135 divini
276 1109 341 1136 doni
355 1112 557 1144 possessionem
572 1120 705 1149 prmstaus
716 1137 724 1149 ,
740 1117 781 1144 sic
792 1126 860 1152 pure
874 1121 965 1154 puris-

170 1154 241 1181 simo
257 1155 296 1182 ttti
314 1162 420 1190 posset,
436 1165 469 1185 ac
479 1159 504 1185 ci
521 1167 715 1189 consuescere.
733 1162 801 1190 Tutu
814 1165 964 1194 sacerdotis

168 1199 287 1227 ostendit
307 1201 479 1235 dignitatem,
513 1211 546 1231 ac
559 1205 668 1240 qualem
686 1214 748 1234 eutn
764 1215 889 1242 oporteat
903 1218 964 1239 esse

168 1245 216 1280 qui
241 1246 267 1272 itt
293 1247 452 1283 episcopatu
472 1251 663 1283 prazticiettdus
694 1253 751 1280 sit:
768 1255 868 1289 quibus
898 1257 962 1284 item

168 1291 324 1320 rationibus
341 1300 460 1327 praeesse
479 1303 541 1323 eum
558 1302 684 1332 oporteat
696 1302 771 1336 gregi
796 1304 882 1330 utcnti
912 1312 964 1332 ra—

167 1336 252 1369 tione,
270 1339 453 1372 pulcherrime
477 1348 640 1377 summaque
648 1343 820 1380 philosophia
834 1355 963 1377 sermone

167 1381 229 1409 aliis
247 1385 368 1416 tradens,
388 1384 447 1418 ipse
463 1386 610 1420 operibus,
626 1388 847 1426 clarissimisque
863 1399 958 1421 certa-

166 1428 290 1457 minibus
302 1430 449 1465 itnplendo,
467 1432 546 1459 tidem
565 1434 653 1462 verbis
671 1435 799 1465 addebat.

202 1474 334 1507 Qumnam
348 1476 431 1511 igitur
447 1479 548 1512 opera?
561 1487 594 1506 ac
611 1481 753 1510 videamus
769 1492 833 1511 nam
850 1485 959 1519 plurimi

165 1529 198 1548 ca
215 1522 342 1550 facienda
376 1530 407 1550 ac
423 1525 637 1560 prtemagniiiea.
651 1526 685 1554 Et
697 1529 763 1563 quiti
777 1531 861 1563 enim,
877 1539 959 1565 quam

165 1567 298 1603 Tltcologi
323 1569 417 1596 animo
447 1577 478 1597 ac
503 1570 555 1598 ﬁde
580 1572 680 1607 digna?
706 1573 828 1603 Primum
849 1577 959 1612 quidem
977 1567 999 1596 (ἶ

164 1613 298 1647 templttm
320 1619 418 1642 ornatu
445 1621 591 1644 venustum
618 1626 651 1646 ac
676 1620 747 1647 tnole
777 1622 873 1657 ingens
900 1624 960 1659 ejus

163 1665 231 1686 cura
241 1664 322 1694 atque
331 1661 469 1695 diligentia
480 1663 629 1691 excitatum
642 1664 691 1701 (8),
704 1666 832 1702 veltttqtte
844 1669 917 1696 aliud
933 1671 958 1697 in

164 1708 239 1731 terra
257 1705 355 1732 cteluut
371 1707 396 1732 itt
412 1707 490 1734 ctclis
501 1708 635 1736 habitanti
648 1711 737 1745 palam
754 1720 958 1742 consecratum.

163 1749 266 1776 Verum
281 1751 318 1781 id,
334 1759 390 1786 prae
403 1752 436 1779 iis
451 1761 511 1787 qute
525 1754 585 1788 ejus
596 1759 670 1788 sunt,
687 1757 778 1785 mintts
793 1758 825 1785 ad
841 1760 960 1787 miracu-

163 1792 233 1821 lum.
253 1793 304 1827 Qui
322 1796 395 1822 enitn
415 1796 473 1831 ipse
491 1805 521 1825 se
539 1799 671 1833 templum
699 1799 753 1828 Dco
779 1802 892 1837 dignum
918 1809 959 1831 at<

162 1847 218 1875 que
235 1846 383 1876 augustum
400 1843 533 1870 virtutum
561 1845 637 1872 cultu
664 1851 861 1882 exstruxerat,
889 1851 956 1885 qttid

163 1888 266 1916 tnirttm
283 1889 430 1924 plurimam
448 1891 520 1926 patri
549 1899 660 1926 operam
678 1894 830 1923 contulisse
843 1915 850 1928 ,
867 1902 896 1924 ut
923 1905 957 1925 ex

161 1932 299 1969 lapidibus
315 1943 422 1963 sacram
443 1944 503 1964 eam
517 1938 602 1966 aedem
615 1939 782 1967 aediﬁcaret?

200 1980 303 2009 Deinde
322 1988 465 2016 parentum
488 1985 606 2012 honores
630 1995 636 2012 :
663 1987 708 2021 qui
737 1995 834 2022 nempe
855 1989 956 2020 verbis,

162 2027 210 2061 qui
224 2027 282 2061 ipsa
298 2029 445 2062 praestandi
464 2037 508 2056 re:
526 2031 691 2065 pupillorum
707 2033 958 2066 tntamina,vitlua-

162 2080 225 2098 rum
242 2073 380 2106 prmsidia,
397 2081 548 2109 pauperum
565 2076 731 2110 patrocinia,
751 2085 857 2111 senum,
871 2087 956 2115 aegro—

161 2120 266 2150 torum,
282 2119 470 2147 meudicorum
483 2121 620 2156 hospitia;
644 2127 700 2149 tum
715 2131 775 2158 qua:
800 2124 876 2152 solus
897 2126 956 2160 ipse

163 2170 195 2190 ac
225 2165 341 2191 seorsim
373 2167 510 2193 exstruxit
538 2167 564 2194 in
590 2168 694 2202 patria;
725 2173 782 2196 tum
796 2170 893 2205 quibtts
909 2180 955 2198 ex-

162 2210 303 2238 strucndis
317 2211 421 2239 sociam
443 2220 555 2240 manum
573 2215 689 2241 contulit
711 2216 801 2242 amico
817 2224 849 2243 ac
866 2217 954 2244 sodali

162 2255 283 2290 Basilio;
300 2265 349 2285 nee
362 2258 429 2286 solis
440 2259 569 2294 operibus
581 2268 643 2293 qua:
656 2269 705 2288 sua
727 2267 807 2289 erant
828 2263 954 2292 fovendis

162 2302 220 2337 ipse
233 2303 412 2337 conferebat,
432 2305 478 2332 sed
501 2309 528 2332 et
545 2306 634 2334 verbis
642 2307 770 2334 eximiam
786 2309 954 2337 adhortatio-

162 2348 206 2375 nis
224 2349 277 2375 vim
295 2349 471 2382 habentibus,
490 2358 571 2378 saxea
589 2351 646 2386 ipsa
671 2359 778 2387 pectora
797 2354 828 2381 ad
845 2362 949 2390 paupe-

161 2401 223 2420 rum
257 2402 290 2422 ac
306 2395 495 2423 mendicorutn
511 2404 633 2424 amorem
647 2399 811 2427 suscitabat.

195 2439 235 2466 Ac
264 2440 372 2474 quidem
402 2449 467 2478 erga
494 2442 669 2471 adversarios
695 2445 778 2472 rebus
798 2453 830 2473 ac
860 2447 953 2475 verbis

161 2486 299 2514 contraria
334 2488 444 2522 studia;
474 2496 537 2523 erga
565 2494 655 2517 autem
686 2490 854 2519 domesticos
889 2493 952 2520 tidei

161 2531 370 2566 opitulationes,
382 2535 612 2568 gulterttationes,
630 2543 684 2562 non
704 2541 757 2563 tant
775 2537 808 2564 ad
829 2546 929 2574 cerpus
945 2559 952 2572 ,

160 2584 243 2611 quam
258 2579 293 2605 ad
308 2580 432 2607 anitnum
446 2585 600 2615 spectantes
617 2581 650 2614 “,
663 2589 725 2609 cum
742 2583 801 2618 ejus
830 2584 953 2613 doctrina

163 2630 195 2650 ac
229 2623 289 2659 lege
310 2625 402 2653 cuncti
420 2626 640 2661 gubernarentur
668 2635 700 2654 ac
723 2634 902 2662 pascerentur
915 2631 949 2658 “.

158 2668 227 2697 Nam
238 2669 360 2699 Gazsario
370 2672 454 2700 fratre
465 2673 520 2707 jam
539 2673 608 2701 vivis
624 2678 762 2710 exempto,
785 2683 848 2702 cum
872 2681 949 2711 pater

190 2735 213 2752 “
233 2738 294 2767 Gal.
310 2747 349 2771 vt,
363 2739 390 2767 8.
429 2741 454 2771 σε
467 2740 477 2767 l
492 2741 555 2770 Cor.
568 2750 618 2776 xtt,
633 2742 679 2771 28.
718 2743 740 2760 ⁸⁸
755 2743 829 2772 Psal.
845 2752 930 2780 Lxxn,
950 2747 976 2775 8.

196 2810 234 2846 (7)
250 2810 277 2838 Id
291 2816 378 2840 totum
393 2818 462 2840 orat.
481 2813 506 2839 t.

195 2846 233 2881 (8)
249 2846 326 2874 Orat.
340 2848 384 2881 t9,
404 2855 429 2883 p.
445 2848 508 2875 515.

551 139 692 172 ORATIO
711 143 775 174 XX.
790 156 824 161 -
838 144 878 175 IN
899 145 1055 177 LAUDEM
1074 149 1105 180 S.
1126 149 1313 182 GREGORII
1327 153 1463 186 THEOL.

1772 163 1824 196 45L

1025 205 1226 235 Nazianzenam
1258 210 1350 238 sedem
1379 214 1526 248 regendam
1554 219 1741 254 suscepisset,
1771 230 1822 250 an-

1025 252 1122 287 nisque
1142 255 1242 289 gravis,
1262 263 1294 283 ac
1308 265 1422 293 corpore
1438 262 1541 290 morbis
1559 265 1669 299 attrito,
1688 266 1823 297 Ecclesiae

1025 302 1101 325 certo
1117 299 1164 326 ἱ)ρί
1183 302 1300 329 consilio
1321 304 1443 333 molestis
1470 308 1563 343 rebus,
1575 318 1622 337 seu
1648 311 1821 348 iurequalita-

1025 344 1099 371 tibus
1117 345 1237 374 ferendis
1268 349 1356 383 impar
1378 357 1464 385 esset,
1479 353 1631 390 Gregorius
1656 357 1694 385 illi
1712 344 1821 388 cuncta

1023 394 1091 422 erat,
1117 393 1268 421 senectutis
1285 395 1410 427 baculus.
1427 400 1586 429 morborum
1603 405 1720 437 curatio,
1734 407 1821 434 aadili-

1023 435 1094 462 catio
1107 438 1242 471 corporis,
1255 440 1339 467 animi
1357 444 1478 477 requies,
1497 446 1619 475 solamen
1637 446 1768 484 spiritus;
1787 460 1820 480 ac

1023 482 1096 515 quod
1112 483 1285 516 potissimum
1297 488 1432 521 omnium,
1444 498 1573 519 sensuum
1583 493 1669 522 animi
1683 497 1817 532 custodia,

1022 534 1054 554 ac
1069 534 1208 557 succusso:
1225 530 1285 558 fidei
1302 534 1467 563 emendatio.

1059 573 1164 602 Etenim
1184 577 1322 611 ejusmodi
1338 579 1442 615 aliquid
1454 582 1514 617 ejus
1532 585 1683 616 rationibus
1705 589 1816 618 accidit.

1021 618 1090 652 Quia
1109 622 1183 649 enim
1199 623 1365 653 Arianorum
1383 627 1461 655 luror
1480 637 1590 658 omnem
1619 637 1816 669 propemodum

1021 671 1156 695 tcrrarttm
1194 670 1290 698 orbem
1328 680 1504 710 pervaserat;
1533 686 1658 714 novaque
1686 681 1817 711 achrsus

1021 711 1164 742 Trinitatis
1176 717 1360 750 aequalitatem
1377 720 1514 754 doctrina,
1532 731 1581 751 ceu
1601 711 1659 752 lites
1673 728 1816 762 quaedam,

1020 758 1077 786 sive
1105 768 1275 796 grangranta,
1294 772 1342 798 per
1367 773 1464 794 omnes
1490 771 1654 802 ptotittcias,
1679 774 1816 809 url'esqtte

1019 806 1208 840 grassabatur,
1236 817 1268 836 ac
1298 815 1354 837 ttttn
1386 812 1573 849 imperatores,
1593 821 1649 844 tum
1678 819 1816 855 principes

1019 858 1202 888 proceresque
1217 863 1249 882 ac
1263 858 1389 891 populos,
1410 859 1476 893 qttitt
1505 861 1587 888 etiam
1604 864 1686 897 (quod
1706 865 1733 893 di
1745 866 1815 894 'issi-

1022 903 1095 923 muut
1111 900 1339 935 otttnium)ntalos
1353 905 1484 938 prtrsules
1501 907 1550 933 sibi
1570 909 1726 943 addixerat;
1744 920 1815 946 quos

1022 942 1062 967 vel
1079 950 1186 977 eorum,
1200 947 1244 980 qui
1259 955 1348 974 reruut
1365 949 1447 982 potiri
1460 950 1632 986 videbantur,
1647 960 1734 983 ntctus
1747 956 1816 991 deji-

1020 995 1105 1023 ccret,
1127 993 1168 1018 vel
1183 993 1265 1027 (quod
1285 995 1474 1034 mitissimum)
1515 999 1667 1034 ignorantia
1697 1003 1813 1032 falleret.

1019 1034 1134 1067 Quando
1150 1037 1255 1065 scilicet
1270 1039 1361 1068 ridere
1376 1046 1436 1069 erat
1454 1043 1526 1071 dirui
1548 1047 1694 1080 ecclesias,
1712 1050 1814 1084 templa

1019 1081 1119 1113 ablata,
1137 1083 1282 1111 cruoribus
1301 1084 1414 1120 fmdata,
1432 1095 1565 1125 sacraque
1579 1092 1706 1126 spoliata,
1718 1081 1813 1123 sancta

1018 1127 1132 1160 polluta.
1156 1134 1249 1163 atque,
1268 1135 1296 1157 ut
1317 1133 1493 1166 proverbium
1518 1141 1576 1170 est,
1592 1137 1675 1166 illotis
1699 1140 1813 1175 pedibus

1018 1173 1138 1207 projecta
1167 1182 1199 1202 ac
1214 1177 1386 1205 conculcata.
1416 1179 1532 1212 Quando
1548 1183 1595 1218 qui
1617 1173 1707 1212 sanati
1719 1192 1813 1214 rectae-

1017 1225 1071 1251 que
1084 1219 1143 1245 fidei
1159 1225 1320 1254 assertores,
1335 1230 1368 1250 ac
1383 1224 1492 1258 pietatis
1511 1227 1630 1255 cultores
1649 1229 1675 1255 in
1689 1229 1812 1259 Eetlcsia

1016 1268 1095 1290 erant
1109 1265 1242 1298 universi,
1257 1268 1314 1296 suis
1330 1270 1451 1303 ipsorum
1466 1275 1581 1307 turp‘tcr
1594 1275 1811 1310 expellebantur,

1016 1316 1049 1335 ac
1063 1310 1104 1336 vel
1120 1312 1277 1339 carceribus
1293 1314 1420 1348 publicis,
1435 1317 1475 1343 rel
1487 1319 1649 1352 gravissittta
1667 1319 1748 1352 fante,
1764 1327 1812 1349 aut

1016 1355 1158 1384 acerrimis
1179 1358 1353 1392 verberibus,
1370 1365 1418 1388 aut
1440 1362 1519 1396 longe
1535 1364 1661 1398 plurimis
1673 1366 1812 1400 variisque

1016 1401 1104 1436 plagis
1127 1410 1160 1435 ac
1175 1403 1435 1439 dehonestamentis,
1457 1413 1504 1435 aut
1519 1409 1676 1437 durissimis
1691 1412 1809 1445 exsiliis,

1014 1452 1062 1474 aut
1081 1449 1273 1483 amarissimis,
1294 1456 1323 1478 ut
1339 1453 1423 1480 verbo
1436 1454 1537 1487 dicant,
1554 1456 1751 1486 crueiautentis
1777 1466 1810 1486 ae

1016 1494 1149 1521 molestiis
1177 1497 1285 1530 tetttati,
1311 1503 1432 1527 extrema
1463 1501 1574 1529 atlihant
1601 1505 1732 1538 pericula,
1756 1506 1809 1533 nisi

1016 1540 1149 1575 impietati
1180 1550 1322 1581 assensum
1352 1548 1518 1580 praeberent;
1546 1554 1628 1584 atque
1653 1551 1671 1578 ii
1697 1553 1808 1587 quidem

1016 1590 1112 1619 sponte
1128 1587 1243 1616 urbibus
1265 1589 1465 1625 demigrantes,
1481 1594 1645 1630 deSertaque
1665 1604 1698 1624 ac
1711 1598 1809 1626 solitu-

1014 1630 1093 1659 dines
1115 1633 1186 1659 ultro
1209 1638 1343 1668 petentes,
1364 1645 1426 1664 cum
1455 1638 1551 1668 bestiis
1569 1641 1674 1669 ratione
1691 1643 1810 1671 carenti-

1014 1676 1064 1704 bus
1080 1679 1200 1706 exerceri
1219 1680 1252 1707 ad
1273 1681 1402 1715 pietatem
1421 1684 1569 1718 malebant,
1588 1695 1669 1721 quatn
1684 1687 1808 1717 habitare

1013 1730 1075 1750 cum
1100 1723 1133 1751 iis
1146 1723 1179 1757 “,
1192 1727 1238 1759 qui
1252 1726 1325 1761 loqui
1336 1728 1362 1754 in
1375 1729 1484 1757 excelso
1497 1730 1693 1766 blasphemiam
1707 1737 1809 1762 temere

1013 1769 1159 1796 audebant.
1194 1771 1335 1806 Quotquot
1373 1778 1464 1802 autem
1497 1777 1642 1805 contrariae
1669 1779 1808 1812 opinionis

1012 1819 1100 1848 erant,
1118 1823 1150 1843 ac
1173 1823 1203 1844 se
1229 1817 1361 1852 impietati
1386 1821 1558 1855 addixeram,
1578 1823 1709 1851 ecclesias
1735 1825 1807 1852 obti-

1013 1865 1119 1894 nentes,
1139 1870 1242 1898 easque
1258 1865 1332 1892 velut
1355 1873 1412 1893 sure
1428 1867 1550 1902 ipsorum
1579 1869 1662 1904 hujus
1679 1871 1807 1905 nequitiac

1012 1907 1116 1934 munita
1139 1909 1264 1942 quaedam
1281 1912 1406 1944 praesidia
1422 1913 1623 1947 existimantes,
1639 1915 1700 1943 inde
1717 1916 1745 1943 in
1758 1924 1807 1944 eos

1011 1953 1057 1986 qui
1084 1953 1211 1987 pietatem
1241 1957 1331 1984 colere
1358 1959 1521 1987 statuissent
1549 1960 1741 1996 irrutnpcntes,
1757 1969 1805 1990 eos

1011 1999 1217 2033 dispcru'ebanl.

1047 2044 1123 2073 Tunc
1156 2047 1253 2081 plane,
1280 2054 1344 2077 tunc
1375 2059 1485 2086 quoque
1513 2051 1539 2078 iu
1566 2053 1656 2087 magni
1681 2054 1803 2089 Gregorii

1010 2091 1138 2124 patriam.
1149 2092 1221 2119 velut
1237 2101 1369 2128 aquarunt
1381 2096 1528 2124 vehemens
1540 2097 1658 2131 impetus
1667 2098 1804 2126 hrercseos

1010 2135 1099 2163 secius
1114 2144 1271 2172 erumpens,
1279 2144 1413 2175 quotquot
1425 2141 1496 2169 leves
1513 2142 1615 2169 invenit
1638 2151 1669 2170 ac
1688 2144 1801 2176 debiles,

1010 2181 1130 2216 abripuit
1159 2183 1254 2218 utique
1288 2193 1320 2212 ac
1344 2186 1472 2213 dissolvit
1497 2187 1551 2222 (ubi
1566 2193 1592 2215 et
1606 2193 1708 2223 patrem
1731 2190 1802 2217 fama

1011 2233 1062 2260 est,
1078 2229 1177 2257 mentis
1192 2230 1368 2266 simplicitate
1382 2233 1518 2267 delusum,
1542 2235 1651 2267 litteris,
1670 2244 1724 2263 tton
1741 2237 1803 2263 ani-

1010 2280 1073 2305 mo,
1099 2278 1127 2299 ιιι
1156 2276 1333 2309 ncqttissimis
1360 2285 1503 2306 assensum
1532 2279 1628 2312 daret,
1655 2280 1802 2308 adductttm

1005 2325 1066 2345 esse
1079 2317 1143 2354 [9]),
1155 2325 1290 2355 quotquot
1301 2330 1365 2349 vero
1381 2322 1502 2359 Gregorii
1518 2324 1660 2360 theologia;
1686 2333 1718 2353 ac
1740 2326 1802 2353 tidei

1005 2369 1088 2398 petrae
1114 2365 1193 2393 [irtuo
1216 2367 1394 2396 fundamento
1411 2369 1558 2404 haeserant,
1580 2371 1646 2398 nihil
1670 2371 1800 2399 haeretica

1005 2410 1031 2436 vi
1054 2417 1086 2438 ac
1112 2411 1211 2446 injuria
1226 2412 1381 2456 labefactati
1412 2416 1553 2451 emotique
1577 2422 1799 2452 permanserunt.

1040 2452 1162 2482 Noetnus
1189 2455 1282 2490 itaque
1310 2452 1386 2489 olitit,
1401 2466 1464 2485 cutn
1486 2467 1544 2486 suae
1564 2460 1651 2488 attatis
1668 2462 1801 2489 scelerata

1005 2505 1084 2534 gente
1105 2501 1163 2535 ipse
1185 2502 1309 2531 ct-itniuis
1333 2509 1472 2539 expertem
1509 2513 1683 2534 communem
1718 2507 1800 2535 vitam

1006 2551 1105 2579 agens,
1133 2546 1241 2574 inventa
1259 2549 1345 2583 gratia
1361 2550 1432 2584 apud
1455 2550 1550 2584 Deum,
1570 2551 1693 2580 futurum
1714 2560 1801 2588 aqua-

1007 2596 1065 2615 rutn
1080 2590 1171 2617 illuvie
1185 2592 1278 2618 tuundi
1292 2593 1405 2620 docetur
1416 2594 1549 2622 exitium:
1565 2597 1631 2630 quin
1645 2601 1672 2624 et
1688 2596 1798 2623 modum

1004 2634 1130 2668 docetur,
1147 2644 1203 2671 quo
1225 2645 1239 2664 a
1267 2639 1346 2667 malis
1371 2640 1530 2669 liberandus
1545 2641 1602 2670 sit:
1617 2649 1704 2677 exque
1718 2641 1798 2675 lignis

1004 2679 1106 2709 allabre
1119 2688 1259 2718 compacta
1276 2692 1351 2719 arca,
1369 2691 1452 2722 atque
1466 2687 1493 2715 in
1513 2695 1573 2716 eam
1598 2687 1703 2716 cunctis
1715 2685 1796 2714 simul

1039 2819 1078 2855 (9)
1093 2819 1173 2856 Greg.
1191 2826 1261 2848 orat.
1281 2822 1324 2856 19,
1340 2830 1367 2858 p.
1383 2821 1446 2850 297.
