2089 3151
297 147 351 180 455

894 145 1041 175 NICET/E
1056 144 1320 176 PAPHLAGONIS

1886 147 1940 179 455

297 204 460 232 animalium
476 203 595 231 inductis
610 203 772 237 seminibus,
785 209 925 238 uxorcquc
938 210 969 230 ac
984 202 1046 230 filiis
1059 209 1090 228 ca
1104 201 1127 230 Α
1143 206 1203 229 rato
1231 201 1332 237 singuli
1349 208 1381 229 ac
1403 209 1526 238 congruo
1550 207 1690 239 tempore,
1705 203 1777 239 quod
1807 204 1940 239 cujusque

297 251 422 282 inclusis,
452 250 478 276 in
508 258 570 277 eum
597 249 707 276 modum
739 249 864 276 caelestes
888 252 1042 276 cataractas
1059 255 1091 275 ac

296 297 387 331 abyssi
419 303 552 330 aquarum
582 294 690 327 fontes,
708 302 800 321 semen
828 294 885 328 ipse
911 301 942 320 ac
965 293 1090 328 primitiae

297 342 388 369 steculi
418 341 559 374 sequentis
586 344 722 372 servatus,
753 341 850 367 evasit.
884 340 918 366 At
943 339 1090 373 Gregorius

297 388 434 414 haereseon
452 386 603 421 praevidens
619 386 743 420 spiritale
760 385 892 412 diluvium
905 405 911 417 ,
926 390 1002 412 tanto
1022 385 1088 412 illud

295 433 388 460 Noemi
403 432 505 458 diluvio
523 432 642 466 gravius,
664 436 767 466 quanto
783 431 928 458 animabus
944 431 1086 458 interitum

296 485 390 513 parere
407 478 440 504 ad
455 475 651 504 noc'umentum
668 478 767 512 majus,
785 485 867 512 quam
889 477 977 504 labem
994 483 1090 511 corpo-

295 525 371 551 ribus
403 524 519 556 inferre;
549 531 682 558 suamque
722 524 780 558 ipse
819 523 970 550 Ecclesiam
996 531 1089 550 arcam

293 569 441 603 fabricatis,
470 575 552 604 atque
580 577 641 597 eam
666 570 775 597 arcanis
792 569 926 597 doctrinis
955 575 1090 603 rcctthue

293 617 355 643 fidei
373 616 543 644 documentis
560 617 767 649 communicns;
785 624 834 643 nec
860 624 908 644 eos
937 615 1026 643 sol'um
1043 616 1089 650 qui

293 662 400 695 generis
418 662 621 689 necessitudine
633 662 839 696 contingebant,
853 662 900 689 sed
917 666 943 689 et
960 663 1006 696 qui
1025 662 1090 688 alic-

292 707 398 740 nigenze
420 706 582 733 videbantur
606 707 684 741 (quos
701 715 798 741 nempe
812 714 908 734 Omnes
928 706 974 734 Dei
997 712 1089 741 prote-

292 758 359 785 gens
369 751 480 778 dextera
494 752 676 787 adduxisset),
686 760 817 787 perquam
835 753 963 779 alacriter
976 753 1088 780 lubt-ns—

292 805 346 831 que
366 798 513 832 recipiens,
531 798 675 832 edulisque
690 806 737 825 eos
758 806 790 825 ac
808 798 982 826 suavissimis
997 798 1088 825 Trini-

293 846 348 870 tate
374 844 474 870 tuenda
497 844 673 871 sermonibus
690 844 827 877 nutriens,
842 845 876 872 ab
892 845 965 872 omni
989 845 1088 872 illresos

292 889 378 916 animi
394 889 496 927 diluvio
515 894 617 916 servat.

326 935 361 961 At
384 936 495 970 quidem
521 936 567 963 ille
582 935 714 971 (Noemus
735 936 854 972 scilicet)
881 937 923 964 sui
949 937 1042 969 unius,
1059 941 1089 963 ut

290 981 409 1014 videtur,
424 990 479 1009 rem
504 989 598 1016 agens,
621 990 727 1016 suaque
753 983 886 1010 duntaxat
905 987 1044 1017 spectans,
1062 983 1089 1010 in

292 1033 353 1054 octo
375 1027 464 1054 soluttt
483 1027 602 1054 maxima
631 1027 786 1062 conjunctis
799 1028 1000 1054 ttecessitudine
1032 1027 1091 1054 atti-

293 1073 390 1099 mabus
417 1072 534 1099 salutem
552 1072 659 1106 paravit
678 1081 684 1099 :
703 1072 747 1099 hic
763 1076 865 1105 autem,
878 1073 904 1099 in
930 1072 1088 1105 multorum,

291 1125 374 1152 quam
396 1118 423 1144 in
444 1125 524 1144 suam
547 1118 604 1153 ipse
617 1120 733 1145 salutem
754 1118 851 1145 affectu
866 1119 1042 1153 propensior;
1058 1126 1090 1146 ac

291 1172 353 1192 cutn
377 1172 440 1191 eum
467 1172 523 1191 non
542 1165 631 1192 llllllOl'
646 1172 741 1192 corum
765 1172 832 1192 cura
845 1170 978 1199 tangeret,
994 1165 1040 1199 qlll
1060 1171 1090 1192 SC

291 1209 498 1241 abscindebant,
512 1217 593 1244 quam
612 1209 659 1244 qui
677 1209 844 1237 accedebant
859 1217 889 1237 ac
905 1209 1089 1245 adjungeban-

293 1259 352 1287 tur;
370 1259 485 1289 paterno
504 1254 614 1289 quidem
627 1255 766 1282 sermonis
782 1255 881 1282 delicto
900 1258 1036 1283 sermonis
1052 1255 1087 1288 vi,

291 1309 324 1329 ac
341 1301 456 1336 spiritus
480 1306 616 1336 rectaeque
643 1301 704 1328 fidei
731 1301 898 1329 abundantia
925 1301 1042 1334 obtecto,
1058 1310 1090 1329 ac

292 1347 427 1382 quidquid
450 1347 522 1375 illius
540 1355 605 1383 ergo
622 1348 781 1376 oﬂ‘ensionis
804 1348 948 1381 inciderat,
964 1349 1087 1381 sublato,

292 1401 342 1420 nec
362 1401 417 1420 non
441 1394 615 1421 sermonibus
630 1394 663 1421 ad
679 1402 772 1430 pacem
787 1395 946 1423 docentibus
958 1395 1090 1430 tantisper

292 1439 422 1466 cll'rcnem
447 1440 654 1467 aemulationem
686 1441 831 1474 dcliniens,
856 1441 996 1468 discordes
1019 1441 1088 1476 patri

291 1485 420 1512 conciliat
442 1485 566 1518 animos;
597 1493 753 1520 magnoque
770 1488 805 1513 ac
826 1486 979 1513 concordia:
1002 1486 1087 1512 tenaci

1142 247 1291 275 l‘unctionis
1308 253 1360 280 est,
1381 249 1495 284 implent
1524 257 1555 276 ac
1571 255 1710 284 praestant.
1727 250 1874 284 Gregorius
1892 258 1940 277 au—

1141 297 1195 320 tem
1220 294 1264 321 cui
1285 301 1413 329 suprema
1429 295 1532 322 credita
1549 295 1685 330 theologia
1706 295 1792 329 foret;
1810 300 1890 331 atque
1905 296 1938 323 ad

1141 347 1320 374 personarum
1360 340 1531 374 Trinitatem,
1578 349 1610 368 ac
1661 341 1774 369 Dritatis
1808 343 1938 368 un‘tateut

1141 385 1269 412 universo
1319 385 1378 412 orbi
1427 385 1629 420 praedicationis
1683 387 1834 413 luminibus
1870 387 1940 413 infe-

1142 430 1263 461 rendam,
1296 430 1397 458 missus
1426 435 1508 462 esset,
1542 431 1649 458 tametsi
1676 432 1799 466 corporis
1831 433 1936 459 ratioae

1141 475 1211 502 intra
1241 476 1330 502 brevis
1357 475 1408 502 loci
1433 481 1492 503 erat
1511 475 1638 504 definitus
1653 477 1810 511 angustias;
1825 476 1934 504 CllliS.7lS

1140 521 1345 556 pra‘magnifice
1361 526 1418 548 toto
1438 522 1541 549 tnundo
1555 522 1698 557 theologia:
1714 522 1809 555 radiis,
1820 522 1887 548 alios
1901 522 1934 548 ad

1140 567 1232 594 lumen
1261 566 1324 594 vitae
1344 567 1516 600 attraliebat;
1540 571 1675 602 quotquot
1701 567 1805 595 scilicet
1819 566 1932 602 potioris

1143 613 1256 639 rationis
1275 620 1307 639 ac
1319 612 1427 647 pietatis
1439 617 1534 645 erant;
1549 612 1617 639 alios
1635 613 1766 644 tenebris,
1781 613 1931 646 dubitate,

1140 657 1302 684 confusione
1316 660 1381 692 (non
1400 665 1448 684 sua
1466 658 1524 692 ipse
1546 657 1637 685 indole
1654 665 1686 684 ac
1707 659 1866 692 proposito.
1886 659 1932 685 sel

1140 703 1248 730 illorum
1273 704 1356 730 animi
1376 704 1525 738 pravitate;
1545 707 1680 738 quotquot
1702 703 1832 730 nimirum
1858 708 1936 732 erant

1140 748 1274 775 haeretica:
1291 748 1371 783 labis)
1385 749 1524 781 implebat.

1175 796 1260 823 Porro
1276 797 1356 823 etiam
1375 796 1448 823 illum
1464 796 1610 831 episcopali
1627 795 1812 823 consummari
1832 801 1935 830 myste-

1142 842 1182 869 rio
1198 842 1319 870 decebat.
1337 841 1389 869 Par
1413 850 1531 877 namque
1550 843 1702 875 videbatur,
1725 847 1755 870 ut
1774 842 1819 877 qui
1837 842 1936 869 nedum

1141 889 1334 923 episcopalem,
1359 889 1406 916 sed
1432 893 1458 916 et
1480 889 1672 923 apestolicum,
1697 897 1810 923 operum
1828 889 1935 921 merito,

1142 934 1266 961 ordinem
1283 934 1420 968 explebat,
1451 934 1564 960 otnuino
1585 941 1694 968 quoque
1716 933 1936 960 ordinationibus

1141 980 1228 1007 sacris
1249 980 1434 1014 perficeretur.
1453 980 1548 1014 Operm
1559 981 1674 1015 pretium
1697 985 1787 1007 autem
1809 985 1869 1007 erat
1898 980 1935 1012 id,

1142 1034 1196 1053 non
1228 1026 1403 1061 profanorum
1426 1033 1508 1060 opera
1522 1047 1529 1058 ,
1568 1027 1614 1053 sed
1637 1031 1794 1054 sanctorum
1813 1034 1821 1059 ;
1848 1033 1938 1060 neque

1142 1080 1190 1107 per
1204 1080 1251 1100 cos
1266 1072 1424 1107 quilndigni
1438 1072 1563 1099 instituto
1581 1077 1684 1103 essent,
1700 1072 1745 1107 qui
1764 1077 1790 1099 et
1809 1073 1935 1099 deitatem

1141 1118 1297 1145 damnanda
1323 1118 1474 1146 temeritate
1498 1118 1524 1145 in
1549 1123 1603 1146 tres
1626 1119 1694 1146 alias
1711 1119 1772 1145 aliis
1792 1123 1937 1145 extraneas

1141 1165 1350 1192 contrarietates
1374 1164 1539 1197 scinderent,
1566 1164 1612 1191 sed
1635 1171 1682 1198 per
1701 1171 1749 1190 eos
1773 1159 1826 1198 qui"
1844 1163 1938 1198 gratiae

1141 1208 1292 1236 ﬁdelissimi
1307 1209 1518 1243 dispensatores,
1533 1216 1565 1236 ac
1578 1207 1718 1236 Trinitatis
1731 1207 1867 1235 verissimi
1882 1208 1935 1235 iiii-

1141 1255 1221 1283 nistri
1258 1259 1361 1283 essent.
1385 1255 1436 1288 Qui
1468 1259 1560 1282 autem
1592 1254 1725 1290 ejusmodi
1748 1256 1840 1282 essent
1868 1255 1935 1282 nulli

1140 1306 1216 1333 tunc,
1231 1301 1352 1336 exceptis
1362 1300 1506 1335 Gregorio,
1520 1300 1593 1328 illius
1605 1304 1690 1335 patre,
1707 1308 1738 1327 ac
1754 1301 1864 1334 Basilio,
1883 1301 1938 1329 illic

1140 1349 1306 1376 exsistebant
1318 1357 1325 1381 ;
1338 1355 1454 1382 quorum
1464 1347 1531 1374 alter
1540 1347 1624 1373 filium
1640 1347 1696 1381 pari
1708 1354 1801 1374 serum
1817 1346 1938 1380 nomine,

1140 1395 1291 1430 iisdemque
1306 1394 1449 1429 prteditum
1473 1393 1596 1420 moribus
1616 1393 1699 1420 alacri
1722 1393 1813 1420 animo
1830 1393 1938 1428 episco-

1141 1448 1205 1475 pum
1220 1441 1344 1475 designat
1361 1448 1367 1472 ;
1387 1439 1454 1467 alter
1466 1444 1568 1472 autem,
1588 1447 1648 1466 eutn
1663 1439 1718 1474 jau't
1735 1438 1863 1466 Ecclesiae
1878 1438 1937 1465 Ca:-

1141 1486 1270 1514 sariensis
1285 1486 1386 1513 credita
1402 1485 1587 1520 gubernacula
1612 1486 1772 1519 accepisset,
1789 1492 1869 1512 sacro
1883 1485 1936 1513 ritu

292 1530 421 1558 Ecclesiae
446 1531 530 1558 canui
548 1531 654 1557 sincera
687 1538 807 1565 veraque
832 1531 892 1558 fidei
915 1531 1089 1558 confessione
1103 1540 1123 1568 ε
1142 1533 1230 1559 initiat
1251 1537 1332 1566 atque
1360 1533 1494 1565 ordinat;
1517 1532 1647 1566 additque
1667 1532 1790 1566 spiritum
1816 1531 1935 1566 spiritui,

292 1576 464 1607 devinciens,
480 1576 611 1610 populum
638 1576 754 1602 Domino
771 1576 955 1610 peculiarem,
970 1581 1088 1604 sectato-

293 1629 351 1649 rem
373 1622 509 1648 bonorum
535 1628 649 1656 operum
659 1621 694 1654 ⁸⁷,
709 1622 826 1657 pastoris
850 1622 960 1650 solertia
981 1622 1087 1649 salvum

292 1666 407 1700 recepit.

327 1711 434 1744 Ouibus
459 1712 554 1747 igitur,
579 1713 613 1747 is,
629 1713 675 1748 qui
693 1713 809 1748 spiritali
834 1714 941 1742 ratione
955 1715 989 1741 ab
1004 1715 1088 1742 animi

292 1758 377 1785 evitio
395 1759 503 1791 liberat,
518 1759 556 1786 illi
580 1765 699 1794 pragstet,
717 1762 763 1795 qui
779 1768 794 1787 a
809 1761 932 1795 corporis
948 1762 1024 1794 labe;
1042 1762 1088 1796 qui

293 1804 499 1831 multitudinem
525 1813 640 1833 numero
665 1806 811 1841 majorem,
838 1807 886 1837 illi.
913 1808 958 1842 qui
986 1815 1089 1842 paucas

292 1851 401 1877 animas
424 1851 514 1878 salute
534 1851 636 1885 donat;
659 1852 701 1879 his
723 1852 873 1887 Gregorius
890 1852 985 1880 Noemi
1009 1854 1089 1880 clari-

292 1901 373 1924 tatem
401 1897 601 1925 obscuraverit.
635 1899 780 1926 Enimvero
799 1899 864 1934 quid
890 1900 923 1927 iis
937 1908 998 1934 quae
1017 1901 1089 1928 illius

293 1943 398 1969 minora
425 1948 507 1975 sunt,
548 1945 718 1978 immorans,
749 1946 901 1973 orationem
931 1948 1090 1981 protrahere

293 1989 399 2021 videor,
417 1997 480 2016 eum
507 1997 598 2024 opera:
614 1991 730 2025 pretium
748 1991 782 2018 sit
801 1997 829 2018 ut
847 1992 879 2018 ad
897 1993 1001 2027 majora
1017 1993 1090 2021 illius

291 2035 425 2062 mirabilia
441 2040 626 2068 transeamus,
644 2039 782 2071 gest'sque
798 2045 841 2072 pet
849 2037 1007 2066 tectioribus
1028 2047 1088 2074 pcr-

290 2079 434 2107 fectiorein
450 2080 538 2114 ipsum
551 2081 750 2108 ostendamus?

327 2123 520 2153 Sauctiticatos
542 2127 653 2160 quidem
680 2127 856 2156 sanctissimo
880 2134 992 2157 sanctos
1014 2135 1090 2158 ante-

289 2179 372 2205 quam
400 2177 580 2198 nascerentur
595 2193 603 2205 ,
631 2173 670 2199 uti
697 2177 724 2199 ct
748 2179 905 2207 peccatores
929 2175 1058 2203 alienatus
1075 2185 1089 2203 a

289 2218 370 2244 vulva
387 2217 421 2249 ⁸⁵,
439 2218 581 2246 verissime
596 2219 692 2247 divino
709 2221 813 2255 Spiritu
827 2226 946 2249 testante
960 2231 1083 2259 comper-

289 2265 347 2288 tum
371 2267 427 2294 est;
443 2263 565 2290 manium
584 2264 668 2296 enim,
685 2269 741 2292 tum
760 2274 821 2301 quat
845 2267 914 2294 facta
938 2273 1012 2302 sunt,
1031 2274 1086 2297 tum

290 2316 350 2342 quae
376 2308 451 2341 fient,
473 2309 599 2337 similiter
615 2311 784 2344 inoffensam,
800 2314 1036 2352 certissimamque
1056 2326 1088 2345 ac

291 2353 478 2381 firmissimam
492 2357 563 2390 apud
579 2365 641 2383 eum
655 2365 716 2385 esse
730 2360 866 2387 notitiam.
883 2361 935 2388 Alii
950 2362 1041 2398 itaque
1054 2365 1088 2391 ad

290 2399 363 2426 aliud
380 2400 480 2427 divinae
501 2402 653 2430 voluntatis
684 2411 849 2439 propensum
867 2408 1025 2441 consilium,
1043 2415 1089 2437 aut

289 2444 377 2478 gentis
392 2445 592 2479 praefecturam,
606 2447 748 2483 legeturque
763 2450 919 2486 ferendam;
936 2458 982 2481 aut
994 2456 1085 2490 populi

290 2490 422 2523 regimen,
437 2495 484 2518 aut
500 2493 647 2520 sacerdotii
664 2495 779 2529 apicem,
794 2501 841 2523 aut
864 2498 997 2526 visionem
1020 2509 1084 2536 pro—

289 2535 436 2569 phetieam,
460 2542 507 2564 aut
528 2541 718 2572 portentosum
736 2542 933 2576 operationem,
948 2550 995 2572 aut
1016 2535 1083 2581 apo-

288 2581 413 2609 stolicatn
431 2584 563 2617 gratiam;
587 2590 634 2612 aut
664 2588 786 2622 martyrii
809 2593 965 2623 certamen;
984 2596 1030 2618 aut
1043 2593 1084 2626 (ut

288 2627 372 2655 verbo
396 2628 497 2664 dicam)
527 2629 650 2664 spiritale
674 2631 859 2660 ministerium
885 2635 1080 2671 pratdcstinati,

1140 1584 1172 1603 ac
1186 1576 1286 1603 donum
1304 1576 1429 1611 adjungit
1447 1577 1531 1603 dono.
1548 1575 1619 1609 Quin
1641 1577 1740 1611 potius,
1760 1576 1798 1603 illi
1812 1576 1934 1611 quidem,

1141 1629 1272 1658 quantum
1298 1626 1385 1652 oculis
1402 1625 1584 1660 conspicuum
1610 1630 1681 1659 erat,
1702 1626 1787 1653 sacris
1805 1626 1936 1661 symbolis

1141 1669 1248 1696 initiant
1270 1677 1301 1697 ac
1313 1670 1457 1704 perficiunt
1474 1679 1480 1696 :
1500 1670 1619 1704 Spiritus
1633 1676 1723 1698 autetn
1735 1671 1780 1705 qui
1796 1672 1936 1707 proprium

1140 1716 1204 1742 olim
1218 1716 1390 1744 defensorem
1409 1722 1532 1748 noverat,
1547 1716 1573 1743 itt
1586 1725 1619 1744 c0
1633 1716 1770 1751 perfectus
1787 1723 1936 1746 manserat.

1140 1762 1180 1789 Ac
1200 1763 1237 1790 illi
1251 1764 1371 1797 quidem,
1387 1763 1460 1798 quod
1479 1763 1634 1790 ordinatum
1649 1768 1729 1790 certa:
1746 1765 1858 1791 omnino
1877 1765 1936 1791 cui-

1141 1810 1202 1836 datn
1220 1810 1323 1837 civitati
1344 1818 1376 1836 ac
1398 1810 1513 1843 regioni,
1530 1818 1562 1837 ex
1579 1818 1720 1838 sacrorum
1740 1819 1876 1838 canonum
1892 1811 1936 1838 iu-

1141 1857 1237 1883 stituto
1267 1856 1323 1891 (l0)
1355 1856 1529 1891 nuncupari,
1553 1856 1667 1891 ejusque
1695 1857 1830 1893 designari
1858 1858 1937 1885 titulo

1141 1902 1295 1937 oportebat,
1320 1901 1406 1928 arenti
1425 1903 1484 1929 solo
1515 1907 1692 1937 angusteque
1715 1903 1867 1937 pra-ficium
1888 1911 1937 1937 pa—

1141 1948 1242 1980 roeciae,
1260 1955 1293 1974 ne
1311 1947 1419 1982 quidem
1438 1948 1580 1974 hominum
1598 1948 1772 1980 habitationi,
1791 1949 1890 1976 nedum
1907 1953 1936 1976 ut

1141 1994 1288 2029 episcopali
1301 1995 1358 2021 sedi
1371 1994 1518 2026 sufliccrct,
1528 1995 1594 2021 satis
1607 2002 1666 2022 com
1672 1996 1767 2027 modaz,
1778 1996 1849 2022 velut
1859 1999 1935 2029 puto,

1141 2041 1186 2075 qui
1201 2041 1332 2068 doctrina:
1345 2041 1380 2073 vi,
1391 2041 1463 2076 quod
1473 2041 1525 2069 loci
1535 2041 1615 2076 genio
1627 2042 1732 2075 deerat,
1743 2047 1831 2076 posset
1846 2041 1937 2068 adim-

1141 2087 1214 2121 plere
1229 2087 1296 2121 (ll).
1447 2099 1466 2112 ο

1178 2131 1276 2159 Verum
1294 2131 1413 2167 Spiritus
1433 2137 1546 2159 sanctus
1559 2154 1566 2165 ,
1588 2132 1743 2163 divinioris,
1767 2136 1797 2159 ιιι
1818 2132 1934 2167 videtur,

1141 2186 1276 2213 propensa
1292 2179 1399 2205 consilii
1413 2179 1528 2211 ratione,
1547 2186 1597 2205 nec
1620 2186 1717 2205 eorum
1737 2178 1873 2213 ejusmodi
1888 2188 1935 2206 co-

1106 2214 1234 2251 Dnatum
1260 2224 1391 2255 inhibuit,
1419 2232 1469 2251 nec
1491 2228 1521 2250 ut
1545 2224 1589 2250 ille
1604 2224 1637 2250 ad
1661 2224 1782 2258 majores
1803 2225 1936 2253 hactenus

1142 2269 1244 2297 infulas
1271 2269 1418 2303 sedemque
1442 2268 1588 2303 eligeretur
1619 2270 1770 2297 constituit.
1793 2270 1935 2305 Siquidem

1142 2317 1214 2343 enim
1231 2320 1343 2343 vetustte
1358 2315 1496 2347 Erclcsia:,
1511 2323 1542 2343 ac
1557 2316 1674 2351 digniori
1691 2318 1770 2344 datus
1789 2317 1935 2351 episcopus

1142 2367 1224 2394 esset,
1249 2369 1360 2389 necasse
1382 2361 1496 2389 forsitan
1513 2368 1572 2390 erat
1588 2367 1618 2389 ut
1635 2363 1673 2389 illi
1688 2363 1769 2395 fixus,
1786 2363 1856 2389 haud
1873 2363 1936 2390 inde

1144 2407 1286 2434 transferri
1311 2406 1394 2434 facile
1412 2413 1504 2442 posset
1521 2416 1528 2441 ;
1558 2408 1747 2435 ecclesiastica
1769 2408 1872 2435 scilicet
1891 2416 1936 2434 re—

1141 2454 1203 2489 gula
1218 2453 1429 2481 translationum
1445 2454 1470 2482 id
1485 2463 1571 2490 genus
1587 2455 1749 2489 prohibente
1764 2455 1837 2489 (l2);
1854 2459 1934 2488 atque

1139 2501 1207 2528 adeo
1221 2500 1342 2528 futurum
1361 2505 1462 2528 eratut
1480 2501 1588 2528 urbium
1611 2501 1849 2536 praestantissima,
1863 2508 1934 2535 prte-

1137 2546 1298 2574 stantissimi
1314 2547 1356 2574 sui
1373 2551 1428 2574 tum
1443 2547 1577 2583 episcopi,
1594 2552 1650 2575 tum
1665 2547 1782 2583 pastoris
1795 2548 1932 2582 jacturazn

1136 2595 1298 2621 incurreret.

1173 2640 1305 2675 Denique,
1320 2648 1404 2668 sacrae
1418 2640 1529 2676 quidem
1552 2641 1716 2669 initiationis
1729 2642 1740 2677 (
1754 2641 1804 2669 etsi
1821 2640 1846 2668 id
1862 2647 1932 2676 quo-

323 2708 345 2724 ⁸⁷
365 2709 419 2737 Tit.
436 2718 466 2742 tt,
487 2711 529 2738 Η.
569 2713 591 2729 ⁸⁸
609 2714 664 2742 Jer.
683 2723 702 2748 ι,
717 2716 733 2743 5
751 2724 758 2750 ;
775 2717 829 2744 lsa.
846 2725 917 2750 κων,
935 2718 969 2750 2;
986 2717 1059 2746 Psal.
1080 2728 1143 2754 Lvu,
1162 2721 1189 2749 μί.

325 2778 381 2810 (10)
402 2778 506 2807 Coucil.
526 2781 654 2819 Chalced.
673 2793 734 2814 can.
762 2787 790 2819 (ἴ,
819 2788 930 2819 Μηδένα
950 2790 1083 2818 ἀπολελυ-

312 2797 380 2839 ἐὶιλῖί
403 2797 506 2840 ιζὶιιιιιιιι
526 2797 654 2845 ιὶιιὸιιιἈ-ἏΙ.
673 2797 734 2814 ut".
762 2797 790 2819 υ,
819 2797 865 2824 MT}

289 2821 309 2848 μ
325 2834 381 2877 (H’)
547 2826 655 2877 auinam}

325 2848 381 2883 (ll)
395 2848 463 2878 Orat
494 2851 538 2884 ρο,
560 2861 586 2888 p.
602 2853 655 2882 556

1151 2792 1344 2855 c:SIIIQ)‘)UC0ttc.
1375 2793 1478 2822 Nicaen.
1512 2802 1573 2822 can.
1604 2794 1648 2830 15,
1683 2802 1762 2822 conc.
1791 2793 1931 2828 Antiocb.,
