2089 3151
207 145 258 177 45'!

579 143 719 173 ORATIO
731 143 794 172 XX.
816 154 848 158 —
870 141 910 171 IN
932 138 1087 169 LAUDEM
1105 138 1135 168 S.
1164 136 1351 166 GREGOl‘ill
1369 134 1506 164 THEOL.

1790 131 1842 162 453

206 208 261 235 que
277 199 303 226 vi
320 202 399 232 ,erat
418 198 489 225 enim
508 197 531 223 si
546 197 608 231 quis
627 196 782 223 mortalium
806 203 889 230 quam
910 195 996 221 maxi-
1012 196 1035 224 Α
1051 192 1084 219 lis
1107 195 1266 224 cernuntur,
1286 190 1411 225 molcque
1440 197 1455 216 a
1477 194 1547 216 terra
1563 192 1711 222 assurgunt
1727 188 1791 220 ;scd
1813 189 1839 215 iu

208 254 251 272 me
279 253 293 272 a
324 244 395 271 fastu
425 243 554 276 alienus;
579 243 619 271 sic
646 248 736 270 tamen
757 242 834 277 quasi
862 242 998 276 prmbentc

207 288 339 316 Altissimi
369 287 492 323 dextera)
518 288 676 322 summique
715 287 861 315 sacerdotii
891 290 998 320 sumpta

208 340 311 361 tessera
325 342 332 366 ;
347 341 379 360 ac
397 341 458 361 cum
474 333 577 368 Spiritu
593 333 673 366 duce,
692 332 725 360 ad
737 333 810 367 quod
833 340 896 359 eum
912 332 999 367 gratia

207 387 277 413 opus
288 384 455 414 segregaret,
479 380 650 414 exploratum
669 379 790 410 haberet.
808 378 921 406 omnino
940 379 1000 412 qui-

208 426 269 452 dam
288 424 459 453 Sasimorum
486 426 623 453 abdicavit
653 426 799 460 parmciam
827 433 833 457 ;
859 432 999 452 sacrorum

207 476 299 498 autem
328 472 460 498 hactenus
487 477 630 506 parentum
658 472 702 506 pie
738 471 811 499 cultu
839 470 999 506 defungens,

209 523 410 552 paternumque
433 525 542 552 gregem
569 518 711 552 pastoralis
736 517 852 545 solertia:
867 518 1001 545 sermoni-

209 565 271 595 Lus.
283 572 315 591 ac
326 564 456 600 operibus
472 571 638 599 componens
655 572 663 597 ;
677 564 804 598 velutque
820 563 918 599 praevia
934 572 1002 599 qua-

209 609 271 636 dam
297 609 502 640 exercitatione,
526 616 559 635 ac
577 608 708 642 praeludio
723 608 820 643 patriae
843 608 1001 643 episcopatu

210 655 291 688 usus:
304 663 364 683 sese
380 655 456 683 urbis
476 655 624 689 Augustze;
645 655 711 689 quin
741 660 769 682 et
795 655 881 688 orbis,
904 655 1002 690 praefe-

210 706 296 728 ctum
312 701 422 736 aptabat
437 709 444 733 ;
461 708 640 736 superumque
650 700 824 735 perfectionis
850 700 1003 727 at'rhabone

209 751 348 781 suscepto,
369 747 402 774 ad
430 754 490 774 eam
509 747 682 774 festinantem
698 746 860 781 praeferebat
877 755 883 774 :
905 753 939 773 ac
961 747 1002 782 pia

210 793 425 827 longanimitate,
444 793 551 820 divinas
567 792 764 828 promissiones
779 792 938 827 recipiebat.

245 839 418 867 Abrahamus
435 840 544 874 quidem
580 839 797 874 patriarcharum
823 838 1002 869 clarissimus,

211 885 298 912 tribus
309 886 374 912 viris
383 885 524 912 Trinitatis
539 890 601 920 typo
617 885 735 918 hospitio
749 885 883 919 susceptis
891 884 914 900 "
926 892 933 917 ;
949 884 1003 911 itno

210 939 272 958 cum
289 931 372 958 trium
401 931 522 958 virorum
551 932 637 958 forma
657 929 820 957 Trinitatem
850 930 1002 957 venientem

211 978 262 1005 sub
277 985 380 1012 quercu
406 976 590 1012 refrigeraret,
621 977 824 1012 humaniusque
855 976 1003 1011 exciperet,

211 1023 415 1050 henedictiones
431 1030 445 1049 a
462 1022 516 1049 Deo
529 1022 705 1057 consequitur
721 1031 728 1048 ε
745 1021 911 1056 hospitiique
931 1022 1004 1049 illius

213 1069 336 1104 praemio,
365 1069 565 1103 optatissimam
581 1068 664 1096 refert
690 1069 912 1103 promissionem.
926 1068 1005 1101 Qum-

212 1122 275 1142 nam
308 1123 373 1143 vero
395 1115 541 1150 promissio
556 1115 567 1141 '!
582 1114 683 1150 Nempe
707 1114 797 1142 Sarrae
817 1123 900 1150 supra
930 1123 1004 1150 spem

212 1169 320 1189 omnem
338 1181 345 1194 ,
365 1165 529 1196 aetatemque
554 1161 641 1196 prolis
666 1161 824 1196 susceptio;
845 1161 958 1188 seminis
973 1168 1005 1188 ea

213 1207 388 1235 multitudine
404 1206 523 1239 diffusio,
550 1211 579 1233 ut
599 1206 692 1233 stellas
706 1207 767 1233 cceli
797 1211 907 1241 mquet;
928 1211 1007 1234 terrae

213 1253 322 1286 optima:
346 1252 489 1279 hmredltas
530 1259 562 1278 ac
581 1252 727 1286 possessio.
750 1251 800 1279 Hic
827 1256 931 1285 autem,
951 1260 1005 1279 non

213 1297 301 1324 tribus
322 1297 398 1327 viris,
417 1296 464 1324 sed
486 1296 595 1323 deitatis
627 1295 714 1323 tribus
741 1296 889 1330 personis;
917 1303 1006 1330 neque

213 1341 356 1370 Trinitatis
370 1342 466 1377 figura,
485 1342 532 1369 s-d
550 1342 607 1376 ipsa
624 1349 687 1369 vere
712 1346 838 1377 suscepta
853 1342 1006 1374 Trinitate;

214 1396 303 1423 neque
328 1397 360 1416 ca
374 1397 434 1424 quae
448 1389 532 1416 setnel
549 1389 649 1423 hospes
663 1389 779 1421 venerit,
800 1388 847 1416 sed
862 1396 923 1423 qua:
936 1397 1008 1415 sem-

215 1441 263 1469 per
279 1435 485 1462 abstrusiSsima
500 1434 604 1461 ratione
622 1434 745 1467 adesset;
759 1441 813 1461 non
834 1434 1007 1462 irrationabi-

216 1480 288 1507 libus
301 1480 381 1513 'cibis,
405 1480 452 1507 sed
471 1479 540 1507 vivis
557 1480 742 1512 sermonibus,
771 1480 899 1514 verisque
924 1480 1007 1507 animi

217 1527 316 1559 St‘nSiS,
327 1534 358 1554 ac
374 1526 538 1557 rationibus,
551 1525 664 1561 ipsaque
679 1533 743 1553 vere
757 1525 846 1560 dignis
860 1525 1005 1558 Trinitate,

217 1573 377 1608 magnifice,
401 1572 600 1607 ambitioseque
625 1572 699 1599 illam
727 1572 854 1599 convivio
887 1572 1006 1607 accipit;

215 1626 266 1650 nec
273 1618 322 1645 sub
333 1618 437 1645 arboris
446 1618 540 1645 umbra
550 1617 701 1653 refrigerat,
718 1618 764 1645 sed
779 1618 830 1645 sub
843 1618 1007 1645 cximiormn

217 1673 362 1693 sensorum
381 1665 435 1692 alto
448 1670 552 1692 recreat
567 1673 573 1698 ;
592 1665 772 1699 melioresque
790 1673 822 1693 ac
841 1664 1009 1692 certissimas

219 1712 415 1746 promissiones
424 1711 610 1746 consequitur.
622 1711 780 1739 Liberorum
796 1711 867 1738 enim
878 1711 1009 1746 multipli-

219 1763 413 1790 catorum,non
424 1757 640 1791 carnalium,sed
656 1758 816 1793 spiritaliqu
830 1765 933 1792 ;neque
948 1758 1010 1785 stel-

218 1803 252 1831 lis
265 1804 292 1830 in
300 1807 440 1838 aspectum
448 1804 619 1836 cadentibus,
631 1805 677 1832 sed
685 1812 744 1839 quae
755 1808 844 1831 mente
852 1804 972 1839 intelligu
978 1812 1009 1830 n-

220 1853 275 1882 tur,
288 1855 343 1876 tum
364 1849 551 1882 multitudine,
568 1854 625 1876 tum
642 1850 741 1876 decore
758 1856 841 1883 quam
854 1848 985 1876 similium
1002 1857 1009 1881 ;

218 1903 269 1922 nec
286 1899 320 1922 te:
329 1903 364 1922 rae
372 1895 442 1930 ejus,
456 1903 538 1929 quam
551 1895 690 1923 sceleratae
703 1901 796 1930 gentes
812 1895 882 1928 aliaz,
895 1894 1009 1929 aliaeque

219 1941 336 1968 subinde
362 1941 511 1973 calcarent.
531 1941 577 1969 sed
602 1949 662 1975 qua:
681 1941 786 1967 mitium
803 1941 825 1956 ⁷⁰
840 1941 948 1976 propria
969 1945 1011 1968 est

219 1985 373 2020 (ctelrstis,
390 1985 520 2022 inquam)
538 1986 711 2021 possidenda:
730 1986 888 2013 verissimas
915 1985 1011 2020 recipit

219 2032 429 2065 promissiones.

256 2078 296 2104 Ac
310 2078 420 2112 quidem
436 2078 609 2105 Abrahamus
624 2082 716 2114 postea
733 2077 901 2112 unigenitum
910 2077 1011 2113 primo-

220 2125 408 2159 genitumque,
422 2125 454 2151 de
467 2132 521 2159 quo
537 2124 607 2151 facta
626 2124 774 2159 promissio
790 2127 858 2157 erat,
873 2131 934 2150 cum
953 2129 1010 2151 ten-

222 2175 325 2198 taretur
342 2175 370 2197 ut
383 2178 465 2205 super
480 2178 534 2197 uno
554 2170 688 2197 montium
706 2170 843 2197 victimam
857 2169 1011 2203 offerret“,

1051 244 1136 264 sacrae
1161 235 1413 271 impcrturbationis
1433 235 1489 262 alto
1516 234 1656 267 culmine;
1679 241 1798 268 cumque
1813 242 1844 261 se

1051 283 1109 318 ipse
1121 283 1212 318 magni
1235 283 1372 318 primique
1384 282 1521 317 pontificis
1533 281 1659 308 manibus
1670 281 1842 314 praebuisset,

1052 337 1104 356 non
1118 329 1202 357 lsaaci
1213 337 1290 356 more
1305 329 1461 359 dimittitur,
1480 328 1526 355 sed
1542 327 1570 354 in
1585 327 1640 354 duo
1655 332 1774 358 secatur,
1789 327 1844 354 vita

1052 375 1168 407 scilicet,
1192 383 1253 409 qua:
1280 375 1312 402 ad
1329 381 1438 402 carnem
1462 378 1576 409 spectat,
1606 378 1665 401 tota
1680 378 1844 407 emortuus;

1052 420 1165 455 solaque
1177 427 1209 447 ea
1227 419 1327 455 quzein
1354 419 1451 454 spiritu
1477 423 1529 452 est,
1561 420 1659 446 vivus:
1679 426 1710 446 ac
1735 423 1845 446 terrena

1053 467 1162 501 quidem
1183 466 1350 499 hmreditate,
1368 471 1498 500 tanquam
1514 465 1586 492 fluxa
1619 472 1652 492 ac
1675 465 1778 492 caduca
1798 472 1847 491 ex-

1053 513 1172 546 cedens;
1191 513 1224 540 ad
1252 520 1398 548 supernam
1420 517 1524 546 autem,
1544 519 1576 539 ac
1601 512 1740 544 stabilem,
1755 512 1846 539 muni-

1054 559 1173 594 cipatum
1209 559 1270 586 vitae
1296 559 1417 586 rationes
1454 558 1622 586 transferens
1643 578 1651 591 ,
1673 557 1848 593 filiorumque

1054 606 1246 640 promissionis
1267 605 1459 641 pulcherrima:
1482 605 1625 642 primitia,
1647 613 1679 632 ac
1709 605 1848 633 nobilissi—

1056 659 1106 678 ma:
1128 651 1275 679 exsistens.

1091 697 1157 725 Nam
1182 698 1244 732 quis
1260 705 1314 733 pra:
1342 698 1398 732 illo,
1428 699 1522 733 sicque
1551 706 1580 726 se
1606 698 1791 734 intelligentiae
1822 698 1847 724 vi

1057 743 1219 777 prreditum,
1254 744 1432 779 opimumque
1461 744 1665 776 holocaustum,
1692 744 1788 779 primae
1809 744 1848 770 illi

1055 788 1159 821 menti,
1184 788 1293 823 Deoque
1315 796 1364 824 pro
1385 789 1632 824 intelligentissima
1657 789 1743 816 illaac
1769 789 1849 823 spiri-

1057 834 1103 860 tali
1119 842 1166 861 ara
1179 834 1298 862 obtulit?
1312 835 1379 868 Quis
1395 843 1458 863 vero
1472 835 1512 862 sic
1530 835 1642 863 victima
1654 840 1746 863 utente
1767 835 1848 863 ratio-

1055 886 1090 906 ne
1106 899 1114 911 ,
1127 887 1159 906 ac
1174 880 1351 908 immaculata
1382 881 1506 908 omnium
1530 882 1615 917 gratia
1631 882 1779 910 immolata:
1805 891 1849 910 ra—

1056 924 1135 958 tioni,
1151 924 1294 961 Verboque
1310 927 1374 954 fecit
1388 928 1399 954 ?
1412 927 1480 961 Quis
1500 929 1537 955 ita
1560 928 1677 956 bestiam
1702 930 1848 960 viventem.

1056 975 1191 1003 sanctam.
1213 973 1434 1008 bencplacentem
1462 981 1562 1009 corpus
1589 983 1682 1008 suum,
1707 983 1740 1003 ac
1769 977 1850 1011 spiri-

1057 1022 1124 1049 tum.
1142 1017 1258 1046 Domino
1272 1019 1386 1054 Spiritui
1407 1020 1532 1047 exhibuit
1554 1020 1599 1047 ⁷³2
1613 1020 1681 1054 Quis
1709 1022 1745 1049 ita
1774 1023 1851 1057 prius

1057 1068 1114 1092 tum
1132 1072 1224 1097 carne,
1246 1070 1303 1093 tum
1319 1066 1411 1093 animo
1434 1067 1581 1094 sanctitate
1604 1067 1736 1101 imbutus,
1754 1068 1852 1096 exinde

1057 1111 1213 1138 sanctitatis
1243 1113 1387 1146 sacerdos,
1415 1120 1447 1141 ac
1473 1113 1637 1141 administer
1652 1113 1765 1141 effectus
1789 1116 1854 1142 est?

1058 1156 1125 1190 Quis
1142 1166 1299 1192 supremam
1315 1163 1378 1186 ante
1403 1163 1499 1186 nactus
1525 1158 1712 1194 adoptionem,
1729 1159 1768 1187 sic
1790 1160 1852 1187 aliis

1057 1201 1130 1230 Patri
1145 1203 1291 1238 spirituum
1299 1205 1323 1221 ⁷³
1331 1204 1494 1239 adoptandis
1502 1204 1665 1232 conciliator
1675 1206 1779 1233 ascitus
1790 1211 1831 1233 est
1841 1207 1853 1233 ’ἒ

1093 1248 1235 1282 Quodnam
1265 1251 1410 1284 pastoralis
1436 1250 1554 1278 solertiae
1578 1259 1665 1286 genus
1682 1259 1689 1284 ‘,
1709 1251 1848 1286 quodnam

1059 1295 1169 1323 virtutis
1189 1302 1284 1331 vegeta
1304 1296 1413 1323 actione
1436 1304 1490 1323 non
1513 1297 1581 1324 obiit
1601 1297 1765 1332 specimen?
1782 1297 1855 1330 Quid

1058 1346 1112 1373 est,
1129 1342 1201 1376 quod
1235 1342 1333 1369 divina:
1360 1342 1563 1378 praedicationis
1592 1344 1768 1372 sermonibus
1798 1352 1853 1371 non

1060 1386 1213 1415 clarissime
1236 1388 1371 1416 detexerit
1389 1389 1400 1416 τ
1420 1393 1449 1416 ιιι
1476 1389 1502 1416 in
1531 1396 1563 1416 eo
1589 1390 1722 1424 majorem
1751 1398 1852 1422 sermo,

1059 1437 1140 1467 atque
1160 1429 1284 1461 doctrina
1299 1442 1354 1470 pne
1381 1434 1490 1462 actione
1509 1435 1719 1463 admirationem
1733 1436 1830 1464 habeat
1845 1446 1852 1470 ;

1059 1477 1183 1511 quinimo
1196 1478 1268 1506 actio
1286 1486 1341 1513 prae
1352 1486 1489 1510 sermone,
1505 1483 1588 1513 atque
1603 1479 1728 1507 doctrina
1751 1480 1851 1514 majori

1061 1522 1245 1551 admiratione
1264 1524 1360 1559 rapiat.
1375 1524 1442 1557 Quis
1455 1525 1490 1551 ita
1516 1532 1641 1553 sermone
1658 1525 1751 1553 clarus
1789 1535 1854 1562 gra-

1062 1569 1175 1604 visque;
1195 1569 1235 1598 sic
1250 1570 1407 1603 distinctus,
1434 1575 1517 1606 atque
1530 1571 1649 1607 elegans,
1666 1577 1853 1607 ornatusque;

1061 1617 1101 1643 sic
1125 1623 1205 1644 verax
1232 1624 1265 1644 ac
1294 1617 1464 1652 perspicuus,
1486 1622 1515 1645 ut
1540 1617 1637 1650 videri,
1660 1625 1743 1652 quam
1763 1619 1854 1646 audiri

1062 1664 1154 1697 potius
1180 1663 1314 1696 videatur,
1344 1663 1476 1698 quidquid
1504 1664 1647 1698 loquitur;
1678 1665 1703 1691 id
1721 1670 1774 1698 est,
1803 1673 1853 1700 pro

1064 1708 1193 1744 Theologi
1207 1709 1331 1744 partibus
1349 1709 1382 1737 de
1400 1709 1456 1737 Deo
1467 1710 1654 1745 exsequitur?
1671 1710 1728 1738 lmo
1744 1711 1807 1746 quis
1819 1711 1855 1738 ita

1063 1754 1117 1782 Deo
1130 1754 1248 1787 afﬂatus,
1266 1760 1348 1790 atque
1361 1757 1454 1791 gratiae
1467 1757 1594 1784 conditus
1607 1757 1729 1790 salibus;
1741 1762 1770 1784 ut
1797 1765 1856 1785 οιιι-

1063 1809 1124 1828 nem
1160 1802 1243 1834 vitii,
1278 1803 1532 1838 putentissimaeque
1562 1803 1698 1832 haerese0s
1734 1805 1854 1832 exsiccet

1062 1847 1150 1874 tabem
1176 1856 1183 1880 ;
1215 1848 1346 1882 quidquid
1377 1856 1442 1876 vero
1458 1849 1586 1876 humanis
1619 1850 1745 1878 moribus
1765 1850 1855 1878 disso-

1063 1893 1162 1924 lutum.
1182 1893 1345 1929 molliusque
1357 1894 1438 1927 inest,
1452 1899 1534 1929 atque
1549 1895 1684 1928 difﬂuens,
1704 1896 1737 1924 ad
1755 1897 1855 1925 mentis

1063 1939 1257 1971 constantiam,
1265 1946 1451 1974 sanarumque
1464 1941 1601 1967 rationum
1612 1940 1760 1968 transferat
1768 1941 1855 1968 ﬁrmi-

1064 1988 1147 2011 tatem
1163 1985 1175 2012 ἲ

1099 2029 1167 2063 Quis
1195 2038 1250 2066 prae
1273 2031 1496 2067 illo(dummodo
1513 2032 1664 2067 principem
1681 2031 1755 2059 illum
1766 2037 1856 2067 pasto-

1064 2083 1123 2103 rum
1136 2076 1159 2092 "
1172 2077 1292 2111 excipias
1309 2076 1470 2113 )magisque
1485 2077 1575 2105 bonus
1605 2077 1711 2110 Pastor,
1728 2076 1774 2113 qui
1798 2086 1856 2106 ser-

1052 2122 1154 2161 .m0nis
1169 2123 1260 2150 fistula
1274 2123 1307 2150 ad
1322 2123 1392 2150 bona
1405 2130 1505 2158 pascua
1518 2124 1617 2150 educat
1631 2123 1664 2155 ⁷³,
1677 2125 1760 2158 inque
1771 2124 1857 2152 bonas

1066 2174 1148 2205 atque
1169 2170 1250 2198 utiles
1277 2171 1371 2198 caulas
1387 2171 1521 2198 inducat?
1545 2170 1613 2204 Quis
1630 2170 1670 2198 sic
1687 2170 1799 2205 probus,
1823 2178 1856 2197 ac

222 2216 296 2243 haud
313 2221 476 2251 praeceptum
506 2217 621 2248 disluiil,
643 2216 714 2244 haud
731 2224 787 2243 rem
804 2216 914 2252 aggredi
931 2217 1012 2244 dubi-
1029 2215 1051 2243 D
1066 2216 1230 2247 industrius,
1257 2220 1288 2243 ut
1311 2223 1418 2251 gregem
1449 2220 1506 2243 tum
1550 2216 1720 2251 impinguare
1740 2216 1857 2249 noverit,

223 2263 318 2293 tavit;
347 2263 419 2290 haud
448 2263 598 2297 obstupuit,
616 2263 682 2297 quiti
709 2270 830 2296 manum,
849 2268 930 2297 atque
956 2262 1014 2297 gla-

221 2308 296 2335 dium
310 2307 318 2342 (
331 2315 347 2334 o
367 2308 450 2335 animi
466 2308 692 2343 magnitudinem,
710 2308 765 2335 imo
779 2309 913 2343 insignem
926 2309 1013 2343 pieta-

224 2353 258 2379 lis
276 2353 342 2385 vim,
363 2361 396 2380 ac
423 2353 581 2388 religionem
598 2354 624 2388 ι)
642 2354 797 2381 charissimi
814 2353 910 2389 jugulo
928 2354 1013 2382 infera

224 2402 286 2430 ret;
305 2398 413 2425 tametsi
433 2406 503 2425 novo
522 2399 569 2425 illo
581 2406 614 2425 ac
631 2398 742 2426 insolito
761 2399 896 2427 sacrificio
910 2399 1014 2427 inhibi-

224 2447 270 2470 tus
289 2449 341 2475 est,
361 2444 446 2471 ariete
466 2444 556 2471 statim
573 2444 705 2471 cornibus
715 2444 854 2477 devincto,
871 2444 918 2480 qui
933 2445 1015 2472 victi-

224 2497 276 2516 ma:
293 2490 393 2516 utentis
418 2491 524 2516 ratione
536 2490 625 2517 locum
648 2490 780 2525 expleret.
797 2490 944 2526 Gregorius
965 2499 1015 2518 au-

226 2540 292 2567 tem,
311 2541 366 2562 tum
383 2536 460 2562 altari
475 2535 601 2563 admotus
612 2540 663 2567 est,
679 2540 736 2562 tum
754 2537 876 2570 paternis
892 2536 1015 2565 initiatus

226 2581 353 2607 manibus
384 2582 488 2616 integra
515 2581 633 2614 victima,
645 2589 677 2608 ac
697 2589 773 2608 nova:
794 2583 924 2610 sacerdos
937 2582 1016 2610 victi-

227 2633 279 2652 mae
295 2626 442 2653 sacerdotii
455 2627 609 2654 initiatione
624 2627 742 2655 oblatus.
759 2627 815 2655 Nec
829 2636 842 2655 a
854 2633 930 2663 patre
944 2629 1015 2656 dun-

227 2674 312 2702 taxat,
327 2671 373 2699 sed
389 2672 468 2707 longe
483 2673 559 2707 prius
580 2681 595 2700 a
615 2675 715 2701 teneris
729 2675 808 2702 annis
829 2675 886 2709 ipse
897 2683 927 2702 se
953 2675 1018 2702 offc—

227 2726 302 2751 rcns,
316 2726 369 2746 non
385 2727 468 2753 super
477 2728 531 2748 uno
546 2721 637 2756 aliquo
649 2729 681 2748 ex
695 2721 728 2749 iis
741 2722 881 2750 montibus
895 2723 1018 2757 qui’ocu-

263 2807 370 2844 f'iﬂen.
383 2810 483 2838 xvttt.f
503 2817 578 2844 seqq.
618 2811 639 2827 7°
656 2811 749 2838 Matth.
770 2820 796 2844 v,
813 2813 840 2840 4.

227 2842 250 2858 ⁷⁸
267 2842 360 2871 chtr.
376 2853 401 2878 ι’,
419 2845 446 2872 4.
485 2846 506 2860 ⁷⁸
521 2842 601 2873 Joan.
618 2854 655 2878 xl,
678 2847 721 2875 Μ.

408 2892 542 2922 ΡΑτιιοιι.
560 2894 618 2922 Gn.
638 2893 699 2922 CV.

761 2849 782 2863 ⁷⁸
799 2848 868 2876 Gen.
886 2856 971 2881 xxvn,
987 2848 1014 2875 4.

879 2813 900 2829 ⁷¹
911 2813 979 2840 Gen.
992 2820 1059 2844 xxn,
1073 2813 1101 2840 l.

1053 2849 1075 2864 "
1089 2848 1156 2876 Gen.
1170 2856 1264 2881 xxvnt,
1291 2848 1314 2882 l_

1067 2266 1124 2289 tum
1139 2263 1217 2297 c0pia
1231 2270 1330 2298 augere
1345 2272 1352 2296 ;
1369 2270 1401 2290 ac
1416 2271 1497 2298 quam
1513 2263 1607 2298 procul
1622 2270 1637 2290 a
1653 2263 1778 2298 luporum
1795 2263 1859 2291 feri-

1068 2312 1122 2334 tate
1137 2308 1301 2336 iucolumem
1315 2316 1425 2336 servare
1438 2309 1450 2335 ?

1104 2354 1222 2382 Jacobus
1237 2355 1345 2390 quidem
1363 2355 1407 2382 ille
1419 2354 1504 2382 lsaaei
1519 2355 1593 2382 filius
1609 2354 1795 2385 suavissimis
1811 2361 1860 2389 pa-

1070 2404 1137 2427 trem
1149 2400 1287 2434 accipiens
1299 2399 1418 2435 dapibus
1432 2400 1466 2432 ",
1483 2400 1544 2435 cjus
1555 2398 1627 2427 in'se
1638 2399 1859 2427 benedictionem

1068 2446 1145 2474 fratri
1163 2449 1290 2481 praelatus
1306 2447 1427 2474 attraxit.
1453 2446 1522 2473 Tum
1543 2446 1614 2474 Esau
1637 2446 1737 2474 cmdem
1753 2447 1861 2481 spiran-

1070 2493 1104 2520 tis
1119 2493 1249 2520 invidiam
1270 2492 1378 2529 fugiens
1389 2494 1422 2526 ⁷⁷,
1432 2492 1530 2520 faustis
1545 2501 1612 2520 usus
1630 2493 1788 2526 insomniis,
1799 2500 1861 2527 qua)

1069 2539 1102 2566 ad
1117 2539 1220 2566 scalam
1248 2539 1275 2565 in
1302 2538 1401 2567 ctelum
1427 2544 1584 2574 protensam
1609 2544 1774 2574 spectarent,
1797 2547 1860 2573 pro-

1067 2591 1202 2619 speroqne
1220 2584 1353 2615 deductus
1371 2584 1478 2617 itinere,
1500 2593 1532 2612 ac
1549 2593 1579 2613 se
1603 2586 1734 2612 maternis
1755 2584 1860 2612 laribus

1068 2629 1198 2662 inferens,
1217 2630 1318 2658 Labani
1336 2631 1452 2658 filiarum
1471 2639 1552 2658 causa
1566 2631 1673 2659 labores
1687 2630 1800 2658 desudat
1817 2629 1857 2660 ’5;

1069 2676 1184 2704 desudat
1213 2685 1277 2704 vero
1307 2677 1429 2704 curando
1454 2678 1557 2712 pecori,
1583 2685 1616 2705 ac
1643 2677 1694 2704 sibi
1720 2675 1862 2703 vindican-

1070 2724 1122 2755 do;
1142 2723 1284 2758 tribusque
1314 2723 1342 2750 in
1370 2724 1508 2752 carnalium
1536 2724 1620 2752 alveis
1643 2721 1727 2757 virgis
1749 2719 1860 2755 ³ΡΡο5Ῐ·

1145 2813 1169 2828 τ’
1188 2812 1266 2839 Rom.
1283 2820 1333 2846 xu,
1348 2813 1374 2845 l;
1391 2811 1476 2840 lCor.
1486 2819 1528 2844 ιιι,
1541 2810 1584 2837 l7.
1623 2808 1645 2825 "
1663 2807 1745 2836 Hebr.
1759 2815 1808 2840 xu,
1833 2806 1861 2836 9.

1353 2849 1376 2864 ⁷⁸
1392 2847 1460 2875 Gen.
1479 2853 1553 2877 xxix,
1571 2846 1596 2870 1.

1428 2885 1431 2886 ν
1615 2888 1650 2920 15
