2089 3151
272 151 328 183 459

872 143 1018 173 NICETXE
1032 140 1294 172 PAPIILAGONIS

1839 135 1891 166 460

269 207 306 236 tis
321 206 355 238 π,
371 211 402 231 ac
419 203 469 231 sub
484 210 577 230 eorum
594 202 683 230 colore
698 200 817 228 variante
839 204 977 234 aspectum
991 206 1055 225 ows
1069 197 1091 226 Λ
1107 205 1160 223 nun
1180 197 1205 222 in
1221 195 1334 227 somnis,
1347 194 1394 222 sed
1414 193 1471 228 ipsa
1484 192 1587 228 vigilia,
1602 199 1663 226 quae
1678 198 1693 217 e
1703 198 1732 218 re
1748 195 1839 217 essent
1860 198 1891 217 ac

272 253 305 279 ad
324 250 425 278 coitum
440 249 576 278 emittens.
596 247 687 282 plures
701 246 853 272 maculosus
871 244 946 274 facit,
970 250 1052 277 quam

269 305 332 332 qua:
347 295 427 322 nullis
448 298 527 321 erant
549 293 685 320 distincta;
713 291 851 318 maculis:
868 289 964 324 hisque
986 287 1053 315 arti-

270 343 322 369 bus
335 341 429 368 deluso
449 339 527 375 Syro,
537 345 569 366 ac
582 345 645 366 cum
657 337 770 365 solerter
781 336 831 364 sibi
850 339 973 371 parasset
990 334 1054 362 sub-

269 388 410 418 stantiam,
427 386 464 413 ita
479 392 539 412 cum
557 384 689 411 uxoribus
703 389 735 410 ac
760 382 853 409 liberis
868 382 903 408 ab
916 389 948 408 eo
960 380 1027 415 fugit
1044 389 1051 413 ;

270 432 371 466 Deique
383 429 480 464 copiis,
504 436 536 456 ac
564 428 661 456 turmis
690 427 819 455 occurrit.
844 426 883 452 Ad
902 426 960 453 haec
990 432 1053 452 cum

271 477 336 506 Deo,
351 475 397 509 qui
417 477 589 509 apparuerat,
612 477 736 500 conserta
760 479 861 507 pugna,
878 470 957 505 cujus
971 470 1053 497 etiam

270 527 336 548 nutu
353 525 457 548 mutata
477 519 657 554 appellatione
681 518 788 546 lsraelis
817 524 914 544 nomen
940 516 1053 550 accepit,

268 566 374 594 cunctis
391 565 522 593 liberatus
541 564 685 597 molestiis,
701 564 728 591 in
740 568 879 598 paternam
892 560 990 589 alacris
1006 561 1056 588 do-

269 619 342 640 mum
359 611 448 638 rediit.

305 688 373 721 Quid
385 695 449 715 vero
466 686 613 721 Gregorius
627 687 639 713 ?
657 686 752 713 Nonne
770 685 879 719 optimis
904 683 1057 717 Theologia:

270 733 403 768 dogmatis
417 732 539 760 divinum
555 730 836 766 accipiebatNumen;
855 730 1057 764 presbyterum-

267 787 322 814 quc
334 779 415 806 etiam
433 779 470 805 illi
491 777 610 805 invisutn
630 778 767 804 funestum
791 777 883 802 Arium
901 775 986 810 gloria
1010 781 1057 802 su-

270 833 378 859 perans.
392 824 546 851 divinarum
564 823 648 850 decus
672 822 894 849 bcncdictiouum
917 819 1059 856 privilegio

1108 242 1302 272 conducerent,
1316 240 1439 274 quotidie
1449 237 1683 266 submonstraret?

1140 287 1233 313 Trium
1247 287 1352 313 illarum
1365 286 1424 313 loco
1437 285 1585 320 virgarum,
1595 283 1683 310 tribus
1706 281 1817 308 Deitatis
1831 287 1895 315 per-

1106 334 1181 360 sonis
1194 334 1220 359 in
1237 331 1367 359 Ecclesiis
1380 337 1506 359 sermone
1522 328 1671 365 propositis
1687 328 1754 362 (has
1775 333 1893 360 namque

1105 379 1194 414 palam
1218 377 1371 412 figurabant
1396 375 1533 403 canalium
1559 373 1652 407 alvei),
1677 372 1845 405 hortansque
1859 371 1893 396 ad

1105 432 1152 452 eas
1176 424 1295 451 animum
1336 423 1507 449 attendentes
1532 420 1633 454 pietate
1671 419 1756 445 fetum
1784 421 1893 443 uterum

1106 475 1254 505 gestarent,
1277 469 1387 503 optimae
1401 465 1640 501 contemplationis
1665 464 1794 498 optimam
1812 461 1895 489 ratio-

1107 523 1179 546 nem,
1192 515 1328 543 salubrem
1343 514 1476 541 rationem
1493 516 1523 540 ut
1531 511 1710 541 eniterentur,
1725 507 1869 543 prmstabat
1883 514 1892 538 ς

1107 569 1161 597 quo
1179 561 1211 588 ad
1237 567 1372 595 supernas
1397 559 1502 591 caulas,
1521 557 1593 584 bono
1610 556 1656 582 illo
1670 555 1792 586 Pastore,
1820 559 1894 580 sum-

1108 614 1204 641 meque
1222 606 1334 641 provido
1351 604 1538 633 submittente,
1560 601 1719 629 transirent.

1143 652 1238 679 Omnis
1251 651 1359 686 generis
1383 655 1506 677 terrenas
1520 648 1672 678 facultates,
1698 652 1768 680 quas
1788 643 1825 670 illi
1851 649 1896 670 sa-

1107 697 1220 731 pientia,
1230 696 1370 730 virtusque
1379 698 1531 729 paraverat,
1539 696 1651 719 sumens
1660 699 1666 722 ;
1675 694 1757 724 atque
1763 689 1897 715 hactenus

1109 743 1170 769 lidei
1200 749 1263 775 ope,
1293 749 1348 768 non
1373 740 1429 774 ipsa
1455 739 1544 773 specie
1572 737 1755 772 angeliearum
1771 733 1897 760 Potesta-

1110 794 1166 815 tum
1186 788 1284 815 castris
1311 786 1508 813 humanissime
1524 783 1667 817 acceptus.
1690 781 1715 808 id
1739 784 1782 807 est
1811 779 1895 812 stipa-

1110 839 1177 866 tus;
1196 841 1228 860 ac
1245 840 1307 861 cum
1338 832 1393 859 Dco
1420 830 1527 857 homine
1548 830 1576 856 in
1600 828 1696 862 spiritu
1721 831 1897 860 congressus.

268 868 506 904 aceepit?Nonnc
520 869 564 895 hic
578 875 687 903 quoque
715 867 788 894 illius
813 867 1000 894 crudelitatem
1017 865 1059 892 fu-
1075 864 1097 892 Β
1112 864 1243 912 mensque
1269 884 1332 904 vere
1355 876 1438 903 Deum
1462 875 1556 902 videns
1589 873 1688 900 nedum
1713 874 1897 904 nuncupatus,

271 916 358 950 giens,
374 915 406 942 ad
432 919 582 941 maternam
608 914 731 946 donmm,
754 913 929 948 apostolicam
957 912 1061 938 scilicet

272 961 420 988 Ecclesiam
441 960 653 995 commigravit?
673 960 770 987 Nonne
791 958 893 986 scalam
908 965 924 986 e
947 957 1059 985 terrain

271 1007 383 1038 ccelum,
402 1005 550 1040 fastigiata,
567 1013 599 1032 ac
624 1013 685 1040 quae
707 1003 855 1032 virtutibus
871 1002 1059 1033 fabricaretur,

272 1052 348 1086 prius
363 1051 489 1086 aspexit?
502 1050 599 1078 Nonne
616 1058 664 1086 per
676 1058 747 1083 eam,
767 1049 812 1076 Dei
833 1049 879 1084 qui
900 1048 939 1075 illi
957 1048 1060 1075 innite-

271 1096 363 1128 batur,
374 1095 587 1130 angelorumque
597 1095 624 1122 in
638 1102 668 1122 ea
678 1094 883 1122 ascendentium
908 1100 939 1120 ac
950 1092 1062 1119 descen-

271 1141 394 1168 dentium
420 1141 517 1169 doctus
542 1145 584 1168 est
610 1140 864 1175 contemplationem
885 1139 897 1166 ’ἰ
921 1138 990 1171 Quin
1017 1136 1062 1164 hic

272 1193 383 1221 quoque
397 1185 505 1213 labores
528 1185 654 1218 desudat,
673 1190 700 1212 at
718 1193 771 1212 non
801 1185 838 1211 ita
865 1188 895 1212 ut
915 1184 1060 1211 mulierum

272 1235 414 1259 venustate
428 1231 570 1264 tabescat;
590 1238 643 1258 non
660 1230 719 1264 ejus
733 1230 821 1265 gratia
838 1228 1061 1265 pulchritudinis,

273 1284 334 1310 qua:
352 1277 385 1304 ad
400 1276 496 1304 horam
514 1277 594 1304 ﬂoret
611 1285 619 1309 ;
639 1284 699 1312 quas
715 1276 748 1303 ad
774 1275 908 1303 modicum
935 1275 1060 1308 delectat,

271 1323 408 1357 citiusque
429 1323 591 1355 evanescit;
626 1331 715 1358 neque
739 1322 811 1357 apud
837 1321 989 1352 Labanum,
1015 1319 1062 1347 sed

273 1370 333 1404 ejus
347 1372 475 1403 nepotem
490 1368 599 1403 Moysen
617 1377 624 1395 :
639 1368 744 1395 laborat
762 1373 863 1400 autem,
888 1371 918 1394 ut
945 1366 1062 1393 duarum

273 1415 334 1450 ejus
350 1414 477 1446 filiarum,
494 1416 594 1441 vett-ris
609 1414 713 1441 scilicet
739 1413 859 1448 novique
884 1411 1061 1444 Testamenti,

274 1460 399 1487 notitiam
413 1458 561 1494 perfectam
578 1459 762 1487 nanciscatur.
782 1458 821 1485 Ac
844 1458 923 1492 plane
952 1456 1061 1484 illarum

275 1511 388 1540 compos
403 1505 535 1537 elilcitur;
553 1504 669 1538 primum
680 1504 788 1538 quidem
809 1502 927 1530 senioris
944 1501 1063 1534 ;exiude

275 1556 366 1579 autem
381 1551 509 1586 junioris.
537 1549 582 1577 Sic
597 1551 668 1576 enim
685 1549 755 1576 forte
777 1555 827 1583 par
843 1552 921 1580 erat,
940 1552 970 1575 ut
1000 1554 1062 1574 cum

273 1597 343 1632 legis
359 1597 435 1631 prius
449 1596 549 1628 littera,
571 1602 603 1622 ac
627 1599 684 1622 tum
704 1602 765 1622 cum
791 1594 887 1628 spiritu
901 1613 909 1626 ,
936 1593 1064 1621 societate

275 1643 445 1677 jungerctur.
473 1642 525 1668 Par
538 1645 606 1671 erat,
636 1647 663 1668 ut
675 1640 773 1667 veteris
790 1639 937 1674 Scriptura:
954 1646 1064 1666 sensum

275 1687 394 1719 facilem,
422 1695 455 1713 ac
478 1686 643 1721 expeditum,
669 1693 720 1712 nec
747 1685 893 1712 admodum
921 1684 1063 1719 pulchrum

279 1737 399 1767 aspectu,
417 1737 497 1766 atque
512 1736 654 1758 \enustum
672 1737 734 1757 vere
749 1730 865 1764 primum
881 1729 982 1757 coleret
999 1729 1066 1762 ;sic-

278 1786 332 1812 quc
353 1778 379 1804 in
396 1785 428 1804 eo
451 1777 505 1804 alte
531 1777 669 1808 latentem,
691 1776 773 1810 inque
803 1776 895 1810 gratiae
921 1775 1066 1809 Evangelio

280 1822 423 1849 manifeste
437 1821 580 1856 proditam,
601 1820 750 1847 formosam
768 1817 840 1847 illam
862 1827 894 1847 ac
916 1819 1064 1854 elegantem

278 1868 412 1895 rationem
435 1867 444 1902 (
470 1866 514 1893 Dei
545 1866 648 1893 scilicet
679 1865 756 1892 Verbi
783 1865 980 1892 incarnationis
1000 1872 1066 1891 con-

281 1913 480 1947 templationem
490 1912 498 1945 )
510 1912 582 1938 clare
597 1915 779 1945 pernoscerct,
794 1918 825 1938 ac
837 1911 969 1946 diligeret,
985 1911 1067 1946 inque

279 1957 339 1991 ejus
354 1957 494 1991 amplexus
518 1957 600 1982 animi
621 1955 759 1989 proposito
773 1959 872 1982 rueret.

317 2031 364 2058 llis
390 2032 483 2065 utique
508 2029 615 2057 duobus
643 2029 814 2057 testamentis
839 2033 969 2063 tanquam
995 2028 1067 2056 veris

276 2083 350 2103 usus
369 2075 542 2110 conjugibus,
573 2073 644 2101 ﬁlios
678 2074 747 2108 patri
777 2074 949 2108 multiplicat.
977 2073 1067 2100 Animi

283 2120 478 2156 parturiginum
497 2121 523 2146 iu
547 2120 655 2154 spiritu,
681 2119 727 2146 Dei
745 2120 958 2154 promissionum
980 2119 1067 2146 hacre-

280 2168 340 2199 dcs,
355 2167 454 2194 liberos
468 2170 602 2200 procreat.
625 2166 680 2193 Nec
692 2166 717 2192 id
742 2170 846 2192 tantum
868 2173 934 2193 cura
964 2166 1066 2192 intenta

282 2213 347 2247 agit,
361 2217 391 2238 ut
415 2211 548 2245 suscipiat
568 2211 678 2242 liberos,
703 2211 877 2238 sublimiores
905 2211 1009 2238 scilicet
1035 2218 1067 2238 ac

281 2258 417 2292 spiritales
431 2266 438 2290 ;
451 2257 496 2284 sed
510 2258 548 2289 {ut
571 2257 664 2283 ctiam’
676 2256 808 2291 mancipia
827 2256 964 2291 acquirat;
988 2257 1068 2283 nimi-

284 2312 342 2330 rum
367 2303 475 2337 corpori
503 2301 650 2328 viciniores
682 2309 714 2329 ac
739 2301 908 2329 humiliores.
925 2301 972 2328 His
993 2302 1066 2328 enim

282 2349 327 2375 ille
343 2356 392 2383 pro
410 2348 452 2375 sui
480 2347 586 2374 ratione
607 2347 743 2381 spiritales
763 2347 815 2374 sibi
840 2354 872 2374 ac
899 2347 1068 2374 immortales

282 2394 389 2421 divitias
403 2397 489 2428 parat.
506 2392 573 2420 Nam
598 2393 655 2427 ipse
668 2400 786 2428 quoque,
806 2393 900 2427 paucis
920 2394 1066 2420 admodum

281 2447 313 2466 ac
342 2439 415 2465 brevi
445 2445 559 2465 numero
580 2438 690 2465 creditis
707 2457 714 2470 ,
739 2437 903 2473 solertiaquc
926 2445 959 2465 ac
975 2438 1068 2465 labore

281 2486 309 2512 in
334 2485 452 2520 amplam
478 2492 558 2520 grege
585 2488 713 2519 provecto
734 2483 873 2516 sobolem;
892 2491 945 2510 non
973 2490 1068 2510 omnes

282 2531 412 2558 mercedis
426 2531 487 2557 loco
500 2530 577 2557 datos
605 2529 650 2564 qui
667 2529 809 2556 revortenti
825 2529 852 2555 in
869 2533 1007 2564 paternam
1019 2529 1068 2555 do-

281 2585 356 2605 mum
371 2584 423 2604 una
443 2577 558 2604 comites
581 2580 683 2608 essent,
711 2576 757 2603 sed
789 2575 889 2602 electos
914 2575 1065 2607 duntaxat;

281 2631 331 2651 nec
347 2624 394 2658 qui
408 2627 469 2650 nota
481 2627 617 2654 carerent,
643 2621 690 2648 sed
715 2621 761 2656 qui
785 2625 872 2648 essent
889 2620 1021 2655 insigniti,
1041 2620 1067 2646 in

282 2670 389 2698 divinas
420 2668 569 2696 subductus
596 2667 724 2699 rationes,
748 2672 829 2701 atque
850 2666 923 2693 illius
945 2666 1067 2700 signatos

281 2717 418 2746 thesauris
442 2715 594 2750 intelligens
609 2723 616 2748 ;
634 2714 763 2750 quidnam
781 2713 913 2740 molitur?
931 2713 1000 2745 Quin
1016 2720 1065 2746 po-

281 2763 336 2790 tius
363 2771 443 2796 quem
468 2763 495 2788 in
522 2769 631 2789 sensum
649 2759 817 2795 provehitur,
834 2759 908 2786 illius
922 2758 1003 2786 ductu
1019 2757 1066 2793 qui

319 2852 343 2867 ⁷⁸
357 2851 424 2878 Gen.
441 2858 505 2882 xxv,
523 2849 567 2877 37.

1111 931 1205 950 verum
1227 923 1306 950 etiam
1328 921 1427 952 factus,
1443 928 1490 955 per
1513 920 1589 947 illum
1604 920 1637 945 ad
1661 923 1778 952 superna
1817 920 1898 950 atque

1110 975 1221 1005 paterna
1239 967 1412 995 tabernacula
1427 971 1484 993 tuto
1499 964 1670 993 commeavit.

1147 1015 1203 1043 Hoc
1216 1013 1354 1048 ’i‘heologo
1380 1012 1520 1047 sapientiae
1546 1018 1579 1038 ac
1605 1008 1755 1043 prudentiae
1778 1006 1898 1035 efllcitur

1111 1062 1260 1098 specimen.
1289 1060 1381 1087 Virilis
1407 1059 1458 1085 hoc
1476 1057 1572 1090 animi,
1595 1055 1728 1089 fortisque
1755 1052 1897 1088 praeludto,

1112 1115 1168 1135 rem
1186 1108 1316 1135 adversus
1330 1106 1471 1133 haereticos
1495 1109 1606 1131 strenue
1634 1101 1779 1137 gerendam
1807 1099 1897 1126 fauste

1112 1155 1280 1189 auspicatus,
1297 1153 1333 1179 ita
1351 1160 1379 1179 se
1398 1151 1430 1178 ad
1451 1150 1614 1185 perfectiora
1647 1151 1814 1182 aspectuque
1840 1145 1899 1180 ipso

1113 1200 1242 1227 terribilia
1256 1198 1405 1226 certamina
1426 1196 1555 1230 accingit.
1574 1194 1613 1221 Ac
1631 1195 1703 1221 sicut
1727 1191 1900 1227 pugnacissi-

1112 1246 1150 1273 mi
1163 1245 1281 1277 athletae,
1297 1252 1350 1271 non
1372 1251 1387 1270 a
1401 1243 1490 1277 primo
1520 1241 1610 1268 statim
1626 1238 1814 1274 experimento
1841 1237 1899 1263 for-

1113 1292 1228 1319 tioribus
1239 1289 1405 1321 adversariis
1429 1287 1645 1322 congrediuntur
1657 1284 1721 1316 :sed
1735 1288 1797 1311 ante
1812 1289 1901 1318 pugna

1112 1345 1175 1366 cum
1191 1337 1224 1365 iis
1237 1337 1285 1372 qui
1309 1335 1453 1364 debiliores
1467 1338 1531 1361 sunt
1547 1332 1683 1368 tyrociaio
1706 1330 1824 1366 quodam
1836 1336 1901 1355 eru-

1113 1385 1174 1416 diti.
1196 1383 1402 1418 majoribusque
1430 1380 1537 1408 abunde
1553 1377 1747 1406 luctanriaibus
1772 1373 1902 1406 instituti,

1112 1431 1150 1459 ita
1166 1431 1275 1458 demum
1294 1433 1322 1456 ut
1338 1435 1400 1456 cum
1415 1425 1616 1462 potentioribus
1629 1424 1702 1451 vires
1723 1420 1901 1451 contendant,

1113 1477 1140 1504 in
1153 1483 1264 1504 arenam
1280 1472 1460 1501 descendunt.
1473 1470 1515 1499 Ad
1531 1469 1656 1497 eumdem
1673 1468 1755 1495 etiam
1774 1466 1830 1493 fere
1843 1472 1903 1492 mo-

1076 1526 1098 1555 c
1114 1523 1177 1550 dum
1186 1520 1344 1556 Gregorius,
1353 1518 1470 1554 primum
1478 1516 1505 1544 in
1512 1515 1598 1551 patria
1605 1521 1668 1542 cum
1678 1512 1767 1547 impiis
1775 1517 1902 1546 congres-

1114 1575 1172 1600 sus,
1181 1555 1349 1600 rationisque
1359 1563 1492 1592 adversus
1503 1567 1550 1589 eos
1561 1560 1645 1592 lucta,
1654 1566 1686 1586 ac
1698 1555 1818 1584 victoriis
1825 1555 1903 1582 fortis

1115 1613 1213 1648 pugilis
1226 1613 1351 1642 lacertos,
1367 1617 1400 1638 ac
1420 1607 1598 1643 multiplicem
1616 1603 1813 1640 experientiam
1829 1601 1903 1628 ade—

1114 1663 1197 1695 ptus;
1212 1657 1330 1692 deinque
1342 1654 1500 1691 parentibus
1522 1651 1593 1680 felici
1610 1650 1673 1678 vitae
1682 1648 1755 1677 exitu
1767 1654 1898 1675 consum-

1116 1690 1207 1736 iuatis,
1229 1690 1294 1730 cum
1308 1690 1465 1732 ,laudatorio
1489 1703 1625 1729 sermone,
1640 1699 1698 1722 tum
1720 1690 1903 1728 justislegiti-

1115 1751 1169 1777 mis
1194 1748 1370 1785 perfunctus;
1389 1750 1557 1781 paternoque
1583 1749 1663 1777 grege
1693 1739 1768 1767 velut
1791 1738 1818 1765 in
1846 1742 1904 1764 tuta

1116 1796 1230 1824 mandra
1259 1802 1307 1822 sua
1334 1793 1420 1828 ipsius
1459 1788 1596 1824 theologia
1617 1785 1797 1817 communito,
1823 1787 1905 1817 atque

1116 1846 1257 1877 pastorum
1287 1827 1406 1873 Principi
1439 1837 1466 1864 in
1492 1842 1591 1863 manus
1615 1832 1721 1864 relicto,
1739 1831 1796 1865 ipse
1815 1837 1845 1857 se
1869 1827 1904 1855 ad

1117 1873 1243 1922 graviora
1260 1883 1394 1912 sermonis
1411 1888 1506 1910 causa.
1529 1884 1612 1913 atque
1630 1875 1762 1904 doctrina:
1783 1873 1904 1908 pericula

1117 1919 1235 1966 expedit.
1260 1929 1300 1957 Ac
1318 1928 1391 1955 velut
1418 1927 1465 1961 qui
1481 1926 1507 1952 in
1529 1923 1636 1951 modico
1662 1921 1749 1948 fidelis
1772 1919 1904 1954 probatus

1118 1965 1203 2008 esset,
1231 1975 1263 2002 ad
1290 1973 1438 2001 multorum
1463 1978 1492 1998 se
1521 1976 1617 1996 curam
1638 1971 1725 2002 parat.
1747 1965 1905 1998 lielictaque

1117 2022 1265 2053 Naziauzo,
1281 2024 1352 2047 recta
1365 2018 1398 2046 ad
1413 2018 1506 2045 urbem
1528 2016 1678 2050 Augustam
1690 2013 1741 2040 iter
1755 2009 1904 2039 contendit.

1118 2069 1147 2096 ιιι
1163 2074 1228 2094 vero
1245 2064 1387 2100 temporis,
1401 2063 1495 2098 ingens
1509 2069 1569 2088 eam
1580 2080 1587 2092 ,
1604 2059 1748 2094 gravisque
1765 2058 1904 2084 lmreseou

1120 2114 1206 2147 caligo
1223 2113 1360 2139 invaserat
1384 2113 1466 2143 atque
1481 2106 1607 2142 opplebat
1623 2113 1630 2138 ;
1648 2112 1708 2139 quae
1719 2103 1834 2133 scilicet,
1847 2104 1905 2126 tum

1119 2160 1178 2187 alia!
1191 2158 1253 2186 aliis
1268 2158 1496 2191 compuguarent,
1510 2158 1566 2179 tum
1582 2150 1688 2178 veritati
1704 2148 1809 2175 infensa
1822 2146 1906 2173 vehe-

1121 2206 1237 2233 mentius
1260 2204 1317 2230 acie
1338 2203 1505 2236 ingruereat.
1523 2193 1569 2224 Sic
1589 2196 1661 2223 enim
1681 2193 1737 2220 fere
1761 2198 1906 2226 compara-

1119 2257 1176 2279 tum
1191 2255 1242 2282 est,
1260 2254 1289 2276 ut
1304 2248 1398 2275 vitium
1432 2250 1514 2280 atque
1531 2242 1661 2277 pravitas,
1681 2240 1780 2266 nedum
1802 2237 1906 2268 virtuti,

1119 2300 1165 2326 sed
1183 2301 1210 2324 ct
1226 2296 1276 2324 sibi
1290 2296 1347 2329 ipsa
1372 2292 1471 2318 acriter
1495 2289 1664 2316 adversetur.
1680 2285 1716 2314 lis
1739 2289 1830 2312 autem
1859 2282 1906 2317 qui

1121 2350 1221 2372 rectam
1238 2328 1364 2369 tenebant
1377 2339 1456 2365 iidem
1483 2340 1562 2364 atrox
1580 2332 1698 2369 procella
1712 2328 1905 2360 incumbebat;

1119 2392 1306 2423 immensaque
1331 2385 1452 2417 undique
1476 2382 1564 2409 oll'usa
1595 2379 1785 2422 auxietas,_ac
1799 2373 1906 2402 consilii

1119 2436 1210 2470 inopia
1231 2441 1300 2464 erat,
1331 2439 1392 2458 cum
1408 2429 1544 2457 neminem
1562 2425 1658 2454 tuenda
1670 2417 1794 2451 doctrina
1820 2425 1907 2447 certa-

1119 2481 1200 2507 minis
1217 2479 1313 2506 ducem
1340 2484 1371 2503 ac
1390 2474 1561 2502 defensorem
1580 2471 1721 2498 haberent.

1157 2527 1242 2562 igitur
1250 2525 1341 2552 videre
1352 2527 1409 2550 erat
1419 2521 1493 2549 velut
1507 2517 1609 2554 ingenti
1634 2516 1821 2547 immensaque
1831 2516 1908 2536 vora-

1121 2555 1185 2609 gine
1196 2575 1354 2606 exporrecto
1370 2568 1465 2604 pelago
1487 2569 1582 2592 ventos
1596 2569 1657 2590 sese
1679 2560 1747 2587 alios
1773 2557 1834 2584 aliis
1856 2555 1908 2604 im-

1123 2599 1194 2645 :xani
1211 2599 1314 2651 impetu
1330 2599 1498 2641 coliidetites.
1527 2608 1559 2635 iii
1577 2613 1674 2641 nempe
1690 2602 1838 2631 lenioribus
1852 2599 1907 2635 pri-

1122 2671 1194 2691 mum
1222 2650 1296 2689 auris
1324 2660 1425 2692 alliam,
1459 2658 1623 2688 versantque
1648 2658 1680 2678 ac
1707 2650 1906 2682 circumagunt,

1121 2709 1251 2745 paulatim
1270 2705 1416 2742 procellam
1439 2702 1603 2731 attollentes,
1619 2699 1655 2725 ita
1672 2702 1773 2725 tamen,
1792 2697 1821 2719 ut
1838 2697 1909 2745 pec.-

1120 2736 1184 2783 dum
1204 2736 1335 2789 impactos
1359 2750 1506 2779 stridentes
1527 2747 1626 2773 ﬂuctus
1644 2743 1811 2775 dirumpant.
1838 2736 1908 2763 Tum
