  <div class='ocr_page' id='page_1' title='image "/cluster/home/n/w/nwhite01/storage/ocr_20150623/105/njp.32101077772893/276.png"; bbox 0 0 2089 3151; ppageno 0'>
   <div class='ocr_carea' id='block_1_1' title="bbox 207 173 257 205">
    <p class='ocr_par' dir='ltr' id='par_1_1' title="bbox 207 173 257 205">
     <span class='ocr_line' id='line_1_1' title="bbox 207 173 257 205; baseline 0 -1"><span class='ocrx_word' id='word_1_1' title='bbox 207 173 257 205; x_wconf 72' lang='grc'><strong>461</strong></span> 
     </span>
    </p>
   </div>
   <div class='ocr_carea' id='block_1_2' title="bbox 561 155 1464 200">
    <p class='ocr_par' dir='ltr' id='par_1_2' title="bbox 561 155 1464 200">
     <span class='ocr_line' id='line_1_2' title="bbox 561 155 1464 200; baseline -0.004 0"><span class='ocrx_word' id='word_1_2' title='bbox 561 155 702 200; x_wconf 72' lang='lat' dir='ltr'><strong>ORATIO</strong></span> <span class='ocrx_word' id='word_1_3' title='bbox 721 170 786 200; x_wconf 78' lang='lat' dir='ltr'><strong>XX.</strong></span> <span class='ocrx_word' id='word_1_4' title='bbox 800 169 884 199; x_wconf 83' lang='grc' dir='ltr'>-ΙΝ</span> <span class='ocrx_word' id='word_1_5' title='bbox 899 168 1055 198; x_wconf 89' lang='lat' dir='ltr'><strong>LAUDEM</strong></span> <span class='ocrx_word' id='word_1_6' title='bbox 1076 168 1104 197; x_wconf 91' lang='lat' dir='ltr'><strong>S.</strong></span> <span class='ocrx_word' id='word_1_7' title='bbox 1123 166 1312 197; x_wconf 80' lang='lat' dir='ltr'><strong>GREGORII</strong></span> <span class='ocrx_word' id='word_1_8' title='bbox 1328 167 1464 196; x_wconf 87' lang='lat' dir='ltr'><strong>THEOL.</strong></span> 
     </span>
    </p>
   </div>
   <div class='ocr_carea' id='block_1_3' title="bbox 1783 167 1838 198">
    <p class='ocr_par' dir='ltr' id='par_1_3' title="bbox 1783 167 1838 198">
     <span class='ocr_line' id='line_1_3' title="bbox 1783 167 1838 198; baseline 0 0"><span class='ocrx_word' id='word_1_9' title='bbox 1783 167 1838 198; x_wconf 77' lang='grc'><strong>462</strong></span> 
     </span>
    </p>
   </div>
   <div class='ocr_carea' id='block_1_4' title="bbox 208 223 1839 265">
    <p class='ocr_par' dir='ltr' id='par_1_4' title="bbox 208 223 1839 265">
     <span class='ocr_line' id='line_1_4' title="bbox 208 223 1839 265; baseline -0.004 -8"><span class='ocrx_word' id='word_1_10' title='bbox 208 234 319 265; x_wconf 84' lang='lat' dir='ltr'><strong>repente</strong></span> <span class='ocrx_word' id='word_1_11' title='bbox 332 227 448 256; x_wconf 78' lang='lat' dir='ltr'><strong>turbinis</strong></span> <span class='ocrx_word' id='word_1_12' title='bbox 461 230 547 254; x_wconf 74' lang='lat' dir='ltr'><strong>instar</strong></span> <span class='ocrx_word' id='word_1_13' title='bbox 574 226 702 260; x_wconf 83' lang='lat' dir='ltr'><strong>utrinque</strong></span> <span class='ocrx_word' id='word_1_14' title='bbox 716 225 761 252; x_wconf 87' lang='lat' dir='ltr'><strong>alii</strong></span> <span class='ocrx_word' id='word_1_15' title='bbox 777 225 837 252; x_wconf 85' lang='lat' dir='ltr'><strong>aliis</strong></span> <span class='ocrx_word' id='word_1_16' title='bbox 865 225 995 258; x_wconf 71' lang='lat' dir='ltr'><strong>ingruen-</strong></span> <span class='ocrx_word' id='word_1_17' title='bbox 1011 228 1034 254; x_wconf 76' lang='grc' dir='ltr'>Α</span> <span class='ocrx_word' id='word_1_18' title='bbox 1049 223 1122 250; x_wconf 85' lang='lat' dir='ltr'><strong>velut</strong></span> <span class='ocrx_word' id='word_1_19' title='bbox 1141 223 1277 256; x_wconf 86' lang='lat' dir='ltr'><strong>conﬂare;</strong></span> <span class='ocrx_word' id='word_1_20' title='bbox 1289 223 1404 251; x_wconf 91' lang='lat' dir='ltr'><strong>alterum</strong></span> <span class='ocrx_word' id='word_1_21' title='bbox 1421 229 1545 255; x_wconf 87' lang='lat' dir='ltr'><strong>numero,</strong></span> <span class='ocrx_word' id='word_1_22' title='bbox 1560 227 1641 258; x_wconf 89' lang='lat' dir='ltr'><strong>atque</strong></span> <span class='ocrx_word' id='word_1_23' title='bbox 1657 223 1772 250; x_wconf 85' lang='lat' dir='ltr'><strong>alterum</strong></span> <span class='ocrx_word' id='word_1_24' title='bbox 1789 231 1839 251; x_wconf 80' lang='lat' dir='ltr'><strong>na-</strong></span> 
     </span>
    </p>
   </div>
   <div class='ocr_carea' id='block_1_5' title="bbox 209 271 998 309">
    <p class='ocr_par' dir='ltr' id='par_1_5' title="bbox 209 271 998 309">
     <span class='ocr_line' id='line_1_5' title="bbox 209 271 998 309; baseline -0.008 -7"><span class='ocrx_word' id='word_1_25' title='bbox 209 280 262 306; x_wconf 78' lang='lat' dir='ltr'><strong>tes,</strong></span> <span class='ocrx_word' id='word_1_26' title='bbox 277 279 361 309; x_wconf 84' lang='lat' dir='ltr'><strong>alque</strong></span> <span class='ocrx_word' id='word_1_27' title='bbox 373 272 462 300; x_wconf 84' lang='lat' dir='ltr'><strong>collisi</strong></span> <span class='ocrx_word' id='word_1_28' title='bbox 478 271 650 299; x_wconf 87' lang='lat' dir='ltr'><strong>intoleranda</strong></span> <span class='ocrx_word' id='word_1_29' title='bbox 669 271 782 298; x_wconf 85' lang='lat' dir='ltr'><strong>ﬂatuum</strong></span> <span class='ocrx_word' id='word_1_30' title='bbox 797 272 821 298; x_wconf 87' lang='lat' dir='ltr'><strong>vi</strong></span> <span class='ocrx_word' id='word_1_31' title='bbox 838 279 912 298; x_wconf 89' lang='lat' dir='ltr'><strong>mare</strong></span> <span class='ocrx_word' id='word_1_32' title='bbox 941 275 998 296; x_wconf 90' lang='lat' dir='ltr'><strong>tum</strong></span> 
     </span>
    </p>
   </div>
   <div class='ocr_carea' id='block_1_6' title="bbox 210 316 998 352">
    <p class='ocr_par' dir='ltr' id='par_1_6' title="bbox 210 316 998 352">
     <span class='ocr_line' id='line_1_6' title="bbox 210 316 998 352; baseline -0.005 -6"><span class='ocrx_word' id='word_1_33' title='bbox 210 320 315 350; x_wconf 86' lang='lat' dir='ltr'><strong>inﬂant,</strong></span> <span class='ocrx_word' id='word_1_34' title='bbox 347 323 458 352; x_wconf 86' lang='lat' dir='ltr'><strong>tumque</strong></span> <span class='ocrx_word' id='word_1_35' title='bbox 483 316 668 351; x_wconf 78' lang='lat' dir='ltr'><strong>diffringunt;</strong></span> <span class='ocrx_word' id='word_1_36' title='bbox 691 321 853 351; x_wconf 74' lang='lat' dir='ltr'><strong>assurgente</strong></span> <span class='ocrx_word' id='word_1_37' title='bbox 881 316 998 350; x_wconf 78' lang='lat' dir='ltr'><strong>procella</strong></span> 
     </span>
    </p>
   </div>
   <div class='ocr_carea' id='block_1_7' title="bbox 207 362 1000 397">
    <p class='ocr_par' dir='ltr' id='par_1_7' title="bbox 207 362 1000 397">
     <span class='ocr_line' id='line_1_7' title="bbox 207 362 1000 397; baseline -0.005 -5"><span class='ocrx_word' id='word_1_38' title='bbox 207 372 240 392; x_wconf 92' lang='lat' dir='ltr'><strong>ac</strong></span> <span class='ocrx_word' id='word_1_39' title='bbox 256 364 408 393; x_wconf 75' lang='lat' dir='ltr'><strong>desidente,</strong></span> <span class='ocrx_word' id='word_1_40' title='bbox 432 362 645 397; x_wconf 82' lang='lat' dir='ltr'><strong>interceptisque</strong></span> <span class='ocrx_word' id='word_1_41' title='bbox 673 363 788 390; x_wconf 83' lang='lat' dir='ltr'><strong>naribus</strong></span> <span class='ocrx_word' id='word_1_42' title='bbox 806 362 906 397; x_wconf 82' lang='lat' dir='ltr'><strong>pariter</strong></span> <span class='ocrx_word' id='word_1_43' title='bbox 920 362 947 388; x_wconf 92' lang='lat' dir='ltr'><strong>in</strong></span> <span class='ocrx_word' id='word_1_44' title='bbox 960 362 1000 388; x_wconf 88' lang='lat' dir='ltr'><strong>al-</strong></span> 
     </span>
    </p>
   </div>
   <div class='ocr_carea' id='block_1_8' title="bbox 209 407 1000 442">
    <p class='ocr_par' dir='ltr' id='par_1_8' title="bbox 209 407 1000 442">
     <span class='ocr_line' id='line_1_8' title="bbox 209 407 1000 442; baseline -0.005 -5"><span class='ocrx_word' id='word_1_45' title='bbox 209 414 265 437; x_wconf 89' lang='lat' dir='ltr'><strong>tum</strong></span> <span class='ocrx_word' id='word_1_46' title='bbox 290 409 417 439; x_wconf 73' lang='lat' dir='ltr'><strong>sublatis.</strong></span> <span class='ocrx_word' id='word_1_47' title='bbox 438 408 548 442; x_wconf 90' lang='lat' dir='ltr'><strong>imoque</strong></span> <span class='ocrx_word' id='word_1_48' title='bbox 578 408 724 442; x_wconf 74' lang='lat' dir='ltr'><strong>depressis,</strong></span> <span class='ocrx_word' id='word_1_49' title='bbox 753 412 836 442; x_wconf 84' lang='lat' dir='ltr'><strong>atque</strong></span> <span class='ocrx_word' id='word_1_50' title='bbox 868 407 1000 434; x_wconf 84' lang='lat' dir='ltr'><strong>ﬂuctuum</strong></span> 
     </span>
    </p>
   </div>
   <div class='ocr_carea' id='block_1_9' title="bbox 209 454 723 488">
    <p class='ocr_par' dir='ltr' id='par_1_9' title="bbox 209 454 723 488">
     <span class='ocr_line' id='line_1_9' title="bbox 209 454 723 488; baseline -0.006 -5"><span class='ocrx_word' id='word_1_51' title='bbox 209 455 389 486; x_wconf 82' lang='lat' dir='ltr'><strong>immanitate,</strong></span> <span class='ocrx_word' id='word_1_52' title='bbox 405 459 544 488; x_wconf 67' lang='lat' dir='ltr'><strong>aestusque</strong></span> <span class='ocrx_word' id='word_1_53' title='bbox 561 454 723 481; x_wconf 85' lang='lat' dir='ltr'><strong>submersis.</strong></span> 
     </span>
    </p>
   </div>
   <div class='ocr_carea' id='block_1_10' title="bbox 246 498 1002 534">
    <p class='ocr_par' dir='ltr' id='par_1_10' title="bbox 246 498 1002 534">
     <span class='ocr_line' id='line_1_10' title="bbox 246 498 1002 534; baseline -0.003 -8"><span class='ocrx_word' id='word_1_54' title='bbox 246 499 351 527; x_wconf 82' lang='lat' dir='ltr'><strong>Similis</strong></span> <span class='ocrx_word' id='word_1_55' title='bbox 370 499 493 534; x_wconf 69' lang='lat' dir='ltr'><strong>quaedam</strong></span> <span class='ocrx_word' id='word_1_56' title='bbox 513 504 570 525; x_wconf 93' lang='lat' dir='ltr'><strong>tum</strong></span> <span class='ocrx_word' id='word_1_57' title='bbox 592 503 739 533; x_wconf 76' lang='lat' dir='ltr'><strong>tempestas</strong></span> <span class='ocrx_word' id='word_1_58' title='bbox 763 498 936 525; x_wconf 74' lang='lat' dir='ltr'><strong>Constantini</strong></span> <span class='ocrx_word' id='word_1_59' title='bbox 957 506 1002 525; x_wconf 91' lang='lat' dir='ltr'><strong>ur-</strong></span> 
     </span>
    </p>
   </div>
   <div class='ocr_carea' id='block_1_11' title="bbox 209 543 1000 579">
    <p class='ocr_par' dir='ltr' id='par_1_11' title="bbox 209 543 1000 579">
     <span class='ocr_line' id='line_1_11' title="bbox 209 543 1000 579; baseline -0.003 -6"><span class='ocrx_word' id='word_1_60' title='bbox 209 546 270 573; x_wconf 83' lang='lat' dir='ltr'><strong>bem</strong></span> <span class='ocrx_word' id='word_1_61' title='bbox 294 546 433 572; x_wconf 81' lang='lat' dir='ltr'><strong>invaserat</strong></span> <span class='ocrx_word' id='word_1_62' title='bbox 455 553 463 578; x_wconf 95' lang='lat'><strong>;</strong></span> <span class='ocrx_word' id='word_1_63' title='bbox 494 544 672 579; x_wconf 85' lang='lat' dir='ltr'><strong>nequissimis</strong></span> <span class='ocrx_word' id='word_1_64' title='bbox 701 544 805 572; x_wconf 87' lang='lat' dir='ltr'><strong>scilicet</strong></span> <span class='ocrx_word' id='word_1_65' title='bbox 836 543 1000 578; x_wconf 83' lang='lat' dir='ltr'><strong>spiritibus,</strong></span> 
     </span>
    </p>
   </div>
   <div class='ocr_carea' id='block_1_12' title="bbox 210 589 1001 625">
    <p class='ocr_par' dir='ltr' id='par_1_12' title="bbox 210 589 1001 625">
     <span class='ocr_line' id='line_1_12' title="bbox 210 589 1001 625; baseline -0.003 -7"><span class='ocrx_word' id='word_1_66' title='bbox 210 591 387 618; x_wconf 80' lang='lat' dir='ltr'><strong>adversantes</strong></span> <span class='ocrx_word' id='word_1_67' title='bbox 402 590 522 625; x_wconf 78' lang='lat' dir='ltr'><strong>linguas,</strong></span> <span class='ocrx_word' id='word_1_68' title='bbox 534 599 567 618; x_wconf 87' lang='lat' dir='ltr'><strong>ac</strong></span> <span class='ocrx_word' id='word_1_69' title='bbox 585 594 691 617; x_wconf 85' lang='lat' dir='ltr'><strong>mentes</strong></span> <span class='ocrx_word' id='word_1_70' title='bbox 710 590 779 617; x_wconf 91' lang='lat' dir='ltr'><strong>alias</strong></span> <span class='ocrx_word' id='word_1_71' title='bbox 794 589 854 616; x_wconf 87' lang='lat' dir='ltr'><strong>aliis</strong></span> <span class='ocrx_word' id='word_1_72' title='bbox 875 589 1001 617; x_wconf 90' lang='lat' dir='ltr'><strong>commit-</strong></span> 
     </span>
    </p>
   </div>
   <div class='ocr_carea' id='block_1_13' title="bbox 212 635 1003 671">
    <p class='ocr_par' dir='ltr' id='par_1_13' title="bbox 212 635 1003 671">
     <span class='ocr_line' id='line_1_13' title="bbox 212 635 1003 671; baseline -0.001 -8"><span class='ocrx_word' id='word_1_73' title='bbox 212 636 332 664; x_wconf 83' lang='lat' dir='ltr'><strong>tentibus</strong></span> <span class='ocrx_word' id='word_1_74' title='bbox 347 645 355 669; x_wconf 93' lang='lat'><strong>;</strong></span> <span class='ocrx_word' id='word_1_75' title='bbox 370 644 402 664; x_wconf 87' lang='lat' dir='ltr'><strong>ac</strong></span> <span class='ocrx_word' id='word_1_76' title='bbox 416 644 478 664; x_wconf 91' lang='lat' dir='ltr'><strong>cum</strong></span> <span class='ocrx_word' id='word_1_77' title='bbox 490 644 587 664; x_wconf 90' lang='lat' dir='ltr'><strong>omnes</strong></span> <span class='ocrx_word' id='word_1_78' title='bbox 603 636 732 671; x_wconf 83' lang='lat' dir='ltr'><strong>loquendi</strong></span> <span class='ocrx_word' id='word_1_79' title='bbox 752 637 886 663; x_wconf 89' lang='lat' dir='ltr'><strong>immensa</strong></span> <span class='ocrx_word' id='word_1_80' title='bbox 913 635 1003 670; x_wconf 83' lang='lat' dir='ltr'><strong>pruri-</strong></span> 
     </span>
    </p>
   </div>
   <div class='ocr_carea' id='block_1_14' title="bbox 211 682 1002 718">
    <p class='ocr_par' dir='ltr' id='par_1_14' title="bbox 211 682 1002 718">
     <span class='ocr_line' id='line_1_14' title="bbox 211 682 1002 718; baseline 0 -9"><span class='ocrx_word' id='word_1_81' title='bbox 211 682 283 717; x_wconf 78' lang='lat' dir='ltr'><strong>giae,</strong></span> <span class='ocrx_word' id='word_1_82' title='bbox 296 690 329 710; x_wconf 90' lang='lat' dir='ltr'><strong>ac</strong></span> <span class='ocrx_word' id='word_1_83' title='bbox 344 682 468 714; x_wconf 88' lang='lat' dir='ltr'><strong>libidine,</strong></span> <span class='ocrx_word' id='word_1_84' title='bbox 483 683 633 718; x_wconf 89' lang='lat' dir='ltr'><strong>pronisquc</strong></span> <span class='ocrx_word' id='word_1_85' title='bbox 648 683 835 711; x_wconf 90' lang='lat' dir='ltr'><strong>molitionibus</strong></span> <span class='ocrx_word' id='word_1_86' title='bbox 847 683 941 710; x_wconf 87' lang='lat' dir='ltr'><strong>litibus</strong></span> <span class='ocrx_word' id='word_1_87' title='bbox 956 683 1002 710; x_wconf 88' lang='lat' dir='ltr'><strong>alii</strong></span> 
     </span>
    </p>
   </div>
   <div class='ocr_carea' id='block_1_15' title="bbox 212 727 1002 764">
    <p class='ocr_par' dir='ltr' id='par_1_15' title="bbox 212 727 1002 764">
     <span class='ocr_line' id='line_1_15' title="bbox 212 727 1002 764; baseline 0 -10"><span class='ocrx_word' id='word_1_88' title='bbox 212 728 280 756; x_wconf 86' lang='lat' dir='ltr'><strong>alios</strong></span> <span class='ocrx_word' id='word_1_89' title='bbox 291 727 459 763; x_wconf 82' lang='lat' dir='ltr'><strong>dill‘ringere,</strong></span> <span class='ocrx_word' id='word_1_90' title='bbox 469 736 501 756; x_wconf 79' lang='lat' dir='ltr'><strong>ac</strong></span> <span class='ocrx_word' id='word_1_91' title='bbox 508 729 685 764; x_wconf 80' lang='lat' dir='ltr'><strong>pessumdare</strong></span> <span class='ocrx_word' id='word_1_92' title='bbox 699 729 812 764; x_wconf 85' lang='lat' dir='ltr'><strong>superbe</strong></span> <span class='ocrx_word' id='word_1_93' title='bbox 823 728 1002 756; x_wconf 90' lang='lat' dir='ltr'><strong>conniteban-</strong></span> 
     </span>
    </p>
   </div>
   <div class='ocr_carea' id='block_1_16' title="bbox 212 774 1003 809">
    <p class='ocr_par' dir='ltr' id='par_1_16' title="bbox 212 774 1003 809">
     <span class='ocr_line' id='line_1_16' title="bbox 212 774 1003 809; baseline 0.003 -9"><span class='ocrx_word' id='word_1_94' title='bbox 212 778 258 800; x_wconf 92' lang='lat' dir='ltr'><strong>tur</strong></span> <span class='ocrx_word' id='word_1_95' title='bbox 273 783 279 801; x_wconf 90' lang='lat'><strong>:</strong></span> <span class='ocrx_word' id='word_1_96' title='bbox 298 774 321 801; x_wconf 92' lang='lat' dir='ltr'><strong>si</strong></span> <span class='ocrx_word' id='word_1_97' title='bbox 336 781 396 808; x_wconf 70' lang='lat' dir='ltr'><strong>qua:</strong></span> <span class='ocrx_word' id='word_1_98' title='bbox 410 782 476 802; x_wconf 86' lang='lat' dir='ltr'><strong>vero</strong></span> <span class='ocrx_word' id='word_1_99' title='bbox 489 782 551 809; x_wconf 90' lang='lat' dir='ltr'><strong>pars</strong></span> <span class='ocrx_word' id='word_1_100' title='bbox 580 775 742 802; x_wconf 70' lang='lat' dir='ltr'><strong>rectzedidei</strong></span> <span class='ocrx_word' id='word_1_101' title='bbox 759 775 869 802; x_wconf 88' lang='lat' dir='ltr'><strong>addicta</strong></span> <span class='ocrx_word' id='word_1_102' title='bbox 888 775 914 802; x_wconf 91' lang='lat' dir='ltr'><strong>in</strong></span> <span class='ocrx_word' id='word_1_103' title='bbox 931 779 1003 802; x_wconf 83' lang='lat' dir='ltr'><strong>tanta</strong></span> 
     </span>
    </p>
   </div>
   <div class='ocr_carea' id='block_1_17' title="bbox 213 820 1005 856">
    <p class='ocr_par' dir='ltr' id='par_1_17' title="bbox 213 820 1005 856">
     <span class='ocr_line' id='line_1_17' title="bbox 213 820 1005 856; baseline 0 -9"><span class='ocrx_word' id='word_1_104' title='bbox 213 820 354 847; x_wconf 85' lang='lat' dir='ltr'><strong>hominum</strong></span> <span class='ocrx_word' id='word_1_105' title='bbox 374 820 454 847; x_wconf 90' lang='lat' dir='ltr'><strong>turba</strong></span> <span class='ocrx_word' id='word_1_106' title='bbox 468 821 574 855; x_wconf 90' lang='lat' dir='ltr'><strong>reliqua</strong></span> <span class='ocrx_word' id='word_1_107' title='bbox 587 825 657 852; x_wconf 85' lang='lat' dir='ltr'><strong>erat,</strong></span> <span class='ocrx_word' id='word_1_108' title='bbox 677 828 737 848; x_wconf 85' lang='lat' dir='ltr'><strong>eam</strong></span> <span class='ocrx_word' id='word_1_109' title='bbox 754 828 820 848; x_wconf 85' lang='lat' dir='ltr'><strong>vero</strong></span> <span class='ocrx_word' id='word_1_110' title='bbox 849 820 1005 856; x_wconf 86' lang='lat' dir='ltr'><strong>opprimere</strong></span> 
     </span>
    </p>
   </div>
   <div class='ocr_carea' id='block_1_18' title="bbox 211 866 861 901">
    <p class='ocr_par' dir='ltr' id='par_1_18' title="bbox 211 866 861 901">
     <span class='ocr_line' id='line_1_18' title="bbox 211 866 861 901; baseline 0 -8"><span class='ocrx_word' id='word_1_111' title='bbox 211 873 246 893; x_wconf 90' lang='lat' dir='ltr'><strong>ac</strong></span> <span class='ocrx_word' id='word_1_112' title='bbox 259 866 419 900; x_wconf 84' lang='lat' dir='ltr'><strong>perditionis</strong></span> <span class='ocrx_word' id='word_1_113' title='bbox 433 866 488 893; x_wconf 87' lang='lat' dir='ltr'><strong>alto</strong></span> <span class='ocrx_word' id='word_1_114' title='bbox 504 874 627 901; x_wconf 76' lang='lat' dir='ltr'><strong>mergere</strong></span> <span class='ocrx_word' id='word_1_115' title='bbox 646 866 861 894; x_wconf 81' lang='lat' dir='ltr'><strong>contendebant.</strong></span> 
     </span>
    </p>
   </div>
   <div class='ocr_carea' id='block_1_19' title="bbox 1052 270 1242 297">
    <p class='ocr_par' dir='ltr' id='par_1_19' title="bbox 1052 270 1242 297">
     <span class='ocr_line' id='line_1_19' title="bbox 1052 270 1242 297; baseline 0 -1"><span class='ocrx_word' id='word_1_116' title='bbox 1052 274 1118 296; x_wconf 71' lang='lat' dir='ltr'><strong>tura:</strong></span> <span class='ocrx_word' id='word_1_117' title='bbox 1127 270 1242 297; x_wconf 84' lang='lat' dir='ltr'><strong>ratione.</strong></span> 
     </span>
    </p>
   </div>
   <div class='ocr_carea' id='block_1_20' title="bbox 1088 313 1840 349">
    <p class='ocr_par' dir='ltr' id='par_1_20' title="bbox 1088 313 1840 349">
     <span class='ocr_line' id='line_1_20' title="bbox 1088 313 1840 349; baseline 0.003 -9"><span class='ocrx_word' id='word_1_118' title='bbox 1088 314 1156 341; x_wconf 90' lang='lat' dir='ltr'><strong>Nam</strong></span> <span class='ocrx_word' id='word_1_119' title='bbox 1169 321 1300 342; x_wconf 82' lang='lat' dir='ltr'><strong>excessus</strong></span> <span class='ocrx_word' id='word_1_120' title='bbox 1311 313 1433 349; x_wconf 88' lang='lat' dir='ltr'><strong>quidem,</strong></span> <span class='ocrx_word' id='word_1_121' title='bbox 1454 313 1588 346; x_wconf 84' lang='lat' dir='ltr'><strong>defectui;</strong></span> <span class='ocrx_word' id='word_1_122' title='bbox 1602 313 1725 342; x_wconf 85' lang='lat' dir='ltr'><strong>delectus</strong></span> <span class='ocrx_word' id='word_1_123' title='bbox 1741 315 1840 342; x_wconf 86' lang='lat' dir='ltr'><strong>adver-</strong></span> 
     </span>
    </p>
   </div>
   <div class='ocr_carea' id='block_1_21' title="bbox 1052 358 1842 391">
    <p class='ocr_par' dir='ltr' id='par_1_21' title="bbox 1052 358 1842 391">
     <span class='ocr_line' id='line_1_21' title="bbox 1052 358 1842 391; baseline 0.003 -5"><span class='ocrx_word' id='word_1_124' title='bbox 1052 364 1128 386; x_wconf 86' lang='lat' dir='ltr'><strong>satur</strong></span> <span class='ocrx_word' id='word_1_125' title='bbox 1142 360 1265 387; x_wconf 83' lang='lat' dir='ltr'><strong>excessui</strong></span> <span class='ocrx_word' id='word_1_126' title='bbox 1282 367 1289 385; x_wconf 85' lang='lat'>:</span> <span class='ocrx_word' id='word_1_127' title='bbox 1307 359 1389 386; x_wconf 91' lang='lat' dir='ltr'><strong>ambo</strong></span> <span class='ocrx_word' id='word_1_128' title='bbox 1405 363 1496 386; x_wconf 86' lang='lat' dir='ltr'><strong>autem</strong></span> <span class='ocrx_word' id='word_1_129' title='bbox 1512 358 1703 387; x_wconf 88' lang='lat' dir='ltr'><strong>immoderatio</strong></span> <span class='ocrx_word' id='word_1_130' title='bbox 1717 364 1792 391; x_wconf 88' lang='lat' dir='ltr'><strong>sunt,</strong></span> <span class='ocrx_word' id='word_1_131' title='bbox 1809 367 1842 388; x_wconf 83' lang='lat' dir='ltr'><strong>ac</strong></span> 
     </span>
    </p>
   </div>
   <div class='ocr_carea' id='block_1_22' title="bbox 1053 404 1842 440">
    <p class='ocr_par' dir='ltr' id='par_1_22' title="bbox 1053 404 1842 440">
     <span class='ocr_line' id='line_1_22' title="bbox 1053 404 1842 440; baseline 0.001 -8"><span class='ocrx_word' id='word_1_132' title='bbox 1053 405 1243 440; x_wconf 87' lang='lat' dir='ltr'><strong>improportio,</strong></span> <span class='ocrx_word' id='word_1_133' title='bbox 1260 405 1387 440; x_wconf 82' lang='lat' dir='ltr'><strong>velutque</strong></span> <span class='ocrx_word' id='word_1_134' title='bbox 1419 412 1503 431; x_wconf 78' lang='lat' dir='ltr'><strong>linunt</strong></span> <span class='ocrx_word' id='word_1_135' title='bbox 1525 409 1635 440; x_wconf 68' lang='lat' dir='ltr'><strong>accepta</strong></span> <span class='ocrx_word' id='word_1_136' title='bbox 1650 404 1758 437; x_wconf 85' lang='lat' dir='ltr'><strong>vitium,</strong></span> <span class='ocrx_word' id='word_1_137' title='bbox 1778 413 1842 433; x_wconf 90' lang='lat' dir='ltr'><strong>cum</strong></span> 
     </span>
    </p>
   </div>
   <div class='ocr_carea' id='block_1_23' title="bbox 1052 451 1843 487">
    <p class='ocr_par' dir='ltr' id='par_1_23' title="bbox 1052 451 1843 487">
     <span class='ocr_line' id='line_1_23' title="bbox 1052 451 1843 487; baseline -0.004 -8"><span class='ocrx_word' id='word_1_138' title='bbox 1052 459 1094 483; x_wconf 87' lang='lat' dir='ltr'><strong>ea,</strong></span> <span class='ocrx_word' id='word_1_139' title='bbox 1112 460 1173 487; x_wconf 74' lang='lat' dir='ltr'><strong>quae</strong></span> <span class='ocrx_word' id='word_1_140' title='bbox 1183 459 1214 479; x_wconf 84' lang='lat' dir='ltr'><strong>ex</strong></span> <span class='ocrx_word' id='word_1_141' title='bbox 1232 456 1305 479; x_wconf 87' lang='lat' dir='ltr'><strong>recta</strong></span> <span class='ocrx_word' id='word_1_142' title='bbox 1331 451 1530 479; x_wconf 88' lang='lat' dir='ltr'><strong>mediocritatis</strong></span> <span class='ocrx_word' id='word_1_143' title='bbox 1556 452 1660 478; x_wconf 85' lang='lat' dir='ltr'><strong>ratione</strong></span> <span class='ocrx_word' id='word_1_144' title='bbox 1691 451 1843 479; x_wconf 77' lang='lat' dir='ltr'><strong>moderatio</strong></span> 
     </span>
    </p>
   </div>
   <div class='ocr_carea' id='block_1_24' title="bbox 1053 498 1843 533">
    <p class='ocr_par' dir='ltr' id='par_1_24' title="bbox 1053 498 1843 533">
     <span class='ocr_line' id='line_1_24' title="bbox 1053 498 1843 533; baseline 0.001 -9"><span class='ocrx_word' id='word_1_145' title='bbox 1053 505 1086 524; x_wconf 82' lang='lat' dir='ltr'><strong>ac</strong></span> <span class='ocrx_word' id='word_1_146' title='bbox 1102 498 1243 533; x_wconf 84' lang='lat' dir='ltr'><strong>proportio</strong></span> <span class='ocrx_word' id='word_1_147' title='bbox 1254 498 1390 530; x_wconf 87' lang='lat' dir='ltr'><strong>consistit,</strong></span> <span class='ocrx_word' id='word_1_148' title='bbox 1406 498 1480 526; x_wconf 91' lang='lat' dir='ltr'><strong>velut</strong></span> <span class='ocrx_word' id='word_1_149' title='bbox 1498 505 1560 525; x_wconf 83' lang='lat' dir='ltr'><strong>cum</strong></span> <span class='ocrx_word' id='word_1_150' title='bbox 1587 499 1688 525; x_wconf 87' lang='lat' dir='ltr'><strong>virtute</strong></span> <span class='ocrx_word' id='word_1_151' title='bbox 1710 505 1843 533; x_wconf 68' lang='lat' dir='ltr'><strong>pugnan‘.</strong></span> 
     </span>
    </p>
   </div>
   <div class='ocr_carea' id='block_1_25' title="bbox 1054 543 1846 579">
    <p class='ocr_par' dir='ltr' id='par_1_25' title="bbox 1054 543 1846 579">
     <span class='ocr_line' id='line_1_25' title="bbox 1054 543 1846 579; baseline 0.001 -9"><span class='ocrx_word' id='word_1_152' title='bbox 1054 544 1083 570; x_wconf 91' lang='lat' dir='ltr'><strong>lu</strong></span> <span class='ocrx_word' id='word_1_153' title='bbox 1105 552 1167 570; x_wconf 86' lang='lat' dir='ltr'><strong>eum</strong></span> <span class='ocrx_word' id='word_1_154' title='bbox 1183 543 1294 572; x_wconf 87' lang='lat' dir='ltr'><strong>modum</strong></span> <span class='ocrx_word' id='word_1_155' title='bbox 1319 551 1444 579; x_wconf 81' lang='lat' dir='ltr'><strong>perversa</strong></span> <span class='ocrx_word' id='word_1_156' title='bbox 1470 543 1573 578; x_wconf 88' lang='lat' dir='ltr'><strong>opinio,</strong></span> <span class='ocrx_word' id='word_1_157' title='bbox 1593 544 1692 571; x_wconf 84' lang='lat' dir='ltr'><strong>nedum</strong></span> <span class='ocrx_word' id='word_1_158' title='bbox 1720 548 1750 570; x_wconf 83' lang='lat' dir='ltr'><strong>ut</strong></span> <span class='ocrx_word' id='word_1_159' title='bbox 1766 548 1846 571; x_wconf 61' lang='lat' dir='ltr'><strong>rectm</strong></span> 
     </span>
    </p>
   </div>
   <div class='ocr_carea' id='block_1_26' title="bbox 1055 588 1845 624">
    <p class='ocr_par' dir='ltr' id='par_1_26' title="bbox 1055 588 1845 624">
     <span class='ocr_line' id='line_1_26' title="bbox 1055 588 1845 624; baseline 0.001 -9"><span class='ocrx_word' id='word_1_160' title='bbox 1055 588 1224 621; x_wconf 80' lang='lat' dir='ltr'><strong>adversetur,</strong></span> <span class='ocrx_word' id='word_1_161' title='bbox 1248 589 1295 617; x_wconf 90' lang='lat' dir='ltr'><strong>sed</strong></span> <span class='ocrx_word' id='word_1_162' title='bbox 1323 594 1352 616; x_wconf 91' lang='lat' dir='ltr'><strong>ut</strong></span> <span class='ocrx_word' id='word_1_163' title='bbox 1368 590 1451 616; x_wconf 86' lang='lat' dir='ltr'><strong>etiam</strong></span> <span class='ocrx_word' id='word_1_164' title='bbox 1467 596 1558 624; x_wconf 73' lang='lat' dir='ltr'><strong>pravae</strong></span> <span class='ocrx_word' id='word_1_165' title='bbox 1577 589 1716 616; x_wconf 86' lang='lat' dir='ltr'><strong>contraria</strong></span> <span class='ocrx_word' id='word_1_166' title='bbox 1747 589 1794 623; x_wconf 90' lang='lat' dir='ltr'><strong>sit,</strong></span> <span class='ocrx_word' id='word_1_167' title='bbox 1812 597 1845 616; x_wconf 82' lang='lat' dir='ltr'><strong>ex</strong></span> 
     </span>
    </p>
   </div>
   <div class='ocr_carea' id='block_1_27' title="bbox 1054 634 1845 671">
    <p class='ocr_par' dir='ltr' id='par_1_27' title="bbox 1054 634 1845 671">
     <span class='ocr_line' id='line_1_27' title="bbox 1054 634 1845 671; baseline 0.001 -10"><span class='ocrx_word' id='word_1_168' title='bbox 1054 639 1151 662; x_wconf 89' lang='lat' dir='ltr'><strong>natura</strong></span> <span class='ocrx_word' id='word_1_169' title='bbox 1166 635 1257 663; x_wconf 87' lang='lat' dir='ltr'><strong>habet.</strong></span> <span class='ocrx_word' id='word_1_170' title='bbox 1273 634 1291 662; x_wconf 90' lang='lat' dir='ltr'><strong>li</strong></span> <span class='ocrx_word' id='word_1_171' title='bbox 1311 636 1403 671; x_wconf 77' lang='lat' dir='ltr'><strong>igitur,</strong></span> <span class='ocrx_word' id='word_1_172' title='bbox 1420 636 1447 663; x_wconf 94' lang='lat' dir='ltr'><strong>in</strong></span> <span class='ocrx_word' id='word_1_173' title='bbox 1464 643 1497 663; x_wconf 91' lang='lat' dir='ltr'><strong>ea</strong></span> <span class='ocrx_word' id='word_1_174' title='bbox 1509 635 1626 670; x_wconf 83' lang='lat' dir='ltr'><strong>prolapsi</strong></span> <span class='ocrx_word' id='word_1_175' title='bbox 1641 636 1770 667; x_wconf 86' lang='lat' dir='ltr'><strong>absurda,</strong></span> <span class='ocrx_word' id='word_1_176' title='bbox 1787 640 1845 663; x_wconf 92' lang='lat' dir='ltr'><strong>tum</strong></span> 
     </span>
    </p>
   </div>
   <div class='ocr_carea' id='block_1_28' title="bbox 1055 681 1844 718">
    <p class='ocr_par' dir='ltr' id='par_1_28' title="bbox 1055 681 1844 718">
     <span class='ocr_line' id='line_1_28' title="bbox 1055 681 1844 718; baseline 0.001 -11"><span class='ocrx_word' id='word_1_177' title='bbox 1055 688 1117 707; x_wconf 91' lang='lat' dir='ltr'><strong>cum</strong></span> <span class='ocrx_word' id='word_1_178' title='bbox 1133 681 1193 708; x_wconf 86' lang='lat' dir='ltr'><strong>aliis</strong></span> <span class='ocrx_word' id='word_1_179' title='bbox 1216 681 1272 714; x_wconf 88' lang='lat' dir='ltr'><strong>alii,</strong></span> <span class='ocrx_word' id='word_1_180' title='bbox 1289 687 1345 708; x_wconf 92' lang='lat' dir='ltr'><strong>tum</strong></span> <span class='ocrx_word' id='word_1_181' title='bbox 1368 689 1429 708; x_wconf 90' lang='lat' dir='ltr'><strong>cum</strong></span> <span class='ocrx_word' id='word_1_182' title='bbox 1448 681 1563 718; x_wconf 79' lang='lat' dir='ltr'><strong>veritate</strong></span> <span class='ocrx_word' id='word_1_183' title='bbox 1587 681 1844 715; x_wconf 77' lang='lat' dir='ltr'><strong>congrediebantur.</strong></span> 
     </span>
    </p>
   </div>
   <div class='ocr_carea' id='block_1_29' title="bbox 1090 727 1847 763">
    <p class='ocr_par' dir='ltr' id='par_1_29' title="bbox 1090 727 1847 763">
     <span class='ocr_line' id='line_1_29' title="bbox 1090 727 1847 763; baseline 0.003 -10"><span class='ocrx_word' id='word_1_184' title='bbox 1090 727 1119 754; x_wconf 88' lang='lat' dir='ltr'><strong>in</strong></span> <span class='ocrx_word' id='word_1_185' title='bbox 1138 727 1180 754; x_wconf 87' lang='lat' dir='ltr'><strong>his</strong></span> <span class='ocrx_word' id='word_1_186' title='bbox 1190 731 1278 759; x_wconf 87' lang='lat' dir='ltr'><strong>erant,</strong></span> <span class='ocrx_word' id='word_1_187' title='bbox 1297 728 1345 763; x_wconf 92' lang='lat' dir='ltr'><strong>qui</strong></span> <span class='ocrx_word' id='word_1_188' title='bbox 1358 728 1427 756; x_wconf 89' lang='lat' dir='ltr'><strong>Filio</strong></span> <span class='ocrx_word' id='word_1_189' title='bbox 1438 728 1559 763; x_wconf 86' lang='lat' dir='ltr'><strong>quidem,</strong></span> <span class='ocrx_word' id='word_1_190' title='bbox 1573 734 1675 755; x_wconf 65' lang='lat' dir='ltr'><strong>naturae</strong></span> <span class='ocrx_word' id='word_1_191' title='bbox 1688 735 1750 755; x_wconf 89' lang='lat' dir='ltr'><strong>cum</strong></span> <span class='ocrx_word' id='word_1_192' title='bbox 1766 727 1847 755; x_wconf 87' lang='lat' dir='ltr'><strong>Patre</strong></span> 
     </span>
    </p>
   </div>
   <div class='ocr_carea' id='block_1_30' title="bbox 1056 773 1846 809">
    <p class='ocr_par' dir='ltr' id='par_1_30' title="bbox 1056 773 1846 809">
     <span class='ocr_line' id='line_1_30' title="bbox 1056 773 1846 809; baseline 0.001 -9"><span class='ocrx_word' id='word_1_193' title='bbox 1056 773 1278 808; x_wconf 82' lang='lat' dir='ltr'><strong>conjunctionem</strong></span> <span class='ocrx_word' id='word_1_194' title='bbox 1303 773 1501 809; x_wconf 79' lang='lat' dir='ltr'><strong>indulgebant;</strong></span> <span class='ocrx_word' id='word_1_195' title='bbox 1518 773 1651 809; x_wconf 87' lang='lat' dir='ltr'><strong>Spiritum</strong></span> <span class='ocrx_word' id='word_1_196' title='bbox 1669 781 1745 806; x_wconf 84' lang='lat' dir='ltr'><strong>vero,</strong></span> <span class='ocrx_word' id='word_1_197' title='bbox 1763 781 1846 809; x_wconf 88' lang='lat' dir='ltr'><strong>quem</strong></span> 
     </span>
    </p>
   </div>
   <div class='ocr_carea' id='block_1_31' title="bbox 1057 819 1846 852">
    <p class='ocr_par' dir='ltr' id='par_1_31' title="bbox 1057 819 1846 852">
     <span class='ocr_line' id='line_1_31' title="bbox 1057 819 1846 852; baseline 0.003 -7"><span class='ocrx_word' id='word_1_198' title='bbox 1057 827 1070 845; x_wconf 86' lang='lat' dir='ltr'><strong>a</strong></span> <span class='ocrx_word' id='word_1_199' title='bbox 1087 819 1186 851; x_wconf 82' lang='lat' dir='ltr'><strong>Patris,</strong></span> <span class='ocrx_word' id='word_1_200' title='bbox 1199 827 1232 847; x_wconf 86' lang='lat' dir='ltr'><strong>ac</strong></span> <span class='ocrx_word' id='word_1_201' title='bbox 1248 819 1308 846; x_wconf 85' lang='lat' dir='ltr'><strong>Filii</strong></span> <span class='ocrx_word' id='word_1_202' title='bbox 1324 819 1467 847; x_wconf 86' lang='lat' dir='ltr'><strong>divinitate</strong></span> <span class='ocrx_word' id='word_1_203' title='bbox 1483 820 1603 847; x_wconf 89' lang='lat' dir='ltr'><strong>alienum</strong></span> <span class='ocrx_word' id='word_1_204' title='bbox 1630 820 1792 852; x_wconf 85' lang='lat' dir='ltr'><strong>sentiebant,</strong></span> <span class='ocrx_word' id='word_1_205' title='bbox 1811 820 1846 847; x_wconf 94' lang='lat' dir='ltr'><strong>li-</strong></span> 
     </span>
    </p>
   </div>
   <div class='ocr_carea' id='block_1_32' title="bbox 1057 864 1848 900">
    <p class='ocr_par' dir='ltr' id='par_1_32' title="bbox 1057 864 1848 900">
     <span class='ocr_line' id='line_1_32' title="bbox 1057 864 1848 900; baseline 0.004 -10"><span class='ocrx_word' id='word_1_206' title='bbox 1057 864 1151 891; x_wconf 84' lang='lat' dir='ltr'><strong>berum</strong></span> <span class='ocrx_word' id='word_1_207' title='bbox 1166 865 1223 898; x_wconf 89' lang='lat' dir='ltr'><strong>alii,</strong></span> <span class='ocrx_word' id='word_1_208' title='bbox 1240 864 1284 891; x_wconf 91' lang='lat' dir='ltr'><strong>alii</strong></span> <span class='ocrx_word' id='word_1_209' title='bbox 1303 865 1384 892; x_wconf 91' lang='lat' dir='ltr'><strong>etiam</strong></span> <span class='ocrx_word' id='word_1_210' title='bbox 1402 872 1511 893; x_wconf 87' lang='lat' dir='ltr'><strong>servum</strong></span> <span class='ocrx_word' id='word_1_211' title='bbox 1536 865 1707 900; x_wconf 87' lang='lat' dir='ltr'><strong>blasphemia</strong></span> <span class='ocrx_word' id='word_1_212' title='bbox 1721 865 1848 893; x_wconf 87' lang='lat' dir='ltr'><strong>dictitare</strong></span> 
     </span>
    </p>
   </div>
   <div class='ocr_carea' id='block_1_33' title="bbox 246 909 1846 946">
    <p class='ocr_par' dir='ltr' id='par_1_33' title="bbox 246 909 1846 946">
     <span class='ocr_line' id='line_1_33' title="bbox 246 909 1846 946; baseline 0.001 -9"><span class='ocrx_word' id='word_1_213' title='bbox 246 909 314 938; x_wconf 79' lang='lat' dir='ltr'><strong>Nam</strong></span> <span class='ocrx_word' id='word_1_214' title='bbox 334 910 379 938; x_wconf 88' lang='lat' dir='ltr'><strong>alii</strong></span> <span class='ocrx_word' id='word_1_215' title='bbox 395 911 504 946; x_wconf 85' lang='lat' dir='ltr'><strong>quidem</strong></span> <span class='ocrx_word' id='word_1_216' title='bbox 526 910 637 938; x_wconf 90' lang='lat' dir='ltr'><strong>Sabellii</strong></span> <span class='ocrx_word' id='word_1_217' title='bbox 654 910 737 946; x_wconf 81' lang='lat' dir='ltr'><strong>Libys</strong></span> <span class='ocrx_word' id='word_1_218' title='bbox 755 911 915 939; x_wconf 78' lang='lat' dir='ltr'><strong>confusione</strong></span> <span class='ocrx_word' id='word_1_219' title='bbox 942 919 1003 940; x_wconf 89' lang='lat' dir='ltr'><strong>sus-</strong></span> <span class='ocrx_word' id='word_1_220' title='bbox 1022 915 1042 943; x_wconf 77' lang='grc' dir='ltr'><strong>Β</strong></span> <span class='ocrx_word' id='word_1_221' title='bbox 1057 909 1203 936; x_wconf 83' lang='lat' dir='ltr'><strong>audebant.</strong></span> <span class='ocrx_word' id='word_1_222' title='bbox 1221 910 1300 937; x_wconf 81' lang='lat' dir='ltr'><strong>Aliud</strong></span> <span class='ocrx_word' id='word_1_223' title='bbox 1315 911 1366 938; x_wconf 92' lang='lat' dir='ltr'><strong>hoc</strong></span> <span class='ocrx_word' id='word_1_224' title='bbox 1375 918 1464 945; x_wconf 78' lang='lat' dir='ltr'><strong>prava:</strong></span> <span class='ocrx_word' id='word_1_225' title='bbox 1477 910 1614 946; x_wconf 89' lang='lat' dir='ltr'><strong>opinionis</strong></span> <span class='ocrx_word' id='word_1_226' title='bbox 1626 918 1722 946; x_wconf 86' lang='lat' dir='ltr'><strong>genus.</strong></span> <span class='ocrx_word' id='word_1_227' title='bbox 1738 911 1846 945; x_wconf 88' lang='lat' dir='ltr'><strong>Apolli-</strong></span> 
     </span>
    </p>
   </div>
   <div class='ocr_carea' id='block_1_34' title="bbox 213 956 1004 992">
    <p class='ocr_par' dir='ltr' id='par_1_34' title="bbox 213 956 1004 992">
     <span class='ocr_line' id='line_1_34' title="bbox 213 956 1004 992; baseline 0.001 -9"><span class='ocrx_word' id='word_1_228' title='bbox 213 960 301 991; x_wconf 83' lang='lat' dir='ltr'><strong>oepta.</strong></span> <span class='ocrx_word' id='word_1_229' title='bbox 317 957 457 991; x_wconf 86' lang='lat' dir='ltr'><strong>nimiaque</strong></span> <span class='ocrx_word' id='word_1_230' title='bbox 472 956 676 991; x_wconf 87' lang='lat' dir='ltr'><strong>conjunctione,</strong></span> <span class='ocrx_word' id='word_1_231' title='bbox 700 957 829 992; x_wconf 88' lang='lat' dir='ltr'><strong>velutque</strong></span> <span class='ocrx_word' id='word_1_232' title='bbox 852 958 1004 985; x_wconf 89' lang='lat' dir='ltr'><strong>concretio-</strong></span> 
     </span>
    </p>
   </div>
   <div class='ocr_carea' id='block_1_35' title="bbox 213 1003 1006 1037">
    <p class='ocr_par' dir='ltr' id='par_1_35' title="bbox 213 1003 1006 1037">
     <span class='ocr_line' id='line_1_35' title="bbox 213 1003 1006 1037; baseline 0.004 -9"><span class='ocrx_word' id='word_1_233' title='bbox 213 1009 340 1035; x_wconf 86' lang='lat' dir='ltr'><strong>ne;nec,</strong></span> <span class='ocrx_word' id='word_1_234' title='bbox 357 1007 458 1036; x_wconf 84' lang='lat' dir='ltr'><strong>quanta</strong></span> <span class='ocrx_word' id='word_1_235' title='bbox 481 1010 529 1037; x_wconf 88' lang='lat' dir='ltr'><strong>par</strong></span> <span class='ocrx_word' id='word_1_236' title='bbox 557 1007 627 1033; x_wconf 87' lang='lat' dir='ltr'><strong>erat,</strong></span> <span class='ocrx_word' id='word_1_237' title='bbox 656 1003 822 1030; x_wconf 70' lang='lat' dir='ltr'><strong>discretione</strong></span> <span class='ocrx_word' id='word_1_238' title='bbox 851 1003 1006 1031; x_wconf 80' lang='lat' dir='ltr'><strong>inconsulte</strong></span> 
     </span>
    </p>
   </div>
   <div class='ocr_carea' id='block_1_36' title="bbox 213 1047 1006 1082">
    <p class='ocr_par' dir='ltr' id='par_1_36' title="bbox 213 1047 1006 1082">
     <span class='ocr_line' id='line_1_36' title="bbox 213 1047 1006 1082; baseline 0 -7"><span class='ocrx_word' id='word_1_239' title='bbox 213 1047 266 1079; x_wconf 83' lang='lat' dir='ltr'><strong>usi,</strong></span> <span class='ocrx_word' id='word_1_240' title='bbox 284 1047 404 1081; x_wconf 79' lang='lat' dir='ltr'><strong>Patrem,</strong></span> <span class='ocrx_word' id='word_1_241' title='bbox 426 1047 536 1081; x_wconf 81' lang='lat' dir='ltr'><strong>Filium,</strong></span> <span class='ocrx_word' id='word_1_242' title='bbox 552 1056 583 1075; x_wconf 88' lang='lat' dir='ltr'><strong>ac</strong></span> <span class='ocrx_word' id='word_1_243' title='bbox 595 1048 725 1082; x_wconf 88' lang='lat' dir='ltr'><strong>Spiritum</strong></span> <span class='ocrx_word' id='word_1_244' title='bbox 741 1053 879 1082; x_wconf 82' lang='lat' dir='ltr'><strong>sanctum,</strong></span> <span class='ocrx_word' id='word_1_245' title='bbox 895 1049 1006 1076; x_wconf 87' lang='lat' dir='ltr'><strong>nomine</strong></span> 
     </span>
    </p>
   </div>
   <div class='ocr_carea' id='block_1_37' title="bbox 213 1093 1006 1129">
    <p class='ocr_par' dir='ltr' id='par_1_37' title="bbox 213 1093 1006 1129">
     <span class='ocr_line' id='line_1_37' title="bbox 213 1093 1006 1129; baseline 0.004 -10"><span class='ocrx_word' id='word_1_246' title='bbox 213 1097 293 1120; x_wconf 62' lang='lat' dir='ltr'><strong>tenus</strong></span> <span class='ocrx_word' id='word_1_247' title='bbox 305 1093 459 1127; x_wconf 83' lang='lat' dir='ltr'><strong>honorant;</strong></span> <span class='ocrx_word' id='word_1_248' title='bbox 476 1101 537 1129; x_wconf 70' lang='lat' dir='ltr'><strong>qua:</strong></span> <span class='ocrx_word' id='word_1_249' title='bbox 549 1098 640 1121; x_wconf 89' lang='lat' dir='ltr'><strong>autem</strong></span> <span class='ocrx_word' id='word_1_250' title='bbox 655 1094 697 1121; x_wconf 90' lang='lat' dir='ltr'><strong>his</strong></span> <span class='ocrx_word' id='word_1_251' title='bbox 717 1094 918 1129; x_wconf 83' lang='lat' dir='ltr'><strong>signiﬁcantur,</strong></span> <span class='ocrx_word' id='word_1_252' title='bbox 943 1102 1006 1129; x_wconf 90' lang='lat' dir='ltr'><strong>pro-</strong></span> 
     </span>
    </p>
   </div>
   <div class='ocr_carea' id='block_1_38' title="bbox 215 1138 1005 1174">
    <p class='ocr_par' dir='ltr' id='par_1_38' title="bbox 215 1138 1005 1174">
     <span class='ocr_line' id='line_1_38' title="bbox 215 1138 1005 1174; baseline 0 -9"><span class='ocrx_word' id='word_1_253' title='bbox 215 1138 264 1165; x_wconf 89' lang='lat' dir='ltr'><strong>bro</strong></span> <span class='ocrx_word' id='word_1_254' title='bbox 284 1139 548 1174; x_wconf 86' lang='lat' dir='ltr'><strong>habent,nudasque</strong></span> <span class='ocrx_word' id='word_1_255' title='bbox 561 1139 618 1167; x_wconf 73' lang='lat' dir='ltr'><strong>haec</strong></span> <span class='ocrx_word' id='word_1_256' title='bbox 632 1140 851 1174; x_wconf 87' lang='lat' dir='ltr'><strong>nuncupationes</strong></span> <span class='ocrx_word' id='word_1_257' title='bbox 868 1139 1005 1172; x_wconf 84' lang='lat' dir='ltr'><strong>arbitrati,</strong></span> 
     </span>
    </p>
   </div>
   <div class='ocr_carea' id='block_1_39' title="bbox 213 1184 1005 1219">
    <p class='ocr_par' dir='ltr' id='par_1_39' title="bbox 213 1184 1005 1219">
     <span class='ocr_line' id='line_1_39' title="bbox 213 1184 1005 1219; baseline 0 -8"><span class='ocrx_word' id='word_1_258' title='bbox 213 1192 246 1212; x_wconf 90' lang='lat' dir='ltr'><strong>ac</strong></span> <span class='ocrx_word' id='word_1_259' title='bbox 264 1192 325 1219; x_wconf 63' lang='lat' dir='ltr'><strong>qua:</strong></span> <span class='ocrx_word' id='word_1_260' title='bbox 344 1192 394 1212; x_wconf 91' lang='lat' dir='ltr'><strong>nec</strong></span> <span class='ocrx_word' id='word_1_261' title='bbox 411 1192 473 1213; x_wconf 84' lang='lat' dir='ltr'><strong>vere</strong></span> <span class='ocrx_word' id='word_1_262' title='bbox 484 1185 629 1217; x_wconf 78' lang='lat' dir='ltr'><strong>exsistant,</strong></span> <span class='ocrx_word' id='word_1_263' title='bbox 665 1184 891 1212; x_wconf 74' lang='lat' dir='ltr'><strong>inconsistentem</strong></span> <span class='ocrx_word' id='word_1_264' title='bbox 917 1185 1005 1219; x_wconf 87' lang='lat' dir='ltr'><strong>reipsa</strong></span> 
     </span>
    </p>
   </div>
   <div class='ocr_carea' id='block_1_40' title="bbox 213 1230 1006 1266">
    <p class='ocr_par' dir='ltr' id='par_1_40' title="bbox 213 1230 1006 1266">
     <span class='ocr_line' id='line_1_40' title="bbox 213 1230 1006 1266; baseline 0.001 -9"><span class='ocrx_word' id='word_1_265' title='bbox 213 1236 296 1265; x_wconf 88' lang='lat' dir='ltr'><strong>atque</strong></span> <span class='ocrx_word' id='word_1_266' title='bbox 319 1231 440 1264; x_wconf 88' lang='lat' dir='ltr'><strong>inanem,</strong></span> <span class='ocrx_word' id='word_1_267' title='bbox 457 1230 570 1259; x_wconf 83' lang='lat' dir='ltr'><strong>Judaica</strong></span> <span class='ocrx_word' id='word_1_268' title='bbox 588 1231 734 1266; x_wconf 77' lang='lat' dir='ltr'><strong>singularis</strong></span> <span class='ocrx_word' id='word_1_269' title='bbox 754 1231 924 1265; x_wconf 86' lang='lat' dir='ltr'><strong>principatus</strong></span> <span class='ocrx_word' id='word_1_270' title='bbox 945 1231 1006 1265; x_wconf 86' lang='lat' dir='ltr'><strong>opi-</strong></span> 
     </span>
    </p>
   </div>
   <div class='ocr_carea' id='block_1_41' title="bbox 214 1276 1006 1312">
    <p class='ocr_par' dir='ltr' id='par_1_41' title="bbox 214 1276 1006 1312">
     <span class='ocr_line' id='line_1_41' title="bbox 214 1276 1006 1312; baseline 0 -9"><span class='ocrx_word' id='word_1_271' title='bbox 214 1277 307 1308; x_wconf 83' lang='lat' dir='ltr'><strong>nione,</strong></span> <span class='ocrx_word' id='word_1_272' title='bbox 330 1283 362 1304; x_wconf 85' lang='lat' dir='ltr'><strong>ac</strong></span> <span class='ocrx_word' id='word_1_273' title='bbox 389 1276 539 1311; x_wconf 82' lang='lat' dir='ltr'><strong>impietate,</strong></span> <span class='ocrx_word' id='word_1_274' title='bbox 567 1276 619 1304; x_wconf 88' lang='lat' dir='ltr'><strong>sibi</strong></span> <span class='ocrx_word' id='word_1_275' title='bbox 648 1277 726 1304; x_wconf 87' lang='lat' dir='ltr'><strong>tidem</strong></span> <span class='ocrx_word' id='word_1_276' title='bbox 757 1277 926 1312; x_wconf 80' lang='lat' dir='ltr'><strong>contingunt.</strong></span> <span class='ocrx_word' id='word_1_277' title='bbox 953 1277 1006 1304; x_wconf 79' lang='lat' dir='ltr'><strong>Alii</strong></span> 
     </span>
    </p>
   </div>
   <div class='ocr_carea' id='block_1_42' title="bbox 214 1320 1005 1356">
    <p class='ocr_par' dir='ltr' id='par_1_42' title="bbox 214 1320 1005 1356">
     <span class='ocr_line' id='line_1_42' title="bbox 214 1320 1005 1356; baseline 0.003 -9"><span class='ocrx_word' id='word_1_278' title='bbox 214 1320 273 1347; x_wconf 78' lang='lat' dir='ltr'><strong>Arii</strong></span> <span class='ocrx_word' id='word_1_279' title='bbox 300 1321 444 1348; x_wconf 73' lang='lat' dir='ltr'><strong>dementia:</strong></span> <span class='ocrx_word' id='word_1_280' title='bbox 467 1321 649 1356; x_wconf 87' lang='lat' dir='ltr'><strong>astipulantes</strong></span> <span class='ocrx_word' id='word_1_281' title='bbox 664 1340 672 1353; x_wconf 90' lang='lat'><strong>,</strong></span> <span class='ocrx_word' id='word_1_282' title='bbox 689 1328 779 1356; x_wconf 76' lang='lat' dir='ltr'><strong>exque</strong></span> <span class='ocrx_word' id='word_1_283' title='bbox 799 1321 944 1353; x_wconf 85' lang='lat' dir='ltr'><strong>diametro,</strong></span> <span class='ocrx_word' id='word_1_284' title='bbox 960 1322 1005 1354; x_wconf 84' lang='lat' dir='ltr'><strong>iis,</strong></span> 
     </span>
    </p>
   </div>
   <div class='ocr_carea' id='block_1_43' title="bbox 214 1366 1005 1402">
    <p class='ocr_par' dir='ltr' id='par_1_43' title="bbox 214 1366 1005 1402">
     <span class='ocr_line' id='line_1_43' title="bbox 214 1366 1005 1402; baseline 0 -8"><span class='ocrx_word' id='word_1_285' title='bbox 214 1374 285 1401; x_wconf 91' lang='lat' dir='ltr'><strong>quos</strong></span> <span class='ocrx_word' id='word_1_286' title='bbox 310 1367 446 1400; x_wconf 83' lang='lat' dir='ltr'><strong>dicebam,</strong></span> <span class='ocrx_word' id='word_1_287' title='bbox 463 1371 617 1402; x_wconf 81' lang='lat' dir='ltr'><strong>pugnantes</strong></span> <span class='ocrx_word' id='word_1_288' title='bbox 651 1366 797 1398; x_wconf 86' lang='lat' dir='ltr'><strong>sententia,</strong></span> <span class='ocrx_word' id='word_1_289' title='bbox 832 1369 890 1402; x_wconf 89' lang='lat' dir='ltr'><strong>pari</strong></span> <span class='ocrx_word' id='word_1_290' title='bbox 915 1372 1005 1395; x_wconf 88' lang='lat' dir='ltr'><strong>tamen</strong></span> 
     </span>
    </p>
   </div>
   <div class='ocr_carea' id='block_1_44' title="bbox 216 1413 1005 1448">
    <p class='ocr_par' dir='ltr' id='par_1_44' title="bbox 216 1413 1005 1448">
     <span class='ocr_line' id='line_1_44' title="bbox 216 1413 1005 1448; baseline 0.003 -9"><span class='ocrx_word' id='word_1_291' title='bbox 216 1413 355 1448; x_wconf 83' lang='lat' dir='ltr'><strong>impietate</strong></span> <span class='ocrx_word' id='word_1_292' title='bbox 367 1413 508 1448; x_wconf 87' lang='lat' dir='ltr'><strong>provecti;</strong></span> <span class='ocrx_word' id='word_1_293' title='bbox 525 1414 626 1448; x_wconf 84' lang='lat' dir='ltr'><strong>quibus</strong></span> <span class='ocrx_word' id='word_1_294' title='bbox 637 1414 675 1441; x_wconf 91' lang='lat' dir='ltr'><strong>illi</strong></span> <span class='ocrx_word' id='word_1_295' title='bbox 687 1414 871 1445; x_wconf 83' lang='lat' dir='ltr'><strong>concretione,</strong></span> <span class='ocrx_word' id='word_1_296' title='bbox 890 1414 916 1441; x_wconf 92' lang='lat' dir='ltr'><strong>bi</strong></span> <span class='ocrx_word' id='word_1_297' title='bbox 937 1415 1005 1441; x_wconf 88' lang='lat' dir='ltr'><strong>divi-</strong></span> 
     </span>
    </p>
   </div>
   <div class='ocr_carea' id='block_1_45' title="bbox 215 1454 737 1493">
    <p class='ocr_par' dir='ltr' id='par_1_45' title="bbox 215 1454 737 1493">
     <span class='ocr_line' id='line_1_45' title="bbox 215 1454 737 1493; baseline 0.004 -8"><span class='ocrx_word' id='word_1_298' title='bbox 215 1459 293 1486; x_wconf 85' lang='lat' dir='ltr'><strong>sione</strong></span> <span class='ocrx_word' id='word_1_299' title='bbox 306 1458 393 1493; x_wconf 86' lang='lat' dir='ltr'><strong>impii,</strong></span> <span class='ocrx_word' id='word_1_300' title='bbox 412 1459 479 1486; x_wconf 88' lang='lat' dir='ltr'><strong>recti</strong></span> <span class='ocrx_word' id='word_1_301' title='bbox 494 1464 579 1487; x_wconf 84' lang='lat' dir='ltr'><strong>metas</strong></span> <span class='ocrx_word' id='word_1_302' title='bbox 591 1454 737 1487; x_wconf 70' lang='lat' dir='ltr'><strong>excedunt.</strong></span> 
     </span>
    </p>
   </div>
   <div class='ocr_carea' id='block_1_46' title="bbox 253 1503 1006 1542">
    <p class='ocr_par' dir='ltr' id='par_1_46' title="bbox 253 1503 1006 1542">
     <span class='ocr_line' id='line_1_46' title="bbox 253 1503 1006 1542; baseline 0.004 -11"><span class='ocrx_word' id='word_1_303' title='bbox 253 1503 488 1537; x_wconf 83' lang='lat' dir='ltr'><strong>Quemadmodum</strong></span> <span class='ocrx_word' id='word_1_304' title='bbox 505 1505 578 1532; x_wconf 87' lang='lat' dir='ltr'><strong>enitn</strong></span> <span class='ocrx_word' id='word_1_305' title='bbox 605 1506 720 1540; x_wconf 84' lang='lat' dir='ltr'><strong>priores,</strong></span> <span class='ocrx_word' id='word_1_306' title='bbox 736 1508 782 1542; x_wconf 92' lang='lat' dir='ltr'><strong>qui</strong></span> <span class='ocrx_word' id='word_1_307' title='bbox 797 1515 878 1535; x_wconf 89' lang='lat' dir='ltr'><strong>unam</strong></span> <span class='ocrx_word' id='word_1_308' title='bbox 896 1508 1006 1536; x_wconf 85' lang='lat' dir='ltr'><strong>dcitatis</strong></span> 
     </span>
    </p>
   </div>
   <div class='ocr_carea' id='block_1_47' title="bbox 216 1551 1005 1589">
    <p class='ocr_par' dir='ltr' id='par_1_47' title="bbox 216 1551 1005 1589">
     <span class='ocr_line' id='line_1_47' title="bbox 216 1551 1005 1589; baseline 0.006 -12"><span class='ocrx_word' id='word_1_309' title='bbox 216 1555 273 1577; x_wconf 90' lang='lat' dir='ltr'><strong>tum</strong></span> <span class='ocrx_word' id='word_1_310' title='bbox 298 1555 425 1577; x_wconf 85' lang='lat' dir='ltr'><strong>naturam</strong></span> <span class='ocrx_word' id='word_1_311' title='bbox 453 1551 585 1583; x_wconf 87' lang='lat' dir='ltr'><strong>sentiant,</strong></span> <span class='ocrx_word' id='word_1_312' title='bbox 616 1558 673 1579; x_wconf 82' lang='lat' dir='ltr'><strong>tulit</strong></span> <span class='ocrx_word' id='word_1_313' title='bbox 704 1561 860 1588; x_wconf 89' lang='lat' dir='ltr'><strong>personam,</strong></span> <span class='ocrx_word' id='word_1_314' title='bbox 879 1554 1005 1589; x_wconf 79' lang='lat' dir='ltr'><strong>procula</strong></span> 
     </span>
    </p>
   </div>
   <div class='ocr_carea' id='block_1_48' title="bbox 215 1597 1006 1634">
    <p class='ocr_par' dir='ltr' id='par_1_48' title="bbox 215 1597 1006 1634">
     <span class='ocr_line' id='line_1_48' title="bbox 215 1597 1006 1634; baseline 0.008 -12"><span class='ocrx_word' id='word_1_315' title='bbox 215 1597 331 1624; x_wconf 83' lang='lat' dir='ltr'><strong>veritate</strong></span> <span class='ocrx_word' id='word_1_316' title='bbox 343 1597 539 1630; x_wconf 81' lang='lat' dir='ltr'><strong>exerrant;sic</strong></span> <span class='ocrx_word' id='word_1_317' title='bbox 550 1602 578 1625; x_wconf 87' lang='lat' dir='ltr'><strong>ct</strong></span> <span class='ocrx_word' id='word_1_318' title='bbox 601 1599 724 1632; x_wconf 84' lang='lat' dir='ltr'><strong>secundi,</strong></span> <span class='ocrx_word' id='word_1_319' title='bbox 743 1600 789 1634; x_wconf 90' lang='lat' dir='ltr'><strong>qui</strong></span> <span class='ocrx_word' id='word_1_320' title='bbox 807 1605 905 1634; x_wconf 59' lang='lat' dir='ltr'><strong>praeter</strong></span> <span class='ocrx_word' id='word_1_321' title='bbox 914 1605 1006 1628; x_wconf 86' lang='lat' dir='ltr'><strong>ternas</strong></span> 
     </span>
    </p>
   </div>
   <div class='ocr_carea' id='block_1_49' title="bbox 216 1643 1008 1678">
    <p class='ocr_par' dir='ltr' id='par_1_49' title="bbox 216 1643 1008 1678">
     <span class='ocr_line' id='line_1_49' title="bbox 216 1643 1008 1678; baseline 0.006 -10"><span class='ocrx_word' id='word_1_322' title='bbox 216 1649 360 1676; x_wconf 80' lang='lat' dir='ltr'><strong>personas,</strong></span> <span class='ocrx_word' id='word_1_323' title='bbox 377 1643 459 1670; x_wconf 84' lang='lat' dir='ltr'><strong>etiam</strong></span> <span class='ocrx_word' id='word_1_324' title='bbox 475 1647 579 1670; x_wconf 59' lang='lat' dir='ltr'><strong>natura!</strong></span> <span class='ocrx_word' id='word_1_325' title='bbox 600 1643 774 1678; x_wconf 82' lang='lat' dir='ltr'><strong>divisionem,</strong></span> <span class='ocrx_word' id='word_1_326' title='bbox 792 1645 949 1673; x_wconf 70' lang='lat' dir='ltr'><strong>Graecorum</strong></span> <span class='ocrx_word' id='word_1_327' title='bbox 965 1654 1008 1673; x_wconf 88' lang='lat' dir='ltr'><strong>cr-</strong></span> 
     </span>
    </p>
   </div>
   <div class='ocr_carea' id='block_1_50' title="bbox 218 1689 1008 1724">
    <p class='ocr_par' dir='ltr' id='par_1_50' title="bbox 218 1689 1008 1724">
     <span class='ocr_line' id='line_1_50' title="bbox 218 1689 1008 1724; baseline 0.008 -10"><span class='ocrx_word' id='word_1_328' title='bbox 218 1695 281 1714; x_wconf 86' lang='lat' dir='ltr'><strong>rore</strong></span> <span class='ocrx_word' id='word_1_329' title='bbox 306 1695 339 1716; x_wconf 84' lang='lat' dir='ltr'><strong>ac</strong></span> <span class='ocrx_word' id='word_1_330' title='bbox 364 1689 504 1723; x_wconf 89' lang='lat' dir='ltr'><strong>impietate</strong></span> <span class='ocrx_word' id='word_1_331' title='bbox 532 1690 680 1724; x_wconf 81' lang='lat' dir='ltr'><strong>inducant;</strong></span> <span class='ocrx_word' id='word_1_332' title='bbox 707 1691 810 1718; x_wconf 89' lang='lat' dir='ltr'><strong>alienos</strong></span> <span class='ocrx_word' id='word_1_333' title='bbox 831 1691 939 1720; x_wconf 75' lang='lat' dir='ltr'><strong>al‘atre</strong></span> <span class='ocrx_word' id='word_1_334' title='bbox 950 1692 1008 1719; x_wconf 87' lang='lat' dir='ltr'><strong>elli-</strong></span> 
     </span>
    </p>
   </div>
   <div class='ocr_carea' id='block_1_51' title="bbox 216 1733 1010 1772">
    <p class='ocr_par' dir='ltr' id='par_1_51' title="bbox 216 1733 1010 1772">
     <span class='ocr_line' id='line_1_51' title="bbox 216 1733 1010 1772; baseline 0.006 -11"><span class='ocrx_word' id='word_1_335' title='bbox 216 1733 305 1767; x_wconf 82' lang='lat' dir='ltr'><strong>ciunt,</strong></span> <span class='ocrx_word' id='word_1_336' title='bbox 320 1734 367 1769; x_wconf 92' lang='lat' dir='ltr'><strong>qui</strong></span> <span class='ocrx_word' id='word_1_337' title='bbox 383 1739 447 1763; x_wconf 91' lang='lat' dir='ltr'><strong>sunt</strong></span> <span class='ocrx_word' id='word_1_338' title='bbox 461 1743 493 1763; x_wconf 85' lang='lat' dir='ltr'><strong>ex</strong></span> <span class='ocrx_word' id='word_1_339' title='bbox 511 1736 587 1771; x_wconf 84' lang='lat' dir='ltr'><strong>ipso;</strong></span> <span class='ocrx_word' id='word_1_340' title='bbox 607 1738 672 1771; x_wconf 80' lang='lat' dir='ltr'><strong>quiti</strong></span> <span class='ocrx_word' id='word_1_341' title='bbox 690 1743 717 1765; x_wconf 85' lang='lat' dir='ltr'><strong>et</strong></span> <span class='ocrx_word' id='word_1_342' title='bbox 733 1738 807 1772; x_wconf 88' lang='lat' dir='ltr'><strong>ipsos</strong></span> <span class='ocrx_word' id='word_1_343' title='bbox 818 1738 889 1765; x_wconf 86' lang='lat' dir='ltr'><strong>inter</strong></span> <span class='ocrx_word' id='word_1_344' title='bbox 902 1746 931 1766; x_wconf 91' lang='lat' dir='ltr'><strong>se</strong></span> <span class='ocrx_word' id='word_1_345' title='bbox 939 1738 1010 1766; x_wconf 82' lang='lat' dir='ltr'><strong>alie-</strong></span> 
     </span>
    </p>
   </div>
   <div class='ocr_carea' id='block_1_52' title="bbox 217 1781 1009 1819">
    <p class='ocr_par' dir='ltr' id='par_1_52' title="bbox 217 1781 1009 1819">
     <span class='ocr_line' id='line_1_52' title="bbox 217 1781 1009 1819; baseline 0.008 -14"><span class='ocrx_word' id='word_1_346' title='bbox 217 1786 270 1806; x_wconf 86' lang='lat' dir='ltr'><strong>nos</strong></span> <span class='ocrx_word' id='word_1_347' title='bbox 294 1781 492 1814; x_wconf 90' lang='lat' dir='ltr'><strong>pronuntiant:</strong></span> <span class='ocrx_word' id='word_1_348' title='bbox 519 1782 669 1816; x_wconf 89' lang='lat' dir='ltr'><strong>imparibus</strong></span> <span class='ocrx_word' id='word_1_349' title='bbox 691 1783 806 1816; x_wconf 68' lang='lat' dir='ltr'><strong>scilicet,</strong></span> <span class='ocrx_word' id='word_1_350' title='bbox 840 1791 1009 1819; x_wconf 76' lang='lat' dir='ltr'><strong>prorsusque</strong></span> 
     </span>
    </p>
   </div>
   <div class='ocr_carea' id='block_1_53' title="bbox 217 1824 1011 1862">
    <p class='ocr_par' dir='ltr' id='par_1_53' title="bbox 217 1824 1011 1862">
     <span class='ocr_line' id='line_1_53' title="bbox 217 1824 1011 1862; baseline 0.006 -9"><span class='ocrx_word' id='word_1_351' title='bbox 217 1824 338 1859; x_wconf 79' lang='lat' dir='ltr'><strong>indignis</strong></span> <span class='ocrx_word' id='word_1_352' title='bbox 355 1826 454 1854; x_wconf 86' lang='lat' dir='ltr'><strong>deitate</strong></span> <span class='ocrx_word' id='word_1_353' title='bbox 473 1828 613 1862; x_wconf 73' lang='lat' dir='ltr'><strong>gradibus,</strong></span> <span class='ocrx_word' id='word_1_354' title='bbox 629 1828 727 1856; x_wconf 79' lang='lat' dir='ltr'><strong>Filium</strong></span> <span class='ocrx_word' id='word_1_355' title='bbox 743 1830 816 1858; x_wconf 85' lang='lat' dir='ltr'><strong>Patri</strong></span> <span class='ocrx_word' id='word_1_356' title='bbox 847 1831 1011 1858; x_wconf 75' lang='lat' dir='ltr'><strong>submitten—</strong></span> 
     </span>
    </p>
   </div>
   <div class='ocr_carea' id='block_1_54' title="bbox 219 1873 1009 1909">
    <p class='ocr_par' dir='ltr' id='par_1_54' title="bbox 219 1873 1009 1909">
     <span class='ocr_line' id='line_1_54' title="bbox 219 1873 1009 1909; baseline 0.009 -11"><span class='ocrx_word' id='word_1_357' title='bbox 219 1876 280 1904; x_wconf 83' lang='lat' dir='ltr'><strong>tcs;</strong></span> <span class='ocrx_word' id='word_1_358' title='bbox 308 1880 340 1900; x_wconf 87' lang='lat' dir='ltr'><strong>ac</strong></span> <span class='ocrx_word' id='word_1_359' title='bbox 355 1873 474 1908; x_wconf 88' lang='lat' dir='ltr'><strong>Spiritus</strong></span> <span class='ocrx_word' id='word_1_360' title='bbox 497 1874 616 1909; x_wconf 76' lang='lat' dir='ltr'><strong>gloriam</strong></span> <span class='ocrx_word' id='word_1_361' title='bbox 639 1875 699 1902; x_wconf 84' lang='lat' dir='ltr'><strong>Filii</strong></span> <span class='ocrx_word' id='word_1_362' title='bbox 727 1876 850 1905; x_wconf 86' lang='lat' dir='ltr'><strong>claritate</strong></span> <span class='ocrx_word' id='word_1_363' title='bbox 862 1877 1009 1908; x_wconf 87' lang='lat' dir='ltr'><strong>minorem.</strong></span> 
     </span>
    </p>
   </div>
   <div class='ocr_carea' id='block_1_55' title="bbox 217 1918 1009 1960">
    <p class='ocr_par' dir='ltr' id='par_1_55' title="bbox 217 1918 1009 1960">
     <span class='ocr_line' id='line_1_55' title="bbox 217 1918 1009 1960; baseline 0.008 -15"><span class='ocrx_word' id='word_1_364' title='bbox 217 1918 411 1952; x_wconf 88' lang='lat' dir='ltr'><strong>detrahentes;</strong></span> <span class='ocrx_word' id='word_1_365' title='bbox 427 1921 492 1955; x_wconf 90' lang='lat' dir='ltr'><strong>quin</strong></span> <span class='ocrx_word' id='word_1_366' title='bbox 509 1921 598 1955; x_wconf 89' lang='lat' dir='ltr'><strong>potius</strong></span> <span class='ocrx_word' id='word_1_367' title='bbox 619 1921 669 1956; x_wconf 89' lang='lat' dir='ltr'><strong>ipsi</strong></span> <span class='ocrx_word' id='word_1_368' title='bbox 685 1930 714 1950; x_wconf 88' lang='lat' dir='ltr'><strong>se</strong></span> <span class='ocrx_word' id='word_1_369' title='bbox 731 1931 785 1950; x_wconf 80' lang='lat' dir='ltr'><strong>una</strong></span> <span class='ocrx_word' id='word_1_370' title='bbox 815 1931 847 1951; x_wconf 90' lang='lat' dir='ltr'><strong>ac</strong></span> <span class='ocrx_word' id='word_1_371' title='bbox 878 1924 1009 1960; x_wconf 85' lang='lat' dir='ltr'><strong>singulari</strong></span> 
     </span>
    </p>
   </div>
   <div class='ocr_carea' id='block_1_56' title="bbox 218 1964 1010 2004">
    <p class='ocr_par' dir='ltr' id='par_1_56' title="bbox 218 1964 1010 2004">
     <span class='ocr_line' id='line_1_56' title="bbox 218 1964 1010 2004; baseline 0.006 -13"><span class='ocrx_word' id='word_1_372' title='bbox 218 1964 320 1992; x_wconf 79' lang='lat' dir='ltr'><strong>deitate</strong></span> <span class='ocrx_word' id='word_1_373' title='bbox 348 1965 428 2001; x_wconf 83' lang='lat' dir='ltr'><strong>longe</strong></span> <span class='ocrx_word' id='word_1_374' title='bbox 447 1966 617 2000; x_wconf 82' lang='lat' dir='ltr'><strong>abdicantes,</strong></span> <span class='ocrx_word' id='word_1_375' title='bbox 633 1969 771 1996; x_wconf 85' lang='lat' dir='ltr'><strong>extraneis</strong></span> <span class='ocrx_word' id='word_1_376' title='bbox 795 1974 877 2004; x_wconf 87' lang='lat' dir='ltr'><strong>atque</strong></span> <span class='ocrx_word' id='word_1_377' title='bbox 898 1970 1010 1997; x_wconf 84' lang='lat' dir='ltr'><strong>absonis</strong></span> 
     </span>
    </p>
   </div>
   <div class='ocr_carea' id='block_1_57' title="bbox 218 2011 866 2045">
    <p class='ocr_par' dir='ltr' id='par_1_57' title="bbox 218 2011 866 2045">
     <span class='ocr_line' id='line_1_57' title="bbox 218 2011 866 2045; baseline 0.009 -10"><span class='ocrx_word' id='word_1_378' title='bbox 218 2011 397 2045; x_wconf 79' lang='lat' dir='ltr'><strong>opinionibus</strong></span> <span class='ocrx_word' id='word_1_379' title='bbox 410 2011 454 2038; x_wconf 86' lang='lat' dir='ltr'><strong>alii</strong></span> <span class='ocrx_word' id='word_1_380' title='bbox 467 2012 493 2038; x_wconf 95' lang='lat' dir='ltr'><strong>in</strong></span> <span class='ocrx_word' id='word_1_381' title='bbox 507 2012 576 2039; x_wconf 82' lang='lat' dir='ltr'><strong>alios</strong></span> <span class='ocrx_word' id='word_1_382' title='bbox 591 2013 689 2039; x_wconf 91' lang='lat' dir='ltr'><strong>merito</strong></span> <span class='ocrx_word' id='word_1_383' title='bbox 707 2013 866 2041; x_wconf 89' lang='lat' dir='ltr'><strong>incitantur.</strong></span> 
     </span>
    </p>
   </div>
   <div class='ocr_carea' id='block_1_58' title="bbox 257 2055 1010 2094">
    <p class='ocr_par' dir='ltr' id='par_1_58' title="bbox 257 2055 1010 2094">
     <span class='ocr_line' id='line_1_58' title="bbox 257 2055 1010 2094; baseline 0.007 -12"><span class='ocrx_word' id='word_1_384' title='bbox 257 2055 310 2084; x_wconf 90' lang='lat' dir='ltr'><strong>Eos</strong></span> <span class='ocrx_word' id='word_1_385' title='bbox 326 2057 410 2089; x_wconf 86' lang='lat' dir='ltr'><strong>enim,</strong></span> <span class='ocrx_word' id='word_1_386' title='bbox 423 2058 468 2093; x_wconf 88' lang='lat' dir='ltr'><strong>qui</strong></span> <span class='ocrx_word' id='word_1_387' title='bbox 486 2065 500 2084; x_wconf 90' lang='lat' dir='ltr'><strong>a</strong></span> <span class='ocrx_word' id='word_1_388' title='bbox 516 2058 607 2085; x_wconf 88' lang='lat' dir='ltr'><strong>medio</strong></span> <span class='ocrx_word' id='word_1_389' title='bbox 623 2064 826 2092; x_wconf 76' lang='lat' dir='ltr'><strong>cxerraverant,</strong></span> <span class='ocrx_word' id='word_1_390' title='bbox 841 2065 922 2094; x_wconf 86' lang='lat' dir='ltr'><strong>atque</strong></span> <span class='ocrx_word' id='word_1_391' title='bbox 935 2068 949 2087; x_wconf 90' lang='lat' dir='ltr'><strong>a</strong></span> <span class='ocrx_word' id='word_1_392' title='bbox 967 2069 1010 2088; x_wconf 91' lang='lat' dir='ltr'><strong>re-</strong></span> 
     </span>
    </p>
   </div>
   <div class='ocr_carea' id='block_1_59' title="bbox 219 2103 1011 2139">
    <p class='ocr_par' dir='ltr' id='par_1_59' title="bbox 219 2103 1011 2139">
     <span class='ocr_line' id='line_1_59' title="bbox 219 2103 1011 2139; baseline 0.006 -10"><span class='ocrx_word' id='word_1_393' title='bbox 219 2103 263 2136; x_wconf 75' lang='lat' dir='ltr'><strong>gia</strong></span> <span class='ocrx_word' id='word_1_394' title='bbox 283 2103 486 2130; x_wconf 73' lang='lat' dir='ltr'><strong>declinaverunt</strong></span> <span class='ocrx_word' id='word_1_395' title='bbox 511 2104 548 2139; x_wconf 82' lang='lat' dir='ltr'><strong>(in</strong></span> <span class='ocrx_word' id='word_1_396' title='bbox 575 2112 627 2138; x_wconf 87' lang='lat' dir='ltr'><strong>qua</strong></span> <span class='ocrx_word' id='word_1_397' title='bbox 652 2107 690 2131; x_wconf 87' lang='lat' dir='ltr'><strong>ttti</strong></span> <span class='ocrx_word' id='word_1_398' title='bbox 714 2105 800 2133; x_wconf 86' lang='lat' dir='ltr'><strong>virtus</strong></span> <span class='ocrx_word' id='word_1_399' title='bbox 815 2107 915 2139; x_wconf 89' lang='lat' dir='ltr'><strong>omnis,</strong></span> <span class='ocrx_word' id='word_1_400' title='bbox 929 2107 968 2134; x_wconf 82' lang='lat' dir='ltr'><strong>sic</strong></span> <span class='ocrx_word' id='word_1_401' title='bbox 984 2113 1011 2134; x_wconf 86' lang='lat' dir='ltr'><strong>et</strong></span> 
     </span>
    </p>
   </div>
   <div class='ocr_carea' id='block_1_60' title="bbox 221 2149 1010 2188">
    <p class='ocr_par' dir='ltr' id='par_1_60' title="bbox 221 2149 1010 2188">
     <span class='ocr_line' id='line_1_60' title="bbox 221 2149 1010 2188; baseline 0.006 -13"><span class='ocrx_word' id='word_1_402' title='bbox 221 2149 358 2183; x_wconf 88' lang='lat' dir='ltr'><strong>inculpata</strong></span> <span class='ocrx_word' id='word_1_403' title='bbox 390 2157 512 2184; x_wconf 84' lang='lat' dir='ltr'><strong>puraque</strong></span> <span class='ocrx_word' id='word_1_404' title='bbox 542 2151 678 2184; x_wconf 86' lang='lat' dir='ltr'><strong>consistit,</strong></span> <span class='ocrx_word' id='word_1_405' title='bbox 711 2159 742 2178; x_wconf 88' lang='lat' dir='ltr'><strong>ac</strong></span> <span class='ocrx_word' id='word_1_406' title='bbox 775 2157 914 2186; x_wconf 84' lang='lat' dir='ltr'><strong>spectatur</strong></span> <span class='ocrx_word' id='word_1_407' title='bbox 934 2153 1010 2188; x_wconf 73' lang='lat' dir='ltr'><strong>lidrs)</strong></span> 
     </span>
    </p>
   </div>
   <div class='ocr_carea' id='block_1_61' title="bbox 219 2194 1012 2228">
    <p class='ocr_par' dir='ltr' id='par_1_61' title="bbox 219 2194 1012 2228">
     <span class='ocr_line' id='line_1_61' title="bbox 219 2194 1012 2228; baseline 0.009 -9"><span class='ocrx_word' id='word_1_408' title='bbox 219 2194 335 2220; x_wconf 87' lang='lat' dir='ltr'><strong>munino</strong></span> <span class='ocrx_word' id='word_1_409' title='bbox 363 2202 410 2228; x_wconf 80' lang='lat' dir='ltr'><strong>par</strong></span> <span class='ocrx_word' id='word_1_410' title='bbox 425 2200 493 2225; x_wconf 87' lang='lat' dir='ltr'><strong>erat,</strong></span> <span class='ocrx_word' id='word_1_411' title='bbox 509 2196 669 2223; x_wconf 61' lang='lat' dir='ltr'><strong>exers&gt;ibus</strong></span> <span class='ocrx_word' id='word_1_412' title='bbox 701 2205 733 2224; x_wconf 85' lang='lat' dir='ltr'><strong>ac</strong></span> <span class='ocrx_word' id='word_1_413' title='bbox 749 2197 901 2225; x_wconf 82' lang='lat' dir='ltr'><strong>defectibus</strong></span> <span class='ocrx_word' id='word_1_414' title='bbox 929 2199 1012 2226; x_wconf 81' lang='lat' dir='ltr'><strong>inita:—</strong></span> 
     </span>
    </p>
   </div>
   <div class='ocr_carea' id='block_1_62' title="bbox 221 2240 1051 2282">
    <p class='ocr_par' dir='ltr' id='par_1_62' title="bbox 221 2240 1051 2282">
     <span class='ocr_line' id='line_1_62' title="bbox 221 2240 1051 2282; baseline 0.007 -16"><span class='ocrx_word' id='word_1_415' title='bbox 221 2245 324 2273; x_wconf 83' lang='lat' dir='ltr'><strong>rcntes,</strong></span> <span class='ocrx_word' id='word_1_416' title='bbox 338 2240 365 2267; x_wconf 89' lang='lat' dir='ltr'><strong>in</strong></span> <span class='ocrx_word' id='word_1_417' title='bbox 378 2241 526 2268; x_wconf 87' lang='lat' dir='ltr'><strong>nimietatis</strong></span> <span class='ocrx_word' id='word_1_418' title='bbox 535 2243 632 2269; x_wconf 86' lang='lat' dir='ltr'><strong>scirtcs</strong></span> <span class='ocrx_word' id='word_1_419' title='bbox 649 2243 805 2276; x_wconf 82' lang='lat' dir='ltr'><strong>incurrere;</strong></span> <span class='ocrx_word' id='word_1_420' title='bbox 819 2250 1011 2279; x_wconf 85' lang='lat' dir='ltr'><strong>postremoque</strong></span> <span class='ocrx_word' id='word_1_421' title='bbox 1028 2253 1051 2282; x_wconf 77' lang='grc' dir='ltr'><strong>ι)</strong></span> 
     </span>
    </p>
   </div>
   <div class='ocr_carea' id='block_1_63' title="bbox 221 2287 1011 2326">
    <p class='ocr_par' dir='ltr' id='par_1_63' title="bbox 221 2287 1011 2326">
     <span class='ocr_line' id='line_1_63' title="bbox 221 2287 1011 2326; baseline 0.006 -13"><span class='ocrx_word' id='word_1_422' title='bbox 221 2288 249 2313; x_wconf 91' lang='lat' dir='ltr'><strong>in</strong></span> <span class='ocrx_word' id='word_1_423' title='bbox 280 2287 502 2314; x_wconf 87' lang='lat' dir='ltr'><strong>contrarietatem</strong></span> <span class='ocrx_word' id='word_1_424' title='bbox 529 2289 652 2322; x_wconf 76' lang='lat' dir='ltr'><strong>dissidio,</strong></span> <span class='ocrx_word' id='word_1_425' title='bbox 676 2289 889 2325; x_wconf 79' lang='lat' dir='ltr'><strong>inimicitiasque</strong></span> <span class='ocrx_word' id='word_1_426' title='bbox 916 2299 1011 2326; x_wconf 78' lang='lat' dir='ltr'><strong>prore-</strong></span> 
     </span>
    </p>
   </div>
   <div class='ocr_carea' id='block_1_64' title="bbox 220 2331 1012 2371">
    <p class='ocr_par' dir='ltr' id='par_1_64' title="bbox 220 2331 1012 2371">
     <span class='ocr_line' id='line_1_64' title="bbox 220 2331 1012 2371; baseline 0.006 -13"><span class='ocrx_word' id='word_1_427' title='bbox 220 2339 296 2366; x_wconf 86' lang='lat' dir='ltr'><strong>pere.</strong></span> <span class='ocrx_word' id='word_1_428' title='bbox 317 2331 400 2366; x_wconf 82' lang='lat' dir='ltr'><strong>quue</strong></span> <span class='ocrx_word' id='word_1_429' title='bbox 417 2333 485 2359; x_wconf 81' lang='lat' dir='ltr'><strong>adeo</strong></span> <span class='ocrx_word' id='word_1_430' title='bbox 505 2334 734 2367; x_wconf 86' lang='lat' dir='ltr'><strong>quemadmodum</strong></span> <span class='ocrx_word' id='word_1_431' title='bbox 766 2335 836 2366; x_wconf 83' lang='lat' dir='ltr'><strong>istis,</strong></span> <span class='ocrx_word' id='word_1_432' title='bbox 855 2336 879 2362; x_wconf 88' lang='lat' dir='ltr'><strong>in</strong></span> <span class='ocrx_word' id='word_1_433' title='bbox 902 2336 935 2363; x_wconf 89' lang='lat' dir='ltr'><strong>iis</strong></span> <span class='ocrx_word' id='word_1_434' title='bbox 951 2345 1012 2371; x_wconf 66' lang='lat' dir='ltr'><strong>quae</strong></span> 
     </span>
    </p>
   </div>
   <div class='ocr_carea' id='block_1_65' title="bbox 223 2376 1012 2413">
    <p class='ocr_par' dir='ltr' id='par_1_65' title="bbox 223 2376 1012 2413">
     <span class='ocr_line' id='line_1_65' title="bbox 223 2376 1012 2413; baseline 0.006 -11"><span class='ocrx_word' id='word_1_435' title='bbox 223 2378 256 2402; x_wconf 79' lang='lat' dir='ltr'><strong>:ttl</strong></span> <span class='ocrx_word' id='word_1_436' title='bbox 272 2377 370 2404; x_wconf 87' lang='lat' dir='ltr'><strong>trinam</strong></span> <span class='ocrx_word' id='word_1_437' title='bbox 387 2376 517 2404; x_wconf 71' lang='lat' dir='ltr'><strong>Deitaletn</strong></span> <span class='ocrx_word' id='word_1_438' title='bbox 532 2383 667 2412; x_wconf 85' lang='lat' dir='ltr'><strong>spectant,</strong></span> <span class='ocrx_word' id='word_1_439' title='bbox 686 2379 721 2405; x_wconf 88' lang='lat' dir='ltr'><strong>ita</strong></span> <span class='ocrx_word' id='word_1_440' title='bbox 738 2387 834 2407; x_wconf 87' lang='lat' dir='ltr'><strong>rursus</strong></span> <span class='ocrx_word' id='word_1_441' title='bbox 848 2381 920 2413; x_wconf 80' lang='lat' dir='ltr'><strong>aliis,</strong></span> <span class='ocrx_word' id='word_1_442' title='bbox 937 2380 962 2406; x_wconf 91' lang='lat' dir='ltr'><strong>in</strong></span> <span class='ocrx_word' id='word_1_443' title='bbox 980 2382 1012 2408; x_wconf 88' lang='lat' dir='ltr'><strong>iis</strong></span> 
     </span>
    </p>
   </div>
   <div class='ocr_carea' id='block_1_66' title="bbox 221 2421 1010 2456">
    <p class='ocr_par' dir='ltr' id='par_1_66' title="bbox 221 2421 1010 2456">
     <span class='ocr_line' id='line_1_66' title="bbox 221 2421 1010 2456; baseline 0.006 -9"><span class='ocrx_word' id='word_1_444' title='bbox 221 2429 284 2455; x_wconf 64' lang='lat' dir='ltr'><strong>quae</strong></span> <span class='ocrx_word' id='word_1_445' title='bbox 297 2421 330 2448; x_wconf 91' lang='lat' dir='ltr'><strong>ad</strong></span> <span class='ocrx_word' id='word_1_446' title='bbox 347 2422 394 2449; x_wconf 85' lang='lat' dir='ltr'><strong>Dei</strong></span> <span class='ocrx_word' id='word_1_447' title='bbox 412 2422 492 2450; x_wconf 84' lang='lat' dir='ltr'><strong>Verbi</strong></span> <span class='ocrx_word' id='word_1_448' title='bbox 507 2423 733 2456; x_wconf 79' lang='lat' dir='ltr'><strong>incarnationem,</strong></span> <span class='ocrx_word' id='word_1_449' title='bbox 753 2424 829 2451; x_wconf 79' lang='lat' dir='ltr'><strong>aiunt</strong></span> <span class='ocrx_word' id='word_1_450' title='bbox 853 2425 987 2452; x_wconf 80' lang='lat' dir='ltr'><strong>accidisse</strong></span> <span class='ocrx_word' id='word_1_451' title='bbox 1004 2447 1010 2452; x_wconf 88' lang='lat'><strong>.</strong></span> 
     </span>
    </p>
   </div>
   <div class='ocr_carea' id='block_1_67' title="bbox 221 2469 1011 2504">
    <p class='ocr_par' dir='ltr' id='par_1_67' title="bbox 221 2469 1011 2504">
     <span class='ocr_line' id='line_1_67' title="bbox 221 2469 1011 2504; baseline 0.005 -11"><span class='ocrx_word' id='word_1_452' title='bbox 221 2475 285 2494; x_wconf 82' lang='lat' dir='ltr'><strong>cuin</strong></span> <span class='ocrx_word' id='word_1_453' title='bbox 300 2475 397 2502; x_wconf 76' lang='lat' dir='ltr'><strong>nempe</strong></span> <span class='ocrx_word' id='word_1_454' title='bbox 414 2469 459 2495; x_wconf 88' lang='lat' dir='ltr'><strong>alii</strong></span> <span class='ocrx_word' id='word_1_455' title='bbox 476 2477 509 2496; x_wconf 81' lang='lat' dir='ltr'><strong>ex</strong></span> <span class='ocrx_word' id='word_1_456' title='bbox 525 2469 636 2496; x_wconf 70' lang='lat' dir='ltr'><strong>Christo</strong></span> <span class='ocrx_word' id='word_1_457' title='bbox 651 2469 752 2504; x_wconf 90' lang='lat' dir='ltr'><strong>duplici</strong></span> <span class='ocrx_word' id='word_1_458' title='bbox 768 2475 863 2498; x_wconf 85' lang='lat' dir='ltr'><strong>natura</strong></span> <span class='ocrx_word' id='word_1_459' title='bbox 876 2471 946 2499; x_wconf 88' lang='lat' dir='ltr'><strong>duos</strong></span> <span class='ocrx_word' id='word_1_460' title='bbox 960 2472 1011 2498; x_wconf 68' lang='lat' dir='ltr'><strong>sibi</strong></span> 
     </span>
    </p>
   </div>
   <div class='ocr_carea' id='block_1_68' title="bbox 223 2513 1013 2549">
    <p class='ocr_par' dir='ltr' id='par_1_68' title="bbox 223 2513 1013 2549">
     <span class='ocr_line' id='line_1_68' title="bbox 223 2513 1013 2549; baseline 0.006 -10"><span class='ocrx_word' id='word_1_461' title='bbox 223 2513 309 2540; x_wconf 76' lang='lat' dir='ltr'><strong>Filios</strong></span> <span class='ocrx_word' id='word_1_462' title='bbox 323 2514 491 2546; x_wconf 82' lang='lat' dir='ltr'><strong>inducendos</strong></span> <span class='ocrx_word' id='word_1_463' title='bbox 515 2516 664 2549; x_wconf 82' lang='lat' dir='ltr'><strong>sentirent;</strong></span> <span class='ocrx_word' id='word_1_464' title='bbox 680 2516 726 2543; x_wconf 89' lang='lat' dir='ltr'><strong>alii</strong></span> <span class='ocrx_word' id='word_1_465' title='bbox 741 2516 767 2542; x_wconf 94' lang='lat' dir='ltr'><strong>in</strong></span> <span class='ocrx_word' id='word_1_466' title='bbox 786 2525 868 2543; x_wconf 89' lang='lat' dir='ltr'><strong>unam</strong></span> <span class='ocrx_word' id='word_1_467' title='bbox 886 2525 948 2545; x_wconf 89' lang='lat' dir='ltr'><strong>cum</strong></span> <span class='ocrx_word' id='word_1_468' title='bbox 963 2526 1013 2544; x_wconf 86' lang='lat' dir='ltr'><strong>na-</strong></span> 
     </span>
    </p>
   </div>
   <div class='ocr_carea' id='block_1_69' title="bbox 223 2563 1014 2598">
    <p class='ocr_par' dir='ltr' id='par_1_69' title="bbox 223 2563 1014 2598">
     <span class='ocr_line' id='line_1_69' title="bbox 223 2563 1014 2598; baseline 0.006 -13"><span class='ocrx_word' id='word_1_469' title='bbox 223 2564 313 2586; x_wconf 90' lang='lat' dir='ltr'><strong>turam</strong></span> <span class='ocrx_word' id='word_1_470' title='bbox 331 2567 364 2587; x_wconf 86' lang='lat' dir='ltr'><strong>ex</strong></span> <span class='ocrx_word' id='word_1_471' title='bbox 387 2569 439 2588; x_wconf 89' lang='lat' dir='ltr'><strong>una</strong></span> <span class='ocrx_word' id='word_1_472' title='bbox 456 2569 578 2596; x_wconf 76' lang='lat' dir='ltr'><strong>personae</strong></span> <span class='ocrx_word' id='word_1_473' title='bbox 595 2563 699 2590; x_wconf 89' lang='lat' dir='ltr'><strong>ratione</strong></span> <span class='ocrx_word' id='word_1_474' title='bbox 716 2568 844 2597; x_wconf 82' lang='lat' dir='ltr'><strong>cogerent</strong></span> <span class='ocrx_word' id='word_1_475' title='bbox 861 2573 867 2590; x_wconf 93' lang='lat'>:</span> <span class='ocrx_word' id='word_1_476' title='bbox 886 2572 948 2590; x_wconf 83' lang='lat' dir='ltr'><strong>curn</strong></span> <span class='ocrx_word' id='word_1_477' title='bbox 966 2571 1014 2598; x_wconf 90' lang='lat' dir='ltr'><strong>par</strong></span> 
     </span>
    </p>
   </div>
   <div class='ocr_carea' id='block_1_70' title="bbox 223 2605 1014 2642">
    <p class='ocr_par' dir='ltr' id='par_1_70' title="bbox 223 2605 1014 2642">
     <span class='ocr_line' id='line_1_70' title="bbox 223 2605 1014 2642; baseline 0.006 -11"><span class='ocrx_word' id='word_1_478' title='bbox 223 2609 297 2632; x_wconf 83' lang='lat' dir='ltr'><strong>esset</strong></span> <span class='ocrx_word' id='word_1_479' title='bbox 311 2605 367 2633; x_wconf 85' lang='lat' dir='ltr'><strong>illic</strong></span> <span class='ocrx_word' id='word_1_480' title='bbox 385 2608 496 2641; x_wconf 88' lang='lat' dir='ltr'><strong>pariter,</strong></span> <span class='ocrx_word' id='word_1_481' title='bbox 519 2613 601 2642; x_wconf 83' lang='lat' dir='ltr'><strong>atque</strong></span> <span class='ocrx_word' id='word_1_482' title='bbox 618 2609 663 2636; x_wconf 90' lang='lat' dir='ltr'><strong>hic</strong></span> <span class='ocrx_word' id='word_1_483' title='bbox 677 2609 782 2636; x_wconf 80' lang='lat' dir='ltr'><strong>honesti</strong></span> <span class='ocrx_word' id='word_1_484' title='bbox 804 2610 928 2637; x_wconf 82' lang='lat' dir='ltr'><strong>terminis</strong></span> <span class='ocrx_word' id='word_1_485' title='bbox 944 2610 1014 2637; x_wconf 90' lang='lat' dir='ltr'><strong>insi-</strong></span> 
     </span>
    </p>
   </div>
   <div class='ocr_carea' id='block_1_71' title="bbox 223 2654 1016 2690">
    <p class='ocr_par' dir='ltr' id='par_1_71' title="bbox 223 2654 1016 2690">
     <span class='ocr_line' id='line_1_71' title="bbox 223 2654 1016 2690; baseline 0.008 -12"><span class='ocrx_word' id='word_1_486' title='bbox 223 2655 338 2685; x_wconf 87' lang='lat' dir='ltr'><strong>stentes,</strong></span> <span class='ocrx_word' id='word_1_487' title='bbox 356 2657 412 2679; x_wconf 90' lang='lat' dir='ltr'><strong>tum</strong></span> <span class='ocrx_word' id='word_1_488' title='bbox 429 2654 511 2681; x_wconf 84' lang='lat' dir='ltr'><strong>simul</strong></span> <span class='ocrx_word' id='word_1_489' title='bbox 527 2655 693 2690; x_wconf 79' lang='lat' dir='ltr'><strong>dispescere,</strong></span> <span class='ocrx_word' id='word_1_490' title='bbox 722 2660 779 2682; x_wconf 93' lang='lat' dir='ltr'><strong>tum</strong></span> <span class='ocrx_word' id='word_1_491' title='bbox 794 2661 957 2684; x_wconf 84' lang='lat' dir='ltr'><strong>connectere</strong></span> <span class='ocrx_word' id='word_1_492' title='bbox 984 2665 1016 2685; x_wconf 89' lang='lat' dir='ltr'><strong>ac</strong></span> 
     </span>
    </p>
   </div>
   <div class='ocr_carea' id='block_1_72' title="bbox 260 2741 511 2775">
    <p class='ocr_par' dir='ltr' id='par_1_72' title="bbox 260 2741 511 2775">
     <span class='ocr_line' id='line_1_72' title="bbox 260 2741 511 2775; baseline 0.012 -7"><span class='ocrx_word' id='word_1_493' title='bbox 260 2743 282 2759; x_wconf 64' lang='grc' dir='ltr'><strong>εί</strong></span> <span class='ocrx_word' id='word_1_494' title='bbox 302 2741 376 2770; x_wconf 73' lang='lat' dir='ltr'><strong>Psal.</strong></span> <span class='ocrx_word' id='word_1_495' title='bbox 391 2751 448 2775; x_wconf 81' lang='lat' dir='ltr'><strong>cvi,</strong></span> <span class='ocrx_word' id='word_1_496' title='bbox 464 2743 511 2771; x_wconf 71' lang='grc'><strong>29.</strong></span> 
     </span>
    </p>
   </div>
   <div class='ocr_carea' id='block_1_73' title="bbox 263 2841 1016 2878">
    <p class='ocr_par' dir='ltr' id='par_1_73' title="bbox 263 2841 1016 2878">
     <span class='ocr_line' id='line_1_73' title="bbox 263 2841 1016 2878; baseline 0.001 -8"><span class='ocrx_word' id='word_1_497' title='bbox 263 2843 317 2878; x_wconf 77' lang='lat' dir='ltr'><strong>(l5)</strong></span> <span class='ocrx_word' id='word_1_498' title='bbox 333 2843 407 2870; x_wconf 87' lang='lat' dir='ltr'><strong>llauc</strong></span> <span class='ocrx_word' id='word_1_499' title='bbox 424 2843 482 2878; x_wconf 89' lang='lat' dir='ltr'><strong>ipse</strong></span> <span class='ocrx_word' id='word_1_500' title='bbox 500 2843 607 2870; x_wconf 74' lang='lat' dir='ltr'><strong>Nicetas</strong></span> <span class='ocrx_word' id='word_1_501' title='bbox 630 2841 739 2878; x_wconf 79' lang='lat' dir='ltr'><strong>egregio</strong></span> <span class='ocrx_word' id='word_1_502' title='bbox 764 2842 857 2869; x_wconf 89' lang='lat' dir='ltr'><strong>laudat</strong></span> <span class='ocrx_word' id='word_1_503' title='bbox 867 2843 993 2870; x_wconf 86' lang='lat' dir='ltr'><strong>cncomio</strong></span> <span class='ocrx_word' id='word_1_504' title='bbox 1008 2852 1016 2871; x_wconf 73' lang='grc' dir='ltr'><strong><em>ι</em></strong></span> 
     </span>
    </p>
   </div>
   <div class='ocr_carea' id='block_1_74' title="bbox 227 2878 1014 2914">
    <p class='ocr_par' dir='ltr' id='par_1_74' title="bbox 227 2878 1014 2914">
     <span class='ocr_line' id='line_1_74' title="bbox 227 2878 1014 2914; baseline -0.003 -8"><span class='ocrx_word' id='word_1_505' title='bbox 227 2887 324 2914; x_wconf 84' lang='lat' dir='ltr'><strong>nempe</strong></span> <span class='ocrx_word' id='word_1_506' title='bbox 339 2879 475 2906; x_wconf 84' lang='lat' dir='ltr'><strong>seniorem</strong></span> <span class='ocrx_word' id='word_1_507' title='bbox 488 2886 519 2906; x_wconf 89' lang='lat' dir='ltr'><strong>ac</strong></span> <span class='ocrx_word' id='word_1_508' title='bbox 531 2879 640 2906; x_wconf 85' lang='lat' dir='ltr'><strong>seniore</strong></span> <span class='ocrx_word' id='word_1_509' title='bbox 667 2878 752 2905; x_wconf 78' lang='lat' dir='ltr'><strong>Roma</strong></span> <span class='ocrx_word' id='word_1_510' title='bbox 765 2883 864 2911; x_wconf 89' lang='lat' dir='ltr'><strong>ortam,</strong></span> <span class='ocrx_word' id='word_1_511' title='bbox 883 2885 932 2905; x_wconf 90' lang='lat' dir='ltr'><strong>nec</strong></span> <span class='ocrx_word' id='word_1_512' title='bbox 961 2878 1014 2906; x_wconf 89' lang='lat' dir='ltr'><strong>nisi</strong></span> 
     </span>
    </p>
   </div>
   <div class='ocr_carea' id='block_1_75' title="bbox 1057 954 1847 990">
    <p class='ocr_par' dir='ltr' id='par_1_75' title="bbox 1057 954 1847 990">
     <span class='ocr_line' id='line_1_75' title="bbox 1057 954 1847 990; baseline 0.003 -9"><span class='ocrx_word' id='word_1_513' title='bbox 1057 955 1126 981; x_wconf 87' lang='lat' dir='ltr'><strong>uarii</strong></span> <span class='ocrx_word' id='word_1_514' title='bbox 1142 955 1213 981; x_wconf 86' lang='lat' dir='ltr'><strong>enim</strong></span> <span class='ocrx_word' id='word_1_515' title='bbox 1230 954 1303 990; x_wconf 84' lang='lat' dir='ltr'><strong>Syri,</strong></span> <span class='ocrx_word' id='word_1_516' title='bbox 1323 955 1453 989; x_wconf 90' lang='lat' dir='ltr'><strong>quidnam</strong></span> <span class='ocrx_word' id='word_1_517' title='bbox 1472 956 1544 983; x_wconf 89' lang='lat' dir='ltr'><strong>aliud</strong></span> <span class='ocrx_word' id='word_1_518' title='bbox 1559 963 1652 983; x_wconf 84' lang='lat' dir='ltr'><strong>vocem</strong></span> <span class='ocrx_word' id='word_1_519' title='bbox 1676 955 1847 983; x_wconf 86' lang='lat' dir='ltr'><strong>amentiam?</strong></span> 
     </span>
    </p>
   </div>
   <div class='ocr_carea' id='block_1_76' title="bbox 1056 1001 1849 1037">
    <p class='ocr_par' dir='ltr' id='par_1_76' title="bbox 1056 1001 1849 1037">
     <span class='ocr_line' id='line_1_76' title="bbox 1056 1001 1849 1037; baseline 0.004 -11"><span class='ocrx_word' id='word_1_520' title='bbox 1056 1001 1102 1036; x_wconf 88' lang='lat' dir='ltr'><strong>qui</strong></span> <span class='ocrx_word' id='word_1_521' title='bbox 1119 1001 1224 1029; x_wconf 73' lang='lat' dir='ltr'><strong>scilicet</strong></span> <span class='ocrx_word' id='word_1_522' title='bbox 1237 1002 1348 1029; x_wconf 87' lang='lat' dir='ltr'><strong>doceret</strong></span> <span class='ocrx_word' id='word_1_523' title='bbox 1375 1002 1514 1037; x_wconf 81' lang='lat' dir='ltr'><strong>accepisse</strong></span> <span class='ocrx_word' id='word_1_524' title='bbox 1532 1002 1642 1037; x_wconf 88' lang='lat' dir='ltr'><strong>quidem</strong></span> <span class='ocrx_word' id='word_1_525' title='bbox 1657 1001 1772 1029; x_wconf 88' lang='lat' dir='ltr'><strong>Verbum</strong></span> <span class='ocrx_word' id='word_1_526' title='bbox 1784 1009 1849 1030; x_wconf 83' lang='lat' dir='ltr'><strong>car-</strong></span> 
     </span>
    </p>
   </div>
   <div class='ocr_carea' id='block_1_77' title="bbox 1057 1048 1849 1080">
    <p class='ocr_par' dir='ltr' id='par_1_77' title="bbox 1057 1048 1849 1080">
     <span class='ocr_line' id='line_1_77' title="bbox 1057 1048 1849 1080; baseline 0 -6"><span class='ocrx_word' id='word_1_527' title='bbox 1057 1055 1128 1080; x_wconf 87' lang='lat' dir='ltr'><strong>nem;</strong></span> <span class='ocrx_word' id='word_1_528' title='bbox 1145 1055 1204 1075; x_wconf 87' lang='lat' dir='ltr'><strong>eam</strong></span> <span class='ocrx_word' id='word_1_529' title='bbox 1221 1053 1312 1075; x_wconf 89' lang='lat' dir='ltr'><strong>tamen</strong></span> <span class='ocrx_word' id='word_1_530' title='bbox 1327 1048 1419 1075; x_wconf 90' lang='lat' dir='ltr'><strong>animo</strong></span> <span class='ocrx_word' id='word_1_531' title='bbox 1448 1055 1481 1075; x_wconf 89' lang='lat' dir='ltr'><strong>ac</strong></span> <span class='ocrx_word' id='word_1_532' title='bbox 1497 1052 1588 1075; x_wconf 89' lang='lat' dir='ltr'><strong>mente</strong></span> <span class='ocrx_word' id='word_1_533' title='bbox 1597 1055 1692 1076; x_wconf 88' lang='lat' dir='ltr'><strong>carere</strong></span> <span class='ocrx_word' id='word_1_534' title='bbox 1707 1048 1849 1076; x_wconf 91' lang='lat' dir='ltr'><strong>dementer</strong></span> 
     </span>
    </p>
   </div>
   <div class='ocr_carea' id='block_1_78' title="bbox 1056 1096 1349 1121">
    <p class='ocr_par' dir='ltr' id='par_1_78' title="bbox 1056 1096 1349 1121">
     <span class='ocr_line' id='line_1_78' title="bbox 1056 1096 1349 1121; baseline 0 -1"><span class='ocrx_word' id='word_1_535' title='bbox 1056 1098 1202 1121; x_wconf 87' lang='lat' dir='ltr'><strong>assereret.</strong></span> <span class='ocrx_word' id='word_1_536' title='bbox 1345 1096 1349 1101; x_wconf 83' lang='lat'><strong>‘</strong></span> 
     </span>
    </p>
   </div>
   <div class='ocr_carea' id='block_1_79' title="bbox 1092 1138 1850 1176">
    <p class='ocr_par' dir='ltr' id='par_1_79' title="bbox 1092 1138 1850 1176">
     <span class='ocr_line' id='line_1_79' title="bbox 1092 1138 1850 1176; baseline 0.005 -11"><span class='ocrx_word' id='word_1_537' title='bbox 1092 1138 1140 1166; x_wconf 86' lang='lat' dir='ltr'><strong>His</strong></span> <span class='ocrx_word' id='word_1_538' title='bbox 1152 1139 1256 1174; x_wconf 90' lang='lat' dir='ltr'><strong>utique,</strong></span> <span class='ocrx_word' id='word_1_539' title='bbox 1269 1140 1386 1175; x_wconf 88' lang='lat' dir='ltr'><strong>aliisque</strong></span> <span class='ocrx_word' id='word_1_540' title='bbox 1409 1141 1631 1176; x_wconf 83' lang='lat' dir='ltr'><strong>quamplurimis,</strong></span> <span class='ocrx_word' id='word_1_541' title='bbox 1647 1148 1679 1168; x_wconf 84' lang='lat' dir='ltr'><strong>ac</strong></span> <span class='ocrx_word' id='word_1_542' title='bbox 1691 1141 1850 1169; x_wconf 83' lang='lat' dir='ltr'><strong>deterrimis</strong></span> 
     </span>
    </p>
   </div>
   <div class='ocr_carea' id='block_1_80' title="bbox 1057 1184 1847 1222">
    <p class='ocr_par' dir='ltr' id='par_1_80' title="bbox 1057 1184 1847 1222">
     <span class='ocr_line' id='line_1_80' title="bbox 1057 1184 1847 1222; baseline 0.003 -10"><span class='ocrx_word' id='word_1_543' title='bbox 1057 1184 1241 1219; x_wconf 82' lang='lat' dir='ltr'><strong>Opinionibus,</strong></span> <span class='ocrx_word' id='word_1_544' title='bbox 1265 1194 1315 1214; x_wconf 89' lang='lat' dir='ltr'><strong>ceu</strong></span> <span class='ocrx_word' id='word_1_545' title='bbox 1339 1186 1417 1214; x_wconf 66' lang='lat' dir='ltr'><strong>sazvis</strong></span> <span class='ocrx_word' id='word_1_546' title='bbox 1434 1187 1562 1222; x_wconf 87' lang='lat' dir='ltr'><strong>procellis</strong></span> <span class='ocrx_word' id='word_1_547' title='bbox 1579 1187 1697 1214; x_wconf 89' lang='lat' dir='ltr'><strong>immane</strong></span> <span class='ocrx_word' id='word_1_548' title='bbox 1713 1191 1847 1222; x_wconf 83' lang='lat' dir='ltr'><strong>quantum</strong></span> 
     </span>
    </p>
   </div>
   <div class='ocr_carea' id='block_1_81' title="bbox 1057 1230 1850 1267">
    <p class='ocr_par' dir='ltr' id='par_1_81' title="bbox 1057 1230 1850 1267">
     <span class='ocr_line' id='line_1_81' title="bbox 1057 1230 1850 1267; baseline 0.001 -10"><span class='ocrx_word' id='word_1_549' title='bbox 1057 1230 1198 1258; x_wconf 84' lang='lat' dir='ltr'><strong>ﬂuctuanti</strong></span> <span class='ocrx_word' id='word_1_550' title='bbox 1214 1231 1275 1259; x_wconf 90' lang='lat' dir='ltr'><strong>urbi</strong></span> <span class='ocrx_word' id='word_1_551' title='bbox 1289 1230 1427 1266; x_wconf 62' lang='lat' dir='ltr'><strong>Augustae,</strong></span> <span class='ocrx_word' id='word_1_552' title='bbox 1444 1233 1517 1260; x_wconf 92' lang='lat' dir='ltr'><strong>velut</strong></span> <span class='ocrx_word' id='word_1_553' title='bbox 1538 1232 1600 1267; x_wconf 89' lang='lat' dir='ltr'><strong>quis</strong></span> <span class='ocrx_word' id='word_1_554' title='bbox 1613 1232 1734 1267; x_wconf 84' lang='lat' dir='ltr'><strong>optimus</strong></span> <span class='ocrx_word' id='word_1_555' title='bbox 1751 1233 1850 1267; x_wconf 84' lang='lat' dir='ltr'><strong>guber-</strong></span> 
     </span>
    </p>
   </div>
   <div class='ocr_carea' id='block_1_82' title="bbox 1057 1277 1850 1313">
    <p class='ocr_par' dir='ltr' id='par_1_82' title="bbox 1057 1277 1850 1313">
     <span class='ocr_line' id='line_1_82' title="bbox 1057 1277 1850 1313; baseline 0.001 -10"><span class='ocrx_word' id='word_1_556' title='bbox 1057 1281 1137 1304; x_wconf 90' lang='lat' dir='ltr'><strong>nator</strong></span> <span class='ocrx_word' id='word_1_557' title='bbox 1147 1277 1326 1305; x_wconf 88' lang='lat' dir='ltr'><strong>admirandus</strong></span> <span class='ocrx_word' id='word_1_558' title='bbox 1347 1278 1391 1305; x_wconf 88' lang='lat' dir='ltr'><strong>hic</strong></span> <span class='ocrx_word' id='word_1_559' title='bbox 1407 1278 1556 1313; x_wconf 83' lang='lat' dir='ltr'><strong>Gregorius</strong></span> <span class='ocrx_word' id='word_1_560' title='bbox 1574 1286 1588 1305; x_wconf 93' lang='lat' dir='ltr'><strong>a</strong></span> <span class='ocrx_word' id='word_1_561' title='bbox 1609 1277 1674 1311; x_wconf 90' lang='lat' dir='ltr'><strong>Deo,</strong></span> <span class='ocrx_word' id='word_1_562' title='bbox 1695 1285 1785 1312; x_wconf 89' lang='lat' dir='ltr'><strong>eoque</strong></span> <span class='ocrx_word' id='word_1_563' title='bbox 1799 1286 1850 1304; x_wconf 93' lang='lat' dir='ltr'><strong>au-</strong></span> 
     </span>
    </p>
   </div>
   <div class='ocr_carea' id='block_1_83' title="bbox 1058 1323 1850 1359">
    <p class='ocr_par' dir='ltr' id='par_1_83' title="bbox 1058 1323 1850 1359">
     <span class='ocr_line' id='line_1_83' title="bbox 1058 1323 1850 1359; baseline 0.001 -9"><span class='ocrx_word' id='word_1_564' title='bbox 1058 1323 1144 1358; x_wconf 89' lang='lat' dir='ltr'><strong>spice,</strong></span> <span class='ocrx_word' id='word_1_565' title='bbox 1163 1323 1310 1351; x_wconf 82' lang='lat' dir='ltr'><strong>incumbit.</strong></span> <span class='ocrx_word' id='word_1_566' title='bbox 1333 1324 1373 1351; x_wconf 85' lang='lat' dir='ltr'><strong>Ac</strong></span> <span class='ocrx_word' id='word_1_567' title='bbox 1409 1324 1483 1351; x_wconf 90' lang='lat' dir='ltr'><strong>sicut</strong></span> <span class='ocrx_word' id='word_1_568' title='bbox 1510 1324 1588 1359; x_wconf 88' lang='lat' dir='ltr'><strong>prius</strong></span> <span class='ocrx_word' id='word_1_569' title='bbox 1613 1323 1746 1351; x_wconf 90' lang='lat' dir='ltr'><strong>Dominus</strong></span> <span class='ocrx_word' id='word_1_570' title='bbox 1768 1323 1850 1351; x_wconf 80' lang='lat' dir='ltr'><strong>Jesus</strong></span> 
     </span>
    </p>
   </div>
   <div class='ocr_carea' id='block_1_84' title="bbox 1057 1369 1850 1405">
    <p class='ocr_par' dir='ltr' id='par_1_84' title="bbox 1057 1369 1850 1405">
     <span class='ocr_line' id='line_1_84' title="bbox 1057 1369 1850 1405; baseline 0 -8"><span class='ocrx_word' id='word_1_571' title='bbox 1057 1369 1211 1404; x_wconf 86' lang='lat' dir='ltr'><strong>discipulis,</strong></span> <span class='ocrx_word' id='word_1_572' title='bbox 1225 1370 1319 1405; x_wconf 79' lang='lat' dir='ltr'><strong>pelago</strong></span> <span class='ocrx_word' id='word_1_573' title='bbox 1331 1374 1411 1397; x_wconf 83' lang='lat' dir='ltr'><strong>nocte</strong></span> <span class='ocrx_word' id='word_1_574' title='bbox 1427 1370 1490 1397; x_wconf 89' lang='lat' dir='ltr'><strong>navi</strong></span> <span class='ocrx_word' id='word_1_575' title='bbox 1512 1370 1743 1401; x_wconf 83' lang='lat' dir='ltr'><strong>conﬂictantibus.</strong></span> <span class='ocrx_word' id='word_1_576' title='bbox 1761 1369 1850 1397; x_wconf 83' lang='lat' dir='ltr'><strong>lactus</strong></span> 
     </span>
    </p>
   </div>
   <div class='ocr_carea' id='block_1_85' title="bbox 1058 1414 1850 1450">
    <p class='ocr_par' dir='ltr' id='par_1_85' title="bbox 1058 1414 1850 1450">
     <span class='ocr_line' id='line_1_85' title="bbox 1058 1414 1850 1450; baseline -0.003 -7"><span class='ocrx_word' id='word_1_577' title='bbox 1058 1416 1234 1450; x_wconf 90' lang='lat' dir='ltr'><strong>conspicuus,</strong></span> <span class='ocrx_word' id='word_1_578' title='bbox 1250 1422 1301 1443; x_wconf 86' lang='lat' dir='ltr'><strong>suo</strong></span> <span class='ocrx_word' id='word_1_579' title='bbox 1318 1415 1409 1443; x_wconf 87' lang='lat' dir='ltr'><strong>statim</strong></span> <span class='ocrx_word' id='word_1_580' title='bbox 1434 1414 1552 1442; x_wconf 87' lang='lat' dir='ltr'><strong>adventu</strong></span> <span class='ocrx_word' id='word_1_581' title='bbox 1577 1419 1713 1442; x_wconf 87' lang='lat' dir='ltr'><strong>tumentes</strong></span> <span class='ocrx_word' id='word_1_582' title='bbox 1728 1415 1850 1450; x_wconf 88' lang='lat' dir='ltr'><strong>compri-</strong></span> 
     </span>
    </p>
   </div>
   <div class='ocr_carea' id='block_1_86' title="bbox 1059 1459 1848 1496">
    <p class='ocr_par' dir='ltr' id='par_1_86' title="bbox 1059 1459 1848 1496">
     <span class='ocr_line' id='line_1_86' title="bbox 1059 1459 1848 1496; baseline -0.003 -8"><span class='ocrx_word' id='word_1_583' title='bbox 1059 1461 1108 1488; x_wconf 90' lang='lat' dir='ltr'><strong>mit</strong></span> <span class='ocrx_word' id='word_1_584' title='bbox 1137 1461 1252 1494; x_wconf 84' lang='lat' dir='ltr'><strong>lluetus;</strong></span> <span class='ocrx_word' id='word_1_585' title='bbox 1282 1465 1435 1496; x_wconf 85' lang='lat' dir='ltr'><strong>ventosque</strong></span> <span class='ocrx_word' id='word_1_586' title='bbox 1462 1460 1618 1495; x_wconf 85' lang='lat' dir='ltr'><strong>increpans,</strong></span> <span class='ocrx_word' id='word_1_587' title='bbox 1640 1460 1788 1494; x_wconf 80' lang='lat' dir='ltr'><strong>procellam</strong></span> <span class='ocrx_word' id='word_1_588' title='bbox 1821 1459 1848 1486; x_wconf 93' lang='lat' dir='ltr'><strong>in</strong></span> 
     </span>
    </p>
   </div>
   <div class='ocr_carea' id='block_1_87' title="bbox 1060 1505 1851 1542">
    <p class='ocr_par' dir='ltr' id='par_1_87' title="bbox 1060 1505 1851 1542">
     <span class='ocr_line' id='line_1_87' title="bbox 1060 1505 1851 1542; baseline -0.001 -9"><span class='ocrx_word' id='word_1_589' title='bbox 1060 1507 1286 1542; x_wconf 84' lang='lat' dir='ltr'><strong>tranquillitatem</strong></span> <span class='ocrx_word' id='word_1_590' title='bbox 1313 1507 1451 1534; x_wconf 85' lang='lat' dir='ltr'><strong>convertit</strong></span> <span class='ocrx_word' id='word_1_591' title='bbox 1463 1506 1507 1532; x_wconf 63' lang='lat'><strong>9°:</strong></span> <span class='ocrx_word' id='word_1_592' title='bbox 1530 1506 1571 1533; x_wconf 86' lang='lat' dir='ltr'><strong>sic</strong></span> <span class='ocrx_word' id='word_1_593' title='bbox 1586 1513 1669 1533; x_wconf 87' lang='lat' dir='ltr'><strong>verus</strong></span> <span class='ocrx_word' id='word_1_594' title='bbox 1696 1505 1786 1540; x_wconf 79' lang='lat' dir='ltr'><strong>reipsa</strong></span> <span class='ocrx_word' id='word_1_595' title='bbox 1807 1505 1851 1532; x_wconf 31' lang='lat' dir='ltr'><strong>die</strong></span> 
     </span>
    </p>
   </div>
   <div class='ocr_carea' id='block_1_88' title="bbox 1060 1552 1850 1588">
    <p class='ocr_par' dir='ltr' id='par_1_88' title="bbox 1060 1552 1850 1588">
     <span class='ocr_line' id='line_1_88' title="bbox 1060 1552 1850 1588; baseline -0.005 -6"><span class='ocrx_word' id='word_1_596' title='bbox 1060 1553 1193 1588; x_wconf 81' lang='lat' dir='ltr'><strong>scipulus,</strong></span> <span class='ocrx_word' id='word_1_597' title='bbox 1206 1561 1248 1586; x_wconf 88' lang='lat' dir='ltr'><strong>ac,</strong></span> <span class='ocrx_word' id='word_1_598' title='bbox 1273 1553 1364 1588; x_wconf 86' lang='lat' dir='ltr'><strong>quoad</strong></span> <span class='ocrx_word' id='word_1_599' title='bbox 1388 1553 1460 1584; x_wconf 89' lang='lat' dir='ltr'><strong>licet,</strong></span> <span class='ocrx_word' id='word_1_600' title='bbox 1492 1552 1612 1579; x_wconf 85' lang='lat' dir='ltr'><strong>imitator</strong></span> <span class='ocrx_word' id='word_1_601' title='bbox 1628 1556 1768 1583; x_wconf 88' lang='lat' dir='ltr'><strong>strenuus,</strong></span> <span class='ocrx_word' id='word_1_602' title='bbox 1786 1559 1850 1579; x_wconf 89' lang='lat' dir='ltr'><strong>cum</strong></span> 
     </span>
    </p>
   </div>
   <div class='ocr_carea' id='block_1_89' title="bbox 1061 1597 1849 1634">
    <p class='ocr_par' dir='ltr' id='par_1_89' title="bbox 1061 1597 1849 1634">
     <span class='ocr_line' id='line_1_89' title="bbox 1061 1597 1849 1634; baseline -0.001 -9"><span class='ocrx_word' id='word_1_603' title='bbox 1061 1600 1106 1627; x_wconf 93' lang='lat' dir='ltr'><strong>illo</strong></span> <span class='ocrx_word' id='word_1_604' title='bbox 1122 1599 1234 1634; x_wconf 86' lang='lat' dir='ltr'><strong>pariter,</strong></span> <span class='ocrx_word' id='word_1_605' title='bbox 1246 1599 1289 1631; x_wconf 87' lang='lat' dir='ltr'><strong>iis,</strong></span> <span class='ocrx_word' id='word_1_606' title='bbox 1303 1598 1350 1634; x_wconf 85' lang='lat' dir='ltr'><strong>qui</strong></span> <span class='ocrx_word' id='word_1_607' title='bbox 1365 1598 1479 1633; x_wconf 86' lang='lat' dir='ltr'><strong>spiritali</strong></span> <span class='ocrx_word' id='word_1_608' title='bbox 1492 1597 1849 1633; x_wconf 81' lang='lat' dir='ltr'><strong>tempestatejactabantur,</strong></span> 
     </span>
    </p>
   </div>
   <div class='ocr_carea' id='block_1_90' title="bbox 1060 1641 1850 1680">
    <p class='ocr_par' dir='ltr' id='par_1_90' title="bbox 1060 1641 1850 1680">
     <span class='ocr_line' id='line_1_90' title="bbox 1060 1641 1850 1680; baseline -0.003 -9"><span class='ocrx_word' id='word_1_609' title='bbox 1060 1651 1204 1680; x_wconf 84' lang='lat' dir='ltr'><strong>apparens,</strong></span> <span class='ocrx_word' id='word_1_610' title='bbox 1238 1643 1367 1679; x_wconf 57' lang='lat' dir='ltr'><strong>procellae</strong></span> <span class='ocrx_word' id='word_1_611' title='bbox 1389 1643 1523 1678; x_wconf 84' lang='lat' dir='ltr'><strong>praecipit,</strong></span> <span class='ocrx_word' id='word_1_612' title='bbox 1547 1647 1630 1678; x_wconf 82' lang='lat' dir='ltr'><strong>atque</strong></span> <span class='ocrx_word' id='word_1_613' title='bbox 1658 1642 1684 1669; x_wconf 92' lang='lat' dir='ltr'><strong>in</strong></span> <span class='ocrx_word' id='word_1_614' title='bbox 1703 1648 1800 1669; x_wconf 87' lang='lat' dir='ltr'><strong>auram</strong></span> <span class='ocrx_word' id='word_1_615' title='bbox 1814 1641 1850 1674; x_wconf 80' lang='grc'><strong>⁸⁸,</strong></span> 
     </span>
    </p>
   </div>
   <div class='ocr_carea' id='block_1_91' title="bbox 1059 1689 1833 1726">
    <p class='ocr_par' dir='ltr' id='par_1_91' title="bbox 1059 1689 1833 1726">
     <span class='ocr_line' id='line_1_91' title="bbox 1059 1689 1833 1726; baseline -0.003 -8"><span class='ocrx_word' id='word_1_616' title='bbox 1059 1691 1119 1726; x_wconf 78' lang='lat' dir='ltr'><strong>ejus</strong></span> <span class='ocrx_word' id='word_1_617' title='bbox 1136 1691 1265 1719; x_wconf 83' lang='lat' dir='ltr'><strong>ﬂuctibus</strong></span> <span class='ocrx_word' id='word_1_618' title='bbox 1282 1691 1436 1723; x_wconf 86' lang='lat' dir='ltr'><strong>silentibus,</strong></span> <span class='ocrx_word' id='word_1_619' title='bbox 1449 1689 1554 1717; x_wconf 84' lang='lat' dir='ltr'><strong>statuit.</strong></span> <span class='ocrx_word' id='word_1_620' title='bbox 1831 1720 1833 1723; x_wconf 35' lang='grc' dir='ltr'>ι</span> 
     </span>
    </p>
   </div>
   <div class='ocr_carea' id='block_1_92' title="bbox 1094 1734 1853 1772">
    <p class='ocr_par' dir='ltr' id='par_1_92' title="bbox 1094 1734 1853 1772">
     <span class='ocr_line' id='line_1_92' title="bbox 1094 1734 1853 1772; baseline -0.001 -10"><span class='ocrx_word' id='word_1_621' title='bbox 1094 1736 1129 1764; x_wconf 81' lang='lat' dir='ltr'><strong>At</strong></span> <span class='ocrx_word' id='word_1_622' title='bbox 1140 1744 1259 1772; x_wconf 88' lang='lat' dir='ltr'><strong>quonam</strong></span> <span class='ocrx_word' id='word_1_623' title='bbox 1272 1736 1297 1763; x_wconf 91' lang='lat' dir='ltr'><strong>id</strong></span> <span class='ocrx_word' id='word_1_624' title='bbox 1313 1736 1411 1763; x_wconf 89' lang='lat' dir='ltr'><strong>modo?</strong></span> <span class='ocrx_word' id='word_1_625' title='bbox 1426 1734 1476 1762; x_wconf 84' lang='lat' dir='ltr'><strong>Hie</strong></span> <span class='ocrx_word' id='word_1_626' title='bbox 1492 1735 1558 1762; x_wconf 92' lang='lat' dir='ltr'><strong>mihi</strong></span> <span class='ocrx_word' id='word_1_627' title='bbox 1577 1734 1744 1762; x_wconf 86' lang='lat' dir='ltr'><strong>narrationis</strong></span> <span class='ocrx_word' id='word_1_628' title='bbox 1755 1740 1853 1762; x_wconf 85' lang='lat' dir='ltr'><strong>vernat</strong></span> 
     </span>
    </p>
   </div>
   <div class='ocr_carea' id='block_1_93' title="bbox 1061 1778 1853 1816">
    <p class='ocr_par' dir='ltr' id='par_1_93' title="bbox 1061 1778 1853 1816">
     <span class='ocr_line' id='line_1_93' title="bbox 1061 1778 1853 1816; baseline -0.003 -7"><span class='ocrx_word' id='word_1_629' title='bbox 1061 1782 1187 1809; x_wconf 87' lang='lat' dir='ltr'><strong>amabilis</strong></span> <span class='ocrx_word' id='word_1_630' title='bbox 1217 1785 1391 1816; x_wconf 87' lang='lat' dir='ltr'><strong>conspectus.</strong></span> <span class='ocrx_word' id='word_1_631' title='bbox 1430 1778 1583 1815; x_wconf 79' lang='lat' dir='ltr'><strong>Ingreditur</strong></span> <span class='ocrx_word' id='word_1_632' title='bbox 1608 1779 1781 1815; x_wconf 80' lang='lat' dir='ltr'><strong>Byzantium,</strong></span> <span class='ocrx_word' id='word_1_633' title='bbox 1797 1786 1853 1807; x_wconf 91' lang='lat' dir='ltr'><strong>non</strong></span> 
     </span>
    </p>
   </div>
   <div class='ocr_carea' id='block_1_94' title="bbox 1061 1825 1854 1862">
    <p class='ocr_par' dir='ltr' id='par_1_94' title="bbox 1061 1825 1854 1862">
     <span class='ocr_line' id='line_1_94' title="bbox 1061 1825 1854 1862; baseline -0.005 -6"><span class='ocrx_word' id='word_1_634' title='bbox 1061 1828 1208 1856; x_wconf 87' lang='lat' dir='ltr'><strong>satellitum</strong></span> <span class='ocrx_word' id='word_1_635' title='bbox 1224 1835 1320 1862; x_wconf 86' lang='lat' dir='ltr'><strong>agmen</strong></span> <span class='ocrx_word' id='word_1_636' title='bbox 1336 1826 1485 1858; x_wconf 88' lang='lat' dir='ltr'><strong>adducens,</strong></span> <span class='ocrx_word' id='word_1_637' title='bbox 1506 1825 1553 1853; x_wconf 87' lang='lat' dir='ltr'><strong>sed</strong></span> <span class='ocrx_word' id='word_1_638' title='bbox 1567 1825 1716 1853; x_wconf 82' lang='lat' dir='ltr'><strong>virtutibus</strong></span> <span class='ocrx_word' id='word_1_639' title='bbox 1731 1825 1854 1852; x_wconf 84' lang='lat' dir='ltr'><strong>circum-</strong></span> 
     </span>
    </p>
   </div>
   <div class='ocr_carea' id='block_1_95' title="bbox 1061 1871 1852 1908">
    <p class='ocr_par' dir='ltr' id='par_1_95' title="bbox 1061 1871 1852 1908">
     <span class='ocr_line' id='line_1_95' title="bbox 1061 1871 1852 1908; baseline -0.005 -7"><span class='ocrx_word' id='word_1_640' title='bbox 1061 1873 1237 1908; x_wconf 89' lang='lat' dir='ltr'><strong>stipantibus.</strong></span> <span class='ocrx_word' id='word_1_641' title='bbox 1249 1871 1307 1899; x_wconf 89' lang='lat' dir='ltr'><strong>Non</strong></span> <span class='ocrx_word' id='word_1_642' title='bbox 1324 1879 1433 1904; x_wconf 86' lang='lat' dir='ltr'><strong>aurum,</strong></span> <span class='ocrx_word' id='word_1_643' title='bbox 1451 1878 1503 1898; x_wconf 89' lang='lat' dir='ltr'><strong>non</strong></span> <span class='ocrx_word' id='word_1_644' title='bbox 1524 1875 1678 1906; x_wconf 80' lang='lat' dir='ltr'><strong>argentum,</strong></span> <span class='ocrx_word' id='word_1_645' title='bbox 1697 1877 1750 1897; x_wconf 90' lang='lat' dir='ltr'><strong>non</strong></span> <span class='ocrx_word' id='word_1_646' title='bbox 1763 1877 1802 1898; x_wconf 69' lang='lat' dir='ltr'><strong>ass</strong></span> <span class='ocrx_word' id='word_1_647' title='bbox 1823 1871 1852 1897; x_wconf 92' lang='lat' dir='ltr'><strong>in</strong></span> 
     </span>
    </p>
   </div>
   <div class='ocr_carea' id='block_1_96' title="bbox 1062 1916 1854 1952">
    <p class='ocr_par' dir='ltr' id='par_1_96' title="bbox 1062 1916 1854 1952">
     <span class='ocr_line' id='line_1_96' title="bbox 1062 1916 1854 1952; baseline -0.004 -6"><span class='ocrx_word' id='word_1_648' title='bbox 1062 1926 1129 1946; x_wconf 89' lang='lat' dir='ltr'><strong>zona</strong></span> <span class='ocrx_word' id='word_1_649' title='bbox 1158 1919 1274 1951; x_wconf 75' lang='lat' dir='ltr'><strong>habens;</strong></span> <span class='ocrx_word' id='word_1_650' title='bbox 1304 1918 1351 1945; x_wconf 86' lang='lat' dir='ltr'><strong>sed</strong></span> <span class='ocrx_word' id='word_1_651' title='bbox 1381 1917 1443 1951; x_wconf 84' lang='lat' dir='ltr'><strong>ﬁde,</strong></span> <span class='ocrx_word' id='word_1_652' title='bbox 1468 1925 1526 1952; x_wconf 87' lang='lat' dir='ltr'><strong>spe,</strong></span> <span class='ocrx_word' id='word_1_653' title='bbox 1554 1924 1586 1944; x_wconf 87' lang='lat' dir='ltr'><strong>ac</strong></span> <span class='ocrx_word' id='word_1_654' title='bbox 1618 1916 1762 1950; x_wconf 85' lang='lat' dir='ltr'><strong>charitate,</strong></span> <span class='ocrx_word' id='word_1_655' title='bbox 1780 1917 1854 1944; x_wconf 89' lang='lat' dir='ltr'><strong>velut</strong></span> 
     </span>
    </p>
   </div>
   <div class='ocr_carea' id='block_1_97' title="bbox 1062 1961 1853 1998">
    <p class='ocr_par' dir='ltr' id='par_1_97' title="bbox 1062 1961 1853 1998">
     <span class='ocr_line' id='line_1_97' title="bbox 1062 1961 1853 1998; baseline -0.004 -7"><span class='ocrx_word' id='word_1_656' title='bbox 1062 1964 1165 1991; x_wconf 88' lang='lat' dir='ltr'><strong>mundo</strong></span> <span class='ocrx_word' id='word_1_657' title='bbox 1178 1963 1368 1998; x_wconf 70' lang='lat' dir='ltr'><strong>praestantiore</strong></span> <span class='ocrx_word' id='word_1_658' title='bbox 1379 1971 1462 1997; x_wconf 86' lang='lat' dir='ltr'><strong>quam</strong></span> <span class='ocrx_word' id='word_1_659' title='bbox 1478 1970 1527 1998; x_wconf 91' lang='lat' dir='ltr'><strong>pro</strong></span> <span class='ocrx_word' id='word_1_660' title='bbox 1551 1962 1646 1989; x_wconf 91' lang='lat' dir='ltr'><strong>mundi</strong></span> <span class='ocrx_word' id='word_1_661' title='bbox 1671 1961 1730 1996; x_wconf 87' lang='lat' dir='ltr'><strong>ipsa</strong></span> <span class='ocrx_word' id='word_1_662' title='bbox 1743 1962 1853 1989; x_wconf 91' lang='lat' dir='ltr'><strong>ratione</strong></span> 
     </span>
    </p>
   </div>
   <div class='ocr_carea' id='block_1_98' title="bbox 1062 2007 1853 2043">
    <p class='ocr_par' dir='ltr' id='par_1_98' title="bbox 1062 2007 1853 2043">
     <span class='ocr_line' id='line_1_98' title="bbox 1062 2007 1853 2043; baseline -0.003 -7"><span class='ocrx_word' id='word_1_663' title='bbox 1062 2009 1216 2036; x_wconf 85' lang='lat' dir='ltr'><strong>redimitus.</strong></span> <span class='ocrx_word' id='word_1_664' title='bbox 1248 2008 1306 2035; x_wconf 84' lang='lat' dir='ltr'><strong>Non</strong></span> <span class='ocrx_word' id='word_1_665' title='bbox 1335 2008 1468 2043; x_wconf 83' lang='lat' dir='ltr'><strong>pretiosas</strong></span> <span class='ocrx_word' id='word_1_666' title='bbox 1496 2012 1605 2040; x_wconf 77' lang='lat' dir='ltr'><strong>vestes,</strong></span> <span class='ocrx_word' id='word_1_667' title='bbox 1633 2014 1687 2034; x_wconf 91' lang='lat' dir='ltr'><strong>non</strong></span> <span class='ocrx_word' id='word_1_668' title='bbox 1717 2007 1853 2034; x_wconf 91' lang='lat' dir='ltr'><strong>mulorum</strong></span> 
     </span>
    </p>
   </div>
   <div class='ocr_carea' id='block_1_99' title="bbox 1062 2052 1853 2086">
    <p class='ocr_par' dir='ltr' id='par_1_99' title="bbox 1062 2052 1853 2086">
     <span class='ocr_line' id='line_1_99' title="bbox 1062 2052 1853 2086; baseline -0.003 -4"><span class='ocrx_word' id='word_1_669' title='bbox 1062 2055 1247 2083; x_wconf 77' lang='lat' dir='ltr'><strong>conrehendis</strong></span> <span class='ocrx_word' id='word_1_670' title='bbox 1282 2054 1398 2081; x_wconf 79' lang='lat' dir='ltr'><strong>sarcinis</strong></span> <span class='ocrx_word' id='word_1_671' title='bbox 1434 2053 1657 2086; x_wconf 88' lang='lat' dir='ltr'><strong>multitudinem;</strong></span> <span class='ocrx_word' id='word_1_672' title='bbox 1689 2060 1746 2080; x_wconf 90' lang='lat' dir='ltr'><strong>non</strong></span> <span class='ocrx_word' id='word_1_673' title='bbox 1780 2052 1853 2080; x_wconf 88' lang='lat' dir='ltr'><strong>aliud</strong></span> 
     </span>
    </p>
   </div>
   <div class='ocr_carea' id='block_1_100' title="bbox 1063 2099 1855 2137">
    <p class='ocr_par' dir='ltr' id='par_1_100' title="bbox 1063 2099 1855 2137">
     <span class='ocr_line' id='line_1_100' title="bbox 1063 2099 1855 2137; baseline -0.004 -8"><span class='ocrx_word' id='word_1_674' title='bbox 1063 2102 1223 2137; x_wconf 85' lang='lat' dir='ltr'><strong>quidquam,</strong></span> <span class='ocrx_word' id='word_1_675' title='bbox 1242 2101 1284 2128; x_wconf 79' lang='lat' dir='ltr'><strong>vel</strong></span> <span class='ocrx_word' id='word_1_676' title='bbox 1295 2099 1435 2135; x_wconf 78' lang='lat' dir='ltr'><strong>exiguum,</strong></span> <span class='ocrx_word' id='word_1_677' title='bbox 1454 2100 1494 2127; x_wconf 85' lang='lat' dir='ltr'><strong>vel</strong></span> <span class='ocrx_word' id='word_1_678' title='bbox 1512 2107 1651 2134; x_wconf 79' lang='lat' dir='ltr'><strong>magnum,</strong></span> <span class='ocrx_word' id='word_1_679' title='bbox 1677 2099 1711 2127; x_wconf 89' lang='lat' dir='ltr'><strong>iis</strong></span> <span class='ocrx_word' id='word_1_680' title='bbox 1723 2107 1755 2127; x_wconf 85' lang='lat' dir='ltr'><strong>ex</strong></span> <span class='ocrx_word' id='word_1_681' title='bbox 1773 2099 1855 2127; x_wconf 84' lang='lat' dir='ltr'><strong>rebus</strong></span> 
     </span>
    </p>
   </div>
   <div class='ocr_carea' id='block_1_101' title="bbox 1063 2137 1855 2183">
    <p class='ocr_par' dir='ltr' id='par_1_101' title="bbox 1063 2137 1855 2183">
     <span class='ocr_line' id='line_1_101' title="bbox 1063 2137 1855 2183; baseline 0.001 -11"><span class='ocrx_word' id='word_1_682' title='bbox 1063 2155 1131 2183; x_wconf 81' lang='lat' dir='ltr'><strong>quas</strong></span> <span class='ocrx_word' id='word_1_683' title='bbox 1146 2151 1318 2182; x_wconf 76' lang='lat' dir='ltr'><strong>comportare</strong></span> <span class='ocrx_word' id='word_1_684' title='bbox 1332 2147 1418 2173; x_wconf 91' lang='lat' dir='ltr'><strong>moris</strong></span> <span class='ocrx_word' id='word_1_685' title='bbox 1432 2151 1474 2173; x_wconf 90' lang='lat' dir='ltr'><strong>est</strong></span> <span class='ocrx_word' id='word_1_686' title='bbox 1485 2146 1551 2172; x_wconf 86' lang='lat' dir='ltr'><strong>viris</strong></span> <span class='ocrx_word' id='word_1_687' title='bbox 1566 2137 1629 2172; x_wconf 81' lang='lat' dir='ltr'><strong>luxu</strong></span> <span class='ocrx_word' id='word_1_688' title='bbox 1643 2145 1806 2180; x_wconf 83' lang='lat' dir='ltr'><strong>tnagnicis.</strong></span> <span class='ocrx_word' id='word_1_689' title='bbox 1822 2153 1855 2173; x_wconf 88' lang='lat' dir='ltr'><strong>ac</strong></span> 
     </span>
    </p>
   </div>
   <div class='ocr_carea' id='block_1_102' title="bbox 1064 2192 1855 2229">
    <p class='ocr_par' dir='ltr' id='par_1_102' title="bbox 1064 2192 1855 2229">
     <span class='ocr_line' id='line_1_102' title="bbox 1064 2192 1855 2229; baseline -0.003 -8"><span class='ocrx_word' id='word_1_690' title='bbox 1064 2194 1156 2221; x_wconf 87' lang='lat' dir='ltr'><strong>carnis</strong></span> <span class='ocrx_word' id='word_1_691' title='bbox 1169 2201 1264 2221; x_wconf 90' lang='lat' dir='ltr'><strong>curam</strong></span> <span class='ocrx_word' id='word_1_692' title='bbox 1281 2193 1438 2229; x_wconf 80' lang='lat' dir='ltr'><strong>agentibus,</strong></span> <span class='ocrx_word' id='word_1_693' title='bbox 1455 2192 1575 2220; x_wconf 78' lang='lat' dir='ltr'><strong>inferens</strong></span> <span class='ocrx_word' id='word_1_694' title='bbox 1588 2201 1595 2226; x_wconf 89' lang='lat'><strong>;</strong></span> <span class='ocrx_word' id='word_1_695' title='bbox 1608 2192 1655 2220; x_wconf 88' lang='lat' dir='ltr'><strong>sed</strong></span> <span class='ocrx_word' id='word_1_696' title='bbox 1673 2192 1737 2220; x_wconf 85' lang='lat' dir='ltr'><strong>Jesu</strong></span> <span class='ocrx_word' id='word_1_697' title='bbox 1747 2193 1855 2228; x_wconf 88' lang='lat' dir='ltr'><strong>sapien-</strong></span> 
     </span>
    </p>
   </div>
   <div class='ocr_carea' id='block_1_103' title="bbox 1065 2236 1856 2273">
    <p class='ocr_par' dir='ltr' id='par_1_103' title="bbox 1065 2236 1856 2273">
     <span class='ocr_line' id='line_1_103' title="bbox 1065 2236 1856 2273; baseline -0.003 -7"><span class='ocrx_word' id='word_1_698' title='bbox 1065 2240 1129 2267; x_wconf 88' lang='lat' dir='ltr'><strong>tiam</strong></span> <span class='ocrx_word' id='word_1_699' title='bbox 1160 2246 1191 2266; x_wconf 87' lang='lat' dir='ltr'><strong>ac</strong></span> <span class='ocrx_word' id='word_1_700' title='bbox 1208 2239 1385 2270; x_wconf 86' lang='lat' dir='ltr'><strong>tenuitatem;</strong></span> <span class='ocrx_word' id='word_1_701' title='bbox 1401 2238 1558 2273; x_wconf 85' lang='lat' dir='ltr'><strong>cultamque</strong></span> <span class='ocrx_word' id='word_1_702' title='bbox 1581 2237 1711 2272; x_wconf 87' lang='lat' dir='ltr'><strong>apostolis</strong></span> <span class='ocrx_word' id='word_1_703' title='bbox 1738 2236 1856 2272; x_wconf 84' lang='lat' dir='ltr'><strong>parcita-</strong></span> 
     </span>
    </p>
   </div>
   <div class='ocr_carea' id='block_1_104' title="bbox 1064 2283 1853 2320">
    <p class='ocr_par' dir='ltr' id='par_1_104' title="bbox 1064 2283 1853 2320">
     <span class='ocr_line' id='line_1_104' title="bbox 1064 2283 1853 2320; baseline -0.005 -6"><span class='ocrx_word' id='word_1_704' title='bbox 1064 2293 1130 2319; x_wconf 85' lang='lat' dir='ltr'><strong>tem,</strong></span> <span class='ocrx_word' id='word_1_705' title='bbox 1151 2287 1307 2320; x_wconf 84' lang='lat' dir='ltr'><strong>nudamque</strong></span> <span class='ocrx_word' id='word_1_706' title='bbox 1336 2293 1367 2312; x_wconf 89' lang='lat' dir='ltr'><strong>ac</strong></span> <span class='ocrx_word' id='word_1_707' title='bbox 1387 2285 1538 2319; x_wconf 89' lang='lat' dir='ltr'><strong>simplicem</strong></span> <span class='ocrx_word' id='word_1_708' title='bbox 1556 2284 1590 2311; x_wconf 89' lang='lat' dir='ltr'><strong>ad</strong></span> <span class='ocrx_word' id='word_1_709' title='bbox 1615 2283 1792 2320; x_wconf 80' lang='lat' dir='ltr'><strong>Evangeliun</strong></span> <span class='ocrx_word' id='word_1_710' title='bbox 1805 2283 1853 2319; x_wconf 82' lang='lat' dir='ltr'><strong>(et,</strong></span> 
     </span>
    </p>
   </div>
   <div class='ocr_carea' id='block_1_105' title="bbox 1066 2332 1684 2368">
    <p class='ocr_par' dir='ltr' id='par_1_105' title="bbox 1066 2332 1684 2368">
     <span class='ocr_line' id='line_1_105' title="bbox 1066 2332 1684 2368; baseline -0.006 -6"><span class='ocrx_word' id='word_1_711' title='bbox 1066 2340 1094 2362; x_wconf 96' lang='lat' dir='ltr'><strong>ut</strong></span> <span class='ocrx_word' id='word_1_712' title='bbox 1108 2334 1143 2361; x_wconf 88' lang='lat' dir='ltr'><strong>ita</strong></span> <span class='ocrx_word' id='word_1_713' title='bbox 1160 2333 1260 2368; x_wconf 86' lang='lat' dir='ltr'><strong>dicam)</strong></span> <span class='ocrx_word' id='word_1_714' title='bbox 1271 2332 1431 2366; x_wconf 73' lang='lat' dir='ltr'><strong>imparatam</strong></span> <span class='ocrx_word' id='word_1_715' title='bbox 1448 2333 1684 2366; x_wconf 74' lang='lat' dir='ltr'><strong>prteparationem.</strong></span> 
     </span>
    </p>
   </div>
   <div class='ocr_carea' id='block_1_106' title="bbox 1102 2379 1856 2414">
    <p class='ocr_par' dir='ltr' id='par_1_106' title="bbox 1102 2379 1856 2414">
     <span class='ocr_line' id='line_1_106' title="bbox 1102 2379 1856 2414; baseline 0 -7"><span class='ocrx_word' id='word_1_716' title='bbox 1102 2381 1147 2408; x_wconf 85' lang='lat' dir='ltr'><strong>Sic</strong></span> <span class='ocrx_word' id='word_1_717' title='bbox 1160 2380 1349 2414; x_wconf 74' lang='lat' dir='ltr'><strong>igitur,eoque</strong></span> <span class='ocrx_word' id='word_1_718' title='bbox 1365 2379 1514 2406; x_wconf 86' lang='lat' dir='ltr'><strong>adveniens</strong></span> <span class='ocrx_word' id='word_1_719' title='bbox 1529 2383 1673 2413; x_wconf 85' lang='lat' dir='ltr'><strong>apparatu,</strong></span> <span class='ocrx_word' id='word_1_720' title='bbox 1687 2379 1776 2414; x_wconf 90' lang='lat' dir='ltr'><strong>qualis</strong></span> <span class='ocrx_word' id='word_1_721' title='bbox 1793 2387 1856 2407; x_wconf 89' lang='lat' dir='ltr'><strong>eum</strong></span> 
     </span>
    </p>
   </div>
   <div class='ocr_carea' id='block_1_107' title="bbox 1066 2423 1856 2458">
    <p class='ocr_par' dir='ltr' id='par_1_107' title="bbox 1066 2423 1856 2458">
     <span class='ocr_line' id='line_1_107' title="bbox 1066 2423 1856 2458; baseline -0.005 -3"><span class='ocrx_word' id='word_1_722' title='bbox 1066 2427 1189 2458; x_wconf 78' lang='lat' dir='ltr'><strong>decebat,</strong></span> <span class='ocrx_word' id='word_1_723' title='bbox 1217 2426 1259 2452; x_wconf 90' lang='lat' dir='ltr'><strong>cui</strong></span> <span class='ocrx_word' id='word_1_724' title='bbox 1277 2424 1434 2452; x_wconf 89' lang='lat' dir='ltr'><strong>concredita</strong></span> <span class='ocrx_word' id='word_1_725' title='bbox 1461 2424 1612 2458; x_wconf 88' lang='lat' dir='ltr'><strong>apostolica</strong></span> <span class='ocrx_word' id='word_1_726' title='bbox 1635 2423 1740 2451; x_wconf 79' lang='lat' dir='ltr'><strong>functio</strong></span> <span class='ocrx_word' id='word_1_727' title='bbox 1761 2429 1856 2456; x_wconf 85' lang='lat' dir='ltr'><strong>esset;</strong></span> 
     </span>
    </p>
   </div>
   <div class='ocr_carea' id='block_1_108' title="bbox 1067 2469 1859 2507">
    <p class='ocr_par' dir='ltr' id='par_1_108' title="bbox 1067 2469 1859 2507">
     <span class='ocr_line' id='line_1_108' title="bbox 1067 2469 1859 2507; baseline -0.003 -8"><span class='ocrx_word' id='word_1_728' title='bbox 1067 2473 1184 2507; x_wconf 91' lang='lat' dir='ltr'><strong>primum</strong></span> <span class='ocrx_word' id='word_1_729' title='bbox 1206 2472 1315 2506; x_wconf 86' lang='lat' dir='ltr'><strong>quidem</strong></span> <span class='ocrx_word' id='word_1_730' title='bbox 1331 2469 1402 2504; x_wconf 85' lang='lat' dir='ltr'><strong>apud</strong></span> <span class='ocrx_word' id='word_1_731' title='bbox 1416 2470 1550 2504; x_wconf 85' lang='lat' dir='ltr'><strong>quosdam</strong></span> <span class='ocrx_word' id='word_1_732' title='bbox 1565 2469 1776 2501; x_wconf 85' lang='lat' dir='ltr'><strong>necessitudine,</strong></span> <span class='ocrx_word' id='word_1_733' title='bbox 1798 2477 1859 2503; x_wconf 73' lang='lat' dir='ltr'><strong>qua:</strong></span> 
     </span>
    </p>
   </div>
   <div class='ocr_carea' id='block_1_109' title="bbox 1065 2515 1857 2552">
    <p class='ocr_par' dir='ltr' id='par_1_109' title="bbox 1065 2515 1857 2552">
     <span class='ocr_line' id='line_1_109' title="bbox 1065 2515 1857 2552; baseline -0.006 -5"><span class='ocrx_word' id='word_1_734' title='bbox 1065 2519 1216 2547; x_wconf 82' lang='lat' dir='ltr'><strong>secundum</strong></span> <span class='ocrx_word' id='word_1_735' title='bbox 1237 2518 1362 2552; x_wconf 69' lang='lat' dir='ltr'><strong>spiritum</strong></span> <span class='ocrx_word' id='word_1_736' title='bbox 1382 2521 1435 2549; x_wconf 87' lang='lat' dir='ltr'><strong>est,</strong></span> <span class='ocrx_word' id='word_1_737' title='bbox 1458 2515 1633 2550; x_wconf 86' lang='lat' dir='ltr'><strong>conjunctos,</strong></span> <span class='ocrx_word' id='word_1_738' title='bbox 1666 2515 1766 2550; x_wconf 85' lang='lat' dir='ltr'><strong>hospes</strong></span> <span class='ocrx_word' id='word_1_739' title='bbox 1781 2515 1857 2549; x_wconf 75' lang='lat' dir='ltr'><strong>agit:</strong></span> 
     </span>
    </p>
   </div>
   <div class='ocr_carea' id='block_1_110' title="bbox 1067 2562 1858 2598">
    <p class='ocr_par' dir='ltr' id='par_1_110' title="bbox 1067 2562 1858 2598">
     <span class='ocr_line' id='line_1_110' title="bbox 1067 2562 1858 2598; baseline -0.009 -6"><span class='ocrx_word' id='word_1_740' title='bbox 1067 2565 1093 2592; x_wconf 93' lang='lat' dir='ltr'><strong>id</strong></span> <span class='ocrx_word' id='word_1_741' title='bbox 1108 2570 1198 2592; x_wconf 87' lang='lat' dir='ltr'><strong>autem</strong></span> <span class='ocrx_word' id='word_1_742' title='bbox 1216 2564 1249 2591; x_wconf 86' lang='lat' dir='ltr'><strong>ad</strong></span> <span class='ocrx_word' id='word_1_743' title='bbox 1264 2571 1369 2598; x_wconf 58' lang='lat' dir='ltr'><strong>magum</strong></span> <span class='ocrx_word' id='word_1_744' title='bbox 1382 2562 1536 2590; x_wconf 62' lang='lat' dir='ltr'><strong>Anastasiat</strong></span> <span class='ocrx_word' id='word_1_745' title='bbox 1557 2562 1614 2597; x_wconf 76' lang='lat' dir='ltr'><strong>(i5)</strong></span> <span class='ocrx_word' id='word_1_746' title='bbox 1630 2562 1736 2597; x_wconf 67' lang='lat' dir='ltr'><strong>exigua:</strong></span> <span class='ocrx_word' id='word_1_747' title='bbox 1760 2562 1858 2588; x_wconf 83' lang='lat' dir='ltr'><strong>domus</strong></span> 
     </span>
    </p>
   </div>
   <div class='ocr_carea' id='block_1_111' title="bbox 1068 2606 1858 2646">
    <p class='ocr_par' dir='ltr' id='par_1_111' title="bbox 1068 2606 1858 2646">
     <span class='ocr_line' id='line_1_111' title="bbox 1068 2606 1858 2646; baseline -0.009 -8"><span class='ocrx_word' id='word_1_748' title='bbox 1068 2612 1206 2646; x_wconf 82' lang='lat' dir='ltr'><strong>proximas</strong></span> <span class='ocrx_word' id='word_1_749' title='bbox 1236 2611 1319 2637; x_wconf 66' lang='lat' dir='ltr'><strong>ardes.</strong></span> <span class='ocrx_word' id='word_1_750' title='bbox 1345 2609 1403 2636; x_wconf 87' lang='lat' dir='ltr'><strong>Una</strong></span> <span class='ocrx_word' id='word_1_751' title='bbox 1431 2609 1500 2640; x_wconf 62' lang='lat' dir='ltr'><strong>haec,</strong></span> <span class='ocrx_word' id='word_1_752' title='bbox 1519 2608 1592 2644; x_wconf 91' lang='lat' dir='ltr'><strong>quod</strong></span> <span class='ocrx_word' id='word_1_753' title='bbox 1610 2608 1656 2635; x_wconf 94' lang='lat' dir='ltr'><strong>vili</strong></span> <span class='ocrx_word' id='word_1_754' title='bbox 1672 2608 1763 2634; x_wconf 70' lang='lat' dir='ltr'><strong>forsan</strong></span> <span class='ocrx_word' id='word_1_755' title='bbox 1780 2606 1858 2633; x_wconf 66' lang='lat' dir='ltr'><strong>sche-</strong></span> 
     </span>
    </p>
   </div>
   <div class='ocr_carea' id='block_1_112' title="bbox 1068 2651 1858 2692">
    <p class='ocr_par' dir='ltr' id='par_1_112' title="bbox 1068 2651 1858 2692">
     <span class='ocr_line' id='line_1_112' title="bbox 1068 2651 1858 2692; baseline -0.01 -9"><span class='ocrx_word' id='word_1_756' title='bbox 1068 2663 1151 2688; x_wconf 75' lang='lat' dir='ltr'><strong>mate,</strong></span> <span class='ocrx_word' id='word_1_757' title='bbox 1168 2663 1291 2692; x_wconf 82' lang='lat' dir='ltr'><strong>penequc</strong></span> <span class='ocrx_word' id='word_1_758' title='bbox 1303 2655 1406 2682; x_wconf 88' lang='lat' dir='ltr'><strong>inutilis</strong></span> <span class='ocrx_word' id='word_1_759' title='bbox 1418 2654 1569 2685; x_wconf 87' lang='lat' dir='ltr'><strong>videretur,</strong></span> <span class='ocrx_word' id='word_1_760' title='bbox 1579 2653 1714 2680; x_wconf 73' lang='lat' dir='ltr'><strong>lia-retiris</strong></span> <span class='ocrx_word' id='word_1_761' title='bbox 1725 2651 1858 2684; x_wconf 60' lang='lat' dir='ltr'><strong>neglecta.</strong></span> 
     </span>
    </p>
   </div>
   <div class='ocr_carea' id='block_1_113' title="bbox 1072 2841 1859 2878">
    <p class='ocr_par' dir='ltr' id='par_1_113' title="bbox 1072 2841 1859 2878">
     <span class='ocr_line' id='line_1_113' title="bbox 1072 2841 1859 2878; baseline 0.001 -9"><span class='ocrx_word' id='word_1_762' title='bbox 1072 2843 1130 2870; x_wconf 55' lang='lat' dir='ltr'><strong>atde</strong></span> <span class='ocrx_word' id='word_1_763' title='bbox 1154 2843 1208 2870; x_wconf 90' lang='lat' dir='ltr'><strong>illic</strong></span> <span class='ocrx_word' id='word_1_764' title='bbox 1228 2851 1306 2871; x_wconf 84' lang='lat' dir='ltr'><strong>sacra</strong></span> <span class='ocrx_word' id='word_1_765' title='bbox 1332 2851 1365 2871; x_wconf 90' lang='lat' dir='ltr'><strong>ac</strong></span> <span class='ocrx_word' id='word_1_766' title='bbox 1388 2844 1464 2870; x_wconf 90' lang='lat' dir='ltr'><strong>cultu</strong></span> <span class='ocrx_word' id='word_1_767' title='bbox 1495 2842 1763 2878; x_wconf 84' lang='lat' dir='ltr'><strong>Byzantinant;quo</strong></span> <span class='ocrx_word' id='word_1_768' title='bbox 1777 2841 1859 2870; x_wconf 86' lang='lat' dir='ltr'><strong>etiam</strong></span> 
     </span>
    </p>
   </div>
   <div class='ocr_carea' id='block_1_114' title="bbox 1071 2879 1461 2906">
    <p class='ocr_par' dir='ltr' id='par_1_114' title="bbox 1071 2879 1461 2906">
     <span class='ocr_line' id='line_1_114' title="bbox 1071 2879 1461 2906; baseline 0 -1"><span class='ocrx_word' id='word_1_769' title='bbox 1071 2879 1152 2905; x_wconf 91' lang='lat' dir='ltr'><strong>tnodo</strong></span> <span class='ocrx_word' id='word_1_770' title='bbox 1168 2884 1263 2906; x_wconf 87' lang='lat' dir='ltr'><strong>auctor</strong></span> <span class='ocrx_word' id='word_1_771' title='bbox 1279 2884 1357 2906; x_wconf 83' lang='lat' dir='ltr'><strong>vocat</strong></span> <span class='ocrx_word' id='word_1_772' title='bbox 1372 2886 1461 2906; x_wconf 90' lang='lat' dir='ltr'><strong>suam.</strong></span> 
     </span>
    </p>
   </div>
  </div>
