2089 3151
262 151 322 183 "463

862 149 1009 180 NICETAE
1024 149 1290 181 PAPHLAGONIS

1843 157 1896 188 ΜΗ

254 208 400 239 ‘lidelium,
413 215 444 233 ac
463 207 570 242 pietatis
585 207 721 234 cultorum
738 206 836 240 «πχὶὂιιυ
857 206 1053 233 cmtuiaddicta
1074 208 1094 234 Α
1111 209 1217 236 lahofes
1260 217 1293 236 ac
1319 210 1438 243 pericula
1457 210 1600 245 inciderit;
1616 213 1726 246 quantis
1754 213 1898 242 Trinitatis

270 258 420 281 manserat.
444 252 606 282 Anastasim,
638 253 760 286 inquam,
791 251 864 277 illius
884 251 1007 283 illustris,
1026 259 1057 278 ac

268 305 383 331 nostrae;
401 298 513 333 virginis
524 305 647 332 corpore,
664 297 778 332 virginis
787 296 883 330 spiritu
915 304 947 322 ac
957 301 1054 323 mentc.

267 345 420 373 Anastasiaz
448 352 508 379 qua:
531 343 596 370 olim
612 343 668 376 jam
690 343 785 376 ingens
815 342 946 369 adversus
962 342 1058 369 diabo—

267 393 322 419 lum
335 391 437 417 eximio
450 389 571 424 martyrii
584 397 670 424 agone
683 393 773 415 erecto
801 392 915 422 tropaeo,
928 389 1055 422 majorem

267 438 397 464 adversus
416 436 540 463 diversas
556 436 675 462 haereses
695 433 825 468 Theologi
844 443 927 469 opera
941 435 1057 462 subinde

264 484 435 518 triumphum
452 482 606 514 revexerit;
624 489 721 516 nempe
745 482 908 517 expugnatis
923 486 1057 517 quotquot

263 530 492 558 contentiosiores
507 533 597 562 erant,
613 536 645 556 ac
660 528 813 556 clarissima
826 527 992 556 Orthodoxis
1005 536 1050 556 as—

263 580 338 603 serta
354 575 478 603 victoria.

298 620 403 649 Etenim
413 621 533 649 exterius
547 621 705 657 aspectabili
717 621 817 656 specie,
830 621 987 656 aspectabili
996 621 1055 656 ejus

263 667 364 702 templo
394 667 461 701 (tum
480 667 589 702 quidem
620 668 767 695 invenusto
810 675 842 694 ac
873 667 990 701 exiguo;
1008 675 1055 702 per

263 714 351 747 ipsum
381 717 472 740 autem
495 715 593 741 decore
608 718 698 745 aucto.
722 721 754 740 ac
769 713 972 748 magnitudine:
993 713 1054 747 ipso

262 758 368 785 scilicet
380 759 451 791 quod
471 767 544 786 nunc
558 759 689 793 Theologi
722 758 952 793 nuncupationem
969 758 1052 785 sorti-

262 809 319 830 tmn
333 803 386 837 est)
405 804 534 831 insistens
551 805 687 835 antistes;
711 804 826 831 interius
838 809 929 830 autern
946 803 1054 838 inaspe-

260 849 354 876 ctabili
369 850 468 877 mentis
485 850 590 882 habitu,
621 850 672 884 ipsi
694 850 837 884 perspicue
856 849 1051 876 resurrectioni
1066 870 1090 900 Β

260 895 370 922 (Ilii-isto
383 903 431 930 per
447 896 620 923 Anastasiam
633 896 806 928 incumbens,
824 897 850 922 in
873 903 903 922 ea
919 903 984 923 suos
1001 903 1050 922 va-

259 942 385 968 cillantes
402 941 490 972 fulcit.
507 941 663 968 confractos
692 941 781 975 erigit,
808 945 936 968 nutantes
952 942 1050 967 conﬁr—

259 993 334 1021 mat;
352 995 384 1014 ac
395 995 457 1014 cum
473 987 695 1021 persecutoribus
721 987 912 1022 grassantibus
929 988 972 1014 vix
992 987 1049 1021 spi-

258 1039 352 1062 rantes
363 1034 520 1066 invenisset,
535 1033 609 1060 vitali
628 1039 690 1060 actu
723 1041 755 1060 ac
768 1033 888 1068 potentia
909 1033 1046 1066 adimplet.

260 1077 347 1106 llecto
368 1079 441 1106 enim
463 1085 589 1106 sermone
618 1083 698 1112 atque
719 1079 842 1105 doctrina
860 1083 989 1112 tanquam
1004 1085 1049 1104 ve-

259 1124 370 1151 rissimo
382 1124 472 1151 tritico
489 1124 623 1151 bonorum
640 1124 748 1150 animos
771 1124 922 1151 esurientes
950 1123 1047 1157 replet;

257 1170 495 1205 mundissiinoque
520 1169 663 1204 inculpata;
694 1169 838 1204 theologia:
863 1177 944 1204 pane,
969 1169 1048 1203 longa

257 1216 329 1243 fame
343 1215 509 1244 tabescentia
523 1220 635 1250 pectora
646 1214 708 1242 cibo
723 1219 837 1242 recreat.

289 1262 430 1298 Josephus
456 1262 568 1297 quidem
596 1261 640 1289 ille
669 1261 777 1293 beatus,
803 1260 924 1288 fraterna
948 1260 1048 1288 invidia

255 1307 392 1343 ngyptiis
404 1307 529 1335 venditus
543 1307 577 1340 δ’,
591 1314 641 1334 nec
657 1307 728 1334 herae
741 1306 885 1342 impudicae
902 1306 1048 1341 praestigiis

255 1355 388 1388 delusus;
406 1353 462 1382 ‘sed
478 1360 588 1381 carcere
611 1353 718 1380 munito
733 1352 869 1380 castitatis
894 1359 976 1379 causa
992 1352 1048 1379 cir-

255 1405 431 1434 cumseptus;
452 1399 510 1427 visa
527 1399 633 1426 somnia
654 1399 769 1426 solerter
798 1398 946 1433 dextroque
964 1397 1048 1424 inter-

256 1451 389 1481 pretatus,
418 1445 527 1481 Aﬂgypti
551 1446 685 1472 universae
699 1444 836 1479 princeps,
865 1443 1048 1477 frumentique

255 1493 368 1527 largitor
399 1497 481 1527 atque
493 1492 621 1524 nutritor,
638 1491 736 1518 nedum
753 1491 836 1517 unius
860 1489 983 1525 Egypti,
999 1488 1046 1516 sed

1110 262 1193 281 causa
1211 255 1406 282 certaminibus
1420 255 1580 290 perfunctus
1593 257 1639 289 sit,
1653 265 1783 292 quanam,
1793 266 1898 293 qumso,

1110 299 1246 326 sermonis
1256 299 1281 326 vi
1296 301 1716 334 reprmseutaverim?Quomodo
1726 304 1894 338 praecipuum

1109 345 1237 379 quiddam
1254 346 1379 378 dixerim,
1397 354 1447 373 nec
1463 347 1497 373 ita
1516 347 1612 381 procul
1627 349 1812 375 consectanda
1827 351 1898 376 veri-

1110 396 1163 418 tate
1190 391 1301 418 iveriin?
1325 391 1468 424 Quomodo
1498 392 1571 419 illius
1598 401 1640 420 res
1665 401 1760 420 omnes
1789 399 1898 421 tentans

1109 444 1248 468 enarrare,
1267 445 1320 464 non
1339 437 1448 464 fastidio
1463 445 1572 472 gravem
1599 438 1752 465 orationem
1770 439 1896 466 reddide-

1109 483 1177 515 rim;
1197 487 1245 510 aut
1259 484 1397 518 quomodo
1414 484 1543 518 pleraque
1567 484 1662 512 volens
1675 484 1811 515 omittere,
1841 493 1895 512 non

1108 529 1208 562 ingenti
1223 529 1363 556 auditores
1383 529 1485 556 damno
1500 529 1655 557 affecerint?
1670 529 1745 557 Illius
1755 529 1834 564 plane
1846 538 1894 557 nc-

1107 575 1224 601 ccssaria
1247 582 1310 605 vox,
1324 579 1408 610 atque
1422 575 1568 608 sententia,
1585 580 1616 602 ut
1639 576 1724 603 multa
1742 576 1837 611 paucis
1848 585 1897 604 ex-

1107 618 1261 646 hibeanlur.
1281 620 1357 648 lllius
1375 628 1491 656 namque
1505 621 1558 648 hoc
1571 622 1701 656 partium.
1719 626 1801 655 atque
1817 622 1894 649 indo-

1108 664 1154 695 lis,
1180 666 1217 692 uti
1233 666 1274 692 sic
1293 666 1436 701 magniﬁce
1472 671 1554 701 atque
1570 672 1680 695 strenue
1690 668 1840 699 decertare,
1858 669 1895 696 ita

1105 716 1132 737 et
1147 712 1327 738 certaminum
1347 712 1577 747 magnificentiam
1601 714 1737 741 sermonis
1765 715 1892 749 magnifi-

1105 757 1193 784 centia
1214 758 1352 785 exhibere.

1141 801 1207 829 Cum
1221 803 1277 836 jam
1292 803 1374 838 igitur
1389 804 1499 839 pessimi
1526 805 1664 832 daemones
1679 805 1836 834 Graecanica
1851 807 1893 833 in-

1105 849 1268 879 eantatione.
1293 856 1326 876 ac
1343 857 1446 881 errore,
1467 850 1636 885 itnpurisque
1657 852 1753 884 sacris,
1774 859 1807 879 ac
1818 852 1894 879 omni

1106 892 1262 927 impietate,
1291 893 1446 922 divinorum
1474 896 1661 930 apostolorum
1696 904 1833 930 munere,
1861 905 1894 925 ac

1105 941 1315 976 triumphalibus
1345 943 1445 976 prmliis
1460 949 1623 978 martyrum,
1640 944 1808 978 cessissent;
1824 945 1893 972 sub-

1106 989 1216 1024 lataque
1240 989 1374 1016 idolorum
1407 990 1502 1017 nefarii
1519 991 1609 1017 cultus
1635 991 1761 1026 caligine,
1776 999 1808 1018 ac
1828 999 1892 1019 vrra

1104 1036 1164 1063 lldci
1182 1037 1241 1063 luce
1253 1041 1356 1063 rectum
1369 1044 1477 1063 omnem
1491 1037 1613 1063 animum
1627 1037 1805 1064 collustrante
1828 1045 1891 1065 cum

1103 1082 1232 1116 deinceps
1247 1087 1440 1110 extraneorum
1458 1091 1539 1117 opera
1561 1084 1671 1118 pietatis
1684 1084 1804 1111 cultores
1820 1084 1892 1111 bello

1104 1127 1217 1162 fatigare
1233 1135 1285 1154 non
1305 1128 1508 1162 possent,ipsos
1519 1136 1612 1155 secum
1627 1129 1741 1156 invicem
1757 1129 1891 1157 Christia-

1104 1181 1154 1199 nos
1172 1173 1355 1206 concitantes;
1376 1174 1501 1208 quinimo
1517 1174 1650 1209 quidquid
1671 1175 1697 1202 in
1721 1175 1801 1203 nobis
1818 1176 1892 1203 debi-

1104 1218 1155 1245 lius
1185 1223 1244 1245 erat
1265 1226 1358 1246 errore
1375 1219 1552 1250 abducentes,
1575 1220 1768 1255 corruptisque
1784 1229 1891 1248 sermo-

1104 1263 1184 1291 nibus
1202 1264 1334 1291 adversus
1350 1272 1397 1292 eos
1409 1265 1454 1299 qui
1475 1266 1614 1300 prmeipua
1634 1266 1735 1301 pietate
1751 1267 1891 1302 fulgebant

1103 1307 1279 1338 instruentes.
1292 1309 1346 1336 acri
1363 1309 1419 1340 lite,
1438 1310 1700 1345 pugnacissimaque
1725 1312 1815 1339 excita
1826 1319 1892 1339 eon-

1104 1354 1234 1385 lentione,
1244 1355 1312 1382 alios
1327 1355 1388 1382 aliis
1406 1355 1596 1388 committunt;
1610 1356 1761 1392 fraudeque
1793 1358 1835 1385 usi
1859 1366 1891 1385 ac

1102 1399 1226 1432 audacia,
1245 1400 1340 1435 partim
1354 1401 1464 1435 quidem
1475 1403 1608 1429 suasoria:
1619 1403 1753 1430 orationis
1773 1403 1890 1430 artiﬁcio

1102 1444 1253 1472 rationibus
1269 1446 1449 1480 simpliciores
1459 1446 1532 1473 dicto
1544 1447 1596 1474 sibi
1609 1448 1751 1475 audientes
1761 1448 1889 1481 reddunt;

1102 1490 1199 1525 partim
1218 1498 1280 1518 vero
1305 1491 1530 1519 imbecillioribus
1561 1493 1732 1527 ingruentes,
1763 1499 1890 1528 metuque

247 1543 283 1566 et
299 1538 355 1572 jam
377 1542 545 1569 exterorum,
570 1536 696 1563 inaudiit.
713 1535 860 1570 Gregorius
874 1539 976 1566 autem,
991 1541 1046 1560 non
1064 1544 1086 1574 ο
1103 1536 1279 1570 procacitatis
1297 1541 1491 1571 perlerrentes,
1510 1537 1594 1572 impio
1607 1538 1727 1573 ipsorum
1739 1540 1889 1567 sensuieos

250 1592 290 1612 es
304 1583 425 1611 fraterna
438 1582 552 1614 invidia,
566 1583 611 1610 sed
627 1581 715 1617 Magni
731 1581 836 1611 Basilii.
856 1580 975 1614 ﬁdeique
988 1587 1049 1614 pcr-

248 1628 474 1656 ,neeessariorum
501 1626 681 1654 hortamentis
711 1626 829 1658 cedens;
859 1624 1049 1660 quinimoim-

256 1673 389 1709 pensioris
416 1673 593 1708 providentiae
622 1672 744 1700 consiliis
769 1673 916 1704 adductus,
932 1678 987 1698 non
999 1670 1048 1698 abs

248 1719 389 1746 scelerata
406 1719 470 1745 hera
483 1723 586 1746 tentata
610 1718 757 1753 pudicitia;
774 1717 862 1752 palam
879 1723 944 1743 vero
961 1716 1048 1743 haere-

256 1764 370 1792 ticorum
396 1765 512 1799 maligne
539 1764 678 1799 agentium
705 1763 814 1792 insidiis
843 1763 990 1798 appetitus,
1005 1762 1048 1788 in-

255 1814 366 1845 starquc
386 1818 526 1838 carcerum
550 1810 699 1837 instructos
714 1817 808 1836 eorum
830 1808 909 1836 dolos
938 1807 1040 1840 varios,

253 1863 287 1883 ac
296 1855 518 1882 machinamenta
537 1855 672 1888 incidens,
702 1855 898 1890 sapientiaeque
921 1853 1046 1881 doctrina

248 1902 370 1936 .potioris
382 1902 516 1929 coatritos
530 1902 687 1929 venantium
703 1902 816 1936 laqueos
832 1901 975 1935 effugiens.
991 1907 1045 1927 non

256 1956 336 1974 unam
358 1947 535 1982 provinciam,
551 1951 599 1974 aut
611 1947 724 1980 urbem;
748 1948 794 1974 sed
807 1955 854 1981 per
870 1954 966 1977 unam,
984 1953 1045 1980 qua:

251 1994 305 2020 sub
321 1994 391 2021 ctelo
409 1998 473 2021 sunt
491 1995 643 2024 universas.
661 1993 793 2021 beneﬁcio
808 1992 951 2028 impartire
964 1999 1045 2018 mon-

250 2044 366 2065 strator.

288 2084 337 2111 llle
353 2084 437 2118 igitur
450 2084 510 2118 ejus
521 2084 575 2111 cibi
594 2083 640 2119 qui
655 2083 741 2119 perit;
759 2083 803 2111 hic
818 2082 878 2118 ejus
891 2084 938 2118 qui
953 2086 1045 2110 manet

249 2130 281 2157 in
293 2129 375 2156 vitam
393 2135 533 2162 retentam,
549 2129 725 2164 dispensator
744 2129 908 2161 ostenditur,
927 2129 1044 2155 arbiter-

253 2183 307 2211 que
320 2174 492 2210 magniﬁcus.
510 2175 598 2210 Atque
626 2175 670 2202 ille
687 2174 808 2209 quidem,
823 2182 876 2202 non
893 2173 1044 2209 corporalis

1101 1581 1262 1608 submittere
1281 1587 1424 1610 conantur.

1137 1625 1207 1659 Quid
1227 1626 1308 1661 igitur
1319 1627 1360 1654 vir
1373 1627 1399 1654 in
1413 1628 1515 1655 divinis
1535 1627 1753 1659 versatissimus,
1769 1636 1885 1656 accura-

1101 1671 1266 1706 tissimazque
1283 1671 1437 1706 Theologia:
1461 1672 1575 1700 infracta
1606 1673 1734 1700 columna
1778 1681 1811 1701 ac
1835 1674 1890 1700 im-

1099 1717 1228 1745 mobilis?
1242 1717 1312 1745 Num
1333 1719 1566 1753 nequissimorum
1583 1720 1716 1754 pravitate
1729 1720 1816 1747 minor
1834 1727 1884 1754 ap-

1099 1762 1206 1796 paruit?
1222 1768 1265 1790 aut
1282 1770 1377 1790 eorum
1411 1764 1524 1790 omnino
1543 1764 1724 1799 grassantium
1743 1765 1768 1790 vi
1791 1765 1889 1792 cessit?

1098 1814 1144 1836 aut
1158 1809 1220 1844 quid
1238 1810 1395 1837 modicume
1406 1810 1504 1845 pietate
1522 1811 1643 1837 remisit?
1658 1816 1703 1837 aut
1716 1811 1788 1837 illius
1800 1819 1882 1838 causa

1098 1855 1248 1882 mediocria
1282 1855 1404 1889 pericula
1438 1855 1542 1883 adivit?
1579 1855 1817 1891 Haudquaquam;
1838 1856 1887 1883 sed

1097 1909 1192 1928 eorum
1206 1901 1335 1933 audaciae,
1349 1901 1519 1935 prudentiam
1535 1909 1694 1936 opponens;
1733 1902 1886 1935 calliditati,

1097 1945 1236 1981 vafrisque
1247 1947 1382 1977 consiliis,
1400 1946 1484 1974 animi
1497 1947 1668 1981 praisentiam
1700 1954 1732 1973 ac
1747 1946 1886 1979 ﬁduciam;

1096 1993 1162 2027 quin
1181 1992 1282 2027 potius,
1300 1991 1488 2019 fortitudinem
1514 1992 1647 2019 adversus
1673 1991 1815 2018 audaciam
1855 1998 1887 2018 ac

1096 2036 1296 2070 temeritatem;
1313 2037 1540 2071 prudentiamque
1551 2036 1684 2063 adversus
1709 2035 1886 2062 calliditatem

1096 2090 1128 2108 ac
1143 2082 1280 2109 vafritiem
1298 2082 1417 2109 eduecns
1430 2090 1437 2114 ;
1450 2081 1654 2116 universimque
1667 2081 1734 2108 adeo
1747 2081 1887 2113 virtutem,

1095 2128 1227 2156 adversus
1243 2136 1336 2155 eorum
1353 2133 1436 2155 totam
1462 2128 1622 2162 pravitatem
1645 2126 1744 2153 infesta
1764 2127 1822 2153 acie
1845 2126 1886 2152 in-

1096 2180 1222 2208 struens;
1238 2175 1277 2202 sic
1289 2174 1401 2202 omnino
1420 2174 1500 2205 fudit,
1516 2173 1684 2209 fugavitque,
1699 2179 1731 2199 ac
1748 2179 1885 2207 percxpn-

206 2215 212 2221 ’
253 2221 355 2252 solum,
382 2221 428 2249 sed
460 2226 487 2248 et
512 2225 694 2255 temporaneaa
725 2228 859 2253 annonae;
881 2220 961 2255 idque
977 2221 1044 2247 adeo
1058 2213 1085 2244 D
1099 2222 1201 2256 gnavit,
1221 2225 1250 2248 ut
1265 2222 1355 2256 potius
1371 2220 1498 2247 semitam
1515 2220 1592 2247 navis
1608 2226 1684 2246 mare
1696 2218 1827 2249 socantis,
1840 2223 1888 2245 aut

253 2275 315 2295 eum
330 2267 466 2294 frumenta
480 2267 565 2302 pretio
585 2267 729 2299 venderet;
751 2267 794 2294 hic
807 2271 907 2296 autem,
929 2274 983 2293 non
1000 2274 1044 2293 so-

253 2313 309 2340 luta
326 2313 467 2347 spiritalis,
488 2320 521 2340 ae
536 2320 597 2347 qua:
614 2312 753 2340 contineat
764 2312 887 2343 animos;
904 2312 951 2339 sed
964 2316 991 2339 et
1015 2311 1042 2338 in

254 2358 385 2385 sarculum
407 2359 499 2394 largus
512 2359 627 2386 conviva
644 2359 727 2386 enitet
741 2367 748 2392 ;
762 2359 997 2394 uberrimumque,
1011 2366 1044 2386 ac

254 2405 313 2432 sine
328 2405 414 2439 pretio
433 2405 546 2440 pulchre
566 2405 755 2433 esurientibus
769 2405 925 2432 convivium
943 2412 1042 2440 propo-

253 2452 323 2478 situs
335 2455 385 2479 est.
405 2451 512 2484 Quanto
530 2451 612 2486 igitur
627 2459 704 2478 mens
722 2458 805 2479 sensu
824 2451 952 2483 nobilior,
966 2456 1043 2478 tanto

254 2498 337 2533 hujus
357 2497 402 2525 illa
421 2497 553 2525 frumenti
569 2497 739 2530 distributio,
753 2505 808 2532 prae
820 2497 894 2525 illius
907 2502 1042 2532 praestan-

253 2545 316 2576 tior,
332 2549 361 2572 ut
376 2551 435 2572 mea
449 2543 502 2571 fert
512 2544 685 2578 opinio,.his,
697 2544 799 2579 quibus
813 2551 887 2572 sanae
896 2542 1042 2571 sintanimi

251 2591 383 2623 rationes,
400 2590 480 2618 facile
490 2590 669 2625 judicabitur.

288 2635 388 2663 Verum
402 2643 466 2671 erga
479 2636 587 2671 quidem
603 2635 769 2664 domesticos
791 2635 853 2663 ﬁdei
889 2643 921 2662 ac
945 2642 1042 2662 neces-

251 2683 340 2710 sarios
356 2683 417 2710 talis
434 2690 496 2710 cum
517 2686 590 2709 esset
601 2682 708 2709 divinus
720 2681 879 2715 Gregorius,
892 2681 954 2708 talis
970 2688 1042 2708 sem-

251 2736 299 2762 per
310 2728 344 2755 ad
356 2735 404 2755 eos
418 2727 515 2754 habuit
532 2735 539 2753 :
563 2726 652 2761 qualis
672 2733 737 2753 vero
756 2726 838 2753 etiam
859 2733 922 2760 erga
945 2725 1043 2752 adver-

250 2773 339 2800 sarios
365 2773 511 2806 enituerit;
538 2773 566 2800 in
588 2779 670 2808 quam
691 2771 792 2798 multos
817 2771 942 2799 veritatis
959 2778 1044 2798 causa

285 2870 308 2885 ”
319 2870 387 2898 Gen.
401 2879 502 2905 xxxvzt,
514 2872 559 2898 28.
598 2871 620 2886 "
633 2869 712 2897 Prov.
732 2877 796 2902 xxx,
819 2869 862 2896 l9.

1093 2267 1227 2302 serpentis
1241 2267 1298 2294 vias
1314 2273 1396 2301 super
1413 2270 1527 2299 petram,
1544 2271 1592 2292 aut
1612 2264 1762 2292 volantium
1781 2265 1887 2299 aquila-

1094 2320 1154 2339 rum
1177 2312 1321 2347 vestigium
1333 2311 1366 2343 ⁸⁸,
1384 2315 1414 2338 ut
1425 2311 1506 2339 habet
1517 2311 1662 2346 para—.mia,
1677 2310 1783 2342 videas,
1799 2317 1880 2345 quarti

1094 2359 1203 2386 illorum
1216 2358 1365 2394 impietatis
1378 2358 1478 2386 saculo
1495 2358 1589 2385 relicta
1601 2357 1714 2392 vestigia
1729 2356 1885 2391 deprehen-

1097 2405 1157 2432 das.

1134 2451 1202 2480 Nam
1221 2451 1259 2479 illi
1277 2451 1388 2486 quidem
1410 2459 1494 2478 unum
1509 2450 1535 2478 id
1549 2457 1619 2485 opus
1629 2453 1688 2476 erat
1712 2455 1744 2475 ac
1753 2447 1885 2479 studium,

1098 2503 1128 2526 ut
1150 2497 1286 2525 mendacii
1318 2496 1430 2532 quidem
1461 2497 1516 2523 vim
1548 2495 1725 2529 infringeret;
1743 2493 1885 2520 veritatem

1097 2550 1187 2573 autent
1216 2548 1417 2580 propugnaret;
1444 2547 1528 2578 atque
1542 2546 1598 2568 uta
1625 2539 1885 2568 scelestissimorurn

1097 2588 1320 2616 dissimilitudine
1341 2594 1424 2623 quam
1441 2585 1627 2613 alienissimus
1655 2583 1738 2615 foret,
1764 2581 1885 2609 consub-

1098 2635 1283 2662 stantialitatis
1297 2639 1389 2661 autem
1402 2631 1524 2667 opinioni
1536 2631 1650 2658 omnino
1664 2629 1825 2657 adhaereret.
1839 2626 1886 2654 llis

1097 2686 1186 2709 autem
1201 2685 1273 2707 utex
1292 2679 1383 2706 animo
1398 2685 1458 2706 eain
1484 2677 1665 2709 excutientes,
1688 2683 1737 2703 suo
1765 2675 1886 2708 ipsorum

1098 2726 1183 2754 errori
1204 2725 1376 2756 insisterent;
1393 2731 1425 2751 ac
1439 2723 1549 2758 quidem
1567 2721 1692 2749 veritatis
1705 2719 1835 2756 praeconi.
1856 2722 1886 2744 ut

1098 2775 1212 2799 cunctos
1241 2770 1305 2798 boui
1332 2769 1421 2797 socios
1447 2775 1497 2804 pro
1525 2767 1656 2796 bonitatis
1682 2764 1770 2794 indole
1787 2764 1887 2791 habere
