2089 3151
215 177 269 208 ιεδ

570 175 711 206 ORATIO
731 175 795 204 XX.
811 187 847 192 —
863 174 902 204 IN
924 173 1080 204 LAUDEM
1096 172 1126 202 S.
1147 169 1336 202 GREGORII
1356 168 1494 200 THEOL.

1799 164 1857 195 4136'

215 235 390 268 percuperet-;
417 230 550 258 mendacii
565 235 656 258 autem
672 231 806 266 patronis,
825 235 854 257 nt
877 234 1008 265 tanquam
1023 229 1047 258 A
1061 228 1246 262 interpretem,
1267 225 1345 253 Sicut
1358 224 1440 252 etiam
1455 223 1560 255 Jesum,
1578 221 1625 257 qui
1640 226 1706 268 ante
1721 219 1852 255 Stephani

215 277 364 313 perduelle,
392 277 524 312 hosthue
550 281 709 310 uterentur;
727 284 759 305 ac
783 281 840 304 tum
857 276 894 303 illi
911 283 1005 303 necem

216 323 329 354 inferre,
346 327 403 350 tum
423 330 506 357 quam
535 322 652 350 docebat
676 328 777 350 rectam
799 323 1008 354 ﬁdem,exstin-

216 376 299 404 gnere
312 373 459 396 tentarent.
473 369 558 401 Quem
584 368 656 395 enim
672 369 794 395 animum
821 368 946 395 absurda:
963 375 1008 394 ra-

216 416 316 448 tiones,
336 420 383 442 aut
407 415 529 441 actiones
562 420 695 450 occupato
726 414 892 447 addixerint,
913 413 1008 448 sicque

216 465 393 495 comparatus
406 465 449 488 est
468 464 498 487 ut
513 468 567 495 qua
586 464 695 488 tenetur
715 460 928 495 prresnmptione
941 459 1009 488 libe-

218 506 274 534 rari
287 506 501 540 nolit,tanqnam
516 505 635 534 infensos
650 505 821 539 reformidat.
830 506 851 532 si
863 505 909 540 qui
919 513 1010 532 emcn-

221 552 288 578 dare
300 551 484 584 tentavrrint;
509 551 804 587 reprehensionemqne
827 552 922 579 vibicis
938 551 1009 584 loco,

219 605 252 623 ac
266 597 349 632 plag;e
360 597 475 629 ducens,
489 605 614 624 amarum
628 597 904 632 crudelissimumque
926 596 1011 624 animi

220 642 337 670 consilio
357 642 489 672 adversus
511 647 669 677 arguentem
686 643 837 671 exsuscitat
864 648 945 678 atque
970 643 1012 670 in-

219 689 313 716 struit.

256 735 426 783 Achu’idem
444 733 594 770 Thcologo,
615 735 714 763 divina:
739 735 941 770 praedicationis
959 742 1015 762 scr-

221 787 316 806 mones
331 779 568 814 praetendebantur
580 790 587 814 ;
601 788 699 815 nempe
714 788 856 808 sermones
866 780 1012 815 ejusmodi,

220 824 269 860 qui
286 825 384 852 nedum
400 825 431 852 ad
448 833 540 852 veram
570 825 764 860 salubremque
778 826 920 853 Trinitatis
935 826 1012 853 ﬁdem

221 870 413 905 proveherent,
438 871 486 898 sed
510 871 557 906 qui
580 871 662 898 etiam
679 872 781 899 Christi
809 872 935 899 charitati
967 879 1014 906 per

222 917 413 944 mandatorum
430 916 649 944 observationem
663 918 775 952 (quibus
789 919 863 945 salus
893 917 1013 952 acjusti-

224 962 262 989 tia
277 962 420 996 provenire
439 963 572 997 creditur)
589 963 778 998 adjungerent.
793 964 831 990 Ad
849 963 1016 996 ba-c,carnis

224 1006 262 1033 illi
279 1007 351 1034 culta
377 1008 566 1039 mortiﬁcatio,
589 1009 718 1044 jugisque
730 1009 830 1040 oratio,
857 1017 912 1044 qua
931 1009 1015 1036 animi

223 1060 331 1080 summa
359 1054 494 1089 plenaque
506 1055 682 1088 emundatio;
695 1063 727 1082 ex
744 1063 798 1090 qua
813 1056 913 1083 mentis
926 1056 952 1082 in
965 1055 1016 1082 Do-

225 1099 329 1125 minum
345 1106 474 1127 excessus
489 1099 523 1132 3‘,
536 1100 703 1128 diviniorum
720 1101 934 1129 illustrationum
955 1109 1016 1136 per-

225 1144 326 1178 ceptio,
339 1145 492 1173 ctelestium
517 1146 693 1181 splendorum
705 1146 840 1179 societas;
855 1154 887 1174 ac
904 1147 1015 1174 demum

224 1191 362 1225 potiorum
390 1195 515 1219 votorum
543 1192 721 1228 adimpletio;
741 1193 841 1228 quibus
865 1193 910 1220 Dei
934 1200 1016 1220 verus

225 1236 308 1264 hamo
323 1237 473 1270 absolutus,
486 1245 519 1265 ac
530 1239 577 1273 qui
605 1239 705 1267 mentis
722 1240 899 1267 renovatione
914 1239 1016 1267 Christi

224 1281 407 1309 similitudine
423 1287 508 1317 quoto
523 1290 633 1318 quoque
646 1283 691 1311 die
708 1284 933 1318 transformatur,
961 1293 1015 1312 non

224 1328 288 1355 vitae
302 1328 393 1355 minus
407 1328 509 1356 deitate
536 1336 568 1356 ac
583 1329 797 1364 magniﬁcentia,
818 1338 899 1365 quam
915 1338 1018 1358 sermo-

225 1374 269 1401 nis
299 1378 380 1408 atque
396 1374 528 1402 doctrina;
545 1374 645 1402 illustri
663 1375 797 1408 claritate,
811 1376 843 1403 iis
861 1376 908 1411 qui
929 1376 1017 1404 salute

226 1419 302 1455 digni
315 1425 389 1452 sunt,
401 1420 498 1448 salutis
515 1421 624 1448 exsistit
638 1421 765 1456 praesidio
776 1430 783 1454 ;
794 1422 902 1450 Arianis
913 1427 1016 1454 autem,

225 1474 260 1494 ac
274 1467 320 1501 qui
342 1467 394 1494 illis
409 1466 549 1501 adjutores
571 1474 652 1502 atque
664 1467 731 1495 socii
744 1472 823 1496 erant
837 1468 929 1503 (porro
939 1472 1017 1495 erant

226 1512 367 1546 adjutores
393 1513 588 1540 consciscenda
615 1513 716 1540 Sancto
742 1521 808 1542 nece
823 1514 1013 1542 haereticorum

1062 273 1262 303 trstimonium.
1293 272 1320 299 in
1346 271 1436 298 medio
1463 270 1524 304 ipso
1539 267 1660 296 concilio
1684 267 1852 295 clamasset:

1063 320 1127 356 Ego.
1148 324 1172 347 et
1196 318 1277 346 Pater
1289 326 1369 345 unum
1386 325 1477 344 ειιηιιιε
1489 316 1524 348 ⁸⁷,
1555 319 1703 349 surgentes
1731 313 1855 347 lapidare

1061 366 1227 397 nitebantur,
1243 372 1398 400 quanquam
1412 362 1475 390 fecit
1489 362 1522 394 isl
1538 366 1568 388 ut
1582 361 1722 388 incassum
1750 358 1856 394 lapides

1061 412 1257 439 mitterentur:
1286 410 1344 445 pari
1373 409 1479 436 ratione
1501 407 1633 442 Gregorio
1647 413 1756 441 quoque
1772 404 1857 432 Deum

1062 457 1182 489 Patrem,
1200 456 1340 491 Deumque
1362 454 1474 486 Filium,
1498 461 1530 480 ac
1546 453 1630 480 Deum
1646 451 1776 486 Spiritum
1795 458 1859 478 san-

1047 530 1050 535 ,
1063 508 1148 534 ctum.
1165 510 1248 530 unam
1261 502 1403 532 Deitatem,
1420 507 1481 535 qum
1496 499 1582 526 tribus
1596 497 1721 534 personis
1732 496 1856 531 ejusdem

1063 548 1349 578 substantimdiscretc
1373 554 1404 574 ac
1427 546 1500 573 velut
1514 545 1624 572 dividue
1643 552 1696 571 una
1715 543 1858 575 consistat,

1064 595 1163 622 eximie
1179 601 1228 629 pro
1241 592 1372 627 Theologi
1387 591 1510 627 partibus
1538 591 1704 619 disserente.
1723 589 1858 616 immensa

1065 641 1141 668 rabie
1157 640 1221 670 acti.
1240 647 1272 666 ac
1295 639 1387 666 furore
1406 638 1498 672 repleti
1517 637 1644 671 princeps
1666 635 1858 663 hmreticorum

1065 694 1162 722 agmen
1191 686 1274 721 inque
1298 685 1352 712 illis
1377 685 1502 715 antistes,
1520 689 1649 717 tanquam
1665 682 1724 709 suis
1739 681 1779 708 eis
1806 681 1859 707 do-

1067 733 1170 767 gmatis
1213 732 1335 760 funditus
1367 730 1556 763 labefactatis,
1598 727 1858 764 prmslantissimum

1066 779 1210 814 theologia),
1225 778 1415 813 interpretem,
1428 777 1502 803 velut
1521 783 1570 804 sua
1597 782 1692 809 opera,
1709 774 1791 809 vique
1807 774 1856 799 do-

1066 825 1161 852 ctrina:
1178 832 1271 860 parem
1288 824 1429 852 Trinitatis
1448 823 1579 850 honorem
1596 825 1774 853 asset-cutem,
1791 820 1862 854 lapi-

1067 871 1147 898 dibus
1161 875 1266 905 petunt.

1102 916 1172 950 Quia
1184 925 1258 948 vero,
1275 924 1357 951 quam
1373 916 1412 943 illi
1428 916 1497 943 male
1509 915 1705 951 impugnabant
1730 914 1859 941 deitatem

1068 969 1100 989 ac
1118 962 1285 993 dividebant,
1303 962 1360 989 haec
1374 961 1428 995 rite
1442 969 1490 997 pro
1507 969 1538 988 ca
1555 961 1767 996 depugnantem,
1783 960 1860 985 anxi-

1068 1008 1105 1035 lio
1120 1007 1244 1040 fovebat;
1270 1015 1302 1035 ac
1332 1007 1452 1042 Spiritus
1479 1007 1528 1039 illi,
1545 1006 1591 1041 qui
1609 1006 1635 1032 in
1653 1006 1714 1040 ejus
1741 1005 1863 1039 spirabat

1067 1055 1192 1089 gratiam,
1207 1055 1300 1082 aderat
1314 1062 1322 1080 :
1338 1055 1372 1081 ab
1388 1054 1583 1081 homicidarum
1602 1061 1664 1080 cum
1695 1051 1796 1086 injuria
1828 1052 1863 1077 li-

1068 1101 1145 1128 berat
1159 1109 1167 1134 ;
1191 1100 1362 1135 illzesumqne
1377 1108 1392 1127 a
1404 1100 1524 1135 lapidum
1537 1099 1668 1135 grandine
1682 1106 1805 1129 sarvans,
1821 1098 1854 1124 ad

1069 1146 1172 1181 majora
1194 1147 1355 1177 certamina.
1384 1154 1416 1174 ac
1433 1146 1610 1181 perfectiores
1627 1153 1743 1173 coronas
1759 1153 1863 1180 praepa-

1068 1197 1120 1219 rat.
1135 1191 1216 1219 lidem
1232 1199 1349 1227 namque
1364 1193 1416 1227 ipsi
1432 1200 1467 1220 ea
1479 1192 1584 1219 ratione
1599 1192 1729 1224 convicti,
1748 1191 1864 1225 probro-

1068 1246 1122 1274 quc
1139 1238 1238 1271 all'ecti,
1256 1238 1288 1265 ad
1302 1238 1375 1265 aliud
1397 1246 1494 1266 rursus
1505 1238 1734 1269 fortissimum,ut
1751 1242 1866 1272 putave-

1069 1289 1138 1315 rant.
1147 1283 1493 1318 prorsusqneineluctabile
1506 1287 1647 1309 vertuntur
1664 1286 1861 1309 commentum.

1067 1328 1169 1364 Nempe
1192 1329 1274 1356 variis
1295 1334 1442 1356 onerantes
1470 1329 1641 1359 criminibus,
1671 1328 1759 1362 iisque
1788 1327 1864 1354 urbis

1069 1376 1242 1411 praefectum,
1258 1375 1318 1402 ﬁdei
1336 1376 1394 1410 ipsa
1411 1375 1606 1402 communione
1622 1374 1708 1410 magis
1720 1374 1862 1402 credulum

1069 1429 1100 1449 ac
1115 1421 1304 1456 procliviorem
1332 1421 1523 1452 accendentes,
1547 1428 1609 1447 cum
1638 1425 1664 1447 et
1690 1425 1864 1448 accusatores

1069 1467 1232 1495 statuissent
1246 1471 1360 1502 repente
1375 1467 1603 1502 comprehensum
1622 1467 1795 1501 Gregorium,
1813 1474 1863 1500 pro

1070 1512 1195 1539 tribunali
1210 1512 1322 1540 sistunt.
1335 1512 1433 1547 Atque,
1448 1519 1464 1540 ο
1477 1517 1615 1547 stuporem
1629 1513 1636 1539 !
1655 1520 1672 1539 ο
1691 1512 1862 1545 insipientem

227 1557 319 1584 omnis
329 1565 449 1588 cuneus;
466 1558 540 1584 novit
560 1558 632 1585 enim
649 1559 721 1586 haud
747 1567 810 1586 raro
831 1559 926 1586 vitium
953 1559 1018 1586 vitio
1033 1567 1056 1597 ο
1072 1558 1271 1585 sceleratorum
1285 1558 1488 1593 aggressionem
1503 1559 1510 1585 l
1529 1557 1637 1585 Paciﬁci
1654 1558 1867 1593 probatissimus

227 1603 355 1630 auxiliari
376 1603 499 1637 belloque
518 1603 655 1638 fatiganda
668 1604 780 1636 virtute,
799 1605 838 1631 uti
851 1605 951 1632 dictum
963 1610 1017 1638 est,

227 1648 328 1675 sociari
341 1649 498 1682 Concordia,
521 1657 676 1683 quanquam
706 1650 757 1676 sibi
777 1650 864 1683 ipsum
881 1651 1018 1678 dissenta-

228 1702 309 1720 ncum
331 1702 361 1721 ac
376 1694 482 1721 discors
496 1694 549 1729 est)
565 1702 572 1727 ;
599 1695 642 1722 his
663 1695 756 1730 itaque
768 1696 928 1727 inimicitite,
945 1697 1018 1728 lites.

227 1739 429 1772 aemulationes,
458 1741 515 1772 inn,
541 1748 572 1768 ac
592 1747 652 1775 quae
673 1740 802 1775 deinceps
816 1749 931 1782 magnus
948 1742 1020 1769 Pau-

228 1785 272 1812 lus
284 1785 308 1801 ⁸³
334 1786 438 1818 pridem
465 1787 622 1821 percensuit
644 1788 736 1815 carnis
761 1795 864 1822 opera;
892 1795 923 1815 ac
947 1789 1018 1823 quod

227 1830 351 1857 oanium
368 1838 526 1865 supremum
545 1832 680 1859 malorum
695 1837 747 1866 est,
763 1833 851 1861 caules
865 1833 923 1868 ipsa
940 1841 1022 1861 accu—

229 1877 341 1903 rabatnr
352 1876 419 1903 nihil
437 1876 618 1905 defunctorie.

264 1924 353 1957 Atque
378 1923 415 1956 hi,
439 1922 557 1957 primum
579 1924 689 1959 quidem
716 1924 847 1953 maleﬁca:
870 1926 1021 1954 dialectica:

228 1971 403 1998 sermonibus
424 1975 571 2005 tentantes,
604 1972 752 2008 litigantes,
773 1974 896 2002 veritatis
922 1975 1020 2001 turrim

228 2016 347 2050 dejicere
358 2017 518 2051 molientes;
542 2019 670 2054 velutque
695 2020 833 2054 praesidio,
854 2028 907 2055 qua
936 2021 1022 2055 polle-

229 2063 277 2090 bat
287 2063 419 2098 sapientia
437 2064 569 2097 submoti,
587 2072 802 2100 sermonumque
815 2074 847 2093 ac
863 2066 972 2094 dicendi
990 2067 1021 2093 ﬁ-

229 2107 328 2140 ducia;
346 2115 379 2135 ac
393 2113 522 2142 tanquam
538 2109 607 2136 duro
623 2117 691 2137 saxo
719 2109 818 2144 iirmoq
830 2117 873 2141 ue,
892 2110 943 2136 viri
962 2117 1021 2136 ma-

230 2153 275 2188 gni
292 2153 364 2193 ﬁdei.
385 2154 492 2188 procaci
521 2154 657 2188 irruentes
674 2155 806 2186 audacia,
822 2163 910 2190 exque
933 2155 1022 2182 imbe-

229 2199 344 2226 cillitate
358 2199 457 2231 abacti,
471 2207 503 2227 ac
523 2200 691 2234 impudentia
718 2201 828 2235 quidem
849 2201 1020 2234 adorientes,

232 2254 288 2278 prae
303 2245 401 2272 virium
416 2250 505 2272 autent
524 2247 646 2274 exilitate
662 2247 727 2274 victi
755 2247 937 2280 recedentes;
956 2248 1023 2282 quin

231 2292 322 2326 potius
351 2292 476 2322 contriti.
495 2299 527 2319 ac
541 2293 613 2319 velut
637 2293 724 2326 pulvis
748 2299 828 2321 vento
855 2294 1022 2326 acturbine,

231 2337 279 2364 alti
295 2337 355 2372 ejus
366 2339 501 2366 sermonis
524 2339 633 2373 spiritu,
659 2339 752 2367 aestiva
767 2347 830 2366 area
844 2340 955 2367 excussi
993 2348 1024 2367 ac

229 2383 355 2410 ventilati
367 2392 375 2417 ;
389 2391 450 2411 cum
465 2384 695 2412 absurdissimum
711 2385 851 2412 videretur
869 2393 954 2412 novos
967 2385 1023 2420 jam

231 2437 294 2457 cum
302 2437 335 2456 eo
350 2437 507 2457 sermonum
522 2430 591 2457 inire
601 2438 776 2465 congressus,
789 2431 837 2466 qui
847 2431 922 2458 omni
936 2432 1024 2466 palam

232 2474 370 2501 sermonis
397 2481 429 2501 ac
448 2474 580 2501 doctrinae
598 2475 622 2502 vi
633 2469 785 2510 superaret,
801 2476 937 2511 lapidibus
947 2476 1026 2503 dein-

210 2537 214 2539 -
232 2526 298 2552 ceps
314 2519 453 2546 tentabant
469 2519 596 2547 obruere.

269 2565 309 2592 Ac
336 2565 409 2592 sicut
436 2565 573 2592 homicida
589 2565 746 2593 Judaeorum
776 2566 864 2601 plebs,
882 2567 1024 2601 Stephano

234 2611 268 2638 ad
285 2618 335 2638 eos
353 2619 438 2638 unum
450 2611 563 2638 verbum
590 2611 733 2646 prolocuto
747 2612 789 2644 ⁸⁶;
815 2617 923 2646 apertos
942 2609 1024 2639 niini-

235 2663 297 2683 rum
314 2656 366 2690 ipsi
385 2657 482 2688 cmlos,
499 2664 532 2684 ac
549 2657 648 2684 Filium
667 2658 788 2685 hominis
803 2658 836 2684 ad
856 2657 946 2685 Patris
958 2658 1025 2685 dex—

235 2706 322 2728 teram
337 2709 367 2728 ω
383 2701 483 2735 ridere,
500 2710 562 2730 cum
577 2704 709 2738 :equalcm
723 2711 785 2730 cum
801 2703 930 2730 Genitore
943 2704 1028 2730 hono-

235 2756 294 2775 rem
321 2750 405 2783 prolis
428 2749 498 2777 ferre
521 2758 575 2778 non
588 2757 716 2786 possent;
734 2751 907 2778 continentes
934 2759 1026 2782 aures,

235 2802 355 2830 moxque
364 2802 518 2831 surgentes,
535 2797 725 2832 lapidaverunt
752 2798 896 2833 theologiae
917 2805 1026 2825 sacrum

274 2883 298 2899 “
315 2883 334 2910 ιι
349 2883 412 2912 Cof.
428 2894 453 2917 γ,
475 2885 516 2912 15.
557 2886 578 2900 ⁸⁵
592 2884 677 2913 Galat.
694 2895 717 2919 ι’,
734 2887 777 2913 20.

418 2971 437 2981 4

819 2887 839 2898 ιε
855 2887 913 2914 Art.
929 2895 976 2919 ιλιι,
992 2887 1036 2915 δέ».

1073 1603 1234 1638 discipulus,
1248 1611 1279 1631 ac
1290 1604 1365 1638 pacis
1381 1603 1543 1632 mitissimus
1572 1604 1684 1636 arbiter,
1700 1603 1822 1631 seditiosi
1834 1611 1867 1630 ac

1074 1651 1194 1685 protervi
1213 1650 1317 1678 crimen
1335 1651 1508 1683 sustinebat;
1527 1659 1558 1678 ac
1571 1651 1617 1686 qui
1638 1651 1772 1681 docendo,
1787 1651 1865 1684 jtnta

1074 1697 1197 1724 divinum
1224 1697 1382 1732 Apostolum
1400 1697 1434 1730 ³⁸,
1451 1697 1556 1724 ﬁdelem
1586 1704 1740 1724 sermoni-In
1763 1696 1867 1729 amplc-

1076 1747 1205 1774 cteretur,
1226 1747 1356 1778 tanquam
1372 1743 1419 1777 qui
1442 1743 1530 1770 aliena
1545 1750 1559 1769 a
1587 1743 1649 1774 lide,
1675 1749 1707 1769 ac
1731 1741 1868 1768 lueretiris

1076 1789 1185 1823 propria
1198 1788 1319 1819 doceret.
1336 1789 1370 1816 ab
1384 1788 1475 1823 impiis
1490 1789 1626 1816 calumnia
1644 1788 1866 1815 insinmlahatnr.

1076 1834 1268 1869 Stabatautetn
1281 1835 1322 1861 vir
1331 1839 1470 1868 strenuus,
1495 1835 1567 1862 velut
1578 1834 1712 1862 sodalium
1747 1834 1865 1869 cuipiam

1077 1887 1108 1906 ac
1126 1885 1269 1912 notorum;
1286 1888 1340 1907 non
1358 1880 1435 1915 quasi
1459 1885 1536 1907 tanto
1568 1879 1748 1915 magistratui.
1770 1879 1869 1913 judici-

1076 1934 1129 1961 que
1140 1926 1291 1954 assisteret.

1113 1972 1236 2005 Quonam
1249 1972 1329 2000 modo
1345 1973 1412 2000 scite
1439 1978 1566 2008 apteque,
1580 1973 1621 2000 vcl
1633 1972 1752 2006 prmfccti
1771 1980 1867 2007 supcr-

1077 2018 1161 2052 biam,
1194 2018 1350 2054 fastumque
1383 2019 1479 2050 animi,
1496 2026 1529 2046 ac
1555 2026 1712 2045 sermonum
1737 2025 1868 2050 arrogan-

1078 2064 1142 2090 tiam
1156 2072 1163 2096 ;
1180 2067 1228 2090 aut
1239 2063 1289 2090 viri
1300 2063 1469 2097 prudentiam
1492 2071 1524 2090 ac
1539 2063 1677 2090 lenitatem
1690 2071 1697 2088 :
1710 2067 1869 2096 certamque

1078 2108 1110 2135 ad
1125 2116 1188 2136 eum
1223 2116 1253 2136 ac
1266 2107 1430 2143 exquisitam
1445 2107 1662 2136 satisfactionem
1680 2108 1770 2135 verbis
1783 2116 1867 2142 cxpe—

1078 2155 1149 2182 dialn
1164 2155 1176 2181 ?

1114 2198 1204 2226 Pngr.
1226 2198 1297 2232 Quid
1323 2199 1375 2227 sibi
1398 2199 1467 2232 vult,
1481 2198 1550 2226 heus
1569 2203 1607 2232 tu,
1625 2199 1699 2233 quod
1730 2199 1771 2226 sic
1798 2206 1870 2233 prae-

1044 2245 1064 2271 D
1081 2245 1253 2280 magniﬁcam
1283 2245 1562 2280 augustissimamque
1576 2245 1712 2273 civitatem
1729 2245 1869 2273 seditiosis

1079 2291 1381 2321 molitionibustnrbas.
1401 2299 1463 2318 cum
1480 2291 1629 2326 pr.csertim
1643 2295 1793 2319 extraneus
1825 2295 1868 2318 at-

1079 2345 1132 2372 que
1147 2338 1246 2372 hospes
1260 2338 1378 2365 exsistas
1391 2338 1402 2363 ’ἰ

1114 2383 1198 2411 Gneo.
1214 2383 1263 2411 Cui
1282 2383 1326 2410 ille
1344 2392 1350 2410 :
1372 2384 1502 2416 Quzenam
1516 2382 1626 2416 injuria,
1651 2389 1746 2416 quaave
1771 2381 1870 2409 adver-

1079 2438 1138 2458 sum
1156 2437 1216 2463 nos,
1236 2429 1334 2464 inquit,
1354 2428 1561 2456 accusatoribus
1572 2427 1724 2462 divulgata,
1744 2435 1870 2454 rumore-

1080 2482 1132 2510 que
1150 2482 1245 2508 sparsa
1261 2473 1390 2501 seditiosa
1411 2472 1515 2498 molitio
1551 2479 1584 2498 ac
1602 2470 1776 2505 petulantia?
1795 2468 1869 2496 Nihil

1079 2521 1151 2548 eiriin
1169 2521 1234 2547 mihi
1250 2519 1386 2554 ejusmodi
1398 2526 1488 2546 rerum
1504 2518 1632 2545 conscius
1649 2525 1725 2544 sum.

1116 2567 1203 2594 Puer.
1220 2566 1310 2599 Quod,
1325 2565 1561 2599 inquit,inanibus
1579 2563 1669 2591 verbis
1705 2567 1788 2598 atque
1807 2569 1869 2596 pro-

1080 2614 1161 2646 fanis,
1175 2612 1382 2647 incompositam
1396 2611 1500 2646 plebem
1513 2611 1547 2638 ad
1564 2618 1607 2638 res
1620 2619 1704 2638 novas
1717 2607 1847 2637 sollicitas
1861 2616 1868 2633 ε

1079 2660 1236 2693 viderisque
1260 2658 1327 2685 mihi
1355 2658 1451 2685 turbas
1470 2657 1554 2688 ciere,
1584 2657 1630 2692 qui
1679 2654 1867 2690 imperitorum

1080 2714 1110 2732 ηις
1122 2704 1308 2740 insipientium
1324 2703 1372 2731 tibi
1396 2703 1503 2730 animos
1523 2702 1645 2734 addicas,
1675 2706 1755 2734 atque
1770 2698 1802 2724 τινι
1821 2704 1866 2721 sc-

1080 2752 1209 2778 ditioncm
1219 2751 1292 2785 (quae
1306 2750 1350 2778 his
1359 2750 1439 2778 facile
1451 2747 1643 2778 succendatur)
1655 2751 1740 2774 testro
1748 2743 1869 2780 quodam

1080 2798 1213 2832 impellus.

1089 2888 1109 2901 δ’
1127 2886 1204 2913 Joan.
1223 2894 1249 2919 x,
1266 2887 1308 2914 εο.
1368 2887 1388 2901 ⁵³
1404 2885 1457 2912 Tit.
1478 2893 1496 2916 ι,
1513 2884 1538 2910 9.
