2089 3151
243 155 297 188 467

825 155 972 186 ΝΙΟΕΤἈΕ
991 155 1253 187 PAPHLAGONIS

1810 154 1864 186 468

277 209 363 237 Gtt'sc.
382 207 538 241 Enimvero,
548 208 585 235 ait
597 215 704 241 rursus,
719 209 856 237 seditiosa:
867 210 1027 241 molitionis,
1042 209 1068 238 A
1080 219 1164 239 unum
1191 218 1300 246 corpus,
1319 217 1444 246 unusque
1462 208 1574 244 spiritus
1596 208 1746 236 Christiani
1767 217 1864 237 omnes

243 255 382 290 turb:rque
397 255 535 290 popularis
551 259 654 282 tantum
673 254 751 282 abest
779 259 807 282 ut
825 255 871 282 ulli
893 256 950 289 ipse
973 255 1024 282 sim

245 306 352 332 auctor,
365 306 496 335 quantum
517 300 563 335 qui
575 300 639 327 olim
657 300 768 333 mortui,
783 308 797 327 a
811 306 900 328 vestra
918 301 1027 329 civitate

242 354 275 374 ae
290 346 429 381 republica
443 346 680 380 extraneLagunt.
698 345 769 373 Olim
784 347 856 374 enim
870 347 970 382 (neque
983 355 1026 375 me

240 393 383 428 quisquam
392 392 553 427 arrogantiae
578 393 719 426 fastusqne
727 392 875 428 insimulet)
889 394 963 421 omni
975 402 1027 421 saa—

240 437 306 470 culi,
326 437 458 471 ﬁuxazque
472 437 565 470 gloriae
577 437 701 463 claritate
710 442 800 471 spreta
816 445 848 464 ac
859 438 950 465 carnis
965 438 1026 465 uni-

241 482 329 511 versis
341 482 533 517 cupiditatibus
542 483 679 514 excussis,
691 483 798 518 solique
806 484 914 511 Christo
926 483 1027 511 foedere

242 527 399 562 adjunctus,
414 535 447 554 ac
467 527 514 562 qui
528 527 588 562 ejus
607 527 665 562 lege
678 527 796 563 Spiritus
811 528 854 564 agi
870 529 1025 561 maluerim,

241 573 276 599 ab
293 573 366 600 omni
378 572 514 600 discordia
539 580 571 600 ac
584 573 643 600 rixa
660 573 792 601 mundum
813 575 946 608 meipsum
969 582 1027 601 ser-

241 626 305 646 vare
324 619 480 650 contendo;
507 627 558 647 nec
585 620 672 647 solam
695 620 906 655 pulcherrimam
931 628 1025 655 pacem

240 664 314 691 solus
333 671 383 698 ego
410 664 559 699 amplector
575 685 582 697 ,
611 665 659 692 sed
688 670 715 692 et
739 670 855 693 cunctos
885 666 948 693 totis
962 666 1027 692 viri-

241 709 291 736 bus
325 717 386 736 eam
415 710 557 744 amplecti,
595 718 656 738 eum
689 711 772 738 Paulo
797 712 820 727 ⁸⁹
859 712 953 739 hortor
985 716 1027 739 at—

240 762 294 788 que
319 755 435 782 suadeo.
464 755 533 783 Fore
556 757 629 784 enim
651 762 680 784 ut
710 757 768 785 sine
784 757 828 784 illa
843 765 924 785 nemo
936 758 1027 784 videat

243 800 338 828 Deum.

279 845 369 874 anr.
386 846 456 879 Quid
472 853 546 879 vero,
563 847 662 882 inquit,
680 848 751 882 quod
772 852 799 875 et
818 848 915 880 aliena,
931 855 963 875 ac
976 855 1026 882 pro

243 891 376 919 haereticis
388 891 512 926 partibus
526 892 627 920 doces?
645 891 741 919 Nonne
750 892 826 919 vobis
838 892 936 919 suﬁicit
947 892 1024 924 ﬁdes,

240 937 284 964 cui
296 942 322 964 et
339 945 453 973 magnus
466 938 613 973 imperator
626 938 790 973 astipulatur
805 947 811 964 ε
827 938 971 972 omnisque
985 937 1026 964 di-

242 983 279 1009 tio
301 991 335 1010 ac
349 983 446 1011 civitas
472 983 640 1011 assentitur?
660 982 777 1011 Solusne
794 983 854 1011 ﬁdei
880 983 1026 1010 novitatem

241 1029 367 1057 illaturus
387 1037 426 1061 es.
450 1030 597 1065 orbemque
622 1031 698 1058 solus
714 1030 741 1057 in
763 1030 924 1058 sententiam
953 1033 1025 1057 tuam

241 1075 382 1109 pertrahes
394 1075 406 1102 ?

275 1121 363 1149 Gneo.
376 1120 448 1148 Nihil
459 1121 585 1157 equidem
603 1129 715 1154 novum,
737 1122 837 1156 inquit.
853 1126 901 1149 aut
913 1122 947 1148 al)
962 1128 1028 1156 apo-

242 1167 337 1195 stolica
357 1167 408 1195 ﬁde
421 1168 551 1200 alienum,
567 1168 608 1195 vel
632 1168 689 1203 ipse
706 1168 822 1203 cogitavi
839 1175 970 1202 unquam,
985 1167 1027 1194 vel

241 1213 310 1241 alios
324 1213 422 1246 docui;
436 1213 483 1241 sed
501 1221 681 1248 quacunque.
691 1213 768 1248 juxta
781 1221 887 1241 sacram
905 1212 1027 1247 Scriptu-

218 1272 223 1278 -
243 1266 312 1290 ram,
329 1258 489 1289 audivimus,
504 1263 527 1285 et
548 1259 716 1294 cognovimus
738 1267 780 1291 ea,
797 1263 821 1286 cl
836 1264 924 1293 patres
941 1258 1027 1285 nostri

242 1308 416 1331 narraverunt
428 1303 504 1331 nobis
521 1304 555 1335 νο.
569 1303 626 1331 haec
638 1305 782 1336 seutitnus,
793 1304 852 1332 haec
866 1304 1003 1338 loquimur
1020 1313 1026 1331 :

243 1351 268 1376 in
290 1349 332 1377 his
345 1357 547 1384 pertuanemtts,
563 1357 623 1384 qua:
637 1350 812 1382 credidimus,
827 1357 860 1377 ac
879 1350 957 1376 nobis
969 1357 1029 1377 cre-

241 1394 295 1421 dita
307 1399 382 1428 sunt,
394 1395 513 1423 scientes
525 1403 603 1430 aquo
615 1395 790 1423 didicerimus
803 1395 837 1423 “.
853 1394 912 1423 Non
935 1395 1030 1422 huma-

244 1440 286 1468 nis
326 1440 522 1475 cogitationum
553 1441 705 1469 rationibus
730 1441 890 1469 inconcessa
907 1462 914 1474 ,
943 1441 1031 1476 iisque

243 1487 383 1514 inaccessa
397 1487 525 1513 metimur
542 1495 549 1513 :
574 1494 662 1521 neque
680 1491 806 1514 naturam
833 1487 906 1513 nulla
934 1488 1031 1513 verbo-

244 1539 302 1558 rum
317 1531 342 1558 vi
357 1531 559 1566 explieabilem,
573 1538 605 1558 ac
622 1539 702 1565 quam
720 1538 799 1557 nemo
815 1530 957 1564 intelligat,
969 1530 1030 1557 dia-

243 1577 348 1604 lecticis
365 1577 499 1604 methodis
512 1577 693 1611 pensitamus.
721 1575 814 1610 Neque
833 1576 905 1603 enim
923 1581 951 1603 ut
970 1576 1031 1610 qui-

245 1623 359 1650 busdam
388 1623 473 1649 moris
493 1626 545 1654 est,
574 1626 672 1657 prreter
697 1629 728 1649 ea
751 1629 812 1656 quae.
841 1622 928 1649 sacris
953 1622 1031 1649 nobis

244 1668 362 1695 oraculis
375 1667 498 1702 exposita
512 1672 586 1700 sunt,
597 1667 787 1694 contumacius
799 1667 946 1701 quidquam
964 1675 1032 1701 pra:-

245 1712 392 1740 sumimus.
405 1712 501 1740 Omnis
515 1712 598 1747 igitur
609 1712 654 1746 qui
670 1720 702 1738 ex
719 1712 774 1738 Deo
788 1718 840 1745 est,
856 1716 1033 1746 nostramque

245 1757 321 1784 audit
335 1764 439 1788 vocem,
453 1764 484 1783 ac
501 1764 583 1791 quam
605 1757 742 1791 loquimur
770 1756 910 1784 veritatem
950 1764 1032 1791 agno-

246 1810 326 1830 scens
346 1811 352 1830 :
373 1809 426 1829 non
438 1802 516 1829 nobis
525 1801 692 1836 simpliciter,
709 1802 755 1830 Sed
773 1802 822 1836 ipsi
837 1802 926 1836 plane,
940 1806 1031 1828 nostra

246 1855 338 1883 opera,
354 1847 461 1875 veritati
477 1847 592 1880 accedit,
605 1848 685 1883 eique
694 1848 868 1876 conciliatur.

281 1894 372 1922 Pater.
394 1894 463 1927 Quid
487 1902 569 1929 ergo,
591 1894 689 1929 inquit,
710 1894 833 1921 videmur
850 1894 902 1921 tibi
923 1902 974 1921 non
999 1902 1033 1921 ex

248 1940 303 1967 Deo
328 1947 360 1966 ac
379 1940 489 1966 veritate
508 1947 557 1967 nos
567 1947 638 1973 esse,
659 1940 730 1975 quod
746 1944 838 1967 vestro
854 1940 1035 1967 consubstan-

248 1985 306 2012 tiali
327 1992 380 2012 non
402 1985 548 2012 admodum
575 1985 743 2012 assentimur
764 1992 770 2010 :
793 1992 881 2018 neque
902 1984 975 2010 enim
1001 1993 1034 2011 ex

249 2031 397 2066 Scripturis
411 2031 552 2063 habemus,
571 2035 599 2057 ut
623 2031 647 2057 ei
663 2037 739 2058 certo
758 2038 900 2057 assensum
914 2030 1035 2064 praebea-

249 2084 320 2103 mus.
338 2076 410 2109 Quid
429 2084 493 2104 vero
512 2075 559 2103 tibi
573 2098 580 2109 ,
597 2076 643 2110 qui
665 2083 714 2103 nec
730 2076 902 2110 imperatoris
919 2075 1035 2102 decretis

249 2123 417 2155 consentias,
431 2123 513 2157 inque
535 2126 640 2149 tantum
662 2122 800 2156 Opinionis
822 2121 922 2150 fastum
941 2130 1035 2150 vecors

249 2169 389 2201 evaseris,
409 2175 458 2195 nec
477 2175 540 2194 eum
567 2172 642 2194 lauto
659 2169 849 2202 episcoporum
877 2173 947 2195 coetu
972 2176 1036 2195 con-

1078 266 1221 292 ageremus
1235 259 1272 291 ⁹³;
1289 257 1400 292 jamque
1412 256 1480 284 adeo
1492 263 1545 283 non
1558 262 1590 282 ex
1605 255 1660 282 alio
1671 255 1728 286 alii,
1744 255 1862 290 alioque,

1077 303 1124 330 sed
1151 312 1184 330 et
1211 303 1320 330 Christo
1342 310 1437 330 omnes
1462 306 1518 329 turn
1544 308 1777 336 nuncuparemur,
1805 305 1862 328 tum

1077 356 1212 381 essemus,
1228 349 1273 383 qui
1295 349 1329 376 ad
1342 356 1422 375 unam
1454 348 1631 383 eamdemque
1645 355 1721 383 spem
1741 347 1864 375 vocatio-

1079 395 1121 422 nis
1137 395 1238 429 paritcr
1252 402 1426 422 curreremus
1441 395 1475 421 ".

1114 441 1183 474 Quia
1210 448 1275 467 vero
1303 440 1446 472 nonnulli,
1476 439 1559 467 animi
1589 440 1680 474 potius
1709 439 1863 474 pravitate,

1077 494 1160 521 quam
1175 486 1293 518 inscitia,
1311 486 1334 514 si
1352 490 1434 513 certa;
1447 485 1565 517 veritati,
1585 485 1722 519 clarisque
1739 485 1864 512 testimo-

1078 533 1141 565 niis,
1167 539 1199 559 ac
1225 531 1436 558 auctoritatibus
1460 530 1622 558 obnituutur
1637 539 1644 557 :
1661 535 1725 565 puta
1744 530 1789 562 iis,
1802 537 1864 564 qua:

1079 579 1112 605 ad
1126 577 1224 605 Filium
1242 581 1377 612 spectant,
1397 576 1471 611 quod
1488 576 1534 603 Dei
1551 583 1642 603 sermo
1664 583 1727 603 cum
1741 579 1813 602 esset
1835 575 1862 601 in

1078 623 1222 658 principio,
1233 627 1292 649 erat
1303 622 1374 657 apud
1388 621 1496 649 Patrem
1507 622 1543 653 ",
1561 625 1588 648 et
1602 621 1670 648 Deus
1683 624 1761 652 erat;
1777 620 1864 655 quod-

1078 677 1131 704 que
1160 668 1340 702 Unigenitus,
1360 673 1387 695 et
1400 667 1473 702 quod
1502 668 1529 694 in
1547 667 1607 694 sinu
1622 666 1719 694 Patris.
1735 666 1803 701 Ego,
1822 665 1865 692 in-

1078 716 1147 750 quit,
1165 716 1192 742 ἰιι
1209 715 1300 749 Patre,
1314 720 1338 742 et
1362 713 1444 741 Pater
1465 714 1492 739 in
1516 721 1556 740 me
1579 718 1618 740 est
1633 712 1669 738 ".
1696 711 1750 744 Et,
1764 713 1819 746 Ego
1840 716 1864 737 et

1078 760 1160 787 Pater
1184 769 1266 787 unum
1279 768 1369 788 sumus
1379 760 1412 786 ³⁷.
1425 759 1504 793 Quod
1516 759 1579 786 item
1595 758 1722 793 splendor
1729 757 1822 793 gloria:
1830 757 1864 789 ⁸⁸,

1079 814 1110 834 ac
1134 806 1220 840 ﬁgura
1239 810 1358 839 paterna:
1372 803 1542 833 substantiae.
1567 803 1593 829 id
1610 807 1663 834 est,
1678 803 1770 838 imago
1788 802 1866 828 inva-

1079 851 1199 883 riahilis,
1229 851 1322 878 divino
1354 850 1440 877 Paulo
1471 849 1635 884 praedicatus
1666 852 1730 880 est;
1758 854 1864 874 necnon

1078 897 1150 928 aliis,
1170 896 1270 931 quibus
1285 896 1379 923 eadem
1401 895 1509 923 deitatis
1521 900 1619 922 natura
1638 893 1778 921 astruitur.
1799 892 1866 925 Quae

1078 951 1143 971 vero
1167 947 1290 978 spectant
1318 942 1352 969 ad
1381 941 1525 976 Spiritum,
1546 940 1620 975 quod
1648 939 1780 966 Dominus
1806 943 1864 970 est,

1079 989 1152 1024 quod
1174 989 1266 1020 mittit,
1293 987 1365 1023 quod
1387 987 1439 1014 sibi
1459 987 1589 1021 templum
1605 985 1686 1012 efﬁcit
1711 985 1744 1016 ",
1760 992 1792 1011 ac
1806 984 1865 1010 dei-

1079 1036 1159 1067 ﬁcat;
1178 1034 1252 1070 quod
1269 1033 1377 1069 operari
1401 1041 1464 1061 eum
1481 1032 1562 1060 sicuti
1579 1031 1635 1058 vult
1655 1031 1675 1064 ‘,
1688 1038 1719 1058 ac
1736 1030 1807 1057 dona
1825 1024 1867 1056 di-

1078 1081 1170 1109 videre
1193 1084 1308 1108 lestante
1320 1079 1463 1115 Scriptura
1489 1079 1499 1094 '
1517 1077 1655 1112 proditum
1679 1080 1738 1110 est;
1755 1075 1866 1110 quibus,

1079 1128 1195 1162 aliisque
1220 1126 1355 1161 plurimis,
1376 1125 1436 1160 ejus
1451 1131 1561 1159 quoque
1588 1131 1651 1151 cum
1682 1122 1762 1149 Patre
1779 1121 1867 1152 socia,

1079 1181 1188 1208 unaque
1201 1172 1351 1200 dominatio
1366 1171 1532 1199 ostenditur.

1114 1219 1183 1252 Quia
1201 1218 1282 1253 igitur
1298 1217 1372 1244 nulla
1394 1221 1530 1244 tantorum
1555 1214 1673 1250 Spiritus
1686 1212 1867 1241 ‘lestimonio-

1079 1272 1139 1292 rum
1163 1263 1313 1291 reverentia
1338 1262 1425 1294 ducti,
1451 1269 1506 1289 non
1522 1261 1635 1288 horrent
1648 1259 1805 1287 creatricem
1835 1264 1869 1285 ac

1080 1310 1243 1337 effectricem
1271 1309 1393 1336 omnium
1426 1314 1539 1335 causam
1568 1305 1666 1333 creatis
1699 1311 1868 1336 acrensere;

1081 1357 1203 1391 liuntque
1221 1359 1346 1383 creatura
1374 1361 1508 1388 nequam,
1538 1353 1584 1387 qui
1608 1350 1682 1378 omni
1704 1350 1807 1384 pttdore
1823 1355 1867 1376 se-

1082 1406 1164 1432 moto.
1186 1405 1312 1428 naturam
1332 1399 1406 1427 omni
1420 1398 1586 1433 superiorem
1600 1396 1753 1427 dominatu,
1766 1395 1794 1422 in
1809 1402 1868 1422 ser-

1081 1447 1193 1474 vitutem
1209 1446 1365 1481 arrogantia
1400 1453 1433 1472 ac
1447 1443 1574 1479 superbia
1596 1442 1749 1474 detrahant,
1769 1448 1819 1468 nec
1834 1447 1867 1467 ex

1082 1491 1180 1525 scipsis
1199 1491 1332 1517 hactenus
1347 1489 1498 1524 intelligere
1517 1487 1668 1518 voluerint,
1693 1493 1755 1513 cum
1785 1484 1870 1511 animi

1045 1551 1066 1580 ο
1083 1536 1198 1562 interior
1209 1535 1291 1566 ratio,
1313 1539 1396 1568 atque
1409 1533 1484 1561 notio
1499 1540 1531 1560 es
1549 1536 1639 1558 mente
1659 1530 1732 1558 nulla
1744 1529 1872 1564 passione

1085 1589 1117 1609 ac
1131 1581 1260 1612 ﬁuxione,
1280 1580 1354 1607 nulla
1369 1578 1500 1614 temporis
1516 1578 1588 1604 inter
1599 1576 1729 1611 capedine
1744 1581 1871 1606 nascens,

1084 1632 1166 1660 atque
1186 1634 1200 1653 a
1221 1627 1348 1661 gignente
1364 1622 1570 1658 inseparabilis,
1596 1629 1712 1657 quaeque
1728 1621 1793 1647 item
1813 1627 1872 1646 ser-

1086 1672 1175 1700 monis
1194 1671 1348 1706 prolatione
1362 1670 1396 1697 ad
1416 1677 1526 1697 sensum
1543 1669 1653 1699 transit,
1669 1667 1791 1702 ejusdem
1809 1673 1871 1693 cum

1087 1721 1175 1743 mente
1189 1717 1286 1742 horum
1305 1719 1417 1749 parente
1429 1719 1532 1740 naturae
1542 1713 1614 1746 sint;
1630 1719 1693 1739 vero
1710 1711 1792 1738 etiam
1811 1718 1873 1744 pro-

1086 1762 1148 1797 pius
1160 1766 1234 1789 eerta
1249 1762 1366 1796 quadam
1389 1760 1494 1787 ratione
1521 1758 1567 1793 qui
1587 1766 1619 1785 ex
1643 1757 1722 1784 Patre
1737 1756 1872 1783 luminum

1086 1809 1159 1836 velut
1170 1813 1305 1836 coaeterna
1316 1807 1440 1842 quaedam
1450 1806 1572 1841 germina
1584 1804 1731 1834 exsistunt,
1747 1801 1872 1836 ejusdem

1087 1855 1184 1882 merito
1207 1859 1311 1881 naturae
1330 1860 1391 1880 cum
1412 1852 1534 1887 genitore
1548 1851 1647 1878 debere
1662 1847 1824 1876 existimari.

1120 1898 1150 1925 Id
1167 1905 1230 1925 vero
1248 1898 1275 1924 in
1294 1904 1379 1924 causa
1396 1900 1449 1928 est,
1467 1900 1497 1923 ut
1510 1895 1561 1930 ipsi
1575 1895 1609 1922 ab
1620 1901 1715 1921 eorum
1731 1900 1781 1920 nos
1796 1899 1872 1919 com-

1088 1944 1228 1976 munione,
1247 1942 1322 1969 velut
1339 1941 1384 1976 qui
1402 1941 1516 1968 adversa
1529 1939 1636 1967 veritati
1654 1939 1780 1973 dogmata
1794 1937 1874 1964 indu-

1088 1994 1161 2021 cant,
1175 1996 1229 2015 non
1240 1987 1338 2022 injuria
1350 1985 1543 2013 abscindamus
1554 1994 1561 2018 ;
1574 1992 1625 2012 nec
1635 1983 1750 2011 decretis
1763 1981 1874 2016 acquie-

1088 2043 1208 2067 scamus,
1225 2042 1257 2062 ac
1270 2033 1453 2068 impietatihus
1468 2039 1611 2058 assensum
1637 2029 1819 2065 praebeamus,
1837 2035 1869 2053 ne

1089 2082 1193 2109 scilicet
1214 2087 1305 2114 parem
1336 2079 1390 2106 illis
1418 2077 1594 2112 hlasphcmite
1617 2074 1873 2103 condemnationem

1089 2127 1283 2155 sustineamus,
1310 2124 1442 2159 quidquid
1468 2123 1527 2150 orbi
1553 2129 1625 2148 nunc
1644 2121 1770 2148 universo
1786 2119 1873 2152 impe-

1089 2180 1150 2199 rarc
1166 2171 1326 2203 videantur;
1348 2169 1398 2197 etsi
1417 2169 1497 2202 vulgo
1514 2167 1656 2194 videantur
1674 2164 1805 2200 episcopi,
1821 2163 1873 2191 etsi

251 2214 370 2240 cordiam
381 2213 472 2240 colas?
482 2212 551 2239 Num
561 2213 640 2239 times
651 2221 684 2239 ne
698 2213 725 2239 in
738 2218 764 2240 te
777 2213 834 2247 ipse
844 2220 925 2248 grave
935 2213 1036 2248 aliquid
1053 2225 1075 2252 ι)
1089 2217 1220 2244 sublimes
1242 2216 1319 2243 scdes
1350 2213 1569 2242 conscenderinl.
1586 2211 1671 2238 Nobis
1693 2209 1840 2244 siquidem.
1855 2216 1873 2235 0

251 2265 283 2285 ex
300 2258 474 2285 contentione
490 2257 643 2284 inconsulte
667 2258 813 2285 arcessas?

286 2304 371 2331 Gneo.
390 2303 506 2331 Dceebat
521 2303 642 2338 quidem,
658 2311 674 2330 o
694 2303 818 2338 praefecte
831 2303 894 2338 (qua
911 2311 1037 2331 mansue-

253 2349 357 2380 tudine,
379 2349 531 2382 blandaque
563 2349 676 2376 leuitate
705 2350 846 2383 respondit
870 2349 1035 2385 Theologus)

254 2394 385 2428 nnigeniti
404 2394 497 2429 gloria:
514 2402 565 2421 non
583 2395 749 2429 impingere;
774 2403 823 2422 nec
851 2397 982 2422 adversus
997 2396 1038 2422 di-

252 2440 307 2467 vini
325 2439 444 2474 Spiritus
460 2439 573 2467 honoris
593 2441 772 2474 aequalitntem
783 2441 880 2473 elatos,
896 2441 967 2468 illius
981 2448 1039 2467 ma»

251 2485 380 2519 jestatem
396 2493 523 2520 spernere
539 2495 546 2513 :
563 2494 614 2513 nec
630 2486 747 2520 denique
772 2491 845 2513 tanta
867 2487 1039 2514 testimonio-

254 2539 314 2558 rum
331 2531 452 2566 neglecta
469 2532 557 2566 copia,
570 2532 671 2566 quibus
684 2531 758 2559 Patri
773 2533 876 2560 honore
895 2540 1040 2567 coaequau-

254 2581 309 2608 tur,
325 2576 508 2604 deterioribus
526 2577 647 2604 animum
666 2577 839 2612 opinionibus
855 2577 975 2604 inﬁcere.
995 2578 1041 2604 Sic

254 2621 327 2648 cnim
349 2629 405 2649 una
421 2622 481 2650 ﬁdei
509 2623 693 2655 confessione,
714 2624 867 2658 mentisque
882 2624 1040 2656 concordia,

256 2668 343 2696 tribus
356 2669 618 2696 sanctiﬁcationibus
631 2669 704 2696 velut
730 2669 860 2696 sublimes
885 2668 1039 2703 Seraphin].

258 2722 338 2742 unam
371 2715 597 2747 dominationem,
626 2722 657 2742 ac
689 2715 818 2742 Deitatem
849 2715 990 2742 laudantes
1005 2716 1040 2746 θ’,

292 2783 315 2799 ⁸⁸
331 2782 412 2811 llcbr.
431 2791 480 2815 ιιι,
502 2783 544 2809 Η.
575 2783 598 2799 ³⁰
613 2782 686 2809 Psal.
700 2792 785 2815 Lxxn,
803 2784 828 2810 5.

874 2785 894 2799 “
914 2784 934 2810 ll
948 2784 1019 2810 Tim.
1043 2785 1142 2815 111,“.

1089 2262 1246 2297 spet-taudc,
1273 2261 1453 2295 imperatores
1477 2266 1531 2284 non
1559 2263 1691 2291 purpura,
1708 2255 1756 2282 sed
1772 2254 1876 2281 virtute

1089 2308 1194 2335 nobiles
1220 2312 1302 2341 atque
1320 2305 1416 2340 inclyti
1441 2313 1447 2331 :
1465 2311 1517 2330 non
1533 2310 1614 2334 auro,
1630 2305 1754 2336 argento.
1769 2300 1874 2335 pretio-

1089 2353 1261 2387 sissitnisque
1276 2351 1392 2385 capillis,
1409 2349 1450 2376 vel
1466 2355 1533 2375 atlro
1559 2346 1710 2381 compactis
1728 2346 1873 2376 curribus,

1089 2407 1136 2426 seu
1153 2397 1258 2432 magnis
1283 2395 1448 2423 exercitibus
1474 2393 1583 2429 augusti
1619 2400 1651 2420 ac
1677 2392 1875 2422 formidabiles,

1092 2443 1138 2472 sed
1164 2443 1224 2470 lidei
1247 2442 1415 2473 sinceritate,
1434 2447 1552 2474 veraque
1574 2447 1606 2466 ac
1623 2439 1739 2474 genuina
1756 2445 1819 2470 erga
1838 2437 1878 2463 di-

1092 2489 1184 2515 vinum
1198 2486 1302 2514 Numen
1319 2486 1471 2513 affectione.
1491 2485 1637 2518 Episcopos
1649 2487 1739 2510 autem
1759 2490 1812 2508 non
1830 2489 1877 2508 eos

1093 2534 1205 2561 omnino
1234 2531 1375 2561 habemus.
1403 2530 1449 2564 qui
1475 2529 1691 2557 sacerdotalibus
1717 2526 1880 2562 praefulgent

1093 2579 1182 2609 stolis,
1197 2584 1279 2612 atque
1294 2575 1406 2608 infulis;
1431 2575 1476 2602 sed
1497 2575 1544 2609 qui
1568 2575 1642 2600 velut
1657 2573 1767 2607 poderc,
1789 2571 1815 2598 id
1838 2576 1880 2598 est

1095 2625 1184 2657 talari,
1203 2624 1285 2651 etiam
1305 2623 1403 2649 virtute
1424 2621 1514 2648 amicti
1531 2625 1611 2652 sunt;
1628 2624 1785 2652 rectumque
1801 2617 1879 2643 [idem

1097 2670 1171 2697 velut
1183 2669 1314 2696 rationale
1327 2667 1421 2702 judicii
1437 2667 1458 2698 ⁸,
1471 2670 1498 2693 et
1510 2667 1663 2696 veritatem,
1678 2668 1705 2690 ct
1721 2662 1881 2689 manifesta-

1096 2717 1197 2743 tionem
1212 2716 1237 2742 in
1256 2720 1374 2750 pectore,
1394 2713 1533 2747 animique
1548 2710 1698 2746 precordiis
1715 2713 1833 2744 gestant.

1189 2784 1211 2799 δ’
1229 2783 1280 2809 lsa.
1300 2791 1336 2812 vr,
1351 2782 1376 2808 5i.
1416 2781 1438 2796 ”
1460 2780 1468 2806 l
1485 2780 1549 2806 Cor.
1570 2786 1597 2810 x,
1616 2778 1662 2809 17;
1680 2776 1689 2802 l
1707 2775 1769 2812 Cor.
1785 2782 1821 2804 Vl,

258 2819 280 2833 ἰ
300 2808 572 2851 ΕςίιιὲέξινΪῖ-ᾸΪΗ
590 2808 667 2844 ιοιιιι.
681 2808 740 2847 ιῘι
756 2808 785 2844 εἴ
801 2808 840 2844 is.
877 2819 900 2834 η
915 2808 1031 2846 ιῖσεῖιῖξὲι

1082 2808 1162 2845 life
1178 2808 1301 2850 ιοιιιιξς,
1320 2808 1365 2844 ὲὶυ.
1397 2816 1419 2831 ο-
1436 2814 1514 2841 lit-iu".
1533 2822 1550 2846 l,
1565 2808 1594 2839 δῷ
1623 2814 1644 2827 εν
1664 2813 1683 2838 ιι
1699 2811 1760 2838 Cor,
1778 2817 1818 2842 ιιι,
1839 2808 1880 2834 ιιι.

258 2853 267 2866 ⁴
286 2854 343 2878 Act.
363 2861 401 2884 ιιι,
418 2853 451 2885 2;
482 2853 567 2880 ιαυι».
584 2853 665 2885 u,l9.
696 2853 869 2885 ⁵1ουι.λιι,
889 2855 926 2881 ΙΙ.

974 2855 983 2869 ³
1001 2854 1086 2881 Exod.

1123 2861 1217 2884 uvnt,
1247 2854 1270 2878 1.
