2089 3151
201 193 253 225 469
551 195 692 226 ORATIO
710 196 774 226 XX.
793 209 827 214 --
847 196 888 227 IN
908 196 1062 227 LAUDEM
1081 196 1112 227 S.
1132 196 1318 228 GREGORII
1337 198 1472 230 THEOL.
1762 204 1821 236 4'70

237 250 283 278 Sic
298 254 388 277 autem
406 250 554 284 animatus,
572 259 604 279 ac
620 260 681 280 cum
695 253 730 280 ita
744 253 777 281 de
792 253 835 282 his
855 253 982 285 sentiam,
999 257 1019 283 Δ
1035 253 1199 281 militudine.
1219 254 1254 281 At
1269 255 1417 290 Gregorius
1442 256 1554 292 (quippe
1564 259 1610 294 qui
1628 267 1681 287 non
1698 263 1816 290 nesciret

200 295 334 331 siquidem
360 296 513 332 ingruentia
544 297 686 326 Trinitatis
709 307 773 333 ergo
794 299 925 334 pericula,
953 307 985 326 ac
1035 298 1094 333 ejus
1106 300 1297 335 cogitationes)
1318 302 1506 332 admirandam
1523 305 1654 334 adversus
1667 308 1757 334 omnia
1770 315 1818 342 pa;

201 342 308 375 exsilia,
322 343 471 376 cruciatus,
485 348 598 372 mortem
616 346 687 380 (vita:
704 347 808 374 scilicet
822 347 984 375 immortalis
1036 345 1157 373 tientiam
1175 354 1314 381 opponens
1343 355 1376 375 ac
1403 348 1727 382 longanimitatem,lmud
1741 361 1820 381 secus

198 387 368 422 argumenta)
394 388 600 417 detrectaverim
615 398 622 423 ;
640 395 696 417 tum
712 399 776 419 vero
796 392 885 427 reipsa
905 393 986 419 innu-
1036 396 1068 417 ac
1105 390 1273 425 intnrgentes
1296 399 1418 427 spumas,
1459 393 1626 423 decumanos
1656 396 1819 431 iniuriarum

198 432 282 459 meris
299 439 342 460 me
357 432 469 467 dignum
484 433 617 462 mortibus
648 442 680 462 ac
705 436 832 470 periculis
846 436 985 465 existima-
1037 435 1136 463 ﬂuctus
1159 436 1236 464 elidit
1256 443 1262 462 :
1281 438 1328 464 sed
1343 438 1367 464 ei
1392 438 1615 468 administrorum
1631 442 1740 470 invidia:
1759 451 1819 470 om-

197 476 295 504 verim.
1034 488 1096 508 netn
1113 482 1307 517 malignitatem
1337 483 1502 519 sinistraque
1525 485 1666 513 molimina
1678 488 1818 515 convellit.

231 522 315 549 Aiunt
327 522 494 557 praefectum,
504 524 546 552 bis
557 532 589 552 ex
598 532 630 553 eo
639 526 749 558 auditis,
762 527 812 554 viri
823 528 984 562 sapientiam
1036 525 1064 554 In
1080 527 1134 554 ﬁne
1147 531 1236 555 autem
1251 535 1294 561 ea,
1318 536 1379 564 qua
1401 529 1429 556 in
1451 537 1536 558 censu
1550 535 1639 564 erant,
1658 539 1712 560 non
1726 534 1818 569 dupli-

197 568 266 607 mira
274 568 391 603 quadarn
403 569 509 598 ratione
521 570 613 598 virtuti
622 577 852 607 contemperatam
865 574 985 602 admira-
1035 572 1077 599 cia
1093 573 1196 607 recipit,
1211 574 1258 601 sed
1273 575 1365 601 multis
1381 575 1504 610 partibus
1521 576 1656 609 auctiora,
1677 578 1752 606 velut
1763 580 1818 607 sci-

197 601 252 641 tam
260 601 337 642 esse:
349 615 443 650 sicque
454 616 522 644 adeo
535 617 639 651 plebem
653 601 751 652 pietate
764 625 939 653 commotam,
952 629 977 649 at

1036 617 1098 645 licet
1113 601 1200 646 bonus
1215 619 1259 646 ille
1276 601 1389 653 servus:
1399 625 1510 656 accepta
1528 626 1663 656 potestate
1676 631 1758 658 super
1772 625 1819 652 de-

196 659 286 686 tlivina
303 660 404 687 vietam
426 661 628 695 praedicatione,
644 669 673 690 ut
683 665 818 699 ingentem
835 666 982 693 clamorem
1035 670 1093 690 cem
1113 663 1248 695 ciVilaleS.
1280 665 1403 700 Quinimo
1417 667 1503 694 inSIal‘
1519 667 1605 695 ﬁdelis
1634 675 1666 695 ac
1678 669 1818 703 prudentis

195 704 334 738 extulerit,
350 713 383 732 ac
398 707 497 733 nedum
513 708 655 743 theologia;
669 710 776 737 nomine
791 711 899 738 beatum
917 719 977 746 prze-

1035 707 1170 734 oeconomi
1186 708 1207 740 °,
1227 707 1285 742 ipse
1300 716 1410 744 quoque
1427 710 1488 745 (nec
1503 718 1629 746 magnum
1645 713 1743 748 dictu.)
1759 722 1819 741 om-

195 749 343 783 dleaverit,
365 759 458 779 verum
473 753 555 780 etiam
575 754 630 782 illic
647 755 735 789 primo
752 755 918 792 Theologum
932 765 977 792 ap-

1035 752 1115 779 nibus
1131 761 1192 789 quae
1215 758 1279 781 sunt
1295 753 1401 782 Domini
1432 756 1475 784 sui
1507 758 1678 792 praepositus.
1708 759 1819 788 Minime

194 796 344 829 pellaverit.
362 796 407 824 Sic
425 797 554 826 nimirum
570 807 683 834 prorsus
703 801 837 829 theatrum
853 810 982 837 ceperat;
1034 803 1125 826 amem
1152 799 1314 833 Pm‘dicawl‘
1329 800 1431 834 Ῑυδιυεν
1449 801 1495 829 sed
1511 802 1626 832 emCiWr
1641 813 1648 831 ε
1664 803 1819 838 Τιιεοιοττξιιε

193 840 300 875 sibique
317 841 450 876 judicium
469 844 618 878 (auditOres
641 847 755 881 scilicet)
781 848 931 876 addixerat.
945 850 977 876 At

1034 849 1125 871 autem
1158 848 1214 871 tum
1243 845 1370 878 rilicitur,
1407 851 1464 874 tum
1501 849 1644 883 magnifice
1685 852 1819 884 praedica-

192 883 354 920 Gregorium
385 887 494 921 quidem
525 896 588 917 cum
605 891 755 918 reverentia
771 892 881 920 domum
898 894 982 921 rerni-
998 918 1018 945 Β
1036 893 1090 916 lur-

192 929 278 960 sisse:
303 936 476 961 accusatores
501 941 564 961 vero
595 936 728 971 tantisper
752 937 931 974 obiurgasse,
952 945 982 968 ut

192 976 239 1008 qui
256 976 290 1002 ad
304 984 394 1004 causa:
407 985 575 1006 momentum
591 983 729 1016 arguendo
750 983 808 1011 viro
827 984 894 1012 nihil
909 990 981 1013 attu-

188 1019 292 1048 1erant.
307 1021 376 1050 Hinc
394 1024 477 1050 etiam
500 1024 554 1057 ille,
569 1026 702 1054 utdivino
719 1029 855 1063 proditum
870 1030 981 1066 eloquio

191 1070 244 1098 est,
256 1066 386 1102 majorem
403 1069 413 1084 ⁸
429 1069 456 1096 in
475 1070 572 1104 plateis
587 1072 684 1106 agebat
705 1073 853 1101 libertatem
865 1096 873 1108 ,
894 1075 978 1104 ﬁden-

191 1110 303 1147 tiusque
330 1114 419 1148 palam
441 1114 613 1150 loquebatur.
636 1116 731 1146 Omnis
757 1119 829 1146 enim
860 1122 978 1155 animus,

191 1162 254 1182 cum
276 1159 425 1186 certamina
437 1161 558 1188 necdum
570 1162 683 1196 adierit,
708 1164 868 1200 plerumque
882 1166 979 1195 fortui-

190 1199 267 1233 dare,
279 1209 362 1237 seque
382 1211 480 1238 pugnae
505 1206 674 1241 subducere;
691 1208 762 1236 lucta
776 1199 867 1238 autem
880 1212 978 1240 defun-

189 1248 261 1275 ctus.
277 1250 430 1282 auctusque
451 1248 575 1282 victoria,
600 1250 706 1279 fortiter
725 1261 756 1282 ac
776 1260 887 1284 strenue
905 1263 979 1286 amat

188 1297 282 1325 agere.

225 1334 314 1385 Homo
339 1346 406 1367 sane
429 1340 504 1370 illius
526 1342 636 1371 Ausites
650 1352 683 1373 ac
699 1345 794 1374 beatus
807 1347 977 1385 Jubus.‘praa

187 1379 299 1409 virtutis
330 1385 487 1418 praestantia
517 1387 669 1418 invidiosus
699 1390 808 1420 diabolo
835 1379 975 1428 redditus,

188 1425 285 1462 illique
299 1430 448 1463 postulanti
462 1432 588 1466 traditus,
603 1433 698 1464 liberis
709 1437 832 1471 quidem,
846 1425 976 1475 omnique

187 1472 265 1506 prius
280 1474 433 1504 substantia
461 1478 596 1513 nudatur;
613 1484 725 1517 tumque
745 1483 827 1511 etiam
848 1472 975 1519 pessimis

188 1524 306 1552 corpore
319 1519 458 1549 ulceribus
473 1523 586 1551 caeditur
598 1526 608 1541 ⁸
619 1534 626 1559 ;
639 1527 672 1553 ad
689 1527 746 1555 hrec
756 1530 888 1558 vermium
901 1532 974 1563 tabo,

186 1563 330 1599 acutisque
340 1570 449 1594 amotus
463 1567 618 1603 doloribus;
633 1578 675 1602 ac.
691 1579 753 1600 cum
767 1582 851 1602 uxore
863 1576 974 1604 demen-
988 1575 1010 1605 C

188 1607 226 1636 tia
245 1608 383 1644 loquente,
401 1615 484 1647 atque
503 1614 601 1643 amicis
619 1615 830 1653 imprudentius,
851 1628 900 1648 nec
927 1629 977 1656 pro

185 1653 228 1679 rei
247 1654 337 1682 indole
350 1657 557 1688 consolantibus
570 1668 648 1694 usus,
663 1670 713 1690 nec
730 1664 872 1692 minimum
888 1669 974 1695 emol-

185 1697 252 1725 litus
265 1704 346 1733 esset,
365 1702 405 1729 vel
423 1703 504 1730 ullam
521 1711 635 1739 prorsus
650 1707 705 1734 Deo
723 1710 865 1738 stultitiam
887 1711 977 1740 dedis-

184 1747 238 1776 set,
252 1745 394 1780 magniﬁce
403 1747 531 1783 claroque
543 1752 680 1784 pra‘conio
694 1752 720 1779 in
733 1753 786 1781 (ine
796 1756 974 1784 certaminum

185 1789 341 1818 celebratus
353 1796 396 1821 est
408 1800 416 1826 ;
430 1800 471 1826 ac,
483 1795 554 1828 quod
568 1797 692 1824 omnium
705 1801 974 1836 praestantissimum,

184 1833 259 1862 illius
278 1842 345 1863 voce
359 1838 523 1871 praedicatur
537 1840 639 1875 justus,
661 1843 706 1877 qui
727 1851 742 1870 e
759 1845 866 1873 turbine
892 1833 976 1882 atque

183 1881 304 1909 nubibus
322 1883 359 1910 illi
374 1886 565 1919 respondebat.
596 1888 646 1915 llic
666 1895 768 1922 autem,
796 1893 870 1920 nulla
901 1881 972 1921 mala

185 1927 371 1961 aemulatione,
401 1935 482 1965 atque
506 1932 592 1960 livore
613 1934 703 1961 ablata
729 1937 900 1969 substantia.
927 1941 974 1967 sed

181 1970 287 1999 Christi
317 1972 374 2008 lege
396 1981 506 2010 erogata
528 1977 554 2004 in
576 1986 710 2013 pauperes
730 1982 805 2009 omni
831 1983 973 2019 iacultate;

182 2023 235 2043 nec
253 2017 347 2044 decem
364 2019 498 2048 duntaxat
518 2022 661 2050 cenfertim
673 2044 680 2056 ,
708 2033 816 2060 unoque
834 2017 973 2058 momento

185 2062 356 2096 corporalem
375 2064 522 2092 liberorum
538 2074 683 2101 perpessus
701 2069 850 2104 interitum,
866 2074 913 2100 sed
930 2074 972 2101 in-

183 2107 395 2135 numerabilium
423 2110 508 2137 animi
541 2112 628 2139 labent
648 2113 851 2145 tabescentibus
877 2119 972 2147 dolore

183 2150 337 2179 visceribus
351 2154 490 2182 sustinens
506 2156 575 2191 ejus,
589 2159 634 2192 qui
649 2166 814 2193 expetierat,
835 2163 873 2189 ira
890 2165 972 2191 cardi-

181 2198 246 2228 tur;
261 2203 311 2223 nec
336 2205 401 2224 vero
425 2199 514 2227 solum
539 2209 664 2236 cmpore.
682 2205 747 2238 quin
771 2207 862 2240 potius
877 2209 967 2236 medio

182 2240 245 2275 ipso
265 2247 383 2276 pet-tore,
409 2249 491 2279 atque
517 2247 609 2275 animo
625 2249 734 2277 duriore
747 2251 823 2287 plaga
841 2252 966 2282 adicitur,
986 2241 1006 2268 ί)
1056 2252 1126 2286 Ergo
1142 2248 1246 2280 civitati
1270 2254 1390 2289 quidem,
1407 2255 1489 2289 inque
1508 2263 1539 2282 ea
1557 2257 1711 2291 agentibus,
1726 2262 1811 2291 atque

183 2284 319 2313 Tcntator
331 2289 404 2316 enim
429 2290 504 2318 Velut
520 2293 613 2325 armis,
634 2299 714 2329 atque
732 2284 840 2330 iaculis,
855 2300 969 2334 nequis-
1018 2298 1134 2330 civibus,
1159 2307 1220 2334 qum
1237 2300 1263 2326 in
1280 2300 1412 2335 Gregorio
1428 2306 1488 2328 erat
1512 2302 1575 2328 trini
1602 2303 1669 2330 solis
1684 2304 1808 2330 exoritur

181 2331 314 2359 simorum
340 2335 487 2369 dentibus,
506 2338 670 2374 linguisque,
689 2342 761 2369 velut
785 2345 874 2372 aeutis
900 2331 968 2374 usus
1016 2343 1078 2377 lux;
1109 2345 1256 2379 provincia!
1283 2351 1383 2378 nlllt’m,
1417 2355 1448 2374 ac
1465 2355 1526 2382 (ιηῖἓ
1540 2352 1615 2375 Eli-ra
1633 2353 1708 2382 Sum:
1730 2350 1805 2377 illius

180 2377 290 2410 gladiis,
307 2379 496 2409 hatrelicorum
515 2383 642 2418 loquendi
659 2387 779 2421 lit-entia,
798 2394 879 2424 atque
900 2399 965 2425 pt'll-

1027 2377 1202 2416 [estituuntur
1217 2390 1327 2418 luminis
1347 2392 1492 2419 claritate?
1505 2397 1552 2419 aut
1569 2393 1665 2421 vicinis
1681 2394 1806 2428 quidem,

181 2422 235 2448 ritu
250 2425 378 2452 continue
390 2431 518 2461 tanquam
533 2432 722 2462 mucronibus.
739 2432 814 2467 ferit;
834 2422 965 2470 percutit-
1017 2442 1067 2461 nec
1091 2435 1198 2470 longius
1222 2436 1327 2463 diSSiliS
1357 2438 1499 2472 ll|80108i33
1513 2438 1758 2473 εριεηάοτὶιιυθθι,
1774 2441 1807 2467 ad

179 2469 969 2516 queblasphemiisanimum;atqueeorumopera,quisi-
1021 2487 1069 2507 eos
1093 2486 1182 2508 autem
1206 2482 1253 2516 qui
1281 2483 1375 2517 procul
1402 2484 1499 2510 remoti
1515 2489 1590 2516 sunt,
1619 2493 1652 2513 ac
1685 2491 1808 2513 extrema

180 2515 765 2557 mulatalide,amiciliamproﬁtebantur(in
777 2515 966 2557 quibusetiam
1022 2529 1101 2553 terrm
1131 2515 1288 2560 occupant,-
1305 2535 1463 2554 sermonum
1490 2528 1576 2562 gratia
1603 2537 1658 2556 non
1679 2529 1809 2564 attingit?

180 2558 233 2586 fuit
244 2560 380 2590 Maximus
393 2563 527 2598 Cynicus;
546 2567 625 2601 cujus
640 2576 690 2602 pro
705 2569 806 2605 Cynica
818 2572 908 2600 indole
921 2581 968 2600 su-
1022 2577 1068 2598 aut
1082 2572 1205 2606 pervenit
1223 2573 1331 2607 quidem
1344 2574 1426 2600 etiam
1439 2574 1471 2600 ad
1485 2574 1556 2606 illos,
1569 2575 1686 2603 obscure
1698 2576 1808 2602 tamen?

180 2606 336 2640 percilium,
352 2617 513 2646 morumque
526 2612 772 2647 impudentiach
784 2617 906 2649 insidias,
924 2627 970 2646 ve-
1022 2622 1066 2643 aut
1080 2617 1152 2644 clare
1163 2618 1283 2652 quidem.
1304 2623 1332 2646 at
1347 2627 1399 2646 non
1417 2619 1540 2653 ﬁrmiter,
1558 2625 1586 2647 et
1607 2625 1634 2648 ut
1651 2620 1806 2655 perennet?

180 2651 221 2678 lnt
230 2655 336 2682 cunctis
352 2661 442 2689 notas,
458 2657 603 2693 dimittam)
618 2661 708 2693 omni,
723 2667 752 2688 ul,
774 2663 855 2690 verbo
867 2664 965 2698 dicam,
1022 2651 1257 2698 Haudquaquam;
1272 2665 1319 2692 sed
1331 2669 1428 2692 cuncta
1444 2665 1525 2692 simul
1541 2671 1649 2700 purgat,
1659 2665 1806 2693 illuminat.

181 2699 318 2730 machina.
333 2708 364 2727 ac
379 2707 439 2730 arte
465 2705 618 2735 commode.
638 2705 809 2735 incommode
840 2710 959 2742 admota,

1027 2709 1137 2742 perﬁcit.
1168 2708 1270 2743 Purgat
1288 2709 1398 2744 quidem
1424 2699 1674 2745 hteresisipia’eulo.
1689 2717 1736 2736 eos
1758 2709 1804 2742 qui

180 2749 234 2775 qua
249 2742 294 2770 ille
307 2744 438 2780 fulgebat,
451 2748 590 2776 veritatem
601 2750 772 2786 redarguere,
783 2753 888 2787 sibique
903 2762 962 2781 eam
1019 2742 1172 2789 ignarantia
1200 2755 1264 2782 olim
1293 2756 1471 2789 tenebantur;
1499 2756 1604 2783 eximiae
1635 2764 1666 2782 ac
1687 2755 1807 2782 caelestis

181 2786 322 2815 vindicare
345 2794 431 2818 tenlat
443 2792 559 2820 actionis
581 2796 791 2830 necessitudine,
810 2786 852 2825 ac?
864 2807 913 2833 pro
928 2799 965 2826 si-
1020 2801 1225 2835 prtedicationis
1237 2801 1335 2829 divinis
1349 2802 1532 2834 sermonibus,
1549 2801 1702 2834 illuminat;
1720 2808 1805 2835 augu-

1069 956 1138 985 llinc
1153 957 1283 991 Trinitas,
1295 959 1367 986 haud
1378 967 1458 988 secus
1470 968 1502 988 ac
1512 961 1616 996 lampas
1630 963 1702 990 trino
1712 964 1819 999 fulgens

1032 1001 1145 1034 lumine,
1165 1003 1264 1031 eximie
1278 1004 1304 1030 in
1314 1012 1347 1032 eo
1362 1012 1487 1037 accensa,
1502 1014 1556 1033 non
1570 1007 1625 1039 jam
1641 1008 1740 1036 silentii
1762 1018 1819 1037 mo-

1031 1047 1077 1074 dio
1094 1048 1179 1082 premi
1200 1050 1352 1077 sustinebat
1370 1059 1376 1078 :
1393 1051 1512 1086 noniam
1526 1052 1559 1079 ad
1574 1060 1621 1080 eos
1652 1054 1817 1089 indulgentia

1031 1094 1160 1121 utendum
1176 1095 1369 1128 arbitrabatur,
1386 1104 1500 1131 quorum
1517 1097 1677 1126 imbecillior
1691 1101 1818 1128 eratani-

1031 1146 1109 1171 mus;
1122 1139 1168 1166 sed
1182 1140 1252 1167 sicut
1269 1141 1455 1169 lucidissimus
1467 1142 1519 1170 iste
1535 1144 1587 1175 sol,
1602 1144 1658 1179 iam
1676 1151 1756 1173 terrae
1770 1154 1816 1174 so-

1029 1183 1103 1211 lutus
1118 1185 1191 1216 sinu,
1211 1184 1292 1220 inque
1307 1187 1473 1216 horizontem
1498 1193 1569 1216 terra
1581 1191 1751 1226 superiorem
1767 1194 1817 1219 mi-

1028 1229 1155 1257 cantibus
1173 1231 1256 1258 radiis
1268 1232 1400 1266 tantisper
1413 1234 1589 1267 prominens;
1606 1236 1737 1264 hactenus
1752 1239 1817 1272 qui-

1026 1275 1087 1302 dem
1106 1284 1227 1304 summos
1242 1278 1374 1305 montium
1391 1280 1504 1307 vertices
1529 1289 1638 1308 sensum
1668 1283 1728 1310 luce
1752 1291 1816 1318 per-

1027 1321 1155 1354 fundens,
1177 1323 1260 1350 densa
1279 1325 1451 1352 tenebrarum
1467 1326 1500 1353 ad
1525 1330 1604 1354 terrae
1618 1335 1685 1355 cava
1703 1333 1816 1357 contru-

1026 1366 1084 1394 dit:
1115 1368 1302 1404 paulatimque
1327 1377 1503 1404 promovens,
1533 1373 1646 1401 omnino
1668 1374 1813 1409 caliginem

1024 1411 1140 1446 dissipat
1150 1417 1232 1448 atque
1244 1414 1363 1448 dispellit
1378 1436 1382 1439 .
1401 1415 1616 1451 universumque
1624 1418 1717 1445 orbem
1735 1423 1817 1448 term

1025 1458 1120 1484 mundi
1135 1460 1274 1486 communi
1291 1459 1352 1487 luce
1378 1461 1496 1488 ubertim
1521 1462 1658 1497 inipartit;
1676 1464 1728 1491 nisi
1748 1465 1813 1499 quid

1024 1510 1056 1530 81
1071 1511 1165 1531 eorum
1192 1512 1291 1538 genere
1307 1511 1357 1539 est,
1388 1514 1449 1541 quae
1480 1513 1558 1534 IlOClll
1587 1514 1746 1543 pascuntur,
1765 1519 1814 1538 nec

1026 1549 1092 1576 solis
1106 1550 1196 1578 radios
1209 1550 1279 1579 ferre
1298 1558 1432 1586 possunt;
1447 1553 1488 1581 sic
1498 1554 1627 1582 nimirum
1643 1561 1815 1590 comparata,

1028 1599 1057 1622 ut
1071 1595 1140 1632 lucis
1151 1597 1310 1625 excellentia
1324 1605 1416 1625 eorum
1427 1606 1480 1627 non
1493 1605 1546 1627 tam
1563 1601 1714 1628 illustretnr
1725 1603 1812 1635 visus,

1028 1647 1109 1674 quam
1125 1641 1282 1675 deteratur;
1301 1648 1348 1670 aut
1359 1649 1471 1678 propter
1479 1649 1587 1672 meatus
1598 1645 1746 1673 inferenda:
1758 1648 1816 1675 luci

1028 1693 1082 1713 non
1105 1686 1231 1720 idoneos,
1258 1696 1308 1715 nec
1334 1689 1400 1716 satis
1418 1690 1567 1724 explicatos
1590 1696 1618 1719 ut
1639 1692 1817 1727 splendorem

1026 1732 1173 1766 recipiant;
1207 1733 1363 1768 cuiusmodi
1389 1735 1473 1763 lustra
1505 1737 1587 1769 subit,
1617 1745 1648 1764 ac
1674 1743 1812 1772 petrarum

1027 1784 1134 1810 specus.
1151 1778 1196 1804 Sic
1210 1786 1320 1813 quoque
1332 1778 1497 1818 Gregorius;
1518 1782 1584 1816 quin
1600 1783 1689 1816 potius
1704 1793 1765 1818 qua:
1784 1785 1811 1811 in

1026 1822 1072 1849 illo
1086 1823 1159 1850 velut
1171 1823 1236 1850 orbe
1252 1824 1318 1851 solis
1338 1815 1422 1852 rutilo
1430 1815 1588 1860 quiescebat
1600 1815 1734 1860 Trinitas,
1752 1829 1808 1863 pri-

1027 1875 1100 1894 mum
1115 1873 1205 1895 mente
1222 1869 1396 1898 sublimiores
1409 1870 1559 1904 illustrans,
1577 1877 1689 1908 ttttnque
1702 1882 1814 1902 multem

1026 1913 1150 1940 animum
1165 1913 1225 1940 luce
1237 1914 1350 1949 dignum
1371 1917 1482 1943 amabili
1498 1917 1611 1945 scientia
1635 1918 1752 1953 replens,
1770 1919 1813 1947 fe-

1028 1957 1116 1984 rinum
1130 1966 1208 1985 omne
1223 1965 1327 1993 pectus,
1344 1968 1510 1996 sensumque
1523 1963 1636 1991 affectus
1662 1972 1676 1990 a
1705 1966 1816 1991 ratione

1025 2003 1107 2030 alieni
1137 2004 1282 2032 alumnum
1311 2010 1390 2034 terrm
1415 2008 1516 2035 abditis
1541 2009 1688 2036 obscurum
1712 2010 1811 2037 tradit:

1024 2056 1122 2084 nempe
1139 2057 1192 2076 non
1204 2049 1333 2078 ferentem
1350 2052 1434 2079 divini
1466 2053 1532 2080 radii
1558 2054 1706 2089 spiritalem
1748 2056 1810 2083 illii-

1024 2095 1202 2128 strationem;
1219 2100 1301 2131 atque
1312 2097 1372 2125 ideo
1384 2098 1504 2127 divinam
1520 2100 1691 2134 repellentem
1710 2101 1808 2132 lucem,

1024 2140 1098 2175 quod
1115 2141 1155 2167 vel
1170 2141 1241 2169 malo
1255 2147 1361 2170 natura;
1380 2143 1470 2177 genio,
1497 2144 1538 2171 vel
1555 2145 1640 2172 animi
1664 2147 1808 2180 pravitate,

1023 2186 1212 2214 excellentiam
1228 2183 1363 2216 bonitatis'
1371 2190 1509 2223 suscipere
1523 2197 1576 2218 non
1588 2191 1684 2225 possit.

211 2878 219 2892 ‘
231 2877 310 2905 Prov.
326 2887 342 2912 ι,
357 2879 401 2908 ΞΟ.
448 2883 457 2897 θ
473 2881 523 2910 Job
539 2892 587 2916 xtl,
605 2890 668 2917 etin,
681 2887 726 2913 42.
783 2888 792 2902 "
809 2887 874 2914 Luc.
894 2896 948 2916 xw.
966 2889 1008 2915 17.
