2089 3151
248 153 299 185 471

841 150 986 182 ΝΙΟΕΤλΕ
1006 151 1229 182 PAPHLAGON
1233 152 1268 182 IS

1822 146 1876 177 472

248 209 377 237 latissimis
391 209 572 237 divinissimzc
582 213 688 238 natura
698 209 820 244 ejusdem
831 209 1033 244 conjunctionis
1048 212 1069 239 Α
1084 209 1208 239 edoctus,
1238 207 1293 235 veri
1311 214 1420 242 quaque
1441 204 1610 232 tabernaculi
1635 203 1747 238 figuram
1763 210 1795 229 ex
1814 211 1876 230 um-

248 255 331 282 radiis
347 255 510 287 concilians,
527 256 648 290 perficit.

282 300 340 328 Non
357 302 480 330 me—latet
501 310 533 330 eo
548 303 660 338 provehi
675 303 825 330 oralionem
839 323 846 335 ,
864 306 903 334 ut,
919 309 971 337 qua
985 310 1035 328 ex-

246 347 334 374 currit
362 348 529 382 prolixitate,
550 349 605 384 jam
633 356 741 376 nausea
766 349 827 381 ﬁat;
856 348 1035 383 quamobrem

246 394 350 428 duplici
371 395 513 423 distrahor
525 396 633 428 atiectn,
654 396 772 430 hincque
793 394 856 422 inde
880 394 978 422 studiis
994 401 1037 421 se-

247 448 306 468 ‹·οι·.
324 440 393 468 Nam
407 447 496 469 metus
508 442 616 475 quidem
635 449 667 468 ne
681 441 818 475 plerisque
834 441 986 472 molestior,
1005 447 1037 467 ac

247 486 340 514 decori
361 487 465 515 inscius
480 487 581 518 videar,
601 486 736 513 sermonis
751 486 816 513 mihi
847 486 977 520 impetum
996 485 1037 512 in-

251 533 335 560 hibet.
352 533 386 560 At
402 533 467 568 quid
480 532 587 568 patior?
601 533 702 566 quippe
723 532 806 559 etiam
832 532 901 559 alias
914 539 974 559 eum
995 539 1038 558 re-

250 580 358 607 mittere
375 587 429 606 non
448 579 525 610 sinit,
552 580 598 613 qui
618 578 689 613 cogit
709 586 797 610 amor,
823 578 933 612 vimque
950 577 1014 604 facit
1031 586 1037 603 :

251 631 391 660 totumque
405 625 515 660 peritus
530 631 699 659 expugnans,
715 624 767 651 sibi
788 623 877 658 palam
897 624 1037 651 addicens.

249 673 275 699 ls
289 679 406 705 namque
418 670 547 705 Tlieologi
559 674 615 697 tum
626 678 782 697 sermonum
798 670 1039 705 magniﬁcentiam,

250 723 306 744 tum
325 716 444 744 divinam
462 723 571 743 morum
593 715 779 750 praestantiam
804 714 926 750 longiore
942 714 1040 741 verbo-

249 771 311 791 rum
329 764 433 791 ambitu
451 762 671 797 exspatiantibus
699 762 953 796 comparationibus
982 761 1040 788 cla-

249 810 308 838 rius
325 810 417 837 animo
432 816 592 844 suggerens,
607 812 636 836 ut
652 807 736 840 in_eis
751 811 841 836 mente
857 807 997 840 immorer,
1010 814 1041 834 ac

251 857 331 891 plura
348 856 456 891 loquar,
476 855 587 882 evincit.

288 903 351 930 Esto
377 902 470 937 igitur,
486 902 568 929 etiam
584 909 646 928 cum
676 900 750 928 Mose
776 907 827 935 pro
853 899 925 927 virili
948 904 1041 927 nostra

253 957 382 984 magnum
413 948 576 983 Gregorium
594 947 740 982 diligenter
758 950 960 981 comparantes,
978 945 1042 972 hinc

252 1003 363 1031 quoque
376 995 508 1022 antistitis
524 993 655 1029 prmelare
676 998 814 1027 gestorum
835 992 1043 1027 amplitudinetn

253 1042 469 1070 consideremus.
489 1041 574 1073 Mosc,
592 1041 715 1076 inquam,
732 1040 790 1072 illo,
811 1039 857 1074 qui
873 1043 966 1066 sancta
984 1038 1044 1073 qui-

254 1089 316 1115 dem
333 1087 482 1115 Abraliami
497 1087 590 1114 radice
602 1094 712 1122 germen
726 1085 886 1121 progenitus
897 1086 943 1117 sil,
955 1089 1045 1112 metu-

255 1141 309 1168 que
327 1133 482 1161 Pharaonis
502 1133 593 1160 infans
609 1134 635 1159 in
651 1132 734 1160 ﬂuvio
748 1132 908 1166 expositus;
930 1139 962 1158 ac
976 1130 1046 1158 Pha-

256 1180 349 1207 raonis
365 1179 426 1206 lili:e
451 1180 527 1207 visus
541 1179 663 1214 elegans,
681 1179 707 1205 in
726 1179 810 1205 lilium
827 1179 917 1213 palam
934 1178 1047 1212 adopta-

257 1231 302 1254 tus
328 1226 436 1253 fuerit:
460 1225 562 1260 quique
586 1226 654 1252 adeo
689 1226 739 1252 liae
763 1232 795 1251 ex
823 1232 906 1252 causa
937 1231 1045 1251 omnem

258 1271 449 1308 [Egyptiorum
480 1272 621 1299 scientiam
648 1271 788 1304 doceatur,
817 1278 868 1297 nec
888 1274 978 1298 tamen
1001 1277 1049 1297 co-

257 1323 403 1353 gnatorum
419 1318 585 1345 dedoceatur
598 1317 701 1344 amoris
715 1325 729 1344 a
749 1321 847 1344 natura
859 1316 923 1343 vim.
934 1315 1047 1348 Idcirco,

257 1367 330 1399 quod
347 1365 530 1392 educantibus
557 1363 630 1391 haud
647 1363 714 1390 satis
728 1370 834 1397 aequus,
853 1369 942 1396 exque
957 1361 1049 1388 animo

258 1411 383 1441 alectus.
398 1410 586 1445 deprehensus
603 1413 687 1441 esset,
701 1417 731 1437 se
744 1409 806 1444 fuga
824 1408 987 1443 proripiens,
1008 1410 1048 1435 at-

259 1464 313 1492 que
335 1456 369 1484 ad
394 1455 501 1482 Madian
527 1460 647 1482 montem
669 1454 816 1486 transiens,
843 1453 953 1487 illicque
971 1453 1049 1479 uxori

260 1503 389 1538 legitimis
404 1502 548 1536 copulatus
561 1496 676 1536 nuptiis,
686 1500 821 1534 pecudum
832 1504 926 1535 pastor
937 1499 1051 1526 ell‘ectns

261 1546 312 1580 sit;
328 1553 412 1581 seque
427 1553 521 1573 rerum
538 1545 763 1582 contemplationi
781 1543 952 1579 impendens,
963 1552 1052 1578 quan-

261 1598 319 1620 tum
343 1592 449 1620 homini
467 1592 559 1620 videre
574 1599 738 1619 concessum
764 1595 818 1622 est,
840 1590 866 1616 in
884 1589 952 1617 iubo
966 1590 1051 1617 Deum

262 1646 273 1664 \
280 1637 370 1665 iderit.

298 1680 323 1709 is
336 1688 433 1708 rursus
453 1681 480 1707 in
498 1680 646 1715 Egyptum
668 1687 730 1707 cum
748 1679 888 1713 signorum
906 1678 1054 1705 virtutibus

263 1726 375 1758 missus,
393 1726 605 1762 [Egyptiacique
625 1725 709 1752 animi
738 1725 866 1752 duritiem
882 1731 1052 1758 expugnans,

265 1772 410 1808 multiplici
425 1780 538 1807 prorsus
554 1779 602 1799 eos
621 1771 731 1799 verbere
759 1778 791 1797 ac
807 1771 882 1805 plaga
896 1770 999 1804 afﬂigit,
1011 1770 1054 1796 in-

265 1827 320 1854 que
349 1818 463 1846 brachio
490 1819 599 1846 excelso
628 1818 757 1853 populum
781 1825 861 1844 suum
889 1817 1006 1844 liberat:
1024 1823 1056 1843 ac

266 1865 375 1901 quidem
393 1866 428 1893 ab
442 1865 602 1901 Egyptiaca
618 1864 777 1891 morositate
794 1864 948 1896 redimens;
972 1862 1056 1897 ignis-

266 1920 320 1947 que
337 1912 477 1944 columna,
494 1920 526 1939 ae
556 1911 637 1938 nubis
649 1911 763 1942 ducens,
778 1917 873 1936 eorum
904 1909 930 1935 in
958 1914 1057 1936 terram

268 1959 431 1993 promissam
448 1958 587 1986 ductorem
604 1957 670 1992 agit.
686 1956 767 1988 Tum,
789 1963 864 1982 mare
882 1955 1004 1982 Rubrum
1015 1955 1058 1981 di-

269 2006 369 2036 visunt,
387 2005 468 2032 sicois
488 2004 528 2031 eis
544 2003 665 2038 vestigiis
681 2003 733 2030 iter
748 2002 915 2036 explicavit:
932 2001 1059 2035 idemque

269 2059 367 2079 rursus
389 2051 417 2078 in
443 2051 563 2085 seipsam
580 2048 738 2081 confusum,
754 2046 978 2082 persecutoribus
995 2046 1061 2072 inte-

270 2098 340 2125 ritus
355 2097 448 2128 simul,
463 2104 496 2123 ac
507 2096 662 2130 sepulcrum
681 2094 743 2121 fuit.
759 2093 830 2121 Hinc
846 2100 929 2127 rupes
941 2093 1060 2126 dirupta,

271 2145 382 2172 flumina
414 2143 570 2178 profundit;
603 2136 764 2175 lignumque
803 2147 936 2174 aquarum
982 2142 1062 2166 sanat

271 2189 481 2218 amaritudinem
502 2198 509 2215 :
531 2196 563 2215 ac
578 2188 689 2223 quidem
711 2187 914 2214 firmamentum
940 2185 1062 2212 aviculas

1086 255 1193 282 bratilis
1211 254 1297 281 forma
1314 253 1349 280 ibi
1372 251 1565 281 contuebatur.
1597 249 1652 278 Illic
1679 249 1876 276 candelabrum

1086 306 1113 329 et
1137 308 1277 333 mensam;
1305 299 1361 327 illic
1383 306 1445 326 aras
1485 302 1512 325 et
1531 304 1636 328 arcam,
1657 295 1766 330 aliaque
1795 295 1878 322 coele-

1087 347 1169 374 stium
1189 347 1367 374 similitudine
1380 350 1531 379 assumpta,
1549 344 1643 377 figurae
1658 343 1764 370 ratione
1776 342 1818 369 vir
1829 341 1877 368 Det

1088 397 1235 427 conspectu
1259 400 1326 420 usus
1354 392 1427 420 serio
1453 389 1700 424 contemplabatur.
1722 387 1786 415 limo.
1813 394 1878 414 vero

1090 439 1236 466 tribulibus
1252 438 1373 471 tradens,
1387 444 1419 464 ac
1439 436 1622 464 sacerdotium
1638 434 1749 469 quidem
1764 433 1877 466 Aaroni,

1089 493 1218 521 germano
1232 491 1358 519 corpore,
1370 489 1500 518 germano
1516 481 1613 517 spiritu
1633 480 1777 515 praebens;
1800 478 1878 506 ducis

1089 536 1179 559 autem
1197 531 1386 565 praefecturam
1403 527 1470 555 .lesu
1486 527 1588 555 famulo
1605 524 1880 558 concredens,omni-

1091 585 1145 612 que
1159 584 1272 612 operum
1293 575 1380 610 ipsius
1395 574 1548 601 ministerio
1562 580 1594 599 ex
1612 571 1717 599 consilii
1735 569 1820 599 divini
1835 576 1880 595 ra-

1090 623 1210 650 tionibus
1223 622 1339 656 expleto,
1355 621 1394 649 sic
1408 620 1493 647 vitam
1507 618 1654 650 caducam,
1670 616 1809 651 mortique
1830 614 1882 642 ob-

1091 670 1201 697 noxiam
1216 669 1338 702 deponit.

1126 716 1172 743 Sic
1185 715 1294 750 quidem
1312 713 1416 744 Moses;
1431 713 1510 748 isque
1537 712 1578 747 (ut
1593 709 1690 746 paucis
1704 707 1881 743 complectar)

1091 762 1151 797 ejus
1178 761 1294 789 instituti
1334 760 1451 794 vitaeque
1472 758 1586 786 rationis
1605 756 1703 784 modus
1721 754 1782 781 fuit.
1809 752 1881 785 Quid

1093 816 1156 836 vero
1170 806 1334 843 Gregorius?
1352 805 1448 833 Nonne
1461 811 1600 833 sacrorum
1617 806 1771 837 parentum,
1788 805 1884 827 sacra-

1094 853 1199 881 lissima
1230 853 1319 888 proles
1340 851 1444 879 eluxit?
1468 849 1564 877 Nonne
1589 849 1612 876 is
1641 854 1752 882 quoque
1782 844 1884 872 saeculo

1095 904 1223 934 tanquam
1242 898 1325 926 fluvio
1339 897 1491 933 expositus,
1509 896 1629 931 Spiritus
1651 894 1760 928 quidem
1786 891 1880 926 signa-

1096 946 1159 974 culo
1179 945 1280 973 ﬁscella
1291 943 1477 972 communitus
1494 947 1532 970 est
1543 943 1552 958 ⁷
1566 949 1573 967 2
1592 940 1715 969 saeculari
1735 942 1825 966 autem
1841 944 1885 964 sa-

1096 992 1204 1028 pientim
1227 991 1350 1024 elegans,
1367 990 1516 1024 dexterque
1534 987 1626 1016 indole
1645 985 1731 1016 visus,
1751 989 1833 1018 atque
1856 982 1885 1009 in

1096 1038 1181 1065 tilium
1195 1037 1219 1064 ei
1236 1037 1392 1070 adoptatus,
1414 1036 1440 1062 in
1458 1043 1490 1062 ea
1504 1034 1638 1065 eruditur,
1652 1036 1735 1066 atque
1750 1035 1886 1064 pra-para-

1097 1084 1160 1111 tur?
1174 1082 1244 1110 Num
1268 1083 1342 1110 illius
1359 1089 1470 1110 sensum
1495 1079 1625 1121 humilem
1669 1086 1700 1104 ac
1716 1075 1886 1111 superstitio-

1098 1139 1160 1158 nem
1190 1129 1380 1157 lubentissime
1396 1128 1514 1162 fugiens,
1542 1123 1697 1153 sublimiori
1718 1121 1888 1156 contempla-

1099 1177 1182 1208 tione,
1211 1182 1244 1202 ac
1267 1175 1353 1209 magis
1366 1182 1381 1201 e
1401 1174 1500 1208 pietate
1526 1178 1594 1199 usus
1618 1169 1706 1197 estad
1724 1165 1887 1202 sapientiam

1099 1222 1202 1250 mundo
1217 1221 1386 1256 superiorem
1398 1220 1411 1246 ’ἶ

1134 1268 1192 1295 Νοιι
1209 1255 1391 1302 conunigrans
1417 1264 1491 1292 velut
1519 1262 1607 1291 Moses
1635 1260 1668 1288 ad
1695 1262 1815 1286 montem
1830 1255 1889 1283 Ma-

1100 1313 1191 1346 dian”,
1218 1312 1264 1340 sed
1291 1318 1377 1339 sacrae
1394 1309 1478 1337 animi
1502 1305 1719 1342 tranquillitatis,
1740 1311 1772 1330 ac
1788 1303 1891 1335 imper-

1101 1359 1266 1388 turbationis
1281 1358 1408 1385 verticem
1427 1354 1633 1385 conseendens;
1663 1357 1712 1378 nec
1737 1349 1809 1376 sicut
1834 1347 1890 1378 ille,

1101 1405 1243 1434 mortalem
1256 1403 1307 1430 sibi
1322 1401 1465 1436 conjugem
1480 1405 1634 1430 assumens,
1646 1395 1693 1423 sed
1709 1393 1836 1430 perfectae
1847 1400 1890 1419 sa-

1101 1451 1210 1487 pientiae
1225 1456 1318 1476 amore
1342 1448 1481 1476 incensus,
1496 1444 1609 1479 ejusque
1622 1442 1771 1478 gratiarum
1788 1445 1891 1466 coroua

1102 1486 1201 1525 eximie
1215 1499 1346 1526 ornatus;
1363 1500 1413 1520 nec
1433 1491 1566 1527 pecudum
1590 1489 1704 1516 rationis
1728 1486 1892 1521 expertium,

1064 1557 1086 1587 ρ
1104 1543 1150 1572 sed
1169 1542 1274 1570 ratione
1291 1548 1354 1567 vere
1370 1539 1504 1566 utentium
1521 1535 1733 1572 probatissimus
1747 1536 1839 1568 pastor
1853 1531 1894 1558 cf-

1105 1590 1203 1620 fectus,
1220 1587 1242 1615 si
1258 1587 1320 1621 quis
1339 1585 1408 1612 alius
1422 1583 1579 1611 mortalium
1599 1580 1764 1608 lnvisibilem
1779 1577 1894 1608 videt';

1104 1643 1136 1662 ac
1152 1633 1270 1662 revelata
1297 1631 1367 1659 facie
1384 1629 1583 1663 contemplatus
1607 1625 1713 1653 Domini
1729 1624 1893 1654 claritatem,

1106 1687 1163 1709 tum
1183 1678 1411 1712 contemplatione
1423 1666 1455 1708 ίθ,
1465 1679 1522 1702 tum
1539 1673 1660 1708 putentia
1673 1671 1896 1705 repletur,atque

1106 1729 1134 1755 in
1148 1727 1227 1753 istam
1242 1724 1358 1751 mittitur
1373 1721 1530 1756 A‘ngptum.
1555 1719 1670 1746 Mittitur
1683 1724 1748 1744 vero
1762 1719 1792 1742 ut
1808 1721 1895 1748 popu-

1107 1775 1163 1802 lum
1185 1771 1301 1798 Domino
1328 1769 1490 1805 peculiarem
1506 1766 1677 1801 acquireret;
1707 1767 1789 1797 atque
1807 1768 1822 1787 a
1836 1759 1898 1787 cali-

1108 1821 1203 1855 ginosa
1226 1816 1417 1844 haereticorum
1439 1812 1592 1849 ignorantia
1613 1810 1753 1839 liberatos,
1778 1806 1812 1833 ad
1827 1805 1896 1832 luci-

1108 1854 1170 1892 dam
1191 1864 1217 1891 in
1237 1863 1288 1890 tide
1303 1860 1450 1888 viventium
1472 1856 1594 1885 veritatis
1609 1854 1793 1882 haereditatem
1811 1856 1898 1878 trans-

1110 1912 1201 1938 ferret.

1148 1958 1229 1993 Virga
1245 1955 1357 1991 quidem
1372 1961 1386 1981 a
1405 1953 1458 1979 Deo
1470 1951 1581 1979 minime
1596 1950 1623 1976 in
1641 1954 1738 1975 manus
1751 1945 1848 1973 tradita
1862 1943 1899 1976 ";

1110 2005 1175 2040 quin
1198 1989 1265 2038 ipse
1290 2001 1379 2036 potius
1398 1999 1473 2034 virga
1499 1997 1607 2024 virtutis
1626 1994 1740 2022 efficitur
1768 1989 1900 2017 divinitus

1112 2039 1206 2078 missa.
1224 2048 1306 2082 Virga
1328 2046 1437 2080 utique,
1459 2051 1512 2070 non
1529 2049 1589 2076 qua:
1609 2041 1635 2067 in
1655 2039 1826 2066 seductorem
1845 2040 1900 2061 ser-

1112 2102 1218 2133 pentem
1237 2093 1447 2122 transformctur
1459 2090 1492 2122 “,
1512 2089 1557 2116 sed
1572 2095 1632 2121 qtne
1647 2086 1672 2112 in
1693 2084 1809 2111 formam
1827 2080 1903 2107 Chri-

1113 2131 1186 2170 stum
1199 2139 1373 2169 referentem,
1395 2144 1427 2162 ac
1439 2139 1556 2162 tuentem
1578 2132 1755 2157 ilntuutctur:
1775 2134 1827 2152 non
1842 2131 1904 2158 quae

1114 2194 1212 2223 aquam
1231 2183 1377 2220 potabilem
1392 2181 1419 2208 in
1435 2178 1594 2213 sanguinem
1608 2174 1682 2210 potui
1702 2171 1824 2200 inutiletn
1841 2178 1904 2197 ver—

273 2237 340 2272 pluit
362 2236 444 2264 sicut-
461 2235 599 2270 pulverem
613 2242 621 2266 ;
635 2234 705 2261 coelo
721 2240 816 2260 verum
835 2240 944 2266 panem,
973 2231 1062 2266 spisso
1078 2226 1100 2253 Ι)
1115 2219 1196 2264 tat",
1219 2219 1265 2259 sed
1298 2237 1359 2264 quae
1379 2225 1489 2262 potabili
1512 2223 1647 2250 doctrina.
1675 2219 1776 2247 salsam
1807 2223 1903 2244 corum

273 2283 369 2315 imbre,
381 2282 524 2310 demittit:
541 2285 624 2316 atque
648 2284 767 2307 extens:e
789 2286 897 2310 manus,
919 2278 1063 2305 innumera

274 2327 369 2359 fugant
385 2327 504 2355 hostium
526 2326 626 2359 millia;
643 2325 828 2359 Deiquejusta
853 2324 998 2355 sententia,
1015 2331 1063 2357 p.0-

275 2375 367 2409 pulum
381 2376 598 2400 murmurantem
616 2372 739 2399 vicissim
760 2370 819 2398 neci
834 2370 926 2397 tradit.

309 2420 387 2453 Quod
412 2419 536 2446 omnium
559 2418 722 2450 maximum,
749 2417 956 2451 maximamque
982 2414 1066 2442 habet

275 2467 483 2494 admirationem
495 2485 503 2498 ,
530 2464 654 2493 ascendit
677 2464 703 2491 in
729 2467 849 2490 montem
866 2462 1006 2490 excelsum
1021 2469 1067 2489 so-

276 2515 329 2545 lus,
343 2514 506 2547 dierumque
520 2512 700 2547 quadraginta
716 2510 822 2546 jejunio
843 2516 962 2544 corpore
985 2515 1067 2535 mun—

274 2561 367 2592 datus,
398 2561 491 2586 animo
505 2559 641 2593 expiatus.
658 2557 799 2585 tremenda
822 2555 870 2584 Dei
897 2562 991 2582 coram
1006 2554 1067 2580 ani—

276 2607 478 2638 madversione,
496 2605 735 2641 pratstantiorique
747 2604 774 2630 in
794 2603 886 2636 specie
901 2601 972 2637 ignis
985 2608 1069 2635 appa-

275 2654 387 2686 ritione,
404 2657 487 2688 atque
501 2652 627 2685 vocibus,
652 2658 684 2678 ac
702 2649 785 2682 tubis,
803 2653 932 2683 tanquam
952 2647 978 2673 in
994 2653 1070 2681 sym-

278 2701 360 2731 bolis.
371 2701 522 2735 dignatur:
540 2698 710 2733 lapideisque
724 2697 825 2724 tabulis
837 2695 986 2729 inscriptas
998 2694 1071 2727 leges

278 2748 428 2782 accipiens,
460 2750 543 2781 atque
568 2745 660 2772 varios
686 2744 741 2771 illic
772 2742 971 2770 sacrificiorum
1004 2740 1073 2767 ritus

317 2852 326 2867 ⁷
339 2851 425 2878 Exod.
446 2859 474 2881 II,
488 2850 515 2878 5.

285 2889 306 2903 ¹³
326 2887 396 2913 ΡτιιΙ.
409 2894 463 2918 (LIV,
481 2886 527 2913 ‘29.

554 2850 565 2865 "
581 2849 647 2882 ibid.
676 2849 720 2876 15.
759 2848 791 2875 Ἰ
811 2847 884 2874 ’l‘im.
899 2855 918 2878 ι,
939 2847 982 2874 l7.

568 2887 588 2901 ”
604 2884 688 2911 Emd.
707 2892 765 2916 vm,
780 2884 806 2916 εἰς
819 2891 884 2915 xui,
905 2883 950 2909 ‘ll.

1023 2846 1043 2861 "’
1058 2844 1075 2871 ll
1091 2843 1155 2871 Cor.
1171 2851 1210 2874 ιιι,
1226 2841 1267 2868 l8.

993 2882 1012 2897 ιε
1031 2879 1116 2907 l'Ixod.
1136 2887 1161 2912 κ,
1176 2878 1202 2904 5.

1114 2263 1262 2313 ab-tcrrgat.
1277 2263 1335 2302 Non
1354 2281 1415 2308 quae
1432 2272 1577 2305 ingruente
1592 2266 1729 2301 reptilium
1744 2263 1834 2298 copia,
1856 2269 1903 2288 ca-

1114 2333 1167 2360 que
1183 2309 1345 2351 edvacissima
1361 2317 1533 2346 adversarios
1547 2311 1749 2346 confringet“;
1773 2309 1820 2337 sed
1845 2315 1906 2342 qua:

1115 2358 1271 2399 efficacibus
1296 2367 1419 2400 vivisque
1438 2362 1612 2391 sermonibus
1637 2358 1813 2386 durissimam
1830 2362 1906 2382 men-

1118 2424 1172 2446 tem
1202 2421 1283 2451 atque
1309 2412 1456 2448 superbam
1482 2410 1556 2437 velut
1583 2407 1690 2442 ﬂagello
1717 2404 1822 2434 ctcdat;
1846 2401 1907 2428 aliis

1118 2463 1227 2499 quidem
1245 2461 1344 2487 vulnus
1379 2465 1410 2485 ac
1428 2457 1505 2491 plaga
1535 2459 1655 2483 tumetis,
1682 2458 1734 2477 non
1750 2452 1846 2482 suapte
1865 2447 1908 2497 in-

1119 2492 1190 2540 dole,
1209 2506 1255 2534 sed
1269 2505 1378 2532 illorum
1401 2501 1570 2530 morositate,
1585 2498 1631 2533 qui
1650 2496 1724 2522 omni
1743 2494 1834 2521 ulcere
1865 2492 1907 2518 in-

1119 2553 1271 2583 sanabilius
1296 2550 1398 2577 invidia
1431 2546 1564 2575 vulnerati
1592 2552 1624 2570 ac
1650 2542 1742 2569 ftedati
1767 2539 1908 2568 essmt”;

1119 2599 1181 2627 aliis
1200 2595 1352 2625 COnSolatio
1372 2595 1454 2624 bona,
1482 2591 1670 2618 fulcimentum
1701 2593 1732 2612 ac
1757 2586 1853 2619 gratia.
1873 2582 1910 2608 Ac

1121 2645 1231 2681 quidem
1250 2642 1323 2673 aliis,
1344 2642 1430 2667 instar
1445 2637 1600 2674 grandinis,
1627 2633 1753 2666 ignisque
1769 2631 1909 2664 ingruens,

1123 2677 1179 2719 tum
1197 2690 1331 2717 densitate
1346 2691 1517 2714 Sermonum,
1531 2687 1588 2709 tum
1601 2680 1755 2707 divinorum
1773 2677 1835 2710 igne
1848 2682 1911 2701 sen-

1122 2745 1226 2768 sorum,
1252 2733 1456 2762 contumacium
1487 2729 1593 2756 animos
1608 2724 1788 2754 consumebat.
1801 2721 1836 2751 ¹⁶;
1851 2719 1912 2746 aliis

1327 2839 1346 2855 ”
1364 2837 1450 2866 Exod.
1470 2844 1507 2866 Iv,
1525 2835 1551 2861 ‘2.
1610 2833 1630 2847 "
1644 2829 1730 2857 Exod.
1751 2834 1799 2858 \‘Il,
1819 2826 1849 2852 l‘)
1864 2824 1911 2851 ‘20.

1246 2877 1266 2891 ιο
1284 2874 1368 2901 Exod.
1391 2881 1426 2905 ix,
1439 2871 1484 2898 ‘25.
