2089 3151
233 181 287 212 41:1

581 183 723 214 ORATIO
742 184 806 214 XX.
821 195 855 202 σ-·
875 184 916 214 ΙΝ
937 184 1094 214 LAUDEM
1113 184 1144 213 S.
1162 183 1350 214 GREGORlI
1369 185 1506 215 THEOL.

1808 187 1860 218 474

234 238 307 264 velut
324 245 369 263 ros
386 244 400 263 c
416 237 485 263 cmlo
502 237 600 264 leniter
613 238 730 271 stillans,
749 239 876 266 sensibus
895 244 925 266 ut
941 238 1020 266 ﬁore-
1036 242 1058 268 A
1073 238 1290 273 praestantiorem
1310 247 1391 273 quam
1408 247 1457 272 pro
1473 247 1570 266 sensus
1586 240 1693 267 ratione
1712 240 1756 268 Dei
1778 241 1861 269 visio-

234 286 306 314 rent,
325 282 471 317 praestabat
485 290 491 308 :
504 284 586 317 atque
600 284 661 311 aliis
672 284 782 318 quidem
799 285 916 311 tenebrae
931 285 1023 319 palpa-

234 328 302 356 bilcs
316 328 457 362 prostabat
468 328 488 344 "
500 337 507 362 ;
521 328 583 356 aliis
606 330 652 356 lux
666 329 765 356 mentis
782 334 888 362 sancta,
904 338 935 357 ex
950 330 1020 361 luce,

233 383 294 409 qua:
308 373 382 401 omni
397 373 484 407 major
497 375 640 402 sanctitate
668 380 719 406 est,
733 375 840 402 abunde
856 375 998 409 cﬁ'ulgebat
1014 384 1021 402 :

232 421 298 454 quiti
315 419 415 454 potius,
431 420 476 454 qui
503 419 549 446 lux
574 420 680 447 cunctis
694 428 756 448 vera
775 425 830 447 tum
856 421 942 451 ﬁeret,
965 426 1036 447 tnm'

233 470 324 497 esset;
340 465 401 492 aliis
419 465 528 499 quidem
544 465 699 492 illustrandi
716 466 740 492 vi
756 466 873 500 pollebat
887 466 932 501 (iis
948 466 1022 493 scili-

233 515 273 536 cet
286 510 332 543 qui
347 517 403 537 suae
419 509 519 536 mentis
532 510 611 537 oculo
628 511 660 537 ab
673 511 732 544 ejus
748 510 899 545 fulgoribus
911 511 1022 538 minimc

233 556 436 590 abhorrerent),
453 556 514 582 aliis
527 555 703 586 obscitrandi,
731 556 777 591 qui
796 558 904 591 propria
923 558 1022 585 mentis

234 602 375 629 debilitate
390 609 481 628 veram
508 602 659 629 claritatem
682 602 788 629 obtneri
815 610 868 629 non
894 607 1021 636 possent;

234 648 280 682 qui
303 648 390 674 lucem
406 647 527 681 quidem,
553 651 582 674 ut
602 647 739 674 inimicam
761 647 932 682 refugerent;
949 652 1023 674 tene-

235 694 298 719 bras
312 698 403 719 autem
421 697 550 726 tanquam
566 685 751 719 suavissimas
779 692 831 718 sibi
858 692 1021 726 deligerent.

234 739 272 765 Ae
287 739 405 764 alierum
420 737 530 772 quidem
548 737 645 764 mentis
666 738 802 764 rationum
834 745 867 764 ac
882 737 1022 764 actionum

236 784 384 818 primitiva,
404 785 576 818 argumentis
598 783 744 810 confutatis
770 783 1023 816 extet-minabat“;

236 830 351 856 aliorum
367 833 457 856 autem
475 829 705 857 incontamiualas
722 829 748 856 in
768 829 870 857 Christi
892 828 1024 864 sanguine

235 875 340 902 animas
354 875 543 902 conservabat.

1075 291 1137 311 nem
1168 289 1283 317 nactus;
1313 291 1368 310 non
1394 283 1501 319 fragore
1531 285 1717 320 mugientibus
1736 287 1861 319 vocibus,

1073 330 1202 364 tubisque
1227 337 1317 357 aerem
1331 330 1356 356 vi
1372 330 1598 364 percutientibns,
1618 331 1861 366 vehementiusque

1073 375 1186 402 auribus
1203 375 1413 408 insonantibus;
1434 375 1480 403 sed
1497 376 1556 402 sine
1580 376 1707 410 strepitu,
1722 381 1804 411 atque
1822 377 1862 403 le-

1074 421 1155 453 niter,
1183 425 1211 448 et
1241 421 1294 447 leni
1325 428 1356 448 ac
1382 421 1473 455 quieto
1497 420 1543 448 Dei
1563 421 1675 455 Spiritui
1693 422 1861 455 colloquens,

1073 464 1166 501 illique
1181 467 1369 501 congrediens,
1391 474 1424 494 ac
1446 467 1556 494 silentio
1573 475 1686 500 magnas
1702 467 1861 494 sublimium

1073 512 1244 538 decretorum
1261 519 1342 539 voces
1363 512 1515 546 percipiens
1533 521 1539 539 :
1556 520 1608 539 non
1627 512 1744 539 tenebris
1766 520 1799 539 ac
1817 520 1862 540 ca.

1074 557 1156 592 ligine
1173 557 1292 584 obducto
1305 565 1430 592 corpore,
1445 558 1491 585 sed
1506 566 1586 592 supra
1606 565 1688 592 quam
1716 558 1800 592 ignoti
1821 559 1861 584 in-

1073 604 1325 638 comprehensionis
1351 603 1446 631 notitia
1461 603 1568 631 obtecto
1585 613 1592 630 :
1606 611 1660 630 non
1686 603 1814 638 procellis
1829 611 1862 630 ac

1073 650 1181 676 turbine
1212 649 1355 684 ventisque
1383 648 1522 681 ﬂantibus,
1551 649 1598 676 sed
1629 650 1713 676 divini
1744 648 1862 683 Spiritus

1074 694 1244 721 mollioribus
1258 695 1333 721 auris
1347 694 1543 731 perﬁantibus:
1561 702 1615 721 non
1632 694 1783 721 caelestium
1797 693 1862 720 ima~

1073 739 1161 774 gincs,
1175 747 1207 767 ac
1221 741 1333 774 ﬁguras,
1359 747 1409 766 nec
1438 740 1561 766 veritatis
1583 739 1711 766 obtuetur
1736 738 1859 770 umbras,

1074 784 1120 811 sed
1133 784 1189 818 ipsa
1207 785 1343 811 sacratius
1357 783 1469 811 docetur
1480 784 1615 816 coelestia,
1632 784 1774 818 ipsamque
1789 782 1862 809 clare

1073 830 1213 856 veritatem
1228 830 1324 856 cernit.
1345 828 1481 864 Symbolis
1497 829 1581 860 enim,
1612 836 1644 856 ac
1667 829 1771 855 umbris
1792 827 1860 855 Mosi

1075 874 1229 909 conspectis
1245 875 1278 902 ad
1295 882 1326 902 ea
1342 882 1402 908 quae
1421 882 1485 901 vera
1512 879 1577 901 sunt
1591 874 1763 908 intelligenda
1785 881 1860 906 usus,

273 921 343 947 Idem
369 921 427 955 ipse
451 920 520 956 ignis
535 921 663 948 columna
702 928 734 948 ac
759 921 843 948 nubis
857 920 972 947 efﬁcitur
983 922 1020 952 ";
1039 912 1061 942 Β
1076 928 1107 947 ac
1123 927 1170 954 per
1185 927 1216 947 ea
1242 920 1275 947 ad
1292 919 1380 954 ipsum
1412 918 1485 947 clare
1503 919 1689 954 legislatorem
1719 919 1860 950 devectus.

185 978 196 983 ι
236 967 338 1000 peccati
356 966 499 1001 caliginem
521 966 697 1000 dispescens,
716 966 881 1001 virtutisque
901 966 1022 993 laborem

235 1010 378 1046 refrigerio
393 1016 548 1046 tmnperans
568 1017 650 1046 atque
665 1012 786 1044 leniens;
801 1012 929 1046 velutque
942 1012 1023 1040 nubis

235 1064 309 1088 rore,
333 1057 464 1084 Paracleti
492 1058 688 1089 conSnlatioue,
718 1058 867 1092 spiritalem
897 1058 1023 1085 lsraelem

236 1103 340 1136 levans,
355 1108 436 1137 atque
453 1104 486 1130 ad
501 1111 633 1138 supernas
646 1104 803 1131 mansiones
817 1103 979 1136 traducens;
991 1111 1023 1131 ac

237 1156 319 1176 manu
338 1149 448 1183 quidem
464 1149 570 1176 excelsa
585 1150 677 1177 saeculi
693 1157 766 1177 mare
780 1151 816 1177 illi
838 1151 963 1182 scissum,
980 1151 1023 1177 in~

237 1195 317 1221 noxie
334 1194 543 1226 transmittens;
575 1202 622 1222 eos
641 1202 707 1221 vero
720 1195 766 1230 qui
787 1195 906 1224 dementi
932 1204 964 1223 ac
979 1196 1024 1223 fu-

218 1247 221 1250 '
238 1241 307 1266 renti
328 1241 355 1266 in
369 1247 432 1268 eum
449 1239 570 1274 impetu,
590 1241 662 1267 omni
686 1246 816 1275 apparatu
842 1242 1025 1276 insequeban-

238 1289 292 1318 tur,
318 1285 343 1311 in
371 1293 404 1312 eo
429 1285 577 1313 suffocatos
608 1286 776 1321 relinquens,
802 1287 950 1321 purissimo
968 1288 1026 1322 ipse

237 1331 430 1358 salvandorum
462 1331 556 1363 ccetui,
580 1339 642 1358 cum
665 1332 811 1366 magniﬁco
827 1333 934 1359 virtutis
949 1341 1026 1360 com-

239 1382 339 1408 meatu,
360 1377 393 1403 ad
407 1377 501 1403 beatas
515 1377 614 1404 salutis
634 1377 712 1404 sedes
732 1378 829 1404 ductor
841 1379 964 1412 praeibat.

274 1421 316 1448 Fit
333 1426 408 1456 petra
423 1422 463 1455 '°;
488 1430 582 1450 revera
612 1423 684 1450 enim
700 1423 849 1458 spiritalem
877 1424 1024 1458 petram“,

237 1475 292 1494 non
308 1472 477 1502 sequentem.
493 1468 600 1503 ipsique
613 1470 752 1502 comitem,
787 1470 834 1497 sed
859 1471 886 1497 in
910 1479 942 1498 eo
968 1479 1026 1498 ma-

238 1517 359 1545 nentem,
372 1514 512 1541 Christum
531 1515 592 1541 vita:
606 1515 701 1542 latices
714 1520 881 1549 manantem,
897 1517 1023 1544 habebat.

238 1559 354 1594 Lignum
372 1567 483 1594 quoque
508 1560 635 1593 efﬁcitur,
654 1561 728 1595 potui
747 1562 870 1589 inutilem
880 1563 914 1595 “,
943 1568 1026 1598 atque

239 1613 359 1632 amaram
377 1606 515 1632 bmreseon
533 1606 697 1638 doctrinam,
712 1607 740 1634 in
758 1612 837 1634 rectae
855 1608 915 1636 lidei
932 1608 1024 1635 dulce-

238 1652 329 1679 dinem
345 1657 467 1679 mutans.
480 1651 605 1680 Manibus
619 1657 711 1680 autem
727 1661 780 1680 non
795 1653 913 1681 interdiu
928 1659 1024 1681 exten-

239 1699 289 1731 sis,
325 1707 358 1726 ac
384 1707 446 1734 quae
470 1707 567 1733 graves
595 1700 823 1734 deprimerentur,
853 1701 1026 1737 aliorumque

239 1752 321 1780 opera
337 1746 485 1772 sustentari
501 1746 646 1779 deberent;
665 1746 711 1774 sed
728 1751 818 1774 mente
835 1747 861 1774 in
879 1747 1025 1775 Dominum

236 1792 337 1826 jugiter
349 1791 456 1819 sublata
492 1799 523 1818 ac
535 1792 693 1826 excedente,
707 1796 762 1819 tum
777 1801 869 1820 verum
885 1794 1024 1821 sutTnlcie-

238 1838 286 1865 bat
315 1837 457 1870 Israelem,
489 1841 546 1865 tum
576 1846 669 1866 verum
703 1838 833 1867 fundebat
861 1840 1026 1875 fugabatque

239 1883 351 1911 Amalec
358 1884 391 1911 ³³.

275 1931 329 1957 Alit
351 1935 454 1963 autem,
481 1939 534 1958 non
560 1939 629 1966 pane
651 1931 699 1966 qui
727 1931 814 1966 prima
833 1931 893 1959 luce
912 1939 927 1959 e
957 1932 1026 1959 ctelo

239 1976 347 2011 plucns,
378 1976 531 2011 plusculum
551 1977 716 2004 ascendente
742 1977 799 2004 sole
816 1985 877 2004 mox
894 1977 1026 2012 collique-

241 2023 348 2057 scat“;
367 2032 417 2051 nec
431 2024 520 2051 avium
538 2024 667 2051 carnibus
682 2024 816 2051 immensa
836 2024 914 2059 copia
931 2025 1027 2053 imbris

241 2069 327 2097 instar
351 2069 555 2104 depluentium,
585 2068 631 2096 sed
663 2076 821 2096 sermonum
861 2068 1027 2096 abundantia

241 2122 322 2150 atque
340 2115 382 2147 vi;
399 2120 452 2142 tum
466 2122 562 2150 nempe
582 2114 668 2149 magis
682 2114 844 2148 spiritalium
873 2122 906 2142 ac
919 2115 1028 2142 divino-

242 2169 313 2195 rmn,
327 2169 397 2196 eque
415 2168 536 2192 sursum,
552 2165 633 2194 atque
655 2159 785 2194 sapientia
799 2167 859 2193 quae
870 2159 902 2186 de
917 2167 1026 2186 sursum

241 2212 294 2237 est,
320 2207 546 2234 subministrante
572 2206 792 2240 suppetentiuln;
821 2210 878 2232 tum
897 2213 1026 2240 corpora—

1075 973 1138 992 vere
1149 965 1264 1000 gloriam
1281 965 1419 992 contuitus
1435 969 1486 996 est,
1503 965 1601 991 nedum
1621 964 1802 998 posteriorum
1813 963 1861 990 Dei

1075 1010 1186 1045 (quibus
1198 1018 1212 1037 a
1227 1010 1280 1037 Deo
1301 1010 1430 1043 secunda,
1447 1010 1548 1044 illoque
1564 1013 1675 1036 auctore
1690 1008 1799 1036 condita
1814 1007 1862 1034 ob-

1074 1066 1154 1086 scure
1168 1057 1380 1093 signiﬁcantur),
1393 1064 1485 1084 verum
1501 1056 1583 1084 etiam
1600 1056 1639 1090 (ni
1661 1054 1806 1082 audentius
1820 1054 1862 1080 lo-

1075 1103 1157 1139 quor)
1185 1102 1523 1137 antcriorum";ipsius,
1550 1101 1672 1135 inquatn,
1702 1098 1862 1126 exsistentia

1075 1150 1222 1185 praeeuntis
1238 1156 1321 1184 supra
1333 1156 1414 1183 quam
1434 1148 1552 1182 ignotam
1570 1145 1712 1173 inﬁnitatis
1727 1145 1860 1172 notitiam.

1076 1196 1149 1223 Vidit
1164 1200 1253 1222 autem
1285 1194 1330 1221 Dei
1353 1194 1517 1225 claritatem,
1549 1201 1603 1220 non
1630 1192 1705 1219 brevi
1733 1189 1862 1224 temporis

1075 1243 1180 1270 morula
1198 1242 1296 1268 factam
1320 1240 1508 1275 conspiCuam,
1533 1240 1642 1273 citoquc
1661 1232 1861 1267 abscedentem,

1076 1287 1122 1316 sed
1143 1295 1204 1322 qua:
1228 1294 1338 1321 semper
1367 1286 1401 1313 ita
1420 1285 1574 1313 consistat:
1591 1291 1641 1311 nec
1654 1283 1729 1309 velut
1757 1282 1812 1313 ille,
1834 1281 1862 1307 in

1076 1337 1160 1368 petrae
1183 1335 1325 1367 protectus
1340 1331 1484 1361 foramine,
1500 1329 1546 1357 sed
1570 1330 1596 1355 in
1622 1327 1762 1362 unigenito
1773 1325 1863 1351 Verbo

1075 1383 1218 1413 paternam
1233 1383 1366 1403 contuens
1378 1376 1505 1411 gloriam,
1521 1374 1547 1401 in
1567 1373 1628 1400 Filii
1646 1371 1748 1407 Spiritu
1764 1370 1864 1397 eximie

1076 1423 1146 1451 Filio
1161 1422 1400 1456 circumfulgetur.
1420 1421 1491 1448 Vidit
1504 1427 1565 1455 quae
1578 1427 1626 1454 per
1644 1417 1863 1449 tabernaculum,

1077 1471 1160 1505 inque
1181 1460 1229 1496 illo
1255 1469 1374 1504 reposita
1396 1475 1460 1495 vasa
1477 1466 1592 1502 mystice
1616 1464 1862 1499 signiﬁcabantur;

1076 1517 1143 1552 quin
1160 1516 1218 1550 ipse
1232 1515 1322 1549 potius
1349 1513 1424 1540 vario
1436 1513 1568 1540 virtutum
1583 1511 1657 1539 cultu
1676 1509 1820 1537 insolubile
1834 1515 1864 1535 se

1038 1579 1061 1611 Ε
1079 1561 1286 1589 tabernaculum
1305 1559 1360 1587 Deo
1373 1559 1516 1590 exhibens,
1531 1558 1612 1585 etiam
1627 1564 1717 1583 arcam
1741 1555 1862 1582 animum

1219 1607 1226 1611 .
1551 1608 1556 1611 _
1621 1610 1625 1611 ν
1671 1609 1724 1611 κω,
1752 1600 1862 1611 LL“...

1078 1616 1158 1636 suum
1181 1606 1298 1634 reddidit
1314 1615 1320 1633 ε
1337 1613 1428 1633 arcam
1455 1604 1570 1636 scilicet,
1595 1610 1650 1630 non
1667 1609 1728 1635 qua:
1752 1600 1865 1627 haberet

1079 1663 1176 1682 urnam
1191 1661 1302 1681 auream
1315 1653 1349 1685 ³⁸,
1362 1652 1409 1679 sed
1423 1660 1483 1687 quae
1494 1659 1542 1678 cor
1555 1657 1623 1678 auro
1633 1649 1753 1680 rutilum,
1766 1653 1863 1681 panem

1079 1702 1154 1729 illum
1174 1700 1312 1728 caelestem
1324 1698 1426 1734 gremio
1442 1697 1596 1725 continens.
1611 1695 1670 1722 Non
1687 1701 1748 1729 quae
1760 1692 1864 1727 virgam

1079 1747 1289 1783 amygdalinam,
1303 1753 1363 1779 qua:
1380 1744 1519 1776 ﬂoruerat,
1536 1741 1726 1776 lapideamqne
1762 1746 1793 1766 ac
1810 1737 1865 1764 fra-

1080 1794 1161 1828 gilem
1185 1791 1324 1824 tabulam;
1347 1789 1394 1817 sed
1417 1797 1477 1823 quae
1500 1787 1646 1822 expolitam
1672 1790 1789 1812 mentem
1834 1790 1866 1809 ae

1080 1837 1280 1870 inviolabilem,
1307 1843 1426 1870 vereque
1450 1833 1497 1861 Dei
1526 1832 1613 1867 digito
1636 1831 1778 1865 scriptam,
1799 1836 1866 1855 con-

1080 1888 1194 1919 tegeret.

1117 1930 1188 1957 ldem
1207 1929 1308 1964 pariter
1320 1927 1514 1956 candelabrum
1537 1928 1640 1959 septem
1657 1922 1758 1949 habens
1780 1920 1866 1946 lucer-

1082 1984 1131 2003 nas
1149 1974 1367 2006 constituitur",
1384 1973 1431 2008 qui
1447 1972 1553 2000 scilicet
1567 1975 1670 2003 septem
1688 1967 1806 2001 Spiritus
1818 1964 1867 1990 do-

1082 2024 1124 2051 nis
1140 2022 1290 2049 Ecclesiam
1307 2021 1435 2048 illustret.
1467 2017 1648 2045 Constituitur
1659 2019 1686 2041 et
1698 2020 1803 2042 mensa,
1819 2019 1866 2045 pa-

1083 2077 1142 2096 Itcnl
1158 2068 1234 2095 illum
1248 2073 1354 2094 summe
1365 2065 1506 2100 mysticum
1522 2062 1607 2097 probe
1617 2058 1803 2088 esurientibus
1817 2063 1866 2090 ap-

1082 2114 1199 2149 positum
1215 2109 1546 2139 habens”.Constituitur
1560 2108 1642 2148 etiam
1657 2106 1754 2137 altare,
1767 2103 1865 2130 nedum

1084 2159 1304 2194 thymiamatum,
1331 2157 1403 2184 velut
1426 2154 1606 2183 suavissimus
1621 2151 1736 2182 suﬁitns,
1754 2155 1865 2184 precum

1080 2205 1180 2239 iugiter
1199 2204 1302 2230 hostias
1326 2200 1538 2233 submittens“;
1555 2206 1651 2226 verum
1676 2197 1758 2224 etiam
1790 2193 1866 2221 holo-

243 2254 308 2280 lium
328 2253 414 2288 magis
439 2261 471 2280 ac
488 2252 663 2284 naturalium,
681 2260 712 2279 ex
726 2257 843 2285 terrena,
861 2260 893 2279 ac
908 2260 967 2287 qua:
979 2260 1028 2279 εαξ-
1045 2255 1066 2281 D
1081 2254 1251 2280 caustorum,
1267 2250 1366 2283 pietate
1383 2249 1496 2283 pingues
1507 2245 1612 2273 animas
1627 2241 1757 2271 sacriﬁcii
1771 2240 1825 2267 ritu
1838 2247 1865 2266 Ill

243 2299 298 2326 culi
313 2307 363 2326 usu
389 2303 573 2332 comparatur,
598 2297 787 2332 intelligentia,
818 2298 971 2332 mentisque
987 2305 1030 2325 so-

245 2345 321 2372 lertia
339 2344 376 2371 illi
396 2343 619 2371 collectorum".
649 2343 696 2370 llis
719 2343 811 2377 igitur,
835 2344 881 2378 qui
907 2344 973 2370 recti
997 2351 1030 2370 ac

245 2390 338 2416 ﬁJclcs
352 2394 454 2421 essent,
467 2392 524 2416 tum
545 2387 645 2416 alebat.
663 2391 718 2414 tum
735 2386 893 2419 recreabat;
917 2386 962 2421 qui
978 2395 1028 2413 au-

245 2440 298 2460 tem
311 2438 537 2463 murmuratores.
554 2439 587 2460 ac
602 2431 657 2459 Deo
679 2431 869 2464 detrahebant,
883 2438 931 2459 eos
947 2432 1028 2458 mise-

245 2479 322 2505 rabili
339 2486 370 2505 ac
385 2478 559 2513 deplorandae
573 2477 653 2504 morti
670 2477 804 2503 tradebat.

280 2525 340 2552 Non
364 2525 391 2551 in
419 2530 538 2552 montem
556 2524 647 2560 (terrae
664 2523 779 2555 scilicet,
807 2523 852 2558 qui
872 2523 899 2550 in
916 2530 1028 2550 sensum

245 2574 335 2606 cadat,
350 2571 497 2604 tumulum)
509 2578 554 2605 per
566 2570 647 2597 breve
657 2574 764 2604 tempus
779 2569 918 2601 secedens,
931 2568 1031 2602 Deique

247 2619 302 2646 illic
320 2626 387 2646 usus
402 2617 581 2651 colloquio,'°,
610 2616 697 2643 turbis
714 2623 743 2642 se
770 2623 865 2642 rursus
892 2613 1031 2648 legislator

246 2665 435 2699 permittebat;
451 2663 497 2689 sed
513 2669 639 2696 suprema
655 2660 797 2695 theologize
811 2666 959 2686 conscensa
971 2665 1033 2692 spc-

246 2712 319 2741 cula,
338 2718 392 2736 non
417 2709 523 2735 dierum
546 2706 736 2742 quadraginta,
766 2705 813 2732 sed
830 2705 886 2739 jugi
903 2704 1031 2738 jejunio;

263 2771 267 2774 ”
282 2780 303 2796 ¹⁷
315 2778 402 2806 Exod.
421 2786 448 2808 x,
464 2777 510 2803 ‘22.
550 2777 571 2792 ’⁸
591 2775 677 2802 Exod.
709 2783 759 2805 xu,
773 2774 818 2801 29.

247 2817 269 2832 “
283 2814 369 2842 Exod.
386 2821 431 2844 xv,
443 2812 489 2840 ‘25.
527 2813 550 2829 "
567 2812 651 2838 Εχηει.
669 2818 735 2842 xvn,
750 2810 792 2836 Η.

247 2851 270 2866 ’⁷
287 2848 372 2876 Exod.
389 2855 487 2876 sunt.
509 2849 554 2875 25.
606 2846 628 2861 ’⁸
642 2845 720 2874 llcbr.
741 2853 779 2876 ιχ,
795 2845 820 2871 ιι.

249 2893 314 2918 xu,
335 2885 357 2911 Ι.
395 2883 418 2900 ⁸³
433 2883 517 2911 Exod.
532 2892 567 2914 iV,
582 2883 625 2909 (37-

877 2773 898 2789 "
917 2773 1003 2800 Exod.
1017 2781 1076 2799 xttl.
1089 2773 1119 2799 2|
1132 2781 1138 2804 ;
1152 2781 1205 2805 xw,
1227 2773 1266 2799 l9.

845 2811 866 2825 "
879 2808 961 2834 Exod.
995 2816 1048 2838 xw,
1067 2808 1107 2837 14.
1128 2810 1168 2836 15.

867 2844 888 2859 ¹⁹
905 2843 989 2870 Exod.
1011 2851 1073 2874 xxv,
1089 2845 1132 2871 3|.

1081 2297 1141 2330 ipso
1156 2295 1260 2322 faciens
1273 2294 1306 2320 ".

1116 2341 1187 2368 ldcm
1202 2347 1309 2374 quoque
1322 2346 1438 2374 magnus
1453 2335 1574 2371 pontifex
1599 2335 1722 2365 ell‘ectus,
1738 2340 1792 2360 non
1814 2339 1866 2357 un-

1080 2386 1178 2413 ctionis
1194 2385 1254 2412 oleo
1274 2388 1356 2418 caput
1378 2384 1546 2416 barbamque
1557 2380 1681 2411 diluitur,
1702 2378 1750 2406 sed
1764 2376 1867 2411 Spiritu

1082 2431 1273 2459 cxsultationis
1301 2435 1390 2457 tuente
1410 2437 1442 2455 ac
1471 2429 1562 2455 animo
1589 2425 1785 2454 sanctiﬁcatur.
1811 2422 1867 2450 Nec

1084 2478 1164 2505 variis
1181 2477 1291 2508 tunicis,
1306 2482 1412 2502 terrena
1426 2483 1440 2502 e
1453 2474 1566 2501 materia
1585 2471 1719 2499 contextis
1735 2476 1867 2505 perorna-

1085 2527 1140 2555 tur,
1153 2523 1199 2550 sed
1215 2522 1346 2548 virtutum
1365 2520 1509 2550 varietate,
1526 2518 1609 2545 animi
1626 2517 1718 2544 tunic‘a
1731 2514 1805 2541 varia
1824 2514 1867 2540 in-

1086 2569 1192 2601 duitur;
1212 2575 1244 2594 ac
1264 2567 1337 2594 velut
1364 2566 1454 2592 Aaron
1481 2564 1525 2591 ille
1555 2560 1779 2590 tintinnabula",
1799 2565 1866 2585 cou-

1082 2615 1192 2641 citmum
1221 2613 1378 2648 apostolica:
1403 2611 1543 2646 sapientia:
1570 2610 1690 2637 sonitum
1712 2611 1866 2634 assumens,

1082 2661 1118 2688 ita
1131 2659 1357 2688 sanctiﬁcationis
1373 2657 1513 2690 sacerdos,
1529 2661 1610 2691 atque
1628 2654 1723 2682 hostiae
1738 2657 1814 2678 nova:
1828 2657 1868 2676 sa-

1082 2699 1191 2733 criﬁcus
1208 2713 1260 2731 non
1276 2712 1322 2738 per
1338 2703 1507 2738 sanguinem,
1534 2702 1580 2729 sed
1605 2708 1652 2735 per
1679 2697 1804 2731 spiritum
1825 2693 1867 2720 fa-

1644 2767 1664 2782 "
1680 2765 1687 2791 1
1705 2764 1768 2790 Cor.
1793 2770 1819 2791 ιι,
1837 2761 1865 2789 4.

1605 2802 1628 2817 ’⁸
1642 2799 1725 2827 Exod.
1753 2806 1807 2829 χιιι,
1837 2797 1864 2823 5,

1605 2845 1623 2860 ν.
1638 2837 1683 2860 ‘23.
1741 2834 1761 2849 "
1779 2833 1864 2860 Exod.

1802 2841 1866 2860 X0“.

1321 2772 1344 2788 ¹⁰
1365 2771 1450 2798 Exod.
1478 2777 1542 2800 xm,
1566 2768 1592 2795 6.

1439 2805 1483 2835 15,
1511 2804 1552 2831 l7.

1225 2808 1247 2823 “
1271 2806 1329 2834 Jac.
1357 2815 1397 2838 ιιι,
1439 2806 1483 2835 15,
1511 2806 1552 2831 l7.
1605 2806 1628 2817 “
1642 2806 1683 2827 Eri

1225 2852 1263 2869 sa.
1281 2851 1318 2869 ιιι.
1337 2843 1364 2868 :2.
1421 2842 1441 2856 ³¹
1459 2839 1542 2866 Exod.
1562 2845 1624 2869 xxv,
1638 2837 1683 2863 ‘23.

1172 2844 1194 2859 ³ο
1213 2843 1263 2870 lsa.
1281 2851 1318 2873 ιιι,
1337 2843 1364 2868 :2.
