2089 3151
268 148 323 180 459

868 139 1013 170 ΝΙΕΕΤιἘ
1028 136 1289 168 PAPIILAGUNIS

1833 131 1886 162 460

264 203 300 233 tis
317 203 350 235 "‘,
366 208 398 228 ac
414 200 465 228 sub
479 207 573 227 eorum
589 198 678 227 colore
693 197 812 224 variante
835 201 972 230 aspectum
987 202 1050 221 oves
1064 194 1088 223 Α
1103 201 1155 220 non
1175 194 1201 219 in
1217 192 1329 224 somnis,
1343 190 1389 218 sed
1410 190 1466 225 ipsa
1481 189 1583 224 vigilia,
1598 195 1659 223 quae
1674 195 1688 214 e
1698 194 1727 214 re
1743 191 1834 213 essent
1854 194 1886 213 ac

267 251 300 276 ad
319 247 421 275 coitum
435 246 572 275 emittens.
590 243 682 279 plures
696 242 849 269 maculosus
867 241 941 270 facit,
966 246 1047 274 quam

265 301 327 328 qua:
342 292 423 320 nullis
443 295 522 318 erant
545 290 680 317 distinctae
709 287 824 315 maculis
840 295 847 313 :
863 286 960 320 hisque
982 284 1048 312 arti-

265 340 317 366 bus
330 339 424 365 deluso
444 336 523 372 Syro.
533 342 564 363 ac
579 342 641 362 cum
652 334 766 362 solerter
776 333 826 360 sibi
846 335 968 367 parasset
986 330 1050 358 sub-

264 385 405 415 stantiam,
423 383 460 410 ita
475 389 535 409 cum
552 380 684 407 uxoribus
698 386 731 407 ac
756 379 849 406 liberis
863 378 898 405 ab
911 385 944 405 eo
955 377 1023 411 fugit
1040 386 1047 410 ;

266 429 367 463 Deique
379 427 476 461 copiis,
499 433 532 453 ac
559 425 657 453 turmis
685 423 814 452 occurrit.
839 423 879 449 Ad
897 423 955 449 haec
985 428 1049 448 cum

265 473 331 503 Deo,
346 472 392 507 qui
412 474 585 506 apparuerat,
607 473 732 497 conserta
755 475 856 504 pugna,
873 467 952 502 cujus
966 466 1048 494 etiam

265 523 331 545 nutu
349 522 452 545 mutata
473 516 653 552 appellatione
676 515 783 543 lsraelis
812 521 910 541 nomen
936 513 1049 546 accepit,

263 563 370 590 cunctis
386 563 517 590 liberatus
536 561 681 594 molestiis,
696 561 723 588 in
735 564 875 595 paternam
887 556 986 586 alacris
1001 558 1052 585 do-

263 616 338 637 mum
354 609 443 636 rediit.

300 685 369 718 Quid
381 693 444 712 vero
461 683 609 718 Gregorius
622 684 635 710 ?
652 683 747 710 Nonne
765 682 875 716 optimis
900 680 1053 714 Theologize

265 731 398 765 dogmatis
412 729 534 756 divinum
551 727 831 763 accipiebatNumen;
850 727 1053 761 presbyterum-

263 784 318 811 que
330 777 410 803 etiam
429 775 466 802 illi
487 775 605 803 invisum
626 774 763 801 funestum
786 773 879 799 Arium
896 772 981 807 gloria
1006 778 1053 798 su-

266 830 374 856 pet-aus,
388 821 542 848 divinarum
559 820 643 847 decus
668 819 889 846 bcnedictiouum
913 816 1054 852 privilegio

1103 239 1298 269 conducerent,
1312 236 1434 271 quotidie
1445 233 1678 263 submonstraret?

1135 283 1229 310 Trium
1243 283 1348 310 illarum
1360 283 1420 309 loco
1433 282 1580 316 virgarum,
1590 279 1678 306 tribus
1701 277 1812 305 Deitatis
1826 284 1889 311 per-

1101 330 1176 357 sonis
1189 330 1215 356 in
1233 328 1363 356 Ecclesiis
1376 335 1502 355 sermone
1518 325 1666 361 propositis
1682 324 1749 358 (has
1769 329 1888 356 namque

1100 376 1190 410 palam
1214 374 1367 409 figurabant
1392 372 1528 400 canalium
1554 369 1648 404 alvei),
1671 369 1840 401 hortansque
1854 366 1888 393 ad

1100 429 1147 448 eas
1172 420 1291 447 animum
1332 420 1503 446 attendentes
1527 417 1629 451 pietate
1667 415 1751 442 fetum
1780 416 1888 439 uterum

1102 471 1250 502 gestarent,
1273 466 1383 500 optimae
1397 462 1635 498 contemplationis
1660 460 1790 495 optimam
1807 457 1891 485 ratio-

1102 520 1175 543 nem,
1187 512 1324 539 salubrem
1337 511 1472 538 rationem
1488 508 1705 538 utenitereutur,
1720 503 1864 539 praestabat
1879 509 1887 534 ;

1102 565 1157 594 quo
1174 558 1207 584 ad
1233 564 1368 592 supernas
1393 556 1498 588 caulas,
1516 554 1589 582 bono
1605 552 1651 579 illo
1666 551 1788 582 Pastore,
1815 555 1889 576 sum-

1103 611 1200 637 meque
1218 603 1330 637 provido
1347 601 1533 630 submittente,
1555 598 1714 625 transirent.

1138 649 1234 676 Omnis
1247 648 1355 683 generis
1378 652 1501 674 terrenas
1516 645 1667 674 facultates,
1693 648 1763 676 quas
1783 639 1821 666 illi
1846 646 1892 666 sa-

1103 693 1216 728 pientia,
1225 693 1366 726 virtusque
1375 694 1526 726 paraverat,
1535 692 1646 716 sumens
1655 695 1662 718 ;
1671 690 1752 720 atque
1759 685 1892 710 hactenus

1105 739 1165 766 fidei
1196 746 1259 772 ope,
1289 745 1344 764 non
1368 737 1425 771 ipsa
1451 735 1540 770 specie
1567 734 1751 768 angelicarum
1766 729 1892 756 Potesta-

1105 791 1162 812 tum
1182 784 1280 812 castris
1307 782 1504 810 humanissime
1519 780 1662 814 acet-plus.
1686 777 1711 804 id
1735 781 1777 803 est
1807 775 1891 808 stipa-

1105 835 1172 863 tus;
1192 837 1224 857 ac
1241 837 1303 858 cum
1334 829 1389 855 Dco
1416 826 1523 854 homine
1544 826 1572 852 in
1596 824 1692 859 spiritu
1717 827 1892 856 congressus.

264 865 502 901 accepit?Nonue
516 866 560 892 hic
574 872 683 899 quoque
711 864 784 891 illius
809 864 996 891 crudelitatem
1013 862 1055 889 fu-
1071 861 1093 889 Β
1107 861 1239 910 mensque
1265 881 1328 901 mre
1351 873 1434 900 Dem“
1458 872 1552 898 videns
1584 869 1684 896 nedum
1708 870 1892 901 nuncupatus.

266 913 354 947 sciens,
369 912 402 939 ad
428 916 578 939 maternam
604 911 727 943 domum,
749 910 925 944 apostolicam
953 908 1056 935 scilicet

268 957 416 985 i-Ici-lesiam
437 957 648 991 commigravit?
669 957 765 984 Nonne
787 955 888 983 scalam
904 962 919 982 e
942 954 1056 982 terrain

267 1003 379 1034 cceium,
398 1002 546 1036 fastigiata,
563 1010 595 1029 ac
620 1009 680 1036 qua
703 1000 850 1028 virtutibus
867 999 1055 1030 fabricarctur,

268 1048 344 1083 prius
359 1048 485 1083 aspexit?
498 1047 595 1075 Nonne
612 1055 659 1082 per
672 1055 743 1079 eam,
762 1046 807 1073 Dei
828 1046 875 1081 qui
896 1045 934 1072 illi
953 1045 1056 1071 innite-

268 1093 359 1125 batur,
370 1093 583 1127 angelorumque
593 1092 620 1118 in
633 1099 664 1119 ea
674 1090 878 1119 ascendentium
903 1097 935 1116 ac
946 1089 1058 1115 descen-

266 1138 390 1165 dentium
416 1138 513 1165 doctus
538 1141 580 1165 est
606 1136 860 1171 contemplationem
881 1135 892 1162 Τ
916 1134 986 1168 Quin
1013 1133 1058 1160 hic

268 1190 379 1217 quoque
394 1182 501 1210 labores
524 1182 650 1214 desudat,
669 1186 696 1209 at
713 1189 767 1208 non
796 1182 833 1208 ita
861 1185 891 1208 ut
910 1180 1056 1208 mulierum

268 1232 410 1255 venustate
424 1228 566 1261 tabescat;
585 1235 639 1254 non
655 1227 714 1261 ejus
729 1227 817 1262 gratia
834 1225 1057 1262 pulchritudinis.

269 1281 330 1307 qua>
348 1273 381 1300 ad
396 1273 492 1301 horam
510 1274 590 1300 ﬂoret
607 1281 615 1306 ;
635 1280 695 1308 quae
711 1273 744 1300 ad
769 1272 904 1300 modicum
931 1271 1056 1304 delectat,

266 1320 404 1354 citiusque
425 1319 586 1352 evanescit;
622 1327 710 1354 neque
735 1319 807 1353 apud
832 1317 984 1349 Labanum,
1011 1315 1058 1344 sed

268 1367 329 1401 ejus
343 1369 471 1400 nepotem
486 1365 595 1400 Moysen
613 1373 620 1391 :
634 1365 740 1392 laborat
757 1369 858 1396 autem,
884 1368 914 1390 ut
941 1363 1058 1390 duarum

269 1412 330 1447 ejus
346 1411 472 1442 ﬁliarum,
490 1413 589 1438 veto-ris
605 1410 708 1437 scilicet
735 1410 855 1444 novique
880 1408 1056 1441 Testamenti,

270 1457 395 1484 notitiam
408 1455 556 1491 perfectam
574 1455 758 1483 nanciscatur.
778 1455 817 1482 Ac
839 1454 919 1489 plane
948 1453 1057 1480 illarum

271 1508 384 1536 compos
399 1501 531 1534 edicitur;
549 1501 664 1535 primum
676 1500 784 1534 quidem
805 1499 922 1527 senioris
940 1507 947 1532 ;
961 1498 1059 1525 exinde

271 1552 361 1575 autem
376 1548 504 1582 junioris.
533 1546 577 1573 Sic
593 1547 664 1573 enim
681 1546 751 1572 forte
773 1552 822 1580 par
839 1549 917 1577 erat,
935 1548 966 1571 ut
995 1551 1057 1571 cum

270 1593 339 1628 tegis
354 1593 430 1628 prius
444 1593 545 1625 littera,
567 1599 599 1619 ac
623 1595 679 1618 tum
700 1599 761 1618 cum
787 1590 883 1625 spiritu
897 1609 904 1622 ,
932 1589 1061 1618 societate

270 1640 440 1674 iungeretur.
468 1638 520 1665 Par
534 1641 602 1667 erat.
631 1644 659 1664 ut
671 1636 769 1664 veteris
786 1635 933 1670 Scriptum
950 1643 1059 1662 sensum

272 1683 389 1716 fin-item,
418 1691 450 1710 ac
473 1682 639 1718 expeditum,
665 1689 716 1709 nec
743 1681 889 1708 admodum
916 1681 1059 1715 pulchrum

274 1734 395 1764 aspectu.
412 1734 492 1763 atque
508 1732 650 1755 venustum
668 1734 730 1754 vere
744 1727 861 1761 primum
877 1726 978 1753 coleret
994 1726 1062 1758 ;sic-

274 1783 327 1809 quc
349 1775 423 1801 ineo
446 1774 500 1800 alte
527 1773 665 1805 latentem,
686 1772 769 1806 inque
799 1772 891 1806 gratiae
917 1771 1061 1806 [ἰν-ιπερξίἰο

276 1819 418 1846 manifeste
433 1818 576 1853 proditam,
597 1817 745 1844 formosam
764 1814 836 1843 illam
858 1824 890 1844 ac
911 1816 1060 1850 elegantem

273 1864 408 1891 rationem
431 1863 440 1898 (
466 1863 510 1889 Dei
541 1862 644 1889 scilicet
675 1861 752 1889 Verbi
779 1862 975 1888 incarnationis
995 1869 1062 1888 cnn-

276 1909 475 1943 tcmplationem
485 1908 494 1942 )
506 1909 578 1935 clare
593 1911 775 1941 pernoscerct,
789 1915 821 1934 ac
833 1907 965 1943 diligeret,
980 1908 1062 1942 inque

274 1954 335 1987 ejus
350 1954 490 1987 amplexus
514 1953 597 1979 animi
617 1951 755 1986 proposito
769 1956 867 1978 rueret.

312 2028 360 2055 His
386 2028 478 2061 utique
504 2025 611 2053 duobus
639 2025 809 2053 testamentis
835 2029 964 2060 tanquam
991 2025 1062 2052 veris

272 2079 346 2099 usus
365 2071 538 2106 conjugibus,
569 2070 640 2097 filios
674 2071 742 2105 patri
772 2070 945 2104 multiplicat.
972 2070 1062 2097 Animi

278 2116 474 2152 parturiginum
493 2117 519 2142 iu
543 2116 650 2150 spiritu,
677 2115 722 2143 Dei
740 2116 954 2150 promissionum
976 2115 1062 2143 haere-

276 2164 335 2195 des,
351 2163 450 2190 liberos
464 2166 598 2197 procreat.
620 2161 675 2189 Nec
687 2162 713 2188 id
737 2167 841 2188 tantum
864 2170 929 2189 cura
959 2162 1062 2189 intenta

277 2209 344 2243 agit,
357 2213 386 2234 ut
411 2207 544 2241 suscipiat
564 2207 674 2238 liberes,
698 2207 873 2234 sublimiores
901 2207 1004 2234 scilicet
1030 2214 1062 2234 ac

277 2254 413 2288 spiritales
427 2262 434 2286 ;
446 2253 492 2280 sed
506 2254 544 2286 iut
568 2253 660 2279 ctiam‘
671 2253 804 2287 tnancipia
823 2253 960 2287 acquirat;
983 2253 1064 2280 nimi-

279 2308 338 2326 rum
363 2299 471 2333 corpori
499 2297 646 2325 viciniores
678 2305 710 2325 ac
735 2298 904 2325 humiliores.
920 2297 968 2324 His
989 2298 1061 2324 enim

279 2345 323 2372 ille
338 2352 388 2379 pro
405 2344 448 2371 sui
477 2343 582 2370 ratione
603 2343 739 2377 spiritales
759 2343 810 2370 sibi
836 2351 868 2370 ac
895 2343 1063 2370 immortales

277 2389 385 2417 divitias
399 2393 485 2424 parat.
501 2388 569 2415 Nam
594 2389 651 2422 ipse
664 2396 782 2424 quoque,
802 2389 896 2423 paucis
916 2390 1061 2416 admodum

277 2443 309 2462 ac
338 2435 412 2461 brevi
441 2442 554 2461 numero
576 2434 686 2461 creditis
703 2452 710 2466 ,
735 2434 899 2469 solertiaque
922 2442 954 2461 ac
971 2434 1064 2461 labore

277 2482 305 2508 iu
330 2481 448 2516 amplam
474 2488 554 2515 grege
581 2484 709 2515 provecto
730 2479 868 2513 sobolem;
888 2487 941 2506 non
968 2485 1063 2506 omnes

277 2527 408 2554 mercedis
422 2527 483 2553 loco
496 2526 573 2553 datos
600 2525 646 2560 qui
663 2525 805 2552 revertenti
821 2525 848 2551 in
865 2529 1003 2559 paternam
1015 2524 1064 2550 do-

277 2581 352 2601 mum
367 2580 419 2600 una
439 2573 554 2600 comites
577 2576 679 2604 essent,
707 2571 753 2598 sed
785 2571 885 2598 electos
910 2570 1061 2602 duntaxat;

277 2627 327 2647 nec
343 2620 390 2654 qui
404 2623 465 2646 nota
477 2622 612 2650 carerent,
639 2617 685 2645 sed
710 2617 757 2652 qui
781 2621 869 2644 essent
885 2615 1016 2651 insiguili,
1036 2615 1063 2641 in

279 2666 386 2693 divinas
416 2664 566 2692 subductos
593 2663 721 2695 rationes,
744 2667 825 2697 atque
846 2661 919 2688 illius
941 2661 1062 2696 signatos

277 2713 414 2741 thesauris
439 2711 591 2746 intelligens
605 2719 612 2744 ;
631 2710 760 2745 quidnam
777 2709 909 2736 molitur?
927 2708 996 2741 Quin
1012 2715 1061 2742 po-

277 2760 332 2786 tius
359 2766 439 2792 quem
464 2759 491 2784 in
518 2764 627 2784 sensum
645 2755 813 2791 provehitur,
830 2754 904 2782 illius
918 2754 999 2781 ductu
1015 2752 1062 2788 qui

315 2848 339 2863 "'
354 2847 420 2874 Gen.
437 2854 501 2878 ut,
519 2845 563 2873 57.

1107 927 1201 947 verum
1222 919 1302 946 etiam
1324 917 1423 949 factus,
1438 925 1486 952 per
1509 916 1585 943 illum
1599 916 1633 942 ad
1657 920 1774 948 superna
1813 916 1894 946 atque

1106 972 1217 1002 paterna
1235 963 1408 992 tabernacula
1423 968 1480 990 tuto
1495 961 1666 989 commeavit.

1143 1012 1199 1039 Hoc
1211 1010 1350 1045 Theologo
1376 1008 1516 1044 sapientiae
1542 1014 1574 1034 ac
1600 1004 1751 1040 prudentia:
1774 1003 1894 1031 efficitur

1107 1059 1256 1094 specimen.
1285 1057 1377 1084 Virilis
1403 1056 1454 1082 hnc
1472 1054 1568 1086 animi,
1590 1052 1724 1086 fortisque
1751 1048 1892 1085 praeludto,

1107 1112 1164 1132 rem
1182 1105 1312 1132 adversus
1326 1102 1467 1129 haereticos
1490 1105 1602 1128 strenue
1630 1097 1775 1133 gerendam
1803 1095 1893 1122 fauste

1107 1151 1276 1186 auspicatus,
1293 1150 1329 1176 ita
1346 1156 1375 1176 se
1394 1148 1426 1175 ad
1447 1147 1610 1182 perfectiora
1643 1147 1809 1178 aspectuque
1836 1141 1895 1176 ipso

1109 1197 1238 1224 terribilia
1252 1195 1401 1223 certamina
1422 1192 1550 1227 accingit.
1570 1191 1609 1217 Ac
1627 1191 1698 1217 sicut
1722 1187 1896 1224 pugnacissi-

1108 1243 1145 1270 mi
1159 1242 1276 1274 athletae,
1293 1249 1347 1267 non
1367 1247 1382 1266 a
1397 1239 1485 1274 primo
1515 1238 1607 1265 statim
1622 1235 1809 1270 experimento
1836 1233 1894 1259 for-

1109 1288 1224 1316 tioribus
1235 1285 1401 1317 adversariis
1425 1283 1641 1319 congrediuntur
1653 1281 1716 1313 ;sed
1731 1284 1793 1307 ante
1808 1285 1897 1314 pugna

1108 1342 1170 1362 cum
1187 1334 1220 1361 iis
1233 1333 1281 1369 qui
1305 1332 1449 1360 debiliores
1463 1335 1527 1358 sunt
1543 1328 1679 1364 tyrocinio
1702 1326 1820 1361 quodam
1832 1332 1897 1351 eru-

1109 1382 1170 1413 diti,
1192 1379 1398 1415 majoribusque
1425 1376 1533 1404 abunde
1549 1373 1743 1402 Iuctaminibus
1768 1369 1898 1402 instituti,

1109 1428 1145 1455 ita
1162 1427 1271 1455 demum
1290 1430 1318 1452 ut
1334 1432 1396 1452 cum
1411 1421 1611 1458 potentioribus
1625 1420 1698 1447 vires
1719 1416 1897 1447 contendant,

1109 1474 1136 1501 in
1149 1479 1260 1500 arenam
1276 1469 1455 1498 descendunt.
1469 1467 1511 1495 Ad
1527 1465 1652 1494 eumdem
1669 1464 1751 1491 etiam
1770 1462 1825 1490 fere
1839 1468 1899 1488 mo-

1071 1523 1094 1552 c
1110 1520 1173 1546 dum
1182 1517 1339 1552 Gregorius,
1349 1515 1466 1550 primum
1473 1512 1500 1541 in
1507 1511 1594 1548 patria
1602 1517 1664 1538 eum
1674 1508 1763 1544 impiis
1771 1513 1898 1552 congres-

1110 1572 1168 1596 sus,
1177 1550 1345 1597 rationisque
1355 1559 1488 1588 adversus
1499 1564 1546 1585 eos
1557 1557 1641 1589 lucta,
1650 1562 1682 1582 ac
1695 1552 1814 1581 victoriis
1821 1550 1899 1578 tortis

1111 1610 1210 1645 pugilis
1221 1609 1347 1639 lacertos,
1363 1613 1396 1633 ac
1415 1603 1593 1639 multiplicem
1612 1599 1809 1635 experientiam
1825 1597 1899 1624 ade-

1110 1644 1173 1692 ptus
1186 1664 1193 1688 ;
1208 1654 1325 1688 deiuque
1338 1650 1496 1687 parentibus
1517 1647 1589 1676 felici
1606 1646 1668 1674 vita:
1678 1644 1751 1672 exitu
1763 1649 1894 1671 consum-

1112 1686 1203 1733 inatis,
1225 1686 1289 1726 eum
1303 1686 1461 1729 ,laudatorio
1485 1699 1621 1724 sermone,
1635 1695 1693 1718 tum
1717 1686 1899 1724 justislrgiti-

1111 1747 1165 1774 mis
1190 1744 1366 1781 perfunctus;
1384 1746 1552 1777 pateranue
1578 1744 1659 1773 grege
1689 1735 1764 1762 velut
1787 1734 1814 1761 in
1841 1738 1900 1760 tuta

1111 1793 1225 1820 mandra
1255 1797 1303 1818 sua
1329 1789 1415 1824 ipsius
1455 1785 1592 1820 theologia
1613 1781 1792 1812 communito,
1819 1783 1901 1813 atque

1112 1843 1253 1873 pastorum
1283 1823 1402 1869 Principi
1435 1833 1462 1860 in‘
1489 1837 1587 1859 manus
1612 1828 1717 1860 relicto,
1734 1827 1792 1861 ipse
1811 1833 1841 1852 se
1865 1823 1900 1851 ad

1113 1868 1239 1918 graviora
1255 1868 1390 1908 sermonis
1407 1884 1501 1907 causa,
1524 1880 1607 1909 atque
1626 1871 1757 1900 doctrinae
1779 1868 1899 1904 pericula

1113 1914 1230 1963 expedit.
1256 1926 1295 1953 Ac
1313 1924 1387 1951 velut
1414 1923 1461 1958 qui
1477 1922 1503 1948 in
1524 1920 1632 1948 modico
1658 1917 1744 1944 ﬁdelis
1767 1914 1900 1949 probatus

1114 1961 1199 2004 esset,
1227 1971 1259 1998 ad
1286 1970 1434 1997 multorum
1459 1975 1488 1995 se
1517 1972 1612 1992 curant
1633 1967 1721 1998 parat.
1743 1961 1901 1994 ltelictaque

1113 2019 1261 2049 Nazianzo,
1276 2021 1348 2043 recta
1361 2015 1394 2042 ad
1409 2014 1502 2041 urbem
1523 2012 1673 2046 Augustam
1686 2009 1737 2035 iter
1750 2005 1900 2034 contendit.

1114 2065 1142 2092 ld
1158 2071 1224 2091 vero
1241 2061 1382 2096 temporis,
1396 2059 1490 2094 ingens
1504 2064 1564 2084 eam
1575 2075 1583 2088 ,
1599 2055 1743 2089 gravisque
1761 2054 1900 2079 liaarescon

1115 2110 1202 2144 caligo
1219 2109 1355 2135 invaserat
1379 2109 1462 2139 atque
1476 2102 1602 2138 opplebat
1618 2109 1626 2134 ;
1643 2107 1703 2134 qua:
1714 2099 1829 2129 scilicot,
1843 2100 1901 2123 tum

1115 2142 1249 2183 alite—aliis
1264 2153 1492 2187 compugnarent,
1505 2153 1561 2175 tum
1577 2145 1683 2174 veritati
1700 2144 1805 2171 infensa
1817 2142 1902 2169 vehc-

1116 2203 1233 2229 mentius
1255 2200 1312 2226 acie
1334 2198 1500 2232 ingruerent.
1518 2188 1564 2220 Sic
1584 2191 1656 2219 enim
1676 2189 1732 2216 fere
1756 2194 1902 2222 compara-

1114 2253 1171 2275 tum
1186 2251 1238 2278 est,
1255 2250 1285 2272 ut
1299 2244 1394 2271 vitium
1427 2245 1509 2275 atque
1527 2238 1656 2273 pravitas,
1677 2236 1776 2262 nedum
1798 2233 1902 2264 virtuti,

1114 2295 1160 2322 sed
1178 2297 1205 2320 et
1221 2291 1271 2319 sibi
1285 2291 1342 2325 ipsa
1367 2288 1467 2314 acriter
1490 2285 1659 2312 adversetur.
1675 2282 1711 2310 lis
1735 2284 1825 2308 autem
1855 2278 1902 2313 qui

1116 2345 1217 2368 reﬂﬂlli
1233 2337 1359 2364 tenebant
1373 2334 1452 2361 fidem
1479 2336 1557 2359 atrox
1576 2328 1692 2365 procella
1708 2325 1901 2356 incumbebat;

1114 2387 1301 2418 immensaque
1327 2381 1448 2413 undi-rue
1471 2378 1559 2405 offusa
1590 2375 1780 2418 aitxielas,_ac
1794 2369 1902 2398 consilii

1114 2432 1206 2466 inopia
1226 2436 1296 2460 erat,
1326 2435 1388 2454 cum
1404 2425 1540 2453 neminem
1557 2422 1654 2450 tuenda
1666 2413 1790 2448 docti-ina
1816 2421 1902 2444 certa-

1114 2476 1195 2503 minis
1213 2474 1309 2502 ducem
1335 2480 1367 2499 ac
1386 2470 1556 2498 defensorem
1575 2467 1716 2493 haberent.

1154 2522 1238 2557 Igitur
1246 2520 1337 2548 videre
1347 2523 1405 2546 erat
1415 2517 1488 2544 velut
1502 2513 1604 2550 ingenti
1629 2512 1816 2543 immensaque
1827 2513 1904 2533 vora-

1116 2551 1180 2604 gine
1192 2571 1350 2602 exporrecto
1366 2564 1461 2599 pelago
1482 2565 1577 2588 ventos
1591 2565 1652 2586 sese
1675 2556 1742 2583 alios
1768 2553 1829 2580 aliis
1851 2551 1904 2600 im-

1118 2595 1189 2640 iixani
1207 2595 1310 2646 impetu
1326 2608 1493 2637 collideutes.
1523 2604 1554 2631 Hi
1572 2609 1669 2637 nempe
1685 2599 1834 2627 lenioribus
1847 2595 1903 2631 pri-

1117 2666 1190 2685 mum
1217 2657 1292 2684 auris
1320 2655 1421 2687 ainant,
1454 2654 1617 2684 versantque
1643 2655 1675 2674 ac
1702 2646 1902 2678 circumagunt,

1117 2704 1247 2740 paulatim
1266 2701 1412 2737 procellam
1435 2697 1597 2727 attollentes.
1613 2694 1650 2721 ita
1667 2699 1768 2722 tamen,
1787 2693 1816 2716 ut
1840 2694 1904 2714 nec.-

1116 2732 1180 2778 ilum
1199 2732 1330 2784 impa-ctos
1355 2745 1502 2774 stridentes
1523 2742 1620 2769 ﬂuctus
1639 2739 1806 2772 dirmnpant.
1833 2732 1903 2760 Tum
