2089 3151
193 157 244 189 461

548 155 688 185 ORATIO
706 155 771 185 XX.
786 154 869 183 -ΙΝ
886 153 1041 182 LAUDEM
1061 153 1090 182 S.
1109 151 1298 182 GREGORII
1314 152 1450 181 THEOL.

1768 152 1823 184 452

195 218 305 249 repente
319 211 434 240 turbinis
447 215 533 238 tnstar
559 211 688 245 utrinque
702 210 747 237 alii
763 210 823 237 aliis
851 210 980 242 ingruen-
997 213 1020 239 Α
1035 209 1108 235 velut
1127 208 1390 242 conﬂare;alterum
1407 215 1531 240 numero,
1545 212 1627 243 atque
1643 207 1758 236 alterum
1775 217 1825 236 na-

195 265 248 290 trs,
263 264 346 294 alque
359 257 448 285 collisi
465 256 635 284 intoleranda
655 256 767 283 ﬂatuum
783 257 806 282 vi
824 263 898 282 mare
927 260 983 281 tum

195 304 301 334 inﬂant,
333 308 444 337 tumque
468 301 653 336 diﬂ‘ringunt;
677 306 838 336 assurgentc
867 301 984 335 procella

193 356 226 376 ac
242 349 394 378 desidente,
417 347 631 382 interceptisque
658 347 774 374 navibus
792 347 892 382 pariter
906 347 932 373 in
945 347 986 373 al-

194 398 252 421 tum
276 393 402 424 sublatis,
424 393 534 427 imoque
563 393 709 427 depressis,
738 396 821 427 atque
853 391 985 419 ﬂuctuum

194 439 375 470 immanitate,
391 443 530 473 aestusque
546 438 709 465 submersis.

232 484 336 511 Similis
355 484 478 518 quaadam
499 488 555 510 tmn
578 487 724 518 tempestas
749 483 921 510 Constantini
943 491 988 510 ur-

195 530 256 557 bem
281 530 448 562 invaserat;
480 529 657 564 nequissimis
686 528 790 557 scilicet
822 528 986 563 spiritibus,

195 575 373 603 adversantes
388 575 507 610 linguas,
520 583 553 603 ac
570 579 677 602 mentes
696 574 764 602 alias
780 574 840 601 aliis
860 574 986 601 commit-

198 621 318 648 tentibus
332 629 340 654 ;
355 629 388 648 ac
401 628 463 649 cum
475 629 572 649 omnes
588 621 717 656 loquendi
738 621 871 648 immensa
899 620 989 655 pruri-

197 667 269 701 gine,
281 675 314 694 ac
329 667 453 699 libidine,
469 668 618 703 pronisque
633 667 821 696 molitionibus
833 667 926 695 litibus
942 667 987 695 alii

197 712 265 740 alios
277 712 444 748 dilfringere,
454 720 486 741 ac
493 713 671 748 pessumdare
684 714 798 748 superbe
809 713 987 741 conniteban-

198 762 244 785 tur
258 768 265 785 :
283 758 306 785 si
322 766 382 793 qua:
396 766 461 787 vero
474 767 537 794 pars
565 759 727 787 rectae-ﬁdei
745 759 854 787 addicta
873 760 899 786 in
916 764 989 787 tanta

199 804 340 832 hominum
360 805 439 832 turba
453 805 559 840 reliqua
572 809 642 837 erat,
663 813 722 832 eam
739 813 806 832 vero
834 805 991 840 opprimere

197 857 231 878 ac
245 850 404 884 perditionis
419 850 473 878 alto
489 858 612 885 mergere
631 851 846 878 contendebant.

1038 260 1103 281 turne
1113 254 1228 282 ratione.

1073 299 1142 326 Nam
1155 306 1286 327 excessus
1297 298 1419 334 quidem,
1440 298 1573 332 defectui;
1587 298 1710 327 defectus
1727 300 1825 327 adver-

1038 349 1114 371 satur
1127 345 1250 372 excessui
1268 353 1274 370 :
1293 344 1375 372 ambo
1391 349 1482 371 autem
1498 344 1688 372 immoderatio
1703 350 1778 376 sunt,
1795 353 1828 373 ac

1039 390 1229 425 impropertio,
1245 390 1373 424 velutque
1405 398 1489 416 unum
1511 395 1620 425 accepta
1635 390 1743 422 vitium,
1764 399 1827 419 cum

1037 444 1080 468 ea,
1098 445 1159 472 qure
1169 444 1199 464 ex
1218 441 1292 464 recta
1317 437 1516 464 mediocritatis
1542 437 1646 464 ratione
1677 437 1829 464 moderatio

1039 490 1071 509 ac
1087 483 1229 518 proportio
1240 483 1376 516 consistit,
1391 483 1466 511 velut
1484 491 1546 511 cum
1573 484 1674 510 virtute
1696 491 1828 519 pugnan‘.
1856 491 1858 494 '

1040 529 1068 555 lu
1090 537 1152 556 cum
1169 529 1280 557 modum
1305 537 1430 564 perversa
1455 529 1559 563 opinio,
1579 529 1678 557 nedum
1706 533 1735 556 ut
1752 533 1831 557 rectae

1041 573 1209 606 adversetur,
1234 574 1280 602 sed
1309 579 1338 602 ut
1354 575 1436 602 etiam
1453 582 1543 609 pravae
1562 574 1701 602 contraria
1733 575 1780 608 sit,
1798 582 1831 602 ex

1040 624 1137 646 natura
1152 620 1243 647 habet.
1259 620 1277 647 li
1297 621 1389 656 igitur,
1405 621 1433 648 in
1450 628 1482 648 ea
1494 621 1611 656 prolapsi
1627 620 1756 653 absurda,
1773 626 1830 648 tum

1040 673 1102 692 cum
1118 666 1179 693 aliis
1201 666 1257 698 alii,
1274 672 1330 694 tum
1353 674 1415 693 cum
1433 667 1548 702 veritate
1573 666 1830 701 congrediebantur.

1076 711 1105 738 In
1123 712 1165 739 his
1176 717 1264 744 erant,
1283 713 1330 748 qui
1344 713 1412 741 Filio
1423 713 1544 748 quidem,
1558 719 1661 740 natura:
1673 721 1736 740 cum
1751 712 1833 740 Patre

1041 758 1264 792 conjunctionem
1288 758 1487 794 indulgebant;
1504 758 1637 794 Spiritum
1655 766 1731 792 vero,
1748 767 1832 795 quem

1042 812 1056 830 a
1073 804 1172 836 Patris,
1185 812 1217 832 ac
1233 804 1293 831 Filii
1309 805 1453 832 divinitate
1468 805 1589 833 alienum
1615 805 1778 838 sentiebant,
1796 805 1831 833 li—

1043 848 1137 875 bcrum
1151 849 1209 882 alii,
1225 849 1269 876 alii
1288 850 1369 877 ctiam
1387 857 1497 878 servum
1522 850 1693 886 blasphemia
1707 850 1833 878 dictitare

230 893 300 922 Nam
319 895 364 922 alii
380 895 489 930 quidem
511 894 622 923 Sabellii
639 895 723 931 Libys
741 896 900 924 confusione
927 904 989 924 sus-
1007 899 1027 927 Β
1042 895 1188 922 audebant.
1206 895 1286 922 Aliud
1300 895 1352 922 hoc
1361 903 1450 930 prava:
1462 895 1600 931 opinionis
1611 904 1708 931 genus.
1724 896 1832 930 Apolli-

198 944 285 975 eepta.
302 941 442 976 nimiaque
457 941 661 976 conjunctione,
685 942 814 976 velutque
837 942 989 969 concretio-

198 994 325 1019 ne;nec,
343 991 444 1021 quanta
466 994 514 1022 par
542 991 612 1018 erat,
641 988 808 1015 discretione
836 988 991 1016 inconsulte

198 1031 252 1064 usi,
269 1031 390 1065 Patrem,
412 1032 522 1065 Filium,
538 1040 569 1060 ac
580 1033 710 1066 Spiritum
726 1038 863 1066 sanctum,
880 1033 991 1061 nomine

199 1082 278 1105 tenus
290 1078 444 1111 honorant;
461 1086 522 1113 quae
534 1083 625 1105 autem
641 1078 682 1105 his
702 1078 903 1114 signiﬁcantur,
929 1087 992 1114 pro-

200 1123 249 1150 bro
269 1123 380 1155 habent,
390 1123 533 1159 nudasque
545 1124 604 1151 haec
617 1124 836 1158 nuncupationes
853 1124 990 1157 arbitrati,

198 1176 231 1196 ac
249 1176 311 1204 qua:
329 1176 379 1196 nec
396 1177 459 1197 vere
469 1169 614 1202 exsistant,
650 1169 876 1197 inconsistentem
902 1169 990 1204 reipsa

198 1220 281 1250 atque
305 1215 426 1249 inanem,
442 1214 555 1243 Iudaica
573 1215 719 1250 singularis
739 1215 909 1250 principatus
930 1215 991 1250 opi-

199 1261 292 1292 nione,
315 1268 348 1288 ac
374 1261 524 1296 impietate,
551 1261 604 1288 sibi
633 1261 712 1288 iidem
742 1261 911 1296 conlingunt.
939 1261 991 1288 Alii

199 1304 258 1331 Arii
285 1305 429 1333 dementiae
452 1305 634 1340 astipulantes
650 1325 657 1337 ,
675 1313 765 1340 exque
784 1306 929 1338 diametro,
946 1306 990 1338 iis,

200 1359 270 1385 quos
295 1351 431 1385 dicebam,
448 1356 602 1386 pugnantes
635 1351 782 1383 sententia.
817 1353 875 1386 pari
900 1356 990 1380 tamen

201 1397 340 1432 impietate
353 1398 492 1433 provecti;
510 1398 611 1433 quibus
623 1398 660 1426 illi
672 1398 856 1430 concretione,
875 1398 901 1425 hi
922 1399 991 1426 divi-

201 1443 278 1471 sione
291 1443 377 1478 impii,
397 1444 463 1471 recti
478 1449 564 1471 metas
576 1438 722 1472 excedunt.

238 1488 473 1521 Quemadmodum
490 1489 563 1516 enim
590 1491 705 1524 priores,
721 1493 767 1527 qui
782 1500 863 1520 unam
881 1492 991 1520 deilatis

201 1539 258 1561 tum
283 1539 410 1562 naturam
438 1536 570 1568 sentiant,
601 1543 658 1564 tum
689 1545 845 1572 personam,
864 1539 989 1574 procula

201 1581 316 1608 veritate
328 1586 472 1614 exerrant;
483 1582 523 1609 sic
535 1587 562 1609 et
586 1583 709 1617 secundi,
728 1585 774 1619 qui
792 1590 890 1619 praeter
899 1590 991 1612 ternas

201 1634 345 1661 personas,
362 1627 444 1654 etiam
460 1631 564 1654 natura!
585 1628 758 1662 divisionem,
776 1630 934 1658 Graecorum
949 1639 993 1657 cr-

203 1680 265 1699 rore
290 1680 324 1700 ac
348 1673 488 1708 itnpietate
517 1675 664 1709 inducant;
691 1676 795 1703 alienos
816 1685 829 1703 a
844 1676 924 1705 Patre
935 1677 993 1704 eili-

202 1718 290 1751 eiunt,
305 1719 352 1753 qui
367 1724 432 1747 sunt
446 1727 477 1747 ex
495 1721 572 1755 ipso;
592 1722 657 1756 quin
675 1727 702 1749 et
718 1722 792 1756 ipsos
803 1723 874 1750 inter
887 1731 916 1751 se
924 1723 995 1751 alie-

203 1770 254 1790 nos
278 1765 476 1798 pronuntiant:
504 1767 654 1801 imparibus
676 1768 790 1801 scilicet,
825 1776 994 1804 prorsusque

203 1808 323 1844 indignis
339 1811 438 1839 deitate
458 1813 598 1847 gradibus,
614 1813 711 1840 Filium
727 1815 801 1843 Patri
832 1816 995 1843 submitten—

205 1860 264 1889 tcs;
292 1864 324 1884 ac
339 1857 459 1892 Spirilus
482 1859 600 1894 gloriam
624 1860 684 1887 Filii
711 1861 834 1889 claritate
847 1862 994 1893 minorem,

203 1902 395 1937 detrahentes;
411 1906 476 1939 quin
494 1906 582 1939 potius
604 1906 653 1941 ipsi
669 1915 698 1934 se
716 1916 769 1935 una
799 1916 831 1936 ac
862 1909 993 1944 singulari

204 1949 305 1976 deitatc
332 1950 412 1986 longe
431 1951 601 1985 abdicanlcs,
617 1953 755 1981 extraneis
779 1959 861 1989 atque
883 1955 995 1982 absonis

204 1995 382 2029 opinionibus
394 1996 439 2022 alii
452 1996 478 2023 in
492 1997 560 2024 alios
576 1998 674 2024 merito
691 1998 850 2026 incitantur.

242 2040 295 2068 Eos
311 2042 395 2074 enim,
407 2043 453 2077 qui
470 2050 485 2069 a
501 2043 591 2070 medio
608 2049 810 2077 exerraverant,
825 2049 907 2079 atque
919 2053 934 2072 a
951 2054 994 2073 re-

205 2087 248 2120 gia
267 2087 471 2115 declinaverant
495 2089 533 2123 (in
559 2097 612 2123 qua
636 2091 674 2116 uti
699 2090 785 2118 virtus
799 2092 900 2123 omnis,
913 2092 952 2119 sic
969 2097 996 2119 et

207 2133 343 2168 inculpata
374 2141 497 2168 puraque
526 2135 663 2168 consistit,
695 2144 727 2163 ac
759 2141 898 2171 spectatur
918 2138 995 2172 lidvs)

205 2179 319 2205 nnmiuo
347 2187 394 2213 par
410 2185 477 2210 crat,
494 2180 654 2208 exc-‘s.~i|;us
685 2189 717 2209 ac
734 2182 886 2210 defectibus
913 2183 996 2211 inlue-

1042 939 1111 966 narii
1127 940 1198 966 enim
1216 939 1288 975 Syri,
1308 940 1438 974 quidnam
1457 941 1529 968 aliud
1544 948 1637 968 vocem
1661 941 1833 968 amentiam?

1041 986 1088 1021 qui
1104 986 1209 1014 srilicct
1222 987 1334 1014 doceret
1361 987 1500 1022 accrpisse
1517 988 1627 1022 quidem
1642 987 1758 1015 Verbum
1770 994 1834 1015 car-

1042 1040 1114 1065 nem;
1130 1040 1190 1060 eam
1206 1038 1296 1060 tamen
1312 1033 1405 1060 animo
1433 1041 1466 1060 ac
1482 1037 1573 1061 tuente
1583 1041 1677 1061 carere
1692 1034 1835 1061 dementer

1041 1083 1187 1106 assereret.
1330 1083 1334 1085 ’

1077 1123 1125 1151 llis
1137 1124 1241 1159 utique,
1255 1125 1370 1160 aliisque
1393 1126 1616 1161 quamplurimis,
1632 1134 1665 1153 ac
1676 1126 1836 1154 deterrimis

1042 1170 1227 1204 opinionibus,
1250 1179 1300 1199 ceu
1324 1172 1403 1199 saevis
1419 1171 1547 1207 procellis
1564 1172 1682 1200 immane
1698 1176 1832 1207 quantum

1042 1215 1183 1242 ﬂuctuanti
1199 1216 1260 1244 urbi
1274 1215 1412 1252 Augustae,
1429 1217 1503 1245 velut
1523 1217 1585 1252 quis
1598 1217 1720 1252 optimus
1736 1218 1835 1252 guber-

1043 1266 1122 1288 nator
1133 1262 1311 1290 admirandus
1332 1263 1377 1291 hic
1392 1262 1541 1298 Gregorius
1559 1271 1573 1290 a
1594 1263 1659 1296 Deo,
1680 1271 1770 1298 eoque
1785 1271 1835 1290 au-

1043 1308 1129 1343 spice,
1149 1308 1294 1336 incumbit.
1319 1309 1358 1336 Ac
1394 1309 1468 1336 sicut
1496 1309 1574 1344 prius
1599 1309 1732 1336 Dominus
1753 1308 1835 1336 Iesus

1042 1354 1196 1389 discipulis,
1210 1355 1304 1390 pelago
1316 1360 1397 1382 nocte
1413 1355 1476 1382 navi
1498 1355 1728 1385 conﬂictantibus.
1747 1355 1835 1382 factus

1043 1400 1219 1435 conspicuus,
1235 1407 1286 1428 suo
1303 1400 1395 1427 statim
1420 1399 1537 1428 adventu
1562 1404 1699 1427 tumentes
1713 1400 1835 1435 compri-

1044 1446 1094 1473 mit
1122 1446 1237 1479 iluctus;
1268 1449 1420 1481 ventosque
1447 1445 1603 1480 increpans,
1625 1445 1773 1480 procellam
1806 1445 1833 1472 in

1045 1492 1271 1526 tranquillitatem
1299 1491 1436 1519 convertit
1448 1491 1492 1517 °°:
1515 1491 1556 1519 sic
1571 1498 1654 1518 verus
1682 1490 1771 1525 reipsa
1792 1490 1836 1517 di-

1045 1538 1178 1574 scipulus,
1191 1546 1233 1571 ac,
1258 1537 1349 1573 quoad
1373 1538 1446 1569 licet,
1477 1537 1598 1564 imitator
1613 1541 1753 1568 strenuus,
1771 1544 1835 1564 cum

1007 1570 1028 1598 ο
1046 1570 1096 1612 illo
1107 1570 1218 1619 pariter,
1231 1570 1275 1616 iis,
1288 1584 1335 1619 qui
1349 1583 1464 1619 spiritali
1477 1587 1639 1618 tempestate
1647 1582 1834 1618 iactabantur,

1045 1636 1189 1664 apparens,
1222 1629 1352 1664 procellae
1374 1628 1509 1663 przecipit,
1532 1632 1615 1663 atque
1642 1628 1669 1655 in
1687 1634 1785 1655 auram
1799 1627 1836 1660 δ’,

1044 1676 1104 1711 ejus
1121 1676 1250 1704 ﬂuctibus
1266 1676 1421 1709 silentibus,
1434 1675 1539 1703 statuit.
1815 1707 1817 1709 _

1079 1721 1114 1749 At
1125 1729 1244 1756 quonam
1257 1721 1282 1749 id
1298 1721 1396 1748 modo?
1411 1719 1461 1748 Hic
1477 1721 1543 1747 mihi
1561 1720 1728 1748 narrationis
1739 1725 1837 1748 vernat

1045 1767 1172 1794 amabilis
1201 1771 1376 1801 conspectus.
1415 1764 1567 1800 Ingreditur
1593 1764 1766 1800 Byzantium,
1782 1772 1837 1792 non

1046 1813 1194 1841 satellitum
1209 1820 1305 1847 agmen
1321 1812 1470 1844 adducens,
1490 1810 1538 1838 sed
1552 1810 1700 1838 virtutibus
1715 1810 1838 1838 circum-

1046 1858 1222 1893 stipantibus.
1234 1857 1292 1884 Non
1309 1865 1418 1889 aurum,
1435 1863 1488 1883 nou
1509 1860 1662 1891 argentum,
1681 1862 1735 1882 non
1748 1863 1786 1883 aes
1808 1856 1837 1882 in

1047 1911 1114 1931 zona
1143 1904 1259 1936 habt-ns;
1289 1903 1335 1930 Sed
1366 1902 1428 1936 ﬂde,
1452 1910 1510 1937 spe,
1538 1909 1570 1929 ac
1602 1901 1746 1936 charitate,
1764 1902 1838 1930 velut

1047 1949 1150 1976 mundo
1163 1948 1352 1983 praestantiore
1365 1955 1447 1982 quam
1462 1955 1512 1982 pro
1535 1947 1631 1974 nmndi
1656 1947 1714 1982 ipsa
1728 1947 1838 1974 ratione

1047 1994 1200 2021 redimitus.
1232 1993 1290 2020 Non
1320 1993 1452 2027 pretiosas
1480 1997 1590 2025 vestes,
1618 1999 1672 2019 non
1701 1993 1837 2020 mulorum

1047 2039 1232 2068 convehendis
1267 2038 1383 2066 sarcinis
1419 2038 1642 2071 multitudinem;
1674 2045 1730 2065 non
1765 2038 1838 2066 aliud

1047 2087 1207 2122 quidquam,
1227 2085 1267 2112 vel
1279 2084 1419 2119 exiguum,
1439 2085 1480 2112 vel
1497 2092 1636 2119 magnum,
1662 2085 1696 2112 iis
1707 2092 1739 2112 ex
1757 2085 1839 2112 rebus

1048 2140 1115 2168 quas
1130 2136 1302 2166 comportare
1317 2131 1402 2158 moris
1417 2136 1459 2158 est
1471 2131 1536 2157 viris
1550 2122 1614 2157 luxu
1628 2130 1791 2165 magnificis.
1806 2138 1839 2158 ac

1048 2179 1140 2206 carnis
1153 2186 1248 2205 curam
1266 2177 1423 2213 agentibus,
1440 2177 1580 2211 inferens;
1593 2178 1640 2205 sed
1657 2177 1721 2205 Jesu
1732 2177 1840 2212 sapien-

206 2229 308 2257 rcntes,
322 2225 349 2252 in
363 2225 510 2252 nimietatis
520 2227 616 2254 scirtes
634 2228 789 2261 incurrere;
803 2235 991 2264 postremoque

1049 2225 1114 2251 tiam
1144 2231 1175 2250 ac
1193 2223 1369 2255 tenuitatem;
1386 2223 1542 2258 cultamque
1565 2222 1695 2257 apostolis
1723 2221 1841 2256 parcita-

207 2272 233 2297 in
265 2271 486 2299 contrarietatem
513 2273 636 2306 tlissidio,
660 2274 873 2310 inimicitiasque
901 2284 995 2310 prore-

206 2323 280 2350 pere.
301 2316 384 2351 quue
401 2318 469 2343 adeo
489 2319 719 2352 quemadmodum
750 2319 820 2351 istis,
839 2321 863 2346 in
886 2321 920 2347 iis
935 2329 996 2355 qua:

208 2362 241 2386 ad
257 2361 355 2388 trinam
371 2360 502 2388 Deitatem
517 2367 651 2397 spectant,
671 2363 705 2390 ita
723 2372 819 2392 rursus
832 2365 904 2397 aliis,
921 2365 946 2391 in
964 2366 996 2392 iis

207 2413 269 2439 qua:
281 2405 314 2432 ad
331 2405 378 2433 Dei
396 2406 476 2434 Verbi
491 2407 717 2440 incarnationem,
737 2409 814 2436 aiunt
837 2410 971 2438 accidisse
988 2432 994 2438 .

207 2459 269 2478 cum
284 2459 382 2486 nempe
398 2453 444 2479 alii
460 2461 493 2480 ex
509 2453 620 2481 Christo
635 2454 736 2488 duplici
752 2460 848 2482 natura
861 2456 930 2484 duos
944 2457 995 2483 sibi

208 2496 293 2524 Filios
307 2498 475 2531 inducendos
499 2500 648 2533 sentirent;
664 2500 710 2527 alii
725 2501 751 2527 in
770 2509 852 2528 unam
870 2509 932 2529 eum
948 2511 997 2529 na-

208 2548 297 2570 turam
315 2551 348 2571 ex
370 2553 423 2572 una
440 2553 562 2580 persona:
579 2547 683 2574 ratione
700 2552 829 2582 cogerent
846 2557 852 2574 :
870 2556 932 2575 ctlm
951 2556 999 2583 par

207 2594 282 2616 esset
295 2590 351 2618 illic
368 2593 480 2625 pariter,
503 2598 585 2626 atque
602 2593 647 2620 hic
662 2593 767 2621 honesti
788 2595 913 2621 terminis
929 2595 998 2621 insi-

208 2640 321 2670 stentes,
340 2642 396 2664 tum
412 2638 495 2665 simul
511 2639 677 2674 dispesccre,
707 2645 763 2667 tum
779 2646 942 2668 connectere
968 2649 1000 2669 ac

244 2727 266 2743 εί
286 2725 359 2754 Psal.
375 2735 431 2760 cvt,
448 2728 495 2756 29.

247 2827 301 2862 (l5)
317 2827 390 2854 llane
408 2827 465 2862 ipse
484 2827 591 2855 Nicetas
614 2826 723 2862 egregio
748 2827 841 2854 laudat
851 2827 978 2854 encomio
993 2836 1000 2856 :

211 2870 307 2898 ueinpe
323 2863 459 2890 seniorem
472 2870 504 2890 ac
515 2864 624 2890 seniore
651 2862 736 2889 Roma
750 2867 848 2895 ortam,
867 2870 917 2890 nec
946 2863 999 2890 nisi

1049 2277 1115 2303 tem,
1135 2271 1291 2305 nudamque
1320 2278 1352 2297 ac
1372 2270 1522 2304 simplicem
1541 2269 1575 2297 ad
1600 2268 1776 2304 Evangeliurl
1790 2268 1838 2304 (et,

1050 2324 1079 2346 ut
1092 2319 1127 2346 ita
1144 2317 1244 2352 dicam)
1255 2316 1416 2352 imparatam
1433 2318 1668 2352 praeparationem.

1087 2366 1131 2392 Sic
1144 2365 1236 2399 igitur,
1246 2371 1334 2399 c0que
1350 2364 1499 2391 adveniens
1514 2368 1657 2398 apparatu,
1671 2364 1761 2399 qualis
1777 2372 1841 2392 eum

1051 2411 1173 2443 decebat,
1201 2411 1244 2438 cui
1261 2409 1418 2437 concredita
1446 2409 1597 2443 apostolica
1620 2408 1725 2436 functio
1746 2414 1841 2442 esset;

1052 2458 1169 2492 primum
1191 2457 1299 2491 quidem
1315 2454 1386 2489 apud
1400 2455 1534 2489 quosdam
1549 2454 1761 2486 necessitudine,
1782 2462 1843 2489 qua:

1049 2504 1200 2531 secundum
1221 2503 1347 2537 spiritum
1367 2506 1419 2533 est,
1443 2500 1618 2535 conjunctos,
1651 2501 1751 2536 hospes
1766 2501 1841 2534 agit:

1052 2550 1078 2577 id
1093 2555 1182 2577 autem
1201 2549 1233 2576 ad
1248 2555 1353 2583 magna:
1366 2547 1520 2574 Anastasis:
1542 2547 1598 2582 (l5)
1615 2547 1720 2581 exigua;
1745 2546 1843 2572 domus

1053 2596 1190 2630 proximas
1220 2595 1303 2622 mdes.
1329 2594 1387 2621 l‘na
1416 2594 1485 2625 haec,
1503 2593 1577 2628 quod
1595 2593 1640 2620 vili
1657 2592 1748 2619 forsan
1765 2591 1843 2617 sthe-

1053 2647 1135 2672 matc,
1153 2648 1276 2676 pcneque
1287 2639 1391 2666 inutilis
1403 2639 1553 2670 videretur.
1564 2638 1699 2665 lia-retic-is
1709 2636 1843 2669 neglectu.

1057 2827 1114 2854 atde
1138 2828 1193 2855 illic
1213 2836 1290 2855 sacra
1317 2836 1349 2855 ac
1373 2828 1448 2855 cultu
1479 2826 1747 2863 Byzantinam;quo
1761 2825 1843 2853 etiam

1056 2863 1137 2890 tuodo
1152 2869 1248 2891 auctor
1263 2869 1341 2891 vocat
1357 2871 1446 2890 suam.
