2089 3151
242 194 302 226 ’463
840 181 988 213 ΝΙΕΕΤΕ
1003 180 1046 209 ΡΛ

234 251 381 281 'fideliuln,
393 256 424 275 ac
443 245 550 282 pietatis
565 244 700 272 cultorum
718 241 815 275 eviguo
836 237 1033 266 cmluiaddicta

251 299 401 324 manserat.
425 291 587 320 Anastasiu‘,
618 290 740 322 inquam,
770 286 843 312 illius
864 283 988 314 illustris,
1006 289 1037 308 ac

250 347 365 372 postne;
381 338 495 374 virginis
506 342 629 370 corpore,
645 332 758 368 virginis
768 330 864 365 spiritu
896 336 928 354 ac
938 332 1035 354 mente.

250 386 402 416 Anasrasiae
430 391 490 419 quae
513 382 578 409 olim
595 381 650 414 jam
672 379 767 412 ingens
797 376 928 402 adversus
944 373 1039 400 diabo-

251 436 306 462 lum
319 431 420 459 exiniio
433 428 554 463 martyrii
567 434 653 461 agone
666 428 756 451 erecto
783 427 898 456 tropa-.0,
911 420 1038 453 majorem

251 481 381 508 adversus
401 476 524 504 diversas
540 474 658 500 hatreses
678 469 809 503 Theologi
827 475 910 502 opera
924 465 1040 494 subinde

250 525 420 560 triumphum
437 520 591 552 reverterit;
609 525 706 552 nempe
729 515 893 551 expugnatis
907 517 1041 549 quotquot

249 570 478 600 contentiosiores
493 571 582 600 erant,
598 573 630 593 ac
645 563 799 592 clarissima
811 561 977 589 Orthodoxis
991 567 1036 586 as-

249 622 324 646 serta
339 616 464 645 victoria.

284 663 390 691 Etenim
400 661 520 690 exterius
534 657 691 695 aspectabili
704 655 804 691 specie,
817 651 974 689 aspectabili
982 651 1042 686 ejus

251 709 352 744 templo
382 708 449 742 (tum
468 706 576 741 quidem
608 705 755 732 invenusto
798 708 830 728 ac
860 699 1042 733 eaigu0;per

251 757 340 790 ipsum
370 758 460 781 autent
484 754 582 780 decore
596 755 687 780 aucto.
711 757 742 776 ac
757 745 961 782 magnitudine:
981 744 1042 777 ipso

252 801 358 828 scilicet
370 799 440 832 quod
460 806 533 825 uttnc
547 795 679 829 Theologi
711 791 941 826 nuncupationem
958 788 1041 816 sorti-

252 853 309 872 tmn
323 845 376 878 est)
395 844 524 871 insistens
541 842 677 871 antistes;
701 839 816 866 interius
828 841 919 863 autem
936 834 1044 868 inaspe-

251 892 345 919 etabili
360 891 459 918 mentis
475 889 580 920 habitu,
611 887 663 922 ipsi
684 885 828 921 perspicue
847 879 1042 910 resurrectioni

252 938 362 964 tibi-isto
375 944 422 972 per
439 935 611 963 Anastasiam
625 932 798 962 incumbens,
815 931 842 955 in
864 936 895 954 ea
910 934 976 955 suos
993 933 1041 952 va-

253 985 378 1011 cillantes
394 982 483 1012 fulcit,
500 979 656 1008 confrartos
684 977 773 1010 erigit,
800 978 928 1002 mutantes
944 972 1043 998 contir-

253 1036 328 1064 ruat;
345 1037 378 1056 ac
389 1036 451 1055 cum
467 1025 688 1061 persecutoribus
714 1020 905 1058 grassantibus
921 1019 964 1045 vix
985 1017 1042 1051 spi-

253 1082 346 1104 rantes
357 1075 515 1106 ll'lVClllSSPl,
529 1071 603 1099 vitali
622 1075 684 1098 actu
717 1076 749 1096 ac
762 1067 882 1103 potentia
903 1063 1040 1098 adimplet.

254 1121 342 1149 Recto
363 1121 436 1148 enim
458 1124 584 1146 sermone
612 1120 693 1150 atque
713 1113 836 1140 doctrina
855 1116 983 1144 tanquam
999 1116 1044 1134 ve-

254 1167 366 1194 rissimo
378 1166 468 1193 tritico
485 1164 618 1190 bonorum
636 1161 744 1188 animos
767 1157 918 1185 esurientes
945 1154 1043 1188 replet;

255 1211 491 1245 mundissimoque
516 1207 660 1242 inculpatae
690 1204 834 1238 theologia:
859 1209 940 1237 pane,
965 1201 1044 1234 longa

255 1260 327 1286 fame
340 1255 507 1285 tabescentia
521 1258 632 1288 pectora
643 1251 705 1279 cibo
719 1253 834 1277 recreat.

287 1303 428 1339 Josephus
454 1301 566 1337 quidem
594 1299 639 1326 ille
667 1297 775 1327 beatus,
800 1294 922 1321 fraterna
946 1291 1046 1319 invidia

253 1337 392 1386 Egyptiis
403 1347 528 1375 venditus
542 1346 576 1378 ",
590 1351 640 1371 nec
655 1343 727 1370 herae
740 1340 884 1376 impudicae
901 1337 1047 1374 praestigiis

255 1397 387 1429 delusus;
406 1393 462 1422 sed
477 1398 588 1420 carcere
611 1389 717 1418 munito
732 1385 869 1416 castitatis
893 1391 976 1411 causa
992 1383 1048 1409 cir-

256 1447 432 1476 curuseptus;
453 1439 511 1467 visa
527 1436 633 1465 sonmia
655 1434 769 1462 solerter
797 1432 946 1465 dextroque
964 1428 1048 1455 inler-

257 1474 390 1524 prelatus,
419 1485 528 1521 Egypti
552 1484 686 1510 universa:
700 1479 837 1515 princeps,
865 1474 1049 1508 frumentique

257 1518 370 1570 largitor
385 1518 388 1519 ν
401 1518 483 1568 atque
493 1518 623 1562 nutritor,
641 1527 738 1554 nedum
755 1525 837 1552 unius
862 1520 985 1557 Egypti,
1001 1518 1048 1546 sed

250 1586 286 1609 -et
302 1581 358 1614 jam
380 1583 548 1607 cxterorum,
573 1572 699 1601 inandiit.
715 1568 863 1604 Gregorius
876 1571 979 1597 autem,
994 1571 1048 1590 non

253 1612 428 1656 .ex‘fraterna
442 1621 556 1654 invidia,
569 1620 615 1648 sed
631 1617 719 1653 Magni
735 1615 840 1645 Basilii,
859 1612 978 1646 fideique
991 1617 1053 1645 per-

258 1671 479 1700 uecessariorum
505 1663 686 1694 hortamentis
715 1661 833 1692 cedens;
863 1655 1054 1692 quinimoim-

261 1717 394 1754 pensioris
421 1711 598 1750 providentiae
627 1708 750 1737 consiliis
774 1707 920 1736 adductus,
937 1709 992 1729 non
1005 1700 1053 1728 abs

254 1747 396 1792 scelerata
411 1761 476 1787 hera
489 1761 592 1785 tentata
615 1754 763 1790 putlicitia;
780 1751 868 1786 palam
884 1755 949 1775 vero
967 1747 1053 1774 haere-

263 1810 377 1836 ticorum
403 1805 519 1839 maligne
545 1802 685 1838 agentium
711 1798 821 1827 insidiis
850 1794 997 1831 appetitus,
1012 1793 1054 1818 in-

263 1859 373 1888 starquc
394 1857 534 1879 carcerum
558 1848 707 1875 instructos
722 1851 816 1872 eorqu
837 1841 916 1869 dolos
946 1838 1048 1870 varios,

262 1907 296 1927 ac
305 1897 526 1925 machinamenta
545 1893 681 1925 incidens,
710 1889 906 1925 sapientiaeque
930 1884 1055 1912 doctrina

258 1943 379 1980 potioris
392 1941 525 1970 corrtritos
538 1939 696 1967 venantium
712 1938 826 1971 laqueos
842 1933 984 1967 effugiens,
1000 1938 1054 1957 non

266 1998 347 2017 unam
368 1987 546 2023 provinciam,
562 1989 609 2012 aut
621 1984 734 2016 urbem;
758 1982 804 2009 sed
817 1988 864 2015 per
879 1985 977 2009 nnarn,
994 1983 1055 2010 qua:

263 2037 316 2064 sub
332 2035 402 2063 coelo
420 2038 484 2062 sunt
502 2034 654 2061 universas.
671 2027 804 2057 beneﬁcio
819 2025 962 2061 impartire
975 2030 1056 2050 mon-

263 2086 378 2109 stratur.

300 2127 350 2154 Ille
365 2125 449 2160 igitur
462 2123 522 2158 ejus
534 2122 587 2151 cibi
607 2120 653 2156 qui
667 2119 754 2156 perit;
771 2118 815 2146 hic
831 2116 890 2151 ejus
904 2115 950 2150 qui
965 2116 1057 2141 manet

262 2174 294 2201 in
306 2173 388 2200 vitam
406 2176 547 2201 aeternam,
563 2168 737 2202 dispensator
757 2162 922 2194 ostenditur,
941 2159 1057 2187 arbiter-

267 2226 320 2254 que
334 2216 506 2252 magnificus.
524 2214 613 2248 Atque
640 2212 684 2239 ille
700 2210 821 2245 quidem,
836 2215 890 2235 non
907 2204 1057 2240 corporalis

221 2261 226 2266 ’
268 2265 370 2295 solum,
397 2262 443 2290 sed
475 2266 502 2288 ct
527 2265 709 2293 temporanete
739 2262 874 2286 annorue;
895 2252 975 2287 idque
991 2251 1059 2278 adeo

268 2319 331 2338 cum
346 2310 482 2337 frumenta
496 2306 581 2342 pretio
601 2304 745 2334 venderet;
767 2301 810 2328 hic
822 2304 923 2329 autem,
945 2305 999 2325 non
1016 2303 1059 2324 so-

268 2358 325 2383 lum
342 2354 484 2389 spiritalis,
498 2341 537 2379 ac
553 2358 614 2386 qua:
631 2348 770 2377 contineat
780 2345 903 2375 animos;
921 2343 968 2371 sed
980 2347 1008 2370 et
1031 2341 1059 2369 in

272 2402 402 2429 saeculum
425 2400 517 2434 largus
530 2396 645 2425 conviva
661 2395 765 2426 enitet;
780 2391 1014 2425 uberrimumque,
1029 2396 1062 2416 ac

272 2448 331 2476 sine
346 2447 432 2482 pretio
451 2444 565 2480 pulchre
584 2440 773 2470 esurientibus
787 2438 944 2466 convivium
961 2443 1060 2471 propo-

272 2496 342 2522 situs
354 2497 404 2520 est.
424 2492 532 2525 Quanto
549 2489 631 2525 igitur
646 2495 723 2514 mens
741 2492 824 2514 sensu
843 2483 972 2514 nobilior,
985 2486 1062 2509 tanto

274 2541 357 2576 hujus
377 2539 423 2566 illa
441 2536 573 2565 frumenti
589 2532 759 2565 distributio,
772 2538 828 2566 prae
839 2530 914 2558 illius
926 2533 1062 2564 praestan-

273 2588 337 2619 tior,
353 2591 381 2613 ut
397 2593 456 2612 mea
470 2583 523 2611 fert
532 2582 635 2617 opinio.
652 2580 705 2614 his,
718 2579 819 2614 quibus
833 2583 908 2606 sana:
917 2572 1063 2603 sintanimi

272 2634 405 2664 rationes,
422 2630 502 2659 facile
512 2628 691 2664 iudicabitur.

310 2678 410 2705 Verum
425 2683 489 2712 erga
501 2674 610 2710 quidem
625 2671 791 2700 domesticos
813 2668 875 2697 fidei
911 2675 943 2694 ac
967 2672 1064 2693 neces-

274 2725 363 2753 sarios
380 2724 441 2751 talis
457 2729 519 2750 cum
540 2724 613 2747 esset
624 2718 731 2746 divinus
743 2715 902 2750 Gregorius,
914 2712 977 2740 talis
993 2718 1065 2738 sem-

275 2779 323 2806 per
335 2770 369 2797 ad
379 2775 428 2796 eos
442 2766 539 2795 habuit
556 2773 563 2791 :
586 2763 675 2799 qualis
696 2768 761 2788 vero
780 2761 862 2788 etiam
883 2766 946 2792 erga
969 2756 1067 2783 adver-

275 2816 364 2843 sarios
390 2812 536 2845 enituerit;
562 2811 590 2838 in
613 2815 696 2845 quam
717 2806 816 2834 multos
841 2803 966 2832 veritatis
983 2808 1068 2830 causa

311 2913 334 2928 ‘“
346 2912 414 2940 Gen.
428 2919 529 2944 xxxv],
540 2910 585 2937 ‘28.
624 2908 646 2923 ⁸²
660 2906 739 2933 l‘rov.
759 2912 823 2936 xxx,
846 2903 889 2930 l9.

1051 177 1268 208 PHLAGONIS
1821 173 1875 203 461

1053 237 1073 264 Α
1090 237 1197 264 lahofes
1240 243 1272 262 ac
1299 234 1418 268 pericula
1436 232 1579 265 inciderit;
1596 231 1705 266 quantis
1734 230 1877 258 Trinitatis

1090 290 1173 309 causa
1191 280 1386 307 certaminibus
1401 278 1560 313 perfunctus
1573 277 1619 309 sil,
1633 283 1763 311 quanam,
1773 283 1878 309 quaeso,

1091 326 1227 355 sermonis
1237 325 1262 352 vi
1276 322 1527 359 repraesentaverim
1535 323 1546 348 '2
1554 321 1698 354 Quomodo
1707 321 1875 355 praecipuum

1090 373 1219 408 quiddam
1236 371 1361 402 dixerim,
1379 377 1428 397 nec
1444 369 1479 396 ita
1498 368 1593 403 procul
1609 366 1794 394 consectanda
1809 372 1880 392 vert-

1092 424 1146 446 tate
1173 417 1284 444 iverim?
1308 415 1451 448 Quomodo
1481 414 1554 441 illius
1581 421 1623 439 res
1648 419 1743 438 omnes
1772 415 1880 437 tentatus
1935 441 1937 444 ι

1092 472 1232 494 enarrare,
1251 471 1304 489 non
1322 461 1432 488 fastidio
1447 466 1556 494 gravem
1583 457 1736 485 orationem
1754 455 1880 483 reddi-le-
1908 457 1910 460 '

1092 511 1162 543 rim;
1181 514 1229 536 aut
1244 508 1382 544 quomodo
1399 507 1528 541 pleraque
1552 504 1646 532 voltan
1659 503 1796 532 omittere.
1825 508 1880 528 non

1093 556 1193 591 ingenti
1208 555 1348 582 auditores
1368 553 1470 580 damno
1485 549 1640 578 all'ecerim?
1655 548 1730 575 Illius
1740 547 1819 582 plane
1831 554 1880 573 ne-

1093 602 1210 629 cessaria
1233 607 1296 630 vox.
1311 604 1394 634 atque
1408 597 1554 629 sententia,
1571 600 1602 623 ut
1625 594 1710 622 multa
1727 593 1824 629 paucis
1835 600 1883 620 ex-

1094 647 1247 674 hibeantur.
1267 645 1343 673 Illius
1361 650 1478 678 namque
1492 643 1545 669 hoc
1558 641 1688 677 partium,
1705 644 1788 673 atque
1803 638 1881 665 indo-

1096 693 1141 723 lis.
1167 692 1205 719 uti
1221 692 1262 718 sic
1280 690 1424 726 magnifice
1460 693 1542 723 atque
1558 692 1668 716 strenue
1678 687 1828 715 decertare.
1846 685 1882 711 ita

1093 744 1121 765 et
1136 737 1316 764 certaminum
1336 735 1565 771 magnificentiam
1590 733 1725 761 sermonis
1753 731 1880 766 magnifi-

1094 785 1182 811 centia
1203 783 1342 811 exhibere.

1130 829 1197 857 Cum
1211 829 1267 862 jam
1282 829 1364 863 igitur
1379 827 1489 863 pessimi
1516 827 1654 853 daemones
1669 823 1826 852 Graecanica
1841 823 1883 850 in-

1096 875 1259 906 cantatione,
1284 881 1317 901 ac
1333 881 1437 904 errore.
1457 871 1627 906 impurisque
1648 871 1744 901 sacris,
1765 876 1798 896 ac
1809 868 1884 896 omni

1097 921 1254 955 impietate,
1283 919 1438 946 divinorum
1466 917 1653 952 apostolorum
1688 921 1825 946 munere,
1852 921 1885 940 ac

1098 967 1307 1003 triumphalibus
1338 966 1437 1001 pratliis
1452 970 1616 1000 martyrum,
1633 963 1800 994 cessissent;
1817 960 1884 989 sub-

1100 1018 1209 1052 lataque
1233 1015 1367 1042 idolorum
1400 1013 1495 1040 nefarii
1512 1012 1603 1039 cultus
1629 1010 1754 1045 caligine,
1770 1016 1801 1035 ac
1821 1015 1885 1034 vera

1097 1064 1159 1091 fidei
1176 1064 1235 1090 lucc
1247 1066 1351 1089 rectum
1363 1067 1471 1087 omnem
1486 1059 1607 1085 animum
1621 1057 1799 1084 collustrante
1822 1061 1885 1081 cum

1098 1111 1227 1143 deinceps
1242 1113 1435 1135 extraneorum
1453 1112 1534 1139 opera
1555 1104 1666 1139 pietatis
1679 1102 1799 1129 culturos
1814 1100 1886 1127 bello

1099 1155 1213 1189 fatigare
1228 1161 1280 1180 non
1300 1156 1421 1187 poSsent,
1431 1151 1504 1185 ipsos
1515 1156 1607 1176 secum
1622 1148 1736 1175 invicem
1753 1145 1886 1173 Christia-

1100 1209 1150 1228 nos
1168 1200 1351 1230 concitantes;
1373 1197 1498 1232 quinimo
1513 1194 1646 1230 quidquid
1667 1194 1694 1220 in
1717 1193 1798 1220 nobis
1815 1192 1889 1219 debi-

1100 1247 1153 1273 lius
1182 1250 1242 1272 erat
1262 1251 1355 1271 errore
1373 1243 1550 1271 abducentes.
1572 1239 1765 1274 corruptisque
1781 1244 1888 1265 sermo—

1102 1292 1182 1318 nibus
1200 1291 1332 1317 adversus
1348 1296 1395 1316 eos
1408 1288 1453 1323 qui
1474 1287 1612 1322 pracipna
1633 1285 1733 1320 pietate
1749 1284 1890 1319 fttlgebant

1102 1336 1278 1364 instruentes.
1291 1334 1345 1360 arri
1361 1333 1418 1364 lite,
1438 1330 1699 1367 pugnacissimaque
1724 1329 1813 1356 excita
1825 1335 1890 1356 con-

1103 1381 1234 1412 lcntione,
1244 1380 1312 1407 alios
1327 1380 1387 1407 aliis
1406 1377 1596 1408 committunt;
1610 1375 1761 1410 fraudeqne
1792 1374 1834 1401 usi
1859 1381 1891 1400 ac

1103 1427 1227 1458 audacia,
1245 1426 1341 1461 partim
1355 1425 1464 1459 quidem
1476 1424 1608 1451 suasoria:
1619 1422 1754 1448 orationis
1773 1419 1891 1446 artificio

1102 1472 1254 1500 rationibus
1269 1470 1451 1505 simpliciores
1461 1469 1533 1496 dicto
1546 1468 1597 1495 sibi
1610 1466 1752 1493 audientes
1763 1465 1890 1496 reddunt;

1103 1518 1201 1554 partim
1220 1524 1282 1544 vero
1307 1515 1532 1544 imbecillioribus
1563 1514 1733 1547 iugruentes,
1765 1515 1892 1544 metuque

1067 1573 1089 1603 ο
1105 1563 1282 1599 procacitatis
1299 1565 1494 1596 perterrentes,
1513 1558 1597 1593 impio
1610 1559 1729 1593 ipsorum
1741 1556 1892 1584 sensuieos

1105 1609 1265 1637 submittere
1284 1611 1428 1634 conantur.

1142 1653 1211 1687 Quid
1232 1653 1312 1688 igitur
1324 1652 1364 1678 vir
1377 1651 1404 1678 in
1417 1650 1520 1678 divinis
1539 1647 1757 1677 versatissimus.
1773 1652 1889 1673 accura-

1106 1699 1271 1732 tissimatque
1288 1696 1442 1730 Theologim
1466 1694 1579 1722 infracta
1611 1692 1739 1720 columna
1783 1697 1816 1717 ac
1840 1689 1894 1716 im-

1105 1745 1234 1773 mobilis?
1248 1743 1318 1771 Num
1338 1742 1572 1777 nequissimorum
1589 1739 1722 1774 pravitate
1734 1737 1822 1763 minor
1839 1742 1890 1769 ap-

1106 1789 1213 1825 paruit?
1228 1794 1272 1816 aut
1289 1795 1384 1815 eorum
1417 1786 1530 1813 omnino
1550 1783 1730 1820 grassantium
1750 1783 1774 1807 vi
1797 1780 1896 1808 cessit?

1105 1842 1152 1865 aut
1165 1835 1228 1871 quid
1245 1835 1402 1862 modicume
1413 1833 1511 1868 pietate
1529 1830 1651 1858 remisit?
1665 1834 1710 1856 aut
1724 1829 1795 1855 illius
1808 1834 1890 1854 causa

1106 1881 1256 1910 mediocria
1290 1879 1412 1915 pericula
1446 1876 1550 1905 adivit?
1587 1875 1825 1910 Haudquaquam;
1847 1871 1894 1898 sed

1106 1937 1201 1956 comm
1215 1927 1345 1958 audacia),
1357 1924 1528 1960 prudentiam
1544 1928 1703 1957 opponens;
1742 1917 1896 1950 calliditati,

1107 1974 1245 2008 vafrisque
1257 1971 1392 2001 consiliis.
1410 1969 1494 1997 animi
1506 1966 1678 2003 pra‘sentiam
1710 1972 1742 1991 ac
1756 1963 1896 1994 fiduciam;

1107 2021 1172 2056 quin
1191 2018 1293 2054 potius,
1311 2015 1498 2044 fortitudinem
1525 2013 1657 2040 adversus
1684 2008 1825 2036 audaciam
1866 2013 1898 2033 ac

1107 2052 1286 2091 temeritatem
1300 2070 1307 2095 ;
1324 2060 1552 2096 prudentiamque
1562 2056 1696 2084 adversus
1720 2052 1898 2080 calliditatem

1109 2119 1140 2137 ae
1155 2108 1292 2136 vafritiem
1310 2107 1430 2134 eduecns
1442 2113 1449 2137 ;
1462 2102 1667 2136 universimque
1679 2100 1747 2127 adeo
1759 2098 1899 2128 virtutem,

1108 2157 1240 2184 adversus
1257 2161 1350 2181 eorum
1365 2157 1449 2180 totam
1475 2149 1635 2185 pravitatem
1659 2145 1757 2172 infesta
1776 2143 1835 2169 acie
1857 2142 1899 2168 in-

1110 2208 1236 2235 struens;
1251 2201 1290 2229 sic
1303 2199 1415 2227 omnino
1434 2197 1514 2228 fudit,
1530 2193 1698 2230 fugavitque,
1713 2197 1744 2217 ac
1761 2196 1898 2224 perexpli—

1072 2243 1100 2274 D
1113 2250 1216 2285 guavit,
1234 2251 1264 2274 ut
1280 2247 1370 2282 potius
1386 2244 1512 2272 semitatn
1530 2241 1607 2268 navis
1623 2245 1698 2266 mare
1711 2235 1842 2265 secantis,
1854 2238 1902 2261 aut

1109 2294 1243 2330 serpentis
1256 2281 1314 2320 vias
1330 2297 1411 2326 super
1427 2293 1542 2323 petram,
1560 2291 1607 2313 aut
1628 2283 1778 2312 volantium
1796 2281 1902 2316 aquila-

1109 2329 1170 2368 rum
1193 2338 1338 2373 vestigium
1349 2336 1383 2368 ",
1400 2339 1431 2362 ut
1441 2334 1522 2362 habet
1533 2331 1678 2368 parcentia,
1693 2329 1799 2359 videas,
1815 2333 1896 2361 qualn

1111 2387 1220 2415 illorum
1233 2372 1382 2419 impietatis
1396 2381 1496 2409 saeculo
1511 2379 1606 2407 relicta
1618 2376 1731 2411 vestigia
1747 2372 1902 2408 deprehen-

1115 2433 1174 2460 das.

1153 2478 1220 2507 Nam
1239 2477 1278 2505 illi
1296 2475 1407 2512 quidem
1429 2481 1513 2501 unum
1527 2471 1554 2499 id
1568 2477 1637 2505 opus
1647 2471 1707 2495 erat
1730 2473 1762 2492 ac
1771 2463 1904 2494 studium,

1117 2531 1148 2554 ut
1169 2509 1313 2552 mendacii
1338 2520 1450 2556 quidem
1481 2519 1536 2545 vim
1566 2515 1745 2549 infringeret;
1762 2509 1905 2536 veritatem

1117 2578 1208 2600 autem
1235 2571 1438 2606 propugnaret;
1464 2569 1548 2599 atque
1563 2566 1618 2589 uta
1645 2556 1905 2606 scelestissimoru'm

1118 2596 1341 2645 dissitttiliturline
1362 2617 1445 2646 quam
1462 2606 1648 2635 alienissimus
1675 2601 1759 2633 foret,
1785 2596 1906 2626 consub-

1120 2660 1305 2690 stantialitatis
1320 2663 1411 2685 autem
1424 2652 1546 2690 opinioni
1557 2650 1672 2679 omnino
1686 2647 1847 2675 adluererct.
1860 2641 1908 2668 llis

1120 2713 1209 2737 autem
1223 2711 1296 2734 ntex
1314 2704 1405 2731 animo
1421 2707 1481 2729 eam
1506 2697 1688 2728 excuticnles,
1711 2700 1760 2720 suo
1788 2692 1909 2725 ipsorum

1122 2753 1206 2782 errori
1227 2751 1400 2780 insisterent;
1416 2754 1448 2774 ac
1462 2744 1572 2781 quidem
1590 2740 1715 2769 veritatis
1729 2735 1859 2774 praeconi.
1880 2737 1910 2759 ut

1123 2803 1236 2827 cunctos
1265 2795 1330 2824 boni
1356 2792 1445 2822 socios
1471 2797 1521 2826 pro
1549 2786 1680 2816 bonitatis
1706 2782 1795 2812 indole
1811 2780 1911 2807 habere

1058 899 1081 929 B
