2089 3151
224 161 279 192 4⁶ζ5

581 159 722 190 ORATIO
741 159 805 188 XX.
821 171 857 177 —
873 158 913 188 IN
934 157 1090 188 LAUDEM
1106 156 1137 186 S.
1158 153 1347 186 GREGORII
1366 152 1504 184 THEOL.

1809 147 1867 179 ibi?

224 219 400 253 percuperet-;
427 214 561 242 mendacii
575 219 666 242 autem
683 215 816 250 patronis,
835 219 863 241 nt
887 219 1019 249 tanquam
1033 212 1057 242 Α
1071 213 1256 246 interpretem,
1278 209 1356 237 Sicut
1368 208 1451 236 etiam
1465 207 1570 239 Jesum,
1588 204 1717 253 quiante
1731 203 1862 239 Stephani

225 261 374 297 perduelle,
402 261 534 296 hosteque
561 266 719 294 uterentttr;
737 268 770 289 ac
793 265 850 288 tum
867 260 904 287 illi
921 267 1015 288 necem

226 307 339 339 icl'erre,
356 311 412 334 tum
433 314 517 341 quam
546 306 662 334 docebat
686 312 787 335 rectam
809 307 1018 338 iidem,exstin-

226 361 309 388 gnere
323 357 469 380 tentarent.
483 353 568 385 Quem
594 352 666 379 enim
683 353 804 379 animum
831 352 956 380 absurda:
973 359 1018 378 ra-

226 400 326 432 tiones,
346 404 393 426 aut
417 399 539 426 actiones
572 404 706 434 occupato
736 399 902 431 addixerint,
923 398 1018 432 sicque

225 449 403 479 comparatus
416 449 459 472 est
478 449 508 471 ut
523 452 577 479 qua
596 448 705 472 tenetur
726 444 938 479 praesumptione
951 443 1019 472 libe-

228 490 284 518 rari
297 490 511 524 nolit,tanquam
526 490 646 518 infensos
660 490 831 523 reformidat,
839 491 861 516 si
873 490 919 524 qui
929 497 1020 516 emcn-

231 536 298 562 dare
310 535 494 568 tentari-rint;
519 535 814 571 reprehensionemque
836 536 932 563 ribicis
948 536 1019 568 loco,

229 589 262 608 ac
276 581 359 615 plaga:
370 581 484 613 ducens,
499 589 624 609 amarunt
638 582 914 616 crudelissimumque
936 580 1021 608 animi

230 627 347 654 consilio
368 626 499 657 adversus
521 631 679 662 arguentem
696 627 847 655 exsuscitat
874 632 955 662 atque
981 627 1023 654 in-

229 673 322 701 struit.

267 718 437 767 Aeqn'idem
454 717 605 754 Theologo.
625 719 724 747 divinae
749 719 951 754 prtedicationis
969 726 1024 746 scr-

231 771 326 790 mones
341 764 597 798 pi'aztendebantur;
611 772 709 799 nempe
725 772 866 792 sermones
877 764 1023 799 ejusmodi,

230 809 278 843 qui
296 809 395 836 nedum
410 809 441 836 ad
458 817 550 836 veram
580 809 774 844 salubremque
788 809 930 836 Trinitatis
945 809 1023 836 [idem

232 854 424 889 proveherent,
448 856 496 883 sed
520 855 567 890 qui
590 855 672 882 etiam
690 855 791 883 Christi
819 856 945 883 cbaritati
977 863 1024 889 per

232 901 423 928 mandatorum
440 901 659 928 observationem
673 902 785 936 (quibus
799 902 874 929 salus
903 901 1023 936 acjustic

234 946 272 972 tia
288 946 431 980 provrnire
449 947 582 981 creditur)
600 947 788 982 adjungerent.
802 947 842 974 Ad
859 947 1026 979 lt:rc,carnis

234 991 272 1018 illi
289 991 361 1018 culta
387 991 576 1023 mortiﬁcatio,
599 993 728 1028 jugisque
740 993 840 1024 oratio,
868 1000 922 1028 qua
941 993 1025 1020 animi

233 1044 341 1064 summa
370 1038 503 1073 plenaque
516 1038 692 1072 emundatio;
705 1047 737 1066 ex
754 1046 808 1074 qua
823 1039 923 1066 mentis
936 1039 963 1066 in
975 1039 1026 1066 Do-

235 1083 339 1109 minum
355 1090 485 1111 excessus
499 1083 533 1116 9‘,
546 1084 713 1113 diviniorum
730 1084 944 1112 illustrationum
965 1093 1026 1120 per-

235 1128 336 1163 crptio,
349 1129 502 1157 ccelestium
527 1130 704 1165 splendorum
715 1130 850 1163 societas;
865 1138 897 1158 ac
914 1130 1025 1158 demum

235 1175 372 1209 potiorum
400 1179 526 1203 votorum
553 1176 731 1211 adimpletio;
751 1177 851 1212 quibus
875 1176 921 1204 Dei
944 1184 1026 1204 verus

235 1220 318 1248 homo
333 1221 483 1254 absolutus,
496 1229 529 1249 ac
540 1223 587 1257 qui
615 1223 715 1250 mentis
732 1224 910 1251 renovatione
925 1223 1026 1251 Chriin

235 1265 417 1293 similitudine
433 1271 519 1301 quoto
534 1274 644 1302 quoque
656 1267 701 1295 die
718 1268 943 1302 transformatur,
972 1277 1026 1296 non

234 1313 297 1339 vitae
312 1312 404 1339 minus
418 1312 519 1340 deitate
547 1320 578 1339 ac
594 1313 808 1348 magnificentia,
828 1322 909 1349 quam
925 1322 1029 1342 sermo-

235 1358 279 1385 nis
309 1362 390 1392 atque
407 1357 538 1385 doctrina:
555 1358 655 1386 illustri
673 1359 807 1392 claritate,
821 1360 854 1387 iis
871 1360 918 1395 qui
940 1360 1028 1388 salute

236 1403 312 1438 digni
325 1409 399 1436 sunt,
412 1404 509 1431 salutis
525 1405 634 1432 exsistit
648 1405 775 1440 praesidio
786 1414 793 1438 ;
804 1406 913 1433 Arianis
923 1410 1026 1438 atttem,

236 1458 269 1478 ac
284 1451 330 1485 qui
352 1451 404 1478 illis
420 1450 559 1485 adjutores
582 1458 663 1486 atque
674 1451 741 1479 socii
754 1456 833 1479 erant
847 1452 940 1487 (porro
949 1456 1028 1479 erant

236 1496 378 1530 adjutores
403 1497 597 1524 consciscenda
625 1497 726 1524 Sancto
753 1505 818 1525 nece
834 1498 1024 1525 haereticorum

1072 257 1272 287 trstimoniutn.
1303 256 1330 283 in
1356 255 1446 282 medio
1474 254 1534 288 ipso
1549 251 1670 280 concilio
1694 251 1863 278 clamasset:

1073 304 1138 340 Ego,
1158 308 1183 331 et
1205 303 1287 330 Pater
1299 310 1379 329 unum
1396 309 1487 328 sumus
1500 300 1533 332 "',
1565 303 1713 333 surgentes
1741 297 1864 331 lapidare

1071 351 1237 381 nitebantur,
1253 355 1408 384 quanquam
1422 346 1485 374 fecit
1499 346 1532 378 is,
1548 350 1577 372 ut
1593 345 1732 372 incassum
1760 342 1866 378 lapides

1071 396 1244 423 mitterentur
1259 403 1267 422 ε
1296 394 1354 429 pari
1383 393 1489 420 ratione
1511 390 1643 426 Gregorio
1657 397 1767 425 quoque
1782 388 1868 416 Deum

1072 441 1192 473 Patrem,
1210 440 1350 474 Deumque
1372 438 1483 470 Filium,
1508 444 1540 464 ac
1556 437 1640 463 Deum
1656 435 1787 470 Spiritum
1805 442 1869 461 san-
1902 452 1904 454 ι

1057 514 1060 518 ί
1073 492 1159 518 ctum,
1175 494 1257 514 unam
1270 486 1414 516 Deitatem,
1430 491 1491 519 qum
1506 483 1592 510 tribus
1606 481 1732 517 personis
1742 480 1867 515 ejusdem

1073 533 1233 562 substantiae
1242 532 1359 559 discreto
1383 538 1414 557 ac
1437 530 1510 557 velut
1524 529 1634 557 dividue
1653 536 1707 555 una
1725 527 1868 559 consistat,

1074 578 1173 606 eximie
1188 586 1238 613 pro
1251 577 1382 611 Theologi
1397 575 1520 611 partibus
1548 575 1714 603 disserente.
1733 573 1868 600 immensa

1075 624 1152 651 rabie
1167 624 1232 655 acti,
1250 631 1282 650 ac
1305 623 1397 650 furore
1416 622 1508 657 repleti
1527 621 1654 655 princeps
1677 619 1868 647 hmreticorum

1075 678 1173 705 agmen
1201 670 1284 704 inque
1308 669 1362 696 illis
1387 669 1512 700 antistes,
1530 673 1658 701 tanquam
1675 666 1734 692 suis
1749 665 1789 692 eis
1816 664 1868 691 do-

1077 717 1180 751 gmatis
1223 716 1345 744 funditus
1377 714 1566 746 labefactatis,
1608 711 1868 747 prmstantissimtnn

1076 763 1220 798 theologia:
1235 763 1425 796 interpretem,
1438 761 1512 788 velut
1532 767 1581 787 sua
1607 766 1702 793 opera,
1719 757 1800 793 vique
1817 758 1865 783 ιΙο⁴

1076 809 1171 836 ctrina!
1189 816 1281 844 paretn
1298 808 1439 835 Trinitatis
1458 807 1589 834 honorem
1606 809 1784 836 asserentcm,
1802 803 1871 838 lapi-

1077 855 1158 882 dibus
1171 859 1276 889 petunt.

1112 900 1182 933 Quia
1194 909 1268 932 vero,
1285 908 1367 935 quam
1383 899 1422 927 illi
1437 900 1507 927 male
1519 899 1716 934 impugnabant
1739 897 1869 924 deitatem

1078 953 1110 973 ac
1128 946 1296 977 dividebant,
1313 946 1370 973 hre‘c
1384 945 1438 979 rite
1452 953 1500 980 pro
1517 953 1547 972 ea
1564 946 1777 979 depugnantetn,
1793 944 1870 969 anxi-

1078 991 1115 1018 lio
1131 991 1254 1024 fovebat;
1280 999 1312 1018 ac
1342 990 1462 1026 Spiritus
1489 991 1538 1022 illi,
1555 990 1601 1025 qui
1619 990 1645 1016 in
1663 989 1723 1024 ejus
1751 988 1873 1022 spirabat

1077 1039 1202 1073 gratiam,
1217 1039 1310 1065 aderat
1325 1046 1332 1064 :
1348 1038 1382 1065 ab
1398 1038 1593 1065 homicidarum
1612 1045 1674 1064 eum
1705 1035 1806 1070 injuria
1838 1035 1873 1061 li-

1078 1084 1155 1112 berat
1169 1092 1177 1117 ;
1201 1084 1372 1118 illaesumque
1387 1092 1402 1111 a
1414 1083 1534 1119 lapidum
1547 1083 1677 1118 grandine
1691 1089 1815 1112 servans,
1831 1081 1864 1108 ad

1079 1130 1183 1165 majora
1205 1130 1366 1161 certamina,
1395 1138 1426 1157 ac
1443 1129 1620 1165 perfectiores
1637 1137 1753 1157 coronas
1769 1135 1873 1164 praepa-

1079 1181 1131 1203 rat.
1145 1175 1226 1203 Iidem
1242 1183 1359 1210 namque
1374 1176 1427 1211 ipsi
1443 1183 1477 1203 ea
1489 1176 1594 1203 ratione
1609 1175 1739 1207 convicti,
1759 1175 1874 1209 probro-

1079 1230 1132 1258 que
1150 1221 1248 1255 aﬂ'ecti,
1266 1222 1298 1249 ad
1312 1222 1385 1249 aliud
1407 1230 1504 1249 rursus
1515 1222 1744 1252 fortissimum.ut
1761 1225 1875 1256 putave-

1079 1272 1149 1299 rant,
1157 1266 1503 1302 prorsusqueineluctabile
1516 1271 1657 1293 vertuntur
1674 1269 1872 1292 eommcntum.

1077 1313 1180 1348 Nempe
1203 1313 1285 1340 variis
1305 1317 1452 1340 onerantes
1480 1312 1651 1343 criminibus,
1681 1311 1769 1346 iisque
1798 1311 1874 1338 urbis

1080 1359 1252 1395 praelectum,
1268 1359 1328 1386 lidei
1346 1360 1404 1394 ipsa
1422 1359 1616 1386 communione
1632 1359 1718 1394 magis
1730 1358 1873 1386 credulum

1079 1413 1110 1433 ac
1126 1405 1315 1440 procliviorem
1342 1405 1533 1436 accendentes,
1557 1412 1620 1431 cum
1649 1409 1674 1431 et
1700 1409 1874 1432 accusatores

1079 1451 1242 1479 statuissent
1257 1455 1371 1485 repente
1386 1451 1614 1485 comprehensum
1632 1451 1805 1485 Gregm'ium,
1823 1458 1873 1484 pro

1080 1496 1205 1524 tribunali
1221 1496 1332 1523 sistunt.
1345 1496 1443 1531 Atque,
1458 1504 1475 1524 ο
1487 1501 1626 1531 stuporem
1639 1497 1646 1523 l
1665 1503 1682 1522 ο
1701 1496 1873 1528 insipientem

237 1542 329 1568 omnis
340 1549 459 1573 cuneus;
476 1542 550 1568 novit
570 1543 642 1569 enim
660 1542 731 1570 haud
758 1551 820 1570 raro
841 1543 936 1570 vitium
963 1543 1028 1570 vitio
1044 1551 1066 1581 α
1083 1542 1281 1570 sceleratorum
1295 1542 1499 1577 aggressionem
1514 1543 1520 1569 l
1539 1542 1647 1569 Pacilici
1664 1542 1878 1577 probatissimtts

237 1587 366 1614 auxiliari
386 1587 509 1621 belloque
528 1587 665 1622 fatiganda
678 1588 791 1620 virtute,
810 1589 848 1615 tlti
862 1589 961 1616 dictum
974 1594 1028 1622 est,

237 1632 338 1659 sociari
352 1633 508 1665 concordia,
530 1641 687 1667 quanquam
717 1634 767 1660 sibi
787 1633 874 1668 ipsum
891 1635 1028 1662 dissenta-

238 1685 320 1705 tn:um
341 1686 372 1705 ac
386 1678 492 1706 discors
506 1679 559 1714 est)
575 1687 582 1711 ;
609 1678 652 1706 his
674 1679 766 1714 itaque
778 1680 939 1712 inimicitia},
955 1681 1028 1712 lites,

238 1723 439 1756 atmulatlones,
468 1725 525 1756 ine,
551 1732 582 1752 ac
602 1731 663 1759 qua:
683 1724 812 1759 deinceps
826 1733 941 1766 magnus
959 1726 1031 1754 Pau-

239 1769 282 1796 lus
294 1769 318 1785 ³⁸
345 1770 448 1803 pridem
475 1771 632 1805 percensuit
654 1772 746 1799 carnis
771 1779 874 1806 opera;
902 1779 934 1799 ac
957 1772 1028 1807 quod

238 1814 361 1841 ennium
378 1822 536 1849 supremum
555 1816 690 1843 malorum
705 1821 758 1850 est,
773 1817 861 1844 caedes
875 1817 933 1852 ipsa
950 1825 1032 1845 accu-

239 1861 352 1887 rabatnr
363 1861 429 1887 nihil
447 1860 628 1889 defunctorie.

274 1908 363 1942 Atque
388 1907 426 1940 hi,
449 1907 567 1941 primum
589 1908 700 1943 quidem
726 1909 857 1937 maleﬁcae
880 1910 1031 1938 dialectica:

239 1954 413 1982 sermonibus
434 1959 581 1989 tentantes,
614 1957 762 1991 litigantes,
783 1958 907 1985 veritatis
932 1958 1030 1985 turrim

239 2000 358 2034 dejicere
369 2001 528 2035 molientes;
552 2003 680 2038 velutque
705 2004 843 2038 prmsidio,
864 2012 918 2039 qua
945 2006 1032 2039 polle-

239 2046 287 2074 bat
297 2047 430 2081 sapientia
448 2048 579 2081 submoti,
597 2056 812 2084 sermonumque
825 2058 857 2077 ac
874 2050 982 2078 dicendi
1001 2051 1031 2077 li-

240 2091 339 2124 ducia;
357 2099 389 2119 ac
404 2097 533 2126 tanqttam
548 2093 617 2120 duro
633 2101 700 2120 saxo
729 2093 828 2128 lirmoq
840 2101 883 2125 ue,
903 2094 952 2120 viri
972 2101 1031 2120 ma-

241 2137 285 2172 gni
303 2137 375 2178 lidei.
395 2138 502 2172 procaci
531 2138 667 2172 irruentes
684 2139 817 2170 audacia.
833 2147 920 2174 exque
943 2139 1032 2166 imbe-

240 2183 354 2210 cillitatc
368 2184 468 2216 abacti,
481 2191 513 2211 ac
534 2183 701 2218 impudentia
728 2185 838 2220 quidem
859 2185 1029 2218 adorienles,

243 2237 299 2262 prae
313 2229 411 2256 virium
426 2234 515 2257 autent
534 2231 657 2257 exilitate
672 2231 737 2258 victi
765 2231 947 2264 recedentes;
966 2232 1033 2266 quin

242 2276 332 2310 potius
361 2276 486 2307 contriti,
505 2283 537 2303 ac
551 2277 623 2303 Velut
647 2277 734 2310 pulvis
758 2282 838 2304 vento
865 2278 1032 2310 acturbiue,

242 2321 290 2348 alti
305 2321 366 2356 ejus
376 2323 511 2350 sermonis
534 2323 643 2357 spiritu,
669 2323 762 2351 aastiva
777 2331 840 2350 area
854 2324 965 2351 excussi
1003 2331 1035 2351 ac

241 2367 384 2401 ventilati;
399 2376 461 2395 cum
476 2368 706 2396 absurdissimum
721 2369 861 2396 videretur
879 2377 964 2397 novos
977 2369 1034 2404 jam

242 2421 304 2440 cum
313 2421 346 2440 eo
361 2421 517 2441 sermonum
532 2414 601 2441 inire
612 2422 786 2449 congressus,
800 2415 847 2450 qui
858 2415 932 2442 omni
946 2416 1034 2449 palam

243 2458 380 2484 sermonis
407 2465 439 2485 ac
458 2458 590 2486 doctrina).
608 2459 633 2487 vi
643 2453 795 2494 superaret,
811 2460 947 2495 lapidibus
957 2460 1036 2487 dein-

223 2521 226 2523 »
244 2509 308 2536 ceps
324 2503 463 2530 tentabant
479 2503 606 2531 obruere.

280 2549 320 2575 Ac
346 2549 419 2576 sicut
446 2549 583 2577 homicida
599 2549 756 2577 Judaeorum
786 2550 874 2585 plebs,
892 2551 1034 2586 Stephano

245 2595 279 2621 ad
296 2602 345 2622 eos
363 2603 448 2622 unum
461 2595 573 2622 verbum
600 2596 743 2630 prolocuto
757 2596 799 2628 “;
825 2601 933 2630 apertos
953 2593 1035 2623 uiitti-

246 2647 307 2667 rum
324 2640 376 2674 ipsi
395 2640 492 2672 caelos,
510 2648 542 2667 ac
559 2641 658 2668 Filium
677 2642 798 2669 hominis
813 2643 846 2668 ad
866 2641 956 2668 Patris
968 2642 1036 2668 dex-

246 2689 332 2712 teram
347 2692 378 2712 ω
393 2685 494 2718 ridere,
510 2693 572 2714 cum
587 2687 719 2721 aequalem
733 2695 795 2714 cum
811 2687 940 2714 Genitore
952 2687 1039 2714 hono-

246 2740 304 2759 rem
332 2733 416 2767 prolis
438 2733 509 2761 ferre
531 2742 585 2762 non
598 2740 727 2770 possent;
745 2735 917 2762 continentes
944 2743 1036 2766 aures,

246 2786 365 2814 moxque
374 2785 528 2815 surgentes,
545 2780 736 2816 lapidaverunt
761 2782 905 2817 theologia:
927 2789 1036 2809 sacrum

284 2867 308 2883 "
325 2867 344 2894 Η
359 2867 422 2895 Cor.
438 2878 463 2901 ν,
485 2869 526 2896 l5.
567 2869 588 2884 ‘”
602 2868 687 2897 Calai.
704 2879 727 2903 γ,
744 2871 787 2897 20.
829 2871 849 2883 "‘
866 2870 923 2898 Act.
939 2879 986 2904 tut,
1002 2871 1046 2899 ῗὶξν.

428 2955 447 2966 4

1083 1587 1244 1623 discipulus,
1258 1595 1290 1615 ac
1300 1588 1376 1622 pacis
1392 1588 1553 1615 mitissimus
1582 1588 1694 1620 arbiter,
1710 1587 1832 1615 seditiosi
1844 1595 1878 1614 ac

1084 1635 1204 1669 protervi
1223 1634 1328 1662 crimen
1345 1635 1498 1662 sustinebat
1512 1644 1518 1667 ;
1537 1642 1569 1662 ac
1581 1635 1627 1670 qui
1648 1635 1782 1665 docendo,
1798 1634 1875 1668 juxta

1085 1681 1207 1707 divinum
1234 1681 1393 1715 Apostolum
1410 1681 1444 1714 ⁸³,
1462 1681 1567 1709 ﬁdelem
1596 1688 1750 1708 sermonum
1773 1680 1877 1714 ample-

1085 1731 1216 1758 cteretur,
1236 1731 1366 1762 tanquam
1383 1727 1429 1761 qui
1452 1727 1540 1754 aliena
1555 1734 1570 1753 a
1597 1727 1659 1757 iidc,
1685 1734 1717 1753 ac
1741 1725 1878 1753 haereticis

1086 1773 1195 1807 propria
1208 1772 1330 1804 doceret,
1347 1773 1381 1800 ab
1394 1773 1485 1807 impiis
1500 1773 1636 1800 calumnia
1654 1773 1876 1799 insimulabatur.

1086 1817 1181 1852 Stabat
1189 1824 1278 1845 autem
1292 1819 1332 1845 vir
1341 1823 1481 1852 strenuus,
1505 1819 1577 1846 velut
1588 1818 1722 1846 sodalium
1758 1818 1876 1853 cuipiam

1087 1871 1119 1890 ac
1136 1869 1279 1896 notorum;
1297 1872 1351 1891 non
1368 1864 1445 1899 quasi
1469 1869 1547 1891 tanto
1579 1863 1758 1899 magistratui.
1780 1863 1879 1897 judici-

1086 1917 1139 1945 que
1150 1910 1301 1938 assisteret.

1123 1955 1246 1989 Quonam
1259 1956 1339 1984 modo
1355 1957 1422 1984 scite
1449 1962 1576 1992 apteque,
1590 1957 1631 1983 vel
1643 1956 1762 1991 prmlccti
1781 1964 1878 1990 supcr-

1087 2002 1171 2035 biam,
1204 2002 1361 2037 fastumquc
1393 2003 1489 2035 animi,
1506 2010 1539 2030 ac
1565 2010 1723 2029 sermonum
1747 2009 1878 2034 arrogan-

1088 2048 1152 2074 tiam
1167 2056 1174 2080 ;
1190 2050 1238 2074 attt
1249 2047 1299 2074 viri
1310 2047 1479 2081 prudentiam
1502 2054 1534 2074 ac
1550 2047 1686 2074 lenitatem
1701 2055 1707 2072 :
1721 2051 1878 2080 certamque

1088 2092 1120 2119 ad
1135 2100 1197 2119 cum
1233 2100 1264 2120 ac
1277 2091 1440 2127 exquisitam
1455 2091 1672 2120 satisfactionem
1690 2092 1780 2119 verbis
1793 2099 1877 2126 expc—

1088 2139 1160 2166 diam
1175 2139 1186 2164 ?

1123 2182 1214 2210 Pass.
1236 2182 1307 2216 Quid
1334 2183 1385 2211 sibi
1408 2183 1477 2216 vult,
1491 2183 1559 2210 heus
1579 2188 1617 2216 lu,
1635 2183 1709 2218 quod
1740 2183 1781 2210 sic
1808 2190 1879 2217 prte-

1054 2229 1074 2255 D
1091 2229 1263 2264 magniﬁcam
1293 2229 1573 2264 angustissimamque
1586 2229 1723 2257 civitatem
1739 2229 1879 2257 seditiosis

1089 2275 1276 2303 molitionibus
1288 2276 1391 2305 turbas.
1411 2283 1473 2302 ctnn
1490 2275 1639 2310 prtesertim
1653 2280 1803 2303 extraneas
1835 2279 1878 2302 at-

1089 2329 1143 2356 que
1157 2321 1257 2356 hospes
1270 2321 1388 2348 exsistas
1401 2322 1412 2347 ?

1124 2367 1208 2395 Caco.
1224 2367 1273 2395 Cui
1291 2367 1336 2394 ille
1355 2377 1360 2394 :
1382 2367 1512 2400 Quaenam
1527 2366 1636 2400 injuria,
1661 2373 1757 2401 quaeve
1781 2365 1880 2393 adver-

1089 2422 1148 2442 sum
1166 2422 1226 2447 nos,
1246 2413 1344 2448 inquit,
1365 2412 1571 2440 aecttsatoribus
1582 2412 1735 2446 divulgata,
1754 2419 1880 2438 rumore-

1090 2466 1143 2494 que
1160 2466 1255 2492 sparsa
1271 2457 1400 2484 seditiosa
1421 2456 1525 2483 molitio
1561 2463 1594 2482 ac
1613 2453 1786 2489 petulantia?
1805 2452 1879 2480 Nihil

1089 2505 1162 2532 enim
1179 2505 1244 2531 mihi
1261 2503 1396 2538 ejusmodi
1408 2510 1498 2530 rerum
1514 2503 1642 2529 conscius
1660 2509 1735 2528 sum.

1126 2551 1213 2578 Pater.
1230 2550 1320 2583 Quod,
1335 2549 1434 2583 inquit,
1444 2549 1572 2576 inanibus
1589 2547 1679 2575 verbis
1715 2551 1798 2582 atque
1817 2553 1881 2580 pr0~

1091 2598 1171 2629 lanis,
1185 2596 1392 2631 incompositam
1406 2596 1510 2630 plebem
1524 2596 1557 2622 ad
1574 2603 1617 2623 res
1630 2603 1715 2622 novas
1727 2591 1857 2621 sollicitas
1872 2601 1878 2617 :

1089 2644 1246 2677 viderisque
1271 2642 1337 2669 mihi
1366 2642 1461 2669 turbas
1481 2641 1564 2673 ciere,
1594 2641 1641 2676 qui
1689 2638 1878 2674 imperitorum

1090 2698 1120 2716 ac
1133 2688 1318 2724 insipientiutu
1334 2687 1383 2715 tibi
1406 2687 1514 2714 animos
1533 2686 1655 2718 addicas,
1686 2691 1765 2719 atque
1780 2682 1812 2709 azl
1832 2689 1876 2706 su-

1090 2736 1219 2762 ditionem
1230 2734 1302 2769 (qua:
1316 2734 1360 2762 his
1369 2734 1450 2762 facile
1462 2732 1654 2763 succendatur)
1665 2735 1750 2759 wstro
1759 2728 1880 2764 quodam

1090 2782 1223 2817 itnpcllas.

1099 2872 1119 2885 ⁸⁷
1137 2870 1214 2898 Joan.
1234 2879 1259 2903 κ,
1277 2871 1318 2898 :0.
1378 2871 1398 2886 ⁵³
1414 2869 1467 2896 Tit.
1489 2877 1506 2900 I,
1524 2868 1549 2894 9.
