2089 3151
248 152 301 185 46⁵7

830 154 976 185 NICETrE
996 154 1258 187 PAPIILAGONIS

1815 155 1868 186 468

282 206 367 235 Gneo.
386 205 542 239 Enimvero,
552 207 589 234 ait
601 214 709 239 rursus,
724 207 861 236 seditiosae
871 209 1031 240 molitionis,
1046 209 1072 238 A
1085 219 1169 238 unum
1195 218 1305 246 corpus,
1324 217 1448 245 unuSquc
1466 209 1578 244 spiritus
1601 208 1750 236 Christiani
1771 217 1868 238 orni-es

247 253 386 288 Iurbchue
401 253 539 288 popularis
555 257 658 280 tantum
678 253 756 281 abest
784 257 812 280 ut
829 254 876 281 ulli
898 255 955 289 ipse
977 255 1028 282 sim

249 304 356 330 auctor,
369 304 500 333 quantum
521 299 567 333 qui
579 298 644 325 olim
662 299 772 332 mortui,
788 307 802 326 a
816 305 905 327 vestra
922 301 1032 328 civitate

247 352 280 371 ac
295 344 434 379 republica
448 344 684 379 extraneivagunt.
702 344 774 372 Olim
789 347 860 373 enim
875 346 975 381 (neque
988 355 1031 374 me

244 390 387 425 quisquam
397 391 558 425 arrogantia:
583 391 723 426 [astusque
732 391 880 428 insimulet)
894 393 967 420 omni
980 401 1031 421 sa;-

244 435 310 468 culi,
331 435 462 470 ﬂuxaaque
476 435 570 469 gloria:
581 436 705 462 claritate
714 441 805 470 spreta
821 445 852 463 ac
864 437 955 464 carnis
968 438 1031 464 uni-

245 479 334 508 versis
345 480 538 515 cupiditatibus
547 482 683 513 excussis,
695 482 802 517 solique
810 482 919 510 Christo
930 483 1032 510 foedere

246 525 403 560 adjunctus,
419 533 452 553 ac
471 526 518 560 qui
532 526 593 561 ejus
612 526 670 562 lege
682 527 800 562 Spiritus
816 528 859 563 agi
875 528 1029 561 maluerim,

245 570 280 597 ab
297 571 371 598 omni
382 571 518 599 discordia
543 579 575 599 ac
588 572 647 599 rixa
664 572 796 600 mundum
817 574 950 607 meipsum
974 581 1031 601 ser-

246 624 310 644 vare
328 618 485 649 contendo;
511 626 562 646 nec
589 619 676 645 solam
700 619 910 654 pulcherrimam
936 627 1029 654 pacem

244 661 318 689 solus
337 670 387 696 ego
414 663 587 697 amplector,
615 664 662 691 sed
692 668 719 691 et
744 669 860 692 cunctos
889 665 952 692 totis
965 665 1031 692 viri-

245 707 296 735 bus
329 715 390 734 eam
420 709 561 743 amplecti,
598 717 660 737 cum
693 710 776 736 Paulo
801 711 824 726 ⁸⁹
863 711 957 738 hortor
989 715 1031 738 at-

244 760 298 786 que
323 754 439 781 suadeo.
468 754 537 782 Fore
561 755 633 782 enim
654 761 684 783 ut
714 757 772 783 sine
787 756 832 783 illa
847 764 928 784 nemo
940 757 1031 784 videat

247 798 342 825 Deum.

283 844 373 872 Pater.
390 844 460 877 Qtrid
476 852 550 878 vero,
567 846 666 881 inquit,
684 847 755 881 quod
776 852 803 874 ct
822 847 919 879 aliena,
935 855 967 874 ac
980 854 1030 882 pro

247 889 380 917 haereticis
391 890 516 924 partibus
530 891 610 918 doces
620 891 631 917 ?
649 890 745 918 Nonne
753 891 830 919 vobis
842 891 940 918 sufficit
951 891 1028 923 ﬁdes,

243 935 287 962 cui
299 940 326 962 et
342 943 456 971 magnus
469 936 617 972 imperator
630 937 793 971 astipulatur
809 946 815 963 :
831 937 974 971 omnisque
989 937 1030 964 di-

245 981 282 1008 tio
305 989 338 1009 ac
353 981 449 1010 civitas
476 982 645 1010 assentitur?
663 981 781 1010 Solusne
798 982 858 1010 ﬁdei
883 983 1029 1009 novitatem

244 1027 370 1055 illaturus
390 1036 429 1060 es,
453 1029 601 1064 orbemque
625 1029 702 1057 solus
718 1029 745 1056 in
767 1029 928 1056 sententiam
956 1033 1029 1056 tuam

245 1073 385 1107 pertrahes
398 1074 409 1100 ?

279 1118 366 1148 Gneo.
380 1119 451 1147 Nihil
463 1120 588 1156 equidem
607 1127 719 1152 novum,
741 1121 840 1155 inquit.
857 1125 904 1148 aut
917 1121 951 1147 ab
965 1128 1031 1155 apo-

246 1165 341 1193 stolica
360 1165 412 1193 ﬁde
424 1166 554 1199 alienum,
570 1167 611 1194 vel
635 1167 692 1202 ipse
710 1167 825 1202 cogitavi
843 1175 974 1202 unquam,
988 1166 1031 1194 vel

245 1211 314 1239 alios
327 1211 425 1244 docui;
440 1211 487 1239 sed
504 1212 772 1247 quaecunque,juxta
784 1219 890 1240 sacram
908 1211 1031 1246 Scriptu-

221 1270 226 1276 -
247 1264 315 1288 ram,
332 1256 492 1288 audivimus,
507 1262 531 1284 et
551 1258 719 1292 cognovimus
742 1266 783 1289 eo,
800 1262 825 1285 et
840 1263 928 1292 patres
945 1258 1031 1284 nostri

245 1307 419 1329 narraverunt
432 1302 507 1330 nobis
524 1303 558 1334 ”°,
572 1303 629 1330 haec
641 1304 785 1335 sentimus,
797 1303 855 1331 haec
869 1303 1006 1337 loquimur
1023 1312 1030 1330 :

246 1349 272 1374 in
294 1347 335 1375 his
348 1355 551 1383 pet-manemus,
566 1356 626 1383 qua:
640 1349 815 1381 credidimus,
830 1356 863 1376 ac
883 1349 961 1376 nobis
972 1356 1032 1376 cre—

244 1392 299 1420 dita
310 1397 385 1427 sunt,
397 1393 515 1422 scientes
529 1402 543 1421 a
552 1402 606 1429 quo
618 1394 793 1422 didicerimus
806 1395 840 1422 ".
857 1393 915 1422 Non
937 1394 1033 1421 Imma-

247 1438 290 1466 nis
330 1439 525 1473 cogitationum
556 1440 709 1467 rationibus
734 1441 893 1468 inconcessa
910 1461 917 1473 ,
946 1440 1034 1474 iisque

247 1484 386 1512 inaccessa
400 1485 527 1512 metimur
545 1494 552 1512 :
577 1493 665 1520 neque
683 1490 809 1512 naturam
836 1486 909 1512 nulla
938 1486 1034 1512 verbo-

247 1537 306 1556 rum
320 1529 346 1556 vi
361 1529 562 1564 explicabilem,
576 1537 608 1556 ac
625 1537 706 1564 quam
723 1537 802 1556 nemo
818 1529 959 1563 intelligat,
971 1529 1033 1556 dia-

246 1575 351 1603 lecticis
368 1575 502 1603 methodis
515 1575 695 1610 pensitamus.
724 1574 817 1609 Neque
836 1575 908 1602 enim
926 1580 954 1602 ut
973 1575 1034 1609 qui-

248 1621 362 1648 busdam
391 1622 475 1648 moris
495 1625 548 1652 est,
577 1625 675 1656 praeter
700 1628 732 1648 ea
754 1628 815 1655 qua:
844 1621 931 1649 sacris
956 1621 1034 1648 nobis

247 1666 365 1693 oraculis
377 1666 500 1700 exposita
515 1671 589 1698 sunt,
600 1666 790 1693 contumacius
802 1666 949 1700 quidquam
967 1674 1034 1700 pra:-

249 1711 395 1737 sumimus.
408 1711 504 1738 Omnis
518 1711 601 1746 igitur
611 1711 656 1745 qui
673 1718 705 1738 ex
722 1711 777 1738 Deo
791 1717 842 1744 est,
859 1715 1035 1745 nostramque

247 1755 324 1782 audit
338 1762 442 1787 vocem,
456 1763 487 1782 ac
504 1763 586 1790 quam
607 1755 745 1790 loquimur
772 1756 913 1783 veritatem
952 1763 1034 1790 agnoV

249 1808 329 1828 scens
349 1810 355 1828 :
375 1808 429 1828 non
441 1800 518 1827 nobis
527 1800 695 1835 simpliciter,
712 1801 758 1828 sed
776 1801 825 1835 ipsi
840 1801 929 1835 plane,
943 1805 1034 1828 nostra

249 1853 340 1880 opera,
357 1846 464 1873 veritati
480 1846 594 1878 accedit,
608 1847 687 1882 eique
697 1847 870 1874 conciliatur.

283 1892 374 1920 an‘.
397 1892 466 1926 Quid
490 1900 572 1927 ergo,
594 1892 691 1927 inquit,
713 1893 836 1920 videmur
853 1893 905 1920 tibi
926 1901 977 1920 non
1001 1902 1035 1920 ex

251 1937 305 1965 Deo
331 1945 362 1964 ac
381 1938 492 1965 veritate
511 1946 560 1965 nos
570 1945 641 1971 e559,
661 1939 733 1973 quod
749 1943 840 1966 vestro
856 1939 1038 1966 consubstan-

250 1983 308 2009 tiali
329 1990 383 2010 non
404 1983 549 2010 admodum
578 1983 745 2010 assentimur
766 1991 773 2008 τ
795 1991 884 2017 neque
905 1983 977 2009 enim
1003 1991 1035 2010 ex

251 2029 399 2064 Scripturis
413 2029 555 2061 habemus,
573 2033 602 2056 ut
626 2029 649 2056 ei
666 2035 741 2056 certo
760 2036 902 2056 assensum
916 2029 1037 2063 praebea-

251 2082 322 2102 mus.
340 2074 412 2107 Quid
432 2082 495 2102 vero
514 2074 582 2107 tibi,
600 2074 646 2109 qui
667 2082 716 2101 nec
733 2074 904 2108 imperatoris
921 2074 1037 2101 decretis

251 2121 420 2153 consentias,
433 2121 516 2156 inque
537 2125 642 2147 tantum
665 2121 802 2155 Opinionis
824 2120 925 2148 fastum
943 2129 1037 2149 vecors

251 2167 391 2199 evaseris,
411 2174 460 2194 nec
480 2173 542 2193 cum
569 2171 644 2193 tanto
661 2167 852 2201 episcoporum
878 2171 948 2194 coetu
974 2175 1038 2194 con-

1083 266 1225 292 agoremus
1239 258 1277 291 ⁹³;
1293 257 1404 292 jamque
1417 256 1484 284 adeo
1496 263 1549 283 non
1562 263 1594 282 ex
1609 255 1664 282 alio
1675 255 1733 287 alii,
1748 254 1866 290 alioque,

1082 303 1128 330 sed
1155 311 1188 330 ex
1215 302 1324 330 Christo
1346 310 1441 329 omnes
1466 306 1523 329 tum
1548 308 1781 336 nuncuparemur,
1809 305 1866 328 tum

1082 356 1216 380 essemus,
1232 349 1278 383 qui
1300 348 1333 375 ad
1346 356 1426 375 unam
1457 348 1635 383 eamdemque
1649 355 1724 383 spem
1745 347 1868 375 vocatio-

1083 395 1126 422 nis
1142 395 1242 429 pariter
1256 402 1430 422 curreremus
1445 395 1479 421 ’⁸.

1118 440 1187 473 Quia
1215 448 1279 467 vero
1307 440 1450 472 nonnulli,
1480 439 1563 467 animi
1593 440 1683 474 potius
1712 439 1867 474 pravitate,

1082 494 1164 520 quam
1180 486 1297 518 inscitia,
1315 486 1338 514 si
1356 490 1437 513 certa:
1452 486 1568 517 veritati,
1589 485 1726 519 clarisque
1743 485 1868 512 testimo-

1082 532 1146 564 niis,
1171 539 1203 559 ae
1229 531 1440 558 auctoritatibus
1464 531 1626 558 obnituntur
1641 538 1648 557 :
1665 535 1728 565 puta
1748 530 1793 562 iis,
1806 537 1868 564 quae

1083 578 1116 605 ad
1130 577 1229 604 Filium
1246 580 1381 612 spectant,
1401 576 1475 611 quod
1492 575 1538 603 Dei
1555 583 1646 603 sermo
1669 583 1731 603 cum
1745 579 1818 602 esset
1839 575 1866 601 in

1082 622 1227 658 principio,
1237 627 1295 648 erat
1307 622 1378 657 apud
1392 621 1500 649 Patrem
1511 622 1547 653 ",
1565 625 1592 648 et
1606 621 1675 648 Deus
1686 624 1745 648 erat
1757 629 1765 652 ;
1781 620 1868 654 quod-

1082 677 1135 704 que
1165 667 1344 702 Unigenitus,
1364 667 1477 702 etquod
1506 667 1533 694 in
1551 667 1610 694 sinu
1626 666 1723 694 Patris.
1739 665 1806 701 Ego,
1826 666 1869 692 in-

1082 715 1151 750 quit,
1168 715 1196 741 iu
1213 715 1304 748 Patre,
1318 720 1342 742 et
1366 713 1448 740 Pater
1468 714 1496 740 in
1520 721 1561 740 me
1583 717 1621 740 est
1637 713 1672 738 ³⁵.
1699 711 1754 744 Ει,
1767 713 1823 746 Ego
1844 716 1868 737 ει

1082 760 1164 787 Pater
1188 769 1270 787 unum
1283 768 1374 787 sumus
1383 760 1416 786 ³⁷.
1429 759 1508 793 Quod
1520 759 1583 786 item
1599 758 1726 794 splendor
1733 758 1826 793 gloria:
1834 757 1868 789 ’⁸,

1083 814 1114 833 ac
1138 806 1224 840 ﬁgura
1243 809 1362 839 paternae
1376 803 1546 833 substantiae.
1571 803 1597 829 id
1614 807 1667 834 est,
1682 803 1773 838 imago
1792 802 1870 829 inva-

1083 850 1203 882 riabilis,
1233 850 1325 877 divino
1358 850 1444 876 Paulo
1475 849 1638 884 przedicatus
1669 852 1734 880 est;
1762 854 1868 874 necnon

1082 897 1154 928 aliis,
1174 896 1274 930 quibus
1289 895 1382 923 eadem
1405 895 1513 923 deitatis
1524 899 1622 922 natura
1641 894 1782 921 astruitur.
1803 892 1870 925 Qua:

1082 951 1147 970 vero
1171 946 1294 978 spectant
1322 942 1356 969 ad
1385 941 1528 976 Spiritum,
1550 939 1623 975 quod
1652 939 1784 966 Dominus
1809 943 1867 970 est,

1083 989 1156 1024 quod
1178 989 1270 1020 mittit.
1297 987 1369 1023 quod
1391 987 1442 1014 sibi
1463 987 1593 1021 templum
1608 985 1689 1012 efﬁcit
1714 985 1748 1017 ",
1764 991 1796 1011 ac
1809 984 1869 1010 dei-

1083 1035 1162 1067 ﬁeat;
1182 1034 1256 1069 quod
1272 1033 1380 1068 operari
1405 1040 1467 1060 eum
1485 1032 1566 1060 sicuti
1582 1031 1639 1058 vult
1659 1031 1678 1063 ',
1691 1038 1723 1058 ac
1739 1030 1811 1057 dona
1828 1024 1870 1056 di-

1082 1081 1174 1108 videre
1197 1084 1311 1108 testante
1324 1079 1467 1114 Seriptura
1493 1079 1503 1094 ¹
1521 1077 1658 1112 proditum
1682 1080 1742 1109 est;
1758 1075 1869 1110 quibus,

1082 1127 1199 1161 aliisque
1224 1126 1359 1160 plurimis,
1380 1125 1440 1160 ejus
1455 1131 1564 1159 quoque
1592 1130 1655 1150 cum
1686 1122 1766 1150 Patre
1782 1121 1870 1152 socia,

1083 1181 1192 1208 unaque
1205 1172 1355 1200 dominatio
1369 1171 1535 1199 ostenditur.

1118 1218 1187 1251 Quia
1204 1218 1285 1253 igitur
1301 1217 1375 1244 nulla
1397 1220 1534 1244 tantorum
1558 1214 1676 1249 Spiritus
1689 1212 1870 1241 ‘testimonio-

1082 1271 1142 1291 rum
1166 1263 1317 1290 reverentia
1342 1261 1428 1294 ducti,
1454 1269 1509 1289 non
1526 1260 1638 1287 horrent
1651 1259 1809 1287 creatricem
1838 1264 1872 1285 ae

1083 1309 1247 1337 eﬂectricem
1274 1308 1396 1335 omnium
1429 1313 1542 1334 causam
1571 1305 1670 1333 creatis
1702 1310 1872 1336 acrensere;

1084 1356 1206 1390 iiuntque
1224 1358 1349 1382 creatura
1378 1361 1512 1388 nequam,
1541 1353 1587 1387 qui
1611 1350 1685 1378 omni
1708 1350 1810 1384 pudore
1826 1355 1870 1375 se-

1085 1405 1168 1432 moto.
1190 1404 1315 1427 naturam
1335 1399 1409 1427 omni
1423 1398 1589 1433 superiorem
1603 1396 1756 1426 dominatu,
1769 1395 1797 1422 in
1812 1401 1871 1422 ser-

1084 1447 1196 1474 vitulem
1213 1446 1368 1480 arrogantia
1403 1453 1435 1472 ac
1449 1443 1577 1479 superbia
1599 1442 1752 1474 detrahant,
1772 1447 1822 1468 nec
1836 1447 1870 1467 ex

1085 1490 1183 1525 scipsis
1202 1491 1334 1516 hactenus
1350 1488 1500 1523 intelligere
1520 1486 1671 1518 voluerint.
1696 1493 1758 1513 cum
1788 1484 1873 1512 animi

1048 1550 1069 1579 ο
1086 1535 1201 1562 interior
1212 1534 1294 1565 ratio,
1316 1538 1398 1568 atque
1412 1533 1487 1560 notio
1502 1539 1534 1560 ex
1552 1535 1642 1558 mente
1662 1530 1736 1557 nulla
1747 1529 1874 1564 passione

1089 1589 1119 1608 ac
1134 1580 1263 1612 ﬁuxione,
1283 1579 1357 1606 nulla
1372 1577 1503 1613 temporis
1519 1577 1590 1604 inter
1602 1576 1732 1611 capedine
1746 1581 1874 1606 nascens,

1087 1631 1169 1660 atque
1189 1633 1203 1652 a
1223 1626 1350 1661 gignente
1367 1622 1573 1658 inseparabilis,
1599 1628 1714 1657 quaeque
1731 1620 1796 1647 item
1815 1627 1875 1646 ser-

1088 1672 1178 1699 monis
1197 1670 1350 1705 prolatione
1365 1669 1399 1696 ad
1418 1676 1529 1697 sensum
1546 1668 1655 1699 transit,
1672 1666 1793 1702 ejusdem
1812 1673 1874 1692 curn

1089 1721 1178 1743 mente
1192 1715 1289 1742 borum
1307 1718 1419 1748 parente
1431 1718 1535 1740 natura:
1545 1712 1616 1745 sint;
1632 1719 1696 1739 vero
1712 1711 1794 1738 etiam
1814 1718 1876 1744 pro-

1090 1762 1150 1796 pius
1163 1765 1236 1788 certa
1252 1761 1369 1795 quadam
1392 1759 1496 1786 ratione
1524 1758 1570 1792 qui
1590 1765 1622 1785 ex
1646 1757 1725 1784 Patre
1739 1755 1874 1783 luminum

1089 1808 1162 1835 velut
1173 1812 1308 1835 comterna
1319 1806 1443 1841 quaedam
1453 1805 1575 1840 germina
1587 1804 1733 1834 exsistunt,
1749 1801 1874 1836 ejusdem

1090 1855 1187 1882 merito
1209 1858 1313 1880 natura:
1332 1860 1394 1880 cum
1415 1851 1537 1886 genitore
1550 1850 1649 1878 debere
1665 1847 1827 1876 existimari.

1122 1897 1152 1924 Id
1169 1905 1233 1924 vero
1251 1897 1278 1923 in
1297 1904 1381 1923 causa
1398 1900 1451 1927 est,
1470 1899 1499 1922 ut
1512 1895 1563 1929 ipsi
1577 1894 1612 1921 ab
1622 1900 1718 1920 eorum
1734 1900 1784 1920 nos
1798 1898 1875 1918 eom-

1090 1943 1230 1976 munione,
1249 1942 1324 1968 velut
1341 1941 1386 1976 qui
1404 1940 1518 1967 adversa
1531 1939 1639 1966 veritati
1656 1939 1782 1973 dogmata
1796 1937 1876 1964 indu-

1090 1993 1163 2020 cant,
1177 1995 1231 2014 non
1242 1986 1341 2021 injuria
1352 1985 1545 2013 abscindamus
1556 1993 1563 2018 ;
1576 1992 1627 2011 nec
1637 1983 1752 2010 decretis
1765 1981 1876 2016 acquie—

1090 2042 1210 2066 scamus,
1227 2041 1259 2060 ac
1272 2032 1455 2067 impietatibus
1470 2038 1613 2058 assensum
1639 2029 1821 2064 praebeamus,
1839 2035 1871 2053 ne

1091 2081 1195 2108 scilicet
1216 2087 1307 2113 parem
1338 2078 1393 2105 illis
1421 2076 1595 2111 blasphemiae
1619 2074 1875 2102 condemnationem

1091 2126 1285 2155 sustineamus,
1312 2123 1444 2159 quidquid
1470 2122 1528 2149 orbi
1555 2128 1627 2148 nunc
1646 2121 1772 2147 universo
1789 2119 1876 2152 impe-

1092 2179 1152 2198 rare
1167 2171 1328 2202 videantur;
1351 2169 1401 2196 etsi
1419 2168 1499 2201 vulgo
1515 2167 1658 2193 videantur
1676 2164 1807 2199 episcopi.
1824 2163 1875 2190 etsi

253 2212 372 2238 cordiam
383 2211 474 2239 colas?
485 2211 553 2238 Num
563 2211 642 2238 times
653 2219 687 2238 ne
700 2212 727 2238 in
740 2217 766 2238 te
779 2211 836 2246 ipse
847 2219 927 2247 grave
937 2212 1038 2246 aliquid
1055 2224 1077 2251 ι)
1091 2216 1221 2243 sublimes
1243 2215 1321 2242 sedes
1352 2211 1571 2241 conscenderint.
1588 2210 1672 2237 Nobis
1695 2209 1841 2243 siquidem,
1858 2215 1875 2234 o

253 2263 285 2283 ex
302 2257 476 2283 contentione
492 2256 645 2283 inconsulte
669 2257 815 2284 arcessas?

289 2302 374 2329 Gneo.
392 2302 508 2329 Docebat
523 2302 644 2336 quidem,
659 2310 676 2328 ο
696 2302 820 2336 praefecte
833 2302 896 2337 (qua
913 2310 1039 2329 mansue-

255 2347 359 2379 tudine,
381 2347 534 2381 blandaque
564 2348 677 2375 lenitate
706 2348 848 2381 respondit
872 2347 1037 2384 Theologus)

256 2392 388 2427 nnigeniti
407 2393 499 2428 gloriae
516 2401 567 2419 non
585 2393 751 2428 impingere;
776 2402 825 2421 nec
853 2395 984 2421 adversus
998 2394 1040 2421 di-

254 2438 309 2464 vini
327 2437 446 2472 Spiritus
461 2438 575 2466 honoris
594 2439 773 2473 wqualitatem
784 2440 882 2472 elatos,
897 2440 969 2466 illius
982 2447 1040 2466 ma»

253 2484 382 2517 jestatem
398 2491 524 2518 spernere
541 2493 548 2511 :
565 2492 615 2512 nec
631 2485 748 2520 denique
773 2489 846 2512 tanta
868 2485 1041 2512 testimonio-

255 2537 316 2556 rum
332 2530 454 2564 neglecta
470 2530 559 2565 copia,
571 2531 672 2565 quibus
685 2531 758 2558 Patri
775 2531 878 2559 honore
897 2539 1042 2566 coaequan-

255 2579 311 2605 tur,
327 2575 510 2602 deterioribus
528 2575 648 2602 animum
667 2576 840 2611 opinionibus
856 2576 975 2603 inﬁcere.
996 2576 1041 2603 Sic

255 2620 328 2646 enim
351 2627 407 2647 una
423 2620 483 2647 ﬁdei
511 2621 694 2654 confessione,
715 2623 868 2657 mentisque
883 2622 1041 2654 concordia,

257 2666 344 2694 tribus
357 2667 620 2695 sanetiﬁcationibus
633 2668 706 2694 velut
731 2668 862 2695 sublimes
886 2668 1041 2703 Seraphim,

259 2720 340 2740 unam
372 2713 598 2746 dominationem,
628 2720 659 2740 ac
690 2713 820 2740 Deitatcm
849 2715 991 2742 laudantes
1006 2715 1041 2746 ν’,

293 2781 316 2814 ⁸))
331 2780 413 2809 llebr.
432 2789 481 2813 ιιι,
504 2781 546 2808 Μ.
576 2781 599 2798 ὀ
616 2781 687 2808 Psnl.
701 2790 787 2814 Lxxn,
804 2783 829 2808 5.

875 2783 895 2798 ⁹¹
915 2783 934 2810 ll
949 2783 1019 2809 Tim.
1044 2791 1084 2814 Ill,
1102 2784 1142 2810 Μ.

1091 2261 1248 2296 sper-laude,
1275 2260 1454 2294 imperatores
1479 2265 1533 2284 non
1561 2263 1692 2290 purpura,
1710 2255 1758 2281 sed
1774 2254 1878 2280 virtute

1091 2307 1196 2334 nobiles
1222 2311 1303 2340 atque
1322 2304 1417 2338 inclyti
1442 2313 1449 2330 :
1467 2310 1519 2330 non
1535 2309 1615 2333 auro,
1631 2305 1756 2336 argento,
1772 2300 1876 2335 pretio-

1091 2351 1262 2385 sissimisque
1277 2350 1394 2384 capillis,
1411 2348 1451 2376 vel
1467 2355 1535 2375 auro
1561 2346 1712 2381 compactis
1730 2346 1856 2372 curribus
1867 2365 1875 2376 ,

1091 2405 1138 2425 seu
1155 2396 1260 2431 magnis
1284 2394 1450 2422 exercitibus
1476 2393 1584 2428 augusti
1620 2400 1652 2420 ac
1678 2391 1877 2421 formidabiles,

1093 2442 1140 2470 sed
1166 2442 1226 2468 fidei
1249 2441 1417 2472 sinceritate,
1436 2447 1554 2474 veraque
1576 2447 1608 2465 ac
1624 2438 1741 2473 genuina
1757 2445 1821 2470 erga
1839 2437 1880 2462 di-

1093 2487 1185 2514 vinum
1200 2485 1304 2513 Numen
1321 2485 1473 2512 affectione.
1493 2485 1639 2518 Episcopos
1650 2487 1740 2509 autem
1760 2490 1813 2508 non
1831 2489 1879 2508 eos

1094 2532 1207 2559 ornnino
1235 2531 1377 2560 habemus.
1405 2529 1451 2563 qui
1476 2528 1692 2556 sacerdotalibus
1719 2527 1881 2561 praefulgent

1094 2577 1183 2608 stolis,
1199 2582 1280 2611 atque
1295 2575 1408 2608 infulis;
1432 2575 1478 2602 sed
1498 2574 1545 2608 qui
1569 2574 1643 2600 velut
1658 2573 1768 2607 pedere.
1790 2571 1816 2598 id
1839 2575 1881 2597 est

1096 2623 1185 2656 talari,
1204 2622 1286 2649 etiam
1306 2622 1404 2648 virtute
1426 2620 1516 2647 amicti
1533 2624 1612 2652 sunt;
1629 2623 1787 2652 metamque
1803 2617 1880 2643 [idem

1098 2669 1172 2695 velut
1185 2668 1315 2695 rationale
1328 2666 1422 2701 jndicii
1439 2666 1459 2697 ',
1473 2670 1499 2693 et
1511 2666 1664 2696 veritatem,
1679 2668 1707 2690 et
1722 2662 1882 2689 manifesta-

1097 2715 1198 2742 tionem
1213 2715 1238 2741 iu
1258 2719 1376 2748 pectore,
1396 2712 1534 2746 animique
1549 2710 1700 2746 prccordiis
1716 2713 1834 2744 gustant.

1190 2783 1212 2798 θ’
1231 2782 1281 2808 lsa.
1301 2790 1337 2811 vi.
1417 2780 1438 2795 να
1461 2780 1468 2806 1
1486 2779 1550 2805 Cor.
1571 2786 1598 2809 x,
1618 2777 1663 2808 l7;
1681 2776 1690 2802 1
1708 2775 1771 2802 Cor.
1786 2781 1822 2804 vr,

259 2816 281 2830 εδ
301 2808 399 2848 Ephes.
412 2824 448 2847 tv,
465 2808 522 2843 fuit.
551 2817 573 2831 "
591 2816 669 2842 Joau.
692 2825 709 2845 t.
730 2818 740 2843 1
758 2808 787 2843 εί
802 2818 840 2843 18.
878 2818 901 2833 9"
1009 2808 1034 2844 fit

1155 2819 1164 2833 θ
1179 2817 1259 2843 .Ι();ιιι.
1277 2825 1302 2849 x,
1324 2808 1366 2843 Tit).
1399 2816 1420 2830 δ’
1437 2814 1515 2841 Hebr.
1534 2822 1551 2845 ι,
1566 2808 1595 2839 ’δέ
1624 2813 1645 2827 i‘“
1665 2812 1684 2838 ll
1701 2811 1761 2838 Cor.
1779 2817 1820 2842 ιιι,
1839 2808 1881 2834 Η.

260 2851 268 2864 ⁸
287 2851 344 2876 Act
364 2859 402 2882 ut,
419 2851 452 2883 ‘2;
483 2851 569 2879 ltlor.
586 2852 666 2883 mli).
696 2854 705 2867 9
720 2852 728 2878 Ι
742 2852 804 2879 Coi.
823 2860 870 2884 λιι,
890 2854 927 2880 ιι.

975 2853 984 2868 ³
1001 2854 1086 2880 Exod.

1124 2860 1217 2883 \XVIII,
1248 2853 1271 2878 4.
