2089 3151
205 190 257 222 469
555 192 696 223 ORATIO
715 194 778 224 XX.
797 206 831 211 —
851 193 892 224 IN
913 193 1066 224 LAUDEM
1086 194 1116 225 S.
1136 194 1323 226 GREGORII
1341 196 1476 228 THEOL.
1766 202 1827 234 470

241 247 287 275 Sic
301 251 392 274 autem
410 247 558 282 animatus,
576 256 609 276 ac
624 257 685 277 cum
699 250 734 278 ita
748 251 781 278 de
796 251 839 279 his
859 251 986 283 sentiam,
1003 254 1023 281 Α
1039 250 1203 279 militudine.
1223 252 1258 279 At
1273 253 1421 288 Gregorius
1447 254 1557 291 (quippe
1568 257 1614 292 qui
1632 265 1685 285 non
1701 261 1820 289 nesciret

203 293 338 328 siquidem
364 293 517 328 ingruentia
548 294 690 324 Trinitatis
713 304 777 331 ergo
798 297 929 331 pericula,
957 305 989 324 ac
1039 296 1099 330 ejus
1111 297 1301 333 cogitationes)
1322 299 1509 329 admirandam
1527 303 1658 332 adversus
1672 306 1761 332 omnia
1775 314 1822 341 pa-

204 339 312 372 exsilia,
326 340 475 374 cruciatus,
489 345 602 369 mortem
620 343 691 377 (vita:
708 344 812 371 scilicet
827 344 981 372 immortalis

1040 343 1161 370 tientiam
1179 351 1318 378 opponens
1347 353 1380 372 ac
1407 345 1731 380 longanimitatem,haud
1745 359 1824 379 secus

202 383 372 420 argumenta)
398 385 604 414 detrectaverim
619 396 626 420 ;
644 392 700 415 tum
716 396 780 416 vero
800 390 889 424 reipsa
909 390 981 417 inuu<

1039 394 1072 414 ac
1109 388 1277 423 intnrgentes
1299 397 1422 425 spumas,
1443 392 1445 395 '
1463 392 1630 421 decumanos
1660 394 1823 429 injuriarum

202 429 286 456 meris
303 436 346 457 me
360 429 473 464 dignum
488 431 621 459 mortibus
652 439 684 460 ac
709 433 836 468 periculis
850 434 988 462 existima-
1041 432 1140 461 ﬂuctus
1163 433 1240 462 elidit
1260 441 1266 460 :
1285 436 1331 462 sed
1347 435 1371 463 ei
1396 436 1618 466 administrorum
1635 440 1744 468 invidiae
1763 449 1824 468 om-

201 473 299 501 veritn.
1038 486 1100 506 nem
1117 480 1311 515 malignitatem
1340 481 1506 517 sinistraque
1529 483 1670 511 molimina
1682 486 1822 514 convellit.

235 519 319 547 Aiunt
331 519 550 554 praeiectum,his
561 529 592 549 ex
602 530 634 550 eo
643 523 753 556 auditis,
766 524 816 552 viri
827 525 988 559 sapientiam
1039 523 1068 552 In
1084 524 1138 552 ﬁne
1151 529 1240 553 autem
1255 533 1298 559 ea.
1322 534 1384 562 qua!
1405 527 1433 554 in
1455 535 1540 556 censu
1554 534 1643 562 erant.
1662 537 1716 558 nan
1730 532 1822 567 dupli-

201 565 270 605 mira
278 565 395 600 quadam
408 567 513 595 ratione
525 568 617 596 virtuti
626 574 856 604 ooutemperatam
869 572 989 599 admira-
1039 570 1080 597 cia
1096 570 1200 604 recipit,
1215 571 1262 599 sed
1277 573 1369 599 multis
1385 574 1508 607 partibus
1525 575 1660 607 auctiora,
1681 577 1755 604 velut
1767 578 1822 605 sci-

201 598 256 638 tam
264 598 341 639 esse:
353 612 447 647 sicque
458 614 526 641 adeo
538 614 643 648 plebem
657 616 755 650 pietate
768 623 943 650 commotam,
956 626 988 647 ae
1040 614 1102 642 "cel
1117 616 1204 644 bonus
1219 617 1263 644 me
1279 625 1386 651 servus.
1403 623 1514 654 δεεενιε
1532 624 1666 655 Ροιθειείιθ
1679 629 1762 657 ﬁ“P43?
1776 623 1823 650 de‘

200 656 290 683 divina
307 657 408 684 victam
430 659 632 692 ρι-ωιιίοειίοηε,
648 662 822 696 “ringentem
838 663 986 691 clamorem
1039 668 1097 688 cem
1117 661 1252 693 civitates,
1284 662 1407 698 quinimo
1421 665 1507 692 instar
1522 665 1608 694 tidelis
1637 674 1669 693 ac
1682 667 1822 701 prudentis

199 701 338 735 extulerit,
354 710 386 730 ac
402 704 500 730 nedum
516 705 659 740 theologia
673 708 780 735 nomine
795 708 904 736 beatum
921 717 981 744 pra:-

1039 705 1174 732 eeconomi
1190 706 1211 737 θ,
1231 705 1288 740 ipse
1304 714 1414 742 quoque
1430 708 1492 743 (nec
1507 717 1633 744 magnum
1649 711 1747 746 dictu.)
1763 721 1823 740 om-

199 746 346 780 dicaverit,
369 756 461 776 verum
476 749 559 777 etiam
579 751 634 779 illic
651 752 738 786 primo
755 752 922 790 Theologum
936 763 986 789 ap-
1038 750 1119 777 "ibus
1135 758 1195 786 (ιυίε
1219 756 1283 778 sum
1299 751 1405 780 Domini
1436 754 1478 782 ευί
1511 756 1682 790 Ρτπβοείιυε-
1712 757 1823 786 Minime

198 793 347 826 pellaverit.
365 793 411 822 Sic
429 794 558 823 nimirum
574 805 687 831 prorsus
707 799 841 826 theatrum
857 807 981 835 ceperat;

1038 800 1129 823 autem
1156 797 1318 831 praedicatur
1332 798 1435 832 justus,
1453 800 1500 827 sed
1514 800 1630 830 edicitur
1645 811 1652 830 :
1668 802 1823 837 Theologus

197 837 304 872 sibique
321 838 454 873 judicium
472 841 622 875 (audit0res
645 844 759 878 scilicet)
785 846 935 874 addiXerat.
949 847 981 874 Α(

1038 847 1129 868 autem
1162 846 1218 869 tum
1247 842 1374 876 rilicitur,
1411 849 1468 872 tum
1504 847 1647 881 magniﬁce
1689 850 1822 882 praedira-

196 880 357 917 Gregorium
388 884 498 918 quidem
529 893 592 914 eum
609 889 759 916 reverentia
775 889 884 917 domum
902 892 986 919 rctni-
1002 916 1021 942 Β
1040 891 1093 914 ιω·-

196 926 282 958 sissc;
306 933 480 958 accusatores
505 939 568 958 vero
599 933 732 968 tantisper
755 935 935 971 obiurgasse,
956 942 985 965 ut

196 973 242 1005 qui
259 973 293 1000 ad
308 981 398 1001 causa:
411 983 578 1004 momentum
594 980 733 1013 arguendo
753 980 812 1008 viro
831 982 898 1009 nihil
912 988 985 1010 attu-

193 1016 295 1045 lerant.
311 1018 380 1047 liinc
397 1020 480 1048 etiam
503 1022 557 1054 ille,
573 1024 706 1051 utdivino
723 1026 859 1060 proditum
873 1028 985 1063 eloquio

195 1067 248 1095 est,
260 1063 390 1098 majorem
406 1065 417 1081 ⁸
433 1066 460 1094 in
479 1067 576 1101 plateis
590 1069 688 1103 agebat
709 1070 857 1099 libertatem
868 1094 876 1106 ,
897 1073 982 1101 ﬁden-

195 1107 307 1144 tiusque
333 1111 422 1145 palam
444 1111 616 1147 loquebatur.
640 1113 735 1143 Omnis
760 1117 833 1144 enim
863 1119 982 1152 animus,

195 1159 258 1179 cum
279 1156 429 1183 certamina
440 1158 561 1185 necdum
574 1159 687 1193 adierit,
712 1161 872 1197 plerumque
885 1163 983 1192 formi-

195 1196 271 1230 dare,
283 1206 366 1234 seque
386 1208 483 1235 pugnaa
509 1203 678 1238 subducere;
693 1206 765 1233 lucta
779 1196 870 1236 autem
883 1209 981 1238 defun-

195 1245 265 1272 ctus,
281 1247 433 1279 auctusque
454 1245 578 1279 victoria,
603 1247 709 1277 fortiter
728 1258 760 1279 ac
779 1257 890 1281 strenue
908 1261 982 1283 amat

193 1293 285 1322 agere.

229 1331 318 1382 Homo
343 1343 409 1364 sane
433 1337 507 1367 illius
529 1339 640 1369 Ausites
653 1349 686 1370 ac
702 1343 797 1372 beatus
810 1344 980 1382 Jobus,‘praa

193 1376 303 1406 virtutis
334 1383 491 1414 praestantia
521 1384 673 1415 invidiosus
702 1387 811 1417 diabolo
838 1376 979 1426 reddit-us,

194 1422 289 1473 illique
303 1427 451 1460 postulanti
465 1429 591 1464 traditus,
607 1431 701 1461 liberis
712 1435 834 1468 quidem,
849 1422 979 1473 omnique

193 1468 269 1503 prius
283 1471 436 1501 substantia
464 1475 599 1510 nudatur;
616 1481 728 1514 tumque
748 1481 830 1508 etiam
851 1468 978 1517 pessimis

194 1520 310 1549 corpore
323 1516 461 1546 ulceribus
476 1521 589 1548 caeditur
601 1523 611 1538 '
622 1531 629 1556 ;
642 1524 675 1550 ad
692 1524 750 1552 haec
760 1527 891 1555 vermium
904 1530 976 1560 tabo.

191 1560 333 1596 acutisque
344 1567 452 1591 amotus
466 1564 621 1600 doloribus;
637 1575 679 1600 ac,
695 1577 756 1597 cum
771 1579 854 1599 uxore
866 1573 976 1601 demen-
992 1573 1014 1602 C

192 1603 230 1632 tia
248 1605 387 1641 loquente,
405 1613 488 1644 atque
507 1611 603 1640 amicis
622 1613 833 1650 imprudentius,
853 1626 903 1645 nee
930 1627 980 1654 pro

190 1649 232 1676 rei
251 1650 340 1679 indole
353 1654 560 1685 consolantibus
573 1665 651 1690 usus,
667 1667 717 1687 nec
733 1661 876 1690 tuinimum
891 1666 977 1692 emol-

190 1693 256 1722 litus
268 1701 350 1730 esset,
368 1698 408 1726 vel
426 1700 507 1727 ullam
525 1709 638 1736 prorsus
653 1704 708 1732 Deo
726 1707 868 1735 stultitiam
890 1709 980 1738 dedis-

188 1744 241 1773 set,
255 1742 397 1777 magniﬁce
406 1744 535 1780 claroque
547 1749 683 1780 pra’conio
697 1749 723 1776 in
737 1750 789 1778 [ine
799 1754 977 1781 certaminum

189 1786 344 1814 celebratus
357 1793 399 1816 est
411 1797 418 1822 ;
433 1797 475 1822 ac,
487 1792 558 1825 quod
571 1794 695 1821 omnium
709 1798 977 1833 praestantissimum,

188 1830 263 1858 illius
282 1840 348 1860 voce
362 1835 525 1868 praedicatur
540 1837 642 1872 justus,
664 1841 710 1874 qui
731 1849 745 1868 e
762 1843 869 1871 turbine
896 1830 978 1880 atque

187 1878 307 1906 nubibus
324 1880 362 1907 illi
377 1883 568 1916 respondebat.
600 1884 649 1912 llic
669 1892 771 1920 autem,
799 1890 873 1917 nulla
905 1892 975 1918 mala

189 1923 374 1958 aemulatione,
404 1931 486 1961 atque
510 1929 595 1957 livore
616 1931 706 1958 ablata
732 1934 902 1966 substantia.
930 1939 976 1964 sed

186 1966 290 1995 Christi
319 1969 377 2005 lege
399 1977 509 2007 erogata
531 1974 557 2001 in
579 1982 713 2010 pauperes
733 1980 807 2006 omni
834 1980 975 2016 iacultatc;

187 2019 239 2040 nec
256 2014 350 2042 decem
367 2016 501 2045 duntaxat
521 2019 664 2047 c0nfertim
675 2042 683 2053 ,
710 2030 820 2058 unoque
837 2014 976 2055 momento

190 2059 359 2092 corporalem
378 2060 525 2089 liberorum
542 2071 686 2098 perpessus
704 2066 854 2101 interitum,
869 2070 916 2097 sed
933 2071 975 2098 in-

187 2104 398 2132 numerabilium
426 2107 511 2134 animi
544 2109 631 2136 labem
651 2110 854 2142 tabescentibus
880 2116 974 2144 dolore

188 2147 340 2176 visceribus
354 2151 493 2179 sustinens
509 2153 578 2188 ejus,
591 2155 636 2188 qui
652 2163 817 2191 expetierat,
838 2160 876 2186 ira
892 2162 974 2188 ("mdi-

185 2195 249 2224 tur;
264 2200 314 2220 nec
339 2202 404 2221 vero
428 2196 516 2223 solum
542 2206 667 2233 c0rpore,
684 2202 750 2236 quin
774 2204 864 2236 potius
880 2207 970 2232 medio

186 2236 247 2271 ipso
267 2244 385 2273 pertore,
412 2245 493 2276 atque
519 2245 611 2272 animo
628 2246 736 2274 duriore
750 2248 826 2284 plaga
844 2249 969 2279 adicitur.

1058 2250 1129 2284 Ergo
1145 2246 1249 2278 civitati
1273 2252 1393 2286 quidem,
1410 2252 1492 2287 inque
1511 2261 1542 2280 ea
1560 2255 1713 2288 agentibus,
1729 2260 1812 2289 atque

187 2280 321 2310 Tcntator
334 2285 407 2312 enim
431 2287 506 2314 Velut
523 2290 615 2322 armis,
636 2296 716 2326 atque
734 2280 842 2327 jacuiis,
858 2297 971 2331 nequis-
1020 2295 1137 2328 civibus,
1162 2305 1223 2331 quae
1240 2298 1265 2324 in
1283 2297 1414 2332 Gregorio
1431 2304 1490 2326 erat
1515 2299 1577 2326 trini
1605 2300 1672 2328 solis
1686 2302 1810 2328 exoritur

184 2328 316 2356 simorum
343 2332 490 2366 dentibus,
508 2335 673 2371 linguisque,
691 2339 764 2366 velut
788 2342 877 2369 acutis
904 2351 970 2371 usus
1019 2340 1081 2374 lllx;
1111 2343 1259 2376 DI‘OVinCiiB
1285 2349 1386 2376 autem.
1419 2352 1451 2371 ac
1467 2353 1528 2379 (111εέ
1543 2351 1618 2372 ωίιτει
1636 2351 1711 2380 ευηι,
1732 2348 1806 2375 “""S

183 2374 292 2407 gladiis,
310 2376 499 2406 lmrelicorum
518 2381 645 2415 loquendi
662 2384 782 2418 licentia,
800 2392 882 2421 atque
903 2397 968 2423 pr"-
1018 2387 1204 2413 destituuntur
1219 2387 1330 2415 luminis
1350 2390 1494 2416 claritate?
1508 2395 1554 2417 aut
1571 2391 1668 2418 vicinis
1684 2392 1808 2426 quidem.

183 2419 238 2445 ritu
252 2421 381 2449 continue
393 2427 521 2458 tanquam
536 2428 725 2460 mucronibus,
742 2429 817 2464 ierit;
837 2419 968 2467 percutit-
1019 2439 1070 2458 llec
1093 2432 1201 2467 longius
1225 2434 1329 2461 diSSiliS
1359 2435 1501 2470 theologi-"t3
1515 2436 1760 2471 splendorinucel!
1776 2439 1809 2465 ad

182 2466 971 2513 qnebiasphemiisanimum;atqueeorumopera,quisi-
1023 2485 1071 2504 eos
1095 2483 1185 2505 autem
1209 2479 1256 2514 qui
1283 2481 1377 2515 procul
1404 2482 1502 2508 remoti
1518 2486 1592 2514 Sllnl.
1621 2491 1654 2511 ac
1687 2489 1811 2511 extrema

183 2511 511 2544 mulatatide,amiciliam
522 2518 768 2554 profitebanturﬁn
780 2511 968 2554 quibusetiam
1024 2526 1103 2550 terra!
1133 2529 1280 2558 occupant,
1307 2533 1465 2552 sermonum
1492 2526 1579 2560 gratia
1605 2534 1660 2554 non
1681 2527 1812 2562 attingit?

182 2555 235 2583 fuit
247 2556 382 2587 Maximus
395 2560 530 2596 Cynicus;
548 2564 627 2598 cujus
642 2573 692 2600 pro
707 2566 808 2601 Cynica
821 2568 910 2597 indole
924 2578 970 2597 su-
1025 2575 1070 2596 aut
1084 2570 1208 2603 pervenit
1226 2570 1334 2605 quidem
1347 2572 1428 2598 etiam
1441 2572 1474 2598 ad
1488 2572 1558 2604 illos,
1572 2573 1688 2601 obscure
1700 2574 1810 2601 tamen?

182 2603 339 2637 percilium,
354 2613 516 2643 morumque
529 2609 732 2644 impudentiam,
743 2621 774 2641 ac
787 2615 909 2647 insidias,
927 2625 972 2644 ve-

1030 2620 1069 2641 llll
1083 2615 1154 2642 clare
1166 2603 1286 2650 quidem,
1306 2620 1334 2643 at
1349 2625 1401 2644 non
1419 2616 1542 2651 ﬁrmiter,
1560 2623 1588 2646 et
1609 2623 1636 2646 ut
1653 2627 1753 2653 pereun
1762 2624 1785 2645 et
1797 2619 1809 2643 ?

182 2648 223 2675 lut
232 2651 339 2678 cunctis
354 2658 444 2686 notas,
460 2654 606 2690 dimittam)
621 2658 710 2690 omni,
726 2664 754 2686 ut
776 2660 858 2687 verbo
870 2662 968 2695 dicam,

1030 2648 1259 2695 Haudquaquam;
1275 2663 1321 2689 sed
1333 2667 1430 2690 cuncta
1446 2663 1527 2690 simul
1536 2648 1808 2698 'purgat,-i|luminat.

182 2695 320 2727 machina,
335 2705 366 2725 ac
381 2704 441 2726 arte
468 2703 620 2733 commode,
640 2703 812 2733 incommode
842 2707 962 2739 admota,
1023 2706 1139 2740 perficit.
1170 2705 1272 2740 Purgat
1290 2707 1400 2741 quidem
1426 2708 1536 2736 haeresis
1560 2709 1677 2742 piaculo,
1691 2715 1738 2734 €05
1760 2707 1806 2741 (ἰυί

182 2746 236 2772 qua
251 2739 296 2767 illc
310 2741 440 2776 fulgebat,
453 2745 593 2773 veritatem
603 2748 774 2783 redarguere,
786 2750 890 2785 sibique
905 2759 964 2778 eam
1021 2739 1175 2786 ignorantia
1202 2753 1267 2780 olim
1295 2754 1474 2787 tenebantur;
1501 2754 1607 2781 eximixe
1637 2761 1668 2780 ac
1689 2753 1809 2781 caelestis

183 2783 324 2812 vindicare
347 2791 433 2814 tenlat
445 2790 562 2817 actionis
583 2793 794 2827 necessitudine,
812 2803 844 2822 ac
866 2804 915 2830 pro
930 2797 967 2824 si-
1023 2798 1227 2832 prrcdieationis
1239 2799 1338 2827 divinis
1351 2800 1534 2831 sermonibus,
1551 2799 1704 2832 illuminat;
1722 2807 1807 2833 augu-

1073 954 1142 982 llinc
1156 954 1287 989 Trinitas,
1299 957 1371 984 haud
1382 965 1461 986 secus
1474 966 1506 986 ac
1515 959 1619 994 lampas
1633 961 1705 988 trino
1716 962 1822 998 fulgens

1035 999 1149 1032 lumine,
1169 1001 1267 1029 exituie
1281 1002 1307 1029 in
1318 1010 1351 1029 eo
1366 1010 1491 1035 accensa,
1506 1012 1560 1031 non
1574 1005 1628 1037 jam
1644 1006 1743 1034 silentii
1765 1016 1822 1035 tuo-

1035 1045 1080 1071 dio
1097 1046 1182 1079 premi
1203 1047 1356 1075 sustinebat
1373 1057 1380 1076 :
1396 1057 1449 1075 non
1459 1049 1515 1083 jam
1530 1050 1563 1076 ad
1577 1058 1624 1078 eos
1655 1052 1820 1087 indulgentia

1035 1091 1164 1118 utendum
1179 1093 1373 1126 arbitrabatur,
1389 1102 1504 1129 quorum
1521 1096 1681 1124 imbecillior
1694 1099 1821 1126 eratani-

1034 1144 1112 1169 mus;
1125 1137 1172 1164 sed
1185 1137 1256 1165 sicut
1272 1139 1459 1167 lucidissimus
1471 1140 1523 1168 iste
1538 1142 1590 1173 sol,
1605 1142 1661 1177 jam
1680 1149 1760 1172 terrae
1773 1152 1820 1172 so-

1033 1181 1107 1209 lutus
1122 1182 1194 1214 sinu,
1214 1182 1296 1218 inque
1310 1185 1477 1214 horizontem
1501 1191 1572 1215 terra
1585 1189 1754 1224 superiorem
1770 1192 1820 1218 mi-

1031 1227 1158 1255 cantibus
1176 1228 1259 1256 radiis
1272 1230 1403 1264 tantisper
1416 1232 1593 1265 prominens:
1609 1234 1740 1262 hactenus
1756 1237 1820 1270 qui-

1030 1272 1091 1300 dem
1109 1282 1230 1302 summos
1246 1276 1378 1303 montium
1395 1278 1508 1305 vertices
1533 1286 1641 1306 sensum
1672 1281 1731 1308 luce
1755 1290 1819 1316 per-

1031 1318 1159 1352 fundens,
1180 1321 1264 1348 densa
1282 1323 1455 1350 tenebrarum
1471 1324 1504 1351 ad
1528 1328 1607 1352 terra:
1621 1333 1687 1353 cara
1706 1331 1819 1355 contru-

1029 1364 1088 1392 dit:
1118 1365 1305 1401 paulatimque
1330 1375 1507 1402 promoveus,
1537 1371 1650 1399 omnino
1672 1372 1818 1407 caliginem

1028 1409 1144 1444 dissipat
1153 1415 1235 1445 atque
1247 1412 1366 1446 dispellit
1382 1434 1385 1437 .
1405 1413 1619 1449 universumque
1627 1416 1720 1443 orbem
1739 1421 1819 1446 terra:

1028 1455 1123 1482 mundi
1139 1457 1278 1484 communi
1294 1457 1355 1485 luce
1381 1458 1499 1486 ubertim
1525 1459 1661 1494 impartit;
1679 1462 1731 1489 nisi
1751 1463 1817 1497 quid

1027 1508 1059 1527 ex
1074 1509 1168 1528 eorum
1195 1510 1294 1536 genere
1310 1509 1361 1537 εει,
1391 1512 1452 1539 quae
1483 1511 1561 1532 IiOClll
1590 1512 1750 1541 pascuntur,
1768 1517 1818 1536 nec

1029 1547 1095 1574 solis
1109 1548 1200 1575 radios
1212 1547 1282 1576 ferre
1301 1555 1435 1584 possunt;
1450 1551 1491 1578 sic
1501 1551 1630 1579 nimirum
1647 1559 1819 1589 comparata,

1031 1597 1060 1619 ut
1075 1592 1143 1630 Iuris
1155 1594 1313 1622 exeellrntiu
1327 1603 1420 1622 eorum
1431 1604 1483 1625 non
1496 1602 1549 1624 tam
1566 1599 1716 1626 illustretnr
1728 1601 1816 1634 visus,

1031 1645 1112 1672 quam
1129 1638 1285 1672 deteratur;
1304 1646 1351 1667 aut
1362 1646 1474 1676 propter
1482 1647 1589 1670 meatus
1601 1643 1749 1671 inferendae
1761 1646 1819 1673 luci

1031 1691 1085 1710 non
1108 1684 1234 1718 idoneos,
1261 1693 1311 1713 nec
1337 1687 1403 1714 satis
1421 1688 1570 1722 explicatos
1593 1694 1621 1717 ut
1642 1690 1820 1725 splendorem

1030 1729 1176 1763 recipiant;
1210 1731 1366 1765 cujusmodi
1392 1733 1475 1761 lustra
1507 1734 1590 1767 subit,
1619 1744 1651 1763 ac
1677 1741 1815 1771 petrarum

1030 1781 1137 1808 specus.
1154 1775 1199 1802 Sic
1213 1783 1322 1811 quoque
1335 1776 1500 1816 Gregorius;
1521 1780 1587 1814 quin
1603 1781 1692 1814 potius
1707 1790 1767 1816 qua:
1786 1784 1814 1809 iu

1029 1820 1076 1847 illo
1089 1820 1162 1847 velut
1174 1821 1238 1848 orbe
1254 1821 1321 1848 solis
1342 1813 1591 1858 rutiloquiescebat
1603 1813 1737 1858 Trinitas,
1755 1828 1811 1860 pri-

1030 1872 1103 1891 mum
1118 1870 1208 1892 tuente
1224 1866 1399 1896 sublimiores
1412 1868 1562 1902 illustratus,
1580 1875 1693 1906 tumque
1704 1880 1817 1900 munem-

1029 1910 1152 1937 auimum
1168 1910 1228 1938 lucc
1240 1911 1353 1946 dignum
1374 1914 1486 1941 amabili
1500 1915 1614 1943 scientia
1638 1916 1756 1951 replens,
1773 1917 1816 1945 fe-

1030 1955 1119 1981 rinum
1132 1964 1211 1983 omne
1226 1962 1329 1991 pectus,
1347 1966 1513 1994 sensumque
1526 1960 1639 1988 amictus
1665 1969 1679 1988 a
1709 1964 1819 1989 ratione:

1028 2000 1109 2027 alieni
1139 2002 1285 2029 alumnum.
1314 2008 1392 2031 terrae
1418 2005 1518 2033 abditis
1544 2007 1691 2034 obscurum
1715 2009 1813 2035 tradit:

1027 2053 1125 2081 nempe
1142 2054 1194 2074 non
1207 2046 1336 2076 ferentem
1353 2050 1436 2077 divini
1468 2051 1534 2078 radii
1560 2052 1709 2086 spiritalem
1751 2054 1813 2081 illit-

1027 2092 1204 2126 strationem;
1222 2097 1304 2128 atque
1315 2094 1374 2122 ideo
1386 2095 1507 2124 divinam
1522 2097 1693 2131 repellentem
1714 2098 1811 2130 lucem,

1027 2138 1100 2172 quod
1117 2138 1158 2165 vel
1172 2139 1244 2166 malo
1258 2145 1364 2167 natura
1383 2141 1473 2175 genio,
1499 2142 1541 2169 vel
1558 2143 1643 2169 animi
1667 2145 1811 2177 pravitate,

1026 2184 1215 2212 excellentiam
1230 2180 1365 2214 bonitatis'
1374 2188 1512 2221 suscipere
1525 2195 1579 2216 non
1591 2189 1686 2223 possit.

1822 1225 1843 1245 ο

211 2874 221 2889 ⁴
233 2874 313 2902 Prov.
328 2884 344 2908 ι,
359 2877 403 2904 ΞΟ.
450 2880 459 2894 ⁸
475 2879 525 2906 Job
542 2889 589 2913 xli,
607 2887 670 2915 l‘.l(‘.,
684 2883 728 2910 4‘2.
785 2885 794 2899 ⁸
811 2884 876 2912 Luc.
896 2893 950 2914 xw.
968 2886 1009 2913 l7.
