2089 3151
261 192 313 224 471

854 191 1000 223 ΝΙΕΕΤᾸΞ
1020 194 1242 224 PAPHIAGON
1246 194 1282 224 IS

1835 189 1889 220 472

261 249 392 277 stissimis
406 250 587 278 divinissima:
596 255 700 278 naturae
711 250 834 285 ejusdem
844 250 1046 285 conjunctionis
1062 254 1083 281 Α
1098 251 1221 282 edoctus,
1252 251 1306 277 veri
1324 257 1433 284 quoque
1455 247 1623 275 tabernaculi
1648 247 1760 282 ﬁguram
1776 254 1808 273 ex
1827 255 1889 274 um-

262 296 347 322 radiis
362 296 524 328 concilians,
542 297 660 331 perlicit.

296 341 355 369 Non
372 343 494 370 merlatet
514 350 547 370 eo
561 342 672 377 provehi
686 343 838 371 orationem
852 365 859 376 ,
877 348 916 377 ut,
933 351 984 379 qua
998 351 1048 370 ex-

260 388 348 415 currit
376 388 541 423 prolixitate,
561 388 616 423 jam
646 396 754 416 nausea:
779 391 840 422 ﬁat;
870 390 1048 424 quamobrem

260 434 364 469 duplici
384 435 525 462 distrahor
536 435 646 468 affectu,
666 436 786 471 hincque
806 436 869 464 inde
894 436 991 463 studiis
1007 443 1050 463 se-

261 487 319 507 ror.
337 480 405 507 Nam
418 485 507 508 metus
520 481 629 515 quidem
648 489 680 508 ne
694 482 831 517 plerisque
847 483 999 514 molestior,
1017 489 1049 509 ac

259 525 352 553 decori
373 526 475 553 inscius
491 526 593 558 videar,
613 527 749 554 sermonis
765 528 830 555 mibi
860 528 990 562 impetum
1009 528 1050 554 in—

262 571 347 599 bibet.
363 571 397 599 At
413 573 479 607 quid
492 573 599 608 patior?
613 574 715 608 quippe
737 574 819 601 etiam
845 574 914 601 alias
927 581 988 600 eum
1008 581 1051 600 re-

261 619 370 646 mittere
387 626 442 646 non
460 619 537 651 sinit,
565 621 612 654 qui
631 620 702 654 cogit
722 627 810 652 amor,
836 620 946 653 vimque
963 619 1026 647 facit
1044 629 1050 646 :

262 669 404 700 totumque
417 665 527 700 penitus
543 672 712 700 expugnans,
728 665 779 692 sibi
802 665 890 700 palam
910 665 1050 693 addicens.

261 712 287 739 ls
302 719 419 746 namque
431 711 560 746 'l‘beologi
572 716 627 738 tum
638 719 796 739 sermonum
811 711 1052 747 magniﬁcentiam,

262 763 320 784 tum
337 756 457 784 divinam
475 764 584 784 morum
606 757 791 791 praestantiam
816 755 939 791 longiore
955 756 1052 783 verbo-

262 812 323 831 rum
341 804 446 831 ambitu
464 803 684 838 exspatiantibus
712 803 965 838 comparationibus
995 802 1052 829 cla-

261 851 321 878 rius
337 850 430 877 animo
444 857 604 885 suggerens,
620 853 648 877 ut
665 849 748 882 iocis
763 853 853 877 mente
869 849 1009 881 immorer,
1023 855 1054 875 ac

264 897 343 931 plura
361 897 468 931 loquar,
488 896 600 923 evincit.

300 943 363 971 Esto
389 943 482 978 igitur,
498 943 580 970 etiam
597 950 658 969 cum
688 942 763 970 Mose
789 949 839 977 pro
865 941 937 969 virili
961 946 1053 968 nostra

265 997 394 1024 magnum
426 989 588 1023 Gregorium
606 988 751 1023 diligenter
770 992 972 1022 comparantes,
990 987 1055 1014 hinc

265 1043 375 1071 quoque
388 1035 520 1063 antistitis
536 1035 667 1070 praeclare
688 1039 826 1068 gestorum
847 1034 1055 1069 amplitudinem

265 1083 481 1110 consideremus.
501 1082 586 1115 ltlose,
604 1082 727 1117 inquam,
744 1081 802 1114 illo,
823 1081 869 1116 qui
884 1085 978 1108 sancta
996 1079 1056 1114 qui-

266 1129 328 1155 dem
345 1128 494 1155 Abrahami
510 1128 602 1155 radice
614 1135 724 1164 germen
738 1127 897 1163 progenitus
909 1127 955 1159 sit,
966 1131 1057 1154 metu-

267 1182 320 1208 que
339 1173 493 1202 Pharaonis
514 1174 605 1201 infans
621 1175 647 1201 in
662 1173 745 1201 ﬁuvio
761 1173 920 1208 expositus;
942 1181 974 1200 ac
988 1172 1058 1199 Pha-

268 1221 360 1248 raonis
377 1220 438 1248 filiae
462 1221 538 1248 visus
553 1221 675 1256 elegans,
693 1220 718 1246 in
738 1220 822 1247 lilium
839 1220 928 1255 palam
946 1220 1059 1255 adopta-

269 1272 313 1294 tus
339 1266 447 1294 fuerit:
471 1267 573 1301 quique
598 1267 666 1293 adeo
700 1267 750 1293 bac
775 1273 806 1293 ex
834 1274 918 1294 causa
949 1273 1057 1293 omnem

270 1312 460 1349 [Egyptiorum
491 1313 634 1340 scientiam
660 1313 800 1345 doceatur,
829 1320 879 1339 nec
899 1316 989 1339 tamen
1012 1319 1060 1339 co-

269 1364 414 1394 gnatorum
431 1359 597 1386 dedoceatur
610 1359 713 1386 amoris
727 1366 741 1385 a
760 1363 858 1385 natura
871 1356 1058 1390 vim.'ldcirco,

269 1408 341 1440 quod
358 1405 541 1433 educanlibus
568 1405 641 1432 baud
658 1405 725 1432 satis
740 1412 846 1439 aequus,
864 1411 954 1438 exque
968 1403 1060 1430 animo

269 1451 395 1482 aﬂcctus,
409 1451 597 1486 deprehensus
615 1455 698 1483 esset,
713 1458 743 1478 se
755 1450 818 1486 fuga
836 1450 999 1485 proripiens,
1019 1453 1060 1476 at-

270 1505 324 1532 que
346 1497 380 1524 ad
405 1495 512 1524 Madian
538 1501 659 1524 montem
680 1496 828 1527 transiens,
854 1495 964 1530 illicque
982 1495 1060 1521 uxori

270 1543 401 1579 legitimis
415 1543 559 1577 copulatus
572 1537 688 1577 nuptiis,
698 1542 832 1576 pecudum
844 1545 937 1576 pastor
949 1541 1061 1568 ell‘ectos

272 1587 323 1620 sit;
339 1594 424 1622 seque
439 1594 532 1614 rerum
549 1586 773 1621 contemplationi
792 1585 963 1620 impendens,
975 1593 1062 1619 quau-

273 1639 330 1660 tum
355 1633 461 1660 homini
479 1633 571 1660 videre
585 1640 749 1660 concessum
775 1636 829 1664 est,
851 1632 878 1658 in
895 1631 964 1658 rubo
977 1631 1062 1658 Dcum

272 1687 284 1704 κ
291 1678 382 1706 iderit.

309 1721 334 1749 Is
347 1729 444 1749 rursus
464 1721 491 1748 in
510 1721 657 1756 [Egyptum
679 1728 741 1748 cum
759 1720 899 1754 signorum
917 1719 1065 1746 virtutibus

275 1767 386 1799 missus,
404 1766 615 1802 {Egyptiacique
636 1767 720 1794 animi
749 1766 878 1793 duritiem
893 1773 1062 1800 expugnans,

276 1813 422 1848 multiplici
435 1820 549 1848 prorsus
565 1820 613 1840 eos
631 1813 742 1840 verbere
770 1820 802 1839 ac
818 1813 893 1846 plaga
907 1812 1010 1846 allligit,
1022 1811 1064 1838 iu-

275 1868 330 1894 que
360 1859 473 1887 brachio
501 1859 609 1887 excelso
639 1859 767 1894 populum
792 1866 871 1886 suum
900 1858 1067 1885 liberat:ac

276 1906 385 1941 quidem
404 1907 438 1934 ab
452 1905 612 1941 .‘Egyptiaca
629 1905 788 1933 morositate
805 1905 958 1937 redimens;
982 1903 1067 1939 ignis-

277 1961 331 1988 que
348 1953 487 1985 columna,
504 1961 537 1980 ae
567 1952 647 1980 nubis
660 1953 773 1984 ducens,
789 1959 883 1978 eorum
915 1951 941 1977 in
968 1956 1067 1978 terram

278 2000 441 2034 promissam
459 1999 598 2026 ductorem
615 1998 681 2034 agit.
697 1998 778 2030 Tum,
799 2005 874 2024 mare
892 1997 1014 2024 Rubrum
1026 1997 1069 2023 di-

279 2047 379 2077 visum,
396 2046 478 2073 siccis
498 2045 538 2073 eis
554 2045 675 2079 vestigiis
692 2045 743 2071 iter
759 2043 925 2079 explicavit:
942 2043 1070 2077 idemque

279 2100 378 2120 rursus
400 2092 427 2119 in
453 2091 573 2126 seipsum
591 2089 748 2122 confusum,
765 2088 988 2123 persecutoribus
1005 2088 1071 2114 inte-

280 2139 350 2166 ritus
364 2138 459 2170 simul,
474 2145 506 2165 ac
517 2137 672 2172 sepulcrum
691 2135 753 2162 fuit.
769 2135 840 2162 Hinc
856 2142 938 2168 rupes
951 2135 1070 2168 dirupta,

280 2186 392 2212 ﬁumina
424 2184 580 2219 profundit;
613 2177 774 2217 lignumque
813 2189 946 2216 aquarum
992 2184 1072 2208 sanat

281 2231 491 2258 amaritudinem
512 2239 519 2256 :
541 2238 573 2256 ac
588 2230 699 2264 quidem
720 2229 924 2256 ﬁrmamentum
950 2227 1072 2254 aviculas

1100 296 1207 324 bratilis
1224 297 1310 324 forma
1327 296 1363 323 ibi
1386 295 1578 323 contuebatur.
1609 293 1665 321 lllie
1693 292 1889 320 candelabrum

1099 348 1126 371 et
1151 351 1290 376 mensam;
1319 342 1374 370 illic
1396 349 1458 369 aras
1498 345 1525 368 et
1544 347 1649 372 arcam,
1670 339 1778 373 aliaque
1807 338 1891 366 coele-

1099 390 1182 417 stium
1202 389 1380 416 similitudine
1393 393 1544 422 assumpta,
1563 387 1656 420 ﬁgurae
1671 386 1776 413 ratione
1789 386 1831 413 vir
1842 385 1889 412 Del

1101 440 1248 469 conspectu
1272 443 1338 462 usus
1367 435 1440 462 serio
1465 433 1712 466 contemplabatur.
1735 431 1799 458 Hac
1826 438 1891 458 vero

1103 481 1249 509 tribulibus
1265 481 1386 514 tradens,
1399 487 1432 507 ac
1451 479 1634 507 sacerdotium
1651 478 1761 512 quidem
1776 477 1890 509 Aaroui,

1102 536 1231 563 germano
1245 534 1371 562 corpore,
1383 533 1513 560 germano
1529 524 1626 559 spiritu
1645 523 1790 558 praebens;
1812 521 1891 549 ducis

1101 579 1191 601 autem
1211 573 1399 608 praefecturam
1416 570 1482 598 Jesu
1499 570 1600 597 famulo
1617 567 1892 601 concredens,omni-

1104 627 1157 654 que
1172 626 1285 654 operum
1306 618 1392 653 ipsius
1407 617 1561 644 ministerio
1574 623 1607 642 ex
1624 615 1730 642 consilii
1747 613 1832 642 divini
1847 620 1892 639 ra—

1102 665 1223 693 tionibus
1235 664 1352 698 expleto,
1368 663 1407 691 sic
1421 662 1505 689 vitam
1519 661 1666 693 caducam,
1682 659 1821 694 mortique
1842 658 1894 686 ob-

1104 712 1213 739 noxiam
1229 711 1350 744 deponit.

1139 758 1184 784 Sic
1197 757 1306 792 quidem
1325 755 1429 787 Moses;
1443 755 1522 790 isque
1549 755 1590 790 (ut
1605 752 1701 788 paucis
1717 751 1893 786 complectar)

1104 803 1163 839 ejus
1191 803 1306 831 instituti
1347 803 1463 837 vitasque
1484 801 1597 828 rationis
1617 799 1715 826 modus
1732 797 1795 824 fuit.
1821 795 1893 829 Quid

1105 857 1169 877 vero
1182 848 1346 884 Gregorius?
1364 847 1460 875 Nonne
1473 853 1612 875 sacrorum
1629 849 1783 880 parentum,
1801 849 1895 870 sacra-

1106 895 1211 923 tissima
1242 895 1331 930 proles
1352 893 1456 921 eluxit?
1480 891 1576 919 Nonne
1601 891 1624 918 is
1653 897 1764 925 quoque
1795 887 1896 915 saeculo

1107 947 1236 976 tauquam
1254 940 1337 967 fluvio
1351 939 1503 975 expositus,
1521 938 1640 973 Spiritus
1663 937 1771 971 quidem
1798 935 1891 969 signa—

1108 988 1171 1015 culo
1191 987 1292 1014 ﬁscella
1303 985 1489 1014 communitus
1505 984 1564 1012 est'
1578 992 1585 1010 :
1604 982 1727 1011 saeculari
1747 985 1837 1008 autem
1853 987 1897 1007 sa-

1108 1034 1216 1069 pientiae
1239 1033 1363 1066 elegans,
1379 1032 1528 1066 dexterque
1546 1029 1637 1058 indole
1657 1028 1743 1058 visus,
1763 1032 1845 1061 atque
1868 1026 1897 1053 in

1108 1080 1193 1107 ﬁlium
1207 1079 1231 1106 ei
1248 1079 1404 1112 adoptatus,
1426 1078 1452 1104 in
1470 1085 1501 1104 ea
1516 1076 1649 1108 eruditur,
1664 1079 1748 1108 atque
1762 1079 1898 1107 pra-para-

1109 1126 1172 1153 tur?
1186 1125 1255 1152 Num
1280 1125 1354 1152 illius
1371 1131 1482 1152 sensum
1507 1122 1637 1163 humilem
1681 1128 1712 1147 ac
1728 1118 1898 1154 superstitio-

1110 1181 1172 1200 nem
1202 1171 1391 1199 lubentissime
1408 1170 1525 1205 fugiens,
1554 1167 1709 1196 sublimiori
1730 1164 1900 1199 contempla-

1110 1219 1194 1250 tione,
1222 1224 1255 1244 ac
1279 1217 1365 1251 magis
1378 1224 1393 1244 e
1412 1216 1511 1250 pietate
1537 1221 1606 1242 usus
1630 1217 1672 1240 est
1686 1211 1718 1238 ad
1735 1209 1899 1245 sapientiam

1110 1264 1213 1292 mundo
1229 1263 1398 1298 superiorem
1409 1263 1422 1289 ’ἶ

1146 1310 1203 1338 Νοιι
1221 1309 1403 1344 conunigrans
1429 1307 1503 1334 velut
1530 1305 1619 1334 Moses
1646 1303 1680 1331 ad
1707 1305 1826 1330 montem
1842 1299 1900 1326 Ma-

1111 1355 1202 1388 dian”,
1229 1354 1275 1382 sed
1302 1361 1388 1381 sacrae
1406 1352 1490 1379 animi
1513 1347 1730 1384 tranquillitatis,
1751 1354 1783 1373 ac
1799 1346 1902 1379 imper-

1112 1401 1277 1430 turbationis
1292 1400 1420 1427 verticem
1438 1397 1645 1428 conscendens;
1674 1401 1723 1421 nec
1748 1392 1820 1420 sicut
1846 1391 1902 1422 ille,

1113 1447 1254 1476 mortalem
1267 1445 1318 1473 sibi
1333 1444 1477 1479 conjugem
1491 1448 1645 1473 assumens,
1657 1439 1704 1466 sed
1720 1436 1847 1473 perfectae
1858 1443 1902 1462 sa-

1113 1493 1221 1529 pientiae
1236 1498 1330 1518 amore
1353 1490 1492 1519 incensus,
1507 1487 1620 1522 ejusque
1633 1485 1782 1520 gratiarum
1799 1489 1902 1510 corona

1113 1539 1212 1567 eximie
1226 1542 1358 1568 ornatus;
1374 1543 1425 1563 nec
1443 1534 1577 1570 pecudum
1601 1532 1715 1559 rationis
1739 1530 1904 1564 expertium,

1075 1599 1097 1629 Ο
1115 1586 1161 1614 sed
1179 1585 1285 1612 ratione
1302 1590 1365 1610 vere
1381 1581 1515 1609 utentium
1531 1578 1744 1614 probatissimus
1757 1579 1850 1611 pastor
1864 1574 1906 1601 ef-

1116 1632 1214 1662 fectus,
1231 1630 1254 1657 si
1269 1629 1331 1664 quis
1351 1628 1420 1654 alius
1433 1626 1590 1654 mortalium
1610 1623 1776 1651 lnvisibilem
1790 1620 1883 1648 videt9
1896 1628 1905 1652 ;

1115 1685 1147 1705 ac
1163 1676 1281 1704 revelata
1308 1674 1377 1702 facie
1394 1672 1594 1706 contemplatus
1619 1668 1724 1696 Domini
1739 1667 1905 1697 claritatem,

1117 1729 1174 1751 tum
1195 1720 1422 1754 contemplatione
1434 1709 1466 1751 ίθ,
1476 1722 1533 1745 tum
1550 1715 1670 1751 potentia
1684 1714 1907 1749 repletur,atque

1116 1771 1144 1797 in
1159 1770 1238 1795 istam
1253 1766 1369 1794 mittitur
1384 1764 1540 1799 Aigyptum.
1566 1762 1680 1789 Mittitur
1695 1767 1758 1787 vero
1773 1762 1803 1786 ut
1819 1765 1906 1792 popu-

1117 1817 1173 1844 lum
1196 1814 1311 1840 Domino
1339 1811 1501 1847 peculiarem
1517 1809 1688 1844 acquireret;
1718 1810 1800 1840 atque
1818 1812 1832 1831 a
1846 1803 1909 1830 cali:

1118 1863 1213 1897 ginosa
1237 1858 1427 1886 haereticorum
1449 1854 1603 1892 ignorantia
1623 1853 1765 1883 liberatos,
1789 1849 1823 1876 ad
1837 1849 1907 1876 luci-

1118 1909 1180 1934 dam
1201 1906 1228 1933 in
1247 1905 1298 1932 ﬁde
1313 1902 1460 1930 viventium
1482 1899 1604 1927 veritatis
1620 1897 1804 1926 luereditatem
1822 1899 1908 1922 trans-

1121 1954 1211 1980 ferret.

1158 2000 1239 2035 Virga
1256 1997 1368 2034 quidem
1382 2004 1396 2023 a
1415 1995 1469 2022 Deo
1480 1993 1592 2022 minime
1606 1993 1633 2019 in
1651 1998 1749 2019 manus
1762 1988 1859 2017 tradila
1873 1986 1909 2020 ";

1120 2048 1185 2082 quin
1210 2033 1275 2081 ipse
1300 2044 1389 2079 potius
1408 2042 1483 2077 virga
1509 2041 1618 2067 virtutis
1636 2037 1751 2065 cllicitur
1778 2033 1910 2061 divinitus

1122 2094 1216 2120 missa.
1234 2090 1316 2125 Virga
1339 2088 1447 2123 utique,
1468 2093 1522 2113 non
1539 2092 1600 2119 qua:
1619 2084 1646 2110 in
1665 2082 1836 2110 seductorem
1855 2084 1910 2104 seu

1122 2145 1229 2175 peutem
1247 2123 1456 2164 transformctur
1469 2133 1502 2164 ",
1521 2132 1567 2158 sed
1582 2138 1642 2164 quae
1657 2129 1682 2155 in
1703 2128 1819 2154 formam
1838 2123 1913 2151 Cbri-

1123 2174 1196 2213 slum
1209 2182 1383 2212 referentem,
1404 2186 1436 2205 ac
1449 2181 1566 2204 mentem
1588 2175 1745 2200 ilntnnletur
1758 2179 1765 2196 :
1785 2178 1837 2196 non
1851 2174 1913 2202 quae

1124 2235 1222 2265 aquam
1241 2225 1387 2262 potabilem
1402 2224 1429 2250 in
1445 2221 1604 2255 sanguinem
1618 2217 1692 2253 potui
1712 2215 1834 2243 inutilem
1851 2221 1914 2240 ver-

283 2278 350 2312 pluit
372 2277 454 2305 sicut
470 2263 609 2311 pulverem
623 2284 630 2308 ;
645 2275 715 2303 cutio
731 2282 826 2302 verum
845 2282 953 2308 panem,
982 2273 1071 2308 spisso
1088 2268 1109 2296 Ι)
1125 2263 1206 2306 ut”,
1229 2273 1274 2301 sed
1307 2279 1369 2306 qua:
1388 2267 1498 2304 potabili
1522 2266 1657 2294 doctrina.
1685 2263 1786 2290 salsam
1817 2267 1913 2287 eorum

283 2324 379 2356 imbre,
391 2323 512 2351 demittit
527 2331 534 2348 :
551 2327 634 2357 atque
658 2325 777 2349 extenszu
798 2329 906 2352 manus,
928 2320 1073 2347 innumera

284 2368 378 2399 fugant
395 2368 514 2396 hostium
535 2367 636 2400 millia;
653 2366 838 2401 Deiquejusta
862 2366 1007 2397 sententia,
1024 2373 1072 2399 po-

285 2415 377 2450 pulum
391 2418 608 2441 nmrnmrantem
626 2413 748 2441 vicissim
769 2412 828 2439 neci
843 2411 936 2439 tradit.

319 2460 398 2493 Quod
422 2460 545 2487 omnium
568 2459 731 2491 maximum,
759 2458 965 2492 maximamque
991 2457 1074 2484 habet

285 2507 493 2534 admirationem
505 2526 512 2539 ,
540 2505 664 2534 ascendit
686 2506 712 2532 in
738 2509 859 2532 montem
875 2503 1015 2531 excelsum
1030 2510 1076 2530 so-

285 2555 339 2585 ius,
353 2554 515 2588 dierumque
529 2553 710 2588 quadraginta
726 2551 831 2587 jejunio
853 2558 971 2585 corpore
994 2557 1076 2576 mun-

284 2601 377 2633 datus,
408 2601 500 2627 animo
514 2599 650 2634 expiatus,
666 2598 808 2626 tremenda
831 2597 879 2625 Dei
906 2603 1000 2624 coram
1015 2595 1076 2622 ani-

286 2647 487 2679 madversione,
505 2646 743 2682 prmstantiorique
756 2645 783 2672 in
803 2644 896 2678 specie
910 2643 981 2678 ignis
994 2649 1079 2676 appa—

286 2694 397 2725 rilione,
414 2698 496 2728 atque
511 2693 637 2725 vocibus,
661 2699 693 2719 ac
711 2691 794 2723 tubis,
811 2695 942 2725 tanquam
961 2689 987 2715 in
1003 2695 1078 2723 sym-

287 2741 370 2771 bolis.
381 2741 510 2776 dignatur
523 2749 531 2768 :
550 2739 719 2774 lapideisque
733 2738 834 2764 tabulis
846 2736 995 2771 inscriptas
1007 2736 1080 2769 leges

288 2788 437 2822 accipiens,
470 2791 552 2822 atque
576 2785 668 2813 varios
695 2784 750 2812 illic
781 2783 980 2811 sacriﬁciorum
1013 2782 1082 2809 ritus

326 2892 336 2906 ⁷
350 2891 435 2918 Exod.
455 2900 483 2922 ιι,
497 2891 524 2919 5.

294 2928 315 2943 ’³
336 2927 406 2953 ΡθιιΙ.
420 2935 472 2959 (:Iv,
490 2927 536 2954 ‘29.

563 2891 573 2906 ³
590 2890 656 2923 ibid.
685 2890 728 2918 15.
767 2889 800 2916 ¹³Ι
820 2888 893 2916 Tim.
908 2896 927 2919 ι,
948 2888 990 2915 l7.

577 2928 597 2942 “
613 2925 696 2953 Exod.
715 2934 774 2958 vm,
789 2925 893 2958 ‘1;xvn,
914 2924 959 2950 2|.

1032 2887 1052 2902 ιο
1067 2885 1084 2912 ll
1100 2885 1164 2912 Cor.
1180 2893 1220 2917 ut,
1235 2884 1277 2911 18.

1002 2923 1021 2938 ¹³
1040 2921 1125 2949 l'Zxod.
1145 2929 1170 2950 κ,
1185 2920 1210 2946 Ii.

1123 2323 1271 2355 ab~tcrgat.
1287 2316 1345 2343 Non
1364 2323 1425 2350 qua:
1442 2314 1587 2347 ingruente
1601 2309 1739 2344 rcptiliutn
1754 2307 1843 2342 copia,
1865 2312 1912 2332 ea-

1124 2375 1176 2402 que
1193 2353 1355 2392 edacissima
1370 2359 1543 2388 adversarios
1556 2355 1759 2389 confringet";
1783 2353 1829 2380 sed
1854 2358 1915 2385 qua:

1125 2412 1280 2441 ellicacibus
1305 2409 1428 2443 vivisque
1447 2405 1621 2434 sermonibus
1646 2401 1822 2429 durissimam
1840 2406 1915 2425 meo-

1128 2466 1180 2488 tem
1211 2463 1292 2493 atque
1318 2455 1465 2490 superbam
1492 2452 1564 2480 velut
1592 2450 1700 2485 ﬂagello
1726 2447 1831 2477 ctudat;
1856 2444 1916 2471 aliis

1127 2505 1236 2541 quidem
1254 2503 1354 2530 vulnus
1388 2507 1420 2527 ac
1437 2500 1514 2534 plaga
1544 2502 1664 2526 tumens,
1691 2501 1744 2520 non
1759 2495 1856 2526 suapte
1875 2490 1917 2516 in-

1128 2536 1199 2582 dole,
1218 2548 1264 2576 sed
1278 2548 1387 2575 illortnn
1411 2544 1579 2573 morositate,
1594 2541 1640 2576 qui
1659 2539 1733 2566 omni
1752 2538 1843 2564 ulcere
1874 2536 1916 2562 in-

1128 2595 1280 2625 sanabilius
1305 2592 1407 2620 invidia
1440 2588 1573 2617 vulnerati
1601 2595 1633 2613 ae
1659 2584 1750 2612 foedati
1776 2582 1917 2611 esst-nt”;

1129 2642 1190 2669 aliis
1209 2638 1361 2668 consolatio
1381 2637 1463 2666 bona,
1491 2633 1679 2660 fulcimentum
1709 2636 1741 2655 ac
1765 2628 1862 2662 gratia.
1881 2625 1919 2651 Ae

1130 2687 1240 2723 quidem
1259 2685 1332 2715 aliis,
1352 2684 1438 2709 instar
1454 2679 1609 2716 grandinis,
1636 2676 1762 2709 ignisque
1778 2674 1917 2707 ingruens,

1132 2719 1188 2761 tum
1207 2732 1340 2760 densitate
1355 2734 1525 2757 sermonum,
1539 2730 1598 2751 tum
1610 2723 1764 2750 divinorum
1782 2719 1843 2753 igne
1856 2725 1919 2743 scn-

1131 2787 1235 2809 sorum,
1261 2776 1465 2804 contumacium
1495 2772 1602 2798 animos
1617 2767 1796 2797 consumebat
1810 2765 1845 2795 ¹⁶;
1860 2763 1920 2790 aliis

1336 2882 1355 2897 "
1374 2880 1459 2908 Exod.
1479 2887 1516 2909 IV,
1533 2878 1559 2904 (Ξ.
1618 2876 1638 2890 ¹¹
1653 2872 1738 2900 Exod.
1760 2878 1808 2902 vn,
1828 2870 1858 2896 ιτ)
1873 2868 1919 2895 “30.

1255 2920 1275 2934 ’θ
1293 2917 1378 2944 Exod.
1399 2924 1435 2948 Ix,
1448 2914 1492 2940 ‘23.
