2089 3151
217 199 270 230 4'13

565 198 707 229 ORATIO
725 199 789 229 XX.
805 210 838 216 ·-
859 198 900 228 ΙΝ
920 197 1077 228 LAUDEM
1097 197 1127 226 S.
1145 195 1334 226 GREGORlI
1353 196 1489 226 THEOL.

1791 195 1844 226 474

219 255 291 282 velut
308 262 354 281 ros
371 261 385 280 e
400 253 469 280 cutio
486 253 584 280 leniter
597 253 714 286 stillans,
733 253 860 281 sensibus
878 258 908 280 ut
925 252 1004 280 ﬁore-
1020 255 1042 282 Α
1056 250 1274 286 praestantiorem
1293 258 1374 285 quant
1392 258 1440 284 pro
1457 257 1554 277 scttstts
1570 250 1676 277 ratione
1695 250 1740 277 Dei
1761 250 1845 278 visio-

219 304 290 332 rent,
309 299 455 334 prmstabat
469 307 475 324 :
488 300 570 334 atque
584 299 645 326 aliis
656 299 766 334 quidem
783 299 900 326 tenebrzc
915 299 1006 333 palpa-

218 345 287 374 biles
301 345 442 380 prostabat
452 345 472 360 "
484 354 492 378 ;
506 345 568 372 aliis
591 346 636 372 lux
650 344 749 372 mentis
766 348 872 376 sattcta,
888 351 919 371 ex
934 344 1004 375 luce,

218 401 279 427 quae
293 391 366 418 omni
382 390 469 423 major
481 391 625 418 sanctitate
653 395 704 422 est,
717 390 824 417 abunde
840 389 983 423 cﬁ‘ulgebat
998 398 1005 416 :

217 438 283 472 quitt
300 436 401 471 potius,
416 437 461 470 qui
488 436 535 463 lux
558 435 664 463 cuttctis
679 443 741 463 vcra
760 440 815 462 tum
840 435 927 465 ﬁeret,
950 440 1021 461 tum'

218 488 309 514 esset;
325 482 386 509 aliis
403 481 513 516 quidem
529 481 683 508 illustrandi
701 481 726 507 vi
741 481 859 515 pollebat
872 481 917 515 (iis
933 480 1007 507 scili-

219 532 259 554 cet
271 527 318 561 qui
333 533 389 554 suae
404 526 504 553 mentis
517 526 597 553 oculo
613 526 646 552 ab
659 526 718 559 ejus
734 525 884 560 fulgoribus
897 525 1008 552 minime

219 573 422 607 abhorrerent),
439 572 499 599 aliis
513 572 689 602 obsct'trandi,
717 571 762 606 qtti
781 572 890 606 propria
908 571 1008 598 mctttis

220 619 360 646 debilitate
375 626 466 645 veram
494 618 644 645 claritatem
667 618 774 644 obttteri
802 625 854 643 non
879 621 1007 651 possetut;

220 665 266 700 qui
289 665 376 692 lucem
393 663 513 698 quidem,
539 668 568 690 ut
587 663 725 690 initnicatu
747 661 918 697 refugerent;
936 666 1009 688 tene-

222 711 285 737 bras
299 715 389 736 autem
407 714 536 742 tanquam
557 708 737 735 suavissimas
766 707 817 733 sibi
844 706 1007 740 deligerent.

221 757 259 783 Ac
274 756 391 782 alierum
407 754 517 789 quidem
535 754 632 780 utentis
652 753 789 779 rationum
820 759 853 778 ac
869 751 1008 778 actionum

223 801 371 836 pritnitiva,
391 800 563 835 argumentis
585 798 731 826 confutans
757 796 1009 830 exterminabat";

223 847 338 873 aliorum
354 851 444 873 autem
462 844 692 873 incontaminatas
709 844 735 871 iu
755 843 857 871 Christi
879 842 1011 878 sanguine

223 893 328 919 animas
342 891 530 919 conservabat.

260 938 330 964 ldent
356 938 415 972 ipse
438 937 508 972 ignis
523 937 651 964 columna
690 943 722 963 ac
747 935 830 963 nubis
845 934 1008 966 efﬁcitur";
1027 926 1048 955 Β

175 996 185 1001 ιι
224 984 326 1018 peccati
343 983 487 1018 caliginem
509 982 685 1016 dispescens,
705 981 869 1015 virtutisque
889 980 1010 1007 lahorettt

225 1028 366 1063 refrigerio
381 1033 536 1063 temperans
556 1032 638 1062 atque
653 1028 774 1059 leniens;
789 1027 917 1061 velutque
930 1025 1011 1053 nubis

224 1082 298 1106 rore,
322 1074 452 1101 Paraclcti
480 1074 676 1105 consolatione,
706 1072 856 1108 spiritalem
885 1072 1011 1099 lsraclem

225 1121 328 1153 levans,
344 1125 425 1154 atque
442 1120 474 1146 ad
490 1126 622 1154 supernas
634 1118 791 1145 mansiones
806 1118 968 1150 traducens;
980 1125 1012 1144 ac

226 1173 308 1193 manu
327 1166 437 1200 quidem
453 1165 559 1192 excelsa
573 1165 666 1192 saaculi
681 1172 755 1192 mare
768 1165 805 1192 illi
826 1165 952 1196 scissum,
969 1164 1012 1191 itt-

227 1212 306 1239 noxie
323 1211 532 1242 transmittens;
564 1218 611 1238 eos
631 1218 696 1237 vero
709 1210 755 1245 qui
777 1210 895 1238 dementi
921 1217 953 1237 ac
968 1209 1012 1236 l'u-

208 1265 211 1268 ’
228 1259 297 1284 renti
317 1257 344 1283 in
359 1264 421 1284 eum
439 1256 540 1290 itnpettt
553 1276 560 1288 ,
579 1257 652 1283 omni
675 1260 806 1290 apparatu
831 1255 1015 1290 insequeban-

228 1307 282 1335 tur,
308 1303 334 1328 in
361 1310 394 1329 eo
419 1301 567 1329 sull‘ocatos
597 1302 766 1336 relinquens,
792 1301 940 1336 purissinto
957 1301 1015 1335 ipse

228 1349 420 1377 salvandorum
452 1347 546 1379 ctetui,
570 1354 631 1374 cum
655 1347 800 1381 magniﬁco
816 1347 924 1373 virtutis
939 1354 1016 1374 com-

229 1400 330 1425 meatu,
351 1394 384 1420 ad
397 1394 491 1420 beatas
505 1393 605 1420 salutis
624 1393 703 1420 sedes
722 1393 819 1419 tluctor
831 1392 954 1427 prteibat.

265 1439 307 1466 Fit
323 1443 399 1473 petra
413 1439 454 1472 ὀς
479 1446 572 1466 revera
602 1439 674 1465 enim
691 1438 839 1473 spiritalem
867 1438 1014 1473 petram",

229 1492 283 1512 non
299 1489 468 1520 sequentem,
484 1485 590 1519 ipsique
604 1486 743 1517 comitem,
777 1485 825 1512 sed
850 1485 876 1512 itt
901 1493 933 1512 eo
958 1493 1016 1511 nta-

229 1535 350 1563 nentem,
363 1531 504 1558 Christum
522 1530 583 1558 vita:
596 1531 691 1557 latices
705 1535 872 1563 manantem,
888 1531 1014 1558 habebat.

230 1577 345 1612 Lignum
363 1584 474 1611 quoque
499 1577 626 1608 eﬁicitur,
645 1577 720 1610 potui
739 1577 904 1609 inutilem“,
934 1582 1017 1612 atque
1030 1592 1052 1624 α

231 1630 351 1650 amaram
368 1624 507 1649 haereseon
525 1622 689 1654 doctrinam,
703 1622 732 1648 in
749 1627 828 1649 recta:
846 1622 907 1650 ﬁdei
923 1622 1016 1649 dulce-

230 1669 320 1696 dinem
337 1674 459 1696 mutans.
471 1668 596 1695 Manibus
611 1672 703 1695 autem
718 1676 771 1695 non
787 1668 905 1696 interdiu
920 1673 1016 1695 exten-

231 1716 281 1748 sis,
317 1724 349 1743 ac
377 1724 438 1750 quae
462 1723 559 1750 graves
587 1715 815 1750 deprimerentur,
846 1716 1018 1750 aliorumque

231 1770 314 1797 opera
329 1762 477 1789 sustentari
493 1762 638 1795 deberent;
657 1762 703 1790 sed
720 1767 810 1789 tuente
827 1761 853 1788 itt
871 1761 1017 1788 Dominum

229 1809 330 1844 jugiter
342 1808 449 1836 sublata
484 1815 515 1835 ac
527 1808 686 1841 excedente,
699 1812 755 1834 tum
770 1815 861 1835 verum
878 1807 1017 1835 suffulcie-

232 1856 278 1883 bat
308 1854 450 1887 lsraclem,
482 1858 539 1881 tum
568 1862 662 1882 verum
696 1854 826 1882 fundebat
854 1854 1018 1888 fugabatque

232 1901 344 1928 Amalec
351 1901 384 1928 ³³.

268 1948 323 1975 Alit
345 1952 447 1980 autem,
474 1955 528 1974 non
553 1954 622 1982 pane
645 1946 692 1981 qui
720 1945 808 1981 prima
826 1945 886 1973 luce
905 1953 920 1973 e
950 1945 1019 1973 coelo

233 1994 341 2029 plucns,
372 1993 524 2028 plusculum
544 1993 709 2020 ascendente
735 1991 792 2018 sole
810 1999 871 2018 mox
887 1991 1020 2025 collique-

235 2046 294 2070 scat
302 2041 342 2074 “;
361 2049 411 2068 nec
425 2041 513 2067 avium
532 2040 661 2067 carnibus
676 2039 810 2066 immensa
830 2039 907 2073 copia
924 2038 1021 2066 imbris

235 2088 321 2114 instar
346 2085 550 2121 depluemium,
579 2084 626 2111 sed
657 2091 815 2111 sertuonutn
856 2082 1021 2110 abundantia

236 2140 316 2168 atque
334 2132 376 2164 vi;
393 2136 447 2158 tum
461 2138 557 2166 nempe
576 2129 662 2165 magis
677 2129 838 2164 spiritalium
867 2136 900 2155 ac
914 2129 1022 2155 divino-

237 2187 309 2212 rum,
321 2185 391 2213 eque
410 2184 532 2209 sursum,
546 2181 628 2210 atque
650 2175 780 2209 sapientia
793 2181 853 2208 qua:
864 2174 897 2200 de
911 2181 1021 2200 sursum

236 2230 288 2255 est.
316 2224 540 2252 subministrante
567 2221 788 2256 suppetentiutn;
816 2225 872 2247 tum
892 2227 1021 2254 corpora-

1058 304 1121 324 nem
1153 301 1268 329 ttacttts;
1297 303 1352 322 non
1378 294 1485 330 fragore
1515 295 1701 330 mugientibus
1720 296 1844 327 vocibus,

1058 343 1186 377 tubisque
1212 349 1301 369 aerem
1315 341 1340 367 vi
1356 341 1582 375 percutientibus,
1602 341 1845 375 vehementiusque

1057 388 1171 415 auribus
1187 387 1397 419 insonantihus;
1419 387 1464 414 sed
1481 387 1541 413 sine
1564 386 1691 420 strepitu,
1707 390 1788 420 atqtte
1806 386 1846 412 le-

1058 433 1140 465 niter,
1168 438 1196 460 et
1225 432 1278 459 leni
1310 440 1341 459 ac
1366 432 1457 466 quieto
1482 431 1528 458 Dei
1548 431 1660 466 Spiritui
1677 431 1846 464 colloquens,

1058 476 1151 514 illitfue
1166 478 1354 513 congrediens.
1376 486 1409 505 ac
1431 478 1540 505 silentio
1558 485 1671 510 magnas
1687 477 1846 503 sublimium

1058 525 1229 551 decretorum
1247 531 1327 551 voces
1348 523 1501 557 percipiens
1518 532 1524 550 :
1541 530 1594 550 non
1612 522 1729 550 tenebris
1751 529 1784 548 ac
1802 529 1847 548 ca-

1059 570 1141 605 ligine
1159 569 1277 596 obdttcto
1291 576 1416 603 corpore,
1431 569 1477 595 sed
1491 576 1572 603 supra
1592 575 1673 602 quam
1701 567 1786 602 ignoti
1807 567 1847 593 itt-

1059 615 1310 650 comprehensionis
1336 615 1431 642 notitia
1447 614 1553 641 obtecto
1571 623 1578 640 :
1593 621 1646 640 non
1672 612 1799 647 procellis
1815 619 1847 639 ac

1059 662 1167 689 turbine
1198 661 1340 695 ventisque
1369 660 1508 692 flantibus,
1537 659 1583 687 sed
1615 659 1699 686 divini
1729 658 1847 692 Spiritus

1060 707 1231 734 mollioribus
1244 707 1320 733 auris
1333 705 1530 743 perllantibus;
1548 712 1601 731 non
1618 704 1769 731 caelestium
1783 703 1848 729 ima-

1060 753 1147 787 gines.
1162 760 1193 780 ac
1208 753 1319 786 ﬁguras,
1345 758 1396 778 nec
1424 750 1547 778 veritatis
1570 749 1698 777 obtuetur
1723 747 1846 779 umbras,

1060 797 1106 824 sed
1120 797 1176 830 ipsa
1194 796 1330 824 sacratius
1343 795 1456 822 docetur
1467 794 1602 826 cmlestia,
1619 794 1760 828 ipsamque
1775 791 1848 818 clare

1061 843 1200 869 veritatem
1215 842 1310 868 cernit.
1331 840 1468 876 Symbolis
1484 840 1568 871 enim,
1599 846 1631 865 ac
1654 838 1758 865 umbris
1779 836 1847 864 Mosi

1062 887 1216 922 conspectis
1233 887 1265 915 ad
1282 893 1313 914 ea
1329 893 1390 920 quae
1409 893 1473 912 vera
1500 889 1564 912 suttt
1578 884 1750 918 intelligenda
1771 890 1847 914 usus,

1063 941 1094 960 ac
1111 940 1157 967 per
1173 940 1204 959 ea
1230 932 1263 958 ad
1279 931 1368 966 ipsum
1399 929 1472 958 clare
1490 929 1676 965 legislaturem
1707 929 1847 958 devectus.

1063 986 1126 1005 vere
1137 977 1252 1013 gloriam
1269 976 1407 1003 contuitus
1422 980 1474 1007 est,
1491 975 1589 1002 nedunt
1609 973 1790 1009 posteriorum
1802 972 1848 999 Dei

1063 1024 1174 1058 (quibus
1186 1031 1200 1049 a
1215 1023 1268 1049 Deo
1289 1021 1417 1054 secunda,
1435 1021 1536 1055 illoque
1552 1024 1664 1046 auctore
1678 1018 1787 1045 condita
1801 1016 1850 1043 ob-

1062 1079 1142 1099 scure
1157 1069 1368 1105 signiﬁcantur),
1381 1075 1473 1095 verum
1489 1067 1571 1094 etiam
1588 1066 1628 1100 (ni
1650 1063 1795 1091 attdentius
1809 1062 1850 1088 lo-

1064 1116 1145 1152 quor)
1174 1114 1392 1146 antcriOrtttn";
1409 1113 1511 1148 ipsius,
1539 1112 1660 1145 inquam,
1691 1107 1850 1135 exsistentia

1064 1162 1211 1198 prmeuutis
1227 1168 1309 1195 supra
1321 1167 1403 1194 quam
1423 1159 1541 1194 ignotam
1558 1155 1701 1183 inﬁnitatis
1715 1154 1849 1182 notitiam.

1066 1209 1138 1236 Vidit
1153 1212 1242 1234 autem
1274 1205 1319 1233 Dei
1342 1205 1506 1235 claritatem,
1538 1210 1592 1230 non
1619 1201 1694 1229 brevi
1722 1198 1852 1233 temporis

1065 1255 1170 1282 morula
1188 1254 1285 1280 factam
1309 1251 1497 1286 conspicuam,
1523 1250 1632 1283 citoque
1650 1241 1851 1276 abscedentem.

1065 1301 1112 1329 sed
1132 1307 1193 1334 qua:
1218 1305 1327 1333 semper
1356 1298 1391 1324 ita
1409 1295 1564 1324 consistat:
1580 1301 1630 1321 nec
1644 1293 1719 1319 velut
1746 1291 1802 1322 ille,
1824 1289 1851 1316 in

1065 1349 1150 1381 petra:
1173 1347 1315 1379 protectus
1330 1342 1474 1372 foramine,
1490 1340 1536 1367 sed
1559 1340 1586 1365 in
1611 1337 1752 1371 unigenito
1762 1334 1853 1361 Verbo

1065 1379 1209 1426 paternam
1223 1394 1356 1416 contuens
1368 1387 1495 1422 gloriam,
1511 1385 1537 1411 in
1557 1383 1618 1410 Filii
1636 1381 1739 1416 Spiritu
1755 1379 1854 1406 eximie

1066 1425 1136 1463 Filio
1152 1434 1390 1468 circumfulgetur.
1410 1432 1482 1459 Vidit
1495 1438 1556 1466 quae
1568 1437 1616 1464 per
1634 1425 1853 1457 tabcrnacuium,

1068 1485 1150 1518 inque
1172 1472 1219 1509 illo
1246 1480 1365 1515 reposita
1386 1486 1451 1507 vasa
1468 1476 1583 1512 mystice
1607 1473 1853 1509 signiﬁcabantur;

1067 1530 1133 1565 quin
1151 1529 1208 1563 ipse
1223 1527 1313 1562 potius
1339 1524 1415 1552 vario
1427 1524 1559 1551 virtutum
1574 1521 1647 1549 cttlttt
1667 1518 1811 1547 insolubile
1825 1524 1855 1544 se

1070 1573 1277 1603 tabernaculum
1296 1571 1351 1599 Deo
1364 1569 1508 1600 exhibens,
1522 1568 1603 1595 etiam
1619 1573 1708 1593 arcam
1733 1564 1854 1591 animuttt

1069 1629 1149 1650 suum
1173 1618 1290 1647 reddidit
1305 1626 1311 1644 :
1327 1624 1420 1644 arcam
1447 1615 1562 1646 scilicet,
1587 1620 1642 1640 non
1659 1618 1719 1645 qua:
1744 1609 1857 1636 haberet

1071 1676 1168 1696 ttrttatn
1182 1673 1293 1694 auream
1306 1665 1340 1698 ³⁸,
1353 1663 1400 1691 sed
1414 1670 1475 1698 qua:
1486 1669 1534 1689 cor
1546 1667 1615 1688 auro
1624 1658 1745 1689 rutilttm,
1758 1662 1854 1690 panctn

1071 1715 1146 1742 illum
1166 1713 1303 1741 cwlcstem
1316 1710 1417 1746 gremio
1434 1708 1587 1736 continens.
1603 1704 1662 1732 Non
1679 1710 1740 1738 qua:
1752 1701 1856 1736 virgam

1072 1760 1281 1796 antygdalinam,
1295 1765 1355 1791 qua:
1371 1755 1512 1786 ﬂoruerat,
1528 1751 1719 1787 lapideamquc
1754 1755 1786 1775 ac
1802 1746 1858 1773 fra-

1072 1807 1153 1841 giletn
1177 1804 1316 1836 tabulam;
1340 1801 1386 1829 sed
1409 1807 1469 1835 qum
1493 1797 1639 1832 expolitam
1664 1799 1781 1821 utentem
1827 1799 1859 1818 ac

1072 1840 1272 1882 inviolabilem,
1299 1854 1418 1881 vereque
1442 1844 1490 1872 Dei
1519 1842 1605 1877 digito
1629 1840 1770 1875 scriptam,
1792 1845 1859 1864 cott-

1073 1900 1186 1932 tegeret.

1110 1929 1181 1970 ldem
1200 1941 1301 1976 pariter
1314 1938 1507 1968 candelabrum
1530 1939 1633 1969 septem
1650 1931 1752 1959 habens
1774 1929 1860 1976 lucer-

1075 1996 1125 2016 nas
1143 1973 1318 2014 constituitur
1326 1985 1361 2017 ",
1378 1984 1424 2018 qui
1441 1982 1547 2010 scilicet
1561 1985 1664 2013 septem
1682 1976 1800 2010 Spiritus
1812 1973 1860 1999 (Ιο-

1075 2036 1118 2063 ttis
1134 2034 1284 2061 Ecclesiam
1301 2032 1429 2059 illustret.
1461 2026 1642 2056 Constituitur
1653 2028 1680 2051 et
1692 2029 1797 2051 mensa.
1813 2027 1860 2054 pa-

1077 2089 1136 2108 uent
1153 2080 1228 2107 illum
1242 2085 1348 2106 sumnte
1359 2076 1500 2111 mysticum
1516 2072 1601 2108 probe
1611 2067 1797 2098 esurientibus
1811 2072 1861 2099 ap-

1076 2127 1194 2162 positum
1209 2120 1541 2151 habens”.Constituitttr
1555 2118 1637 2144 etiam
1651 2115 1749 2146 altare,
1761 2111 1860 2139 nedum

1078 2172 1298 2207 thymiamatum,
1326 2169 1398 2195 velut
1421 2165 1601 2194 suavissimos
1615 2161 1731 2192 sufl‘ttus,
1748 2164 1860 2193 precutu

1075 2203 1175 2252 jttttitcr
1194 2216 1296 2243 hostias
1321 2211 1532 2244 submittens";
1550 2216 1646 2237 verum
1671 2206 1753 2234 etiam
1785 2203 1862 2230 ιιοιυ-

238 2272 303 2298 liutn
323 2270 409 2305 magis
434 2277 467 2297 ac
483 2268 658 2300 naturalium,
676 2275 706 2295 ex
721 2272 838 2299 terrena,
856 2274 888 2294 ac
903 2274 962 2301 qua:
974 2273 1024 2293 saa-
1040 2268 1061 2295 D
1076 2266 1246 2292 caustot-utn,
1262 2262 1361 2295 pietate
1378 2259 1491 2294 pingues
1502 2256 1607 2283 animas
1622 2250 1752 2282 sacriﬁcii
1767 2249 1820 2276 ritu
1834 2248 1860 2274 ιιι

239 2316 293 2344 culi
309 2324 358 2343 ustt
384 2319 568 2349 comparatur,
594 2312 782 2348 intelligentia,
813 2312 966 2346 mentisque
982 2319 1026 2338 so-

240 2363 317 2390 lertia
335 2361 372 2388 illi
392 2359 615 2388 collectorttm“.
645 2358 692 2386 His
715 2358 806 2392 igitur,
831 2358 877 2392 qui
903 2358 968 2384 recti
993 2365 1026 2384 ac

240 2407 334 2434 ﬁ.lcles
348 2411 450 2438 essent,
464 2409 520 2432 tutu
541 2403 641 2432 alebat.
659 2407 714 2429 tum
731 2401 889 2433 recreabat;
913 2400 958 2435 qui
974 2408 1024 2427 au-

241 2458 294 2478 tem
308 2455 534 2480 murmuratores,
551 2455 583 2475 ac
599 2447 653 2475 Deo
675 2446 866 2478 detrahebant,
879 2453 927 2473 eos
942 2445 1024 2472 mise-

241 2497 319 2523 rabili
335 2504 367 2522 ac
381 2494 555 2530 deplorandae
570 2492 650 2520 morti
667 2491 801 2518 tradebat.

277 2542 337 2569 Non
361 2543 388 2568 in
416 2547 535 2568 montem
553 2540 644 2576 (terra:
661 2538 776 2570 scilicet,
803 2537 849 2572 qui
869 2537 895 2564 itt
912 2543 1024 2564 sensum

242 2591 332 2622 cadat,
347 2588 493 2621 tumulum)
507 2594 552 2621 per
563 2586 644 2613 breve
654 2589 761 2619 tentpus
776 2583 915 2615 secedens,
927 2582 1028 2616 Deique

244 2637 299 2664 illic
317 2643 385 2663 usus
399 2633 578 2667 colloquio,",
607 2631 694 2658 turbis
712 2639 740 2657 sc
767 2637 863 2656 rursus
889 2627 1028 2662 legislator

243 2683 433 2717 permittebat;
448 2679 494 2706 sed
511 2684 637 2712 suprema
652 2675 794 2710 theologia:
809 2680 956 2701 conscensa
969 2679 1031 2706 spc-

244 2729 316 2759 cula,
336 2735 390 2754 non
415 2726 521 2752 dierum
544 2722 733 2757 quadraginta,
764 2719 810 2746 scd
827 2719 884 2753 jugi
901 2718 1029 2753 jejunio;

262 2789 265 2792 l
280 2797 302 2814 ¹⁷
314 2795 401 2823 Exod.
420 2803 446 2825 κ,
462 2793 508 2820 ‘22.
548 2792 570 2808 ¹⁸
589 2791 675 2818 Exod.
707 2797 756 2820 xu,
771 2788 816 2816 ‘29.

245 2835 268 2850 “
281 2831 368 2859 Exod.
384 2838 429 2861 xv,
442 2829 488 2857 ‘25.
526 2829 548 2845 ’³
565 2827 650 2854 Exod.
668 2833 733 2856 xvtt,
749 2825 790 2850 ll.

245 2869 269 2884 "
286 2866 371 2894 Exod.
388 2859 486 2892 xxttttt.
508 2865 553 2891 ‘25.
605 2862 627 2877 ’⁸
640 2861 719 2888 llcbr.
740 2868 777 2891 nt,
794 2859 819 2886 l.

247 2911 313 2935 xu,
334 2902 356 2928 Ι.
394 2900 416 2916 ³³
432 2899 515 2927 Exod.
531 2907 566 2930 tv,
581 2898 624 2924 ‘17.

875 2787 897 2803 "
916 2786 1002 2813 Exod.
1016 2786 1203 2817 ιιιιι.21;’‹ιν,
1224 2785 1264 2811 19.

843 2823 960 2848 "Exod.
993 2830 1047 2851 xw,
1065 2821 1105 2850 ll»,
1127 2822 1166 2848 15.

865 2859 887 2874 *9
904 2857 988 2883 lixotl.
1010 2864 1072 2887 xxv,
1087 2857 1131 2883 3|.

1077 2310 1136 2343 ipSu
1151 2307 1255 2334 faciens
1268 2306 1302 2332 “.

1112 2354 1183 2380 ldcm
1198 2359 1305 2387 quoque
1318 2357 1433 2385 magnus
1449 2346 1569 2382 pontifex
1595 2345 1718 2375 eﬁ'ectus,
1734 2349 1788 2387 non
1801 2348 1862 2387 un-

1076 2399 1174 2426 ctionis
1190 2385 1250 2424 oleo
1263 2385 1352 2430 caput
1374 2395 1542 2427 barbamque
1553 2391 1677 2421 diluitur,
1698 2387 1746 2416 sed
1760 2385 1863 2421 Spiritu

1078 2443 1269 2473 cxsultalionis
1297 2446 1387 2469 tuente
1406 2448 1438 2467 ac
1467 2439 1558 2466 animo
1585 2435 1781 2464 sanctiﬁcatur.
1807 2431 1863 2459 Nec

1081 2491 1161 2518 vat-iis
1177 2490 1288 2520 tunicis,
1303 2493 1408 2514 terrena
1423 2494 1437 2513 e
1449 2485 1562 2512 materia
1581 2481 1716 2510 contextis
1731 2485 1864 2515 perorna-

1082 2541 1136 2568 tur,
1149 2536 1196 2563 sed
1211 2535 1342 2561 virtutum
1361 2531 1506 2561 varietate,
1523 2528 1606 2556 animi
1623 2527 1714 2554 tunic‘a
1728 2524 1802 2551 varia
1820 2523 1863 2550 in-

1083 2581 1190 2613 duitur;
1209 2587 1241 2606 ac
1262 2579 1335 2606 velut.
1361 2577 1451 2604 Aaron
1478 2575 1522 2602 ille
1551 2570 1776 2600 tintinnabula”,
1797 2575 1864 2595 con-

1080 2628 1189 2654 cinnum
1219 2624 1375 2660 apostolicm
1400 2621 1541 2657 sapientiae
1567 2620 1687 2647 sonitum
1709 2620 1864 2644 assumens,

1080 2674 1116 2701 ita
1129 2671 1355 2700 sanctiﬁcationis
1370 2668 1511 2700 sacerdos,
1526 2672 1608 2701 atque
1625 2664 1721 2692 hostiae
1735 2667 1812 2688 novae
1826 2666 1866 2685 sa-

1080 2712 1189 2746 criﬁcus
1206 2725 1258 2743 non
1274 2724 1320 2750 per
1336 2714 1505 2749 sanguinem,
1531 2712 1579 2740 sed
1603 2717 1649 2745 per
1677 2706 1802 2741 spiritum
1823 2703 1865 2729 l'a-

1642 2777 1662 2791 "
1678 2775 1685 2801 l
1703 2773 1766 2800 Cor.
1791 2779 1817 2801 ι,
1835 2770 1863 2798 4.

1603 2812 1626 2827 ¹⁶
1639 2809 1723 2836 Exod.
1751 2815 1806 2838 ΧΗ,
1835 2807 1862 2831 5-

1603 2855 1622 2870 υ.
1637 2846 1682 2870 Q5.
1739 2844 1760 2859 "
1778 2841 1862 2870 Exod.

1801 2851 1864 2869 Χυυι

1319 2783 1341 2799 ²⁰
1363 2782 1448 2809 Exod.
1476 2788 1541 2811 xvtt,
1564 2778 1590 2805 6.

1438 2815 1481 2846 l5.
1509 2814 1551 2841 l7.

1223 2820 1246 2835 “
1269 2818 1327 2845 Jac.
1355 2826 1396 2849 ιιι,
1438 2818 1481 2846 l5.
1509 2818 1551 2841 Π.
1604 2818 1626 2827 "
1640 2818 1682 2836 Iw

1223 2864 1261 2878 sn.
1280 2862 1316 2878 ιι.
1336 2854 1362 2878 2.
1419 2853 1439 2867 ³¹
1458 2849 1541 2877 Exod.
1561 2855 1622 2878 xxv,
1637 2846 1682 2873 25.

1171 2856 1192 2872 ³ο
1212 2855 1262 2881 lsa.
1280 2862 1317 2885 XI,
1336 2854 1362 2879 ‘2.
