2089 3151
258 175 312 207 475

855 184 999 215 VICET/E
1018 187 1241 219 PAPI-ILAGON
1246 190 1280 219 IS

1828 194 1883 226 476

259 235 320 258 ctus
335 234 386 259 ost.
407 230 466 259 Non
484 233 557 261 enim
570 241 603 262 ex
618 235 720 263 umbra:
746 245 849 271 rerum,
864 239 911 267 sed
928 248 959 267 ex
974 242 1045 269 vcri-
1057 243 1084 273 Α
1095 243 1196 277 injuste
1226 249 1316 272 autetn
1345 245 1472 274 Eeclesiis
1501 247 1653 281 submotos,
1676 247 1743 276 locis
1760 251 1880 284 propriis

262 276 326 303 tatis
342 277 464 312 ratione;
491 287 541 306 nec
562 280 640 314 juxta
658 282 780 310 ordinem
796 284 897 319 Aaron,
922 286 970 313 sed
991 295 1042 321 qua

261 323 367 350 ratione
383 324 491 352 divinus
508 324 620 358 Paulus,
631 328 707 362 regni
723 328 867 364 Evangelio
880 332 1042 367 defungens;

259 375 302 400 ac,
316 368 388 396 sicut
411 378 525 405 magnus
552 372 598 399 ille
622 374 742 406 pontifex
758 375 840 402 Jesus
853 377 979 405 Christus
993 387 1041 413 pro

256 421 308 442 suo
322 416 422 450 populo
436 417 543 445 victima
556 418 655 452 factus,
675 428 824 457 precesque
839 423 968 456 oﬂ'erens,
986 433 1039 452 non

255 462 340 489 semel
369 463 395 490 in
421 471 493 491 anno
522 466 547 491 itt
570 468 673 494 sanctis
686 473 844 496 sanctorum
860 471 1039 506 versabatur;

255 507 302 533 sed
322 506 489 536 incessanter
505 510 618 545 spiritali
643 517 724 547 atque
753 515 858 542 ccelesti
879 516 960 544 altari
974 525 1039 552 pro-

254 551 401 587 pinquans,
420 554 483 581 inde
494 556 574 584 nobis
592 557 707 585 salutem
722 565 862 594 operatur.

289 597 318 624 In
338 606 401 626 eum
433 602 553 634 modum,
569 603 668 630 nedum
691 604 781 633 Moses
795 606 933 642 'l'heologo
948 616 1036 636 exrm~

252 642 327 677 plum
340 644 464 679 eiﬁcitur,
477 655 572 675 verum
598 650 680 676 etiam
699 652 811 680 Aaron:
829 653 855 680 in
874 654 946 688 quod
964 656 1039 690 aspi-

252 688 336 719 ciens.
353 697 483 724 quantuut
500 694 600 722 veritas
622 696 744 723 umbram
762 698 849 732 ipsam
866 699 950 734 ligura
965 701 1038 728 desi—

252 739 377 767 gnantem
398 737 536 770 praecellit.
556 742 815 775 tantutn,arbitror,
837 744 890 772 illis
907 745 1037 773 illustrior

251 779 402 806 ostenditur
428 789 459 808 ac
471 782 626 816 perfectior.
641 785 711 818 Quid
722 788 802 814 vero?
819 789 870 821 Qui
883 790 923 816 sic
939 790 1035 819 harum

249 822 372 852 imitatus
385 826 479 860 vitam,
493 829 560 856 adeo
577 829 610 857 iis
623 833 749 866 superior
767 834 920 869 clariorque
933 836 1033 868 eluxit;

249 877 313 896 num
323 878 337 897 a
346 873 515 906 sequentium
525 876 718 910 prophetarum
739 879 963 913 atquejuslorutn
974 882 1035 908 imi-

248 915 350 942 tatione
359 915 475 944 defecit?
488 923 535 946 aut
552 920 621 947 alios
635 922 743 955 quidem
756 923 816 950 aliis
830 925 928 952 virtute
945 926 1034 954 claros

247 959 368 988 imitatus
383 967 433 994 est,
447 970 500 990 non
510 964 573 991 item
589 966 833 997 alios?automnes
847 971 966 1004 quidem,
983 973 1034 999 ali-

246 1012 302 1039 quo
312 1011 400 1034 tamen
409 1010 579 1044 prmripiente
585 1013 711 1046 palmam,
723 1015 865 1050 ipsumque
873 1019 1034 1052 superante?

246 1053 294 1076 attt
310 1051 420 1084 paribus
437 1054 525 1080 modis
540 1055 667 1083 virtutem
682 1059 782 1092 gessit?
798 1065 844 1087 aut
860 1061 957 1096 exiguo
974 1070 988 1089 a
1003 1071 1032 1091 se

245 1095 399 1130 intervallo,
421 1100 596 1135 proximeque
611 1104 745 1131 secundas
763 1105 870 1133 virtutis
886 1107 1032 1137 referetttes

245 1140 307 1168 illos
331 1143 458 1179 reliquit?
476 1145 585 1173 Minime
602 1149 732 1182 gentium.
748 1149 798 1182 Qui
822 1152 894 1179 enitn
920 1152 1030 1189 Moysen

246 1187 385 1221 prophetis
399 1190 536 1224 omnibus,
550 1199 582 1219 ac
598 1193 631 1220 iis
649 1194 696 1229 qui
715 1195 787 1231 leges
804 1198 934 1232 tulerunt,
951 1187 1031 1236 longe

246 1236 432 1266 praestantem,
462 1235 531 1263 adeo
560 1240 714 1273 antecellit;
737 1246 840 1275 quanto
863 1244 950 1278 magis
965 1235 1030 1272 relic

244 1283 313 1310 quos
337 1278 504 1308 abundantia
532 1284 740 1318 magnificentiae
762 1288 856 1323 gratiae
875 1290 1030 1324 superabit?

245 1320 344 1349 Verum
359 1324 392 1351 ad
408 1331 440 1352 ea
455 1333 518 1360 qua;
530 1328 661 1356 continua
685 1320 815 1359 serievad
832 1333 891 1367 ejus
906 1335 966 1362 vita:
985 1344 1030 1363 ra-

243 1365 325 1394 tionis
341 1375 546 1399 monumentum
557 1380 790 1411 spectant.operaz
799 1379 915 1413 pretiutn
930 1380 1028 1409 iterum

241 1412 394 1441 orationem
408 1415 583 1445 reducamus.

277 1457 386 1486 Interim
399 1458 532 1497 Gregorio
546 1464 622 1492 hisce
631 1465 768 1502 impenso,
784 1476 816 1496 ac
827 1470 891 1497 dum
904 1477 1029 1502 errantes

240 1503 350 1538 quidem
372 1513 438 1534 oves
466 1509 573 1537 reducit
592 1510 633 1545 ³⁶;
648 1514 745 1546 (ιυωνίι
764 1519 854 1542 autem
866 1524 926 1550 quae
940 1519 1028 1551 perie-

239 1554 313 1583 rant,
327 1558 359 1579 ae
374 1553 507 1582 contritas
520 1555 624 1591 alligat,
645 1558 682 1584 uti
708 1566 794 1586 sacrae
806 1562 955 1596 prophetiae
969 1571 1026 1592 ver-

239 1594 282 1622 bis
300 1596 438 1630 proditum
453 1603 494 1626 est
510 1608 517 1627 :
533 1600 740 1637 virentibusque
770 1594 886 1634 collocat
905 1609 1025 1643 pascuis,

239 1645 272 1666 ac
288 1648 358 1668 vera:
372 1642 531 1673 refectionis
550 1653 620 1681 aqua
646 1647 745 1676 educat
756 1649 795 1683 ";
807 1653 936 1687 omnique
957 1655 1025 1689 (tum

238 1693 300 1719 qua:
324 1687 357 1713 ad
382 1689 516 1717 actionem
543 1698 698 1727 moresque,
721 1699 777 1723 tum
801 1705 861 1731 qua:
880 1699 914 1726 ad
945 1687 1024 1729 tidem

238 1729 366 1764 pertinet)
396 1736 524 1768 tanquam
555 1735 639 1764 herba
664 1738 788 1767 lethifera
809 1729 900 1778 iatqtte
931 1746 1023 1780 noxia,

237 1773 310 1808 ipsas
329 1775 474 1811 iniquitate
497 1787 604 1814 arcens,
617 1789 700 1818 super
723 1787 835 1815 semitas
854 1773 929 1817 ducit
944 1773 1024 1825 justi:

238 1819 303 1852 tiae;
334 1828 367 1849 ac
392 1822 450 1858 lege
479 1826 579 1859 sancit,
597 1835 651 1854 non
679 1833 882 1866 temporaneatn
899 1838 1023 1872 corporis

236 1866 469 1903 emundationent,
487 1871 534 1898 sed
550 1880 647 1901 sensus
665 1877 755 1904 carnis
771 1866 1020 1916 mortiﬁcationem;

235 1917 324 1944 neque
335 1911 416 1939 ritum
433 1921 488 1948 quo
516 1915 688 1946 immolanda:
710 1921 871 1950 animalium
892 1926 1020 1960 vietimte,

235 1956 367 1990 ostendit;
386 1959 433 1986 sed
448 1959 565 1994 Spiritus
577 1963 796 2001 viviticationetn,
810 1977 870 2004 quae
882 1979 930 2005 per
941 1956 1019 2001 fidem

233 2001 359 2036 exsistit;
376 2012 408 2031 ac
423 2006 495 2033 velut
512 2009 618 2043 sagittis
634 2011 811 2041 solertissime
824 2015 1019 2045 Anomworum

233 2046 314 2073 corda
338 2046 410 2081 ferit,
441 2051 568 2086 velutque
594 2053 770 2084 lucidissintis
797 2059 898 2092 radiis,
924 2068 1020 2090 sacro-

233 2093 334 2120 sanctis
352 2094 483 2124 doctrinis
497 2098 566 2131 suis,
585 2100 678 2129 electis
695 2102 782 2130 lueetn
808 2107 966 2141 praetendit;
985 2109 1019 2136 de

233 2144 341 2172 repente
355 2141 469 2169 solvitur
496 2145 606 2179 ruitque
626 2149 758 2182 tyrannis,
776 2157 807 2177 ac
832 2151 949 2186 legitima
967 2154 1019 2180 im-

232 2184 299 2217 perii
321 2190 442 2218 potestas
468 2187 644 2226 designatur;
675 2201 707 2220 ac
733 2184 879 2230 impiorum
908 2199 1016 2233 quidem

1095 289 1260 317 restitueret.

1129 333 1214 361 Porro
1229 340 1257 362 ut
1272 336 1492 371 auspicatissimo
1515 338 1628 365 exordio
1651 338 1768 366 delatum
1789 340 1877 376 impe-

1093 379 1164 405 riutn
1179 380 1270 413 iniret,
1283 382 1336 409 duo
1356 382 1411 409 haec
1432 387 1461 409 ut
1477 389 1644 418 exsequatur
1660 386 1803 420 diligenter
1818 388 1877 414 eni-

1093 424 1169 452 titur.
1182 425 1310 459 Quaznam
1339 427 1405 454 illa?
1421 427 1455 455 Ut
1475 437 1573 464 nempe
1585 431 1753 458 mcumenica
1772 434 1877 468 synodo

1090 469 1187 497 Nicaea:
1205 471 1331 500 Patribus
1351 474 1459 501 decreta
1480 475 1656 509 conﬁrmans,
1679 484 1741 512 quae
1767 485 1877 506 succre-

1090 520 1185 543 verant
1197 517 1330 545 hmresum
1345 520 1478 548 novitates
1490 521 1681 556 exstingueret,
1701 523 1816 558 litesque
1832 532 1877 552 ec-

1090 561 1258 591 clesiasticas
1272 564 1437 600 dispelleret.
1453 566 1515 595 Haec
1525 567 1614 603 Magni
1627 568 1771 597 Theodosii
1788 571 1876 605 prima

1089 608 1196 635 consilii
1211 610 1301 643 ratio;
1320 616 1349 638 ut
1375 617 1465 639 autem
1490 613 1651 649 Gregorium
1676 616 1703 642 in
1719 615 1875 644 Constanti-

1089 654 1246 688 nopolitana
1265 657 1329 684 sede
1344 657 1500 692 collocaret,
1513 660 1538 686 id
1554 660 1593 687 illi
1619 661 1771 688 secundum
1795 669 1873 696 opus,

1089 699 1158 726 nihil
1171 701 1262 735 priore
1273 702 1371 736 impar,
1382 709 1429 732 attt
1444 705 1590 740 quidquatn
1610 707 1721 742 segnius
1738 713 1872 735 curatum.

1123 745 1272 780 Gregorius
1287 754 1390 783 autem,
1410 750 1455 784 qui
1468 751 1587 778 animum
1612 751 1688 778 omni
1705 752 1876 787 superiorem

1086 792 1234 820 ambitione
1257 793 1389 825 haberet.
1421 796 1594 831 paternisque
1629 797 1780 825 visceribus
1808 806 1871 832 erga

1086 844 1194 872 gregem
1208 838 1321 877 affectus
1336 845 1418 874 esset,
1426 848 1584 869 concessam
1596 842 1705 877 quidem
1721 842 1874 870 Ecclesiatn

1086 883 1284 912 libentissimus
1298 887 1413 920 recepit;
1430 887 1498 914 inire
1508 893 1597 916 autem
1621 889 1724 923 sedem,
1741 891 1870 918 hactenus

1049 918 1070 946 Β
1085 928 1234 957 dilI'erebat.
1244 930 1339 958 Postea
1349 918 1449 966 tamen,
1459 934 1483 960 vi
1495 935 1603 968 quidem
1613 955 1620 968 ,
1633 941 1661 962 at
1672 937 1754 964 cessit
1770 937 1870 964 nihilo‘

1085 975 1175 1002 minus
1195 976 1385 1011 episcoporum
1409 979 1496 1013 votis,
1518 988 1580 1007 cum
1603 981 1719 1008 aliorum
1733 983 1867 1016 plurium,

1085 1025 1140 1048 tum
1151 1022 1302 1051 Antiochiae
1313 1025 1453 1059 praesulis;
1473 1026 1564 1061 magni
1579 1027 1683 1054 scilicet
1695 1028 1767 1055 illius
1790 1028 1870 1055 Mele-

1084 1066 1124 1098 tii,
1139 1068 1186 1102 qui
1203 1069 1286 1096 multa
1303 1070 1407 1104 pridetn
1435 1079 1466 1099 ac
1490 1077 1600 1100 strenua
1611 1078 1712 1105 sanctte
1726 1073 1867 1102 Trinitatis

1083 1120 1164 1140 causa
1194 1113 1280 1141 fertur
1301 1116 1450 1145 desudasse
1473 1119 1634 1146 certamina.
1657 1118 1742 1154 Hujus
1761 1121 1861 1148 divinis

1080 1157 1203 1192 judiciis,
1218 1160 1351 1195 probique
1378 1162 1550 1197 imperatoris
1575 1165 1602 1192 id
1627 1166 1755 1193 enitentis
1781 1167 1816 1199 vi,
1834 1175 1866 1195 ac

1082 1204 1202 1231 fidelium
1236 1205 1335 1233 civium
1365 1208 1478 1236 adactus
1507 1210 1761 1245 obsecrationibus;
1799 1214 1867 1248 quin

1080 1249 1179 1277 divinis
1207 1251 1298 1285 potius
1322 1252 1476 1287 obsequens
1493 1255 1614 1288 nutibus,
1637 1257 1670 1284 ad
1692 1258 1803 1290 celsam,
1817 1266 1885 1293 pro-

1080 1295 1211 1324 antistitis
1230 1305 1344 1326 munere
1354 1300 1522 1333 praelationis
1537 1302 1640 1336 sedem,
1658 1303 1792 1331 evehitur.
1811 1304 1865 1332 Lu-

1080 1347 1162 1367 cerna
1178 1349 1260 1376 super
1282 1344 1475 1373 eandelabrutn
1497 1347 1815 1384 sublimis—collocatur;
1833 1358 1867 1378 ac

1079 1385 1259 1421 praedicator,
1297 1390 1437 1423 speculam
1473 1391 1660 1422 sublimiorem
1697 1395 1863 1430 aggreditur.

1079 1429 1149 1462 Quid
1166 1432 1247 1459 vero?
1257 1441 1291 1460 an
1304 1442 1365 1468 quat
1375 1440 1485 1469 prazstat
1498 1437 1607 1472 regibus
1615 1442 1645 1466 ut
1656 1429 1769 1474 regnent
1781 1449 1863 1476 super

1078 1479 1190 1511 terram,
1204 1485 1237 1505 ac
1259 1481 1384 1514 tyrannis
1404 1486 1434 1508 ut
1448 1481 1622 1511 dominentur
1642 1489 1720 1512 terra:
1734 1485 1766 1518 ",
1784 1486 1863 1515 beata

1078 1522 1198 1551 Trinitas
1208 1545 1215 1556 ,
1235 1526 1404 1562 suscitatque
1418 1527 1452 1554 de
1476 1532 1548 1556 terra
1570 1529 1689 1565 inopem.
1702 1538 1735 1558 ac
1749 1531 1783 1559 de
1794 1537 1863 1560 stct-

1078 1575 1142 1596 core
1160 1569 1247 1597 elevat
1259 1578 1405 1606 pauperem
1421 1573 1454 1605 ‘°,
1473 1581 1528 1601 non
1543 1575 1624 1602 etiam
1640 1577 1860 1610 probatissimum

1078 1614 1223 1648 ramulum,
1241 1616 1362 1652 ipsisque
1375 1619 1455 1647 rebus
1466 1619 1694 1654 perfectissimum
1708 1624 1864 1657 praesulem,

1076 1658 1104 1685 itt
1121 1660 1259 1694 poutiﬁcia
1278 1663 1342 1689 sede
1355 1663 1520 1692 collocaret?

1111 1705 1234 1733 Atnemo
1250 1706 1398 1742 illegitime,
1416 1715 1565 1746 contraque
1578 1718 1611 1739 ac
1631 1719 1708 1740 saera
1731 1712 1860 1742 Ecclesia:

1075 1751 1167 1784 regula
1180 1756 1309 1780 statutum
1319 1759 1369 1787 est,
1384 1755 1417 1782 ad
1427 1756 1533 1784 tertiam
1542 1765 1604 1784 eum
1616 1758 1762 1786 arbitretur
1775 1764 1863 1787 trans-

1075 1795 1138 1823 ferri
1152 1798 1254 1827 sedem.
1271 1797 1340 1826 Nam
1366 1807 1454 1836 neque
1475 1809 1506 1829 ea
1524 1810 1569 1831 res
1592 1804 1735 1832 translatio
1748 1810 1801 1838 est,
1812 1807 1860 1833 sed

1073 1841 1179 1874 electio,
1208 1843 1350 1879 pritnaque
1376 1853 1408 1873 ac
1435 1847 1515 1875 unica
1539 1848 1567 1875 in
1584 1849 1652 1877 urbe
1668 1856 1783 1886 augusta
1809 1860 1858 1886 pro

1073 1887 1192 1922 episcopi
1208 1889 1351 1924 dignitate,
1368 1896 1462 1926 atque'
1477 1901 1590 1922 munere
1607 1895 1680 1923 sedis
1701 1897 1855 1925 collocatio.

1060 1928 1139 1956 ,Nam
1157 1932 1230 1966 quod
1247 1933 1335 1967 primo
1347 1934 1475 1969 Sasimis,
1500 1937 1539 1964 uti
1559 1938 1693 1973 dicebam,
1714 1941 1857 1975 praefectus

1071 1978 1121 2005 est,
1149 1974 1175 2001 id
1195 1975 1285 2003 solutn
1310 1980 1490 2012 promotionis
1510 1989 1594 2010 causa
1611 1983 1672 2015 fuit,
1687 1974 1750 2012 cum
1771 1994 1856 2022 ncqtte

1071 2017 1162 2044 sedem
1177 2020 1319 2054 receperit,
1338 2029 1389 2049 nec
1417 2025 1530 2051 omnino
1545 2025 1601 2052 illic
1620 2027 1798 2060 ordinaverit,
1815 2030 1855 2055 ul-

1069 2062 1159 2091 latuve
1176 2066 1317 2100 mysticam
1331 2067 1509 2097 initiationem
1526 2078 1576 2106 pro
1592 2073 1722 2101 antistitis
1733 2075 1855 2109 partibus

1069 2109 1261 2145 celebraverit;
1275 2113 1346 2146 quod
1364 2121 1461 2149 nempe
1476 2115 1582 2143 viculus
1599 2118 1631 2144 ad
1648 2120 1854 2148 sustentandam

1068 2156 1250 2191 episcopalem
1267 2159 1356 2187 sedem
1371 2165 1444 2188 esset
1470 2162 1582 2189 omnino
1599 2163 1715 2198 ineptus.
1734 2164 1853 2192 Nazian-

1069 2208 1163 2228 zenant
1180 2207 1269 2230 autem
1286 2204 1443 2231 cathedram
1459 2208 1596 2240 quondam
1615 2208 1766 2241 curavisse,
1788 2218 1851 2237 cutn

231 2234 351 2262 potestas
365 2232 472 2265 penitus
488 2235 652 2270 eliminatur,
667 2239 771 2273 piorutn
790 2247 880 2270 autem
896 2232 1017 2280 reliquiae
1033 2252 1055 2279 ι)
1067 2251 1145 2280 pater
1165 2247 1237 2276 illitis
1264 2250 1409 2284 episcopus
1423 2255 1496 2278 esset
1512 2259 1519 2278 :
1534 2256 1562 2279 at
1583 2260 1636 2279 noti
1652 2253 1712 2288 ejus
1729 2260 1852 2283 creatum

231 2274 246 2288 ﬂ
259 2275 355 2288 Illn:.|—-
375 2285 432 2288 an».
449 2287 452 2288 ν
478 2284 483 2288 .
520 2281 526 2288 ι
595 2283 609 2288 ν.

229 2274 355 2302 tidnciam
374 2284 501 2313 sumunt;
519 2281 707 2311 htereticorum
726 2287 822 2315 merito
836 2291 1012 2323 supercilium

230 2319 393 2355 detrahitur,
424 2324 526 2359 Deique
552 2329 652 2362 populo
680 2337 763 2358 cornu
787 2333 883 2362 salutis
898 2337 1015 2363 su~cita-

229 2366 309 2392 tur"
335 2372 417 2403 atque
443 2373 577 2407 exsurgit,
602 2373 748 2409 imperator
769 2378 1013 2415 clementissimus,

229 2411 416 2448 malorumque
431 2415 494 2441 odio
523 2420 763 2452 propensissitnus.
784 2422 820 2454 Is,
841 2424 896 2451 duo
912 2427 1014 2461 optima

228 2465 319 2485 seenm
335 2461 493 2493 constituit;
508 2467 536 2489 ut
547 2471 652 2499 nempe,
662 2467 706 2501 qui
716 2469 811 2495 trinatn
823 2473 1009 2508 monarchiam

226 2509 347 2532 evertere
365 2506 528 2542 viderentur,
545 2512 673 2545 pl‘Obl'Ull]
690 2515 792 2542 ΙΙΟΠΟΓΘ
810 2523 1009 2548 comtnntautes

225 2554 372 2584 everteret;
387 2553 432 2587 qui
448 2560 538 2582 autem
556 2557 614 2590 pari
633 2557 746 2592 honore,
762 2565 886 2590 naturam
905 2564 1008 2593 honore

225 2603 317 2629 paretn
332 2615 340 2628 ,
362 2602 444 2633 atque
470 2603 599 2635 a‘qualem
618 2610 700 2638 supra
715 2613 795 2640 quam
818 2607 985 2638 ltonorarent
998 2631 1006 2644 ,

223 2647 305 2677 atque
330 2644 471 2677 colerent,
497 2646 600 2675 honore
621 2655 749 2685 exceptos
775 2654 900 2688 erigeret,
926 2660 1007 2691 atque

222 2694 270 2715 eos
282 2689 328 2724 qui
345 2690 424 2719 sedes
440 2691 465 2718 vi
476 2692 676 2728 inscenderant,
691 2698 802 2731 spretim
813 2689 1004 2743 submoveret;

276 2754 299 2770 “
315 2755 386 2791 Psul.
401 2765 474 2789 μιν,
491 2758 520 2791 8;
534 2758 614 2786 Hebr.
632 2768 650 2791 t,
666 2761 691 2788 9.

221 2796 240 2822 I,
252 2789 298 2816 69.
336 2790 358 2806 ’θ
370 2790 450 2824 Prov,
468 2789 527 2825 vni,
547 2795 588 2821 15.

257 2856 311 2890 (14)
329 2857 412 2892 Epist.
430 2855 549 2889 Billiana:
564 2863 628 2889 edit.
644 2864 687 2891 4‘2.

731 2762 754 2778 ⁸⁵
770 2763 850 2791 Eccli.
870 2773 930 2799 ην,
946 2768 987 2795 l0.

626 2797 649 2812 5“
664 2796 735 2824 Psai.
752 2807 816 2829 cut,
834 2800 859 2825 7.

1064 2299 1125 2319 esse
1141 2292 1310 2329 episcopum,
1337 2300 1383 2322 aut
1405 2297 1496 2324 sedem
1521 2297 1594 2325 illam
1617 2307 1738 2335 unquam
1755 2308 1851 2329 susce-

1064 2338 1147 2372 pisse.
1171 2338 1265 2365 Solnm
1292 2345 1381 2366 autem
1404 2340 1493 2370 Patris
1522 2343 1630 2370 hortatu
1652 2352 1684 2371 ac
1701 2345 1792 2379 jussu,
1823 2351 1851 2373 ut

1064 2383 1134 2409 sacri
1160 2378 1305 2411 ministerii
1334 2385 1470 2413 defectum
1492 2388 1633 2423 impleret,
1659 2391 1699 2418 sic
1722 2391 1850 2419 Ecclesiae

1063 2435 1156 2455 curam
1176 2431 1340 2465 suscepisse,
1364 2437 1393 2459 ut
1405 2438 1521 2461 senectae
1541 2435 1669 2467 fulcrum,
1685 2444 1716 2464 ac
1731 2443 1850 2472 paterna:

1063 2474 1257 2502 imbecillitatis
1286 2479 1503 2507 sustentaculum
1534 2481 1652 2509 audiret.
1675 2481 1714 2509 ita
1738 2490 1803 2510 vero
1819 2492 1848 2511 se

1063 2528 1118 2548 rem
1131 2521 1242 2555 habere,
1253 2524 1335 2552 etiam
1352 2534 1384 2553 ex
1401 2526 1434 2554 iis
1453 2528 1629 2564 perspicuutn
1647 2534 1699 2561 est,
1712 2537 1773 2564 qua:
1788 2530 1846 2564 ipse

1062 2567 1094 2594 ad
1110 2567 1270 2603 Gregorium
1289 2572 1340 2598 sibi
1362 2573 1550 2607 cognominem
1568 2575 1663 2601 scribit
1682 2575 1750 2610 (Μ).
1774 2575 1847 2603 Inter

1061 2621 1149 2641 omnes
1172 2617 1265 2644 etenim
1281 2624 1382 2645 constat
1411 2628 1451 2647 me
1476 2628 1528 2647 non
1549 2620 1694 2653 Nazianzi,
1712 2623 1756 2649 sed
1772 2623 1842 2650 Sasi-

1060 2667 1162 2686 morunt
1183 2663 1329 2690 antistitem
1343 2670 1461 2691 creatum
1476 2665 1580 2698 fuisse;
1604 2667 1708 2694 tametsi
1721 2667 1747 2694 in
1760 2669 1844 2700 patris

1061 2708 1243 2739 reverentiam,
1258 2715 1282 2734 et
1298 2716 1400 2740 eorum,
1424 2710 1469 2744 qui
1488 2711 1616 2745 supplices
1634 2711 1682 2738 ltoc
1697 2721 1712 2738 a
1728 2721 1767 2738 me
1782 2721 1844 2739 cun-

1027 2769 1048 2785 ³⁶
1063 2770 1161 2799 Etcrh.
1181 2782 1270 2806 xxxiv,
1283 2775 1309 2807 4,
1322 2775 1338 2802 5
1351 2784 1427 2810 seqq.
1466 2777 1486 2792 ³⁷
1500 2777 1572 2805 l’sal.
1591 2785 1661 2811 xxtt,
1672 2778 1698 2805 2.
1738 2779 1759 2794 ³“⁴
1775 2779 1840 2806 Luc.
