2089 3151
180 174 232 206 47⁸1

533 173 675 204 ORATIO
692 174 755 203 XX.
780 187 806 192 -
827 173 868 204 IN
897 174 1055 205 LAUDEM
1073 175 1104 205 S.
1120 173 1310 205 GREGORII
1323 174 1461 205 THEOL.

1759 175 1813 209 473

181 227 331 259 teuderunt,
344 226 378 253 ad
397 225 471 253 breve
482 230 594 260 tempus,
612 227 689 261 quasi
704 227 819 262 hospite:
835 227 975 262 pra-feclu-
990 229 1012 257 A
1026 228 1182 256 celebrante
1193 228 1226 260 υ,
1242 228 1371 263 frequens
1385 228 1529 261 conﬂuxit;
1547 236 1597 256 nec
1609 229 1648 257 sic
1661 229 1739 264 plena
1750 234 1815 261 ante

180 281 238 299 ram
251 272 424 305 suscepimus.
438 270 516 303 Quod
538 271 620 306 igitur
638 276 714 306 pater
732 272 873 300 tnortalem
885 273 970 300 vitam

180 318 271 346 divina
287 321 516 349 commutaverat,
529 321 670 344 vacantetn
696 317 752 352 jam
772 318 912 345 inventum
930 318 971 345 di-

179 364 242 390 vina
267 363 387 398 Spiritus
416 362 513 397 gratia,
529 362 646 397 vitaeque
661 370 693 389 ac
705 363 836 391 doctrina;
850 364 971 391 humana

180 409 283 444 majore
309 408 464 443 praestantia
498 413 590 442 postea
626 408 810 435 clarissimum
833 409 971 441 eﬂ'ectum.

181 456 209 481 in
223 455 298 482 urbis
313 460 437 487 augusta:
458 454 528 481 solio
540 459 673 488 quantum
691 454 778 482 oculis
791 455 970 490 conspicuum

180 505 249 532 erat,
260 501 421 533 constituit;
437 505 568 535 quantum
583 504 675 527 autem
690 500 781 527 animo
796 502 971 536 aspcctabile,

181 547 255 574 urbis
272 552 407 574 terrarum
420 547 521 574 bonum
544 546 698 578 Pastorem,
717 555 901 582 magnumque
922 555 972 575 att-

182 593 293 620 tistitem
309 593 433 627 praeficit.

218 639 312 674 Operae
344 639 459 674 pretium
495 643 586 666 autem
617 644 649 666 ut
674 647 725 668 nec
739 639 828 674 ipsum
846 639 973 666 ineunda!

181 685 252 712 sedis
265 689 404 712 taceamus
424 683 547 712 modum.
573 684 723 720 Postquam
749 685 822 711 enim
849 684 971 711 divinttm

181 731 246 758 illud
261 738 293 757 ae
317 730 443 763 salutare,
457 735 620 764 przeceptum
649 736 731 765 atque
754 730 892 757 decretum
909 737 971 764 per-

180 777 321 810 vulgatum
337 779 380 802 est
399 774 459 802 fere
472 774 640 810 Thcologum
653 775 680 802 in
693 778 756 803 sede
770 776 970 808 collocandum;

181 822 294 856 perinde
308 828 372 848 vero
395 828 428 848 ac
439 821 524 853 dicas,
543 829 625 856 quam
655 822 679 848 is
701 821 862 848 Trinitatem
875 821 970 864 ’Deum

179 868 361 904 prmdicabat;
387 867 479 894 videre
503 872 562 894 erat
590 868 745 895 universam
775 866 970 902 propemodum

180 914 263 942 simul
280 917 446 944 creaturam,
458 913 531 940 illius
547 911 751 940 sublim'ationis
762 920 827 948 ergo
860 920 892 939 ac
909 920 972 947 pro-

179 959 414 993 vectionislseeum
426 958 512 993 ipsam
531 958 644 985 moveri.
656 958 677 985 Τ
683 965 735 985 unc
746 957 830 989 enitn,
844 957 971 989 arbitror,

180 1005 315 1033 caelorum
346 1005 463 1032 virtutes
496 1012 609 1036 omnes,
636 1008 745 1036 mente,
778 1003 972 1035 immateriate,

179 1051 330 1085 inaspecte,
357 1054 527 1084 praeeuntes,
553 1054 710 1083 sequentes,
744 1049 898 1084 stipantes.
925 1055 973 1082 pro

180 1103 261 1123 sacro
278 1095 364 1124 divini
390 1094 515 1130 prasulis
542 1094 668 1129 ingressu
683 1094 805 1128 jucunde
822 1093 972 1128 applaude-

181 1143 248 1170 bant
278 1150 286 1169 :
318 1149 416 1169 omnes
452 1141 628 1176 profanorum
663 1141 816 1168 daemonum
857 1144 971 1172 turmae,

179 1191 316 1222 quotquot
332 1186 433 1215 aeriam
445 1186 582 1221 regionem
598 1186 781 1219 circumeunt,
798 1193 830 1212 ac
839 1189 974 1220 quotquot

180 1231 271 1259 locum
287 1236 366 1264 terra:
394 1231 555 1258 vicinieretn
574 1231 689 1266 adeptae,
715 1231 765 1257 he:-
784 1231 835 1257 sibi
851 1231 972 1257 studium

181 1283 287 1314 ponunt
297 1283 326 1306 ut
342 1277 484 1305 hominum
494 1284 582 1312 genus
594 1277 738 1309 seducant,
755 1275 859 1303 inferna
874 1276 974 1303 festiue

182 1324 296 1357 latibula
323 1323 462 1356 subibant,
493 1330 554 1350 cum
583 1322 714 1350 micantia
742 1322 827 1349 divini
855 1321 973 1356 Spiritus

181 1369 298 1404 fulgetra
320 1376 374 1396 non
407 1367 520 1396 ferrent.
538 1367 635 1395 Omnis
656 1375 722 1394 vero
747 1367 854 1401 piorum
872 1367 972 1394 civium

181 1418 283 1445 coetus,
293 1413 364 1441 ﬁdeli
381 1413 538 1448 imperatori
553 1421 586 1441 ex
607 1413 669 1440 ﬁdei
683 1413 783 1448 pietate
797 1420 899 1444 centes,
915 1420 974 1440 meo

182 1461 362 1496 numentique
389 1460 501 1487 maximi
520 1459 696 1488 festivitatem
721 1459 852 1487 antistitis
867 1460 973 1494 ingres-

182 1514 243 1534 sum
260 1506 375 1537 ducens,
392 1505 535 1541 splendide
557 1513 697 1541 ovansque
709 1506 736 1533 in
755 1513 860 1533 sacram
873 1506 974 1540 pariter

181 1553 267 1581 aedem
284 1552 465 1587 irrumpebat.

219 1597 342 1626 Vidisses
369 1598 451 1633 igitur
481 1597 538 1625 illic
565 1597 656 1632 populi
688 1597 808 1625 universi
838 1597 973 1632 plausus,

181 1644 305 1671 victoriae
322 1644 445 1676 cantica;
457 1651 490 1671 ac
504 1643 606 1678 quibus
626 1642 692 1675 Dee.
704 1642 804 1677 quibus
816 1643 974 1677 imperatori

182 1694 274 1724 grates
288 1689 505 1717 exsolverentur.
522 1688 644 1716 Vidisses
656 1687 870 1722 viros,feminas,
884 1696 974 1721 senes,

162 1768 166 1773 .
182 1742 293 1770 pueros,
309 1742 416 1767 servos,
435 1735 528 1766 heros,
560 1735 700 1761 hominum
723 1738 832 1761 a-tatem
852 1742 974 1767 omnem,

183 1788 266 1808 omne
279 1780 397 1808 instituti
415 1788 501 1815 genus
513 1780 559 1814 qui
574 1779 736 1811 solitariam,
766 1779 868 1814 quique
895 1779 976 1814 vulgo

184 1827 276 1853 tritam
289 1827 373 1853 vitam
386 1830 506 1861 agerettt,
516 1825 673 1853 sacerdotes
692 1833 724 1852 ac
738 1825 831 1856 laicos,
853 1833 884 1852 ex
900 1825 975 1852 omni

184 1870 272 1898 ferme
289 1871 443 1904 hominum,
458 1871 530 1905 quod
549 1871 601 1897 sub
616 1871 686 1897 coelo
699 1874 753 1900 est.
771 1878 884 1905 genere,
903 1871 975 1897 haud

184 1925 266 1946 secus
282 1925 314 1945 ac
328 1917 460 1945 ﬂuctuum
475 1917 659 1952 eruptionem,
670 1916 850 1949 conﬂuentes,
861 1915 977 1943 inﬂuen-

184 1970 236 1998 tes,
255 1968 419 2000 praeeuntes,
437 1967 625 1996 occursantes,
641 1963 831 1997 impellcntcs,
841 1962 867 1989 in
880 1963 976 1989 adver-

183 2017 245 2038 sum
260 2010 391 2045 pellentes
407 2016 440 2036 ac
455 2008 501 2043 qui
519 2008 694 2043 pellerentur,
705 2006 854 2042 gaudentes
869 2013 976 2039 omnes,

185 2063 282 2083 omnes
295 2055 452 2090 gestientes,
459 2054 583 2089 jucunde
596 2061 692 2080 omnes
702 2053 806 2084 animo,
822 2053 979 2087 bonumque

186 2105 324 2129 certamen
343 2104 492 2128 certantes.
511 2099 550 2126 Ne
570 2099 682 2134 quidem
710 2098 861 2132 virginibus
878 2098 918 2124 fas
937 2097 979 2123 vi.-

186 2147 303 2175 debatur
318 2152 346 2173 ut
363 2153 441 2174 sacro
457 2146 494 2172 illi
521 2145 682 2179 spectaculo
704 2144 842 2171 deessent.
859 2144 898 2171 Ac
913 2151 979 2171 vero

185 2194 238 2225 hat,
253 2193 367 2220 honesta
385 2192 519 2228 gravitate
544 2196 656 2226 operta',
683 2198 762 2218 sacra
786 2190 882 2217 festive
899 2193 975 2225 septa

1022 281 1085 301 eum
1105 282 1160 302 uno
1173 274 1256 301 totius
1270 274 1363 308 populi
1389 278 1525 301 conventu
1542 274 1635 302 Davidi
1654 280 1749 302 coacta
1769 282 1815 302 ce—
1860 271 1867 274 ’

1023 315 1133 346 lébritas
1148 323 1198 350 est.
1210 323 1349 351 tutn,cum
1367 326 1430 345 arca
1441 323 1471 346 ut
1486 319 1641 354 quiesceret
1663 320 1750 347 locata
1764 320 1816 347 fuit

1023 369 1104 400 atque
1122 364 1258 399 deposita,
1279 372 1310 392 ac
1342 364 1369 391 in
1398 363 1444 390 illo
1462 365 1585 400 ingressu
1609 365 1753 393 conﬂatam
1772 365 1814 393 l'e-

1023 415 1088 438 runt
1104 410 1142 443 “;
1165 418 1262 445 nempe
1291 409 1424 444 Gregorio
1442 411 1534 438 sedem
1552 410 1680 438 adeunte.
1699 411 1732 438 lis
1753 413 1815 446 qui-

1023 457 1083 484 dem
1098 457 1144 491 qui
1162 461 1234 483 recta
1256 456 1395 491 fulgebant
1422 456 1483 488 fide,
1500 456 1561 484 talis
1585 456 1695 490 quidam
1715 464 1815 484 cursus

1024 511 1056 530 ac
1070 503 1197 530 alacritas
1225 506 1299 534 erat;
1323 507 1350 529 at
1366 509 1455 537 neque
1479 503 1668 530 haereticorum
1688 509 1784 537 agmen
1799 511 1815 529 a

1023 548 1162 575 communi
1176 547 1221 574 illa
1236 547 1327 582 populi
1346 547 1543 581 glomeratione
1572 547 1676 575 aberat.
1693 548 1815 574 Aderant

1024 598 1127 624 autem,
1139 598 1222 628 atque
1245 592 1291 619 alii
1308 593 1419 627 quidem
1438 593 1513 621 intus
1534 593 1627 620 animo
1641 593 1744 620 invidia
1757 593 1815 620 dis-

1024 640 1203 672 seeabantur;
1225 647 1275 667 nec
1294 645 1384 666 tatnen
1401 639 1563 674 pravitatem
1587 640 1614 666 in
1635 640 1722 666 lucem
1750 647 1816 674 pro-

1024 685 1168 717 ferebant;
1190 685 1235 712 alii
1260 693 1338 713 more
1363 693 1462 712 canum
1496 685 1524 712 in
1551 685 1656 712 rabiem
1678 685 1742 718 acti,
1759 685 1814 720 jam

1024 732 1106 759 c:edis
1120 731 1192 758 avidi
1210 731 1325 763 irruere,
1343 735 1426 765 atque
1442 738 1539 758 necare
1552 731 1755 765 incitabantur;
1768 731 1815 758 sed

1024 777 1071 804 Dei
1093 777 1201 804 occulta
1224 785 1318 808 manu,
1336 781 1490 811 cunctaque
1512 782 1703 809 conservante,
1721 776 1817 804 furens

1024 823 1069 849 ille
1081 830 1176 849 eorum
1193 823 1312 857 impetus
1330 822 1516 849 inltibebatur.
1538 822 1627 857 Atque
1648 822 1685 849 illi
1701 822 1812 857 quidem

1026 869 1151 902 insidias,
1179 873 1280 900 strues,
1308 868 1403 895 turbas
1424 875 1457 895 ac
1479 868 1639 900 seditiones,
1656 868 1816 902 innoxiiquc

1024 913 1168 948 sanguinis
1188 913 1348 941 cﬂ‘usionem
1376 914 1476 941 animis
1496 913 1675 948 cogitabant;
1695 913 1818 940 Trinitas

1023 966 1115 986 autem
1152 959 1266 993 (quippe
1300 959 1365 986 boni
1399 960 1508 994 amans)
1536 958 1707 986 defensorem
1735 966 1814 985 suum

1023 1013 1056 1033 ac
1074 1009 1315 1040 propugnatorem,
1345 1005 1380 1032 ab
1398 1004 1474 1032 omni
1503 1009 1591 1032 tutum
1611 1004 1733 1039 nequitia
1757 1011 1817 1031 ser-

1024 1050 1114 1077 vabat.

1059 1095 1182 1123 Vidisses
1197 1095 1273 1122 illinc
1292 1095 1421 1129 utrinque
1445 1094 1656 1129 congressiones
1676 1093 1745 1126 fieri,
1765 1101 1814 1128 pu-

1023 1149 1147 1177 gnasque
1163 1141 1308 1172 committi,
1326 1140 1468 1168 Anetnmis
1493 1141 1608 1171 scilicet,
1634 1144 1764 1174 tanquam
1784 1138 1819 1166 ad

1024 1189 1099 1222 ipsos
1114 1192 1280 1222 spectantes,
1304 1186 1440 1214 Ecclesias
1456 1186 1657 1213 vindicantibus
1683 1185 1728 1221 (iis
1744 1185 1817 1212 enirn

1023 1234 1070 1268 qui
1090 1234 1205 1268 longiori
1217 1238 1339 1267 tempore
1353 1232 1536 1267 possederint,
1545 1232 1587 1258 vel
1596 1232 1620 1260 si
1637 1231 1819 1266 injustissima

1024 1280 1164 1314 possessio
1187 1279 1235 1310 sit,
1264 1278 1336 1306 haud
1372 1286 1434 1305 raro
1452 1286 1485 1305 ex
1501 1277 1631 1314 continua
1646 1276 1820 1304 solummodo

1023 1325 1188 1358 detentione,
1207 1325 1348 1351 hominum
1364 1323 1468 1359 judicio
1482 1328 1542 1351 rata
1565 1322 1634 1350 fides
1650 1321 1818 1355 succurrit);

1024 1370 1166 1398 llotneusii
1197 1374 1290 1397 autem
1320 1369 1511 1397 defensoribus
1539 1368 1653 1397 easdem
1681 1368 1820 1395 mordicus

1025 1416 1216 1448 retinentibus,
1233 1415 1307 1442 velut
1318 1415 1365 1450 qui
1387 1423 1485 1442 recens
1502 1415 1549 1442 Dei
1575 1418 1654 1447 nutu,
1671 1414 1764 1449 piique
1779 1413 1821 1440 fa-

1029 1469 1096 1490 vore
1108 1462 1294 1497 imperatoris,
1308 1461 1449 1497 Theologe
1469 1461 1574 1496 optitno
1591 1465 1772 1495 praeceptore.
1788 1467 1821 1487 ac

1024 1512 1168 1540 testatere,
1177 1515 1226 1536 ceu
1242 1507 1361 1543 legititna
1374 1506 1601 1534 hatreditateillas
1614 1505 1704 1541 adepti
1717 1508 1819 1533 essent.

987 1557 1008 1585 C
1060 1554 1184 1583 Vidisses
1200 1554 1255 1581 illic
1277 1561 1386 1582 sacrum
1414 1553 1480 1580 illud
1505 1553 1592 1580 melos
1608 1552 1698 1587 reipsa
1717 1551 1819 1586 praesti-

1026 1605 1102 1633 tttm,
1130 1606 1242 1634 nempe,
1270 1598 1338 1632 justi
1363 1598 1474 1633 quidem
1500 1606 1585 1625 cornu
1611 1597 1761 1625 exaltatum
1792 1596 1820 1624 in

1025 1647 1128 1681 gloria;
1155 1649 1311 1680 peccatores
1339 1650 1429 1672 autern
1456 1644 1588 1676 videntes.
1613 1648 1640 1670 et
1662 1643 1820 1676 irascentes,

1025 1694 1053 1718 et
1067 1690 1216 1719 stridentes
1236 1691 1374 1723 dentibus,
1391 1698 1424 1718 ac
1453 1690 1646 1722 tabescentes;
1669 1695 1821 1723 eorumque

1024 1736 1142 1769 periisse
1156 1736 1291 1764 desideria
1307 1736 1341 1762 “.
1356 1735 1414 1763 Non
1431 1736 1503 1762 enim
1529 1735 1652 1762 futurum
1668 1738 1728 1762 erat
1743 1738 1773 1760 ut
1791 1734 1818 1760 in

1027 1783 1139 1818 longum
1155 1787 1265 1817 tempus
1279 1781 1386 1809 falsitas
1402 1781 1582 1808 reluctaretur
1613 1787 1644 1807 ac
1662 1779 1820 1810 obsisteret,

1027 1836 1115 1863 neque
1131 1833 1160 1855 ut
1174 1828 1297 1855 veritatis
1313 1827 1458 1854 adversum
1474 1834 1503 1853 sc
1522 1826 1608 1853 aciem
1620 1826 1653 1852 ad
1667 1830 1820 1852 extremum

1027 1874 1197 1901 sustineret:
1214 1873 1261 1900 sed
1281 1873 1353 1899 sicut
1380 1872 1491 1899 hiberna
1511 1875 1668 1905 tempestas,
1687 1871 1744 1898 sive
1755 1869 1821 1896 bru-

1028 1919 1099 1946 male
1120 1919 1216 1953 frigus,
1243 1919 1338 1952 procul
1367 1918 1459 1944 adhuc
1485 1921 1613 1944 morante
1642 1916 1711 1949 sele,
1738 1921 1822 1950 atque

1026 1965 1174 1992 australetu
1203 1968 1329 1991 versante
1354 1964 1436 1995 viam,
1467 1964 1520 1990 late
1549 1963 1630 1997 viget,
1656 1969 1822 1996 omnemque

1027 2010 1194 2044 constringit
1209 2015 1346 2041 naturam,
1359 2016 1392 2036 ac
1411 2009 1510 2044 premit
1527 2016 1533 2034 :
1549 2008 1595 2034 illo
1611 2012 1703 2034 autem
1725 2014 1822 2033 rursus

1028 2056 1102 2091 ipsas
1113 2055 1168 2090 jam
1185 2055 1219 2082 ad
1235 2055 1392 2089 aquilonem
1417 2055 1579 2081 decliviores
1596 2054 1736 2088 detegcnte
1756 2060 1822 2086 par~

1028 2107 1079 2133 tes.
1092 2106 1173 2137 atque
1185 2101 1309 2128 aestivum
1318 2104 1432 2136 gyrante
1446 2099 1605 2130 solstitium,
1638 2098 1824 2132 clarioresque

1029 2154 1062 2173 ac
1092 2154 1168 2173 mera
1197 2145 1333 2173 ﬁrmiores
1358 2145 1449 2172 radios
1469 2143 1643 2175 immittente,
1670 2142 1821 2173 incalescit,

1030 2193 1198 2228 spiritusque
1231 2199 1264 2219 ac
1284 2191 1366 2219 vitam
1396 2191 1521 2223 resumit,
1536 2189 1670 2224 quidquid
1688 2189 1714 2216 in
1737 2189 1822 2215 rebus

186 2239 359 2267 invadebant.
377 2239 490 2266 Cunctis
502 2242 641 2265 certamen
657 2242 725 2268 erat,
745 2237 844 2271 piaque
863 2224 976 2264 centen-
990 2224 1078 2270 Dest.
1097 2224 1213 2273 vereque
1239 2238 1328 2265 lanius
1354 2237 1502 2268 diluccnm,
1533 2236 1630 2263 bruma
1655 2235 1744 2264 facile,
1773 2233 1823 2260 ιἰ-ί-

185 2285 234 2316 tio,
263 2285 309 2312 alii
330 2289 362 2312 ut
374 2285 522 2312 antistitem
539 2291 623 2319 prope
646 2284 806 2316 accederet;
825 2283 881 2315 alii,
899 2287 928 2310 ut
943 2283 976 2310 iis

184 2330 232 2366 qui
250 2338 334 2365 prope
359 2331 524 2358 accedebant
538 2337 554 2357 e
569 2329 660 2357 vicino
673 2329 850 2363 succederet;
868 2329 925 2362 alii,
946 2333 976 2356 ut

185 2377 226 2403 vel
239 2377 359 2408 eminus,
373 2376 516 2411 ingressus
540 2375 653 2407 videret,
683 2376 757 2403 velut
784 2375 849 2402 hinc
866 2383 976 2410 quoque

183 2422 359 2450 commodum
376 2421 477 2456 aliquid
494 2425 671 2456 percepturus
679 2427 761 2448 esset.
773 2421 889 2447 Animus
902 2421 975 2447 enim

183 2467 246 2494 ﬁdei
263 2475 361 2499 sensu,
376 2467 401 2494 ei
413 2467 459 2502 qui
475 2466 594 2494 creditur
614 2471 704 2493 mente
720 2466 894 2501 conjunctus,
911 2466 976 2493 dum

183 2514 226 2541 vel
239 2513 301 2548 ejus
317 2513 441 2540 umbram
456 2513 549 2547 procul
570 2512 736 2546 speculando
751 2513 909 2544 adverterit,
926 2521 975 2540 cu-

183 2559 297 2594 piditate
324 2559 425 2593 agitur,
443 2559 539 2593 gestit.
564 2559 695 2593 omnique
717 2559 810 2585 studio
824 2559 857 2586 ad
885 2559 974 2594 ipsum

182 2605 323 2632 contendit
340 2614 347 2631 :
366 2612 398 2631 ac
415 2604 489 2630 velut
502 2604 620 2638 quodam
652 2603 764 2638 majoris
783 2605 911 2631 amicitia:
927 2605 976 2632 sti-

182 2651 269 2682 mulo,
286 2654 433 2685 conspectu
461 2657 540 2681 usus,
569 2656 686 2684 corpore
719 2650 813 2682 etiam,
831 2655 858 2676 ut
879 2650 914 2676 ita
933 2658 976 2678 res

181 2697 263 2728 ferat,
275 2697 388 2723 enititur
402 2702 494 2723 amato
507 2695 648 2730 conjungi.

221 2743 281 2770 Non
314 2742 354 2769 sic
372 2741 503 2769 .lndaicus
526 2741 590 2767 olitn
615 2741 731 2775 populus
747 2741 819 2768 circa
845 2741 974 2776 templum

181 2789 471 2826 Ilierosolymitanum,
504 2790 651 2818 Salomone
670 2791 868 2819 dedicationem
895 2791 968 2818 illius

217 2878 236 2894 "
248 2877 269 2905 ll
282 2878 343 2906 Par.
354 2886 401 2912 vn,
414 2878 440 2906 8.
480 2879 501 2894 δ’
518 2878 540 2906 11
554 2878 618 2913 Reg.
632 2887 667 2912 Vl,
689 2879 711 2907 l.

1029 2295 1136 2322 gusquc
1168 2286 1301 2313 exolescit
1326 2292 1358 2312 ac
1387 2283 1565 2315 dissolvitur,
1591 2282 1673 2316 inque
1701 2281 1824 2308 internus

1026 2341 1153 2361 secessus
1177 2338 1264 2368 atque,
1293 2332 1410 2359 latebras
1432 2329 1554 2357 vicissim
1581 2328 1699 2363 cogitur.
1722 2327 1823 2354 Eodem

1028 2378 1084 2406 fere
1105 2378 1196 2410 modo,
1215 2385 1325 2413 gravem
1353 2377 1428 2404 illam
1450 2376 1597 2406 haeresum,
1615 2381 1646 2401 ac
1665 2380 1747 2408 quam
1765 2380 1824 2399 tno-

1030 2425 1128 2452 lestam
1162 2424 1317 2459 caliginem,
1353 2426 1498 2456 atramque
1524 2423 1725 2454 tempestatem,
1751 2417 1824 2445 haud

1034 2477 1114 2501 secus
1123 2477 1154 2497 ac
1163 2469 1367 2496 crassissimam
1383 2467 1513 2498 hietnem,
1528 2466 1683 2499 nubemque
1693 2463 1824 2491 Ecclesiis

1031 2516 1160 2547 aﬂ'usam,
1189 2523 1221 2542 ac
1251 2515 1356 2549 pierum
1385 2517 1554 2548 prementem
1584 2511 1679 2544 corda,
1698 2509 1822 2544 Gregorii

1031 2569 1189 2590 sermonum
1217 2561 1319 2593 radios,
1339 2560 1414 2587 velut
1429 2566 1444 2586 e
1460 2559 1529 2592 sole,
1549 2557 1697 2586 Christoin
1713 2564 1746 2583 eo
1764 2562 1823 2582 nta-

1030 2612 1111 2634 nente
1138 2606 1342 2641 promicantes;
1369 2605 1525 2640 clariusque
1554 2612 1586 2632 ac
1610 2603 1728 2631 lucidius
1744 2600 1823 2628 eﬂul-

1030 2657 1124 2688 gentes
1143 2652 1302 2680 dissolvissc
1326 2659 1358 2679 ac
1380 2650 1605 2685 consumpsisse;
1630 2654 1711 2683 atque
1731 2646 1820 2674 Eccle-

1028 2701 1077 2727 sia:
1094 2701 1294 2726 firmamentum
1308 2698 1335 2725 itt
1346 2702 1446 2725 statum
1459 2697 1512 2724 diei
1523 2697 1675 2732 fulgoribus
1686 2693 1817 2721 lucidum.

1028 2753 1060 2772 ac.
1075 2746 1150 2780 pacis
1164 2745 1316 2772 claritatem
1338 2749 1550 2772 transmutasse.

1064 2790 1149 2825 llujus
1164 2797 1228 2818 vero
1248 2794 1353 2818 certum
1371 2793 1565 2825 argumentum
1577 2806 1585 2821 ,
1601 2793 1634 2814 ac
1653 2783 1820 2819 conjectura,

754 2879 774 2894 ³³
795 2879 866 2906 Psal.
883 2886 937 2911 LXI,
955 2879 981 2911 9,
1001 2878 1042 2905 ll).
