2089 3151
288 173 323 205 79
462 148 469 153 -
851 177 998 208 NICETtE
1021 180 1284 212 PAPHLAGONIS

1839 185 1892 218 480

269 235 332 262 qua:
346 231 410 255 ante
427 235 534 255 sacrum
560 227 635 255 illum
651 229 803 264 ingressum
825 231 850 258 itt
869 239 959 259 acrem
979 233 1063 261 effusa
1079 238 1100 264 Α
1118 235 1185 262 tatis
1214 236 1332 263 decretis
1361 237 1419 269 pari
1443 237 1602 265 credulitate
1623 237 1783 266 sulm-itlere
1807 241 1909 273 animo,

269 273 436 301 'densissima
459 275 546 309 caligo
567 282 600 302 ac
613 276 766 303 obscuritas
783 281 835 304 est.
851 277 886 304 At
905 279 950 306 ubi
965 278 1060 307 Eccle—

269 320 339 346 siam
356 320 497 355 ingressus
507 325 558 352 est,
575 320 702 348 universa
717 322 826 349 civitate
842 331 874 350 ac
897 324 1060 359 imperatore

270 371 324 390 una
352 364 470 395 comite,
489 364 618 399 omnique
646 365 775 393 Ecclesia:
803 372 875 394 ctetu
899 368 1061 397 decantante

271 409 381 436 landum
410 409 528 442 cantica,
554 418 587 437 ac
604 410 697 438 divino
709 412 831 440 antistite
854 413 881 440 in
898 414 963 441 sede
974 415 1060 442 collo-

270 458 348 486 cato,
363 458 582 490 cunctorumque
602 457 719 484 vultibus
738 458 900 493 praefervido
928 460 1060 496 lacrytna-

272 508 334 527 rum
365 500 454 528 imbre
485 501 614 536 perfusis,
633 505 806 538 computtctis
823 506 926 534 scilicet
937 508 1060 534 omnium

271 545 382 578 animis,
402 553 452 574 nec
462 550 565 574 tantam
583 549 707 576 beneﬁcii
728 551 780 577 vim
796 551 877 579 siccis
893 553 981 580 oculis
996 561 1062 580 sus-

271 591 362 625 cipere
392 592 570 627 valentibus;
586 595 630 621 ubi
646 595 764 630 denique
783 597 897 629 clamor,
921 599 1061 633 gaudium,

275 636 476 672 commistaque
493 638 604 666 tristitia
621 647 654 666 ac
689 641 862 675 supplicatio,
881 643 999 671 universi
1017 652 1063 678 po-

272 681 327 714 puli
349 687 438 716 gestu,
473 682 568 710 habitu
593 692 696 720 oreque
717 686 821 721 erupit;
840 688 955 716 solvitur
971 690 1063 717 statim

270 726 435 754 densissima
451 727 495 755 illa
512 736 564 755 uox
605 737 637 757 ac
660 731 795 765 tenebrae;
824 733 926 768 luxque
942 734 1064 769 splendi-

271 771 384 798 dissiuta
400 772 543 800 confertim
571 774 712 808 ellulgens,
729 776 919 805 ltmrcticorum
951 779 1062 813 quidem

274 824 337 851 spes
359 817 386 844 in
421 818 568 846 obscurum
586 821 681 853 trttdit,
700 821 806 856 piorum
831 828 921 850 autent
944 826 1065 860 exceptis

270 864 431 897 corporibus
445 865 525 892 etiam
542 867 663 894 animum
691 868 815 895 claritate
831 869 961 903 perfudit.
982 879 1064 898 exsu-

1113 289 1203 316 operaa
1221 283 1337 316 pretium
1353 283 1498 310 ducebant.

1134 327 1178 354 Sol
1191 333 1217 355 et
1231 329 1305 361 luna,
1313 329 1400 356 oculis
1408 329 1517 364 quidem
1528 331 1686 365 conspicua.
1698 332 1908 367 haudquaquam

1111 380 1194 400 cursu
1211 373 1324 401 inltibita
1339 379 1411 402 sunt.
1437 374 1574 408 Quorsum
1587 376 1659 403 ettim
1676 377 1688 403 τ
1703 382 1730 403 at
1749 378 1795 411 qui
1811 384 1901 406 mente

1113 419 1152 445 sol
1171 419 1341 454 intelligitur,
1359 429 1413 447 non
1426 421 1518 454 semei,
1546 422 1592 448 sed
1606 422 1633 448 in
1655 429 1816 457 perpetuum
1830 444 1838 456 ,
1862 433 1909 452 su-

1112 464 1188 491 blimi
1203 465 1261 499 ejus
1278 466 1373 496 tnenti,
1394 473 1426 493 ac
1447 466 1546 493 coelum
1573 467 1731 501 pervadenti
1748 469 1881 496 assistens
1898 471 1905 494 ἲ

1113 510 1179 544 quiti
1197 515 1222 537 et
1242 511 1301 546 ejus
1325 511 1464 546 sapientiae
1488 520 1549 546 quae
1570 513 1663 540 szeculi
1686 521 1738 541 usu
1764 520 1908 549 przestalur

1114 554 1282 582 lucidissima
1303 556 1393 590 specie
1408 556 1480 583 velut
1499 556 1570 583 lunae
1595 557 1677 592 jubar
1698 558 1840 594 effulgens,
1865 560 1905 586 vi-

1117 603 1219 626 ctorem
1250 600 1380 628 adversus
1408 600 1454 627 Dci
1479 601 1582 634 hostes,
1610 610 1642 629 ac
1671 603 1899 638 triutnphatorent

1116 643 1199 671 facit:
1217 645 1317 679 quibus
1334 646 1392 672 neci
1408 645 1489 677 datis,
1501 654 1582 681 quam
1597 647 1774 681 possederant
1786 654 1898 681 terram,

1116 696 1215 722 nempe
1233 689 1393 722 Ecclesiam,
1410 691 1586 724 possessione
1600 693 1667 719 adit.

1152 733 1286 766 Possidet,
1323 735 1445 770 inquatn,
1479 736 1590 770 aditqtte
1620 737 1820 772 ltaarcditatem,
1851 748 1906 768 non

1117 786 1177 813 quae
1199 779 1313 812 difﬂuat,
1336 785 1416 815 atque
1434 781 1514 808 facile
1530 782 1685 816 dilabatur;
1704 785 1750 811 sed
1767 785 1905 819 stabilcnt,

1117 827 1199 857 atque
1228 824 1261 850 ad
1290 824 1413 851 futurutn
1437 827 1567 853 sacculum
1594 828 1832 863 commigrantem,
1855 839 1906 858 nec

1117 875 1176 893 eatn
1196 868 1328 895 duntaxat
1353 877 1414 904 qua:
1430 869 1455 896 itt
1476 871 1566 903 terris,
1586 876 1667 906 atqtte
1686 873 1773 901 oculis
1793 876 1906 910 conspi-

273 913 385 941 pcrante
399 910 528 936 maestitia
547 911 780 946 ittjucunditatem
804 913 1060 948 nitniumquantatn

1115 920 1163 938 etta
1188 919 1251 945 est;
1268 914 1316 940 sed
1345 922 1391 948 per
1415 923 1487 945 eam,
1512 916 1546 942 ad
1571 918 1711 945 cmiestem
1733 918 1902 952 Jerusalem,

273 952 396 984 cedente,
427 958 509 988 atque
539 963 682 983 conversa.
708 955 753 983 Sic
773 957 901 984 nimirum
918 957 1062 993 Dominus,

274 999 504 1031 quemadmodum
523 1008 578 1030 eos.
597 1001 643 1035 qui
660 1002 747 1036 ipsum
760 1003 922 1037 (-Iat-iﬁcant,
939 1005 1064 1034 claritate

272 1050 383 1077 augere,
394 1044 435 1071 sic
449 1045 496 1079 qui
509 1051 652 1080 spernunt,
663 1054 793 1082 spernere
803 1051 955 1077 consuevit.

304 1109 488 1139 Admirandns
501 1113 611 1147 quidem
624 1113 715 1144 Jcsus.
729 1115 837 1143 lsraelis
849 1116 911 1143 belli
932 1117 986 1144 dux
1005 1117 1065 1146 Mo-

270 1155 308 1183 sis
322 1156 382 1184 loco
405 1162 523 1190 creattts,
556 1159 685 1193 siccoque
711 1161 825 1195 vestigio
854 1170 915 1188 cum
935 1164 1064 1191 omnibus

270 1202 356 1235 copiis
371 1201 490 1230 Jordanc
509 1205 673 1232 transmisso
687 1205 729 1237 u;
750 1211 832 1241 atque
849 1207 982 1236 adversus
999 1217 1064 1244 gen-

271 1250 312 1272 tes
338 1254 469 1281 regesque
486 1247 652 1276 fortissimos
679 1250 813 1278 ittstructa
840 1253 909 1286 acie,
938 1254 1065 1289 belloque

272 1297 456 1325 comparatus.
471 1294 511 1320 sic
529 1294 671 1322 incruenta
698 1296 813 1324 victoria
831 1298 968 1326 evertebat
983 1300 1064 1334 quid-

272 1337 337 1371 quid
353 1338 524 1371 incurrisset,
541 1348 573 1367 ac
594 1349 642 1374 par
653 1347 713 1368 erat
728 1347 873 1374 everteret.
893 1352 925 1371 ac
939 1352 1064 1378 pessum-

269 1382 357 1414 darct,
375 1391 456 1417 quem
476 1384 630 1413 Altitissimi
657 1388 767 1415 dextera
777 1396 839 1416 cum
862 1390 957 1423 primis
972 1395 1065 1425 prote-

270 1428 359 1461 gebat.
379 1427 465 1456 Unico
482 1431 610 1457 tubarum
627 1431 768 1467 clangore,
788 1434 981 1461 robustissima
997 1442 1064 1462 con-

269 1481 351 1502 cussa
377 1476 478 1502 moenia
498 1477 667 1504 corruebant
688 1483 821 1513 :tumqtte
837 1479 918 1507 urbes
941 1480 1062 1515 integrae,

270 1520 429 1554 civiumque
444 1522 536 1549 otnnis
561 1522 684 1549 conferta
706 1524 852 1552 multitudo
867 1526 1065 1553 exscindebatt-

271 1569 315 1592 tur
330 1565 552 1594 :bellieosissimi
567 1575 645 1601 reges
669 1568 851 1602 impressione
867 1570 947 1604 facta,
963 1572 1063 1599 nedum
1078 1583 1099 1611 ε

270 1610 365 1642 artttis,
381 1612 427 1637 sed
439 1616 466 1638 et
490 1612 560 1639 coelo
577 1612 716 1647 lapsorum
737 1614 857 1648 lapidttm
882 1615 969 1643 instar
982 1625 1064 1652 gran-

271 1655 343 1681 dinis
357 1655 443 1683 intbre
454 1657 628 1684 ctedebautur
642 1659 684 1690 ";
700 1660 766 1693 quiti
784 1664 810 1687 et
831 1661 860 1693 ii,
884 1664 1064 1696 praeeuntium

271 1707 416 1732 vesparum
443 1702 547 1728 aculeis
575 1702 608 1735 “,
636 1703 694 1731 dire
717 1705 915 1739 pungebantur.
933 1707 1065 1743 Quodque

273 1744 362 1778 majus
390 1753 422 1772 ac
444 1746 619 1780 insolentius,
642 1749 683 1776 sol
703 1750 802 1782 stabat.
826 1751 890 1779 lutta
922 1753 1064 1781 inhibeba-

273 1795 318 1816 tur
332 1790 367 1823 ⁸⁷,
387 1791 532 1827 ipsumque
557 1794 656 1821 caelum
690 1795 782 1823 lsraeli
808 1797 903 1825 aderat
925 1799 987 1826 belli
1001 1800 1065 1827 sub-

273 1836 344 1863 sidio
373 1838 505 1866 adversus
537 1839 696 1875 insipientes
729 1842 900 1878 depugnans.
935 1844 982 1873 His
1016 1846 1063 1873 Dei

272 1882 440 1916 providentia
469 1892 590 1919 curaqtte
626 1887 736 1919 excisis,
773 1896 868 1916 eorum
897 1891 1064 1920 substantias

272 1934 305 1954 ac
317 1927 462 1956 facultates
482 1930 508 1957 in
524 1931 647 1958 funiculo
658 1933 872 1968 distributionis,
888 1944 935 1970 per
952 1945 1063 1965 manum

271 1972 347 2005 Jesu,
374 1981 470 2002 eorum
500 1981 611 2009 terram,
627 1985 659 2005 ac
689 1979 820 2015 quidquid
846 1981 957 2010 ditionis
973 1982 1064 2010 fuerat

271 2019 428 2054 dividentis,
448 2023 575 2057 partibus
590 2024 713 2053 adibant.

308 2087 456 2124 Gregorius
480 2095 571 2118 atttem
592 2093 648 2119 veri
665 2092 771 2121 lsraelis
790 2102 869 2122 sacra
895 2095 1061 2130 praefectura

272 2135 440 2167 eottcredita,
455 2137 528 2164 velut
544 2145 625 2165 amne
641 2139 734 2173 rapido
756 2140 939 2174 glomerantes
964 2150 1060 2177 aquas,

272 2180 394 2215 prolixas
409 2182 497 2209 stulte
519 2182 666 2217 impiorutn
692 2192 777 2220 nugas
793 2185 902 2213 innoxie
920 2188 1062 2215 transmit-

274 2231 336 2254 tens
351 2235 358 2260 ;
376 2228 448 2262 quod
465 2232 493 2255 et
507 2228 565 2263 ipse
579 2229 715 2256 excelsam
730 2238 841 2258 manum
857 2232 946 2259 valide
967 2238 1060 2268 prote-

274 2278 380 2307 gentem
413 2274 541 2306 haberet,
573 2279 703 2309 tanquam
735 2277 859 2304 civitates
888 2286 920 2305 ac
948 2279 1058 2314 oppida,

272 2319 428 2354 illegitimas
444 2319 635 2347 hmrcticorum
652 2321 810 2349 sodalitates
834 2329 988 2358 canusque,
1003 2325 1058 2352 cla-

273 2365 382 2393 rissime
398 2365 559 2393 sonantibus
583 2374 640 2394 sua:
667 2367 811 2402 theologia:
838 2369 922 2400 tubis.
949 2376 1060 2404 repente

273 2411 332 2439 solo
347 2411 476 2438 allidcbat
489 2431 497 2442 .
512 2411 651 2447 fortesque
664 2413 895 2448 blasphemiarum
914 2419 1057 2450 patronos,

273 2464 306 2485 ac
325 2457 472 2489 antistites,
487 2462 618 2493 tanquam
642 2467 773 2486 saxorum
791 2460 902 2494 ictibus,
919 2461 1062 2497 densaque

274 2505 418 2539 grandine,
446 2506 604 2534 coelestibus
632 2507 722 2534 sensis
750 2506 962 2543 confringebat;
989 2509 1063 2536 velut

276 2549 396 2584 denique
413 2552 498 2579 multo
512 2560 656 2587 vesparum
681 2553 819 2585 examine,
837 2548 942 2582 crebris
954 2562 1062 2582 sermo-

275 2603 341 2623 num
354 2605 467 2624 suorum
479 2598 581 2626 aculeis
592 2599 732 2632 saucians,
744 2599 814 2627 alios
826 2600 936 2635 quidem
949 2601 1062 2628 omnino

275 2642 436 2677 perimebat,
454 2649 588 2679 quotquot
603 2645 708 2673 scilicet
726 2646 807 2680 longe
830 2646 949 2673 maxima
979 2651 1063 2673 teme-

277 2687 356 2714 ritate
373 2687 441 2721 acti,
459 2688 600 2722 przefracte
614 2697 675 2717 cutn
697 2690 752 2718 Deo
766 2698 887 2725 pugnare
902 2691 1038 2718 audebant
1055 2699 1063 2725 ;

275 2732 343 2760 alios
358 2733 413 2761 vita
425 2733 543 2762 donabat
556 2735 667 2770 potiori,
682 2741 816 2771 quotquot
832 2737 960 2764 nimirum
985 2738 1058 2764 veri-

312 2834 334 2848 “
345 2833 426 2860 Jnstlc
442 2843 458 2862 ι.
475 2835 492 2861 2

559 2835 681 2863 "Jtsuc.
709 2845 736 2869 Χ,
763 2837 801 2864 ιι.

276 2868 298 2884 ⁸³
331 2871 415 2896 νὶχιιςι.
435 2879 472 2901 ut,
491 2872 516 2896 ε.

857 2837 878 2852 ⁵⁸
895 2837 959 2872 Sap.
988 2845 1036 2870 xtt,
1053 2837 1079 2864 8.

1116 957 1229 984 liberattt
1265 959 1337 985 illam
1365 959 1387 975 ⁴⁸
1416 959 1425 994 (
1450 960 1651 994 pritnitivorutn
1682 963 1787 991 scilicet
1815 965 1905 992 Eccle-

1115 1003 1185 1029 siam
1202 1003 1224 1019 ⁴⁹
1240 1006 1248 1037 )
1262 1004 1420 1038 transiens;
1433 1013 1484 1032 non
1503 1006 1578 1033 solus
1594 1007 1660 1041 ipse,
1678 1008 1724 1035 sed
1740 1017 1802 1036 cunt
1821 1016 1904 1044 cmtu,

1116 1047 1250 1081 turbaque
1267 1048 1316 1082 ipsi
1340 1049 1450 1081 comite,
1478 1058 1526 1084 pro
1554 1057 1611 1077 rata
1629 1052 1765 1087 cujusque
1781 1054 1904 1082 laboruttt

1115 1092 1231 1125 ratione,
1253 1093 1377 1127 patribus
1389 1094 1522 1129 ascriptas
1542 1095 1716 1131 incorruptas
1733 1104 1823 1127 sortes
1839 1108 1903 1135 pos-

1114 1137 1245 1165 sidcndas
1259 1139 1448 1173 consequitur.

1150 1184 1227 1211 Melle
1257 1192 1290 1211 ac
1308 1184 1377 1212 laete
1404 1184 1489 1212 littere
1508 1189 1608 1213 terram
1628 1187 1805 1221 promissam,
1830 1189 1905 1217 Scri-

1115 1234 1201 1264 ptura:
1215 1237 1299 1257 sacrae
1311 1230 1466 1257 testimonio
1491 1231 1626 1264 proditum
1644 1237 1686 1259 est
1701 1233 1737 1251 δν
1751 1241 1758 1265 ;
1773 1234 1901 1269 Gregorii

1115 1280 1217 1308 autem,
1233 1276 1418 1310 melquidem,
1435 1276 1576 1311 tlteologite
1591 1277 1726 1310 dulcedo;
1740 1279 1782 1306 lac
1800 1285 1903 1311 autem.

1114 1322 1238 1349 doctrina
1266 1322 1324 1357 iugi
1352 1322 1431 1349 latice
1466 1330 1590 1350 manans.
1621 1323 1666 1350 Vel
1698 1325 1750 1351 mel
1779 1325 1901 1359 quidetn,

1113 1366 1224 1394 virtutis
1244 1375 1376 1401 operosus
1405 1366 1491 1399 labor,
1517 1375 1596 1402 quem
1621 1369 1776 1396 animorum
1802 1371 1902 1398 cultori

1115 1413 1201 1440 instar
1220 1414 1280 1447 apis
1303 1417 1511 1445 argumentosa,
1537 1413 1694 1449 laborisqtte
1721 1416 1904 1445 tenacissima:

1115 1458 1224 1485 abunde
1248 1458 1439 1492 suppeditabat
1462 1459 1530 1490 :lac
1555 1467 1631 1492 vero,
1661 1460 1844 1494 largissimus,
1870 1471 1904 1490 ac

1115 1503 1162 1538 qui
1179 1503 1297 1530 maxime
1310 1504 1457 1531 nutriendo
1470 1508 1554 1537 esset,
1571 1512 1729 1532 sermonum
1748 1507 1830 1534 latex.
1854 1507 1903 1535 llis

1115 1548 1200 1578 enim.
1225 1548 1336 1582 optitnis
1358 1548 1595 1584 divinissimisquc
1610 1551 1764 1580 rationibus
1781 1560 1903 1580 commo-

1115 1591 1179 1618 dum
1195 1591 1345 1620 Ecclesiatn
1364 1593 1482 1627 regebat.

1152 1637 1216 1665 llaec
1231 1638 1276 1664 ille
1300 1643 1362 1665 ante
1378 1639 1503 1673 adeptam
1524 1639 1627 1673 sedem,
1657 1640 1714 1668 haec
1738 1646 1799 1676 post
1817 1645 1901 1670 etiam

1115 1683 1251 1718 adeptam.
1269 1685 1360 1712 studio
1376 1685 1483 1720 agebat.
1500 1684 1558 1713 Non
1580 1687 1653 1714 enim
1678 1688 1800 1722 requiem
1828 1689 1903 1716 labo-

1115 1736 1187 1761 rum,
1203 1729 1250 1756 scd
1273 1730 1457 1757 accessionem
1476 1739 1614 1764 curarutn,
1631 1740 1774 1768 angorem,
1801 1735 1903 1762 sollici-
1927 1741 1931 1747 ‘

1116 1774 1251 1807 tudinem,
1270 1782 1302 1802 ac
1318 1775 1441 1802 laborum
1459 1777 1693 1810 exsuperantiam,
1712 1777 1902 1812 prtefecturam

1115 1822 1243 1853 ducebat,
1261 1829 1342 1848 unam
1366 1829 1431 1849 vero
1453 1823 1537 1849 anitni
1553 1823 1755 1857 iucunditatem
1779 1831 1902 1857 noverat,

1115 1867 1314 1902 discipulorum
1329 1868 1438 1902 pictatis
1453 1869 1605 1896 rationibus
1620 1870 1772 1904 profectum
1793 1879 1800 1902 ;
1819 1879 1901 1898 unatn

1115 1914 1238 1947 corporis
1266 1914 1441 1942 refectionem
1481 1922 1513 1942 ac
1535 1915 1731 1948 laxamentum,
1764 1925 1903 1945 secessum

1115 1961 1147 1987 ad
1157 1961 1215 1987 loca
1224 1961 1258 1987 ab
1268 1961 1409 1988 hominum
1420 1969 1470 1989 usu
1498 1969 1530 1989 ac
1536 1963 1731 1990 consuetudine
1740 1964 1884 1991 remotiora
1895 1972 1902 1997 ;

1115 2005 1142 2032 itt
1155 2005 1275 2040 seipsunt
1288 2007 1477 2039 conversione,
1490 2007 1574 2034 animi
1587 2008 1725 2036 rationum
1735 2009 1903 2044 diligentiam

1115 2058 1147 2078 ac
1173 2058 1266 2077 curam
1285 2059 1291 2077 :
1309 2059 1363 2085 qtta
1379 2051 1510 2079 nimirum
1538 2061 1614 2080 mens
1637 2053 1675 2081 illi
1698 2055 1731 2081 ad
1753 2054 1903 2082 altissimas

1114 2104 1260 2131 assurgens
1271 2098 1529 2132 contemplationes,
1543 2107 1624 2126 unam
1646 2099 1779 2128 Paracleti
1805 2101 1902 2129 lubens

1115 2141 1231 2168 habebat
1241 2142 1586 2179 consolationem;reliqua
1599 2149 1689 2172 autem
1724 2146 1807 2172 animi
1829 2146 1905 2174 oble-

1114 2192 1293 2219 ctamenta,ac
1300 2189 1423 2222 corporis
1434 2189 1623 2222 telatationes,
1632 2190 1814 2218 crassioribus
1822 2196 1905 2226 atque

1122 2234 1155 2261 ad
1168 2235 1289 2268 corporis
1303 2235 1423 2262 rationes
1442 2235 1527 2269 magis
1539 2235 1715 2269 comparatis,
1732 2236 1902 2272 projiciebat.

1149 2271 1222 2305 Nam.
1234 2287 1295 2306 cum
1312 2279 1354 2305 his
1370 2279 1467 2312 tribus,
1491 2279 1609 2307 hominis
1623 2281 1733 2308 animus
1746 2282 1835 2310 omnis
1858 2290 1905 2310 ca-

1115 2326 1203 2359 piatur
1216 2333 1248 2351 ac
1272 2325 1427 2356 insolescat,
1452 2333 1550 2359 nctnpc
1564 2326 1661 2361 gloria,
1675 2327 1789 2361 divitiis,
1822 2329 1902 2356 volu-

1115 2376 1209 2405 ptate;
1228 2379 1277 2398 ttec
1301 2370 1391 2398 inanis
1407 2371 1500 2405 gloriae
1518 2371 1588 2399 fastu
1611 2380 1644 2400 ac
1667 2374 1793 2408 superbia
1804 2374 1902 2405 elatus.

1115 2407 1215 2443 mentis
1249 2416 1400 2443 rationibus
1434 2417 1595 2444 movebatur
1616 2425 1691 2451 ;nec
1725 2419 1903 2453 pecuniarum

1117 2469 1209 2488 arnore
1230 2462 1380 2494 etnollitus,
1406 2463 1499 2489 animo
1525 2463 1703 2497 capiebatur;
1719 2465 1819 2499 quippe
1842 2473 1904 2491 cum

1117 2514 1132 2534 a
1150 2508 1250 2534 teucris
1267 2508 1333 2542 ipsis
1349 2509 1486 2543 unguibus
1502 2509 1639 2543 ejusmodi
1654 2517 1746 2536 rerum
1763 2510 1901 2544 cupiditas

1117 2553 1206 2581 otttnis
1221 2554 1258 2580 illi
1275 2554 1409 2582 exstincta
1420 2559 1502 2582 esset.
1520 2555 1558 2583 Ac
1571 2564 1658 2589 neque
1671 2556 1755 2591 (quod
1769 2557 1905 2591 pleriSque

1119 2607 1169 2627 usu
1188 2601 1271 2635 venit)
1290 2600 1372 2628 variis
1393 2602 1495 2629 ventris
1513 2602 1700 2636 voluptatibus
1726 2603 1814 2629 victus
1837 2610 1905 2629 con-

1118 2645 1230 2673 crdcbat
1248 2657 1254 2674 :
1273 2648 1319 2674 sed
1336 2648 1424 2675 omnis
1451 2648 1508 2682 jam
1535 2649 1750 2677 \‘iltBlltOiiiOl'iS‘
1776 2657 1808 2677 ac
1829 2650 1905 2676 voln-

1119 2693 1201 2726 ptatis
1217 2692 1304 2729 fragili
1329 2693 1453 2728 ﬂuxaquc
1467 2694 1639 2728 iucunditate
1663 2703 1779 2722 excussa
1809 2697 1845 2726 ita
1866 2697 1906 2727 la-

1115 2738 1158 2765 ι)οι
1167 2738 1227 2765 ibus
1247 2747 1279 2766 ac
1291 2739 1437 2766 sudoribus
1450 2739 1559 2767 virtutis
1567 2748 1649 2767 causa
1663 2749 1723 2768 sese
1734 2742 1905 2772 execr-iebat,

1118 2838 1138 2852 ⁸⁷
1152 2837 1242 2866 Josuc.
1264 2847 1289 2870 κ,
1307 2838 1347 2865 l2.
1386 2837 1408 2853 ⁸⁸
1423 2838 1509 2865 Galate
1526 2846 1561 2870 ιγ,
1578 2838 1622 2866 ίέϋ.
1653 2838 1674 2853 δ”
1691 2837 1769 2864 llcbr.
1795 2845 1842 2869 xu,
1859 2836 1906 2864 23.
