2089 3151
197 173 249 206 481

197 283 261 302 cttnt
275 274 341 302 illud
363 273 496 308 proferre,
512 278 625 308 propter
646 274 776 301 nimirum
796 273 842 301 Dei
856 274 990 301 labioruttt

199 327 352 351 sermones,
367 320 426 346 vias
436 326 468 346 se
483 320 567 347 duras
585 320 741 347 custodisse
755 320 790 347 '°.

236 365 286 391 Alii
303 364 413 398 quidem
425 364 476 391 alia
495 365 581 392 functi
597 365 707 397 virtute,
732 369 779 391 aut
799 365 897 392 divina:
906 365 993 400 parti-

200 411 274 445 cipes
311 410 375 437 facti
407 410 512 443 gratiae,
538 410 626 437 solam
658 408 730 437 forte
764 410 881 444 quisque
913 417 991 437 suam

200 461 305 482 aetatem
322 454 454 482 beneﬁcio
470 454 577 482 allicere
592 455 656 482 velit
669 464 675 481 :
688 455 836 489 Gregorius
853 458 944 481 autent
966 455 993 481 itt

200 510 234 528 eo
261 502 406 532 laboravit,
437 506 519 535 atque
542 509 651 535 operam
678 501 780 536 posuit.
804 505 834 527 ut
858 508 912 527 non
938 508 994 527 sua:

202 547 336 573 duntaxat
354 546 438 579 aetati,
455 546 502 573 sed
518 551 544 573 et
559 547 666 573 cunctis
687 546 769 573 simul
795 546 924 580 deinceps
950 546 993 572 fu-

203 592 275 619 turis
308 591 432 618 divinam
467 591 581 626 gratiam
612 591 657 618 Dei
683 590 807 624 exemplo
833 590 992 624 explicaret.

204 638 296 664 Sacris
330 637 446 672 eloquiis
484 637 606 664 liumittis
635 637 721 664 instar
751 645 782 663 ex
811 635 872 670 ejus
902 635 993 669 lingua

203 683 361 714 liuentibus,
400 682 581 716 doctrinaque
614 689 662 708 ore
698 681 806 712 tradita,
842 681 876 708 ad
905 681 994 715 ipsum

204 729 336 755 adeuntes
365 735 505 762 nunquam
532 727 669 755 demereri
692 728 829 760 cessabat,
861 734 992 762 arguens,

204 775 361 809 increpans,
374 774 522 801 obsecrans
538 775 573 806 ",
586 775 695 808 pietatis
710 774 826 802 decretis
837 773 871 800 ad
884 773 994 808 sapien-

205 823 270 848 tiam
305 828 486 856 componens,
535 822 710 849 sermonibus
744 820 867 848 veritatis
900 825 996 854 aptans

205 874 286 903 atque
313 869 452 895 instruens
466 888 474 900 ,
489 874 659 902 cunctosque
681 867 715 895 ad
738 866 994 901 contemplationem

205 915 308 950 pariter
336 922 368 942 ac
385 915 520 941 actionem
545 913 685 948 expeditos
717 912 858 948 agilesque
882 910 996 938 reddere

207 958 326 985 maxime
348 959 472 992 cupiens.
488 956 661 991 Cunscriptis
676 961 767 983 atttem
785 955 872 983 sacris
897 962 996 982 mottu-

207 1004 307 1031 mentis
324 1003 430 1030 futuros
457 1003 584 1036 deinceps
609 1011 656 1036 per
676 1007 770 1030 anates
792 1001 951 1032 aedilicans;
967 1000 995 1027 in

208 1050 252 1082 iis,
269 1057 379 1077 eversos
389 1049 556 1081 constztbilit,
574 1049 667 1075 ﬁdeles
678 1047 822 1075 confirmat
836 1056 843 1080 ;
859 1047 906 1074 sed
920 1051 947 1074 et
966 1053 997 1073 os

209 1104 291 1124 omne
315 1097 444 1129 fremens,
467 1101 514 1123 attt
536 1096 608 1130 quod
630 1096 748 1122 futurum
770 1100 822 1128 est,
845 1099 875 1122 ut
897 1094 995 1122 fremat

208 1141 283 1177 loqui
304 1142 436 1170 adversus
452 1142 536 1169 Deum
558 1142 728 1176 iniquitatem
742 1141 776 1175 ",
794 1140 922 1168 obstruit.

245 1187 333 1215 Tanta
344 1196 408 1216 vero
419 1187 551 1222 Gregorio
565 1188 654 1215 exacti
663 1187 812 1220 sermonis,
829 1194 861 1214 ac
874 1186 999 1213 veritatis

211 1239 289 1264 cttra,
303 1240 366 1259 cttttt
383 1237 537 1264 venustate,
553 1233 725 1264 incitatione,
741 1232 946 1267 perspicuitate,
963 1239 995 1258 ac

210 1278 351 1313 gravitate,
380 1283 409 1305 ttt
432 1286 589 1314 quanquam
620 1278 696 1306 tnuiti
731 1278 831 1313 sapius
858 1286 873 1304 a
899 1277 1001 1305 saeculo

210 1325 350 1351 orationes
368 1325 593 1359 conscripserint,
616 1329 664 1351 aut
684 1325 791 1352 divinas
813 1324 1000 1352 enarrationes

210 1369 346 1397 ediderint
363 1378 371 1402 ;
386 1375 518 1404 quantum
534 1370 619 1397 stellae.
631 1378 646 1397 a
663 1370 729 1397 solis
743 1370 878 1402 claritate,
895 1374 999 1397 tantum

212 1415 334 1442 universi
351 1415 384 1442 ab
404 1415 476 1443 illitts
497 1416 589 1443 divina
612 1416 804 1451 praedicatione
828 1424 860 1443 ac
881 1416 999 1450 eloquio,

211 1462 295 1496 vique
322 1469 492 1493 sermonum,
522 1462 663 1490 deliciant.
690 1462 758 1498 Ego,
782 1467 917 1498 quantum
940 1463 1003 1490 licet

212 1515 262 1542 pro
278 1508 360 1540 virili,
375 1508 474 1535 dicam.

250 1553 319 1580 Cum
338 1553 364 1580 itt
391 1554 529 1581 orationes
558 1553 706 1581 invectivas
734 1554 835 1587 incido,
856 1554 957 1589 quibus
980 1554 1002 1580 is

213 1597 312 1625 Iuliam
332 1599 551 1633 pratvaricatoris
564 1599 687 1626 eonfutat
711 1599 888 1631 dententiam,
913 1600 1004 1626 nunti-

215 1652 336 1679 numque
350 1645 492 1679 gentilium
516 1645 704 1672 infelicitatem
721 1652 753 1672 ac
779 1646 924 1672 vauitatctn
939 1653 1003 1672 exa-

215 1691 283 1724 gitat
298 1699 306 1723 ;
322 1699 354 1718 ac
368 1692 467 1726 quibus
485 1699 579 1718 eorum
595 1691 676 1723 Deos,
691 1699 723 1718 ac
733 1692 863 1719 demones
877 1692 1003 1725 traducit,

215 1737 352 1764 Gerleonis
369 1738 488 1773 gladium
508 1738 596 1770 video,
615 1738 747 1764 antillius
766 1741 901 1765 trecentas
913 1738 1003 1770 tubas,

216 1787 299 1816 atque
314 1783 464 1818 lantpatles,
479 1784 578 1818 quibus
594 1783 762 1817 alienigenas
777 1787 906 1813 exterret,
928 1791 959 1809 ac
976 1783 1003 1810 itt

217 1833 356 1863 stuporem
371 1830 482 1856 vertit"
495 1838 503 1862 ;
518 1830 690 1864 propriisque
716 1830 834 1863 ipsorum
847 1836 1004 1856 scrmonttm

217 1875 444 1908 atqueactiunum
457 1875 572 1910 laqueis,
586 1875 686 1902 ittnecti
711 1874 786 1901 facit.
799 1875 852 1901 Aut
868 1874 971 1901 Baraclt
982 1875 1005 1889 “

216 1920 369 1955 Jephtequc
382 1929 474 1948 ensem
500 1922 523 1938 "
541 1930 547 1954 ;
567 1925 615 1948 aut
639 1920 783 1947 Satusonis
811 1920 1006 1953 ntandibuiam,

217 1973 272 1999 qua
297 1966 389 1993 hostes
417 1966 521 1993 ntiiietti
557 1965 679 2001 percussi
705 1965 903 1993 collidebautur
926 1969 1008 1999 atque

217 2011 351 2038 cadebant
363 2011 395 2038 ".

254 2056 321 2083 Cum
346 2057 373 2084 in
390 2064 449 2089 eas,
474 2057 575 2091 quibus
593 2056 653 2084 Filii
683 2064 715 2084 ac
733 2056 852 2091 Spiritus
874 2056 1004 2083 Deitatem

219 2107 331 2134 tuetur,
369 2103 469 2138 quibus
507 2103 721 2138 alienigenarum
753 2103 892 2129 decretum
928 2110 1010 2129 omne

219 2155 302 2184 atque
317 2149 469 2176 doctrinam
483 2149 634 2181 exscittdit,
649 2157 681 2176 ac
693 2149 842 2183 praesertim
856 2148 1009 2176 Macedonii

561 173 703 204 ORATIO
722 174 784 204 XX.
797 187 831 193 -
851 174 891 204 IN
907 174 1063 204 LAUDEM
1089 173 1119 204 S.
1140 173 1330 204 GREGORII
1352 172 1490 202 THEOL.

199 233 229 255 ut
245 227 284 255 illi
308 234 391 262 quam
416 227 536 255 maxime
565 232 750 263 opportunum
781 233 856 256 (ξε-οι
880 227 1029 259 Davidl-A

1779 172 1836 204 482

1088 229 1155 255 Cum
1169 227 1337 254 laudatorias
1349 234 1381 253 ac
1393 234 1454 261 quae
1464 227 1497 253 de
1512 225 1557 252 Dei
1573 225 1693 254 hominis
1709 226 1737 254 in
1753 234 1838 254 carne

1044 275 1152 309 negotio
1168 279 1231 300 suttt
1250 273 1389 300 orationes
1402 273 1471 307 lego,
1489 272 1589 307 quibus
1602 280 1694 300 saeras
1710 273 1838 300 solemni-

1045 325 1114 347 tates
1128 324 1252 350 exornat,
1279 319 1323 345 Dei
1342 326 1434 345 revera
1452 318 1566 345 vocibus
1585 318 1721 346 Ecclesias
1738 319 1839 345 illumi-

1043 373 1121 397 nans,
1142 370 1222 399 atque
1239 365 1390 396 obiectans,
1406 372 1469 391 cum
1493 363 1549 391 Elia
1562 365 1588 391 in
1603 365 1702 392 omium
1717 365 1792 392 levor
1802 365 1837 396 ⁶¹,

1047 413 1182 447 igttcaque
1197 411 1305 445 eloquia
1329 410 1399 437 haud
1427 418 1506 437 secus
1523 419 1555 438 ac
1572 411 1712 438 flammeos
1740 419 1836 438 currus

1045 456 1219 487 iusccndetts,
1246 456 1373 483 sublimis
1387 456 1420 482 ad
1437 455 1582 482 Dominuttt
1606 456 1686 482 tollor
1701 465 1708 482 ε
1722 456 1837 491 ejusque.

1044 502 1126 529 etiam
1161 501 1298 533 tttelotettt,
1333 509 1414 535 quattt
1447 500 1546 528 Eliszco
1575 502 1681 534 tribuit,
1715 503 1837 536 cogito;

1047 547 1185 582 quinimo,
1211 554 1272 581 quas
1301 546 1339 573 illi
1360 554 1452 574 comes
1476 553 1527 577 est,
1555 547 1690 581 duplicem
1719 548 1838 582 Spiritus

1046 593 1174 628 gratiam,
1184 600 1238 626 qua
1254 592 1355 618 nedum
1369 592 1517 626 impietatis
1526 592 1627 619 liuettto
1640 593 1796 620 inhibentur
1805 592 1838 624 ",

1047 646 1143 666 verum
1160 638 1242 665 etiam
1262 638 1370 665 steriles
1384 639 1482 664 animae
1502 637 1704 666 fecundissima
1717 638 1837 666 reddun-

1047 689 1091 712 tur
1107 693 1114 716 ;
1129 691 1161 711 ac
1177 691 1238 719 qua:
1253 692 1300 718 per
1311 684 1372 711 lidei
1387 685 1546 718 pravitatem
1569 685 1742 718 interierunt,
1771 692 1835 712 cre—

1047 731 1150 758 dutttur
1177 730 1260 756 vitam
1284 730 1405 764 recipere
1419 730 1453 756 “.

1083 777 1150 803 Cum
1173 776 1330 802 antistitum
1359 775 1463 806 Iaudes,
1492 782 1524 802 ac
1547 775 1764 810 utartyrunt;ad
1782 776 1840 803 haec

1048 827 1142 852 etiam,
1161 829 1222 856 qua:
1251 821 1336 852 illius,
1365 820 1486 847 moribus
1508 820 1682 848 instituendis
1695 821 1837 847 'adhorta—

1013 859 1036 885 Β
1049 868 1136 895 tiones
1154 871 1264 894 exstant
1280 875 1287 900 ;
1302 867 1400 894 divina:
1416 867 1476 901 ejus
1491 867 1633 901 sapientiae
1656 867 1815 894 varietatem
1831 888 1839 900 ,

1047 914 1264 949 multiplicisque
1287 921 1319 941 ac
1338 913 1438 941 diversi
1466 913 1574 948 generis
1587 913 1732 949 opuscula,
1749 921 1781 941 ac
1799 915 1840 941 iu-

1047 962 1223 988 cubrationes
1238 966 1335 992 metro,
1355 961 1500 995 solutaque
1509 961 1634 988 oratione
1655 968 1760 988 mecum
1776 969 1841 995 per-

1049 1012 1148 1039 tracto,
1182 1007 1340 1034 Salomonis
1371 1006 1456 1033 animi
1483 1005 1648 1040 profundum
1679 1011 1839 1039 contueor;

1048 1053 1114 1088 quin
1126 1058 1153 1080 et
1168 1060 1222 1087 prae
1238 1052 1294 1084 illo,
1313 1059 1345 1079 ac
1360 1051 1449 1086 majus
1463 1051 1564 1086 aliquid
1579 1059 1727 1086 possumus
1737 1052 1840 1079 dicere.

1047 1097 1116 1124 Nam
1149 1096 1277 1124 Salomon
1302 1097 1424 1132 quidem,
1453 1105 1516 1124 cum
1541 1097 1715 1132 sapientiam,
1750 1105 1839 1124 rerum

1049 1145 1155 1172 Scilicet
1189 1143 1332 1172 scientiam
1366 1144 1499 1178 petiisset,
1531 1151 1563 1171 ac
1578 1144 1784 1179 accepisset“';
1801 1145 1841 1171 sic

1049 1191 1248 1218 elementorum
1261 1191 1378 1222 indoles,
1393 1191 1553 1218 anintaIium
1570 1195 1660 1222 ortus,
1683 1191 1836 1225 plantarum

1051 1237 1157 1264 diversa
1179 1245 1290 1272 genera,
1306 1245 1338 1266 ac
1350 1245 1446 1265 eorum
1468 1245 1529 1272 quae
1544 1237 1596 1264 sub
1613 1237 1670 1264 sole
1695 1241 1770 1268 sunt,
1795 1239 1843 1263 aut

1052 1282 1131 1315 fiunt,
1157 1284 1330 1318 operationes
1363 1285 1490 1318 viresque
1505 1283 1673 1310 intellexisse
1689 1282 1841 1317 perbibitus

1054 1334 1107 1361 est,
1123 1333 1154 1356 ut
1167 1330 1342 1363 superiorum
1357 1330 1490 1357 exstiterit
1503 1336 1582 1356 nemo
1600 1329 1651 1356 hac
1674 1329 1712 1355 illi
1728 1328 1842 1355 scientia

1053 1382 1112 1409 par,
1129 1379 1176 1402 aut
1191 1379 1254 1410 post
1269 1383 1331 1403 eum
1350 1381 1527 1403 surrecturus
1544 1376 1580 1402 sit
1592 1374 1781 1409 “.Gregorius
1795 1381 1842 1400 au-

1054 1425 1108 1447 tettt
1135 1428 1198 1448 cum
1225 1421 1346 1448 humana
1368 1420 1413 1448 illa
1438 1420 1573 1455 sapientia
1601 1419 1681 1451 ntltil,
1708 1427 1741 1446 ac
1770 1423 1844 1446 certe

1054 1474 1151 1501 parum
1174 1467 1240 1502 quid
1256 1475 1271 1494 a
1294 1466 1441 1494 Salomone
1469 1466 1662 1499 deficerenoa
1691 1473 1741 1492 ceu
1767 1466 1844 1492 nuli-

1017 1524 1040 1554 ο
1056 1518 1148 1540 ntettto
1166 1514 1198 1541 ad
1212 1513 1334 1541 divinam
1360 1513 1524 1548 sapientiam
1553 1520 1632 1545 usus,
1663 1517 1771 1540 tantum
1798 1511 1843 1538 illa

1056 1558 1195 1585 Saiomoni
1226 1557 1387 1593 praecelluit,
1410 1563 1546 1593 quantum
1574 1557 1703 1585 Salomon
1731 1557 1845 1591 reliquis

1056 1605 1200 1640 pra-fulsit.
1225 1605 1264 1633 Ac
1281 1606 1390 1641 quidem
1416 1606 1473 1638 ille,
1493 1609 1648 1633 creatorum
1671 1612 1701 1632 se
1723 1609 1846 1631 content-

1056 1652 1169 1686 plationi
1195 1651 1309 1683 dedens,
1339 1651 1527 1686 perspicacem
1559 1650 1586 1677 in
1615 1657 1647 1676 ea
1678 1648 1762 1676 attimi
1791 1649 1845 1674 \im

1057 1697 1171 1724 insumit
1189 1705 1196 1729 ;
1212 1697 1257 1724 hic
1280 1700 1372 1724 autern
1398 1705 1430 1724 ex
1452 1697 1553 1724 creatis
1570 1696 1604 1723 ad
1625 1694 1846 1730 incompreltensi

1056 1752 1140 1778 supra
1165 1751 1246 1779 quant
1267 1744 1386 1778 ignotam
1414 1743 1539 1770 notitiam
1564 1733 1745 1773 trattsvectus,
1773 1749 1848 1768 sunt-

1058 1797 1157 1823 meqtte
1177 1790 1322 1824 mysticam
1337 1796 1368 1815 ac
1387 1787 1623 1815 abstrusissimam
1636 1791 1733 1813 nactus
1749 1786 1850 1813 incont-

1057 1834 1279 1868 preitcnsionent,
1309 1840 1398 1867 eaque
1429 1832 1610 1867 apprehensi,
1639 1831 1725 1866 ipsam
1756 1832 1782 1857 itt
1814 1838 1846 1857 ea

1057 1880 1318 1915 contemplationem
1333 1879 1416 1906 sistit.

1094 1927 1133 1954 Ac
1151 1926 1261 1961 quidem
1279 1925 1411 1952 Salomon
1425 1923 1620 1951 multiformem
1659 1930 1690 1950 ac
1711 1922 1849 1948 dividuant

1058 1976 1164 1999 naturae
1173 1970 1270 1998 doctus
1286 1970 1428 2001 rationem,
1443 1969 1628 2003 intelligentia:
1651 1966 1848 1994 abundantiam

1060 2017 1154 2044 multis
1170 2016 1248 2043 libris
1260 2015 1342 2043 editis
1356 2014 1523 2050 produxisse
1546 2013 1672 2048 proditus
1696 2018 1739 2040 est
1757 2021 1765 2039 :
1784 2012 1852 2039 Gre-

1065 2063 1159 2097 gorius
1176 2067 1267 2089 autem
1287 2067 1393 2089 natura:
1410 2068 1492 2095 supra
1506 2067 1588 2095 quam
1615 2060 1715 2086 divina
1744 2058 1853 2086 Uuitate

1060 2117 1092 2136 ac
1108 2108 1242 2136 Trinitate
1255 2108 1355 2136 eximie
1379 2111 1520 2141 perspecta
1537 2113 1569 2134 ac
1591 2105 1736 2132 intellecta.
1749 2111 1854 2132 sermo-

1063 2155 1106 2182 nis
1125 2154 1302 2189 pulcherrimi
1319 2153 1355 2183 vi.
1375 2161 1407 2180 ac
1432 2152 1588 2179 iliustrante
1613 2151 1727 2178 Deitatis
1755 2150 1853 2183 gratia,

219 2197 334 2231 Ariique
367 2203 398 2223 ac
414 2196 572 2231 sequacium
592 2196 776 2230 impudentem
794 2200 918 2229 amputat
949 2195 1002 2221 bia-

1062 2202 1171 2228 cunctis
1185 2200 1267 2228 simul
1281 2200 1406 2227 :rtatibus
1421 2199 1512 2226 divina
1526 2198 1578 2225 alte
1600 2197 1737 2224 edisserit.
1764 2196 1854 2225 Atque

222 2243 484 2278 spitemiam,statim
499 2242 652 2269 admirandi
666 2241 738 2268 illius
754 2241 864 2268 Davidis
880 2240 1010 2267 facinoris

221 2291 344 2321 tuemini,
369 2290 467 2324 triplici
493 2289 581 2325 lapide
604 2289 688 2316 funda
719 2293 808 2316 rotato
830 2289 1009 2324 alienigenam

220 2336 410 2371 percutientis,
424 2341 506 2370 atque
527 2343 630 2370 procax
645 2335 712 2362 illud
727 2339 810 2369 caput
829 2334 1009 2369 amputantis,

220 2391 253 2410 ac
274 2383 371 2410 salutis
385 2391 472 2410 cornu
495 2382 587 2410 lsraeli
604 2382 738 2417 erigentis
749 2382 771 2397 ⁸⁷
786 2390 793 2408 z
809 2386 855 2408 aut
876 2380 1011 2408 Samuelis

221 2430 268 2457 illo
289 2430 463 2464 superiorum
479 2430 645 2460 tonitruum,
664 2433 746 2463 atque
760 2427 910 2462 fulgurum,
925 2428 1009 2455 vehe-

221 2477 410 2511 tur-otiumque
421 2484 436 2503 e
448 2477 518 2504 cmlo
531 2476 672 2508 imbrium,
685 2475 784 2509 quibus
799 2475 823 2502 is
836 2474 1010 2508 insipientem

223 2523 351 2550 israciem
379 2523 522 2550 erudiebat
537 2522 560 2538 "
575 2530 581 2548 :
598 2526 646 2548 attt
662 2521 733 2556 ignis
756 2520 832 2554 Elia),
854 2528 909 2555 quo
935 2520 1013 2547 holo-

223 2574 318 2595 causta
344 2575 377 2596 ac
400 2568 473 2603 ligna
497 2567 666 2601 consttntpsil
682 2568 726 2599 κς
753 2567 790 2594 uti
817 2566 898 2594 etiam
921 2572 1014 2600 postea

222 2614 270 2641 illo
285 2614 400 2641 duorum
409 2604 703 2649 quinquagenariorum
712 2612 863 2647 principum
872 2612 1014 2639 audaciam

223 2659 352 2687 contrivit
367 2661 401 2691 ",
418 2665 465 2688 ant
488 2660 548 2694 ejus
568 2659 655 2694 ipsius
679 2658 761 2692 giadii
786 2666 840 2693 quo
862 2659 1011 2693 prophetas

223 2705 394 2733 confusionis
411 2706 460 2742 (id
480 2710 532 2738 est,
547 2705 610 2733 Baal
624 2707 633 2740 )
646 2705 800 2741 iustissime
819 2705 957 2733 interemit
978 2705 1008 2731 ".

1065 2247 1109 2275 iiie
1124 2247 1246 2282 quidem,
1261 2254 1304 2279 ea,
1327 2254 1388 2281 quae
1400 2246 1491 2273 saeculi
1508 2253 1558 2272 usu
1579 2245 1715 2274 consistit,
1744 2243 1855 2270 solertia

1065 2301 1098 2320 ac
1113 2293 1300 2321 sollicitudine
1328 2293 1427 2323 elatus,
1444 2299 1476 2318 ac
1495 2291 1585 2319 carnis
1598 2291 1739 2325 prudentia
1754 2289 1855 2319 victus,

1067 2347 1149 2375 quant
1178 2339 1284 2374 procul,
1309 2339 1382 2366 lteul
1410 2339 1444 2365 ab
1473 2337 1570 2372 spiritu
1599 2336 1728 2366 recessit.
1760 2342 1855 2362 eorum

1066 2386 1177 2412 nomine
1187 2394 1248 2420 qum
1268 2385 1319 2412 sibi
1335 2384 1476 2419 deligenda
1495 2381 1738 2418 putatit(ncquid
1761 2381 1857 2408 nefan-

1066 2432 1130 2459 dunt
1156 2431 1270 2465 dicanti)
1291 2432 1425 2465 vituperio
1449 2430 1548 2465 dignus
1570 2429 1603 2455 “.
1633 2429 1667 2455 At
1694 2427 1855 2462 Gregorius,

1066 2477 1112 2511 qui
1135 2476 1237 2510 Spiritu
1252 2476 1296 2503 Dei
1312 2481 1439 2511 ageretur
1453 2476 1487 2506 ⁸⁷,
1505 2482 1662 2510 quanquam
1676 2473 1709 2500 ad
1724 2472 1858 2506 ejusmodi

1069 2522 1210 2556 sapientia:
1227 2523 1338 2556 pelagus
1359 2525 1494 2552 evaserat,
1514 2519 1594 2546 facile
1617 2525 1721 2551 tamen,
1746 2526 1779 2545 ac
1804 2517 1858 2544 letti

1069 2575 1136 2594 aura
1162 2567 1282 2601 navigat,
1310 2566 1406 2593 divino
1431 2566 1537 2593 scilicet
1559 2564 1662 2599 Spiritu
1682 2572 1730 2598 per
1744 2564 1859 2597 spirita<

1069 2613 1122 2640 iettt
1135 2613 1322 2647 disc‘plinam,
1335 2613 1449 2647 vitaeque
1463 2612 1660 2639 institutionem
1673 2611 1706 2638 ad
1718 2609 1858 2636 caelestem

1066 2657 1270 2692 Supereoelestis
1290 2657 1430 2692 sapientiae
1452 2662 1562 2692 portum
1584 2657 1673 2692 ipsum
1699 2655 1832 2687 dirigente
1850 2660 1857 2683 ;

1065 2705 1210 2739 carnisque
1238 2703 1386 2731 alicctuunt
1418 2711 1450 2731 ac
1478 2703 1632 2735 libidinum,
1659 2707 1787 2735 tanquam
1808 2698 1859 2724 litt-

259 2792 283 2809 ⁸⁶
296 2792 368 2821 Psal.
384 2802 439 2822 xvt.
454 2794 482 2820 4.
520 2794 541 2810 ¹¹
556 2793 576 2820 ll
598 2794 669 2821 Tim.
685 2802 722 2824 tv,
742 2794 784 2821 l5.
837 2794 859 2809 ⁸¹
877 2793 948 2821 Psal.
968 2801 997 2825 tt,

1094 2792 1219 2820 “Jndie.
1250 2793 1356 2824 vtt,20.
1410 2791 1538 2820 "Judic.
1570 2799 1607 2823 tv,
1632 2789 1676 2818 16.
1729 2787 1858 2825 "judic.

223 2836 262 2859 ιι,
276 2829 322 2856 52.

226 2872 244 2896 ι,
259 2866 285 2890 9.

226 2907 246 2931 ι,
267 2901 307 2927 to.

369 2830 392 2846 "
409 2830 499 2857 Judic.
529 2837 573 2861 xv,
597 2829 639 2856 15'.

324 2865 344 2880 ⁶¹
363 2864 394 2891 Ill
412 2864 476 2899 lieg.
494 2873 569 2895 xvnt,
583 2864 627 2891 40.

358 2900 379 2924 εδ
399 2900 431 2927 lil
451 2902 515 2935 ιιι-ς.
530 2909 570 2934 ili,
585 2901 616 2927 lz’.
632 2909 639 2934 ;
658 2908 694 2933 tv,
711 2900 755 2927 50.

688 2830 710 2845 ³⁷
721 2829 734 2856 -|
753 2831 817 2864 lieg.
840 2837 905 2859 xvtt,
919 2829 963 2855 40.

1017 2829 1063 2855 usl
1086 2829 1151 2862 ηομ.
1172 2837 1217 2857 xit.
1239 2828 1282 2856 l7.

667 2865 689 2880 ⁸¹
716 2864 749 2891 IV
768 2863 832 2897 lleg.
847 2872 877 2893 il,
891 2865 908 2891 9
938 2872 1015 2899 seqq.
1047 2864 1070 2879 ⁸³
1088 2863 1118 2891 ιν
1136 2863 1201 2897 Reg.
1230 2872 1279 2896 xu,
1297 2865 1340 2892 Η.

795 2901 816 2915 ⁸⁵
833 2900 863 2927 ιιι
879 2899 944 2934 Reg.
963 2907 992 2931 il,
1012 2900 1022 2926 1
1042 2907 1118 2934 seqq.

1331 2830 1353 2846 ³*
1369 2828 1398 2854 Ill
1416 2828 1482 2861 Reg.
1509 2835 1585 2859 xvttt,
1603 2826 1648 2852 58.

1379 2865 1401 2880 "
1417 2860 1528 2898 iV’Reg.
1551 2870 1587 2894 tv,
1604 2860 1647 2888 16.

1158 2900 1178 2915 ⁸⁷
1199 2900 1278 2927 “Olli.
1295 2907 1353 2929 VIII,
1370 2899 1414 2925 14.

1704 2825 1725 2840 ιο
1741 2823 1772 2850 tv
1792 2823 1857 2856 Reg.

1686 2860 1720 2876 “‘
1733 2859 1751 2886 ΙΙ
1769 2859 1858 2887 Parui.
