2089 3151
281 171 334 204 483

861 174 1008 205 NICET/E
1038 175 1135 206 PAPII
1140 175 1302 206 LAGONIS

1864 175 1918 207 484

281 235 374 256 ctuum
391 229 550 264 insurgente
565 229 588 256 vi
614 234 708 256 natatu
726 229 864 264 superior,
881 235 964 265 atque
986 237 1072 257 cmer-
1088 232 1110 259 A
1124 237 1220 257 eorum
1237 231 1288 265 ipsi
1305 231 1420 258 consilia
1441 235 1612 266 sequantur;
1628 231 1787 267 maluntque
1802 231 1853 258 sibi
1869 239 1917 259 eos

280 279 358 308 gens,
374 273 513 300 tutissimo
532 275 604 301 exitu
620 274 704 302 animi
719 275 858 310 propriam
871 275 1073 311 navigationem

279 319 446 354 obsignavit,
467 327 499 346 ac
516 320 624 346 clausit.
780 314 789 321 ”

316 365 463 400 Postquam
478 370 580 397 autem,
609 373 690 400 quam
709 366 761 393 sibi
777 367 949 402 propositam
968 368 1072 396 habue-

286 415 329 437 rat
358 410 533 444 'unpénsioris
547 410 621 438 illius
641 412 749 440 consilii
777 413 925 447 actionem,
952 413 1071 441 faustum

282 455 374 486 ﬁnem,
387 463 419 482 ac
437 463 487 490 pro
502 456 562 490 ejus
576 457 736 492 diligentiae,
756 466 789 486 ac
805 460 863 494 spei
879 460 987 488 ratione
1006 468 1072 488 cou-

278 505 445 536 venientem,
475 504 544 532 vidit
559 506 716 541 accepisse;
736 508 811 534 omni
830 509 934 536 scilicet
947 509 1071 544 populari

277 550 396 577 tumultu
425 557 458 578 ac
481 552 667 584 contentione,
686 552 939 590 Anomceorumque
972 555 1071 590 linguae

277 595 454 630 improbitate
482 603 514 624 ac
527 598 744 626 contradictione
758 600 844 627 divisa
854 608 978 635 prorsus,
989 606 1071 636 atque

277 640 417 669 conscissa
436 649 444 674 ;
463 642 595 677 omnique
624 651 705 671 sacro
736 645 959 673 Orthodoxorum
996 651 1068 674 coetu

277 686 366 714 sacris
391 686 524 716 Ecclesiis
545 689 683 723 restituto,
709 690 804 725 sicque
829 691 931 719 virtute
959 699 992 720 ac
1018 693 1070 720 ﬁde

276 731 380 764 adulto,
403 737 432 760 ut
446 740 529 768 super
548 742 596 762 eos
610 734 702 762 divina
726 736 840 763 omnino
859 736 983 765 cﬂlorero
1005 745 1069 765 san-

276 777 405 805 ctiﬁcatio
424 779 629 813 conspiceretur
644 780 677 807 "'.
693 779 814 808 Aderant
826 781 935 816 quidem
949 790 1067 817 quorum

274 822 409 850 adventus
445 825 657 859 exspectabatur
705 827 910 860 prazstantiores
947 828 1067 863 episcopi

274 872 358 901 atque
376 874 505 902 proceres
520 876 528 902 ;
547 869 672 903 aderant,
690 878 745 898 non
770 876 800 898 ut
818 871 954 901 Ecclesias
981 873 1066 901 colla-

275 920 338 946 psas
350 913 489 948 erigerent
506 914 579 949 (jam
595 916 668 943 enim
682 916 754 944 sacri
770 917 902 946 antistitis
916 919 1066 947 sudoribus

275 958 301 984 id
321 963 383 985 ante
400 959 529 993 praeclare
543 961 696 995 prastitum
710 962 792 998 erat),
807 963 854 991 sed
870 968 900 991 ut
914 964 989 992 illius
1005 969 1066 994 acta

274 1003 479 1031 conﬁrmarent.
499 1003 559 1032 Non
575 1011 604 1032 ut
632 1011 775 1035 nutantem
803 1008 883 1036 ﬁdem
925 1009 1067 1038 ﬁrmarent

273 1055 307 1075 ac
331 1049 514 1084 stabilirent(
535 1058 617 1086 quam
646 1052 692 1080 ille
716 1052 797 1082 factis
834 1062 866 1082 ac
891 1056 1065 1084 sermonibus

273 1095 457 1124 adamantinis
468 1098 708 1134 communiverat),
722 1102 768 1127 sed
789 1105 819 1128 ut
836 1104 896 1136 ejus
910 1102 944 1129 de
959 1102 1065 1130 Deitate

271 1139 425 1167 doctrinam
441 1141 549 1169 calculo
561 1143 755 1177 approbarent.
767 1143 823 1172 Nec
837 1151 866 1173 ut
881 1146 1065 1174 Consubstnu-

272 1185 394 1213 tialitatis
425 1187 541 1221 gloriam
571 1193 635 1216 tunc
662 1189 775 1224 Spiritui
792 1190 942 1224 deferrent,
959 1191 1062 1220 Deum-

268 1238 322 1265 que
337 1232 440 1266 pariter
454 1240 487 1260 ac
512 1233 620 1262 Patrem
644 1234 800 1272 Filiumque
826 1243 991 1271 assererem,
1015 1238 1062 1266 sed

269 1281 300 1303 ut
316 1284 413 1306 omnes
430 1280 572 1307 communi
589 1280 731 1317 suifragio,
750 1282 825 1311 illius
840 1284 941 1312 divinis
963 1285 1063 1320 praedi-

267 1323 425 1351 cationibus
438 1326 638 1355 consentirent.
669 1349 671 1351 .

303 1370 385 1403 Quod
398 1372 473 1399 asin
490 1380 592 1408 magis
614 1374 692 1409 prius
707 1376 820 1404 tonitrui
836 1376 893 1405 ﬁlio
910 1377 934 1394 "
947 1385 1063 1406 conces-

268 1423 330 1443 sum
344 1419 396 1449 est,
411 1417 444 1444 ad
468 1417 611 1453 Unigeniti
625 1420 743 1455 glerian
760 1421 926 1455 declararet.
948 1431 982 1451 ac
1004 1431 1062 1459 pra:

268 1461 382 1496 reliquis
407 1462 617 1498 Evangeliorum
648 1466 840 1501 scriptoribus,
866 1468 1062 1502 imeeum

266 1509 341 1537 clare
356 1510 518 1545 pradicaret
533 1513 735 1548 ;quamobrem
758 1514 841 1541 etiam
856 1515 924 1543 scite
939 1515 1060 1543 Theolo-

1126 277 1263 309 addicere,
1281 285 1363 312 quam
1380 282 1409 305 ut
1421 278 1439 304 ii
1460 278 1568 313 pictatis
1585 278 1644 313 lege
1665 278 1731 313 ipsis
1743 278 1915 305 addicantur.

1125 322 1187 357 Ipse
1201 331 1275 356 vero,
1286 331 1348 351 cum
1362 323 1497 351 hactenus
1508 324 1635 351 omnibus
1647 324 1754 359 placere
1768 324 1916 352 sustinuis-

1124 371 1176 399 set,
1194 372 1224 394 ut
1240 367 1312 402 quod
1330 368 1357 394 in
1385 368 1443 402 ipso
1460 374 1529 400 erat,
1545 369 1624 403 juxta
1638 376 1768 403 magnum
1797 369 1915 404 Aposto-

1124 412 1179 439 lnm
1195 414 1217 429 "°
1238 421 1333 441 omnes
1348 413 1521 441 lucriiaceret
1537 423 1544 447 ;
1563 415 1636 449 quod
1658 415 1775 450 amplius
1796 420 1849 448 est,
1871 424 1915 443 ve-

1125 457 1166 484 lut
1177 451 1260 485 studii
1278 458 1390 486 libidine
1408 459 1586 493 placendi,ac
1598 460 1791 487 assentationis
1808 461 1912 487 crimen

1122 504 1298 537 submovens,
1316 505 1477 540 diulansque
1492 514 1500 538 ;
1531 513 1636 532 necnon
1652 506 1712 540 ejus
1737 513 1820 540 quam
1837 513 1914 532 ama-

1122 553 1198 576 verat
1214 557 1229 577 a
1245 550 1390 586 principio,
1412 551 1640 586 coalumnamque
1658 551 1800 584 habuerat,
1824 551 1913 586 philo-

1121 595 1224 630 sophize
1235 603 1316 631 supra
1330 598 1441 624 modum
1461 597 1596 624 desiderio
1609 605 1742 625 accensus
1758 606 1765 631 ;
1778 605 1914 633 unamque

1120 641 1223 673 s:~dem,
1240 649 1385 676 supernam
1398 642 1512 674 scilicet,
1528 642 1597 669 uulli
1617 642 1727 670 invidiae
1746 643 1911 677 expositam,

1120 694 1153 714 ac
1181 687 1447 722 intransi‘eribilem;
1472 688 1654 716 vitatautem
1681 688 1764 723 hujus
1788 688 1912 716 laborum

1120 734 1284 766 mercedem,
1298 734 1359 768 ejus
1386 736 1544 769 ascensum,‘
1562 743 1666 771 proque
1681 735 1727 763 illa
1746 735 1911 770 sessionem,

1119 779 1234 812 sciens;
1254 787 1335 814 quem
1365 780 1490 809 homines
1513 781 1644 808 honorem
1659 781 1808 814 deferrent,
1834 790 1912 816 sper-

1118 826 1175 859 nit;
1192 825 1340 861 litibusque
1354 827 1504 862 expositam
1521 828 1626 855 sedium
1646 828 1796 855 cclsitatem
1811 829 1911 856 volenti

1119 871 1242 906 cedens;
1268 879 1301 899 ac
1327 871 1392 900 Vale
1418 873 1556 906 Ecclesiae,
1586 874 1772 909 Augustisque
1804 874 1910 908 dicens,

1119 917 1231 945 urbanis
1256 925 1286 945 se
1303 918 1401 951 turbis,
1422 926 1454 946 ac
1475 919 1591 954 negotiis
1606 920 1741 953 eximens,
1767 920 1800 948 ad
1827 925 1911 949 terre-

1118 970 1181 989 nam
1198 963 1329 991 hactenus
1341 964 1457 999 patriam
1473 965 1648 1000 commigrat.

1153 1008 1219 1035 llluc
1251 1009 1350 1036 iterum
1380 1017 1506 1037 reversus
1524 1030 1531 1043 ,
1572 1015 1741 1046 paternaque
1776 1012 1908 1045 Ecclesia,

1116 1054 1266 1081 amentium
1290 1054 1351 1082 labe
1381 1061 1495 1090 purgata
1524 1056 1794 1091 Apollinaristarum,
1829 1063 1910 1094 atque

1116 1100 1277 1128 domesticis
1293 1101 1354 1128 ﬁdei
1369 1102 1469 1129 tradita
1487 1111 1494 1135 ;
1513 1110 1545 1130 ac
1563 1107 1619 1130 tum
1647 1104 1757 1137 exinde,
1772 1105 1799 1132 in
1830 1110 1909 1133 terra;

1115 1146 1244 1180 angulum
1260 1146 1401 1174 solitarius
1410 1148 1551 1181 secedens,
1564 1148 1598 1175 ab
1607 1149 1776 1176 exteriorum
1791 1157 1821 1183 se
1830 1149 1905 1177 curis

1114 1192 1226 1219 omnino
1243 1192 1399 1227 collegisset
1415 1201 1423 1226 ;
1439 1192 1624 1221 Ecclesiarum
1639 1195 1749 1229 quidem
1776 1195 1909 1230 praesides

1114 1245 1164 1272 per
1193 1238 1325 1273 epistolas
1351 1239 1567 1268 constabilicndo
1589 1241 1823 1276 coagmentabat;
1851 1241 1908 1276 ipse

1114 1291 1180 1310 vero
1197 1285 1311 1318 potioris
1327 1285 1353 1311 vi
1382 1286 1630 1321 contemplationis,
1651 1287 1908 1322 absolutissimaque

1113 1329 1286 1365 philosophia
1303 1338 1435 1366 supremo
1450 1331 1623 1359 desiderabili
1639 1340 1821 1361 consuescens
1836 1353 1844 1367 ,
1876 1340 1909 1360 ac

1113 1377 1158 1412 ipo
1173 1385 1336 1406 arcanorum
1349 1384 1515 1414 praeceptore
1531 1384 1620 1413 utens,
1636 1388 1744 1408 omnem
1764 1385 1821 1408 tum
1840 1379 1908 1415 ﬁgu-

1112 1422 1211 1450 ralium
1245 1431 1387 1451 sacrorum
1416 1424 1604 1459 symbolarum
1635 1425 1793 1460 expressius
1819 1424 1907 1460 perie-

1112 1469 1239 1505 ctiusque
1258 1477 1351 1497 veram
1382 1470 1507 1498 notitiam
1532 1470 1738 1506 docetur;tum
1769 1476 1795 1499 et
1819 1472 1906 1507 ipsam

1112 1515 1262 1550 synodica
1285 1516 1362 1544 omni
1382 1518 1622 1552 repraesentatione
1645 1519 1814 1554 superiorem
1831 1538 1840 1551 ,
1855 1517 1908 1545 illi-

266 1563 318 1589 gus
331 1562 509 1592 nuncupatus
523 1563 567 1587 est
581 1567 589 1592 ;
606 1559 658 1587 hoc
675 1559 764 1594 ipsum
777 1561 868 1595 plane,
892 1562 956 1590 huic
976 1571 1058 1598 quem
1073 1571 1094 1600 ο
1113 1569 1165 1596 que
1184 1562 1365 1595 emittentem.
1376 1563 1499 1591 'efilalis
1514 1564 1668 1592 εοὶθιιῑὶθω-

267 1602 424 1637 laudamus,
455 1604 529 1638 quod
563 1604 598 1632 ad
626 1604 797 1633 Paracletum
829 1606 938 1640 attinet,
966 1613 1061 1643 postea

266 1646 401 1674 donatum
417 1652 469 1675 est.
485 1647 554 1675 Cum
570 1649 643 1676 enim
659 1649 706 1677 alii
727 1657 743 1677 a
764 1649 871 1679 Deitate
894 1656 1059 1680 extraneum

266 1692 405 1719 traderent
427 1693 498 1725 ;alii
528 1699 726 1729 componerent
750 1696 860 1731 quidem
890 1697 1001 1731 Deitati,
1031 1704 1060 1726 ut

264 1742 355 1764 tamen
373 1738 463 1772 palam
484 1738 570 1766 Deum
587 1747 787 1775 nuncuparent,
812 1743 904 1770 induci
919 1752 973 1771 non
996 1752 1059 1779 pos-

263 1787 326 1809 sent
343 1791 351 1815 ;
370 1784 417 1811 sed
432 1785 475 1812 vel
490 1793 547 1812 suae
570 1785 621 1820 ipsi
642 1787 768 1822 ignavias,
788 1789 830 1815 vel
846 1789 1056 1818 imbecilliorum

263 1827 363 1854 animis
393 1835 425 1855 ea
456 1831 655 1864 temperatione
684 1832 885 1867 consulerent;
903 1836 979 1862 solus
1001 1835 1057 1868 hic,

263 1872 425 1908 primusque
438 1874 494 1902 fere
509 1883 564 1910 pne
581 1878 710 1905 omnibus
723 1878 856 1913 Spiritum
873 1880 958 1908 Deum
983 1881 1057 1909 Patri

263 1926 295 1946 ac
328 1918 419 1948 Verbo
442 1923 706 1951 consubstantialem
733 1926 881 1960 perspicue
920 1935 953 1955 ac
978 1928 1057 1956 valde

261 1965 334 1993 clare
357 1965 513 2002 ﬁduciaque
545 1970 704 2003 praedicavit
721 1979 729 2004 ;
745 1971 826 2006 cujus
855 1972 938 2000 etiam
962 1973 1056 2001 liberae

261 2011 469 2045 praedicationis
491 2014 795 2049 magniﬁcentissimum
820 2018 962 2052 praemium
987 2027 1054 2047 eon-

259 2062 372 2086 secutus
406 2063 460 2091 est,
495 2064 527 2087 ut
557 2068 610 2095 qua
642 2061 704 2088 aliis
738 2067 851 2097 prmstat
882 2065 1052 2098 excellentia,

259 2103 392 2139 Theologi
418 2113 518 2133 nomen
541 2108 760 2142 nancisceretur,
784 2109 843 2137 auri
869 2111 974 2139 scilicet
992 2111 1053 2139 the-

258 2149 350 2176 sauris
379 2149 640 2185 innumerabilibus,
668 2154 834 2190 cunctisque
864 2157 993 2190 pretiosis
1014 2157 1053 2185 la-

257 2193 367 2226 pidibus
383 2194 462 2228 longe
479 2196 591 2224 clarius.

294 2237 378 2265 Sacro
407 2239 491 2274 igitur
522 2241 715 2276 episcoporum
752 2249 843 2278 coetu,
872 2247 1053 2283 universaque

256 2284 377 2317 cititate,
398 2287 472 2320 quod
492 2286 616 2316 Ecclesia
644 2290 757 2318 victoria
774 2292 917 2326 potiretur,
935 2294 960 2321 id
987 2302 1053 2322 vero

255 2330 316 2363 ejus
331 2332 522 2366 certaminum,
541 2333 676 2368 laborum,
689 2343 847 2365 sermonum
869 2338 986 2371 facinus.
1002 2349 1052 2368 ceu

259 2383 316 2402 rem
329 2378 404 2404 omni
424 2378 556 2413 majorem
567 2381 620 2408 ﬁde
631 2383 806 2416 testantibus,
826 2385 906 2419 eique
920 2387 1051 2414 mutatio-

255 2421 298 2448 nis
308 2421 334 2448 iu
344 2423 442 2451 melius
453 2432 564 2453 causam
575 2428 787 2461 ascrihcntibus,
799 2437 831 2458 ac
847 2431 921 2459 velut
939 2431 1051 2467 dignum

254 2469 394 2502 praemium
425 2471 535 2499 sublimi
557 2480 622 2500 eum
652 2474 715 2502 sede
737 2476 926 2505 collocandum
952 2487 1052 2513 opera:-

253 2514 372 2549 pretium
391 2517 573 2552 ducentibus;
595 2519 654 2554 ipse
681 2522 854 2556 negotiorum
880 2525 1050 2553 ecclesiasti-

252 2567 360 2593 corum,
387 2563 586 2599 turbarumque
609 2572 744 2600 pertaesus
759 2576 767 2598 ι
783 2568 815 2595 ad
841 2569 898 2597 lucc
912 2571 993 2597 etiam
1019 2576 1049 2598 ut

251 2606 286 2634 de
302 2607 364 2642 ejus
394 2609 566 2639 institutione
592 2619 626 2640 ac
653 2613 717 2641 sede
737 2618 811 2642 ortas
835 2616 1046 2650 disceptationes

250 2652 362 2685 vitaret,
379 2661 468 2689 eaque
483 2656 588 2684 ratione
605 2657 788 2686 Ecclesiarnm
807 2667 901 2694 pacem
914 2669 1045 2695 procura-

251 2702 292 2724 ret
307 2707 315 2732 ;
332 2699 398 2733 quin
409 2699 466 2734 jam
483 2708 594 2737 quoque
618 2711 713 2731 curam
736 2705 859 2739 placendi
873 2707 953 2739 aulic,
978 2707 1046 2734 civi-

250 2743 357 2779 busque
384 2745 537 2775 declinans.
574 2748 703 2784 Plerique
725 2751 799 2778 enim
830 2753 987 2781 sacerdotes
1014 2755 1047 2781 ad

249 2791 436 2829 sua‘ipsorum
450 2792 586 2822 desideria
608 2795 747 2824 lubentius
773 2798 895 2831 trahunt,
914 2807 995 2834 quam
1020 2806 1050 2828 ut

285 2845 307 2887 ξς
320 2845 392 2887 l’sal.
409 2856 503 2887 ccxxt,
520 2851 571 2887 d8.
617 2852 638 2868 “
655 2852 736 2881 Mare.
767 2863 807 2887 ut,
831 2855 873 2882 l7.

249 2879 272 2895 "
283 2879 381 2909 Ezech.
398 2891 416 2916 ι,
433 2885 477 2911 27.

913 2857 935 2872 ⁷⁸
968 2857 977 2884 Ι
1003 2858 1067 2886 (ῖοΓ.
1101 2869 1136 2893 ix,
1157 2861 1199 2888 19.

517 2886 539 2902 ⁸⁸
552 2885 652 2915 Ezech.
667 2896 726 2923 vru,
740 2890 768 2918 2.
801 2885 829 2907 '7‘
847 2892 914 2918 Dan.
930 2900 978 2925 vn,
995 2893 1020 2921 9.
1045 2885 1081 2911 N77

1153 1607 1205 1634 Alii
1226 1608 1335 1643 quidem
1357 1609 1564 1644 prophetarum,
1576 1610 1637 1638 aliis
1654 1609 1690 1640 in,
1702 1609 1807 1644 Spiritu
1822 1610 1906 1638 visio-

1112 1653 1194 1681 nibus
1212 1653 1237 1681 vi
1255 1654 1340 1681 animi
1359 1656 1473 1683 rcctrice
1498 1663 1530 1683 ac
1542 1661 1634 1685 mente
1650 1656 1807 1690 informati;
1824 1662 1906 1692 atque

1111 1699 1156 1726 alii
1169 1708 1179 1725 ι
1189 1699 1298 1734 quidem
1312 1708 1395 1735 super
1409 1701 1508 1728 solium
1529 1702 1667 1730 excelsum
1680 1709 1709 1730 et
1727 1703 1862 1731 elevatum
1870 1703 1904 1735 "';

1110 1744 1155 1771 alii
1181 1745 1346 1773 animalibus
1368 1746 1603 1781 quadriformibus
1631 1753 1750 1781 vectum,
1780 1749 1907 1778 invisibi-

1111 1793 1161 1819 Iem
1179 1793 1328 1827 conspicati
1346 1794 1386 1827 "';
1405 1802 1437 1822 ac
1462 1797 1543 1822 modo
1567 1796 1677 1830 quidem
1696 1796 1799 1829 electri,
1824 1797 1904 1824 modo

1109 1838 1179 1872 ignis
1192 1840 1282 1873 specie
1294 1839 1317 1855 "'
1333 1848 1340 1872 ;
1359 1840 1483 1875 aliasque
1496 1849 1594 1869 rursus
1609 1842 1728 1869 humana
1740 1849 1802 1869 eum
1816 1842 1903 1870 forma

1108 1885 1313 1912 considerantes
1323 1884 1365 1915 ".
1392 1886 1475 1913 variis
1497 1887 1647 1922 ﬁgurarum
1672 1887 1847 1921 simulacris,
1871 1896 1904 1916 ac

1107 1929 1208 1956 diversi
1224 1930 1331 1964 generis
1349 1929 1448 1958 formis
1465 1936 1596 1966 tanquam
1607 1932 1654 1968 qui
1669 1940 1717 1968 per
1731 1938 1857 1960 naturam
1869 1934 1902 1967 ⁷⁸,

1107 1975 1180 2002 nulla
1194 1980 1269 2003 certo
1284 1976 1374 2010 specie
1390 1977 1532 2012 formaque
1548 1979 1715 2014 designetur,
1729 1980 1819 2015 sitque
1841 1980 1903 2007 uni-

1106 2028 1247 2048 versorum
1272 2027 1379 2056 auctor,
1398 2028 1479 2058 atque
1494 2032 1525 2051 ea
1537 2025 1644 2053 ratione
1657 2034 1706 2060 pro
1717 2034 1748 2054 eo
1763 2035 1795 2054 ac
1812 2026 1906 2054 viden-

1105 2073 1146 2094 tes
1160 2068 1281 2102 capiunt,
1292 2069 1460 2104 indulgentia
1474 2075 1573 2098 clmcta
1590 2072 1686 2099 subrat
1699 2078 1780 2108 atque
1794 2073 1900 2106 induat;

1105 2117 1240 2148 tanquam
1267 2114 1300 2150 in_
1315 2115 1466 2150 amigmatis
1482 2116 1662 2151 obscurisque
1684 2119 1901 2152 repraesentatio-

1103 2159 1197 2190 nibus,
1221 2161 1296 2187 oumi
1324 2167 1466 2189 vacantem
1488 2163 1641 2196 quantitate
1666 2171 1699 2190 ac
1718 2164 1858 2197 qualitate,
1873 2164 1900 2192 in

1105 2210 1276 2234 antecessum
1304 2207 1443 2235 videbant.
1470 2207 1520 2235 Hic
1544 2215 1646 2241 autem,
1670 2210 1792 2237 oumium
1816 2211 1899 2239 simul

1107 2251 1255 2286 visionum,
1268 2260 1338 2288 quas
1358 2254 1474 2280 seorsim
1497 2254 1598 2289 singuli
1624 2262 1813 2290 aspectarunt,
1836 2258 1898 2285 illu-

1107 2297 1263 2330 strationes,
1287 2298 1396 2333 vimque
1419 2299 1605 2328 sincerissime
1624 2302 1749 2336 edoctus,
1768 2305 1898 2339 onmique

1107 2341 1254 2376 Evangelio
1275 2344 1403 2371 exhibita:
1421 2346 1543 2374 veritatis
1565 2347 1642 2379 luce,
1665 2349 1807 2377 altissima:
1832 2359 1897 2378 cmi-

1107 2387 1292 2421 templatiouis
1329 2391 1491 2425 compendio
1525 2392 1672 2421 imbutus:
1698 2399 1779 2430 atque
1799 2397 1898 2425 vctu-ris

1105 2432 1293 2467 fundamento,
1309 2443 1378 2463 nova
1393 2436 1437 2464 illa
1452 2440 1666 2473 superanlilicata
1677 2449 1752 2468 sacra
1772 2442 1896 2477 scicntia,

1105 2478 1195 2506 omnis
1215 2479 1393 2514 plenitudinis
1416 2484 1558 2519 sapientia:
1572 2485 1618 2513 Dei
1633 2488 1785 2522 vasculum,
1804 2490 1897 2518 sedes-

1103 2533 1156 2559 que
1174 2526 1300 2555 elﬁcitur.
1319 2527 1347 2555 In
1370 2529 1480 2558 Christo
1495 2532 1605 2566 quidem
1622 2541 1731 2561 omnenl
1751 2535 1896 2569 plenitudi-

1103 2578 1163 2598 nem
1181 2571 1331 2602 divinitatis
1346 2576 1522 2610 corporaliter
1538 2577 1691 2606 inltabitare
1713 2581 1850 2608 credimus
1861 2583 1893 2615 t';

1101 2616 1127 2643 in
1146 2617 1218 2646 hunc
1231 2624 1333 2653 autem,
1347 2626 1433 2649 totum
1451 2630 1500 2657 per
1512 2622 1644 2658 Spiritum
1662 2625 1796 2654 sentimus
1813 2627 1894 2656 Chri-

1099 2669 1171 2691 stum
1193 2673 1373 2695 commeasse.

1140 2711 1226 2740 Jonas
1251 2714 1361 2748 quidem
1380 2714 1425 2743 ille
1441 2716 1549 2743 Amathi
1572 2717 1654 2752 ﬁlius,
1669 2719 1894 2757 Danielquoqnc,

1098 2765 1130 2785 ac
1146 2764 1200 2786 tres
1227 2759 1320 2794 pueri;
1337 2761 1413 2795 prior
1434 2762 1555 2796 quidem,
1578 2764 1674 2793 bellua:
1695 2767 1810 2794 marina:
1829 2775 1893 2802 pro-

1096 2804 1185 2839 jectus
1198 2806 1231 2832 ττι
1248 2806 1328 2839 alter,
1351 2815 1414 2835 esca
1434 2808 1561 2838 leonibus
1581 2811 1608 2838 in
1623 2812 1683 2840 lacu
1699 2813 1779 2841 datus
1792 2814 1825 2846 ";
1843 2821 1892 2849 po-

1239 2863 1261 2878 ⁷¹
1275 2863 1335 2902 _l_.sa.
1361 2872 1396 2896 vt,
1414 2865 1424 2891 1
1446 2874 1523 2902 seqq.

1562 2869 1586 2884 '”
1599 2868 1696 2897 Ezech.
1714 2878 1740 2899 x.
1765 2871 1796 2897 l8
1813 2879 1889 2906 seqq.

1275 2900 1297 2915 ⁷⁷
1307 2899 1369 2927 Jun.
1386 2909 1416 2934 ll,
1431 2901 1458 2928 2.

1497 2903 1518 2918 7"
1532 2903 1598 2932 Dan.
1613 2913 1665 2939 HV,
1682 2905 1711 2932 51
1726 2914 1803 2941 seqq.
