2089 3151
215 157 269 190 485

570 150 711 182 ORATIO
724 150 790 180 XX.
809 148 896 180 —IN
908 148 1066 178 LKUDEM
1086 148 1117 179 S.
1136 148 1325 180 GREGORII
1339 150 1477 182 THEOL.

1786 156 1841 188 486

210 215 320 246 streml,
339 212 366 238 in
393 211 530 237 fornacem
554 209 625 243 ignis
649 208 750 242 injecti,
777 207 875 233 horum
902 207 1001 241 singuli
1018 212 1040 239 Α
1055 209 1184 240 tanquam
1203 207 1282 240 plane
1305 209 1509 241 exercitatione,
1524 210 1585 244 qua".
1597 209 1630 237 ad
1643 210 1769 245 pietatem
1792 214 1843 240 dn-

209 259 358 287 oratoriatn
375 257 486 283 dotttttttt
499 256 531 288 "’;
545 254 638 287 Jonas,
657 259 758 286 cettttn;
776 252 882 284 Daniel.
898 253 998 285 lacum;

209 311 266 333 tres
278 304 364 338 pueri,
385 303 523 329 fornacem
537 301 694 328 cil'ecerant.
714 299 902 326 Precabantur
912 298 998 330 ettim,

211 356 240 378 nt
258 351 380 385 ipsorum
399 348 454 374 vita
474 347 507 373 ab
528 346 684 373 interitione
698 345 811 380 tabeque
832 349 999 379 emergeret;

211 396 399 424 liberationem
426 393 551 428 precibus
564 392 764 427 exposcebant;
783 395 809 418 et
824 398 888 417 vero
907 390 1000 417 divino

209 447 277 468 nuttt
304 441 499 471 obtinuerunt;
521 438 615 470 Jonas,
636 445 651 465 e
674 442 750 470 ceto;
768 436 872 466 Daniel.
890 444 904 463 e
920 436 998 467 lacu;

209 487 287 522 pueri
313 491 378 519 tres,
391 494 406 512 e
429 484 538 511 fornace
559 484 629 518 ignis
645 483 761 510 liberati.
781 482 930 517 Gregorius
952 489 1001 507 att-

210 537 276 563 tem,
293 536 349 558 tum
365 530 491 560 bestiam,
508 534 563 556 tum
581 529 681 559 lacum.
701 533 814 562 tumque
825 528 895 562 ignis
909 527 999 554 forna-

210 585 280 609 cem,
296 584 395 611 corpus
412 576 582 606 existimans,
615 575 793 608 corporisque
808 575 909 601 malum
926 574 1001 601 habi-

208 627 280 653 tum,
303 630 350 649 seu
375 622 434 655 ejus
452 625 580 655 :rgrotam
600 619 801 652 valetudinem,
820 625 903 654 atque
922 620 998 652 vitia,

209 675 270 702 qua:
286 668 378 694 animo
392 667 472 693 etiam
497 673 604 693 suntme
622 665 793 699 philosopho,
814 673 847 692 ac
867 669 1001 692 comtcm;

210 712 329 746 platione
352 710 560 746 ptovectissimo
586 710 752 745 quandoque
779 711 933 737 molestiam
960 710 1000 737 fa-

209 758 292 789 ciant.
310 757 519 791 divinorumque
542 765 552 782 t
574 761 603 783 ut
629 756 716 791 ipsius
738 757 828 784 verbis
858 761 919 783 utar
943 756 999 791 (15)

208 804 232 830 ci
247 803 382 830 radiorum
395 803 479 830 lucem
489 808 615 836 tattquam
626 802 764 836 interjecta
775 803 859 829 nubes
869 802 999 835 adimant,

210 848 253 874 his
283 853 411 883 tanquam
441 847 555 874 vinculis
576 847 677 874 exsolvi
705 847 830 882 precibus
851 848 884 874 ad
915 847 1000 875 Deum

1054 251 1105 281 cit.
1121 251 1253 286 aequalis;
1275 260 1306 279 ac
1333 254 1443 281 demum
1469 256 1598 283 societate
1618 264 1680 283 cum
1702 258 1841 292 omnibus,

1054 296 1189 324 universis
1201 297 1383 330 conjunctns;
1402 302 1484 333 atque
1497 307 1556 326 eam
1573 299 1641 328 forte
1654 301 1689 328 ob
1703 309 1759 328 rem
1775 311 1842 330 cun-

1054 341 1105 367 ctis
1126 341 1207 368 altius
1225 342 1391 375 collocatus,
1415 342 1449 369 ad
1473 344 1558 378 ipsam
1581 352 1648 378 pure
1667 346 1842 379 purissimam

1059 385 1219 413 Trinitatem
1237 388 1347 422 propior
1368 388 1493 420 accedit,
1509 395 1590 424 atque
1606 390 1640 417 ab
1659 399 1702 422 ea,
1727 392 1842 426 ejusque

1055 431 1249 466 benignissima
1272 433 1430 468 largitione,
1445 435 1558 468 justitia:
1575 443 1703 462 coronam
1721 438 1840 472 accipit;

1055 477 1119 510 quin
1142 478 1214 505 illam
1247 479 1333 513 ipsam
1364 485 1462 507 ornatu
1500 488 1607 507 ontncm
1642 483 1772 509 mundum
1795 491 1841 509 su-

1055 528 1178 557 perante,
1201 524 1456 552 immarcescibiletn
1481 533 1607 552 coronam
1621 526 1712 560 gloria:
1742 528 1840 556 induit.

1092 579 1207 607 Deccbat
1221 581 1307 611 enim.
1325 586 1355 608 ttt
1376 582 1421 616 qui
1440 586 1528 609 tantos
1551 583 1624 609 illius
1639 583 1725 617 gratia
1740 591 1842 618 agones

1055 624 1082 650 in
1097 630 1170 652 terra
1184 626 1356 658 tlesudasset,
1380 627 1465 661 ipsam
1489 627 1516 654 itt
1535 628 1611 655 malis
1625 629 1697 655 velut
1713 636 1842 656 coronam

1053 670 1165 705 gloriae.
1190 679 1222 698 ac
1244 673 1356 707 dignum
1379 673 1500 700 victoriae
1522 675 1663 708 praemium
1689 676 1842 710 acciperet;

1054 721 1136 750 atquc
1157 717 1180 744 is
1194 719 1239 752 qui
1259 726 1307 752 pro
1324 726 1355 746 ea
1371 719 1510 746 laboribus
1526 719 1681 752 delunctus,
1693 725 1773 755 atque
1794 721 1844 747 ltu~

1055 762 1127 789 milis
1151 763 1327 798 altjectusqtte
1345 763 1459 791 etl‘ectus
1475 769 1559 794 esset.
1579 765 1699 791 laborum
1721 773 1781 792 eatn
1800 773 1844 792 re-

1055 807 1211 834 ntis~ionetn
1234 816 1266 835 ac
1283 810 1474 836 exaltationem
1506 810 1648 837 inveniret.
1672 810 1800 842 Docebat,
1815 815 1845 839 ι.ι

1054 853 1100 888 qui
1121 861 1170 888 pro
1198 854 1332 888 Unigeniti
1360 855 1462 889 gloria,
1483 863 1515 882 ac
1542 854 1660 890 Spiritus
1690 856 1844 891 :t-qualitate

209 893 348 927 ﬂagitabat
362 902 369 926 ;
387 901 419 920 ac
433 901 494 920 cum
514 893 619 919 solvere
631 893 807 925 desideraret.
826 897 850 919 οι
866 900 927 920 esse
940 901 1001 920 cum
1019 897 1040 924 Β
1054 906 1162 925 omnem
1187 899 1530 937 laberemVterutnnantque
1549 901 1688 935 proclivis.
1705 902 1844 936 suscepis—

208 939 340 970 CIn-isto,
367 939 855 973 iugi-miscebat“rquetnztdmodum
886 945 1001 972 magnus

210 983 370 1015 Apostolus,
394 988 531 1016 gravatus,
557 991 599 1016 ac,
625 983 696 1010 sicut
717 983 772 1014 ille.
814 983 1000 1010 habitaculum

207 1025 283 1060 quod
297 1025 332 1052 de
346 1025 419 1052 cutio
432 1030 484 1059 est,
501 1026 576 1053 indui
597 1026 710 1061 cupiens
723 1026 755 1054 ⁸¹.

246 1092 390 1120 Enimvero
407 1092 489 1119 etiam
502 1093 574 1128 quod
592 1093 717 1127 precibus
732 1092 894 1125 ettitehatttr,
908 1100 939 1120 ac
951 1101 1001 1120 cu-

208 1137 294 1172 pienti
313 1138 422 1165 invotis
442 1143 509 1171 erat,
523 1140 575 1165 ltoc
597 1138 788 1173 consequitur;
812 1141 894 1173 inque
930 1139 999 1166 bona

209 1189 243 1208 ac
267 1182 360 1216 pingui
384 1187 526 1209 senectute
538 1183 572 1215 ⁸³,
593 1184 677 1210 vitam
695 1183 792 1216 solvit;
810 1191 842 1210 ac
857 1190 919 1210 cum
943 1183 1000 1217 pri-

210 1226 271 1251 dem
293 1233 356 1252 suas
366 1232 462 1253 omnes
475 1226 536 1253 vitae
550 1227 670 1253 rationes
690 1227 716 1253 in
727 1227 827 1254 emtum
842 1227 999 1254 transtulis-

210 1274 254 1297 set
271 1270 304 1302 ⁸³,
320 1270 414 1305 utique
431 1270 512 1297 etiam
528 1278 560 1298 eo
576 1271 749 1306 commigrat.
763 1273 802 1298 Ac
817 1271 925 1305 quidem
941 1279 1002 1298 cor-

212 1323 273 1348 pus,
289 1315 402 1350 utquod
419 1320 491 1343 terra
506 1321 589 1349 esset,
605 1321 675 1343 terra
694 1317 873 1352 obtegendum
888 1321 1000 1350 paterno

211 1361 239 1388 in
256 1361 359 1388 tumulo
380 1361 505 1395 dimittit;
525 1369 557 1389 ac
570 1369 631 1389 ettm
647 1370 680 1389 ex
697 1363 796 1390 tabulis
817 1362 934 1389 cavisset
949 1362 1000 1389 sub

212 1415 267 1434 uno
290 1407 482 1434 occultandum
510 1408 618 1443 lapide.
636 1409 762 1443 spiritum
789 1409 816 1435 in
839 1409 898 1443 ejus
914 1408 1001 1442 depo-

212 1460 279 1480 nens
292 1460 389 1480 ntanus
403 1454 450 1488 qui
468 1453 617 1482 tradiderat
635 1454 670 1483 ⁸⁵.
683 1454 716 1481 ad
730 1455 819 1489 ipsum
833 1454 1000 1481 incontami-

212 1502 276 1525 nato
297 1499 389 1526 animo
404 1500 514 1526 trattsit.
531 1500 569 1526 Ac
585 1500 656 1527 sicut
670 1508 779 1527 sacrum
798 1507 845 1527 vas
858 1500 1000 1527 electionis

1054 949 1105 976 set.
1119 952 1212 971 eorutn
1238 953 1347 979 quoque
1370 946 1493 973 claritate
1513 946 1539 973 in
1559 947 1755 981 sempiternum
1775 954 1844 981 prae-

1055 988 1183 1023 fulgeret.

1090 1045 1186 1071 Divino
1202 1045 1265 1071 olim
1283 1045 1417 1079 proditttm
1432 1045 1545 1072 oraculo
1559 1051 1611 1078 est,
1628 1045 1769 1073 Enorhttm
1788 1045 1844 1074 Deo

1053 1091 1198 1125 placuisse,
1210 1099 1242 1118 ac
1262 1099 1344 1118 carne
1359 1092 1521 1118 translatum
1539 1100 1600 1119 esse
1612 1092 1635 1112 ⁸⁸
1645 1113 1652 1124 ,
1669 1100 1765 1126 nempe
1784 1093 1844 1119 exi-

1053 1141 1112 1171 gua:
1134 1137 1207 1164 illius
1241 1136 1287 1163 Dei
1316 1137 1418 1164 notitiae.
1434 1138 1545 1172 praemio
1565 1137 1590 1164 id
1610 1144 1798 1171 consecuturi],
1814 1144 1845 1166 ut

1054 1183 1090 1209 ita
1115 1182 1320 1210 transferretur.
1344 1182 1446 1210 Deinde
1468 1183 1550 1210 etiam
1577 1184 1662 1210 Eliatn
1687 1184 1845 1212 Thesbiten

1053 1227 1196 1262 magnifice
1208 1232 1379 1263 assumptum
1400 1236 1461 1255 cum
1478 1236 1592 1263 corpore
1609 1229 1642 1255 ⁸⁸.
1660 1228 1756 1264 lgneus
1770 1230 1846 1257 enim
1886 1261 1891 1265 Α

1052 1281 1161 1304 currus,
1176 1281 1208 1300 ac
1219 1274 1282 1308 equi
1299 1274 1369 1308 ignei
1389 1274 1524 1306 tollentes.
1543 1282 1596 1300 non
1614 1274 1641 1301 in
1657 1275 1770 1307 coelum,
1784 1275 1845 1308 sed,

1052 1320 1125 1346 velut
1140 1320 1166 1346 itt
1189 1320 1299 1351 malum,
1316 1320 1418 1353 auriga:
1442 1320 1529 1346 instar
1547 1327 1609 1346 eum
1627 1324 1845 1355 assutnpserunt.

1053 1365 1086 1393 Ut
1112 1365 1272 1400 Gregorius.
1288 1365 1334 1400 qui
1353 1370 1428 1392 tattto
1448 1365 1641 1399 praestantiori,
1661 1373 1694 1392 ac
1714 1366 1847 1399 majorem

1053 1411 1169 1438 habente
1186 1410 1392 1437 admirationem
1412 1410 1544 1444 obsequio
1568 1410 1718 1444 placuisset
1747 1409 1849 1437 Deum-

1052 1455 1306 1490 qttedemeruisset,
1324 1459 1429 1489 quanto
1445 1454 1510 1481 tldes
1526 1461 1588 1488 quae
1606 1458 1648 1480 est
1662 1454 1785 1485 veritate,
1800 1454 1847 1481 illa

1052 1501 1198 1536 pt-tft-ctior
1214 1507 1254 1528 est
1266 1509 1330 1535 qua
1349 1501 1375 1527 in
1397 1501 1501 1527 umbris
1523 1501 1611 1535 posita
1635 1505 1687 1531 est,
1703 1500 1761 1535 ipse
1775 1506 1846 1535 quo-

211 1545 321 1572 divinus
334 1543 435 1572 Paulus
451 1545 485 1577 ⁸⁸,
502 1545 677 1573 divinissimo
697 1545 800 1573 Christi
813 1553 895 1573 sensu
913 1545 1001 1579 reple-
1016 1565 1038 1594 ο
1053 1555 1105 1581 que
1126 1547 1159 1573 ad
1185 1546 1328 1573 Dominum
1354 1546 1530 1580 commigrat.
1552 1549 1634 1580 atque
1660 1545 1846 1573 transfertur:

214 1594 268 1617 tus.
280 1596 328 1622 per
338 1596 399 1615 etttn
416 1595 469 1615 non
486 1596 502 1615 e
516 1593 599 1621 terra.
609 1589 656 1616 sed
668 1597 683 1616 e
697 1590 767 1616 cutio
779 1593 903 1620 vocatus,
920 1588 1003 1623 inqtte

211 1632 300 1659 lucent
322 1633 442 1667 gentium
458 1631 492 1664 ⁸⁸,
515 1640 547 1660 ac
570 1637 647 1660 terra:
666 1633 782 1660 salutem
800 1633 919 1665 missus;
940 1640 1003 1660 cum

213 1679 307 1705 multis
332 1678 477 1706 defunctus
497 1679 625 1714 periculis
641 1684 723 1714 atque
737 1680 879 1712 aerumnis.
895 1679 942 1706 Dei
958 1686 1004 1706 sa—

215 1723 303 1751 lutare
317 1724 492 1758 Erangelium
514 1725 674 1752 mortalibus
690 1725 875 1759 praedicasset,
886 1724 1003 1752 bonum-

213 1778 266 1805 que
290 1774 428 1797 certamen
447 1770 565 1805 legititne
584 1775 731 1802 certasset,
747 1778 877 1797 coronam
891 1770 1003 1804 jllSlllliB

214 1820 377 1843 consecutus
390 1820 432 1842 est
442 1815 591 1849 ";patiter
601 1816 681 1842 etiam
703 1816 776 1843 illius
790 1816 924 1850 perfectus
941 1815 1004 1842 imi—

215 1867 285 1889 lator
298 1861 403 1888 altioris
414 1862 483 1888 caelo
496 1861 637 1888 Trinitatis
650 1867 715 1889 nutu
727 1863 760 1889 ad
777 1861 897 1889 divinam
916 1861 1005 1889 Theo-

215 1907 313 1941 logiant
337 1912 461 1940 vocatus,
484 1915 516 1934 ac
547 1915 609 1934 cttm
631 1907 688 1942 ipse
713 1915 822 1942 quoque
849 1915 897 1942 per
920 1907 1003 1935 multa

215 1953 334 1987 pericula
349 1953 469 1980 divinam
490 1953 564 1979 omni
584 1953 714 1987 majorem
735 1953 854 1980 essentia
881 1953 1005 1980 Consul)-

215 1998 418 2025 stantialitatem
451 1998 656 2031 aununtiasset,
684 1998 840 2033 bonumque
876 1999 1006 2033 praeclare

215 2049 352 2070 certamen
370 2047 512 2075 certasset,
530 2051 563 2070 ac
585 2043 746 2070 inoll’ensum
768 2044 876 2078 pietatis
892 2051 1005 2071 cursum

215 2094 443 2122 consummasset,
469 2095 626 2125 rectamque
652 2095 786 2117 accuratae
810 2090 870 2117 ﬁdei
883 2091 1004 2125 regulam

215 2140 362 2169 εστι-νείκει,
378 2144 393 2163 a
409 2137 502 2168 rebus.
515 2144 575 2171 quae
597 2138 622 2163 itt
649 2142 789 2172 aspectum
801 2137 903 2164 cadunt
929 2138 1005 2164 solu-

217 2187 273 2213 tus,
293 2181 334 2208 his
351 2189 411 2215 qua:
428 2189 516 2209 tuente
533 2182 729 2218 intelliguptnr,
744 2182 905 2217 copulatur;
924 2187 1006 2217 atque

217 2234 329 2261 peregre
346 2234 360 2253 a
378 2227 481 2254 mundo
499 2227 685 2261 proﬁciscens,
707 2227 762 2254 Deo
779 2235 898 2260 praesens
924 2228 1008 2254 ellici-

217 2277 273 2304 tur,
286 2280 318 2299 ac
331 2277 458 2307 tanquam
475 2280 552 2300 mens
570 2273 739 2310 incorrupta,
760 2274 923 2308 incorruptis
936 2282 1010 2300 uten-

217 2318 292 2345 tibus
308 2323 459 2352 coaptatur.

258 2375 337 2402 Velut
359 2376 470 2409 sapiens
489 2375 654 2409 patriarcha,
668 2375 845 2408 patriarehis;
861 2376 935 2402 velut
947 2383 1009 2410 pro-

217 2422 328 2457 phetica
348 2421 453 2455 pollens
474 2421 570 2456 gratia,
587 2421 741 2456 prophetis;
757 2428 790 2448 ac
811 2421 920 2456 quidem
942 2428 1010 2455 apo-

217 2468 297 2495 stolis
314 2468 417 2499 unirur,
429 2472 559 2502 tanquam
576 2467 723 2500 apostolica
743 2468 859 2494 maxime
874 2468 927 2494 vita
942 2475 1010 2502 prm-

218 2514 344 2548 l'ulgens;
361 2514 447 2543 sacris
463 2513 625 2547 praesulibus
640 2520 672 2540 ac
693 2512 861 2544 doctoribus,
878 2516 1007 2547 tanquam

217 2559 398 2591 sacerrimus,
406 2558 586 2593 doctrinaque
596 2558 748 2593 praecipuus
763 2563 844 2592 atque
855 2559 1008 2592 maximus;

217 2612 251 2631 ac
279 2604 390 2638 quidem
416 2603 591 2638 martyribus,
620 2608 749 2638 tanquam
774 2603 914 2630 Trinitatis
937 2604 1011 2630 testi-

218 2651 313 2678 monio
328 2650 383 2677 illis
395 2657 523 2684 compar;
536 2649 618 2684 justis
631 2654 732 2682 autem,
753 2657 785 2676 ac
796 2648 1009 2682 eonfessoribus,

259 2739 279 2754 η
296 2737 363 2765 Dan.
381 2745 420 2775 In,
434 2737 479 2765 25.
530 2738 553 2754 "°
568 2738 691 2775 [[Ιιίιίρρε
705 2745 725 2768 t,
752 2737 797 2764 23.

219 2781 300 2805 χχιιι,
316 2774 360 2800 46.
396 2772 418 2789 ³³
436 2775 496 2801 Act.
512 2781 550 2805 ις,
566 2773 607 2800 l5.
645 2774 668 2788 ⁸⁸
685 2772 737 2799 lsa.
755 2780 828 2805 κως,
841 2772 867 2798 6.

851 2736 871 2753 ⁸·
886 2736 907 2763 ll
920 2736 983 2763 Cor.

256 2851 301 2881 15.
322 2851 388 2879 Orat
412 2851 457 2884 59,
477 2859 536 2887 quae
556 2855 597 2878 est
613 2851 638 2877 in
660 2851 761 2878 Sancta
775 2849 898 2877 Lumina.

1040 2757 1047 2769 ,
1066 2737 1096 2764 ‘2.
1150 2736 1172 2752 ⁸²
1189 2736 1257 2764 Gen.
1270 2744 1315 2768 xv.
1330 2737 1372 2764 l5.

907 2772 928 2788 ³⁷
943 2772 952 2798 l
966 2771 1036 2799 Tim.
1051 2780 1086 2804 vr,
1105 2773 1147 2800 ll.

1057 1599 1145 1626 neque
1159 1592 1186 1619 id
1198 1599 1280 1619 curru
1298 1592 1377 1626 igneo
1391 1599 1453 1618 cttm
1471 1598 1586 1626 corpore
1599 1595 1692 1618 vectus
1701 1612 1709 1624 ,
1721 1591 1768 1618 sed
1782 1597 1847 1618 cum

1055 1638 1146 1665 adhuc
1171 1638 1196 1664 in
1219 1645 1333 1671 corpore
1352 1642 1525 1669 versaretur,
1545 1635 1693 1663 virtutibus
1718 1641 1847 1671 tanquam

1055 1692 1137 1711 curru
1156 1684 1183 1710 itt
1197 1684 1294 1711 uelum
1311 1683 1468 1713 tollebatur.
1494 1683 1611 1717 altisque
1639 1682 1722 1709 animi
1747 1682 1848 1717 sensis,

1055 1737 1087 1757 ac
1106 1730 1396 1763 cotttcmplatiottibus.
1413 1730 1446 1755 atl
1471 1728 1641 1755 Altissitttutn
1663 1728 1788 1755 sublimis
1803 1735 1851 1754 as-

1056 1780 1191 1808 sumptus.
1217 1778 1300 1808 atqne
1323 1774 1452 1805 evadens,
1474 1773 1669 1799 revelationum
1689 1771 1848 1799 excellentia

1056 1819 1112 1846 Deo
1127 1819 1290 1851 excedebat;
1305 1822 1396 1852 postea
1413 1823 1503 1844 autent
1521 1825 1632 1852 peregre
1658 1816 1746 1844 factus
1759 1823 1774 1843 a
1786 1823 1849 1843 cor-

1056 1873 1132 1900 pore,
1149 1866 1317 1898 omninoque
1333 1864 1365 1890 ad
1387 1863 1531 1891 Dominum
1573 1870 1653 1890 suum
1685 1862 1849 1897 migratione

1059 1919 1073 1937 e
1083 1910 1137 1936 vita
1147 1909 1295 1944 profectus,
1308 1909 1435 1935 erunibus
1444 1916 1505 1935 cum
1522 1907 1750 1942 sttperntuudanis
1763 1906 1848 1933 virtu-

1057 1953 1130 1981 tibus
1146 1954 1244 1980 altiore
1255 1961 1336 1988 quant
1355 1960 1403 1987 pro
1422 1951 1517 1978 mundi
1532 1953 1637 1979 ratione
1649 1951 1726 1978 cultu
1743 1951 1849 1986 stipan-

1057 2001 1141 2032 tibus,
1157 2007 1190 2026 ac
1205 1999 1301 2026 festive
1317 1998 1516 2032 excipientibus
1532 1997 1734 2031 angustissimae
1755 2003 1848 2024 coram

1058 2045 1185 2072 Trinitati
1202 2044 1302 2070 eximia
1328 2043 1491 2078 praefulgens
1505 2042 1629 2068 claritate
1648 2046 1771 2076 apparet.

1092 2099 1205 2131 Verum,
1221 2107 1238 2127 ο
1250 2098 1348 2126 ntentis
1375 2098 1449 2125 illius
1468 2104 1573 2131 magnae
1587 2097 1736 2132 primaeque
1756 2103 1789 2124 ac
1805 2095 1850 2124 di-

1057 2146 1207 2173 vinissimae
1223 2145 1356 2179 discipule
1376 2151 1408 2170 ac
1432 2143 1529 2176 cultor,
1561 2143 1660 2170 mentis
1684 2142 1850 2177 perspicaci-

1059 2197 1113 2220 tate
1131 2193 1246 2219 maxima
1261 2192 1382 2226 pl'iBtlllC.
1397 2190 1419 2217 0
1441 2189 1521 2217 Verbi
1536 2190 1609 2216 illius
1622 2189 1686 2221 vivi,
1702 2189 1775 2223 quod
1791 2189 1849 2223 pri-

1062 2247 1112 2266 nue
1136 2239 1219 2266 tttenti
1237 2246 1268 2265 ac
1285 2238 1357 2264 Patri
1372 2237 1486 2271 unigena
1501 2240 1552 2268 est,
1566 2243 1597 2262 ac
1610 2235 1786 2269 conjunctum
1803 2242 1852 2260 na-

1063 2291 1140 2317 tttra,
1163 2292 1252 2320 pratco
1283 2291 1315 2310 ac
1337 2284 1431 2310 doctor
1458 2281 1697 2315 eloquentissime!
1718 2279 1740 2307 Ο
1764 2279 1850 2306 divini

1062 2330 1190 2365 Spiritus,
1205 2330 1251 2364 qui
1266 2337 1328 2356 cum
1341 2328 1420 2355 Patre
1433 2332 1459 2355 et
1470 2327 1546 2358 Filio,
1561 2326 1739 2361 ejusdemque
1754 2325 1851 2352 classis

1061 2383 1143 2411 atque
1154 2376 1257 2403 ordinis
1273 2380 1442 2406 numeratur,
1454 2373 1653 2408 spiritalissime
1666 2379 1698 2398 ac
1724 2371 1853 2397 illustris-

1062 2423 1129 2449 sime
1144 2421 1284 2452 adorator,
1300 2420 1508 2455 clarissimeque
1527 2426 1559 2445 ac
1581 2425 1688 2446 suntme
1703 2416 1852 2450 conspicue

1062 2468 1214 2502 Tlteologc!
1232 2468 1254 2494 0
1269 2467 1315 2502 qui
1332 2467 1432 2494 diserte
1444 2465 1536 2497 nobis;
1546 2473 1577 2492 ac
1596 2464 1713 2492 dilucide
1730 2462 1851 2490 Trinita-

1063 2518 1116 2540 tem
1132 2513 1157 2539 itt
1172 2514 1285 2543 unitate,
1302 2519 1334 2539 ac
1347 2512 1479 2538 unitatem
1499 2511 1524 2537 in
1538 2510 1671 2537 Trinitatc
1685 2507 1850 2536 adorandant

1064 2558 1149 2585 Deum
1167 2558 1295 2585 edisseris
1307 2565 1316 2590 ;
1337 2558 1394 2584 haec
1405 2564 1466 2591 quae
1478 2563 1493 2583 a
1507 2555 1586 2583 nobis
1607 2555 1655 2582 tibi
1671 2554 1789 2581 laudatio
1802 2554 1851 2580 de-

1065 2605 1154 2632 betur.
1179 2603 1218 2631 Ac
1240 2602 1374 2638 siquidem
1393 2602 1529 2637 condigna
1546 2602 1591 2628 illa
1619 2600 1753 2631 videatur,
1774 2603 1850 2625 tuum

1065 2650 1148 2677 dubio
1161 2649 1258 2685 procul
1281 2657 1394 2681 munus,
1406 2649 1501 2684 tuique
1516 2647 1629 2680 laboris,
1645 2654 1676 2674 ac
1688 2650 1741 2673 tute
1757 2645 1784 2671 in
1799 2644 1853 2670 lino

1427 2737 1450 2757 ⁵³
1463 2736 1577 2770 Philipp.
1596 2718 1637 2764 tn.
1650 2733 1694 2770 20.
1745 2731 1767 2748 "
1782 2730 1850 2758 an.

1187 2772 1209 2788 ³⁸
1224 2773 1292 2799 Gen.
1313 2780 1339 2805 v,
1353 2772 1397 2799 Ἡ.
1438 2772 1460 2788 ⁵⁸
1480 2771 1511 2797 ιν
1527 2769 1591 2804 llcg.
1610 2777 1638 2799 tt,
1655 2769 1696 2794 ll.
