2092 3156
267 153 319 183 481

863 148 1010 178 NICETE
1031 145 1296 176 P;\l’llL:\GO.\’lS

1845 143 1897 174 488

270 213 422 243 temporum
437 204 621 240 prmdictionis
636 204 726 231 exitus
739 203 795 238 (l6)
810 210 841 229 ac
865 203 927 229 linis
943 207 994 229 est.
1008 202 1054 228 Sin
1070 204 1092 231 Α
1107 200 1221 228 scientia
1248 199 1338 226 divina
1352 218 1358 229 ,
1393 201 1513 224 nostram
1544 196 1663 223 divinius
1698 195 1899 232 sublimiusque

270 261 360 283 autem
375 255 452 288 longe
468 252 543 279 abest
557 261 571 279 a
585 257 629 279 tua
639 253 748 281 virtute.
762 251 817 285 ipse
825 258 887 277 cum
901 250 1057 284 Seraphim.

270 308 312 326 VII‘
339 300 426 331 beate,
440 298 486 333 qui
516 298 661 325 inaccessae
686 295 811 322 Trinitati
827 296 951 326 assistas,
970 303 1002 322 ac
1019 299 1060 322 ter

271 349 396 372 sanctum
411 343 550 370 modulum
574 342 611 368 illi
631 347 671 368 ter
682 347 776 368 sancto
793 346 834 368 ter
852 345 946 368 sancte
967 341 1058 375 prolo-

271 388 375 423 quaris,
398 387 489 414 divino
510 392 557 413 tuo
573 386 606 412 ad
626 393 676 412 nos
699 385 795 420 spirittt
820 386 929 420 propior
949 386 1058 416 accede,

272 441 304 460 ac
324 432 467 467 serapliieo
491 433 630 466 igneorum
660 432 829 465 eloquiorum
846 431 961 464 calculo,
978 436 1060 466 atque

273 479 391 505 carbone
414 477 524 512 indigna
547 477 675 512 continge
698 478 780 508 labia,
799 477 1004 511 cmundansqne
1026 478 1061 504 ab

275 521 429 555 iniquitate.
443 529 475 548 ac
492 521 646 556 perlectiori
666 522 816 556 adimplens
836 529 915 549 sacra
935 522 1060 554 scientia,

274 565 462 599 divinioreque
492 565 609 599 dignans
653 565 906 598 consummatione;
941 565 1060 599 primunt

274 611 383 643 quidem
413 617 514 638 sancta!
539 610 681 638 Trinitatis
708 611 856 639 secretiore
882 611 1007 638 doctrina
1030 617 1062 637 ac

311 699 367 734 (16)
382 698 421 725 Ad
439 699 540 726 calcem
556 699 662 726 scilicet
674 705 745 727 orat.
757 699 803 727 20.

310 798 968 812 mm

565 797 1155 811 rm

1112 251 1230 274 mentem
1255 245 1390 279 adimple;
1408 249 1464 270 tum
1481 250 1545 269 vero
1566 242 1768 269 admirabilium
1789 247 1898 269 tuarum

1110 293 1244 320 virtutum
1260 292 1358 327 dignos
1374 291 1527 318 laudatores
1542 290 1663 322 effectos,
1678 289 1704 316 in
1724 293 1770 316 ttta
1790 296 1841 316 nos
1857 289 1897 316 in-

1109 339 1296 367 contaminata
1323 345 1353 365 ac
1379 336 1543 364 immortalia
1566 340 1752 364 commeantes
1772 336 1899 362 taberna-

1110 385 1172 413 cula
1188 384 1312 419 suscipe;
1330 384 1364 417 ut!
1382 388 1428 411 tua
1445 390 1497 417 ope
1513 382 1628 410 clariore
1645 389 1678 409 ac
1698 381 1832 408 diviniore
1845 381 1884 408 cla
1898 399 1900 401 τ

1113 432 1203 464 ritate,
1216 434 1297 464 atque
1311 429 1398 464 gratia
1414 437 1496 463 supra
1515 436 1596 463 qualn
1611 428 1803 458 exuberantes,
1821 427 1901 461 digne

1114 481 1203 503 tecum
1222 475 1281 502 Deo
1291 475 1441 503 claritatem
1461 475 1526 501 dare
1550 482 1712 506 mereamur,
1726 481 1788 500 cum
1811 473 1899 504 l’atrc,

1114 527 1140 548 ct
1160 521 1239 552 Filio,
1263 525 1290 547 et
1312 519 1413 555 Spiritu
1435 523 1540 552 sancto,
1556 526 1610 545 una
1631 517 1744 549 Deitale,
1762 522 1789 544 et
1807 525 1900 552 regno,

1113 571 1141 594 et
1161 565 1292 601 potentia.
1310 573 1383 593 nunc
1406 569 1433 592 et
1450 571 1566 599 semper,
1582 568 1610 591 et
1625 563 1654 591 in
1674 562 1772 590 saecula
1787 562 1888 589 smeulo

1114 618 1186 638 rum.
1203 611 1298 637 Amen.

824 870 893 897 ΤΟΥ
908 870 952 896 EN
971 870 1083 896 ΑιίυιΣ
1105 869 1241 895 ΠᾹΤΡΟΣ
1261 868 1360 895 ΙΙΜΩΝ

911 965 1273 1024 ΙΓΝΑΤΙΟΥ

736 1087 1021 1115 ΔΡΧΙΕΠΙΣΚΟΙΙΟΥ
1041 1084 1450 1113 ΚΩΝΣΤΛΝΤΙΝΟΥΠΟΛΕΩΣ

778 1169 901 1211 ΒΙΟΣ
959 1168 1095 1210 ΗΤΟΙ
1152 1165 1410 1222 ΑΘΑΠΣΙΣ,

404 1260 580 1295 Συνεγράρη
595 1259 628 1286 δὲ
647 1259 727 1293 παρὰ
739 1257 853 1292 Nimim
866 1257 978 1283 δούλου
993 1254 1092 1289 Ἰησοῦ
1107 1255 1247 1289 Χριστοῦ,
1266 1255 1317 1281 τοῦ
1329 1255 1375 1281 καὶ
1392 1255 1493 1288 Δαυῒδ,
1509 1255 1562 1282 τοῦ
1579 1255 1786 1290 Παφλαγόνος.

822 1425 883 1484 S.
910 1427 974 1482 P.
1000 1428 1070 1482 N.
1095 1425 1371 1484 IGNAfl‘ll

712 1540 1003 1572 ARCHIEPISCOPI
1047 1539 1487 1571 CONSTANTINOPOLITANI

762 1632 902 1677 VITA
939 1631 1074 1677 SIVE
1111 1631 1445 1692 CERTAMENJ

464 1727 599 1758 Auctore
616 1726 722 1756 Niceta
738 1734 829 1757 servo
848 1726 922 1756 Iesu
943 1724 1067 1761 Christi,
1086 1726 1301 1763 cognomento
1320 1724 1435 1755 Davidc
1449 1724 1653 1764 Paplilagone
1675 1724 1715 1764 (1)

853 1806 952 1838 (MANSI,
963 1805 1057 1836 Concil,
1069 1809 1119 1831 tom
1143 1805 1205 1836 XVI,
1218 1807 1266 1830 col.
1279 1806 1348 1837 209V)

321 1954 482 1983 Praeclarum
498 1955 574 1990 juxta
587 1960 614 1982 et
629 1955 749 1983 salutare
763 1960 816 1988 est,
833 1963 894 1982 eum
911 1959 1072 1982 cmterorum

1163 1955 1274 1982 Πάντων
1292 1955 1341 1988 μὲν
1360 1955 1415 1981 τῶν
1434 1955 1519 1989 ἁγίων
1534 1955 1597 1987 τοὺς
1620 1954 1694 1990 βίους
1717 1954 1916 1984 ἀνατάττεσθαι

285 1999 395 2034 quidem
412 2004 570 2027 sanctorum
585 1999 706 2027 omnium
723 2007 766 2028 res
781 2001 808 2027 in
822 2000 875 2028 vita
888 2004 979 2035 gestas
992 2007 1078 2034 expo-

285 2053 350 2072 nere
377 2050 404 2073 et
426 2052 565 2078 enarrare,
581 2046 751 2080 posterisqtte
773 2046 881 2073 saeculis
909 2046 972 2073 vita:
992 2046 1079 2074 docn-

286 2095 386 2123 menta,
403 2091 557 2126 pariterque
571 2091 604 2118 ad
628 2091 755 2118 virtutem
787 2091 963 2119 incitamenta
989 2093 1080 2119 trade-

286 2144 331 2164 re:
347 2138 404 2163 l'unl
421 2144 486 2163 vero
504 2137 623 2164 maxime
641 2144 737 2164 eorum
758 2137 803 2171 qui
822 2136 899 2164 fuere
915 2138 1021 2172 prretliti
1034 2146 1080 2164 ve-

286 2182 408 2209 nerando
438 2182 610 2216 pontiﬁcatu.
636 2183 736 2217 quique
769 2191 820 2210 stto
850 2183 911 2210 vita
936 2184 1080 2218 splendore

286 2228 415 2255 acerbum
431 2228 618 2255 adversarium
637 2228 669 2255 ad
687 2229 878 2262 gravissimam
898 2235 1081 2264 provocarunt

287 2273 428 2305 invidiam,
444 2277 469 2300 et
490 2281 553 2300 cunt
576 2274 675 2301 invicta
691 2274 814 2301 laborum
830 2275 952 2302 omnium
973 2276 1079 2310 patien-

287 2320 335 2350 tia,
363 2318 503 2354 animique
532 2319 732 2354 magnitudine.
765 2319 953 2347 fortitudinem
985 2325 1079 2348 contra

288 2363 478 2392 insectatorem
502 2364 630 2392 eximiam
650 2364 836 2392 declararunt.
854 2364 931 2398 Quod
950 2366 972 2394 si
989 2371 1079 2394 autem

287 2410 396 2436 eosdem
416 2410 448 2437 ad
475 2414 624 2438 extremam
649 2416 675 2438 et
693 2416 812 2438 nostram
837 2415 944 2439 mtatcm
970 2413 1081 2447 propius

290 2456 418 2483 accedere
435 2457 585 2491 conlingat,
603 2461 660 2484 ttnu
681 2465 745 2484 vero
774 2457 859 2484 multo
889 2458 1006 2484 maxime
1028 2465 1082 2492 prae

289 2502 396 2529 eunetis
409 2503 579 2530 memorandi
594 2504 725 2538 omnique
740 2504 819 2530 laude
832 2503 996 2538 praedicandi
1009 2504 1081 2536 sint;

291 2551 320 2574 ut
335 2548 380 2582 qui
402 2553 511 2582 propter
528 2553 679 2583 temporum
704 2548 870 2575 vicinitatem
889 2548 975 2575 multo
994 2548 1082 2583 magis

290 2593 418 2621 Ecclesia:
431 2595 560 2629 prodesse
576 2595 692 2630 possint.
709 2594 786 2627 Quod
804 2594 874 2622 enitn
893 2599 1079 2629 pervetuslum

289 2645 341 2672 est,
357 2639 497 2675 longisque
518 2645 671 2675 temporum
694 2640 844 2667 intervallis
862 2644 1012 2672 remotum,
1028 2639 1080 2667 etsi

290 2685 368 2712 [idem
397 2690 507 2720 propter
530 2686 676 2713 scribentis
705 2686 893 2713 auctoritatem
933 2691 1079 2718 mereatur,

291 2731 452 2766 desperatur
469 2737 558 2759 tamen
575 2739 589 2759 a
606 2733 741 2768 plerisque
759 2732 880 2759 studium
896 2732 1037 2766 imitandi;
1053 2737 1083 2760 ut

1131 2000 1178 2026 καὶ
1193 2000 1354 2036 διηγεῖσθαι,
1372 2000 1509 2035 παίδευμά
1527 2009 1555 2027 τε
1572 2000 1640 2036 πρὸς
1655 2000 1754 2036 ἀρετὴν
1770 2002 1815 2027 καὶ
1829 2001 1918 2036 παρά-

1131 2046 1228 2080 κλησιν
1242 2047 1302 2077 ταῖς
1316 2046 1457 2078 ἐπιούσαις
1468 2046 1507 2081 τῷ
1522 2046 1696 2081 παραδιδόναι
1717 2048 1834 2080 γενεαῖς,
1851 2046 1919 2073 κάλ-

1130 2093 1220 2119 λιστον
1232 2093 1301 2128 ὁμοῦ
1317 2094 1363 2119 καὶ
1374 2093 1507 2128 σωτήριον
1519 2101 1526 2107 ·
1550 2092 1668 2127 μάλιστα
1683 2093 1710 2118 δὲ
1723 2093 1777 2118 τῶν
1794 2092 1919 2128 ἱεραρχίᾳ

1132 2139 1218 2173 σεπτῇ
1234 2139 1460 2173 κεκοσμημένων,
1478 2139 1525 2164 καὶ
1540 2138 1583 2164 διὰ
1599 2138 1648 2172 τῆς
1673 2139 1776 2169 οἰκείας
1792 2138 1919 2173 λαμπρό-

1130 2192 1212 2218 τητος
1234 2185 1282 2210 τοῦ
1311 2184 1368 2218 βίου
1396 2184 1436 2214 εἰς
1466 2183 1546 2216 ζῆλον
1572 2183 1723 2210 ἀκάθεκτον
1748 2183 1793 2209 τὸν
1821 2184 1920 2217 πικρὸν

1131 2229 1249 2265 διώκτην
1273 2230 1489 2264 ἁνερεθισάντων
1521 2230 1568 2256 καὶ
1593 2229 1724 2264 δυσμενῆ,
1742 2231 1789 2256 χιὶ
1808 2229 1853 2256 διὰ
1870 2230 1920 2265 τῆς

1132 2275 1273 2302 ἁνενόὁτου
1296 2275 1350 2301 τῶν
1374 2275 1462 2301 πόνων
1492 2274 1632 2310 ὑπομονῆς
1654 2275 1702 2301 καὶ
1728 2275 1920 2310 γενναιότητος

1131 2321 1261 2356 λαμπρὰν
1276 2320 1504 2355 ὲπιδεδειγμένων
1529 2320 1578 2355 τὴν
1595 2321 1736 2356 ἀριστείαν
1751 2321 1811 2348 κατ’
1826 2321 1918 2348 αὑτοῦ.

1133 2367 1165 2393 Εἰ
1186 2366 1214 2392 δὲ
1245 2366 1292 2393 καὶ
1317 2366 1386 2401 πρὸς
1405 2367 1460 2397 τοῖς
1477 2366 1613 2401 ἐσχάτοις,
1632 2366 1678 2393 καὶ
1695 2367 1756 2400 ,τοῖς
1771 2366 1832 2393 καῦ¹
1847 2367 1920 2401 ἡμᾶς

1132 2411 1236 2443 τούτοις
1255 2411 1410 2446 ἐγγίζοντες
1436 2411 1543 2447 τύχοιεν
1564 2414 1687 2448 καιροῖς,
1709 2412 1799 2447 πολλῷ
1820 2413 1920 2446 μᾶλλον

1133 2457 1443 2492 ἀξιομνημονευτὸτατοι
1459 2457 1492 2484 ἂν
1511 2455 1567 2484 εἶεν
1590 2458 1776 2485 ἁπάντωνκαὶ
1795 2457 1921 2488 ἀξιεπαί-

1133 2511 1214 2533 νετοι,
1232 2502 1270 2534 ὡς
1288 2502 1355 2528 πολὺ
1373 2502 1455 2529 πλέον
1479 2503 1630 2538 οἰκοδομεῖν
1646 2504 1678 2537 τῇ
1695 2502 1826 2536 ὲγγύτητι
1842 2501 1922 2528 δυνά-

1135 2557 1210 2584 μενοι
1218 2548 1267 2584 τὴν
1286 2549 1461 2584 Ἐκκλησίαν.
1477 2549 1513 2575 Τὸ
1530 2549 1583 2584 γὰρ
1600 2549 1712 2583 ἀρχαῖον
1729 2548 1777 2575 καὶ
1790 2548 1922 2582 πάμπολυ

1134 2595 1205 2622 κατὰ
1225 2595 1321 2630 χρόνον
1340 2595 1454 2627 διεστὸς,
1481 2595 1505 2621 εἰ
1524 2595 1572 2621 καὶ
1592 2594 1750 2621 πιστεύεται
1764 2595 1798 2629 τῇ
1815 2594 1923 2626 ἀξιοπι-

1135 2641 1198 2676 στίᾳ
1212 2641 1262 2676 τῆς
1290 2641 1410 2676 γραφῆς,
1431 2641 1498 2668 ἀλλὰ
1511 2642 1558 2668 καὶ
1574 2641 1671 2667 θᾶττον
1684 2639 1717 2666 ἂν
1738 2641 1795 2672 τοῖς
1815 2640 1923 2670 πολλοῖς

1135 2687 1203 2722 πρὸς
1217 2688 1267 2723 τὴν
1284 2687 1400 2723 μίμησιν
1416 2687 1644 2722 ἀπογινώσκοιτο.
1669 2686 1866 2722 λογιζομένοις,
1885 2686 1923 2717 ὼς

1136 2735 1290 2769 κρεῖττονῆ
1311 2734 1381 2761 κατὰ
1406 2735 1456 2769 τὴν
1478 2733 1629 2770 παροῦσαν,
1654 2734 1708 2761 τῶν
1731 2733 1924 2769 πρεσϐυτέρων

327 2822 364 2855 (l)
377 2821 461 2857 llujus
477 2823 611 2850 versionis
625 2827 720 2850 auctor
741 2822 882 2850 Maltltmns
905 2823 1029 2852 Radcrus
1045 2823 1073 2850 S.
1090 2822 1127 2856 1.,
1138 2823 1211 2859 quod
1227 2827 1288 2858 post
1305 2823 1443 2852 Romanos
1459 2824 1578 2852 editores
1600 2824 1695 2852 Binins
1712 2829 1737 2852 et
1753 2823 1853 2859 Regius
1867 2823 1925 2850 col-

293 2854 378 2883 lector
398 2854 549 2885 tacuerunt.
