2092 3156
235 102 287 135 189

776 102 865 133 νιΤΑ
881 102 910 131 S.
933 101 1079 131 iGNATII
1109 101 1161 131 ΟΡ.
1182 101 1358 131 ARCHIEP.

1819 103 1874 137 690'

235 159 349 187 ἐκείνων
372 158 528 193 δυναμένων
549 157 699 193 κατορθοῦν
722 158 828 192 γενεάν.
845 158 916 184 Ὅσοι
944 158 965 183 δ’
989 158 1022 184 ἂν

1087 158 1121 192 [ui
1149 161 1253 192 putent,
1267 157 1322 185 illis
1338 157 1473 192 majorum
1485 161 1643 184 nostrorum
1658 158 1765 186 smeniis
1785 160 1871 187 multo

234 206 292 236 τοῖς
308 203 370 231 καθ’
401 204 475 238 ἡμᾶς
499 203 699 239 κατορθοῦσθαι
725 204 880 231 πιστεύοιτο
906 205 1024 239 καιροῖς,

235 252 337 287 μᾶλλον
351 251 382 277 ἃν
399 247 475 284 οἶμαι
491 250 577 277 ταῦτα
591 251 769 285 παρακνίζειν
787 251 849 282 τοὺς
866 250 1026 277 εὐσεϐεστέ-

236 305 310 332 ρους,
329 299 375 323 καὶ
390 296 458 331 πρὸς
473 296 518 321 τὸν
543 295 599 322 ἴσον
623 296 672 331 τῆς
689 296 789 330 ἀρετῆς
804 296 963 330 διερεθίζειν
978 295 1026 328 ζῆ-

235 343 291 369 λον.
307 342 355 368 Διά
366 336 454 368 ταῦτά
480 350 526 377 μοι
537 342 632 368 τοῦτον
649 343 831 377 ἐνστήσασθαι
846 343 892 369 νῦν
905 342 960 378 μοι.
979 342 1027 368 νῦν

236 388 347 424 σκοπὸς]
366 388 405 422 τῷ
420 388 492 422 λόγῳ
507 388 552 414 τὸν
567 388 669 422 ἀγῶνα,
690 388 736 414 καί
750 397 798 422 μοι
819 388 933 423 σφοδρὸς
945 387 1027 418 πόθος

236 434 422 469 κατακάρδιος
438 433 575 468 ἀληθινοῖς
598 433 762 468 διηγήμασι,
788 434 836 459 καὶ
850 433 941 468 πάσης
959 441 1028 467 προ-

235 480 343 515 λήψεως
358 479 565 515 ἀπηλαγμένοις
578 479 703 514 ψευδοῦς,
724 478 769 505 τὸν
787 478 874 514 μέγαν
898 478 1028 513 ἱεράρχην

215 529 222 535 ’
238 526 286 552 καὶ
316 525 433 560 ποιμένα
461 524 511 559 τῆς
532 524 668 558 βασιλίδος
690 524 830 558 Ἰγνάτιον,
853 523 905 550 ὗπό
924 532 956 557 γε
968 523 1028 558 Θεῷ

239 571 377 606 Πνεύματι
401 573 452 606 τῆς
476 570 606 605 ἀληθείας
629 570 755 606 ὑφηγητῇ
780 571 826 596 καὶ
850 569 1027 604 συλλήπτορι,

238 616 293 646 τοῖς
311 614 454 649 ἀγνοοῦσιν
468 615 559 644 ὁποῖός
572 623 613 645 τις
633 612 678 650 ἦν,
696 615 728 641 ὲκ
742 615 791 649 τῆς
808 615 868 640 κατ’
882 615 963 641 αὐτὸν
979 623 1029 640 πο-

237 661 339 692 λιτείας
352 661 493 693 ἀποδεῖξαι
507 669 513 675 ·
539 660 669 694 Ίγνάτιόν
688 669 760 695 φημι
770 661 875 693 τοῦτον,
890 660 934 687 τὸν
950 659 1028 686 ὕστε-

240 716 286 742 ρον
301 708 350 743 μὲν
366 707 404 742 τῷ
414 707 514 742 χρόνῳ,
542 706 589 734 καὶ
616 706 669 742 πρὸ
691 708 740 742 τῆς
755 706 817 733 καθ’
839 707 912 741 ἡμᾶς
928 706 1030 742 ταύτης

239 752 435 788 ἀναδειχθέντα
450 753 558 786 γενεᾶς,
586 752 693 783 οὐδενὸς
708 752 736 778 δὲ
758 751 812 778 τῶν
828 751 880 788 πρὸ
895 753 976 779 αὐτοῦ
990 761 1031 779 τι-

240 799 310 834 μίων
327 798 463 833 ἱεραρχῶν
475 798 523 833 τὴν
538 797 640 831 πίστιν,
660 798 709 833 τὴν
720 797 877 832 ὁμολογίαν,
897 797 946 832 τὴν
962 797 1031 831 ὑπὲρ

1079 204 1232 238 promptius
1248 203 1334 230 fuisse
1349 210 1432 237 quam
1448 203 1551 230 nostris
1567 210 1631 230 cum
1654 203 1754 230 virtute
1767 204 1870 232 vivere-

1078 250 1143 282 Quae
1163 257 1227 277 vero
1251 255 1343 276 nostra
1362 249 1494 276 memoria
1513 253 1584 276 recte
1610 248 1681 276 facta
1710 249 1870 282 creduntur,

1077 295 1122 322 illa
1140 295 1225 322 multo
1239 295 1340 326 acrius,
1359 294 1467 328 opinor,
1489 294 1594 328 piorum
1608 298 1713 321 utentes
1727 294 1760 321 ad
1781 295 1871 321 virtu-

1079 343 1115 370 tis
1148 342 1231 369 decus
1256 341 1441 368 aemulandum
1476 340 1655 368 inﬂammant.
1697 341 1873 377 Quapropter

1078 387 1175 421 ingens
1202 394 1245 413 me
1274 386 1439 413 desiderium
1465 386 1552 413 animi
1575 386 1685 420 impulit
1705 387 1738 413 ad
1759 395 1871 414 causam

1079 433 1149 460 hanc
1165 433 1221 460 sive
1238 436 1376 460 certamen
1392 431 1517 459 oratione
1533 433 1765 467 prosequendum,
1788 434 1873 461 duee-

1079 485 1132 512 que
1146 482 1172 504 et
1186 478 1311 512 adjutore
1330 477 1395 510 Deo,
1412 477 1507 511 spiritu
1524 477 1658 510 veritatis,
1674 478 1873 506 ostendendum

1080 523 1276 554 nescientibus,
1291 524 1336 557 qui
1353 523 1395 550 vir
1409 523 1540 558 lgnatius,
1555 523 1700 558 qualisque
1713 527 1740 549 et
1751 528 1873 557 quantus

1080 568 1123 596 hic
1138 569 1253 595 antistes
1271 572 1298 595 et
1320 569 1400 602 regite
1417 572 1512 601 pastor
1537 567 1611 594 urbis
1629 568 1655 594 in
1677 568 1738 595 vitae
1761 576 1817 595 sure
1833 576 1876 595 ta-

1084 614 1158 639 tione
1176 612 1276 640 fuerit:
1302 613 1434 647 ignauus,
1455 612 1578 647 inquam.
1595 612 1656 644 iste,
1671 613 1718 646 qui
1735 620 1791 639 ιιινο
1813 614 1876 647 qui-

1066 658 1141 685 'dem
1156 659 1301 692 posterior,
1315 664 1407 686 nostra
1431 662 1510 685 aetate
1535 658 1636 689 ﬂoruit,
1667 657 1806 693 prioribus
1835 663 1874 685 ta-

1079 712 1141 732 men
1162 705 1216 732 illis
1234 705 1395 732 venerundis
1419 705 1593 740 pontiﬁcibus
1612 705 1690 737 nihil,
1709 705 1749 732 vel
1763 705 1796 732 dc
1813 705 1875 738 ﬁde,

1081 750 1123 777 vel
1133 749 1313 784 confessione,
1324 751 1365 777 vel
1377 751 1561 778 decertatione
1574 750 1746 785 projustitia,
1764 750 1878 778 laudeve

1081 796 1190 831 pietatis
1207 804 1270 832 erga
1288 797 1372 823 Deum
1385 797 1533 824 concessit.
1558 797 1644 832 llnjus
1661 806 1710 832 ego
1736 802 1822 824 totum
1839 798 1878 824 vi-

238 845 289 879 τῆς
307 844 480 878 δικαιοσύνης
494 843 618 878 ἄθλησιν,
633 843 680 870 καὶ
697 843 766 878 πρὸς
780 843 827 869 τὸν
844 843 910 869 Θεὸν
925 842 1029 869 εὐδοκί-

1087 846 1116 869 ιω
1133 850 1243 870 cursum
1269 843 1334 869 dum
1360 843 1395 870 ab
1417 843 1476 877 ipso
1488 843 1601 870 exordio
1620 844 1652 870 ad
1668 844 1771 871 exitum
1791 852 1878 878 usque

241 899 325 926 μησιν
337 890 563 925 ἀπολειπόμενον.
577 889 671 924 Τοῡτῳ
684 889 732 924 τὴν
744 888 1031 923 παρακαλουθὴσασαν

239 937 269 970 ἐξ
285 937 372 972 ἀρχῆς
388 937 452 972 ἀχρι
466 936 559 967 τέλους
573 935 665 970 βῖωσιν
683 935 751 970 μετὰ
767 935 889 966 πλείονος
907 934 1030 970 ὑφηγού-

243 992 323 1019 μενος
338 985 386 1019 τῆς
400 983 554 1018 ἀκριϐείας,
571 982 619 1008 καὶ
627 983 716 1008 πᾶσαν
732 982 782 1017 τὴν
793 983 857 1016 περὶ
872 982 953 1008 αὑτὸν
965 982 1033 1016 ἀλή-

239 1029 315 1056 θειαν
333 1030 364 1055 ἐκ
379 1028 434 1054 τῶν
448 1028 597 1063 ἐγγράφως
623 1036 653 1054 τε
681 1028 727 1054 καὶ
745 1027 878 1062 ἀγράφως
893 1027 1032 1062 πεπληρο-

239 1074 404 1110 φορημένων
429 1075 457 1100 ἐν
481 1075 547 1109 ἡμῖν
577 1073 749 1108 πραγμάτων
774 1073 961 1108 ἁπροσπαθῶς
984 1073 1032 1100 καὶ

242 1121 434 1152 ἀνυποστόλως
468 1119 657 1155 διηγούμενος,
692 1119 810 1146 πέποιθα
845 1119 955 1155 πρῶτον
982 1119 1033 1154 μὲν

240 1167 356 1194 ἐνώπιον
374 1167 424 1202 τῆς
439 1166 624 1192 ὲνυποστάτου
639 1166 686 1192 καὶ
705 1165 796 1200 ζώσης
810 1165 903 1192 δίκαια
917 1164 1034 1201 γράψειν

243 1212 388 1248 Ἀληθείας
399 1221 405 1228 ·
416 1212 540 1247 δεύτερον
552 1212 590 1244 δὲ,
600 1212 630 1238 τὺ
643 1212 749 1247 χρόνοις
764 1212 867 1243 ἱκανοῖς
882 1212 932 1247 ἥδη
949 1220 1034 1238 κατα-

242 1258 386 1285 πυκνωθὲν
404 1258 452 1293 τῆς
475 1258 614 1292 ἀγνωσίας
641 1257 731 1292 νέφος,
755 1258 802 1284 καὶ
823 1257 872 1288 τὰς
899 1257 953 1283 τῶν
969 1257 1034 1283 πολ-

241 1303 296 1331 λῶν
321 1304 491 1340 ἀμαυρῶσαν
512 1303 642 1337 διανοίας,
667 1303 799 1330 λεπτῦναί
816 1312 847 1330 τε
872 1303 919 1330 καὶ
939 1303 1036 1330 σκεδά-

242 1358 288 1377 σαι
298 1359 305 1365 ·
326 1350 397 1377 ὥστε
412 1350 476 1382 τοὺς
492 1349 634 1382 ἐθέλοντας
648 1350 717 1385 πρὸς
732 1350 782 1385 τὴν
799 1349 853 1375 τῶν
864 1349 1037 1384 πραγμάτων

240 1395 371 1430 ἀλήθειαν
387 1395 541 1431 εἰλικρινῶς
557 1396 634 1432 ὁρᾷν,
656 1396 703 1422 τὸν
719 1396 838 1430 ἐργάτην
855 1395 906 1431 μὲν
928 1395 1037 1430 ἀληθῶς

240 1442 290 1476 τῆς
304 1441 478 1476 δικαιοσύνης
495 1443 542 1468 καὶ
556 1442 606 1477 τῆς
620 1442 720 1477 ἀρετῆς
740 1441 852 1474 εἰδέναι,
864 1441 912 1468 καὶ
928 1441 1034 1476 ὑμνεῖν,

1084 888 1216 923 singulari
1247 889 1422 923 curaexigo,
1443 897 1587 924 rerumque
1603 890 1637 917 de
1664 890 1710 917 illo
1733 891 1804 925 apud
1830 898 1878 918 nos

1085 933 1329 961 testatissituarum
1345 934 1487 961 veritatem
1505 934 1563 962 sive
1582 933 1665 966 fama,
1693 935 1751 962 sive
1775 935 1878 969 scripto

1085 986 1271 1016 acceptarum,
1286 982 1347 1009 sine
1361 981 1416 1009 ulla
1431 981 1543 1009 allectus
1559 981 1727 1017 indulgentia
1741 987 1767 1009 et
1783 981 1880 1010 fraude

1086 1035 1203 1060 expono,
1219 1033 1294 1055 certo
1309 1028 1374 1055 mihi
1388 1028 1540 1062 persuadeo
1555 1028 1691 1060 futurum,
1708 1033 1738 1055 ut
1761 1029 1879 1063 prinum

1087 1078 1154 1101 teste
1183 1074 1240 1108 ipsa
1268 1074 1374 1101 vivente
1393 1082 1425 1101 ac
1445 1081 1491 1108 per
1520 1082 1549 1102 se
1568 1075 1734 1102 subsistente
1756 1075 1878 1107 veritate,

1085 1126 1163 1154 a‘qua
1182 1119 1357 1154 praescribam
1370 1128 1378 1153 ;
1391 1119 1488 1147 deinde
1511 1120 1610 1155 nubem
1631 1128 1766 1148 annorum
1782 1125 1880 1148 utcun-

1087 1173 1141 1200 que
1164 1165 1314 1192 multorum
1335 1165 1541 1200 intercapedine
1571 1171 1738 1198 concretam,
1759 1166 1881 1194 animos-

1089 1219 1141 1246 que
1164 1212 1283 1239 tenebris
1315 1212 1475 1247 ignorantia
1504 1212 1696 1245 involvetrtrm,
1733 1213 1880 1240 discutiam

1089 1258 1295 1293 dissipemque:
1313 1262 1343 1285 ut
1369 1259 1415 1293 qui
1431 1259 1572 1285 veritatem
1592 1260 1701 1293 penitus
1726 1260 1881 1294 perspicere

1088 1304 1191 1335 volent,
1210 1303 1348 1339 aequitatis
1368 1309 1395 1331 et
1416 1303 1527 1331 virtutis
1553 1304 1685 1331 cultorem
1702 1312 1765 1331 vere
1787 1312 1880 1336 nosse,

1087 1349 1226 1377 celebrare
1251 1349 1389 1382 laudibus,
1415 1349 1594 1383 aemularique
1619 1349 1745 1384 possint,
1771 1349 1882 1376 malitia:

1087 1402 1152 1422 vero
1168 1399 1194 1422 et
1208 1395 1388 1430 improbitatis
1403 1395 1582 1422 architectum
1597 1394 1659 1429 jure
1672 1395 1812 1422 detestari.
1827 1394 1882 1422 Sed

1088 1441 1152 1469 hinc
1166 1441 1221 1476 jam
1245 1441 1324 1469 nobis
1345 1445 1389 1468 est
1409 1441 1619 1469 exordiendum.

241 1489 288 1516 καὶ
302 1488 416 1524 ζηλοῦν·
432 1490 477 1515 τὸν
496 1489 647 1524 αὐτουργὸν
662 1489 690 1515 δὲ
714 1490 763 1524 τῆς
783 1489 881 1521 κακίας
904 1489 951 1516 καί
984 1490 1033 1525 τῆς
1059 1490 1166 1522 ἀδικίας
1192 1489 1306 1521 ἐνδίκως
1337 1489 1519 1516 ἀπωθεῖσθαι.
1550 1490 1679 1525 ’Λρκτέον
1693 1489 1724 1516 δὲ
1745 1489 1882 1517 ἐντεῦθεν.

283 1537 412 1570 Ἰγνάτιος
424 1534 501 1568 οὗτος
517 1538 531 1563 ὁ
555 1536 764 1572 μακαριώτατος
788 1537 836 1564 καὶ
853 1536 923 1569 θεῖος
938 1537 1032 1573 ἱεράρ-

1122 1537 1302 1565 Beatissimus
1318 1537 1363 1564 hic
1375 1542 1403 1565 et
1415 1537 1525 1565 divinus
1545 1538 1657 1566 antistes
1673 1537 1794 1572 Iguatius
1807 1537 1882 1565 Con-

241 1591 292 1618 χης
305 1582 423 1618 πατρίδα
438 1583 488 1617 μὲν
507 1582 585 1617 ἔσχεν
604 1583 650 1609 ἐπὶ
663 1582 713 1617 τῆς
734 1583 785 1617 γῆς
812 1583 1035 1609 Κωνσταντινού-

243 1627 331 1661 πολιν,
362 1627 464 1663 ταύτην
484 1627 516 1663 δὴ
544 1628 615 1662 λέγω
633 1628 682 1663 τὴν
699 1628 790 1663 πάσης
811 1628 904 1664 χώρας
923 1630 970 1655 καὶ
986 1629 1036 1656 πό-

243 1675 311 1702 λεων
327 1675 565 1710 περιφανεστάτην
582 1674 705 1709 βασιλίδα
717 1682 723 1689 ·
738 1675 859 1709 πατέρας
882 1675 910 1701 δὲ
928 1674 1038 1710 Μιχαὴλ

244 1722 291 1748 καὶ
305 1720 474 1756 Προκοπίαν,
491 1721 554 1752 τοὺς
570 1720 782 1754 εὐγενεστάτους
795 1721 841 1746 καὶ
859 1721 1038 1752 πιστοτάτους

244 1765 428 1803 βασιλεῖςῙΩν
444 1766 457 1792 ὁ
473 1767 584 1802 Μιχαὴλ
609 1767 658 1802 μὲν
680 1767 872 1801 Θεοφυλάκτου
893 1767 1037 1802 πατρικίου

246 1813 475 1848 μεγαλοπρεποῦς
505 1812 561 1844 υἱὸς
587 1810 641 1848 ἦν.
663 1813 806 1848 Προκοπία
827 1813 856 1839 δὲ
877 1813 1038 1848 Νικηφόρον

245 1857 367 1894 θυγάτηρ
399 1856 447 1883 τοῦ
476 1857 606 1889 εὐσεϐοῦς
634 1857 741 1893 ὑπῆρχε
765 1857 909 1892 βασιλέως.
934 1858 1038 1884 Τούτου

243 1903 274 1929 δὲ
303 1903 372 1938 πρὸς
392 1903 427 1930 τὰ
440 1903 543 1930 ἀνωθεν
569 1904 744 1939 χωρήσαντος
770 1904 903 1938 βασίλεια.
928 1904 1038 1931 καὶτοῦ

244 1947 304 1974 uici
316 1948 345 1974 δὲ
362 1948 534 1983 Σταυρακίου
563 1948 698 1982 ὀλίγιστον
717 1948 813 1983 χρόνον
844 1948 1039 1980 ἐπιϐιώσαντος

196 2010 198 2013 -
244 1994 278 2028 τῇ
298 1993 431 2029 βασιλείᾳ,
462 1993 510 2020 καὶ
529 1993 612 2020 αὑτοῦ
641 1994 871 2029 μεταναστάντος,
897 1993 1006 2029 Μιχαὴλ
1025 1994 1040 2020 ὁ

245 2039 413 2075 προρρηθεὶς
427 2035 514 2072 οὗτος,
531 2040 578 2066 ἆτε
593 2040 717 2075 γαμϐρὸς
741 2040 779 2066 ὢν
795 2040 842 2066 ἐπὶ
859 2039 973 2076 θυγατρὶ
991 2039 1039 2067 τοῦ

246 2085 470 2120 τετελευτηκότος
481 2085 649 2121 Νικηφόρου,
669 2086 716 2112 καὶ
729 2085 763 2112 τὰ
774 2086 870 2121 πρῶτα
888 2086 941 2112 τῶν
959 2087 987 2112 ἐν
1001 2085 1040 2121 τῷ

247 2131 373 2166 παλατίῳ
389 2131 555 2166 τιμωμένων
577 2132 784 2167 ἀποφερόμενος
812 2132 1040 2167 (κουροποιλάτης

246 2176 300 2212 γὰρ
312 2174 368 2212 ἦν),
386 2176 470 2212 ψήφῳ
502 2177 551 2212 μὲν
577 2176 656 2210 Θεοῦ,
671 2176 755 2212 ψήφῳ
773 2177 800 2203 δὲ
822 2178 871 2212 τῆς
888 2177 1040 2212 συγκλήτου

247 2223 349 2257 πάσης,
373 2222 408 2249 τά
438 2223 567 2258 σκῆπτρα
593 2223 642 2258 τῆς
673 2223 811 2258 βασιλείας
842 2223 1036 2258 ἐγχειρίζεται.

247 2268 350 2295 Τούτου
365 2269 414 2304 τὴν
441 2270 506 2305 περὶ
530 2269 561 2296 τὸ
588 2269 665 2296 Θεῖον
678 2270 776 2306 εὐσεϐῆ
793 2269 916 2304 γνώμην,
932 2270 978 2296 καὶ
990 2270 1039 2304 τὴν

247 2315 332 2350 ἄλλην
343 2316 434 2342 πᾶσαν
458 2315 560 2350 ἀρετὴν
577 2316 624 2342 καὶ
645 2315 831 2350 δικαιοσύνην,
848 2317 904 2347 τοῖς
924 2316 1039 2350 ἱστορεῖν

248 2360 320 2387 κατὰ
333 2360 420 2396 μέρος
445 2361 569 2388 ἐθέλουσι
594 2362 772 2397 παρήσομεν·
795 2362 860 2397 ἡμῖν
877 2362 906 2387 δὲ
926 2361 1040 2396 ἀρκέσει

249 2407 317 2442 πρὸς
331 2407 469 2443 ἐπαινονὴ
485 2409 532 2435 τοῦ
548 2408 630 2443 ἦθους
651 2408 775 2442 πραΰτης
794 2417 821 2434 τε
843 2409 891 2434 καὶ
903 2409 1040 2435 ἐπιείκεια

247 2451 282 2487 ἢν
297 2451 389 2488 ἔργοις
408 2453 523 2485 ἐκεῖνος,
546 2453 593 2480 καὶ
616 2454 646 2479 οὐ
669 2453 810 2488 πλάσματι
829 2453 909 2488 μόνον
935 2453 1041 2480 ἐπεδεί-

248 2497 313 2531 ξατο
327 2506 333 2513 ”
345 2498 420 2534 διετῆ
433 2498 487 2533 γὰρ
502 2499 594 2532 ὀλίγου
611 2500 666 2526 δεῖν
682 2499 776 2534 χρόνον
795 2499 977 2525 εὐσεϐέστατα
993 2499 1041 2533 τὴν

250 2542 390 2577 βασιλείαν
401 2543 531 2575 διιθύνας,
556 2544 690 2576 ἑκουσίως
707 2544 791 2579 αὐτῆς
811 2544 916 2580 ἐξέστη,
939 2545 986 2571 καὶ
1002 2544 1043 2579 τῷ

249 2588 422 2622 τυραννικῶς
453 2588 618 2625 ὲπιθεμένῳ,
646 2590 744 2616 Λέοντι
775 2589 807 2624 δὴ
829 2589 867 2624 τῷ
896 2590 1041 2625 Ἀρμενίῳ,

250 2633 338 2670 φημὶχ
352 2634 499 2669 στρατηγῷ
515 2635 565 2670 μὲν
582 2635 690 2670 πρῶτον
703 2635 748 2662 ὑπ’
763 2635 846 2662 αὑτοῦ
863 2636 918 2662 τῶν
934 2637 1043 2663 ’Λνατο-

250 2677 335 2705 λικῶν
350 2681 577 2715 προχειρισθέντι,
596 2682 665 2709 κατά
683 2681 845 2716 Βουλγάρων
859 2681 887 2708 δὲ
907 2690 1040 2717 στρατευ-

251 2725 373 2761 σαμένῳ,
387 2726 516 2753 κάκεῖθεν
539 2727 588 2763 τὴν
611 2729 797 2755 ἐπανάστασιν
819 2728 1040 2765 βουλευσαμένῳ,

251 2771 390 2807 ὑποχωρεῖ
411 2773 460 2808 τῆς
491 2774 577 2810 ἀρχῆς
594 2776 607 2800 ὁ
628 2776 763 2811 μακάριος
776 2774 857 2810 ἑκὼν,
874 2776 982 2812 καὶτῆς
996 2785 1043 2803 κο-

250 2818 353 2853 σμικῆς
367 2818 537 2852 ἀλαζονείας,
553 2821 600 2846 καὶ
615 2821 670 2847 τῶν
693 2821 831 2856 ἐμφυλίων
852 2821 978 2857 πολέμων
992 2823 1039 2850 καὶ

351 2866 487 2899 Ρηιιοι.
511 2867 570 2900 Gn.
596 2868 657 2899 CV.

1087 1582 1294 1618 stautinopollm
1322 1582 1348 1610 in
1366 1583 1448 1610 terris
1463 1583 1581 1617 patriam
1609 1583 1714 1616 habuit,
1735 1578 1816 1616 hanc,
1838 1583 1883 1611 iu-

1087 1635 1181 1663 quam,
1209 1627 1292 1655 totius
1316 1627 1429 1655 ditionis
1453 1633 1480 1655 et
1507 1628 1613 1663 imperii
1643 1628 1882 1663 prteclarissimam

1091 1673 1213 1709 regiam:
1239 1678 1365 1708 parentes
1400 1681 1477 1707 vero,
1504 1673 1664 1701 Micltaelem
1688 1674 1882 1709 imperatOrem

1089 1724 1115 1748 et
1130 1719 1291 1754 Procnpiam
1320 1720 1534 1755 imperatrieem,
1558 1720 1746 1748 nobilissimos
1771 1726 1798 1748 et
1820 1721 1885 1748 reli-

1089 1766 1263 1800 giusissimos
1305 1765 1456 1800 principes.
1490 1766 1578 1801 Atque
1618 1765 1733 1794 Michael
1772 1766 1883 1801 quidem

1090 1811 1294 1847 Tlicophylacto
1319 1812 1437 1846 patricio
1460 1812 1682 1847 splendidissimo
1702 1813 1762 1840 viro
1782 1818 1883 1846 natus,

1089 1856 1221 1892 Procopia
1246 1865 1310 1885 vero
1333 1866 1347 1884 ιι
1375 1857 1528 1893 Nieepltoro
1557 1859 1602 1892 pio
1627 1858 1792 1894 imperatore
1818 1867 1884 1894 pro.

1090 1908 1180 1931 creata
1196 1909 1247 1931 est.
1265 1902 1420 1938 Nicephoro
1441 1912 1524 1939 porro
1550 1903 1584 1931 ad
1608 1904 1720 1932 cmlcste
1740 1906 1883 1940 imperium

1090 1953 1218 1982 evocato,
1249 1953 1276 1976 et
1302 1949 1445 1977 Stauraeio
1470 1949 1536 1982 tilio,
1561 1957 1624 1977 cum
1651 1958 1764 1985 regnum
1785 1951 1883 1984 exiguo

1092 1999 1213 2028 tempore
1242 1994 1472 2027 administrasset,
1499 1995 1654 2027 exstincto,
1684 1994 1798 2022 Michael
1837 1995 1883 2023 hic

1090 2040 1237 2076 Nicephori
1259 2049 1351 2076 gener,
1371 2047 1400 2068 ut
1414 2041 1520 2068 dictum
1538 2047 1591 2073 est,
1617 2046 1725 2068 mortuo
1746 2041 1883 2076 Nicepho-

1092 2094 1134 2119 ro,
1162 2094 1225 2114 cum
1253 2087 1323 2114 inter
1350 2087 1484 2122 palatinos
1511 2088 1586 2122 (nam
1613 2088 1784 2122 curopalates
1811 2088 1882 2120 erat)

1093 2132 1244 2167 principem
1261 2133 1350 2159 locum
1368 2135 1482 2164 teneret,
1503 2133 1613 2167 auspice
1636 2132 1692 2160 Deo
1717 2137 1884 2168 senatusque

1092 2178 1203 2205 decreto
1234 2178 1338 2213 imperii
1363 2184 1470 2212 sceptra
1499 2178 1630 2213 suscepit.
1653 2178 1739 2213 Cujus
1756 2185 1806 2214 ego
1820 2179 1886 2206 reli-

1092 2224 1199 2259 gionem
1228 2224 1256 2251 in
1290 2224 1384 2256 Deum,
1413 2225 1559 2259 omniaque
1585 2224 1693 2252 virtutis
1720 2229 1885 2252 ornamenta

1092 2270 1126 2298 iis
1145 2270 1281 2297 narranda
1295 2270 1432 2306 .relinquo
1456 2270 1502 2305 qui
1518 2277 1562 2297 res
1579 2270 1614 2298 ab
1637 2270 1682 2298 illo
1699 2275 1790 2305 gestas
1810 2271 1886 2306 sigil-

1092 2315 1166 2343 latim
1183 2316 1311 2351 prosequi
1327 2317 1426 2344 volent.
1440 2316 1523 2344 Nobis
1544 2315 1578 2344 ad
1593 2316 1678 2344 decus
1694 2317 1766 2344 illius
1781 2324 1886 2344 menm-

1092 2362 1208 2390 randum
1222 2363 1342 2390 sullieiat
1356 2370 1462 2390 morum
1477 2363 1574 2390 lenitas
1587 2368 1614 2390 et
1628 2363 1783 2397 clementia,
1801 2371 1885 2399 quam
1927 2398 1933 2403 _

1093 2409 1207 2436 minime
1238 2409 1356 2436 fucatam
1386 2408 1466 2439 factis
1492 2409 1559 2444 ipsis
1586 2409 1745 2437 declaravit.
1777 2410 1884 2438 Etenim

1094 2462 1155 2481 cum
1174 2462 1227 2481 non
1251 2458 1307 2481 toto
1321 2453 1431 2481 biennio
1446 2454 1592 2489 imperium
1610 2454 1784 2482 sanctissime
1797 2455 1886 2482 admi‘

1095 2500 1251 2532 nistrasset,
1268 2499 1354 2527 Leoni
1377 2500 1498 2527 Armeno
1516 2508 1563 2534 per
1577 2500 1748 2535 tyrannidem
1770 2508 1885 2536 regnum

1096 2545 1233 2572 invadenti
1258 2545 1345 2572 libens
1370 2545 1519 2580 volensque
1545 2546 1645 2577 cessit,
1671 2538 1798 2580 quamvis
1827 2546 1886 2580 ipse

1095 2593 1284 2629 praefecturam
1299 2593 1436 2621 exercitus
1453 2593 1479 2620 in
1500 2592 1611 2620 Oriente
1627 2593 1664 2620 illi
1680 2594 1756 2628 prius
1772 2593 1887 2620 ωηιιηί-

1095 2641 1186 2668 sisset.
1203 2639 1409 2674 Expeditionem
1435 2644 1600 2667 tamencum
1627 2640 1654 2667 in
1671 2640 1801 2674 Bulgaros
1821 2646 1885 2665 sus-

1096 2686 1223 2720 cepisset,
1253 2685 1290 2712 ibi
1326 2693 1373 2720 pcr
1408 2685 1522 2712 insidias
1546 2685 1723 2713 defectionem
1750 2683 1884 2715 molienti.

1097 2736 1193 2766 sponte
1217 2731 1312 2759 beatus
1327 2731 1372 2758 ille
1395 2731 1539 2766 imperium
1557 2731 1702 2762 concessit,
1718 2735 1831 2763 seseque
1850 2729 1886 2756 ab

1083 2778 1171 2809 _0mni
1190 2777 1271 2810 fastu,
1285 2777 1417 2813 bellisque
1434 2778 1559 2805 civilibus
1576 2782 1658 2811 atque
1683 2775 1784 2802 invidia
1810 2776 1886 2811 regni

1094 2823 1245 2857 subduxit;
1262 2829 1337 2852 ratus
1352 2824 1437 2852 multo
1453 2823 1504 2852 sibi
1521 2823 1614 2858 reique
1630 2822 1746 2857 publica:
1763 2829 1886 2850 commo-

1693 2866 1727 2900 16
