  <div class='ocr_page' id='page_1' title='image "/cluster/home/n/w/nwhite01/storage/ocr_20150623/105/njp.32101077772893/299.png"; bbox 0 0 2092 3156; ppageno 0'>
   <div class='ocr_carea' id='block_1_1' title="bbox 242 114 292 146">
    <p class='ocr_par' dir='ltr' id='par_1_1' title="bbox 242 114 292 146">
     <span class='ocr_line' id='line_1_1' title="bbox 242 114 292 146; baseline 0 0"><span class='ocrx_word' id='word_1_1' title='bbox 242 114 292 146; x_wconf 66' lang='lat'><strong>491</strong></span> 
     </span>
    </p>
   </div>
   <div class='ocr_carea' id='block_1_2' title="bbox 837 116 1265 148">
    <p class='ocr_par' dir='ltr' id='par_1_2' title="bbox 837 116 1265 148">
     <span class='ocr_line' id='line_1_2' title="bbox 837 116 1265 148; baseline 0.005 -3"><span class='ocrx_word' id='word_1_2' title='bbox 837 116 985 145; x_wconf 80' lang='lat' dir='ltr'><strong>NICE&#39;I‘.E</strong></span> <span class='ocrx_word' id='word_1_3' title='bbox 1003 117 1265 148; x_wconf 73' lang='lat' dir='ltr'><strong>PAPIILAGONIS</strong></span> 
     </span>
    </p>
   </div>
   <div class='ocr_carea' id='block_1_3' title="bbox 1816 121 1870 154">
    <p class='ocr_par' dir='ltr' id='par_1_3' title="bbox 1816 121 1870 154">
     <span class='ocr_line' id='line_1_3' title="bbox 1816 121 1870 154; baseline 0 -1"><span class='ocrx_word' id='word_1_4' title='bbox 1816 121 1870 154; x_wconf 59' lang='lat'><strong>492</strong></span> 
     </span>
    </p>
   </div>
   <div class='ocr_carea' id='block_1_4' title="bbox 242 169 1030 215">
    <p class='ocr_par' dir='ltr' id='par_1_4' title="bbox 242 169 1030 206">
     <span class='ocr_line' id='line_1_4' title="bbox 242 169 1030 206; baseline -0.001 -7"><span class='ocrx_word' id='word_1_5' title='bbox 242 173 345 199; x_wconf 92' lang='lat' dir='ltr'><strong>diorem</strong></span> <span class='ocrx_word' id='word_1_6' title='bbox 369 169 559 205; x_wconf 81' lang='lat' dir='ltr'><strong>utilioremque</strong></span> <span class='ocrx_word' id='word_1_7' title='bbox 574 169 755 196; x_wconf 82' lang='lat' dir='ltr'><strong>voluntariam</strong></span> <span class='ocrx_word' id='word_1_8' title='bbox 778 171 852 206; x_wconf 79' lang='lat' dir='ltr'><strong>regni</strong></span> <span class='ocrx_word' id='word_1_9' title='bbox 881 171 1030 199; x_wconf 85' lang='lat' dir='ltr'><strong>abdicatio-</strong></span> 
     </span>
    </p>
   </div>
   <div class='ocr_carea' id='block_1_5' title="bbox 1080 169 1876 215">
    <p class='ocr_par' dir='ltr' id='par_1_5' title="bbox 1085 173 1876 215">
     <span class='ocr_line' id='line_1_5' title="bbox 1085 173 1876 215; baseline 0.009 -16"><span class='ocrx_word' id='word_1_10' title='bbox 1085 173 1192 207; x_wconf 77' lang='grc' dir='ltr'>φθόνων</span> <span class='ocrx_word' id='word_1_11' title='bbox 1207 182 1213 189; x_wconf 93' lang='grc'><strong>·</strong></span> <span class='ocrx_word' id='word_1_12' title='bbox 1231 174 1322 210; x_wconf 85' lang='grc' dir='ltr'>πολλῴ</span> <span class='ocrx_word' id='word_1_13' title='bbox 1341 175 1458 210; x_wconf 73' lang='grc' dir='ltr'>κρείττω</span> <span class='ocrx_word' id='word_1_14' title='bbox 1472 175 1518 202; x_wconf 80' lang='grc' dir='ltr'>καὶ</span> <span class='ocrx_word' id='word_1_15' title='bbox 1535 175 1762 212; x_wconf 73' lang='grc' dir='ltr'><strong>λυσιτελεστέραν</strong></span> <span class='ocrx_word' id='word_1_16' title='bbox 1774 178 1876 215; x_wconf 50' lang='grc' dir='ltr'>ιὲαυτῷ</span> 
     </span>
    </p>
   </div>
   <div class='ocr_carea' id='block_1_6' title="bbox 242 216 1032 252">
    <p class='ocr_par' dir='ltr' id='par_1_6' title="bbox 242 216 1032 252">
     <span class='ocr_line' id='line_1_6' title="bbox 242 216 1032 252; baseline -0.001 -6"><span class='ocrx_word' id='word_1_17' title='bbox 242 226 303 246; x_wconf 86' lang='lat' dir='ltr'><strong>ocm</strong></span> <span class='ocrx_word' id='word_1_18' title='bbox 326 222 353 244; x_wconf 93' lang='lat' dir='ltr'><strong>ct</strong></span> <span class='ocrx_word' id='word_1_19' title='bbox 376 225 480 252; x_wconf 79' lang='lat' dir='ltr'><strong>parem,</strong></span> <span class='ocrx_word' id='word_1_20' title='bbox 494 216 582 251; x_wconf 82' lang='lat' dir='ltr'><strong>utqui</strong></span> <span class='ocrx_word' id='word_1_21' title='bbox 598 217 656 250; x_wconf 87' lang='lat' dir='ltr'><strong>paci</strong></span> <span class='ocrx_word' id='word_1_22' title='bbox 679 223 749 243; x_wconf 72' lang='lat' dir='ltr'><strong>vera:</strong></span> <span class='ocrx_word' id='word_1_23' title='bbox 769 221 849 244; x_wconf 89' lang='lat' dir='ltr'><strong>natus</strong></span> <span class='ocrx_word' id='word_1_24' title='bbox 868 222 949 250; x_wconf 82' lang='lat' dir='ltr'><strong>esset,</strong></span> <span class='ocrx_word' id='word_1_25' title='bbox 966 219 1032 246; x_wconf 77' lang='lat' dir='ltr'><strong>fore.</strong></span> 
     </span>
    </p>
   </div>
   <div class='ocr_carea' id='block_1_7' title="bbox 241 263 1033 299">
    <p class='ocr_par' dir='ltr' id='par_1_7' title="bbox 241 263 1033 299">
     <span class='ocr_line' id='line_1_7' title="bbox 241 263 1033 299; baseline 0.001 -8"><span class='ocrx_word' id='word_1_26' title='bbox 241 264 350 291; x_wconf 73' lang='lat' dir='ltr'><strong>Dccedit</strong></span> <span class='ocrx_word' id='word_1_27' title='bbox 369 271 434 298; x_wconf 72' lang='lat' dir='ltr'><strong>ergo</strong></span> <span class='ocrx_word' id='word_1_28' title='bbox 457 271 490 290; x_wconf 77' lang='lat' dir='ltr'><strong>ex</strong></span> <span class='ocrx_word' id='word_1_29' title='bbox 511 264 578 290; x_wconf 85' lang='lat' dir='ltr'><strong>urbe</strong></span> <span class='ocrx_word' id='word_1_30' title='bbox 596 270 658 289; x_wconf 88' lang='lat' dir='ltr'><strong>cum</strong></span> <span class='ocrx_word' id='word_1_31' title='bbox 686 267 741 290; x_wconf 86' lang='lat' dir='ltr'><strong>tota</strong></span> <span class='ocrx_word' id='word_1_32' title='bbox 765 263 880 296; x_wconf 78' lang='lat' dir='ltr'><strong>familia,</strong></span> <span class='ocrx_word' id='word_1_33' title='bbox 895 268 977 299; x_wconf 87' lang='lat' dir='ltr'><strong>atque</strong></span> <span class='ocrx_word' id='word_1_34' title='bbox 1006 265 1033 292; x_wconf 91' lang='lat' dir='ltr'><strong>in</strong></span> 
     </span>
    </p>
   </div>
   <div class='ocr_carea' id='block_1_8' title="bbox 241 309 1033 346">
    <p class='ocr_par' dir='ltr' id='par_1_8' title="bbox 241 309 1033 346">
     <span class='ocr_line' id='line_1_8' title="bbox 241 309 1033 346; baseline -0.001 -8"><span class='ocrx_word' id='word_1_35' title='bbox 241 311 383 346; x_wconf 84' lang='lat' dir='ltr'><strong>Principes</strong></span> <span class='ocrx_word' id='word_1_36' title='bbox 400 310 503 337; x_wconf 80' lang='lat' dir='ltr'><strong>insulas</strong></span> <span class='ocrx_word' id='word_1_37' title='bbox 521 309 640 342; x_wconf 83' lang='lat' dir='ltr'><strong>secedit;</strong></span> <span class='ocrx_word' id='word_1_38' title='bbox 655 309 747 343; x_wconf 87' lang='lat' dir='ltr'><strong>ibique</strong></span> <span class='ocrx_word' id='word_1_39' title='bbox 756 309 837 336; x_wconf 77' lang='lat' dir='ltr'><strong>vitam</strong></span> <span class='ocrx_word' id='word_1_40' title='bbox 853 311 1033 338; x_wconf 74' lang='lat' dir='ltr'><strong>monasticam</strong></span> 
     </span>
    </p>
   </div>
   <div class='ocr_carea' id='block_1_9' title="bbox 239 355 1027 391">
    <p class='ocr_par' dir='ltr' id='par_1_9' title="bbox 239 355 1027 391">
     <span class='ocr_line' id='line_1_9' title="bbox 239 355 1027 391; baseline -0.001 -8"><span class='ocrx_word' id='word_1_41' title='bbox 239 364 302 383; x_wconf 89' lang='lat' dir='ltr'><strong>cutn</strong></span> <span class='ocrx_word' id='word_1_42' title='bbox 326 356 442 391; x_wconf 72' lang='lat' dir='ltr'><strong>conjuge</strong></span> <span class='ocrx_word' id='word_1_43' title='bbox 453 360 480 382; x_wconf 91' lang='lat' dir='ltr'><strong>ct</strong></span> <span class='ocrx_word' id='word_1_44' title='bbox 493 355 596 386; x_wconf 82' lang='lat' dir='ltr'><strong>liberis,</strong></span> <span class='ocrx_word' id='word_1_45' title='bbox 615 363 668 382; x_wconf 88' lang='lat' dir='ltr'><strong>non</strong></span> <span class='ocrx_word' id='word_1_46' title='bbox 684 355 758 382; x_wconf 86' lang='lat' dir='ltr'><strong>cultu</strong></span> <span class='ocrx_word' id='word_1_47' title='bbox 772 359 877 382; x_wconf 87' lang='lat' dir='ltr'><strong>tantum</strong></span> <span class='ocrx_word' id='word_1_48' title='bbox 892 356 1027 390; x_wconf 84' lang='lat' dir='ltr'><strong>corporis,</strong></span> 
     </span>
    </p>
   </div>
   <div class='ocr_carea' id='block_1_10' title="bbox 238 400 1032 437">
    <p class='ocr_par' dir='ltr' id='par_1_10' title="bbox 238 400 1032 437">
     <span class='ocr_line' id='line_1_10' title="bbox 238 400 1032 437; baseline -0.001 -8"><span class='ocrx_word' id='word_1_49' title='bbox 238 402 285 429; x_wconf 75' lang='lat' dir='ltr'><strong>sed</strong></span> <span class='ocrx_word' id='word_1_50' title='bbox 308 409 338 429; x_wconf 88' lang='lat' dir='ltr'><strong>re</strong></span> <span class='ocrx_word' id='word_1_51' title='bbox 352 402 410 437; x_wconf 87' lang='lat' dir='ltr'><strong>ipsa</strong></span> <span class='ocrx_word' id='word_1_52' title='bbox 427 401 511 437; x_wconf 77' lang='lat' dir='ltr'><strong>degit,</strong></span> <span class='ocrx_word' id='word_1_53' title='bbox 528 408 612 428; x_wconf 85' lang='lat' dir='ltr'><strong>causa</strong></span> <span class='ocrx_word' id='word_1_54' title='bbox 629 408 678 428; x_wconf 85' lang='lat' dir='ltr'><strong>sua</strong></span> <span class='ocrx_word' id='word_1_55' title='bbox 694 408 822 436; x_wconf 87' lang='lat' dir='ltr'><strong>supremo</strong></span> <span class='ocrx_word' id='word_1_56' title='bbox 839 400 950 428; x_wconf 84' lang='lat' dir='ltr'><strong>Numini</strong></span> <span class='ocrx_word' id='word_1_57' title='bbox 970 409 1032 436; x_wconf 90' lang='lat' dir='ltr'><strong>per-</strong></span> 
     </span>
    </p>
   </div>
   <div class='ocr_carea' id='block_1_11' title="bbox 238 456 332 477">
    <p class='ocr_par' dir='ltr' id='par_1_11' title="bbox 238 456 332 477">
     <span class='ocr_line' id='line_1_11' title="bbox 238 456 332 477; baseline 0.011 -2"><span class='ocrx_word' id='word_1_58' title='bbox 238 456 332 477; x_wconf 79' lang='lat' dir='ltr'><strong>missa.</strong></span> 
     </span>
    </p>
   </div>
   <div class='ocr_carea' id='block_1_12' title="bbox 272 541 1031 576">
    <p class='ocr_par' dir='ltr' id='par_1_12' title="bbox 272 541 1031 576">
     <span class='ocr_line' id='line_1_12' title="bbox 272 541 1031 576; baseline 0 -8"><span class='ocrx_word' id='word_1_59' title='bbox 272 541 355 568; x_wconf 84' lang='lat' dir='ltr'><strong>Beato</strong></span> <span class='ocrx_word' id='word_1_60' title='bbox 377 541 441 569; x_wconf 90' lang='lat' dir='ltr'><strong>huic</strong></span> <span class='ocrx_word' id='word_1_61' title='bbox 463 541 603 573; x_wconf 81' lang='lat' dir='ltr'><strong>Michaeli,</strong></span> <span class='ocrx_word' id='word_1_62' title='bbox 619 541 748 576; x_wconf 90' lang='lat' dir='ltr'><strong>omnique</strong></span> <span class='ocrx_word' id='word_1_63' title='bbox 767 541 948 569; x_wconf 86' lang='lat' dir='ltr'><strong>admiratione</strong></span> <span class='ocrx_word' id='word_1_64' title='bbox 967 549 1031 576; x_wconf 85' lang='lat' dir='ltr'><strong>pro-</strong></span> 
     </span>
    </p>
   </div>
   <div class='ocr_carea' id='block_1_13' title="bbox 241 587 1031 622">
    <p class='ocr_par' dir='ltr' id='par_1_13' title="bbox 241 587 1031 622">
     <span class='ocr_line' id='line_1_13' title="bbox 241 587 1031 622; baseline -0.004 -7"><span class='ocrx_word' id='word_1_65' title='bbox 241 587 399 622; x_wconf 78' lang='lat' dir='ltr'><strong>sequendo,</strong></span> <span class='ocrx_word' id='word_1_66' title='bbox 417 589 463 622; x_wconf 94' lang='lat' dir='ltr'><strong>qui</strong></span> <span class='ocrx_word' id='word_1_67' title='bbox 483 592 617 614; x_wconf 83' lang='lat' dir='ltr'><strong>terrarum</strong></span> <span class='ocrx_word' id='word_1_68' title='bbox 635 594 716 622; x_wconf 79' lang='lat' dir='ltr'><strong>regna</strong></span> <span class='ocrx_word' id='word_1_69' title='bbox 738 587 897 614; x_wconf 75' lang='lat' dir='ltr'><strong>ctelestibus</strong></span> <span class='ocrx_word' id='word_1_70' title='bbox 921 595 1031 622; x_wconf 84' lang='lat' dir='ltr'><strong>pertuu-</strong></span> 
     </span>
    </p>
   </div>
   <div class='ocr_carea' id='block_1_14' title="bbox 238 633 1031 668">
    <p class='ocr_par' dir='ltr' id='par_1_14' title="bbox 238 633 1031 668">
     <span class='ocr_line' id='line_1_14' title="bbox 238 633 1031 668; baseline -0.001 -8"><span class='ocrx_word' id='word_1_71' title='bbox 238 633 312 664; x_wconf 59' lang='lat' dir='ltr'><strong>tavit,</strong></span> <span class='ocrx_word' id='word_1_72' title='bbox 329 633 404 668; x_wconf 84' lang='lat' dir='ltr'><strong>quini</strong></span> <span class='ocrx_word' id='word_1_73' title='bbox 428 633 540 660; x_wconf 88' lang='lat' dir='ltr'><strong>omnino</strong></span> <span class='ocrx_word' id='word_1_74' title='bbox 563 633 647 661; x_wconf 81' lang='lat' dir='ltr'><strong>fuisse</strong></span> <span class='ocrx_word' id='word_1_75' title='bbox 664 633 740 660; x_wconf 84' lang='lat' dir='ltr'><strong>liberi</strong></span> <span class='ocrx_word' id='word_1_76' title='bbox 760 633 953 668; x_wconf 81' lang='lat' dir='ltr'><strong>perhibentur;</strong></span> <span class='ocrx_word' id='word_1_77' title='bbox 971 640 1031 659; x_wconf 87' lang='lat' dir='ltr'><strong>unt-</strong></span> 
     </span>
    </p>
   </div>
   <div class='ocr_carea' id='block_1_15' title="bbox 234 679 1031 714">
    <p class='ocr_par' dir='ltr' id='par_1_15' title="bbox 234 679 1031 714">
     <span class='ocr_line' id='line_1_15' title="bbox 234 679 1031 714; baseline -0.001 -8"><span class='ocrx_word' id='word_1_78' title='bbox 234 679 328 706; x_wconf 70' lang='lat' dir='ltr'><strong>liebris</strong></span> <span class='ocrx_word' id='word_1_79' title='bbox 355 679 448 714; x_wconf 82' lang='lat' dir='ltr'><strong>stirpis</strong></span> <span class='ocrx_word' id='word_1_80' title='bbox 466 679 581 713; x_wconf 76' lang='lat' dir='ltr'><strong>gemini,</strong></span> <span class='ocrx_word' id='word_1_81' title='bbox 597 679 703 714; x_wconf 80' lang='lat' dir='ltr'><strong>Georgo</strong></span> <span class='ocrx_word' id='word_1_82' title='bbox 725 679 812 714; x_wconf 83' lang='lat' dir='ltr'><strong>prima</strong></span> <span class='ocrx_word' id='word_1_83' title='bbox 828 683 948 714; x_wconf 88' lang='lat' dir='ltr'><strong>natuque</strong></span> <span class='ocrx_word' id='word_1_84' title='bbox 974 686 1031 705; x_wconf 85' lang='lat' dir='ltr'><strong>ma-</strong></span> 
     </span>
    </p>
   </div>
   <div class='ocr_carea' id='block_1_16' title="bbox 236 724 1031 761">
    <p class='ocr_par' dir='ltr' id='par_1_16' title="bbox 236 724 1031 761">
     <span class='ocr_line' id='line_1_16' title="bbox 236 724 1031 761; baseline 0.001 -10"><span class='ocrx_word' id='word_1_85' title='bbox 236 725 323 757; x_wconf 75' lang='lat' dir='ltr'><strong>xima,</strong></span> <span class='ocrx_word' id='word_1_86' title='bbox 335 725 445 751; x_wconf 88' lang='lat' dir='ltr'><strong>minitna</strong></span> <span class='ocrx_word' id='word_1_87' title='bbox 457 724 641 760; x_wconf 81' lang='lat' dir='ltr'><strong>Tln-ophano;</strong></span> <span class='ocrx_word' id='word_1_88' title='bbox 655 733 717 760; x_wconf 75' lang='lat' dir='ltr'><strong>qua:</strong></span> <span class='ocrx_word' id='word_1_89' title='bbox 724 725 887 761; x_wconf 78' lang='lat' dir='ltr'><strong>virginitatis</strong></span> <span class='ocrx_word' id='word_1_90' title='bbox 897 725 975 752; x_wconf 87' lang='lat' dir='ltr'><strong>laude</strong></span> <span class='ocrx_word' id='word_1_91' title='bbox 984 733 1031 760; x_wconf 87' lang='lat' dir='ltr'><strong>per</strong></span> 
     </span>
    </p>
   </div>
   <div class='ocr_carea' id='block_1_17' title="bbox 239 770 1031 805">
    <p class='ocr_par' dir='ltr' id='par_1_17' title="bbox 239 770 1031 805">
     <span class='ocr_line' id='line_1_17' title="bbox 239 770 1031 805; baseline 0 -9"><span class='ocrx_word' id='word_1_92' title='bbox 239 778 349 797; x_wconf 80' lang='lat' dir='ltr'><strong>omnem</strong></span> <span class='ocrx_word' id='word_1_93' title='bbox 358 770 440 797; x_wconf 90' lang='lat' dir='ltr'><strong>vitam</strong></span> <span class='ocrx_word' id='word_1_94' title='bbox 454 771 480 796; x_wconf 92' lang='lat' dir='ltr'><strong>in</strong></span> <span class='ocrx_word' id='word_1_95' title='bbox 490 770 620 805; x_wconf 81' lang='lat' dir='ltr'><strong>religione</strong></span> <span class='ocrx_word' id='word_1_96' title='bbox 630 770 804 798; x_wconf 82' lang='lat' dir='ltr'><strong>sanctissime</strong></span> <span class='ocrx_word' id='word_1_97' title='bbox 813 771 959 802; x_wconf 84' lang='lat' dir='ltr'><strong>custodita,</strong></span> <span class='ocrx_word' id='word_1_98' title='bbox 972 770 1031 797; x_wconf 82' lang='lat' dir='ltr'><strong>feli-</strong></span> 
     </span>
    </p>
   </div>
   <div class='ocr_carea' id='block_1_18' title="bbox 239 815 1031 851">
    <p class='ocr_par' dir='ltr' id='par_1_18' title="bbox 239 815 1031 851">
     <span class='ocr_line' id='line_1_18' title="bbox 239 815 1031 851; baseline 0 -8"><span class='ocrx_word' id='word_1_99' title='bbox 239 816 308 843; x_wconf 89' lang='lat' dir='ltr'><strong>citer</strong></span> <span class='ocrx_word' id='word_1_100' title='bbox 322 815 449 843; x_wconf 83' lang='lat' dir='ltr'><strong>obierunt</strong></span> <span class='ocrx_word' id='word_1_101' title='bbox 463 825 470 843; x_wconf 86' lang='lat'><strong>:</strong></span> <span class='ocrx_word' id='word_1_102' title='bbox 482 821 536 843; x_wconf 88' lang='lat' dir='ltr'><strong>tres</strong></span> <span class='ocrx_word' id='word_1_103' title='bbox 545 823 610 844; x_wconf 83' lang='lat' dir='ltr'><strong>vero</strong></span> <span class='ocrx_word' id='word_1_104' title='bbox 626 816 719 851; x_wconf 84' lang='lat' dir='ltr'><strong>stirpis</strong></span> <span class='ocrx_word' id='word_1_105' title='bbox 732 816 830 848; x_wconf 83' lang='lat' dir='ltr'><strong>virilis,</strong></span> <span class='ocrx_word' id='word_1_106' title='bbox 842 815 1031 851; x_wconf 82' lang='lat' dir='ltr'><strong>Theophylac-</strong></span> 
     </span>
    </p>
   </div>
   <div class='ocr_carea' id='block_1_19' title="bbox 234 848 1067 896">
    <p class='ocr_par' dir='ltr' id='par_1_19' title="bbox 234 848 1067 896">
     <span class='ocr_line' id='line_1_19' title="bbox 234 848 1067 896; baseline 0.002 -9"><span class='ocrx_word' id='word_1_107' title='bbox 234 861 577 894; x_wconf 84' lang='lat' dir='ltr'><strong>tus,Stauracius.Nicetas</strong></span> <span class='ocrx_word' id='word_1_108' title='bbox 585 869 592 887; x_wconf 86' lang='lat'><strong>:</strong></span> <span class='ocrx_word' id='word_1_109' title='bbox 600 869 716 896; x_wconf 89' lang='lat' dir='ltr'><strong>quorum</strong></span> <span class='ocrx_word' id='word_1_110' title='bbox 727 867 792 889; x_wconf 89' lang='lat' dir='ltr'><strong>natu</strong></span> <span class='ocrx_word' id='word_1_111' title='bbox 800 861 1030 890; x_wconf 84' lang='lat' dir='ltr'><strong>maximusTheo-</strong></span> <span class='ocrx_word' id='word_1_112' title='bbox 1046 848 1067 876; x_wconf 71' lang='grc' dir='ltr'><strong>Β</strong></span> 
     </span>
    </p>
   </div>
   <div class='ocr_carea' id='block_1_20' title="bbox 234 906 1029 942">
    <p class='ocr_par' dir='ltr' id='par_1_20' title="bbox 234 906 1029 942">
     <span class='ocr_line' id='line_1_20' title="bbox 234 906 1029 942; baseline 0.001 -9"><span class='ocrx_word' id='word_1_113' title='bbox 234 907 387 942; x_wconf 78' lang='lat' dir='ltr'><strong>phylactns.</strong></span> <span class='ocrx_word' id='word_1_114' title='bbox 400 911 427 933; x_wconf 86' lang='lat' dir='ltr'><strong>et</strong></span> <span class='ocrx_word' id='word_1_115' title='bbox 439 906 608 939; x_wconf 86' lang='lat' dir='ltr'><strong>Stauracius,</strong></span> <span class='ocrx_word' id='word_1_116' title='bbox 619 907 771 934; x_wconf 83' lang='lat' dir='ltr'><strong>diademate</strong></span> <span class='ocrx_word' id='word_1_117' title='bbox 783 906 894 941; x_wconf 90' lang='lat' dir='ltr'><strong>imperii</strong></span> <span class='ocrx_word' id='word_1_118' title='bbox 908 907 1029 942; x_wconf 74' lang='lat' dir='ltr'><strong>insigniri</strong></span> 
     </span>
    </p>
   </div>
   <div class='ocr_carea' id='block_1_21' title="bbox 234 949 1029 986">
    <p class='ocr_par' dir='ltr' id='par_1_21' title="bbox 234 949 1029 986">
     <span class='ocr_line' id='line_1_21' title="bbox 234 949 1029 986; baseline 0 -7"><span class='ocrx_word' id='word_1_119' title='bbox 234 957 298 980; x_wconf 84' lang='lat' dir='ltr'><strong>sunt</strong></span> <span class='ocrx_word' id='word_1_120' title='bbox 311 961 317 979; x_wconf 89' lang='lat'>:</span> <span class='ocrx_word' id='word_1_121' title='bbox 333 953 379 980; x_wconf 88' lang='lat' dir='ltr'><strong>sed</strong></span> <span class='ocrx_word' id='word_1_122' title='bbox 395 951 555 979; x_wconf 86' lang='lat' dir='ltr'><strong>Stauracius</strong></span> <span class='ocrx_word' id='word_1_123' title='bbox 572 949 719 979; x_wconf 80' lang='lat' dir='ltr'><strong>admodum</strong></span> <span class='ocrx_word' id='word_1_124' title='bbox 734 952 896 980; x_wconf 81' lang='lat' dir='ltr'><strong>adolescens</strong></span> <span class='ocrx_word' id='word_1_125' title='bbox 907 956 970 979; x_wconf 88' lang='lat' dir='ltr'><strong>ante</strong></span> <span class='ocrx_word' id='word_1_126' title='bbox 983 960 1029 986; x_wconf 87' lang='lat' dir='ltr'><strong>pa-</strong></span> 
     </span>
    </p>
   </div>
   <div class='ocr_carea' id='block_1_22' title="bbox 234 997 1028 1033">
    <p class='ocr_par' dir='ltr' id='par_1_22' title="bbox 234 997 1028 1033">
     <span class='ocr_line' id='line_1_22' title="bbox 234 997 1028 1033; baseline 0 -9"><span class='ocrx_word' id='word_1_127' title='bbox 234 999 284 1025; x_wconf 90' lang='lat' dir='ltr'><strong>tris</strong></span> <span class='ocrx_word' id='word_1_128' title='bbox 303 997 504 1025; x_wconf 82' lang='lat' dir='ltr'><strong>abdicationem</strong></span> <span class='ocrx_word' id='word_1_129' title='bbox 532 999 670 1032; x_wconf 84' lang='lat' dir='ltr'><strong>oppetiit;</strong></span> <span class='ocrx_word' id='word_1_130' title='bbox 690 997 912 1033; x_wconf 86' lang='lat' dir='ltr'><strong>Theopltylaetus</strong></span> <span class='ocrx_word' id='word_1_131' title='bbox 938 1002 1028 1025; x_wconf 87' lang='lat' dir='ltr'><strong>autem</strong></span> 
     </span>
    </p>
   </div>
   <div class='ocr_carea' id='block_1_23' title="bbox 234 1044 1029 1079">
    <p class='ocr_par' dir='ltr' id='par_1_23' title="bbox 234 1044 1029 1079">
     <span class='ocr_line' id='line_1_23' title="bbox 234 1044 1029 1079; baseline -0.001 -8"><span class='ocrx_word' id='word_1_132' title='bbox 234 1052 288 1071; x_wconf 82' lang='lat' dir='ltr'><strong>una</strong></span> <span class='ocrx_word' id='word_1_133' title='bbox 313 1052 376 1071; x_wconf 90' lang='lat' dir='ltr'><strong>cum</strong></span> <span class='ocrx_word' id='word_1_134' title='bbox 392 1044 551 1079; x_wconf 81' lang='lat' dir='ltr'><strong>parentibus</strong></span> <span class='ocrx_word' id='word_1_135' title='bbox 577 1050 642 1071; x_wconf 88' lang='lat' dir='ltr'><strong>tunc</strong></span> <span class='ocrx_word' id='word_1_136' title='bbox 663 1044 690 1071; x_wconf 91' lang='lat' dir='ltr'><strong>in</strong></span> <span class='ocrx_word' id='word_1_137' title='bbox 710 1044 875 1072; x_wconf 86' lang='lat' dir='ltr'><strong>monachum</strong></span> <span class='ocrx_word' id='word_1_138' title='bbox 892 1047 1029 1076; x_wconf 90' lang='lat' dir='ltr'><strong>attonsus,</strong></span> 
     </span>
    </p>
   </div>
   <div class='ocr_carea' id='block_1_24' title="bbox 234 1089 1030 1125">
    <p class='ocr_par' dir='ltr' id='par_1_24' title="bbox 234 1089 1030 1125">
     <span class='ocr_line' id='line_1_24' title="bbox 234 1089 1030 1125; baseline 0 -8"><span class='ocrx_word' id='word_1_139' title='bbox 234 1089 393 1117; x_wconf 83' lang='lat' dir='ltr'><strong>Eustratius</strong></span> <span class='ocrx_word' id='word_1_140' title='bbox 408 1095 450 1117; x_wconf 89' lang='lat' dir='ltr'><strong>est</strong></span> <span class='ocrx_word' id='word_1_141' title='bbox 467 1090 630 1125; x_wconf 82' lang='lat' dir='ltr'><strong>appellatus.</strong></span> <span class='ocrx_word' id='word_1_142' title='bbox 649 1089 772 1118; x_wconf 87' lang='lat' dir='ltr'><strong>Nicetam</strong></span> <span class='ocrx_word' id='word_1_143' title='bbox 790 1091 910 1125; x_wconf 87' lang='lat' dir='ltr'><strong>primum</strong></span> <span class='ocrx_word' id='word_1_144' title='bbox 930 1091 1030 1118; x_wconf 80' lang='lat' dir='ltr'><strong>decen-</strong></span> 
     </span>
    </p>
   </div>
   <div class='ocr_carea' id='block_1_25' title="bbox 237 1136 1029 1171">
    <p class='ocr_par' dir='ltr' id='par_1_25' title="bbox 237 1136 1029 1171">
     <span class='ocr_line' id='line_1_25' title="bbox 237 1136 1029 1171; baseline 0 -8"><span class='ocrx_word' id='word_1_145' title='bbox 237 1145 298 1164; x_wconf 85' lang='lat' dir='ltr'><strong>nent</strong></span> <span class='ocrx_word' id='word_1_146' title='bbox 311 1137 346 1164; x_wconf 87' lang='lat' dir='ltr'><strong>ab</strong></span> <span class='ocrx_word' id='word_1_147' title='bbox 371 1144 422 1163; x_wconf 82' lang='lat' dir='ltr'><strong>avo</strong></span> <span class='ocrx_word' id='word_1_148' title='bbox 448 1137 603 1171; x_wconf 69' lang='lat' dir='ltr'><strong>Nicephoro</strong></span> <span class='ocrx_word' id='word_1_149' title='bbox 627 1137 816 1164; x_wconf 82' lang='lat' dir='ltr'><strong>liicanatorum</strong></span> <span class='ocrx_word' id='word_1_150' title='bbox 848 1136 1029 1164; x_wconf 88' lang='lat' dir='ltr'><strong>domesticum</strong></span> 
     </span>
    </p>
   </div>
   <div class='ocr_carea' id='block_1_26' title="bbox 234 1183 1031 1218">
    <p class='ocr_par' dir='ltr' id='par_1_26' title="bbox 234 1183 1031 1218">
     <span class='ocr_line' id='line_1_26' title="bbox 234 1183 1031 1218; baseline 0.001 -9"><span class='ocrx_word' id='word_1_151' title='bbox 234 1183 311 1210; x_wconf 91' lang='lat' dir='ltr'><strong>aiunt</strong></span> <span class='ocrx_word' id='word_1_152' title='bbox 325 1187 458 1214; x_wconf 82' lang='lat' dir='ltr'><strong>creatum,</strong></span> <span class='ocrx_word' id='word_1_153' title='bbox 475 1183 553 1217; x_wconf 88' lang='lat' dir='ltr'><strong>cujus</strong></span> <span class='ocrx_word' id='word_1_154' title='bbox 571 1183 657 1218; x_wconf 81' lang='lat' dir='ltr'><strong>gratia</strong></span> <span class='ocrx_word' id='word_1_155' title='bbox 679 1191 779 1211; x_wconf 90' lang='lat' dir='ltr'><strong>munus</strong></span> <span class='ocrx_word' id='word_1_156' title='bbox 805 1183 872 1210; x_wconf 80' lang='lat' dir='ltr'><strong>iliud</strong></span> <span class='ocrx_word' id='word_1_157' title='bbox 888 1183 975 1218; x_wconf 89' lang='lat' dir='ltr'><strong>primo</strong></span> <span class='ocrx_word' id='word_1_158' title='bbox 990 1183 1031 1210; x_wconf 87' lang='lat' dir='ltr'><strong>in-</strong></span> 
     </span>
    </p>
   </div>
   <div class='ocr_carea' id='block_1_27' title="bbox 235 1229 1029 1264">
    <p class='ocr_par' dir='ltr' id='par_1_27' title="bbox 235 1229 1029 1264">
     <span class='ocr_line' id='line_1_27' title="bbox 235 1229 1029 1264; baseline -0.001 -8"><span class='ocrx_word' id='word_1_159' title='bbox 235 1229 361 1256; x_wconf 84' lang='lat' dir='ltr'><strong>stitutum</strong></span> <span class='ocrx_word' id='word_1_160' title='bbox 378 1238 383 1256; x_wconf 95' lang='lat'>:</span> <span class='ocrx_word' id='word_1_161' title='bbox 397 1232 526 1264; x_wconf 87' lang='lat' dir='ltr'><strong>quartum</strong></span> <span class='ocrx_word' id='word_1_162' title='bbox 544 1236 610 1256; x_wconf 89' lang='lat' dir='ltr'><strong>vero</strong></span> <span class='ocrx_word' id='word_1_163' title='bbox 623 1229 758 1257; x_wconf 88' lang='lat' dir='ltr'><strong>decimutn</strong></span> <span class='ocrx_word' id='word_1_164' title='bbox 769 1230 857 1256; x_wconf 69' lang='lat' dir='ltr'><strong>aetatis</strong></span> <span class='ocrx_word' id='word_1_165' title='bbox 876 1237 977 1256; x_wconf 86' lang='lat' dir='ltr'><strong>annum</strong></span> <span class='ocrx_word' id='word_1_166' title='bbox 997 1236 1029 1256; x_wconf 85' lang='lat' dir='ltr'><strong>a-</strong></span> 
     </span>
    </p>
   </div>
   <div class='ocr_carea' id='block_1_28' title="bbox 238 1274 1029 1310">
    <p class='ocr_par' dir='ltr' id='par_1_28' title="bbox 238 1274 1029 1310">
     <span class='ocr_line' id='line_1_28' title="bbox 238 1274 1029 1310; baseline 0 -9"><span class='ocrx_word' id='word_1_167' title='bbox 238 1282 304 1310; x_wconf 79' lang='lat' dir='ltr'><strong>gens</strong></span> <span class='ocrx_word' id='word_1_168' title='bbox 317 1294 325 1306; x_wconf 93' lang='lat'><strong>,</strong></span> <span class='ocrx_word' id='word_1_169' title='bbox 340 1274 462 1302; x_wconf 85' lang='lat' dir='ltr'><strong>terrestri</strong></span> <span class='ocrx_word' id='word_1_170' title='bbox 487 1275 570 1302; x_wconf 89' lang='lat' dir='ltr'><strong>simul</strong></span> <span class='ocrx_word' id='word_1_171' title='bbox 598 1282 660 1302; x_wconf 90' lang='lat' dir='ltr'><strong>cum</strong></span> <span class='ocrx_word' id='word_1_172' title='bbox 684 1275 763 1302; x_wconf 89' lang='lat' dir='ltr'><strong>bonis</strong></span> <span class='ocrx_word' id='word_1_173' title='bbox 781 1275 940 1310; x_wconf 84' lang='lat' dir='ltr'><strong>parentibus</strong></span> <span class='ocrx_word' id='word_1_174' title='bbox 954 1274 1029 1309; x_wconf 80' lang='lat' dir='ltr'><strong>regia</strong></span> 
     </span>
    </p>
   </div>
   <div class='ocr_carea' id='block_1_29' title="bbox 235 1320 1030 1356">
    <p class='ocr_par' dir='ltr' id='par_1_29' title="bbox 235 1320 1030 1356">
     <span class='ocr_line' id='line_1_29' title="bbox 235 1320 1030 1356; baseline 0.001 -9"><span class='ocrx_word' id='word_1_175' title='bbox 235 1321 339 1352; x_wconf 86' lang='lat' dir='ltr'><strong>relicta,</strong></span> <span class='ocrx_word' id='word_1_176' title='bbox 356 1325 383 1348; x_wconf 88' lang='lat' dir='ltr'><strong>et</strong></span> <span class='ocrx_word' id='word_1_177' title='bbox 408 1321 466 1356; x_wconf 89' lang='lat' dir='ltr'><strong>ipse</strong></span> <span class='ocrx_word' id='word_1_178' title='bbox 485 1321 649 1348; x_wconf 86' lang='lat' dir='ltr'><strong>monachum</strong></span> <span class='ocrx_word' id='word_1_179' title='bbox 679 1320 788 1354; x_wconf 88' lang='lat' dir='ltr'><strong>induit,</strong></span> <span class='ocrx_word' id='word_1_180' title='bbox 801 1325 828 1348; x_wconf 88' lang='lat' dir='ltr'><strong>et</strong></span> <span class='ocrx_word' id='word_1_181' title='bbox 841 1320 961 1356; x_wconf 74' lang='lat' dir='ltr'><strong>lgnatius</strong></span> <span class='ocrx_word' id='word_1_182' title='bbox 987 1325 1030 1348; x_wconf 89' lang='lat' dir='ltr'><strong>est</strong></span> 
     </span>
    </p>
   </div>
   <div class='ocr_carea' id='block_1_30' title="bbox 236 1366 457 1400">
    <p class='ocr_par' dir='ltr' id='par_1_30' title="bbox 236 1366 457 1400">
     <span class='ocr_line' id='line_1_30' title="bbox 236 1366 457 1400; baseline -0.005 -7"><span class='ocrx_word' id='word_1_183' title='bbox 236 1366 457 1400; x_wconf 74' lang='lat' dir='ltr'><strong>cognominatus.</strong></span> 
     </span>
    </p>
   </div>
   <div class='ocr_carea' id='block_1_31' title="bbox 271 1411 1028 1447">
    <p class='ocr_par' dir='ltr' id='par_1_31' title="bbox 271 1411 1028 1447">
     <span class='ocr_line' id='line_1_31' title="bbox 271 1411 1028 1447; baseline 0 -9"><span class='ocrx_word' id='word_1_184' title='bbox 271 1412 327 1440; x_wconf 85' lang='lat' dir='ltr'><strong>Lco</strong></span> <span class='ocrx_word' id='word_1_185' title='bbox 339 1412 432 1447; x_wconf 67' lang='lat' dir='ltr'><strong>igitur,</strong></span> <span class='ocrx_word' id='word_1_186' title='bbox 451 1412 496 1438; x_wconf 87' lang='lat' dir='ltr'><strong>illa</strong></span> <span class='ocrx_word' id='word_1_187' title='bbox 512 1411 625 1440; x_wconf 80' lang='lat' dir='ltr'><strong>infausti</strong></span> <span class='ocrx_word' id='word_1_188' title='bbox 637 1411 757 1439; x_wconf 80' lang='lat' dir='ltr'><strong>nominis</strong></span> <span class='ocrx_word' id='word_1_189' title='bbox 771 1411 840 1445; x_wconf 77' lang='lat' dir='ltr'><strong>fera,</strong></span> <span class='ocrx_word' id='word_1_190' title='bbox 855 1419 930 1444; x_wconf 92' lang='lat' dir='ltr'><strong>cum,</strong></span> <span class='ocrx_word' id='word_1_191' title='bbox 945 1419 1028 1447; x_wconf 89' lang='lat' dir='ltr'><strong>quam</strong></span> 
     </span>
    </p>
   </div>
   <div class='ocr_carea' id='block_1_32' title="bbox 239 1459 1030 1494">
    <p class='ocr_par' dir='ltr' id='par_1_32' title="bbox 239 1459 1030 1494">
     <span class='ocr_line' id='line_1_32' title="bbox 239 1459 1030 1494; baseline 0 -8"><span class='ocrx_word' id='word_1_192' title='bbox 239 1464 418 1493; x_wconf 75' lang='lat' dir='ltr'><strong>conceperat,</strong></span> <span class='ocrx_word' id='word_1_193' title='bbox 443 1459 593 1493; x_wconf 73' lang='lat' dir='ltr'><strong>peperisset</strong></span> <span class='ocrx_word' id='word_1_194' title='bbox 621 1459 810 1494; x_wconf 85' lang='lat' dir='ltr'><strong>iniquitatem,</strong></span> <span class='ocrx_word' id='word_1_195' title='bbox 827 1464 960 1494; x_wconf 85' lang='lat' dir='ltr'><strong>occupato</strong></span> <span class='ocrx_word' id='word_1_196' title='bbox 980 1467 1030 1494; x_wconf 90' lang='lat' dir='ltr'><strong>per</strong></span> 
     </span>
    </p>
   </div>
   <div class='ocr_carea' id='block_1_33' title="bbox 235 1505 1029 1540">
    <p class='ocr_par' dir='ltr' id='par_1_33' title="bbox 235 1505 1029 1540">
     <span class='ocr_line' id='line_1_33' title="bbox 235 1505 1029 1540; baseline 0 -8"><span class='ocrx_word' id='word_1_197' title='bbox 235 1506 288 1532; x_wconf 85' lang='lat' dir='ltr'><strong>vim</strong></span> <span class='ocrx_word' id='word_1_198' title='bbox 306 1513 339 1532; x_wconf 83' lang='lat' dir='ltr'><strong>ac</strong></span> <span class='ocrx_word' id='word_1_199' title='bbox 355 1505 547 1540; x_wconf 86' lang='lat' dir='ltr'><strong>tyrrannidem</strong></span> <span class='ocrx_word' id='word_1_200' title='bbox 571 1505 696 1539; x_wconf 89' lang='lat' dir='ltr'><strong>imperio,</strong></span> <span class='ocrx_word' id='word_1_201' title='bbox 721 1505 824 1531; x_wconf 93' lang='lat' dir='ltr'><strong>nullam</strong></span> <span class='ocrx_word' id='word_1_202' title='bbox 844 1505 936 1532; x_wconf 85' lang='lat' dir='ltr'><strong>omnia</strong></span> <span class='ocrx_word' id='word_1_203' title='bbox 966 1512 1029 1540; x_wconf 89' lang='lat' dir='ltr'><strong>spe-</strong></span> 
     </span>
    </p>
   </div>
   <div class='ocr_carea' id='block_1_34' title="bbox 234 1551 1033 1586">
    <p class='ocr_par' dir='ltr' id='par_1_34' title="bbox 234 1551 1033 1586">
     <span class='ocr_line' id='line_1_34' title="bbox 234 1551 1033 1586; baseline -0.001 -7"><span class='ocrx_word' id='word_1_204' title='bbox 234 1551 334 1580; x_wconf 84' lang='lat' dir='ltr'><strong>ctantis</strong></span> <span class='ocrx_word' id='word_1_205' title='bbox 346 1552 419 1578; x_wconf 88' lang='lat' dir='ltr'><strong>oculi</strong></span> <span class='ocrx_word' id='word_1_206' title='bbox 434 1552 568 1579; x_wconf 86' lang='lat' dir='ltr'><strong>rationem</strong></span> <span class='ocrx_word' id='word_1_207' title='bbox 582 1551 690 1584; x_wconf 85' lang='lat' dir='ltr'><strong>habuit,</strong></span> <span class='ocrx_word' id='word_1_208' title='bbox 701 1558 789 1586; x_wconf 81' lang='lat' dir='ltr'><strong>neque</strong></span> <span class='ocrx_word' id='word_1_209' title='bbox 800 1551 940 1578; x_wconf 85' lang='lat' dir='ltr'><strong>beatorum</strong></span> <span class='ocrx_word' id='word_1_210' title='bbox 951 1559 1033 1578; x_wconf 82' lang='lat' dir='ltr'><strong>exsu-</strong></span> 
     </span>
    </p>
   </div>
   <div class='ocr_carea' id='block_1_35' title="bbox 237 1596 1032 1630">
    <p class='ocr_par' dir='ltr' id='par_1_35' title="bbox 237 1596 1032 1630">
     <span class='ocr_line' id='line_1_35' title="bbox 237 1596 1032 1630; baseline 0 -6"><span class='ocrx_word' id='word_1_211' title='bbox 237 1598 296 1625; x_wconf 85' lang='lat' dir='ltr'><strong>lum</strong></span> <span class='ocrx_word' id='word_1_212' title='bbox 313 1597 448 1624; x_wconf 80' lang='lat' dir='ltr'><strong>reveritus</strong></span> <span class='ocrx_word' id='word_1_213' title='bbox 463 1601 504 1624; x_wconf 86' lang='lat' dir='ltr'><strong>est</strong></span> <span class='ocrx_word' id='word_1_214' title='bbox 523 1596 684 1624; x_wconf 79' lang='lat' dir='ltr'><strong>modestiam</strong></span> <span class='ocrx_word' id='word_1_215' title='bbox 701 1601 728 1623; x_wconf 91' lang='lat' dir='ltr'><strong>et</strong></span> <span class='ocrx_word' id='word_1_216' title='bbox 741 1596 916 1630; x_wconf 72' lang='lat' dir='ltr'><strong>azquitatem;</strong></span> <span class='ocrx_word' id='word_1_217' title='bbox 935 1597 1032 1624; x_wconf 84' lang='lat' dir='ltr'><strong>imme-</strong></span> 
     </span>
    </p>
   </div>
   <div class='ocr_carea' id='block_1_36' title="bbox 239 1640 1031 1678">
    <p class='ocr_par' dir='ltr' id='par_1_36' title="bbox 239 1640 1031 1678">
     <span class='ocr_line' id='line_1_36' title="bbox 239 1640 1031 1678; baseline -0.001 -7"><span class='ocrx_word' id='word_1_218' title='bbox 239 1651 355 1678; x_wconf 87' lang='lat' dir='ltr'><strong>morque</strong></span> <span class='ocrx_word' id='word_1_219' title='bbox 382 1647 442 1670; x_wconf 88' lang='lat' dir='ltr'><strong>erat</strong></span> <span class='ocrx_word' id='word_1_220' title='bbox 461 1643 583 1670; x_wconf 89' lang='lat' dir='ltr'><strong>omnium</strong></span> <span class='ocrx_word' id='word_1_221' title='bbox 604 1643 817 1676; x_wconf 81' lang='lat' dir='ltr'><strong>beneﬁciorum,</strong></span> <span class='ocrx_word' id='word_1_222' title='bbox 832 1643 932 1677; x_wconf 91' lang='lat' dir='ltr'><strong>quibus</strong></span> <span class='ocrx_word' id='word_1_223' title='bbox 959 1640 1031 1670; x_wconf 85' lang='lat' dir='ltr'><strong>beati</strong></span> 
     </span>
    </p>
   </div>
   <div class='ocr_carea' id='block_1_37' title="bbox 236 1688 1030 1723">
    <p class='ocr_par' dir='ltr' id='par_1_37' title="bbox 236 1688 1030 1723">
     <span class='ocr_line' id='line_1_37' title="bbox 236 1688 1030 1723; baseline 0 -7"><span class='ocrx_word' id='word_1_224' title='bbox 236 1689 276 1716; x_wconf 87' lang='lat' dir='ltr'><strong>illi</strong></span> <span class='ocrx_word' id='word_1_225' title='bbox 296 1689 439 1723; x_wconf 80' lang='lat' dir='ltr'><strong>indignum</strong></span> <span class='ocrx_word' id='word_1_226' title='bbox 462 1694 630 1716; x_wconf 76' lang='lat' dir='ltr'><strong>exornat-ant</strong></span> <span class='ocrx_word' id='word_1_227' title='bbox 644 1697 651 1715; x_wconf 91' lang='lat'>:</span> <span class='ocrx_word' id='word_1_228' title='bbox 666 1695 680 1714; x_wconf 86' lang='lat' dir='ltr'><strong>a</strong></span> <span class='ocrx_word' id='word_1_229' title='bbox 694 1696 750 1723; x_wconf 84' lang='lat' dir='ltr'><strong>quo</strong></span> <span class='ocrx_word' id='word_1_230' title='bbox 772 1688 904 1723; x_wconf 70' lang='lat' dir='ltr'><strong>improba:</strong></span> <span class='ocrx_word' id='word_1_231' title='bbox 929 1691 1030 1716; x_wconf 88' lang='lat' dir='ltr'><strong>mentis</strong></span> 
     </span>
    </p>
   </div>
   <div class='ocr_carea' id='block_1_38' title="bbox 235 1732 1031 1767">
    <p class='ocr_par' dir='ltr' id='par_1_38' title="bbox 235 1732 1031 1767">
     <span class='ocr_line' id='line_1_38' title="bbox 235 1732 1031 1767; baseline -0.001 -7"><span class='ocrx_word' id='word_1_232' title='bbox 235 1733 343 1761; x_wconf 87' lang='lat' dir='ltr'><strong>artibus</strong></span> <span class='ocrx_word' id='word_1_233' title='bbox 367 1732 448 1760; x_wconf 80' lang='lat' dir='ltr'><strong>illecti</strong></span> <span class='ocrx_word' id='word_1_234' title='bbox 469 1737 547 1759; x_wconf 88' lang='lat' dir='ltr'><strong>erant</strong></span> <span class='ocrx_word' id='word_1_235' title='bbox 564 1732 650 1764; x_wconf 88' lang='lat' dir='ltr'><strong>adeo,</strong></span> <span class='ocrx_word' id='word_1_236' title='bbox 673 1737 705 1759; x_wconf 94' lang='lat' dir='ltr'><strong>ut</strong></span> <span class='ocrx_word' id='word_1_237' title='bbox 725 1732 875 1766; x_wconf 85' lang='lat' dir='ltr'><strong>imperator</strong></span> <span class='ocrx_word' id='word_1_238' title='bbox 893 1733 1031 1767; x_wconf 78' lang='lat' dir='ltr'><strong>regiorum</strong></span> 
     </span>
    </p>
   </div>
   <div class='ocr_carea' id='block_1_39' title="bbox 239 1778 1031 1813">
    <p class='ocr_par' dir='ltr' id='par_1_39' title="bbox 239 1778 1031 1813">
     <span class='ocr_line' id='line_1_39' title="bbox 239 1778 1031 1813; baseline -0.001 -7"><span class='ocrx_word' id='word_1_239' title='bbox 239 1779 318 1807; x_wconf 88' lang='lat' dir='ltr'><strong>illum</strong></span> <span class='ocrx_word' id='word_1_240' title='bbox 331 1779 481 1806; x_wconf 88' lang='lat' dir='ltr'><strong>liberorum</strong></span> <span class='ocrx_word' id='word_1_241' title='bbox 497 1778 523 1805; x_wconf 91' lang='lat' dir='ltr'><strong>in</strong></span> <span class='ocrx_word' id='word_1_242' title='bbox 540 1785 618 1805; x_wconf 83' lang='lat' dir='ltr'><strong>sacra</strong></span> <span class='ocrx_word' id='word_1_243' title='bbox 630 1778 801 1812; x_wconf 83' lang='lat' dir='ltr'><strong>baptismatis</strong></span> <span class='ocrx_word' id='word_1_244' title='bbox 810 1778 943 1805; x_wconf 77' lang='lat' dir='ltr'><strong>tinctione</strong></span> <span class='ocrx_word' id='word_1_245' title='bbox 953 1785 1031 1813; x_wconf 89' lang='lat' dir='ltr'><strong>spon-</strong></span> 
     </span>
    </p>
   </div>
   <div class='ocr_carea' id='block_1_40' title="bbox 235 1823 1030 1860">
    <p class='ocr_par' dir='ltr' id='par_1_40' title="bbox 235 1823 1030 1860">
     <span class='ocr_line' id='line_1_40' title="bbox 235 1823 1030 1860; baseline -0.004 -7"><span class='ocrx_word' id='word_1_246' title='bbox 235 1833 325 1854; x_wconf 83' lang='lat' dir='ltr'><strong>sOrcm</strong></span> <span class='ocrx_word' id='word_1_247' title='bbox 342 1830 370 1852; x_wconf 87' lang='lat' dir='ltr'><strong>et</strong></span> <span class='ocrx_word' id='word_1_248' title='bbox 385 1826 522 1860; x_wconf 83' lang='lat' dir='ltr'><strong>patrinum</strong></span> <span class='ocrx_word' id='word_1_249' title='bbox 538 1823 704 1858; x_wconf 72' lang='lat' dir='ltr'><strong>designaret.</strong></span> <span class='ocrx_word' id='word_1_250' title='bbox 720 1823 773 1852; x_wconf 84' lang='lat' dir='ltr'><strong>Sed</strong></span> <span class='ocrx_word' id='word_1_251' title='bbox 787 1823 857 1851; x_wconf 85' lang='lat' dir='ltr'><strong>nihil</strong></span> <span class='ocrx_word' id='word_1_252' title='bbox 867 1824 963 1851; x_wconf 88' lang='lat' dir='ltr'><strong>horum</strong></span> <span class='ocrx_word' id='word_1_253' title='bbox 980 1824 1030 1851; x_wconf 89' lang='lat' dir='ltr'><strong>im-</strong></span> 
     </span>
    </p>
   </div>
   <div class='ocr_carea' id='block_1_41' title="bbox 236 1870 1028 1905">
    <p class='ocr_par' dir='ltr' id='par_1_41' title="bbox 236 1870 1028 1905">
     <span class='ocr_line' id='line_1_41' title="bbox 236 1870 1028 1905; baseline -0.004 -6"><span class='ocrx_word' id='word_1_254' title='bbox 236 1873 330 1899; x_wconf 83' lang='lat' dir='ltr'><strong>mitem</strong></span> <span class='ocrx_word' id='word_1_255' title='bbox 357 1871 431 1898; x_wconf 89' lang='lat' dir='ltr'><strong>illius</strong></span> <span class='ocrx_word' id='word_1_256' title='bbox 454 1871 630 1905; x_wconf 78' lang='lat' dir='ltr'><strong>ferocemque</strong></span> <span class='ocrx_word' id='word_1_257' title='bbox 652 1870 775 1897; x_wconf 88' lang='lat' dir='ltr'><strong>animum</strong></span> <span class='ocrx_word' id='word_1_258' title='bbox 804 1870 892 1905; x_wconf 85' lang='lat' dir='ltr'><strong>potuit</strong></span> <span class='ocrx_word' id='word_1_259' title='bbox 910 1870 1028 1897; x_wconf 82' lang='lat' dir='ltr'><strong>ﬂectere.</strong></span> 
     </span>
    </p>
   </div>
   <div class='ocr_carea' id='block_1_42' title="bbox 235 1915 1029 1947">
    <p class='ocr_par' dir='ltr' id='par_1_42' title="bbox 235 1915 1029 1947">
     <span class='ocr_line' id='line_1_42' title="bbox 235 1915 1029 1947; baseline -0.004 -2"><span class='ocrx_word' id='word_1_260' title='bbox 235 1918 340 1946; x_wconf 83' lang='lat' dir='ltr'><strong>Etenim</strong></span> <span class='ocrx_word' id='word_1_261' title='bbox 358 1918 383 1944; x_wconf 92' lang='lat' dir='ltr'><strong>in</strong></span> <span class='ocrx_word' id='word_1_262' title='bbox 399 1917 523 1945; x_wconf 76' lang='lat' dir='ltr'><strong>exsilium</strong></span> <span class='ocrx_word' id='word_1_263' title='bbox 538 1916 710 1947; x_wconf 83' lang='lat' dir='ltr'><strong>amandatos,</strong></span> <span class='ocrx_word' id='word_1_264' title='bbox 722 1916 838 1943; x_wconf 88' lang='lat' dir='ltr'><strong>alterum</strong></span> <span class='ocrx_word' id='word_1_265' title='bbox 848 1916 882 1943; x_wconf 88' lang='lat' dir='ltr'><strong>ab</strong></span> <span class='ocrx_word' id='word_1_266' title='bbox 891 1915 975 1943; x_wconf 89' lang='lat' dir='ltr'><strong>altero</strong></span> <span class='ocrx_word' id='word_1_267' title='bbox 985 1922 1029 1943; x_wconf 82' lang='lat' dir='ltr'><strong>se—</strong></span> 
     </span>
    </p>
   </div>
   <div class='ocr_carea' id='block_1_43' title="bbox 235 1962 1028 1999">
    <p class='ocr_par' dir='ltr' id='par_1_43' title="bbox 235 1962 1028 1999">
     <span class='ocr_line' id='line_1_43' title="bbox 235 1962 1028 1999; baseline -0.004 -8"><span class='ocrx_word' id='word_1_268' title='bbox 235 1964 351 1999; x_wconf 72' lang='lat' dir='ltr'><strong>paravit,</strong></span> <span class='ocrx_word' id='word_1_269' title='bbox 368 1963 540 1998; x_wconf 73' lang='lat' dir='ltr'><strong>singulisque</strong></span> <span class='ocrx_word' id='word_1_270' title='bbox 567 1970 645 1990; x_wconf 90' lang='lat' dir='ltr'><strong>suam</strong></span> <span class='ocrx_word' id='word_1_271' title='bbox 663 1962 781 1990; x_wconf 85' lang='lat' dir='ltr'><strong>insulam</strong></span> <span class='ocrx_word' id='word_1_272' title='bbox 805 1962 964 1997; x_wconf 81' lang='lat' dir='ltr'><strong>assignavit,</strong></span> <span class='ocrx_word' id='word_1_273' title='bbox 980 1962 1028 1988; x_wconf 83' lang='lat' dir='ltr'><strong>tir-</strong></span> 
     </span>
    </p>
   </div>
   <div class='ocr_carea' id='block_1_44' title="bbox 236 2008 1028 2046">
    <p class='ocr_par' dir='ltr' id='par_1_44' title="bbox 236 2008 1028 2046">
     <span class='ocr_line' id='line_1_44' title="bbox 236 2008 1028 2046; baseline -0.005 -8"><span class='ocrx_word' id='word_1_274' title='bbox 236 2019 334 2046; x_wconf 81' lang='lat' dir='ltr'><strong>tuaque</strong></span> <span class='ocrx_word' id='word_1_275' title='bbox 353 2011 478 2038; x_wconf 86' lang='lat' dir='ltr'><strong>custodia</strong></span> <span class='ocrx_word' id='word_1_276' title='bbox 498 2010 703 2045; x_wconf 86' lang='lat' dir='ltr'><strong>circnmsepsit.</strong></span> <span class='ocrx_word' id='word_1_277' title='bbox 720 2008 797 2036; x_wconf 82' lang='lat' dir='ltr'><strong>Filiis</strong></span> <span class='ocrx_word' id='word_1_278' title='bbox 813 2016 896 2043; x_wconf 87' lang='lat' dir='ltr'><strong>porro</strong></span> <span class='ocrx_word' id='word_1_279' title='bbox 912 2008 1028 2035; x_wconf 82' lang='lat' dir='ltr'><strong>virilita-</strong></span> 
     </span>
    </p>
   </div>
   <div class='ocr_carea' id='block_1_45' title="bbox 236 2053 1029 2090">
    <p class='ocr_par' dir='ltr' id='par_1_45' title="bbox 236 2053 1029 2090">
     <span class='ocr_line' id='line_1_45' title="bbox 236 2053 1029 2090; baseline -0.005 -6"><span class='ocrx_word' id='word_1_280' title='bbox 236 2061 289 2084; x_wconf 89' lang='lat' dir='ltr'><strong>tcm</strong></span> <span class='ocrx_word' id='word_1_281' title='bbox 305 2056 428 2090; x_wconf 89' lang='lat' dir='ltr'><strong>ademit,</strong></span> <span class='ocrx_word' id='word_1_282' title='bbox 459 2056 648 2083; x_wconf 88' lang='lat' dir='ltr'><strong>membrorum</strong></span> <span class='ocrx_word' id='word_1_283' title='bbox 679 2054 847 2082; x_wconf 84' lang='lat' dir='ltr'><strong>castratione</strong></span> <span class='ocrx_word' id='word_1_284' title='bbox 881 2053 1003 2088; x_wconf 88' lang='lat' dir='ltr'><strong>plectens</strong></span> <span class='ocrx_word' id='word_1_285' title='bbox 1019 2072 1029 2085; x_wconf 85' lang='lat'><strong>,</strong></span> 
     </span>
    </p>
   </div>
   <div class='ocr_carea' id='block_1_46' title="bbox 235 2100 1026 2138">
    <p class='ocr_par' dir='ltr' id='par_1_46' title="bbox 235 2100 1026 2138">
     <span class='ocr_line' id='line_1_46' title="bbox 235 2100 1026 2138; baseline -0.006 -8"><span class='ocrx_word' id='word_1_286' title='bbox 235 2103 379 2138; x_wconf 81' lang='lat' dir='ltr'><strong>plusquam</strong></span> <span class='ocrx_word' id='word_1_287' title='bbox 400 2103 569 2130; x_wconf 88' lang='lat' dir='ltr'><strong>inhumanus</strong></span> <span class='ocrx_word' id='word_1_288' title='bbox 586 2106 613 2129; x_wconf 89' lang='lat' dir='ltr'><strong>et</strong></span> <span class='ocrx_word' id='word_1_289' title='bbox 636 2101 767 2128; x_wconf 86' lang='lat' dir='ltr'><strong>crudelis.</strong></span> <span class='ocrx_word' id='word_1_290' title='bbox 786 2100 856 2127; x_wconf 79' lang='lat' dir='ltr'><strong>Hinc</strong></span> <span class='ocrx_word' id='word_1_291' title='bbox 871 2107 947 2132; x_wconf 86' lang='lat' dir='ltr'><strong>sane,</strong></span> <span class='ocrx_word' id='word_1_292' title='bbox 963 2106 1026 2126; x_wconf 90' lang='lat' dir='ltr'><strong>cum</strong></span> 
     </span>
    </p>
   </div>
   <div class='ocr_carea' id='block_1_47' title="bbox 235 2144 1027 2182">
    <p class='ocr_par' dir='ltr' id='par_1_47' title="bbox 235 2144 1027 2182">
     <span class='ocr_line' id='line_1_47' title="bbox 235 2144 1027 2182; baseline -0.006 -7"><span class='ocrx_word' id='word_1_293' title='bbox 235 2153 291 2175; x_wconf 80' lang='lat' dir='ltr'><strong>tam</strong></span> <span class='ocrx_word' id='word_1_294' title='bbox 303 2149 385 2182; x_wconf 87' lang='lat' dir='ltr'><strong>impia</strong></span> <span class='ocrx_word' id='word_1_295' title='bbox 399 2148 505 2182; x_wconf 86' lang='lat' dir='ltr'><strong>imperii</strong></span> <span class='ocrx_word' id='word_1_296' title='bbox 516 2147 625 2182; x_wconf 81' lang='lat' dir='ltr'><strong>jecissct</strong></span> <span class='ocrx_word' id='word_1_297' title='bbox 643 2146 831 2177; x_wconf 76' lang='lat' dir='ltr'><strong>fundamenta,</strong></span> <span class='ocrx_word' id='word_1_298' title='bbox 841 2145 937 2177; x_wconf 77' lang='lat' dir='ltr'><strong>vitam,</strong></span> <span class='ocrx_word' id='word_1_299' title='bbox 952 2144 1027 2171; x_wconf 87' lang='lat' dir='ltr'><strong>exitu</strong></span> 
     </span>
    </p>
   </div>
   <div class='ocr_carea' id='block_1_48' title="bbox 237 2182 1064 2228">
    <p class='ocr_par' dir='ltr' id='par_1_48' title="bbox 237 2182 1064 2228">
     <span class='ocr_line' id='line_1_48' title="bbox 237 2182 1064 2228; baseline -0.006 -8"><span class='ocrx_word' id='word_1_300' title='bbox 237 2193 377 2228; x_wconf 87' lang='lat' dir='ltr'><strong>principiis</strong></span> <span class='ocrx_word' id='word_1_301' title='bbox 389 2193 583 2227; x_wconf 84' lang='lat' dir='ltr'><strong>respondente.</strong></span> <span class='ocrx_word' id='word_1_302' title='bbox 594 2192 671 2218; x_wconf 85' lang='lat' dir='ltr'><strong>liniit.</strong></span> <span class='ocrx_word' id='word_1_303' title='bbox 683 2191 794 2225; x_wconf 86' lang='lat' dir='ltr'><strong>lmpiam</strong></span> <span class='ocrx_word' id='word_1_304' title='bbox 811 2190 883 2217; x_wconf 90' lang='lat' dir='ltr'><strong>enim</strong></span> <span class='ocrx_word' id='word_1_305' title='bbox 897 2190 1027 2217; x_wconf 80' lang='lat' dir='ltr'><strong>invisam-</strong></span> <span class='ocrx_word' id='word_1_306' title='bbox 1042 2182 1064 2209; x_wconf 79' lang='lat' dir='ltr'><strong>D</strong></span> 
     </span>
    </p>
   </div>
   <div class='ocr_carea' id='block_1_49' title="bbox 235 2236 1028 2274">
    <p class='ocr_par' dir='ltr' id='par_1_49' title="bbox 235 2236 1028 2274">
     <span class='ocr_line' id='line_1_49' title="bbox 235 2236 1028 2274; baseline -0.005 -8"><span class='ocrx_word' id='word_1_307' title='bbox 235 2247 288 2274; x_wconf 86' lang='lat' dir='ltr'><strong>que</strong></span> <span class='ocrx_word' id='word_1_308' title='bbox 312 2238 368 2266; x_wconf 90' lang='lat' dir='ltr'><strong>Deo</strong></span> <span class='ocrx_word' id='word_1_309' title='bbox 397 2238 641 2265; x_wconf 87' lang='lat' dir='ltr'><strong>lconomacltorum</strong></span> <span class='ocrx_word' id='word_1_310' title='bbox 667 2241 789 2269; x_wconf 83' lang='lat' dir='ltr'><strong>sectam,</strong></span> <span class='ocrx_word' id='word_1_311' title='bbox 807 2236 841 2262; x_wconf 90' lang='lat' dir='ltr'><strong>ab</strong></span> <span class='ocrx_word' id='word_1_312' title='bbox 867 2236 952 2270; x_wconf 89' lang='lat' dir='ltr'><strong>impio</strong></span> <span class='ocrx_word' id='word_1_313' title='bbox 980 2236 1028 2263; x_wconf 86' lang='lat' dir='ltr'><strong>illo</strong></span> 
     </span>
    </p>
   </div>
   <div class='ocr_carea' id='block_1_50' title="bbox 235 2281 1029 2317">
    <p class='ocr_par' dir='ltr' id='par_1_50' title="bbox 235 2281 1029 2317">
     <span class='ocr_line' id='line_1_50' title="bbox 235 2281 1029 2317; baseline -0.004 -6"><span class='ocrx_word' id='word_1_314' title='bbox 235 2284 326 2312; x_wconf 86' lang='lat' dir='ltr'><strong>Leone</strong></span> <span class='ocrx_word' id='word_1_315' title='bbox 336 2283 475 2317; x_wconf 81' lang='lat' dir='ltr'><strong>quondam</strong></span> <span class='ocrx_word' id='word_1_316' title='bbox 488 2283 658 2316; x_wconf 85' lang='lat' dir='ltr'><strong>meditatam,</strong></span> <span class='ocrx_word' id='word_1_317' title='bbox 670 2287 720 2310; x_wconf 86' lang='lat' dir='ltr'><strong>eta</strong></span> <span class='ocrx_word' id='word_1_318' title='bbox 732 2283 914 2310; x_wconf 78' lang='lat' dir='ltr'><strong>Constantino</strong></span> <span class='ocrx_word' id='word_1_319' title='bbox 929 2281 1029 2309; x_wconf 85' lang='lat' dir='ltr'><strong>Leonis</strong></span> 
     </span>
    </p>
   </div>
   <div class='ocr_carea' id='block_1_51' title="bbox 237 2328 1027 2364">
    <p class='ocr_par' dir='ltr' id='par_1_51' title="bbox 237 2328 1027 2364">
     <span class='ocr_line' id='line_1_51' title="bbox 237 2328 1027 2364; baseline -0.003 -7"><span class='ocrx_word' id='word_1_320' title='bbox 237 2330 302 2363; x_wconf 80' lang='lat' dir='ltr'><strong>(ilio,</strong></span> <span class='ocrx_word' id='word_1_321' title='bbox 312 2334 389 2364; x_wconf 83' lang='lat' dir='ltr'><strong>patre</strong></span> <span class='ocrx_word' id='word_1_322' title='bbox 399 2330 481 2357; x_wconf 84' lang='lat' dir='ltr'><strong>etiam</strong></span> <span class='ocrx_word' id='word_1_323' title='bbox 493 2329 639 2362; x_wconf 83' lang='lat' dir='ltr'><strong>deteriore,</strong></span> <span class='ocrx_word' id='word_1_324' title='bbox 649 2329 867 2360; x_wconf 82' lang='lat' dir='ltr'><strong>eorroboratam,</strong></span> <span class='ocrx_word' id='word_1_325' title='bbox 879 2328 925 2356; x_wconf 87' lang='lat' dir='ltr'><strong>sed</strong></span> <span class='ocrx_word' id='word_1_326' title='bbox 935 2328 1027 2355; x_wconf 92' lang='lat' dir='ltr'><strong>divina</strong></span> 
     </span>
    </p>
   </div>
   <div class='ocr_carea' id='block_1_52' title="bbox 235 2373 1028 2411">
    <p class='ocr_par' dir='ltr' id='par_1_52' title="bbox 235 2373 1028 2411">
     <span class='ocr_line' id='line_1_52' title="bbox 235 2373 1028 2411; baseline -0.001 -8"><span class='ocrx_word' id='word_1_327' title='bbox 235 2373 408 2403; x_wconf 78' lang='lat' dir='ltr'><strong>Providentia</strong></span> <span class='ocrx_word' id='word_1_328' title='bbox 438 2383 486 2410; x_wconf 87' lang='lat' dir='ltr'><strong>per</strong></span> <span class='ocrx_word' id='word_1_329' title='bbox 502 2380 625 2403; x_wconf 87' lang='lat' dir='ltr'><strong>sanctam</strong></span> <span class='ocrx_word' id='word_1_330' title='bbox 653 2376 797 2410; x_wconf 86' lang='lat' dir='ltr'><strong>septimam</strong></span> <span class='ocrx_word' id='word_1_331' title='bbox 828 2375 962 2411; x_wconf 77' lang='lat' dir='ltr'><strong>synodum</strong></span> <span class='ocrx_word' id='word_1_332' title='bbox 984 2375 1028 2410; x_wconf 88' lang='lat' dir='ltr'><strong>pie</strong></span> 
     </span>
    </p>
   </div>
   <div class='ocr_carea' id='block_1_53' title="bbox 236 2422 1027 2457">
    <p class='ocr_par' dir='ltr' id='par_1_53' title="bbox 236 2422 1027 2457">
     <span class='ocr_line' id='line_1_53' title="bbox 236 2422 1027 2457; baseline 0.001 -9"><span class='ocrx_word' id='word_1_333' title='bbox 236 2426 364 2456; x_wconf 80' lang='lat' dir='ltr'><strong>recteque</strong></span> <span class='ocrx_word' id='word_1_334' title='bbox 378 2423 494 2457; x_wconf 68' lang='lat' dir='ltr'><strong>sopitum</strong></span> <span class='ocrx_word' id='word_1_335' title='bbox 511 2430 543 2450; x_wconf 85' lang='lat' dir='ltr'><strong>ac</strong></span> <span class='ocrx_word' id='word_1_336' title='bbox 561 2422 706 2454; x_wconf 81' lang='lat' dir='ltr'><strong>sublatam,</strong></span> <span class='ocrx_word' id='word_1_337' title='bbox 728 2422 834 2449; x_wconf 78' lang='lat' dir='ltr'><strong>invisus</strong></span> <span class='ocrx_word' id='word_1_338' title='bbox 859 2422 954 2456; x_wconf 89' lang='lat' dir='ltr'><strong>draco,</strong></span> <span class='ocrx_word' id='word_1_339' title='bbox 970 2422 1027 2449; x_wconf 79' lang='lat' dir='ltr'><strong>dis-</strong></span> 
     </span>
    </p>
   </div>
   <div class='ocr_carea' id='block_1_54' title="bbox 236 2469 1029 2504">
    <p class='ocr_par' dir='ltr' id='par_1_54' title="bbox 236 2469 1029 2504">
     <span class='ocr_line' id='line_1_54' title="bbox 236 2469 1029 2504; baseline -0.001 -8"><span class='ocrx_word' id='word_1_340' title='bbox 236 2475 379 2504; x_wconf 86' lang='lat' dir='ltr'><strong>tortusque</strong></span> <span class='ocrx_word' id='word_1_341' title='bbox 392 2470 515 2497; x_wconf 70' lang='lat' dir='ltr'><strong>veritatis</strong></span> <span class='ocrx_word' id='word_1_342' title='bbox 530 2469 663 2504; x_wconf 77' lang='lat' dir='ltr'><strong>interpres</strong></span> <span class='ocrx_word' id='word_1_343' title='bbox 677 2474 792 2497; x_wconf 85' lang='lat' dir='ltr'><strong>conatus</strong></span> <span class='ocrx_word' id='word_1_344' title='bbox 810 2476 948 2502; x_wconf 89' lang='lat' dir='ltr'><strong>revocare,</strong></span> <span class='ocrx_word' id='word_1_345' title='bbox 964 2476 1029 2496; x_wconf 85' lang='lat' dir='ltr'><strong>con.</strong></span> 
     </span>
    </p>
   </div>
   <div class='ocr_carea' id='block_1_55' title="bbox 235 2516 1025 2552">
    <p class='ocr_par' dir='ltr' id='par_1_55' title="bbox 235 2516 1025 2552">
     <span class='ocr_line' id='line_1_55' title="bbox 235 2516 1025 2552; baseline -0.003 -8"><span class='ocrx_word' id='word_1_346' title='bbox 235 2521 274 2544; x_wconf 89' lang='lat' dir='ltr'><strong>tra</strong></span> <span class='ocrx_word' id='word_1_347' title='bbox 286 2516 445 2544; x_wconf 67' lang='lat' dir='ltr'><strong>orthodoxa:</strong></span> <span class='ocrx_word' id='word_1_348' title='bbox 454 2517 562 2552; x_wconf 83' lang='lat' dir='ltr'><strong>pietatis</strong></span> <span class='ocrx_word' id='word_1_349' title='bbox 572 2516 817 2551; x_wconf 79' lang='lat' dir='ltr'><strong>propugnaculum,</strong></span> <span class='ocrx_word' id='word_1_350' title='bbox 830 2516 1025 2551; x_wconf 83' lang='lat' dir='ltr'><strong>Nicephorum.</strong></span> 
     </span>
    </p>
   </div>
   <div class='ocr_carea' id='block_1_56' title="bbox 234 2563 1024 2599">
    <p class='ocr_par' dir='ltr' id='par_1_56' title="bbox 234 2563 1024 2599">
     <span class='ocr_line' id='line_1_56' title="bbox 234 2563 1024 2599; baseline -0.004 -7"><span class='ocrx_word' id='word_1_351' title='bbox 234 2564 358 2598; x_wconf 87' lang='lat' dir='ltr'><strong>inquam,</strong></span> <span class='ocrx_word' id='word_1_352' title='bbox 375 2563 516 2599; x_wconf 81' lang='lat' dir='ltr'><strong>religionis</strong></span> <span class='ocrx_word' id='word_1_353' title='bbox 536 2567 601 2591; x_wconf 92' lang='lat' dir='ltr'><strong>tunc</strong></span> <span class='ocrx_word' id='word_1_354' title='bbox 619 2564 780 2596; x_wconf 88' lang='lat' dir='ltr'><strong>antistitem,</strong></span> <span class='ocrx_word' id='word_1_355' title='bbox 794 2571 826 2590; x_wconf 87' lang='lat' dir='ltr'><strong>ac</strong></span> <span class='ocrx_word' id='word_1_356' title='bbox 841 2563 918 2590; x_wconf 86' lang='lat' dir='ltr'><strong>urbis</strong></span> <span class='ocrx_word' id='word_1_357' title='bbox 938 2563 1024 2597; x_wconf 90' lang='lat' dir='ltr'><strong>impe-</strong></span> 
     </span>
    </p>
   </div>
   <div class='ocr_carea' id='block_1_57' title="bbox 235 2609 1026 2646">
    <p class='ocr_par' dir='ltr' id='par_1_57' title="bbox 235 2609 1026 2646">
     <span class='ocr_line' id='line_1_57' title="bbox 235 2609 1026 2646; baseline -0.003 -8"><span class='ocrx_word' id='word_1_358' title='bbox 235 2610 321 2638; x_wconf 90' lang='lat' dir='ltr'><strong>rantis</strong></span> <span class='ocrx_word' id='word_1_359' title='bbox 342 2610 541 2646; x_wconf 85' lang='lat' dir='ltr'><strong>patriareham,</strong></span> <span class='ocrx_word' id='word_1_360' title='bbox 558 2614 666 2638; x_wconf 82' lang='lat' dir='ltr'><strong>erectus</strong></span> <span class='ocrx_word' id='word_1_361' title='bbox 679 2631 686 2643; x_wconf 90' lang='lat'><strong>,</strong></span> <span class='ocrx_word' id='word_1_362' title='bbox 703 2610 778 2637; x_wconf 91' lang='lat' dir='ltr'><strong>illum</strong></span> <span class='ocrx_word' id='word_1_363' title='bbox 798 2609 881 2637; x_wconf 88' lang='lat' dir='ltr'><strong>minis</strong></span> <span class='ocrx_word' id='word_1_364' title='bbox 894 2609 973 2643; x_wconf 79' lang='lat' dir='ltr'><strong>juxta</strong></span> <span class='ocrx_word' id='word_1_365' title='bbox 995 2616 1026 2637; x_wconf 84' lang='lat' dir='ltr'><strong>ac</strong></span> 
     </span>
    </p>
   </div>
   <div class='ocr_carea' id='block_1_58' title="bbox 234 2656 1026 2693">
    <p class='ocr_par' dir='ltr' id='par_1_58' title="bbox 234 2656 1026 2693">
     <span class='ocr_line' id='line_1_58' title="bbox 234 2656 1026 2693; baseline -0.004 -8"><span class='ocrx_word' id='word_1_366' title='bbox 234 2659 374 2686; x_wconf 85' lang='lat' dir='ltr'><strong>blanditiis</strong></span> <span class='ocrx_word' id='word_1_367' title='bbox 387 2663 536 2693; x_wconf 80' lang='lat' dir='ltr'><strong>oppugnat.</strong></span> <span class='ocrx_word' id='word_1_368' title='bbox 549 2656 600 2685; x_wconf 90' lang='lat' dir='ltr'><strong>Sed</strong></span> <span class='ocrx_word' id='word_1_369' title='bbox 613 2665 676 2685; x_wconf 88' lang='lat' dir='ltr'><strong>cum</strong></span> <span class='ocrx_word' id='word_1_370' title='bbox 687 2657 772 2684; x_wconf 89' lang='lat' dir='ltr'><strong>multo</strong></span> <span class='ocrx_word' id='word_1_371' title='bbox 783 2656 931 2683; x_wconf 82' lang='lat' dir='ltr'><strong>ﬁrmiorem</strong></span> <span class='ocrx_word' id='word_1_372' title='bbox 944 2663 1026 2691; x_wconf 67' lang='lat' dir='ltr'><strong>quam</strong></span> 
     </span>
    </p>
   </div>
   <div class='ocr_carea' id='block_1_59' title="bbox 233 2703 1026 2740">
    <p class='ocr_par' dir='ltr' id='par_1_59' title="bbox 233 2703 1026 2740">
     <span class='ocr_line' id='line_1_59' title="bbox 233 2703 1026 2740; baseline -0.004 -8"><span class='ocrx_word' id='word_1_373' title='bbox 233 2709 367 2740; x_wconf 71' lang='lat' dir='ltr'><strong>sperarat,</strong></span> <span class='ocrx_word' id='word_1_374' title='bbox 383 2705 563 2740; x_wconf 80' lang='lat' dir='ltr'><strong>experiretur,</strong></span> <span class='ocrx_word' id='word_1_375' title='bbox 578 2703 603 2730; x_wconf 86' lang='lat' dir='ltr'><strong>vi</strong></span> <span class='ocrx_word' id='word_1_376' title='bbox 622 2704 762 2739; x_wconf 88' lang='lat' dir='ltr'><strong>tyrannica</strong></span> <span class='ocrx_word' id='word_1_377' title='bbox 776 2703 809 2730; x_wconf 86' lang='lat' dir='ltr'><strong>de</strong></span> <span class='ocrx_word' id='word_1_378' title='bbox 825 2703 925 2730; x_wconf 88' lang='lat' dir='ltr'><strong>throno</strong></span> <span class='ocrx_word' id='word_1_379' title='bbox 935 2703 1026 2730; x_wconf 88' lang='lat' dir='ltr'><strong>detur-</strong></span> 
     </span>
    </p>
   </div>
   <div class='ocr_carea' id='block_1_60' title="bbox 233 2749 1025 2785">
    <p class='ocr_par' dir='ltr' id='par_1_60' title="bbox 233 2749 1025 2785">
     <span class='ocr_line' id='line_1_60' title="bbox 233 2749 1025 2785; baseline -0.004 -6"><span class='ocrx_word' id='word_1_380' title='bbox 233 2753 339 2784; x_wconf 81' lang='lat' dir='ltr'><strong>batum,</strong></span> <span class='ocrx_word' id='word_1_381' title='bbox 359 2754 391 2779; x_wconf 84' lang='lat' dir='ltr'><strong>ad</strong></span> <span class='ocrx_word' id='word_1_382' title='bbox 410 2751 591 2779; x_wconf 80' lang='lat' dir='ltr'><strong>dexteriorem</strong></span> <span class='ocrx_word' id='word_1_383' title='bbox 613 2750 700 2782; x_wconf 89' lang='lat' dir='ltr'><strong>Steni,</strong></span> <span class='ocrx_word' id='word_1_384' title='bbox 719 2749 746 2777; x_wconf 90' lang='lat' dir='ltr'><strong>id</strong></span> <span class='ocrx_word' id='word_1_385' title='bbox 766 2754 808 2777; x_wconf 84' lang='lat' dir='ltr'><strong>est</strong></span> <span class='ocrx_word' id='word_1_386' title='bbox 826 2750 934 2785; x_wconf 75' lang='lat' dir='ltr'><strong>angusti</strong></span> <span class='ocrx_word' id='word_1_387' title='bbox 964 2749 1025 2776; x_wconf 78' lang='lat' dir='ltr'><strong>freti</strong></span> 
     </span>
    </p>
   </div>
   <div class='ocr_carea' id='block_1_61' title="bbox 234 2796 1026 2832">
    <p class='ocr_par' dir='ltr' id='par_1_61' title="bbox 234 2796 1026 2832">
     <span class='ocr_line' id='line_1_61' title="bbox 234 2796 1026 2832; baseline -0.001 -8"><span class='ocrx_word' id='word_1_388' title='bbox 234 2799 390 2831; x_wconf 75' lang='lat' dir='ltr'><strong>regionem.</strong></span> <span class='ocrx_word' id='word_1_389' title='bbox 408 2798 434 2825; x_wconf 87' lang='lat' dir='ltr'><strong>in</strong></span> <span class='ocrx_word' id='word_1_390' title='bbox 463 2798 660 2825; x_wconf 84' lang='lat' dir='ltr'><strong>monasterium</strong></span> <span class='ocrx_word' id='word_1_391' title='bbox 686 2796 822 2832; x_wconf 74' lang='lat' dir='ltr'><strong>quoddam</strong></span> <span class='ocrx_word' id='word_1_392' title='bbox 852 2796 1026 2831; x_wconf 86' lang='lat' dir='ltr'><strong>importunus</strong></span> 
     </span>
    </p>
   </div>
   <div class='ocr_carea' id='block_1_62' title="bbox 232 2842 1024 2879">
    <p class='ocr_par' dir='ltr' id='par_1_62' title="bbox 232 2842 1024 2879">
     <span class='ocr_line' id='line_1_62' title="bbox 232 2842 1024 2879; baseline -0.003 -8"><span class='ocrx_word' id='word_1_393' title='bbox 232 2843 311 2878; x_wconf 75' lang='lat' dir='ltr'><strong>ejecit</strong></span> <span class='ocrx_word' id='word_1_394' title='bbox 337 2846 416 2879; x_wconf 76' lang='lat' dir='ltr'><strong>(runt</strong></span> <span class='ocrx_word' id='word_1_395' title='bbox 447 2844 596 2872; x_wconf 78' lang='lat' dir='ltr'><strong>Eccicsiam</strong></span> <span class='ocrx_word' id='word_1_396' title='bbox 625 2843 774 2879; x_wconf 76' lang='lat' dir='ltr'><strong>apostolico</strong></span> <span class='ocrx_word' id='word_1_397' title='bbox 789 2849 838 2877; x_wconf 79' lang='lat' dir='ltr'><strong>per</strong></span> <span class='ocrx_word' id='word_1_398' title='bbox 856 2842 1024 2870; x_wconf 87' lang='lat' dir='ltr'><strong>novenuium</strong></span> 
     </span>
    </p>
   </div>
   <div class='ocr_carea' id='block_1_63' title="bbox 1085 221 1876 264">
    <p class='ocr_par' dir='ltr' id='par_1_63' title="bbox 1085 221 1876 264">
     <span class='ocr_line' id='line_1_63' title="bbox 1085 221 1876 264; baseline 0.01 -17"><span class='ocrx_word' id='word_1_399' title='bbox 1085 229 1114 246; x_wconf 85' lang='grc' dir='ltr'><strong>τε</strong></span> <span class='ocrx_word' id='word_1_400' title='bbox 1129 222 1176 248; x_wconf 75' lang='grc' dir='ltr'><strong>καὶ</strong></span> <span class='ocrx_word' id='word_1_401' title='bbox 1197 221 1236 257; x_wconf 91' lang='grc' dir='ltr'>τῷ</span> <span class='ocrx_word' id='word_1_402' title='bbox 1261 222 1343 258; x_wconf 86' lang='grc' dir='ltr'>κοινῷ</span> <span class='ocrx_word' id='word_1_403' title='bbox 1359 222 1408 258; x_wconf 84' lang='grc' dir='ltr'>τὴν</span> <span class='ocrx_word' id='word_1_404' title='bbox 1426 223 1549 250; x_wconf 80' lang='grc' dir='ltr'>ἑκούσιον</span> <span class='ocrx_word' id='word_1_405' title='bbox 1570 225 1745 261; x_wconf 83' lang='grc' dir='ltr'><strong>ὑποχώρησιν</strong></span> <span class='ocrx_word' id='word_1_406' title='bbox 1764 227 1814 254; x_wconf 77' lang='grc' dir='ltr'>καὶ</span> <span class='ocrx_word' id='word_1_407' title='bbox 1826 228 1876 264; x_wconf 75' lang='grc' dir='ltr'>τὴν</span> 
     </span>
    </p>
   </div>
   <div class='ocr_carea' id='block_1_64' title="bbox 1085 267 1874 308">
    <p class='ocr_par' dir='ltr' id='par_1_64' title="bbox 1085 267 1874 308">
     <span class='ocr_line' id='line_1_64' title="bbox 1085 267 1874 308; baseline 0.011 -16"><span class='ocrx_word' id='word_1_408' title='bbox 1085 267 1207 302; x_wconf 79' lang='grc' dir='ltr'><strong>εἰρήνην,</strong></span> <span class='ocrx_word' id='word_1_409' title='bbox 1226 268 1264 298; x_wconf 84' lang='grc' dir='ltr'>ὡς</span> <span class='ocrx_word' id='word_1_410' title='bbox 1278 269 1334 299; x_wconf 81' lang='grc' dir='ltr'>υἱὸς</span> <span class='ocrx_word' id='word_1_411' title='bbox 1349 269 1399 303; x_wconf 86' lang='grc' dir='ltr'>τῆς</span> <span class='ocrx_word' id='word_1_412' title='bbox 1413 269 1529 303; x_wconf 79' lang='grc' dir='ltr'><strong>ἀληθοῦς</strong></span> <span class='ocrx_word' id='word_1_413' title='bbox 1547 271 1669 305; x_wconf 71' lang='grc' dir='ltr'>εἰρήνης,</span> <span class='ocrx_word' id='word_1_414' title='bbox 1689 273 1874 308; x_wconf 74' lang='grc' dir='ltr'>ἡγησάμενος.</span> 
     </span>
    </p>
   </div>
   <div class='ocr_carea' id='block_1_65' title="bbox 1091 312 1877 354">
    <p class='ocr_par' dir='ltr' id='par_1_65' title="bbox 1091 312 1877 354">
     <span class='ocr_line' id='line_1_65' title="bbox 1091 312 1877 354; baseline 0.01 -16"><span class='ocrx_word' id='word_1_415' title='bbox 1091 312 1216 348; x_wconf 82' lang='grc' dir='ltr'>’Δπαίρει</span> <span class='ocrx_word' id='word_1_416' title='bbox 1233 313 1282 348; x_wconf 77' lang='grc' dir='ltr'>μὲν</span> <span class='ocrx_word' id='word_1_417' title='bbox 1297 313 1347 349; x_wconf 86' lang='grc' dir='ltr'>τῆς</span> <span class='ocrx_word' id='word_1_418' title='bbox 1363 314 1468 346; x_wconf 79' lang='grc' dir='ltr'>πόλεως</span> <span class='ocrx_word' id='word_1_419' title='bbox 1489 316 1599 342; x_wconf 88' lang='grc' dir='ltr'>πανοικί</span> <span class='ocrx_word' id='word_1_420' title='bbox 1611 325 1618 332; x_wconf 91' lang='grc'><strong>·</strong></span> <span class='ocrx_word' id='word_1_421' title='bbox 1634 317 1702 351; x_wconf 85' lang='grc' dir='ltr'>πρὸς</span> <span class='ocrx_word' id='word_1_422' title='bbox 1723 318 1773 349; x_wconf 81' lang='grc' dir='ltr'><strong>τὰς</strong></span> <span class='ocrx_word' id='word_1_423' title='bbox 1791 319 1877 354; x_wconf 84' lang='grc' dir='ltr'>Πριγ-</span> 
     </span>
    </p>
   </div>
   <div class='ocr_carea' id='block_1_66' title="bbox 1084 360 1876 402">
    <p class='ocr_par' dir='ltr' id='par_1_66' title="bbox 1084 360 1876 402">
     <span class='ocr_line' id='line_1_66' title="bbox 1084 360 1876 402; baseline 0.008 -16"><span class='ocrx_word' id='word_1_424' title='bbox 1084 360 1206 392; x_wconf 85' lang='grc' dir='ltr'>κιπείους</span> <span class='ocrx_word' id='word_1_425' title='bbox 1218 361 1245 387; x_wconf 79' lang='grc' dir='ltr'>δὲ</span> <span class='ocrx_word' id='word_1_426' title='bbox 1260 362 1358 397; x_wconf 80' lang='grc' dir='ltr'><strong>νήσους</strong></span> <span class='ocrx_word' id='word_1_427' title='bbox 1373 363 1620 398; x_wconf 80' lang='grc' dir='ltr'>μετακεχωρηκὼς,</span> <span class='ocrx_word' id='word_1_428' title='bbox 1642 365 1689 390; x_wconf 77' lang='grc' dir='ltr'><strong>καὶ</strong></span> <span class='ocrx_word' id='word_1_429' title='bbox 1705 365 1750 391; x_wconf 78' lang='grc' dir='ltr'><strong>τὸν</strong></span> <span class='ocrx_word' id='word_1_430' title='bbox 1770 367 1876 402; x_wconf 82' lang='grc' dir='ltr'><strong>μονήρη</strong></span> 
     </span>
    </p>
   </div>
   <div class='ocr_carea' id='block_1_67' title="bbox 1085 405 1875 446">
    <p class='ocr_par' dir='ltr' id='par_1_67' title="bbox 1085 405 1875 446">
     <span class='ocr_line' id='line_1_67' title="bbox 1085 405 1875 446; baseline 0.009 -15"><span class='ocrx_word' id='word_1_431' title='bbox 1085 405 1142 440; x_wconf 79' lang='grc' dir='ltr'>βίον</span> <span class='ocrx_word' id='word_1_432' title='bbox 1159 406 1217 441; x_wconf 84' lang='grc' dir='ltr'>ἆμα</span> <span class='ocrx_word' id='word_1_433' title='bbox 1228 407 1336 441; x_wconf 70' lang='grc' dir='ltr'>γυναικὶ</span> <span class='ocrx_word' id='word_1_434' title='bbox 1346 408 1393 434; x_wconf 82' lang='grc' dir='ltr'>καὶ</span> <span class='ocrx_word' id='word_1_435' title='bbox 1405 409 1523 439; x_wconf 80' lang='grc' dir='ltr'>τέκνοις,</span> <span class='ocrx_word' id='word_1_436' title='bbox 1543 408 1575 434; x_wconf 84' lang='grc' dir='ltr'>οὐ</span> <span class='ocrx_word' id='word_1_437' title='bbox 1589 409 1628 444; x_wconf 82' lang='grc' dir='ltr'>τῷ</span> <span class='ocrx_word' id='word_1_438' title='bbox 1646 411 1768 445; x_wconf 84' lang='grc' dir='ltr'>σχήματι</span> <span class='ocrx_word' id='word_1_439' title='bbox 1781 411 1875 446; x_wconf 83' lang='grc' dir='ltr'>μόνον,</span> 
     </span>
    </p>
   </div>
   <div class='ocr_carea' id='block_1_68' title="bbox 1085 451 1874 491">
    <p class='ocr_par' dir='ltr' id='par_1_68' title="bbox 1085 451 1874 491">
     <span class='ocr_line' id='line_1_68' title="bbox 1085 451 1874 491; baseline 0.006 -13"><span class='ocrx_word' id='word_1_440' title='bbox 1085 451 1155 478; x_wconf 80' lang='grc' dir='ltr'>ἀλλὰ</span> <span class='ocrx_word' id='word_1_441' title='bbox 1165 453 1212 478; x_wconf 79' lang='grc' dir='ltr'>καὶ</span> <span class='ocrx_word' id='word_1_442' title='bbox 1229 452 1268 487; x_wconf 83' lang='grc' dir='ltr'>τῷ</span> <span class='ocrx_word' id='word_1_443' title='bbox 1281 453 1426 487; x_wconf 78' lang='grc' dir='ltr'><strong>πράγματι</strong></span> <span class='ocrx_word' id='word_1_444' title='bbox 1443 454 1681 489; x_wconf 76' lang='grc' dir='ltr'>καταδεξάμενος,</span> <span class='ocrx_word' id='word_1_445' title='bbox 1703 455 1742 491; x_wconf 82' lang='grc' dir='ltr'>τῷ</span> <span class='ocrx_word' id='word_1_446' title='bbox 1761 456 1874 491; x_wconf 79' lang='grc' dir='ltr'>παμὸα-</span> 
     </span>
    </p>
   </div>
   <div class='ocr_carea' id='block_1_69' title="bbox 1084 498 1779 535">
    <p class='ocr_par' dir='ltr' id='par_1_69' title="bbox 1084 498 1779 535">
     <span class='ocr_line' id='line_1_69' title="bbox 1084 498 1779 535; baseline 0.006 -11"><span class='ocrx_word' id='word_1_447' title='bbox 1084 498 1154 524; x_wconf 84' lang='grc' dir='ltr'>σιλεῖ</span> <span class='ocrx_word' id='word_1_448' title='bbox 1169 498 1227 533; x_wconf 83' lang='grc' dir='ltr'><strong>Θεῷ</strong></span> <span class='ocrx_word' id='word_1_449' title='bbox 1239 499 1288 534; x_wconf 83' lang='grc' dir='ltr'>τὴν</span> <span class='ocrx_word' id='word_1_450' title='bbox 1303 499 1384 525; x_wconf 82' lang='grc' dir='ltr'>αὑτοῦ</span> <span class='ocrx_word' id='word_1_451' title='bbox 1400 499 1489 535; x_wconf 78' lang='grc' dir='ltr'>κρίσιν</span> <span class='ocrx_word' id='word_1_452' title='bbox 1503 500 1550 526; x_wconf 72' lang='grc' dir='ltr'>καὶ</span> <span class='ocrx_word' id='word_1_453' title='bbox 1563 500 1640 535; x_wconf 87' lang='grc' dir='ltr'>δίκην</span> <span class='ocrx_word' id='word_1_454' title='bbox 1656 501 1779 529; x_wconf 85' lang='grc' dir='ltr'>ἀνέθετο.</span> 
     </span>
    </p>
   </div>
   <div class='ocr_carea' id='block_1_70' title="bbox 1117 544 1875 583">
    <p class='ocr_par' dir='ltr' id='par_1_70' title="bbox 1117 544 1875 583">
     <span class='ocr_line' id='line_1_70' title="bbox 1117 544 1875 583; baseline 0.007 -13"><span class='ocrx_word' id='word_1_455' title='bbox 1117 544 1211 579; x_wconf 86' lang='grc' dir='ltr'>Τούτῳ</span> <span class='ocrx_word' id='word_1_456' title='bbox 1224 545 1255 580; x_wconf 83' lang='grc' dir='ltr'>δὴ</span> <span class='ocrx_word' id='word_1_457' title='bbox 1268 545 1307 580; x_wconf 84' lang='grc' dir='ltr'>τῷ</span> <span class='ocrx_word' id='word_1_458' title='bbox 1321 547 1449 581; x_wconf 75' lang='grc' dir='ltr'><strong>μακαρίῳ</strong></span> <span class='ocrx_word' id='word_1_459' title='bbox 1460 545 1581 580; x_wconf 59' lang='grc' dir='ltr'>Μιχαὴλ,</span> <span class='ocrx_word' id='word_1_460' title='bbox 1598 546 1636 581; x_wconf 84' lang='grc' dir='ltr'>τῷ</span> <span class='ocrx_word' id='word_1_461' title='bbox 1649 547 1815 582; x_wconf 75' lang='grc' dir='ltr'>θαυμαστῶς</span> <span class='ocrx_word' id='word_1_462' title='bbox 1826 548 1875 583; x_wconf 80' lang='grc' dir='ltr'>τὴν</span> 
     </span>
    </p>
   </div>
   <div class='ocr_carea' id='block_1_71' title="bbox 1082 590 1874 629">
    <p class='ocr_par' dir='ltr' id='par_1_71' title="bbox 1082 590 1874 629">
     <span class='ocr_line' id='line_1_71' title="bbox 1082 590 1874 629; baseline 0.006 -13"><span class='ocrx_word' id='word_1_463' title='bbox 1082 590 1201 623; x_wconf 79' lang='grc' dir='ltr'>ἐπίγειον</span> <span class='ocrx_word' id='word_1_464' title='bbox 1216 592 1263 626; x_wconf 78' lang='grc' dir='ltr'>τῆς</span> <span class='ocrx_word' id='word_1_465' title='bbox 1277 591 1404 627; x_wconf 80' lang='grc' dir='ltr'>οὐρανίας</span> <span class='ocrx_word' id='word_1_466' title='bbox 1419 591 1711 628; x_wconf 77' lang='grc' dir='ltr'>ἁντικαταλλαξαμένῳ</span> <span class='ocrx_word' id='word_1_467' title='bbox 1724 593 1874 629; x_wconf 59' lang='grc' dir='ltr'>βασιλείας,</span> 
     </span>
    </p>
   </div>
   <div class='ocr_carea' id='block_1_72' title="bbox 1082 636 1876 675">
    <p class='ocr_par' dir='ltr' id='par_1_72' title="bbox 1082 636 1876 675">
     <span class='ocr_line' id='line_1_72' title="bbox 1082 636 1876 675; baseline 0.005 -12"><span class='ocrx_word' id='word_1_468' title='bbox 1082 637 1174 668; x_wconf 87' lang='grc' dir='ltr'>παῖδες</span> <span class='ocrx_word' id='word_1_469' title='bbox 1187 637 1212 664; x_wconf 87' lang='grc' dir='ltr'><strong>οί</strong></span> <span class='ocrx_word' id='word_1_470' title='bbox 1228 637 1337 669; x_wconf 79' lang='grc' dir='ltr'>πάντες,</span> <span class='ocrx_word' id='word_1_471' title='bbox 1351 638 1432 664; x_wconf 78' lang='grc' dir='ltr'>πέντε</span> <span class='ocrx_word' id='word_1_472' title='bbox 1444 638 1553 672; x_wconf 83' lang='grc' dir='ltr'>λέγουσι</span> <span class='ocrx_word' id='word_1_473' title='bbox 1566 639 1703 672; x_wconf 85' lang='grc' dir='ltr'>γενέσθαι·</span> <span class='ocrx_word' id='word_1_474' title='bbox 1721 636 1757 666; x_wconf 86' lang='grc' dir='ltr'>ὧν</span> <span class='ocrx_word' id='word_1_475' title='bbox 1770 640 1876 675; x_wconf 63' lang='lat' dir='ltr'><strong>Off/etut</strong></span> 
     </span>
    </p>
   </div>
   <div class='ocr_carea' id='block_1_73' title="bbox 1081 683 1874 722">
    <p class='ocr_par' dir='ltr' id='par_1_73' title="bbox 1081 683 1874 722">
     <span class='ocr_line' id='line_1_73' title="bbox 1081 683 1874 722; baseline 0.006 -14"><span class='ocrx_word' id='word_1_476' title='bbox 1081 683 1136 716; x_wconf 85' lang='grc' dir='ltr'>δύο,</span> <span class='ocrx_word' id='word_1_477' title='bbox 1145 683 1240 719; x_wconf 80' lang='grc' dir='ltr'>πρώτη</span> <span class='ocrx_word' id='word_1_478' title='bbox 1250 683 1320 718; x_wconf 79' lang='grc' dir='ltr'><strong>μὲνὴ</strong></span> <span class='ocrx_word' id='word_1_479' title='bbox 1329 683 1481 719; x_wconf 80' lang='grc' dir='ltr'>καλουμένη</span> <span class='ocrx_word' id='word_1_480' title='bbox 1490 684 1615 719; x_wconf 82' lang='grc' dir='ltr'>Γεωργὼ.</span> <span class='ocrx_word' id='word_1_481' title='bbox 1624 686 1764 712; x_wconf 81' lang='grc' dir='ltr'>πάντωνδὲ</span> <span class='ocrx_word' id='word_1_482' title='bbox 1772 686 1874 722; x_wconf 86' lang='grc' dir='ltr'><strong>ὑστάτη</strong></span> 
     </span>
    </p>
   </div>
   <div class='ocr_carea' id='block_1_74' title="bbox 1081 728 1875 767">
    <p class='ocr_par' dir='ltr' id='par_1_74' title="bbox 1081 728 1875 767">
     <span class='ocr_line' id='line_1_74' title="bbox 1081 728 1875 767; baseline 0.005 -13"><span class='ocrx_word' id='word_1_483' title='bbox 1081 728 1219 763; x_wconf 60' lang='grc' dir='ltr'>Θεοφανὼ·</span> <span class='ocrx_word' id='word_1_484' title='bbox 1235 729 1263 755; x_wconf 85' lang='grc' dir='ltr'>αἳ</span> <span class='ocrx_word' id='word_1_485' title='bbox 1280 728 1327 755; x_wconf 77' lang='grc' dir='ltr'>καὶ</span> <span class='ocrx_word' id='word_1_486' title='bbox 1338 729 1509 764; x_wconf 83' lang='grc' dir='ltr'>παρθενικῶς</span> <span class='ocrx_word' id='word_1_487' title='bbox 1524 731 1569 756; x_wconf 81' lang='grc' dir='ltr'>τὸν</span> <span class='ocrx_word' id='word_1_488' title='bbox 1575 730 1634 756; x_wconf 79' lang='grc' dir='ltr'>ὅλον</span> <span class='ocrx_word' id='word_1_489' title='bbox 1645 730 1702 764; x_wconf 83' lang='grc' dir='ltr'>βίον</span> <span class='ocrx_word' id='word_1_490' title='bbox 1713 731 1758 757; x_wconf 65' lang='grc' dir='ltr'>καὶ</span> <span class='ocrx_word' id='word_1_491' title='bbox 1766 740 1875 767; x_wconf 84' lang='grc' dir='ltr'>μοναχι-</span> 
     </span>
    </p>
   </div>
   <div class='ocr_carea' id='block_1_75' title="bbox 1082 774 1874 813">
    <p class='ocr_par' dir='ltr' id='par_1_75' title="bbox 1082 774 1874 813">
     <span class='ocr_line' id='line_1_75' title="bbox 1082 774 1874 813; baseline 0.004 -12"><span class='ocrx_word' id='word_1_492' title='bbox 1082 774 1332 806; x_wconf 80' lang='grc' dir='ltr'>κῶςδιαὸιώσασαι,</span> <span class='ocrx_word' id='word_1_493' title='bbox 1341 775 1484 811; x_wconf 79' lang='grc' dir='ltr'>μακαρίως</span> <span class='ocrx_word' id='word_1_494' title='bbox 1494 776 1692 811; x_wconf 78' lang='grc' dir='ltr'>ἐκοὶμήοησαν.</span> <span class='ocrx_word' id='word_1_495' title='bbox 1706 777 1836 813; x_wconf 80' lang='grc' dir='ltr'>’Δρρενες</span> <span class='ocrx_word' id='word_1_496' title='bbox 1845 778 1874 804; x_wconf 79' lang='grc' dir='ltr'>δὲ</span> 
     </span>
    </p>
   </div>
   <div class='ocr_carea' id='block_1_76' title="bbox 1080 821 1876 858">
    <p class='ocr_par' dir='ltr' id='par_1_76' title="bbox 1080 821 1876 858">
     <span class='ocr_line' id='line_1_76' title="bbox 1080 821 1876 858; baseline 0.004 -11"><span class='ocrx_word' id='word_1_497' title='bbox 1080 823 1165 855; x_wconf 69' lang='grc' dir='ltr'>τρεῖς,</span> <span class='ocrx_word' id='word_1_498' title='bbox 1173 821 1372 856; x_wconf 80' lang='grc' dir='ltr'>Θεοφύλακτος,</span> <span class='ocrx_word' id='word_1_499' title='bbox 1380 822 1558 856; x_wconf 84' lang='grc' dir='ltr'>Σταυράκιος,</span> <span class='ocrx_word' id='word_1_500' title='bbox 1566 822 1699 858; x_wconf 78' lang='grc' dir='ltr'>Νικήτας·</span> <span class='ocrx_word' id='word_1_501' title='bbox 1707 823 1808 849; x_wconf 87' lang='grc' dir='ltr'>τούτων</span> <span class='ocrx_word' id='word_1_502' title='bbox 1814 824 1876 850; x_wconf 63' lang='grc' dir='ltr'>Θεοί</span> 
     </span>
    </p>
   </div>
   <div class='ocr_carea' id='block_1_77' title="bbox 1082 866 1873 905">
    <p class='ocr_par' dir='ltr' id='par_1_77' title="bbox 1082 866 1873 905">
     <span class='ocr_line' id='line_1_77' title="bbox 1082 866 1873 905; baseline 0.004 -12"><span class='ocrx_word' id='word_1_503' title='bbox 1082 866 1218 901; x_wconf 78' lang='grc' dir='ltr'>φύλακτος</span> <span class='ocrx_word' id='word_1_504' title='bbox 1234 868 1283 902; x_wconf 78' lang='grc' dir='ltr'>μὲν</span> <span class='ocrx_word' id='word_1_505' title='bbox 1310 868 1324 894; x_wconf 99' lang='lat'><strong>6</strong></span> <span class='ocrx_word' id='word_1_506' title='bbox 1336 868 1444 894; x_wconf 87' lang='grc' dir='ltr'>πάντων</span> <span class='ocrx_word' id='word_1_507' title='bbox 1458 869 1640 903; x_wconf 81' lang='grc' dir='ltr'>πρωτότοκος,</span> <span class='ocrx_word' id='word_1_508' title='bbox 1659 869 1705 895; x_wconf 79' lang='grc' dir='ltr'>καὶ</span> <span class='ocrx_word' id='word_1_509' title='bbox 1720 869 1734 895; x_wconf 91' lang='lat'><strong>6</strong></span> <span class='ocrx_word' id='word_1_510' title='bbox 1749 870 1873 905; x_wconf 79' lang='grc' dir='ltr'>Σταυρά-</span> 
     </span>
    </p>
   </div>
   <div class='ocr_carea' id='block_1_78' title="bbox 1080 913 1872 949">
    <p class='ocr_par' dir='ltr' id='par_1_78' title="bbox 1080 913 1872 949">
     <span class='ocr_line' id='line_1_78' title="bbox 1080 913 1872 949; baseline 0.003 -10"><span class='ocrx_word' id='word_1_511' title='bbox 1080 921 1149 945; x_wconf 84' lang='grc' dir='ltr'>κιος,</span> <span class='ocrx_word' id='word_1_512' title='bbox 1166 913 1315 948; x_wconf 79' lang='grc' dir='ltr'>ἀμφότεροι</span> <span class='ocrx_word' id='word_1_513' title='bbox 1332 913 1370 949; x_wconf 79' lang='grc' dir='ltr'>τῷ</span> <span class='ocrx_word' id='word_1_514' title='bbox 1381 913 1525 949; x_wconf 80' lang='grc' dir='ltr'>διαδήματι</span> <span class='ocrx_word' id='word_1_515' title='bbox 1541 914 1650 949; x_wconf 81' lang='grc' dir='ltr'>πρῶτον</span> <span class='ocrx_word' id='word_1_516' title='bbox 1667 915 1716 949; x_wconf 82' lang='grc' dir='ltr'>τῆς</span> <span class='ocrx_word' id='word_1_517' title='bbox 1736 915 1872 949; x_wconf 75' lang='grc' dir='ltr'>βασιλείας</span> 
     </span>
    </p>
   </div>
   <div class='ocr_carea' id='block_1_79' title="bbox 1080 957 1874 997">
    <p class='ocr_par' dir='ltr' id='par_1_79' title="bbox 1080 957 1874 997">
     <span class='ocr_line' id='line_1_79' title="bbox 1080 957 1874 997; baseline 0.003 -11"><span class='ocrx_word' id='word_1_518' title='bbox 1080 960 1291 994; x_wconf 78' lang='grc' dir='ltr'>ἐστεφάνωνται·</span> <span class='ocrx_word' id='word_1_519' title='bbox 1300 957 1358 986; x_wconf 77' lang='grc' dir='ltr'>εἶτα</span> <span class='ocrx_word' id='word_1_520' title='bbox 1369 961 1382 986; x_wconf 86' lang='grc' dir='ltr'>ὁ</span> <span class='ocrx_word' id='word_1_521' title='bbox 1392 960 1440 995; x_wconf 79' lang='grc' dir='ltr'>μὲν</span> <span class='ocrx_word' id='word_1_522' title='bbox 1452 960 1549 996; x_wconf 86' lang='grc' dir='ltr'>κομιδῇ</span> <span class='ocrx_word' id='word_1_523' title='bbox 1559 961 1618 993; x_wconf 78' lang='grc' dir='ltr'>νέος</span> <span class='ocrx_word' id='word_1_524' title='bbox 1626 961 1664 987; x_wconf 86' lang='grc' dir='ltr'>ὣν</span> <span class='ocrx_word' id='word_1_525' title='bbox 1673 961 1721 993; x_wconf 76' lang='grc' dir='ltr'>ἔτι,</span> <span class='ocrx_word' id='word_1_526' title='bbox 1732 963 1745 988; x_wconf 86' lang='lat'><strong>6</strong></span> <span class='ocrx_word' id='word_1_527' title='bbox 1757 962 1874 997; x_wconf 78' lang='grc' dir='ltr'>Σταυρὰ-</span> 
     </span>
    </p>
   </div>
   <div class='ocr_carea' id='block_1_80' title="bbox 1081 1005 1872 1042">
    <p class='ocr_par' dir='ltr' id='par_1_80' title="bbox 1081 1005 1872 1042">
     <span class='ocr_line' id='line_1_80' title="bbox 1081 1005 1872 1042; baseline 0.004 -11"><span class='ocrx_word' id='word_1_528' title='bbox 1081 1006 1204 1041; x_wconf 81' lang='grc' dir='ltr'>κιος,πρὸ</span> <span class='ocrx_word' id='word_1_529' title='bbox 1211 1005 1259 1040; x_wconf 81' lang='grc' dir='ltr'>τῆς</span> <span class='ocrx_word' id='word_1_530' title='bbox 1269 1006 1448 1037; x_wconf 76' lang='grc' dir='ltr'>καταϐάσεως</span> <span class='ocrx_word' id='word_1_531' title='bbox 1454 1006 1576 1041; x_wconf 82' lang='grc' dir='ltr'>τελευτᾷ·</span> <span class='ocrx_word' id='word_1_532' title='bbox 1583 1006 1770 1040; x_wconf 71' lang='grc' dir='ltr'>Θεοφύλακτος</span> <span class='ocrx_word' id='word_1_533' title='bbox 1780 1007 1805 1033; x_wconf 72' lang='grc' dir='ltr'>δὲ</span> <span class='ocrx_word' id='word_1_534' title='bbox 1814 1008 1872 1042; x_wconf 81' lang='grc' dir='ltr'>ἆμα</span> 
     </span>
    </p>
   </div>
   <div class='ocr_carea' id='block_1_81' title="bbox 1081 1051 1872 1088">
    <p class='ocr_par' dir='ltr' id='par_1_81' title="bbox 1081 1051 1872 1088">
     <span class='ocr_line' id='line_1_81' title="bbox 1081 1051 1872 1088; baseline 0.003 -11"><span class='ocrx_word' id='word_1_535' title='bbox 1081 1053 1146 1084; x_wconf 76' lang='grc' dir='ltr'>τοῖς,</span> <span class='ocrx_word' id='word_1_536' title='bbox 1158 1052 1293 1086; x_wconf 75' lang='grc' dir='ltr'>πατράσιν</span> <span class='ocrx_word' id='word_1_537' title='bbox 1309 1051 1391 1078; x_wconf 85' lang='grc' dir='ltr'>αὑτοῦ</span> <span class='ocrx_word' id='word_1_538' title='bbox 1407 1053 1453 1078; x_wconf 77' lang='grc' dir='ltr'>καὶ</span> <span class='ocrx_word' id='word_1_539' title='bbox 1467 1051 1607 1086; x_wconf 84' lang='grc' dir='ltr'>βασιλεῦσι</span> <span class='ocrx_word' id='word_1_540' title='bbox 1617 1053 1677 1079; x_wconf 84' lang='grc' dir='ltr'>τότε</span> <span class='ocrx_word' id='word_1_541' title='bbox 1697 1053 1872 1088; x_wconf 64' lang='grc' dir='ltr'>κειράμενος,</span> 
     </span>
    </p>
   </div>
   <div class='ocr_carea' id='block_1_82' title="bbox 1081 1097 1872 1134">
    <p class='ocr_par' dir='ltr' id='par_1_82' title="bbox 1081 1097 1872 1134">
     <span class='ocr_line' id='line_1_82' title="bbox 1081 1097 1872 1134; baseline 0.003 -12"><span class='ocrx_word' id='word_1_542' title='bbox 1081 1097 1121 1128; x_wconf 80' lang='grc' dir='ltr'><strong>είς</strong></span> <span class='ocrx_word' id='word_1_543' title='bbox 1135 1097 1302 1133; x_wconf 79' lang='grc' dir='ltr'>Εὑστράτιον</span> <span class='ocrx_word' id='word_1_544' title='bbox 1315 1097 1523 1132; x_wconf 81' lang='grc' dir='ltr'>μετωνομάσθη.</span> <span class='ocrx_word' id='word_1_545' title='bbox 1535 1098 1659 1133; x_wconf 87' lang='grc' dir='ltr'>Νικήταν</span> <span class='ocrx_word' id='word_1_546' title='bbox 1670 1097 1697 1123; x_wconf 82' lang='grc' dir='ltr'>δὲ</span> <span class='ocrx_word' id='word_1_547' title='bbox 1707 1098 1815 1133; x_wconf 80' lang='grc' dir='ltr'>πρῶτον</span> <span class='ocrx_word' id='word_1_548' title='bbox 1824 1099 1872 1134; x_wconf 77' lang='grc' dir='ltr'>μὲν</span> 
     </span>
    </p>
   </div>
   <div class='ocr_carea' id='block_1_83' title="bbox 1080 1142 1872 1180">
    <p class='ocr_par' dir='ltr' id='par_1_83' title="bbox 1080 1142 1872 1180">
     <span class='ocr_line' id='line_1_83' title="bbox 1080 1142 1872 1180; baseline 0.004 -11"><span class='ocrx_word' id='word_1_549' title='bbox 1080 1143 1200 1178; x_wconf 81' lang='grc' dir='ltr'>δεκαέτη</span> <span class='ocrx_word' id='word_1_550' title='bbox 1215 1144 1395 1178; x_wconf 81' lang='grc' dir='ltr'>τυγχάνοντα,</span> <span class='ocrx_word' id='word_1_551' title='bbox 1405 1143 1459 1169; x_wconf 83' lang='grc' dir='ltr'>τῶν</span> <span class='ocrx_word' id='word_1_552' title='bbox 1473 1142 1628 1178; x_wconf 76' lang='grc' dir='ltr'>λεγομένων</span> <span class='ocrx_word' id='word_1_553' title='bbox 1646 1145 1781 1171; x_wconf 71' lang='grc' dir='ltr'>ίκανάτιιΝ</span> <span class='ocrx_word' id='word_1_554' title='bbox 1796 1145 1872 1180; x_wconf 79' lang='grc' dir='ltr'>παρὰ</span> 
     </span>
    </p>
   </div>
   <div class='ocr_carea' id='block_1_84' title="bbox 1080 1187 1870 1224">
    <p class='ocr_par' dir='ltr' id='par_1_84' title="bbox 1080 1187 1870 1224">
     <span class='ocr_line' id='line_1_84' title="bbox 1080 1187 1870 1224; baseline 0.003 -10"><span class='ocrx_word' id='word_1_555' title='bbox 1080 1187 1240 1223; x_wconf 80' lang='grc' dir='ltr'>Νικηφόρου</span> <span class='ocrx_word' id='word_1_556' title='bbox 1266 1188 1334 1222; x_wconf 77' lang='grc' dir='ltr'>φασὶ</span> <span class='ocrx_word' id='word_1_557' title='bbox 1355 1188 1401 1214; x_wconf 85' lang='grc' dir='ltr'><strong>τοῦ</strong></span> <span class='ocrx_word' id='word_1_558' title='bbox 1418 1189 1531 1216; x_wconf 74' lang='grc' dir='ltr'>πάππου</span> <span class='ocrx_word' id='word_1_559' title='bbox 1554 1189 1769 1224; x_wconf 75' lang='grc' dir='ltr'>προῦεϐλῆσοαι,</span> <span class='ocrx_word' id='word_1_560' title='bbox 1791 1188 1824 1215; x_wconf 86' lang='grc' dir='ltr'><strong>δι’</strong></span> <span class='ocrx_word' id='word_1_561' title='bbox 1841 1190 1870 1216; x_wconf 77' lang='grc' dir='ltr'>ὃν</span> 
     </span>
    </p>
   </div>
   <div class='ocr_carea' id='block_1_85' title="bbox 1081 1233 1872 1269">
    <p class='ocr_par' dir='ltr' id='par_1_85' title="bbox 1081 1233 1872 1269">
     <span class='ocr_line' id='line_1_85' title="bbox 1081 1233 1872 1269; baseline 0.003 -10"><span class='ocrx_word' id='word_1_562' title='bbox 1081 1234 1169 1260; x_wconf 79' lang='grc' dir='ltr'>ἐκεῖνο</span> <span class='ocrx_word' id='word_1_563' title='bbox 1195 1233 1225 1259; x_wconf 83' lang='grc' dir='ltr'>τὸ</span> <span class='ocrx_word' id='word_1_564' title='bbox 1251 1234 1368 1269; x_wconf 80' lang='grc' dir='ltr'>πρᾶγμα</span> <span class='ocrx_word' id='word_1_565' title='bbox 1392 1233 1500 1269; x_wconf 81' lang='grc' dir='ltr'>πρῶτον</span> <span class='ocrx_word' id='word_1_566' title='bbox 1515 1234 1684 1268; x_wconf 79' lang='grc' dir='ltr'>καταστῆναι</span> <span class='ocrx_word' id='word_1_567' title='bbox 1699 1242 1707 1250; x_wconf 89' lang='grc'>·</span> <span class='ocrx_word' id='word_1_568' title='bbox 1722 1242 1872 1269; x_wconf 82' lang='grc' dir='ltr'>τεσσαρεσ-</span> 
     </span>
    </p>
   </div>
   <div class='ocr_carea' id='block_1_86' title="bbox 1081 1279 1872 1315">
    <p class='ocr_par' dir='ltr' id='par_1_86' title="bbox 1081 1279 1872 1315">
     <span class='ocr_line' id='line_1_86' title="bbox 1081 1279 1872 1315; baseline 0.001 -9"><span class='ocrx_word' id='word_1_569' title='bbox 1081 1279 1262 1315; x_wconf 81' lang='grc' dir='ltr'>καιδεκαέτης</span> <span class='ocrx_word' id='word_1_570' title='bbox 1289 1280 1316 1306; x_wconf 74' lang='grc' dir='ltr'>δὲ</span> <span class='ocrx_word' id='word_1_571' title='bbox 1342 1279 1473 1314; x_wconf 84' lang='grc' dir='ltr'>γεγονὼς,</span> <span class='ocrx_word' id='word_1_572' title='bbox 1496 1280 1544 1306; x_wconf 65' lang='grc' dir='ltr'>καὶ</span> <span class='ocrx_word' id='word_1_573' title='bbox 1564 1281 1598 1306; x_wconf 74' lang='grc' dir='ltr'>τὰ</span> <span class='ocrx_word' id='word_1_574' title='bbox 1614 1280 1660 1306; x_wconf 78' lang='grc' dir='ltr'><strong>ἐπὶ</strong></span> <span class='ocrx_word' id='word_1_575' title='bbox 1673 1279 1725 1315; x_wconf 85' lang='grc' dir='ltr'>γῆς</span> <span class='ocrx_word' id='word_1_576' title='bbox 1739 1280 1798 1315; x_wconf 86' lang='grc' dir='ltr'>ἆμα</span> <span class='ocrx_word' id='word_1_577' title='bbox 1815 1282 1872 1312; x_wconf 81' lang='grc' dir='ltr'>τοῖς</span> 
     </span>
    </p>
   </div>
   <div class='ocr_carea' id='block_1_87' title="bbox 1082 1326 1872 1362">
    <p class='ocr_par' dir='ltr' id='par_1_87' title="bbox 1082 1326 1872 1362">
     <span class='ocr_line' id='line_1_87' title="bbox 1082 1326 1872 1362; baseline 0 -9"><span class='ocrx_word' id='word_1_578' title='bbox 1082 1326 1195 1360; x_wconf 74' lang='grc' dir='ltr'>ἀγαθοῖς</span> <span class='ocrx_word' id='word_1_579' title='bbox 1212 1328 1321 1353; x_wconf 79' lang='grc' dir='ltr'>τοκεῦσι</span> <span class='ocrx_word' id='word_1_580' title='bbox 1333 1326 1456 1361; x_wconf 75' lang='grc' dir='ltr'>βασίλεια</span> <span class='ocrx_word' id='word_1_581' title='bbox 1476 1326 1702 1361; x_wconf 82' lang='grc' dir='ltr'>καταλιμπάνων,</span> <span class='ocrx_word' id='word_1_582' title='bbox 1726 1327 1872 1362; x_wconf 84' lang='grc' dir='ltr'>ἀποκείρε-</span> 
     </span>
    </p>
   </div>
   <div class='ocr_carea' id='block_1_88' title="bbox 1081 1371 1800 1407">
    <p class='ocr_par' dir='ltr' id='par_1_88' title="bbox 1081 1371 1800 1407">
     <span class='ocr_line' id='line_1_88' title="bbox 1081 1371 1800 1407; baseline 0.001 -9"><span class='ocrx_word' id='word_1_583' title='bbox 1081 1381 1126 1399; x_wconf 86' lang='grc' dir='ltr'><strong>ται</strong></span> <span class='ocrx_word' id='word_1_584' title='bbox 1147 1372 1196 1407; x_wconf 79' lang='grc' dir='ltr'>μὲν</span> <span class='ocrx_word' id='word_1_585' title='bbox 1209 1371 1256 1398; x_wconf 79' lang='grc' dir='ltr'>καὶ</span> <span class='ocrx_word' id='word_1_586' title='bbox 1268 1372 1360 1405; x_wconf 76' lang='grc' dir='ltr'>αὐτὸς,</span> <span class='ocrx_word' id='word_1_587' title='bbox 1384 1372 1512 1406; x_wconf 80' lang='grc' dir='ltr'>Ἰγνάτιος</span> <span class='ocrx_word' id='word_1_588' title='bbox 1529 1371 1556 1397; x_wconf 82' lang='grc' dir='ltr'>δὲ</span> <span class='ocrx_word' id='word_1_589' title='bbox 1573 1372 1800 1406; x_wconf 78' lang='grc' dir='ltr'>μετονομάζεται.</span> 
     </span>
    </p>
   </div>
   <div class='ocr_carea' id='block_1_89' title="bbox 1125 1417 1872 1452">
    <p class='ocr_par' dir='ltr' id='par_1_89' title="bbox 1125 1417 1872 1452">
     <span class='ocr_line' id='line_1_89' title="bbox 1125 1417 1872 1452; baseline 0 -8"><span class='ocrx_word' id='word_1_590' title='bbox 1125 1417 1155 1444; x_wconf 90' lang='lat'>&#39;0</span> <span class='ocrx_word' id='word_1_591' title='bbox 1169 1417 1258 1444; x_wconf 84' lang='grc' dir='ltr'>τοίνυν</span> <span class='ocrx_word' id='word_1_592' title='bbox 1274 1417 1351 1444; x_wconf 84' lang='grc' dir='ltr'>Λέων</span> <span class='ocrx_word' id='word_1_593' title='bbox 1365 1418 1479 1449; x_wconf 72' lang='grc' dir='ltr'>ἐκεῖνος,</span> <span class='ocrx_word' id='word_1_594' title='bbox 1490 1418 1503 1443; x_wconf 90' lang='lat'><strong>6</strong></span> <span class='ocrx_word' id='word_1_595' title='bbox 1512 1417 1670 1452; x_wconf 80' lang='grc' dir='ltr'>δυσώνυμος</span> <span class='ocrx_word' id='word_1_596' title='bbox 1686 1417 1748 1452; x_wconf 82' lang='grc' dir='ltr'>θὴρ,</span> <span class='ocrx_word' id='word_1_597' title='bbox 1761 1417 1795 1452; x_wconf 72' lang='grc' dir='ltr'>ἣν</span> <span class='ocrx_word' id='word_1_598' title='bbox 1808 1418 1872 1444; x_wconf 76' lang='grc' dir='ltr'>ὠδί-</span> 
     </span>
    </p>
   </div>
   <div class='ocr_carea' id='block_1_90' title="bbox 1082 1462 1872 1499">
    <p class='ocr_par' dir='ltr' id='par_1_90' title="bbox 1082 1462 1872 1499">
     <span class='ocr_line' id='line_1_90' title="bbox 1082 1462 1872 1499; baseline 0 -10"><span class='ocrx_word' id='word_1_599' title='bbox 1082 1471 1164 1497; x_wconf 88' lang='grc' dir='ltr'>νησεν</span> <span class='ocrx_word' id='word_1_600' title='bbox 1183 1463 1291 1489; x_wconf 82' lang='grc' dir='ltr'>ἀδικίαν</span> <span class='ocrx_word' id='word_1_601' title='bbox 1307 1462 1468 1494; x_wconf 82' lang='grc' dir='ltr'>ὲκτετοκὼς,</span> <span class='ocrx_word' id='word_1_602' title='bbox 1486 1462 1535 1488; x_wconf 77' lang='grc' dir='ltr'>καὶ</span> <span class='ocrx_word' id='word_1_603' title='bbox 1549 1462 1598 1498; x_wconf 81' lang='grc' dir='ltr'>τῆς</span> <span class='ocrx_word' id='word_1_604' title='bbox 1615 1462 1753 1497; x_wconf 74' lang='grc' dir='ltr'>βασιλείας</span> <span class='ocrx_word' id='word_1_605' title='bbox 1772 1472 1872 1499; x_wconf 85' lang='grc' dir='ltr'>τυραν-</span> 
     </span>
    </p>
   </div>
   <div class='ocr_carea' id='block_1_91' title="bbox 1045 1507 1872 1544">
    <p class='ocr_par' dir='ltr' id='par_1_91' title="bbox 1045 1507 1872 1544">
     <span class='ocr_line' id='line_1_91' title="bbox 1045 1507 1872 1544; baseline 0.002 -11"><span class='ocrx_word' id='word_1_606' title='bbox 1045 1516 1066 1544; x_wconf 77' lang='lat' dir='ltr'>c</span> <span class='ocrx_word' id='word_1_607' title='bbox 1082 1509 1143 1543; x_wconf 85' lang='grc' dir='ltr'>νικῇ</span> <span class='ocrx_word' id='word_1_608' title='bbox 1160 1508 1409 1543; x_wconf 86' lang='grc' dir='ltr'>περιδεδραγμένος</span> <span class='ocrx_word' id='word_1_609' title='bbox 1422 1507 1544 1543; x_wconf 66' lang='grc' dir='ltr'>χειρὶ,οὔ</span> <span class='ocrx_word' id='word_1_610' title='bbox 1559 1508 1628 1542; x_wconf 84' lang='grc' dir='ltr'>πρὸς</span> <span class='ocrx_word' id='word_1_611' title='bbox 1642 1507 1688 1535; x_wconf 77' lang='grc' dir='ltr'><strong>τὸν</strong></span> <span class='ocrx_word' id='word_1_612' title='bbox 1701 1509 1872 1544; x_wconf 79' lang='grc' dir='ltr'>παντέφορον</span> 
     </span>
    </p>
   </div>
   <div class='ocr_carea' id='block_1_92' title="bbox 1083 1553 1873 1590">
    <p class='ocr_par' dir='ltr' id='par_1_92' title="bbox 1083 1553 1873 1590">
     <span class='ocr_line' id='line_1_92' title="bbox 1083 1553 1873 1590; baseline 0.003 -11"><span class='ocrx_word' id='word_1_613' title='bbox 1083 1553 1238 1580; x_wconf 74' lang='grc' dir='ltr'>ἀπέϐλεπεν</span> <span class='ocrx_word' id='word_1_614' title='bbox 1259 1553 1411 1589; x_wconf 74' lang='grc' dir='ltr'>ὀφθαλμὸν,</span> <span class='ocrx_word' id='word_1_615' title='bbox 1429 1554 1460 1580; x_wconf 88' lang='grc' dir='ltr'>οὑ</span> <span class='ocrx_word' id='word_1_616' title='bbox 1476 1553 1525 1587; x_wconf 86' lang='grc' dir='ltr'>τὴν</span> <span class='ocrx_word' id='word_1_617' title='bbox 1545 1553 1697 1581; x_wconf 81' lang='grc' dir='ltr'>ἐπιείκειαν</span> <span class='ocrx_word' id='word_1_618' title='bbox 1714 1554 1768 1581; x_wconf 86' lang='grc' dir='ltr'>τῶν</span> <span class='ocrx_word' id='word_1_619' title='bbox 1783 1563 1873 1590; x_wconf 72' lang='grc' dir='ltr'>μακαο</span> 
     </span>
    </p>
   </div>
   <div class='ocr_carea' id='block_1_93' title="bbox 1083 1599 1872 1636">
    <p class='ocr_par' dir='ltr' id='par_1_93' title="bbox 1083 1599 1872 1636">
     <span class='ocr_line' id='line_1_93' title="bbox 1083 1599 1872 1636; baseline 0 -10"><span class='ocrx_word' id='word_1_620' title='bbox 1083 1599 1149 1635; x_wconf 85' lang='grc' dir='ltr'>ρίων</span> <span class='ocrx_word' id='word_1_621' title='bbox 1166 1600 1307 1635; x_wconf 74' lang='grc' dir='ltr'>ηὐλαϐήθη</span> <span class='ocrx_word' id='word_1_622' title='bbox 1320 1599 1459 1634; x_wconf 74' lang='grc' dir='ltr'>φυγάδων,</span> <span class='ocrx_word' id='word_1_623' title='bbox 1479 1599 1582 1626; x_wconf 80' lang='grc' dir='ltr'>οὐδὲτὸ</span> <span class='ocrx_word' id='word_1_624' title='bbox 1597 1600 1714 1635; x_wconf 68' lang='grc' dir='ltr'>μέγεθος</span> <span class='ocrx_word' id='word_1_625' title='bbox 1725 1600 1775 1635; x_wconf 86' lang='grc' dir='ltr'>τῆς</span> <span class='ocrx_word' id='word_1_626' title='bbox 1794 1600 1872 1636; x_wconf 79' lang='grc' dir='ltr'>εὐερ-</span> 
     </span>
    </p>
   </div>
   <div class='ocr_carea' id='block_1_94' title="bbox 1082 1644 1872 1682">
    <p class='ocr_par' dir='ltr' id='par_1_94' title="bbox 1082 1644 1872 1682">
     <span class='ocr_line' id='line_1_94' title="bbox 1082 1644 1872 1682; baseline 0.003 -11"><span class='ocrx_word' id='word_1_627' title='bbox 1082 1646 1188 1680; x_wconf 85' lang='grc' dir='ltr'>γεσίας,</span> <span class='ocrx_word' id='word_1_628' title='bbox 1213 1644 1247 1682; x_wconf 82' lang='grc' dir='ltr'>ἧς</span> <span class='ocrx_word' id='word_1_629' title='bbox 1263 1646 1344 1673; x_wconf 82' lang='grc' dir='ltr'>αὐτὸν</span> <span class='ocrx_word' id='word_1_630' title='bbox 1370 1647 1394 1672; x_wconf 76' lang='grc' dir='ltr'>οἱ</span> <span class='ocrx_word' id='word_1_631' title='bbox 1410 1646 1540 1682; x_wconf 85' lang='grc' dir='ltr'>μακάριοι</span> <span class='ocrx_word' id='word_1_632' title='bbox 1559 1646 1624 1681; x_wconf 82' lang='grc' dir='ltr'>παρ’</span> <span class='ocrx_word' id='word_1_633' title='bbox 1641 1646 1720 1678; x_wconf 78' lang='grc' dir='ltr'>ἀξίαν</span> <span class='ocrx_word' id='word_1_634' title='bbox 1737 1646 1872 1682; x_wconf 75' lang='grc' dir='ltr'>κατηξίω-</span> 
     </span>
    </p>
   </div>
   <div class='ocr_carea' id='block_1_95' title="bbox 1082 1690 1873 1726">
    <p class='ocr_par' dir='ltr' id='par_1_95' title="bbox 1082 1690 1873 1726">
     <span class='ocr_line' id='line_1_95' title="bbox 1082 1690 1873 1726; baseline 0.003 -10"><span class='ocrx_word' id='word_1_635' title='bbox 1082 1699 1142 1723; x_wconf 88' lang='grc' dir='ltr'>σαν,</span> <span class='ocrx_word' id='word_1_636' title='bbox 1177 1690 1224 1716; x_wconf 77' lang='grc' dir='ltr'><strong>ἐπὶ</strong></span> <span class='ocrx_word' id='word_1_637' title='bbox 1252 1690 1382 1717; x_wconf 79' lang='grc' dir='ltr'>τοσοῦτον</span> <span class='ocrx_word' id='word_1_638' title='bbox 1397 1690 1436 1726; x_wconf 80' lang='grc' dir='ltr'><strong>τῷ</strong></span> <span class='ocrx_word' id='word_1_639' title='bbox 1452 1690 1554 1726; x_wconf 81' lang='grc' dir='ltr'>δολερῷ</span> <span class='ocrx_word' id='word_1_640' title='bbox 1574 1691 1624 1726; x_wconf 82' lang='grc' dir='ltr'>τῆς</span> <span class='ocrx_word' id='word_1_641' title='bbox 1635 1691 1812 1726; x_wconf 80' lang='grc' dir='ltr'>κακοτρόπου</span> <span class='ocrx_word' id='word_1_642' title='bbox 1827 1692 1873 1718; x_wconf 84' lang='grc' dir='ltr'>δε-</span> 
     </span>
    </p>
   </div>
   <div class='ocr_carea' id='block_1_96' title="bbox 1081 1736 1872 1772">
    <p class='ocr_par' dir='ltr' id='par_1_96' title="bbox 1081 1736 1872 1772">
     <span class='ocr_line' id='line_1_96' title="bbox 1081 1736 1872 1772; baseline 0.004 -10"><span class='ocrx_word' id='word_1_643' title='bbox 1081 1736 1242 1768; x_wconf 80' lang='grc' dir='ltr'>λεασθέντες</span> <span class='ocrx_word' id='word_1_644' title='bbox 1271 1736 1394 1771; x_wconf 86' lang='grc' dir='ltr'>γνώμης,</span> <span class='ocrx_word' id='word_1_645' title='bbox 1412 1736 1482 1763; x_wconf 81' lang='grc' dir='ltr'>ὥστε</span> <span class='ocrx_word' id='word_1_646' title='bbox 1498 1737 1547 1764; x_wconf 80' lang='grc' dir='ltr'>καὶ</span> <span class='ocrx_word' id='word_1_647' title='bbox 1571 1737 1701 1772; x_wconf 80' lang='grc' dir='ltr'>ἀνάδοχον</span> <span class='ocrx_word' id='word_1_648' title='bbox 1715 1738 1798 1764; x_wconf 77' lang='grc' dir='ltr'>αὑτὸν</span> <span class='ocrx_word' id='word_1_649' title='bbox 1818 1738 1872 1765; x_wconf 70' lang='grc' dir='ltr'><strong>ἀπὸ</strong></span> 
     </span>
    </p>
   </div>
   <div class='ocr_carea' id='block_1_97' title="bbox 1080 1781 1872 1818">
    <p class='ocr_par' dir='ltr' id='par_1_97' title="bbox 1080 1781 1872 1818">
     <span class='ocr_line' id='line_1_97' title="bbox 1080 1781 1872 1818; baseline 0.003 -10"><span class='ocrx_word' id='word_1_650' title='bbox 1080 1783 1130 1816; x_wconf 80' lang='grc' dir='ltr'>τῆς</span> <span class='ocrx_word' id='word_1_651' title='bbox 1159 1782 1349 1817; x_wconf 80' lang='grc' dir='ltr'>πνευματικῆς</span> <span class='ocrx_word' id='word_1_652' title='bbox 1373 1781 1565 1818; x_wconf 74' lang='grc' dir='ltr'>κολυμὸήθρας</span> <span class='ocrx_word' id='word_1_653' title='bbox 1588 1783 1643 1809; x_wconf 80' lang='grc' dir='ltr'><strong>τῶν</strong></span> <span class='ocrx_word' id='word_1_654' title='bbox 1663 1783 1713 1818; x_wconf 83' lang='grc' dir='ltr'>τῆς</span> <span class='ocrx_word' id='word_1_655' title='bbox 1733 1784 1872 1818; x_wconf 75' lang='grc' dir='ltr'>βασιλείας</span> 
     </span>
    </p>
   </div>
   <div class='ocr_carea' id='block_1_98' title="bbox 1080 1827 1872 1865">
    <p class='ocr_par' dir='ltr' id='par_1_98' title="bbox 1080 1827 1872 1865">
     <span class='ocr_line' id='line_1_98' title="bbox 1080 1827 1872 1865; baseline 0.005 -12"><span class='ocrx_word' id='word_1_656' title='bbox 1080 1827 1217 1859; x_wconf 78' lang='grc' dir='ltr'>ἀναδεῖξαι</span> <span class='ocrx_word' id='word_1_657' title='bbox 1250 1828 1365 1854; x_wconf 87' lang='grc' dir='ltr'>τέκνων.</span> <span class='ocrx_word' id='word_1_658' title='bbox 1396 1828 1482 1855; x_wconf 74' lang='grc' dir='ltr'>Οὐδὲν</span> <span class='ocrx_word' id='word_1_659' title='bbox 1506 1829 1608 1856; x_wconf 78' lang='grc' dir='ltr'>τούτων</span> <span class='ocrx_word' id='word_1_660' title='bbox 1632 1829 1682 1865; x_wconf 86' lang='grc' dir='ltr'>τὴν</span> <span class='ocrx_word' id='word_1_661' title='bbox 1708 1829 1800 1865; x_wconf 81' lang='grc' dir='ltr'>ἀπηνῆ</span> <span class='ocrx_word' id='word_1_662' title='bbox 1823 1831 1872 1857; x_wconf 80' lang='grc' dir='ltr'>καὶ</span> 
     </span>
    </p>
   </div>
   <div class='ocr_carea' id='block_1_99' title="bbox 1081 1872 1871 1910">
    <p class='ocr_par' dir='ltr' id='par_1_99' title="bbox 1081 1872 1871 1910">
     <span class='ocr_line' id='line_1_99' title="bbox 1081 1872 1871 1910; baseline 0.003 -11"><span class='ocrx_word' id='word_1_663' title='bbox 1081 1872 1202 1908; x_wconf 85' lang='grc' dir='ltr'>θηριώδη</span> <span class='ocrx_word' id='word_1_664' title='bbox 1243 1873 1456 1909; x_wconf 76' lang='grc' dir='ltr'>κατεδυσώπησε</span> <span class='ocrx_word' id='word_1_665' title='bbox 1491 1875 1601 1910; x_wconf 77' lang='grc' dir='ltr'>ψυχήν·</span> <span class='ocrx_word' id='word_1_666' title='bbox 1637 1875 1802 1907; x_wconf 80' lang='grc' dir='ltr'>ἀποστείλας</span> <span class='ocrx_word' id='word_1_667' title='bbox 1830 1875 1871 1907; x_wconf 82' lang='grc' dir='ltr'>δὲ,</span> 
     </span>
    </p>
   </div>
   <div class='ocr_carea' id='block_1_100' title="bbox 1079 1920 1871 1958">
    <p class='ocr_par' dir='ltr' id='par_1_100' title="bbox 1079 1920 1871 1958">
     <span class='ocr_line' id='line_1_100' title="bbox 1079 1920 1871 1958; baseline 0.003 -12"><span class='ocrx_word' id='word_1_668' title='bbox 1079 1920 1194 1956; x_wconf 81' lang='grc' dir='ltr'>διείργει</span> <span class='ocrx_word' id='word_1_669' title='bbox 1222 1921 1271 1955; x_wconf 86' lang='grc' dir='ltr'>μὲν</span> <span class='ocrx_word' id='word_1_670' title='bbox 1301 1920 1401 1952; x_wconf 79' lang='grc' dir='ltr'>αὐτοὺς</span> <span class='ocrx_word' id='word_1_671' title='bbox 1430 1921 1479 1948; x_wconf 81' lang='grc' dir='ltr'><strong>ἀπ’</strong></span> <span class='ocrx_word' id='word_1_672' title='bbox 1504 1921 1638 1956; x_wconf 85' lang='grc' dir='ltr'>ἀλλήλων,</span> <span class='ocrx_word' id='word_1_673' title='bbox 1664 1921 1717 1958; x_wconf 81' lang='grc' dir='ltr'>ὶδίᾳ</span> <span class='ocrx_word' id='word_1_674' title='bbox 1738 1921 1809 1948; x_wconf 82' lang='grc' dir='ltr'>κατὰ</span> <span class='ocrx_word' id='word_1_675' title='bbox 1822 1923 1871 1953; x_wconf 76' lang='grc' dir='ltr'><strong>τὰς</strong></span> 
     </span>
    </p>
   </div>
   <div class='ocr_carea' id='block_1_101' title="bbox 1079 1967 1871 2002">
    <p class='ocr_par' dir='ltr' id='par_1_101' title="bbox 1079 1967 1871 2002">
     <span class='ocr_line' id='line_1_101' title="bbox 1079 1967 1871 2002; baseline 0.001 -9"><span class='ocrx_word' id='word_1_676' title='bbox 1079 1967 1177 2002; x_wconf 83' lang='grc' dir='ltr'>νήσους</span> <span class='ocrx_word' id='word_1_677' title='bbox 1193 1967 1309 1993; x_wconf 77' lang='grc' dir='ltr'>ἕκαστον</span> <span class='ocrx_word' id='word_1_678' title='bbox 1335 1967 1507 2002; x_wconf 75' lang='grc' dir='ltr'>περιορίζων,</span> <span class='ocrx_word' id='word_1_679' title='bbox 1526 1967 1574 1994; x_wconf 73' lang='grc' dir='ltr'>καὶ</span> <span class='ocrx_word' id='word_1_680' title='bbox 1589 1968 1643 1995; x_wconf 74' lang='grc' dir='ltr'><strong>ὑπὸ</strong></span> <span class='ocrx_word' id='word_1_681' title='bbox 1656 1969 1774 2002; x_wconf 66' lang='grc' dir='ltr'>ἀσφαλεῖ</span> <span class='ocrx_word' id='word_1_682' title='bbox 1788 1976 1871 1994; x_wconf 59' lang='grc' dir='ltr'>κατας</span> 
     </span>
    </p>
   </div>
   <div class='ocr_carea' id='block_1_102' title="bbox 1079 2011 1870 2047">
    <p class='ocr_par' dir='ltr' id='par_1_102' title="bbox 1079 2011 1870 2047">
     <span class='ocr_line' id='line_1_102' title="bbox 1079 2011 1870 2047; baseline 0.003 -9"><span class='ocrx_word' id='word_1_683' title='bbox 1079 2011 1180 2043; x_wconf 81' lang='grc' dir='ltr'>πιέζων</span> <span class='ocrx_word' id='word_1_684' title='bbox 1198 2012 1321 2047; x_wconf 84' lang='grc' dir='ltr'>φρουρᾷ·</span> <span class='ocrx_word' id='word_1_685' title='bbox 1336 2013 1497 2047; x_wconf 77' lang='grc' dir='ltr'>ἀφαιρεῖται</span> <span class='ocrx_word' id='word_1_686' title='bbox 1512 2012 1540 2039; x_wconf 80' lang='grc' dir='ltr'>δὲ</span> <span class='ocrx_word' id='word_1_687' title='bbox 1563 2014 1625 2045; x_wconf 79' lang='grc' dir='ltr'>τοὺς</span> <span class='ocrx_word' id='word_1_688' title='bbox 1640 2015 1739 2045; x_wconf 78' lang='grc' dir='ltr'>παῖδας</span> <span class='ocrx_word' id='word_1_689' title='bbox 1754 2014 1802 2040; x_wconf 76' lang='grc' dir='ltr'><strong>καὶ</strong></span> <span class='ocrx_word' id='word_1_690' title='bbox 1815 2014 1870 2040; x_wconf 87' lang='grc' dir='ltr'>τῶν</span> 
     </span>
    </p>
   </div>
   <div class='ocr_carea' id='block_1_103' title="bbox 1078 2058 1869 2095">
    <p class='ocr_par' dir='ltr' id='par_1_103' title="bbox 1078 2058 1869 2095">
     <span class='ocr_line' id='line_1_103' title="bbox 1078 2058 1869 2095; baseline 0.003 -11"><span class='ocrx_word' id='word_1_691' title='bbox 1078 2058 1255 2093; x_wconf 75' lang='grc' dir='ltr'>γεννητικῶν,</span> <span class='ocrx_word' id='word_1_692' title='bbox 1272 2058 1458 2091; x_wconf 74' lang='grc' dir='ltr'>καταδικάσας</span> <span class='ocrx_word' id='word_1_693' title='bbox 1473 2059 1487 2085; x_wconf 89' lang='lat'><strong>6</strong></span> <span class='ocrx_word' id='word_1_694' title='bbox 1499 2059 1656 2094; x_wconf 83' lang='grc' dir='ltr'>ἀμείλικτος</span> <span class='ocrx_word' id='word_1_695' title='bbox 1670 2060 1761 2095; x_wconf 84' lang='grc' dir='ltr'>μελῶν</span> <span class='ocrx_word' id='word_1_696' title='bbox 1775 2060 1869 2087; x_wconf 80' lang='grc' dir='ltr'>εὐνου-</span> 
     </span>
    </p>
   </div>
   <div class='ocr_carea' id='block_1_104' title="bbox 1078 2104 1869 2140">
    <p class='ocr_par' dir='ltr' id='par_1_104' title="bbox 1078 2104 1869 2140">
     <span class='ocr_line' id='line_1_104' title="bbox 1078 2104 1869 2140; baseline 0.001 -10"><span class='ocrx_word' id='word_1_697' title='bbox 1078 2105 1138 2140; x_wconf 81' lang='grc' dir='ltr'><strong>χίᾳ.</strong></span> <span class='ocrx_word' id='word_1_698' title='bbox 1161 2104 1303 2131; x_wconf 81' lang='grc' dir='ltr'>Ἐντεῦθεν</span> <span class='ocrx_word' id='word_1_699' title='bbox 1331 2104 1413 2135; x_wconf 72' lang='grc' dir='ltr'>αὐτὸς</span> <span class='ocrx_word' id='word_1_700' title='bbox 1436 2104 1485 2139; x_wconf 82' lang='grc' dir='ltr'>μὲν</span> <span class='ocrx_word' id='word_1_701' title='bbox 1499 2105 1623 2139; x_wconf 68' lang='grc' dir='ltr'>πονηρὰν</span> <span class='ocrx_word' id='word_1_702' title='bbox 1640 2106 1671 2140; x_wconf 86' lang='grc' dir='ltr'>τῇ</span> <span class='ocrx_word' id='word_1_703' title='bbox 1688 2105 1771 2131; x_wconf 84' lang='grc' dir='ltr'>αὐτοῦ</span> <span class='ocrx_word' id='word_1_704' title='bbox 1791 2105 1869 2140; x_wconf 84' lang='grc' dir='ltr'>βασι-</span> 
     </span>
    </p>
   </div>
   <div class='ocr_carea' id='block_1_105' title="bbox 1078 2149 1869 2186">
    <p class='ocr_par' dir='ltr' id='par_1_105' title="bbox 1078 2149 1869 2186">
     <span class='ocr_line' id='line_1_105' title="bbox 1078 2149 1869 2186; baseline 0 -10"><span class='ocrx_word' id='word_1_705' title='bbox 1078 2150 1138 2186; x_wconf 77' lang='grc' dir='ltr'>λείᾳ</span> <span class='ocrx_word' id='word_1_706' title='bbox 1155 2150 1376 2184; x_wconf 74' lang='grc' dir='ltr'>καταϐαλόμενος</span> <span class='ocrx_word' id='word_1_707' title='bbox 1393 2149 1490 2185; x_wconf 79' lang='grc' dir='ltr'>ἀρχὴν,</span> <span class='ocrx_word' id='word_1_708' title='bbox 1509 2150 1556 2176; x_wconf 86' lang='grc' dir='ltr'>καὶ</span> <span class='ocrx_word' id='word_1_709' title='bbox 1567 2149 1643 2181; x_wconf 82' lang='grc' dir='ltr'>τέλος</span> <span class='ocrx_word' id='word_1_710' title='bbox 1658 2150 1733 2181; x_wconf 81' lang='grc' dir='ltr'>ἄξιον</span> <span class='ocrx_word' id='word_1_711' title='bbox 1749 2150 1869 2185; x_wconf 79' lang='grc' dir='ltr'>ἀπηνέγ-</span> 
     </span>
    </p>
   </div>
   <div class='ocr_carea' id='block_1_106' title="bbox 1080 2194 1868 2231">
    <p class='ocr_par' dir='ltr' id='par_1_106' title="bbox 1080 2194 1868 2231">
     <span class='ocr_line' id='line_1_106' title="bbox 1080 2194 1868 2231; baseline 0 -9"><span class='ocrx_word' id='word_1_712' title='bbox 1080 2204 1146 2222; x_wconf 86' lang='grc' dir='ltr'>κατο</span> <span class='ocrx_word' id='word_1_713' title='bbox 1170 2195 1221 2230; x_wconf 81' lang='grc' dir='ltr'>τῆς</span> <span class='ocrx_word' id='word_1_714' title='bbox 1249 2196 1347 2231; x_wconf 78' lang='grc' dir='ltr'>ἀρχῆς.</span> <span class='ocrx_word' id='word_1_715' title='bbox 1376 2194 1430 2229; x_wconf 83' lang='grc' dir='ltr'><strong>Τὴν</strong></span> <span class='ocrx_word' id='word_1_716' title='bbox 1453 2196 1507 2229; x_wconf 73' lang='grc' dir='ltr'>γὰρ</span> <span class='ocrx_word' id='word_1_717' title='bbox 1537 2195 1620 2221; x_wconf 59' lang='grc' dir='ltr'>πάλαι</span> <span class='ocrx_word' id='word_1_718' title='bbox 1640 2195 1732 2227; x_wconf 86' lang='grc' dir='ltr'>κακῶς</span> <span class='ocrx_word' id='word_1_719' title='bbox 1758 2195 1806 2230; x_wconf 80' lang='grc' dir='ltr'>μὲν</span> <span class='ocrx_word' id='word_1_720' title='bbox 1821 2197 1868 2222; x_wconf 82' lang='grc' dir='ltr'>καὶ</span> 
     </span>
    </p>
   </div>
   <div class='ocr_carea' id='block_1_107' title="bbox 1081 2240 1870 2277">
    <p class='ocr_par' dir='ltr' id='par_1_107' title="bbox 1081 2240 1870 2277">
     <span class='ocr_line' id='line_1_107' title="bbox 1081 2240 1870 2277; baseline 0.001 -9"><span class='ocrx_word' id='word_1_721' title='bbox 1081 2242 1235 2276; x_wconf 83' lang='grc' dir='ltr'>θεοστυγῶς</span> <span class='ocrx_word' id='word_1_722' title='bbox 1259 2240 1452 2277; x_wconf 74' lang='grc' dir='ltr'>μελετηθεῖσαν</span> <span class='ocrx_word' id='word_1_723' title='bbox 1476 2240 1530 2266; x_wconf 85' lang='grc' dir='ltr'>τῶν</span> <span class='ocrx_word' id='word_1_724' title='bbox 1551 2240 1743 2275; x_wconf 81' lang='grc' dir='ltr'>Εἰκονομάχων</span> <span class='ocrx_word' id='word_1_725' title='bbox 1763 2241 1870 2277; x_wconf 75' lang='grc' dir='ltr'>αἵρεσιν</span> 
     </span>
    </p>
   </div>
   <div class='ocr_carea' id='block_1_108' title="bbox 1081 2285 1869 2319">
    <p class='ocr_par' dir='ltr' id='par_1_108' title="bbox 1081 2285 1869 2319">
     <span class='ocr_line' id='line_1_108' title="bbox 1081 2285 1869 2319; baseline -0.003 -5"><span class='ocrx_word' id='word_1_726' title='bbox 1081 2287 1132 2314; x_wconf 80' lang='grc' dir='ltr'><strong>ὑπὸ</strong></span> <span class='ocrx_word' id='word_1_727' title='bbox 1143 2288 1259 2318; x_wconf 79' lang='grc' dir='ltr'>Λέοντος</span> <span class='ocrx_word' id='word_1_728' title='bbox 1273 2286 1378 2313; x_wconf 73' lang='grc' dir='ltr'>ἐκείνου</span> <span class='ocrx_word' id='word_1_729' title='bbox 1392 2286 1440 2312; x_wconf 86' lang='grc' dir='ltr'><strong>τοῦ</strong></span> <span class='ocrx_word' id='word_1_730' title='bbox 1455 2285 1612 2319; x_wconf 76' lang='grc' dir='ltr'>δυσσεϐοῦς,</span> <span class='ocrx_word' id='word_1_731' title='bbox 1627 2286 1675 2313; x_wconf 68' lang='grc' dir='ltr'>καὶ</span> <span class='ocrx_word' id='word_1_732' title='bbox 1696 2286 1869 2313; x_wconf 82' lang='grc' dir='ltr'>Κωνσταντί-</span> 
     </span>
    </p>
   </div>
   <div class='ocr_carea' id='block_1_109' title="bbox 1080 2331 1868 2367">
    <p class='ocr_par' dir='ltr' id='par_1_109' title="bbox 1080 2331 1868 2367">
     <span class='ocr_line' id='line_1_109' title="bbox 1080 2331 1868 2367; baseline -0.003 -7"><span class='ocrx_word' id='word_1_733' title='bbox 1080 2342 1125 2360; x_wconf 88' lang='grc' dir='ltr'><strong>νου</strong></span> <span class='ocrx_word' id='word_1_734' title='bbox 1141 2333 1188 2359; x_wconf 74' lang='grc' dir='ltr'><strong>τοῦ</strong></span> <span class='ocrx_word' id='word_1_735' title='bbox 1217 2332 1430 2367; x_wconf 77' lang='grc' dir='ltr'>δυσσεὸεστέρου</span> <span class='ocrx_word' id='word_1_736' title='bbox 1456 2331 1676 2366; x_wconf 83' lang='grc' dir='ltr'>κραταιωθεῖσαν</span> <span class='ocrx_word' id='word_1_737' title='bbox 1691 2332 1761 2364; x_wconf 74' lang='grc' dir='ltr'>υἱοῦ,</span> <span class='ocrx_word' id='word_1_738' title='bbox 1777 2331 1868 2364; x_wconf 83' lang='grc' dir='ltr'>καλῶς</span> 
     </span>
    </p>
   </div>
   <div class='ocr_carea' id='block_1_110' title="bbox 1079 2377 1868 2413">
    <p class='ocr_par' dir='ltr' id='par_1_110' title="bbox 1079 2377 1868 2413">
     <span class='ocr_line' id='line_1_110' title="bbox 1079 2377 1868 2413; baseline -0.004 -7"><span class='ocrx_word' id='word_1_739' title='bbox 1079 2379 1167 2406; x_wconf 79' lang='grc' dir='ltr'>δὲκαὶ</span> <span class='ocrx_word' id='word_1_740' title='bbox 1182 2378 1302 2410; x_wconf 79' lang='grc' dir='ltr'>εὐσεῦῶς</span> <span class='ocrx_word' id='word_1_741' title='bbox 1317 2378 1361 2404; x_wconf 79' lang='grc' dir='ltr'><strong>διὰ</strong></span> <span class='ocrx_word' id='word_1_742' title='bbox 1394 2377 1521 2412; x_wconf 86' lang='grc' dir='ltr'>προνοίας</span> <span class='ocrx_word' id='word_1_743' title='bbox 1546 2377 1614 2404; x_wconf 85' lang='grc' dir='ltr'>Θεοῦ</span> <span class='ocrx_word' id='word_1_744' title='bbox 1640 2378 1687 2404; x_wconf 77' lang='grc' dir='ltr'>καὶ</span> <span class='ocrx_word' id='word_1_745' title='bbox 1714 2378 1763 2413; x_wconf 83' lang='grc' dir='ltr'>τῆς</span> <span class='ocrx_word' id='word_1_746' title='bbox 1787 2377 1868 2411; x_wconf 84' lang='grc' dir='ltr'>ἁγίας</span> 
     </span>
    </p>
   </div>
   <div class='ocr_carea' id='block_1_111' title="bbox 1080 2421 1866 2460">
    <p class='ocr_par' dir='ltr' id='par_1_111' title="bbox 1080 2421 1866 2460">
     <span class='ocr_line' id='line_1_111' title="bbox 1080 2421 1866 2460; baseline -0.005 -8"><span class='ocrx_word' id='word_1_747' title='bbox 1080 2425 1197 2460; x_wconf 74' lang='grc' dir='ltr'>ἑϐδόμης</span> <span class='ocrx_word' id='word_1_748' title='bbox 1216 2423 1325 2450; x_wconf 87' lang='grc' dir='ltr'>συνόδου</span> <span class='ocrx_word' id='word_1_749' title='bbox 1341 2422 1551 2458; x_wconf 70' lang='grc' dir='ltr'>καθαιρεθεῖσαν</span> <span class='ocrx_word' id='word_1_750' title='bbox 1571 2422 1618 2449; x_wconf 76' lang='grc' dir='ltr'><strong>καὶ</strong></span> <span class='ocrx_word' id='word_1_751' title='bbox 1632 2421 1866 2454; x_wconf 81' lang='grc' dir='ltr'>καταπαυοεῐσαν,</span> 
     </span>
    </p>
   </div>
   <div class='ocr_carea' id='block_1_112' title="bbox 1079 2467 1868 2506">
    <p class='ocr_par' dir='ltr' id='par_1_112' title="bbox 1079 2467 1868 2506">
     <span class='ocr_line' id='line_1_112' title="bbox 1079 2467 1868 2506; baseline -0.006 -8"><span class='ocrx_word' id='word_1_752' title='bbox 1079 2473 1093 2499; x_wconf 87' lang='grc' dir='ltr'>ὁ</span> <span class='ocrx_word' id='word_1_753' title='bbox 1107 2471 1229 2506; x_wconf 77' lang='grc' dir='ltr'>μυσαρδς</span> <span class='ocrx_word' id='word_1_754' title='bbox 1244 2467 1322 2501; x_wconf 72' lang='grc' dir='ltr'>οὗτος</span> <span class='ocrx_word' id='word_1_755' title='bbox 1351 2469 1413 2503; x_wconf 59' lang='lat' dir='ltr'><strong>ﬁgat;</strong></span> <span class='ocrx_word' id='word_1_756' title='bbox 1431 2469 1478 2496; x_wconf 73' lang='grc' dir='ltr'>καὶ</span> <span class='ocrx_word' id='word_1_757' title='bbox 1504 2469 1553 2504; x_wconf 80' lang='grc' dir='ltr'><strong>τῆς</strong></span> <span class='ocrx_word' id='word_1_758' title='bbox 1569 2468 1699 2504; x_wconf 82' lang='grc' dir='ltr'>ἀληθείας</span> <span class='ocrx_word' id='word_1_759' title='bbox 1715 2467 1868 2502; x_wconf 85' lang='grc' dir='ltr'>παραλογι-</span> 
     </span>
    </p>
   </div>
   <div class='ocr_carea' id='block_1_113' title="bbox 1080 2511 1869 2552">
    <p class='ocr_par' dir='ltr' id='par_1_113' title="bbox 1080 2511 1869 2552">
     <span class='ocr_line' id='line_1_113' title="bbox 1080 2511 1869 2552; baseline -0.006 -9"><span class='ocrx_word' id='word_1_760' title='bbox 1080 2517 1145 2552; x_wconf 79' lang='grc' dir='ltr'>στὴς</span> <span class='ocrx_word' id='word_1_761' title='bbox 1159 2515 1292 2544; x_wconf 58' lang='grc' dir='ltr'>ἀπλανεοῦν</span> <span class='ocrx_word' id='word_1_762' title='bbox 1308 2514 1386 2546; x_wconf 77' lang='grc' dir='ltr'>αὖθις</span> <span class='ocrx_word' id='word_1_763' title='bbox 1417 2515 1567 2550; x_wconf 78' lang='grc' dir='ltr'>ἐπιχειρεῖ·</span> <span class='ocrx_word' id='word_1_764' title='bbox 1584 2512 1632 2540; x_wconf 75' lang='grc' dir='ltr'>καὶ</span> <span class='ocrx_word' id='word_1_765' title='bbox 1651 2513 1689 2547; x_wconf 85' lang='grc' dir='ltr'>τῷ</span> <span class='ocrx_word' id='word_1_766' title='bbox 1707 2511 1804 2547; x_wconf 69' lang='grc' dir='ltr'>πύργῳ</span> <span class='ocrx_word' id='word_1_767' title='bbox 1819 2513 1869 2546; x_wconf 81' lang='grc' dir='ltr'>τῆς</span> 
     </span>
    </p>
   </div>
   <div class='ocr_carea' id='block_1_114' title="bbox 1079 2557 1869 2600">
    <p class='ocr_par' dir='ltr' id='par_1_114' title="bbox 1079 2557 1869 2600">
     <span class='ocr_line' id='line_1_114' title="bbox 1079 2557 1869 2600; baseline -0.009 -10"><span class='ocrx_word' id='word_1_768' title='bbox 1079 2562 1235 2600; x_wconf 80' lang='grc' dir='ltr'>ὀρθοδοξίας</span> <span class='ocrx_word' id='word_1_769' title='bbox 1254 2562 1385 2596; x_wconf 59' lang='grc' dir='ltr'>ἑκραγεῖς</span> <span class='ocrx_word' id='word_1_770' title='bbox 1407 2560 1576 2596; x_wconf 78' lang='grc' dir='ltr'>(Νικηφόρος</span> <span class='ocrx_word' id='word_1_771' title='bbox 1589 2560 1618 2586; x_wconf 75' lang='grc' dir='ltr'>δὲ</span> <span class='ocrx_word' id='word_1_772' title='bbox 1633 2557 1711 2590; x_wconf 76' lang='grc' dir='ltr'>οὗτος</span> <span class='ocrx_word' id='word_1_773' title='bbox 1726 2557 1770 2594; x_wconf 79' lang='grc' dir='ltr'>ἦν,</span> <span class='ocrx_word' id='word_1_774' title='bbox 1788 2559 1802 2584; x_wconf 84' lang='lat'><strong>6</strong></span> <span class='ocrx_word' id='word_1_775' title='bbox 1818 2559 1869 2594; x_wconf 83' lang='grc' dir='ltr'>τῆς</span> 
     </span>
    </p>
   </div>
   <div class='ocr_carea' id='block_1_115' title="bbox 1079 2604 1868 2643">
    <p class='ocr_par' dir='ltr' id='par_1_115' title="bbox 1079 2604 1868 2643">
     <span class='ocr_line' id='line_1_115' title="bbox 1079 2604 1868 2643; baseline -0.001 -8"><span class='ocrx_word' id='word_1_776' title='bbox 1079 2609 1219 2641; x_wconf 79' lang='grc' dir='ltr'>εὐσεϐείας</span> <span class='ocrx_word' id='word_1_777' title='bbox 1230 2607 1456 2643; x_wconf 56' lang='lat' dir='ltr'><strong>«poeta-rm,an</strong></span> <span class='ocrx_word' id='word_1_778' title='bbox 1480 2606 1529 2641; x_wconf 80' lang='grc' dir='ltr'>τῆς</span> <span class='ocrx_word' id='word_1_779' title='bbox 1553 2605 1688 2640; x_wconf 77' lang='grc' dir='ltr'>βασιλίδος</span> <span class='ocrx_word' id='word_1_780' title='bbox 1713 2604 1868 2639; x_wconf 73' lang='grc' dir='ltr'>ἰεράρχης),</span> 
     </span>
    </p>
   </div>
   <div class='ocr_carea' id='block_1_116' title="bbox 1078 2650 1869 2690">
    <p class='ocr_par' dir='ltr' id='par_1_116' title="bbox 1078 2650 1869 2690">
     <span class='ocr_line' id='line_1_116' title="bbox 1078 2650 1869 2690; baseline -0.009 -8"><span class='ocrx_word' id='word_1_781' title='bbox 1078 2655 1167 2690; x_wconf 87' lang='grc' dir='ltr'>τούτῳ</span> <span class='ocrx_word' id='word_1_782' title='bbox 1183 2653 1345 2688; x_wconf 64' lang='grc' dir='ltr'>προσϐαλὼν</span> <span class='ocrx_word' id='word_1_783' title='bbox 1378 2652 1509 2683; x_wconf 84' lang='grc' dir='ltr'>θωπείαις</span> <span class='ocrx_word' id='word_1_784' title='bbox 1539 2651 1586 2678; x_wconf 76' lang='grc' dir='ltr'>καὶ</span> <span class='ocrx_word' id='word_1_785' title='bbox 1609 2650 1746 2682; x_wconf 82' lang='grc' dir='ltr'>ἀπειλαῖς,</span> <span class='ocrx_word' id='word_1_786' title='bbox 1776 2650 1869 2685; x_wconf 76' lang='grc' dir='ltr'>ἐπειδὴ</span> 
     </span>
    </p>
   </div>
   <div class='ocr_carea' id='block_1_117' title="bbox 1080 2694 1868 2734">
    <p class='ocr_par' dir='ltr' id='par_1_117' title="bbox 1080 2694 1868 2734">
     <span class='ocr_line' id='line_1_117' title="bbox 1080 2694 1868 2734; baseline -0.006 -9"><span class='ocrx_word' id='word_1_787' title='bbox 1080 2698 1251 2734; x_wconf 78' lang='grc' dir='ltr'>στερροτέρῳ</span> <span class='ocrx_word' id='word_1_788' title='bbox 1275 2697 1375 2732; x_wconf 82' lang='grc' dir='ltr'>μᾶλλον</span> <span class='ocrx_word' id='word_1_789' title='bbox 1395 2697 1412 2732; x_wconf 78' lang='grc' dir='ltr'>ἢ</span> <span class='ocrx_word' id='word_1_790' title='bbox 1434 2696 1507 2723; x_wconf 82' lang='grc' dir='ltr'>κατὰ</span> <span class='ocrx_word' id='word_1_791' title='bbox 1525 2695 1575 2731; x_wconf 80' lang='grc' dir='ltr'><strong>τὴν</strong></span> <span class='ocrx_word' id='word_1_792' title='bbox 1595 2694 1679 2721; x_wconf 77' lang='grc' dir='ltr'>αὐτοῦ</span> <span class='ocrx_word' id='word_1_793' title='bbox 1703 2695 1868 2730; x_wconf 81' lang='grc' dir='ltr'>περιέπιπτε</span> 
     </span>
    </p>
   </div>
   <div class='ocr_carea' id='block_1_118' title="bbox 1079 2741 1868 2782">
    <p class='ocr_par' dir='ltr' id='par_1_118' title="bbox 1079 2741 1868 2782">
     <span class='ocr_line' id='line_1_118' title="bbox 1079 2741 1868 2782; baseline -0.009 -9"><span class='ocrx_word' id='word_1_794' title='bbox 1079 2747 1188 2782; x_wconf 82' lang='grc' dir='ltr'>βουλήν,</span> <span class='ocrx_word' id='word_1_795' title='bbox 1205 2745 1342 2778; x_wconf 74' lang='grc' dir='ltr'>ἐξελαύνει</span> <span class='ocrx_word' id='word_1_796' title='bbox 1367 2744 1417 2780; x_wconf 83' lang='grc' dir='ltr'>μὲν</span> <span class='ocrx_word' id='word_1_797' title='bbox 1432 2744 1581 2780; x_wconf 82' lang='grc' dir='ltr'>τυραννικῇ</span> <span class='ocrx_word' id='word_1_798' title='bbox 1609 2742 1655 2770; x_wconf 80' lang='grc' dir='ltr'><strong>τοῦ</strong></span> <span class='ocrx_word' id='word_1_799' title='bbox 1674 2742 1770 2777; x_wconf 84' lang='grc' dir='ltr'>θρόνου</span> <span class='ocrx_word' id='word_1_800' title='bbox 1785 2741 1868 2776; x_wconf 73' lang='grc' dir='ltr'>χειρὶ,</span> 
     </span>
    </p>
   </div>
   <div class='ocr_carea' id='block_1_119' title="bbox 1079 2787 1870 2827">
    <p class='ocr_par' dir='ltr' id='par_1_119' title="bbox 1079 2787 1870 2827">
     <span class='ocr_line' id='line_1_119' title="bbox 1079 2787 1870 2827; baseline -0.01 -7"><span class='ocrx_word' id='word_1_801' title='bbox 1079 2794 1156 2820; x_wconf 77' lang='grc' dir='ltr'>ἐννέα</span> <span class='ocrx_word' id='word_1_802' title='bbox 1173 2793 1261 2819; x_wconf 79' lang='grc' dir='ltr'>ἐτεσιν</span> <span class='ocrx_word' id='word_1_803' title='bbox 1280 2792 1330 2827; x_wconf 76' lang='grc' dir='ltr'>ἠδη</span> <span class='ocrx_word' id='word_1_804' title='bbox 1346 2790 1533 2822; x_wconf 72' lang='grc' dir='ltr'>ἀποστολικιῖς</span> <span class='ocrx_word' id='word_1_805' title='bbox 1550 2789 1671 2817; x_wconf 82' lang='grc' dir='ltr'>ίθύναντι</span> <span class='ocrx_word' id='word_1_806' title='bbox 1685 2788 1734 2825; x_wconf 84' lang='grc' dir='ltr'>τὴν</span> <span class='ocrx_word' id='word_1_807' title='bbox 1756 2787 1870 2821; x_wconf 78' lang='grc' dir='ltr'>Ἐκκλη-</span> 
     </span>
    </p>
   </div>
   <div class='ocr_carea' id='block_1_120' title="bbox 1081 2836 1871 2874">
    <p class='ocr_par' dir='ltr' id='par_1_120' title="bbox 1081 2836 1871 2874">
     <span class='ocr_line' id='line_1_120' title="bbox 1081 2836 1871 2874; baseline -0.008 -7"><span class='ocrx_word' id='word_1_808' title='bbox 1081 2840 1152 2874; x_wconf 83' lang='grc' dir='ltr'>σίαν,</span> <span class='ocrx_word' id='word_1_809' title='bbox 1170 2839 1238 2874; x_wconf 76' lang='grc' dir='ltr'>πρὸς</span> <span class='ocrx_word' id='word_1_810' title='bbox 1252 2838 1280 2865; x_wconf 82' lang='grc' dir='ltr'>δὲ</span> <span class='ocrx_word' id='word_1_811' title='bbox 1292 2840 1347 2870; x_wconf 79' lang='grc' dir='ltr'>τοῖς</span> <span class='ocrx_word' id='word_1_812' title='bbox 1363 2838 1458 2871; x_wconf 70' lang='grc' dir='ltr'>δεξιοῖς</span> <span class='ocrx_word' id='word_1_813' title='bbox 1479 2837 1526 2864; x_wconf 88' lang='grc' dir='ltr'><strong>τοῦ</strong></span> <span class='ocrx_word' id='word_1_814' title='bbox 1538 2836 1635 2864; x_wconf 86' lang='grc' dir='ltr'>Στενοῦ</span> <span class='ocrx_word' id='word_1_815' title='bbox 1651 2837 1748 2872; x_wconf 77' lang='grc' dir='ltr'>μέρεσι</span> <span class='ocrx_word' id='word_1_816' title='bbox 1761 2836 1830 2862; x_wconf 85' lang='grc' dir='ltr'>κατά</span> <span class='ocrx_word' id='word_1_817' title='bbox 1844 2841 1871 2859; x_wconf 79' lang='grc' dir='ltr'><strong>τι</strong></span> 
     </span>
    </p>
   </div>
  </div>
