2092 3156
212 125 266 157 493

738 123 826 153 νΙΤΛ
845 122 874 151 S.
897 121 1047 151 lGNATlI
1063 121 1116 151 ΟΡ.
1139 121 1315 151 ARCHIEP.

1791 123 1846 156 4θὶ

212 181 337 216 σεμνείον
358 180 439 207 αὑτὸν
453 181 467 206 ὁ
479 179 584 214 ἀπηνὴς
596 178 753 214 ὺπερορίζει
763 186 770 194 ⁸
784 178 850 204 ὅπου
861 177 893 213 δὴ
905 177 999 212 χρόνον

1053 178 1204 212 curasset),
1221 178 1264 205 ubi
1290 178 1387 206 beatus
1413 178 1456 206 ille
1474 179 1594 213 septenis
1620 178 1698 207 denis
1715 181 1794 209 annis
1816 182 1844 208 in

213 227 447 253 ἑπτακαιδέκατον
462 227 477 252 ὁ
507 226 642 261 μακάριος
657 226 759 255 ἐκεῖνος
771 226 799 250 ὲν
815 225 847 258 τῇ
862 224 930 257 καλῇ
941 223 1000 249 δια-

210 271 353 303 ϐεϐιωκὼς
369 272 510 307 ὁμολογίᾳ,
530 271 597 306 πρὸς
622 271 667 297 τὸν
683 270 749 296 Θεὸν
765 270 893 305 μετέστη.
909 268 1002 294 Θεόδο-

211 327 257 345 τον
268 318 296 344 δέ
310 326 370 344 τινα
381 317 436 344 τῶν
458 318 487 344 ἐν
506 317 656 347 πολιτικοῖς
675 315 897 350 φενακιζομένων
914 312 999 346 ἀξιώ-

211 373 307 399 μασιν,
334 363 418 398 ἄνδρα
445 364 587 398 κοσμικαῖς
610 362 688 398 ἣθεσί
718 369 747 388 τε
771 362 818 388 καὶ
841 362 1002 397 πράγμασιν

210 408 439 444 ἐντεθραμμένον,
469 408 597 443 οὐδεμιᾶς
625 407 653 434 δὲ
675 406 809 438 παιδείας,
827 407 857 432 οὐ
874 407 1002 441 γνώσεως

211 452 318 487 ἀγαθῆς
347 452 547 487 μετεσχηκότα,
562 452 643 486 μόνον
661 451 688 478 δὲ
704 452 753 486 τῆς
764 452 1000 488 Χριστιανοκατη-

210 497 325 532 γορικῆς
335 497 389 524 τῶν
402 497 658 531 Εἰκονομαχούντων
672 496 805 531 αἱρέσεως
820 495 944 531 ζηλωτὴν
958 505 1002 523 νο-

211 542 370 577 μιζόμενον,
401 541 531 576 κληρικέιν
551 540 702 576 ἀποκείρας
720 541 733 566 ό
756 540 944 576 παμϐἑϐηλος,
962 541 1002 577 τῷ

210 588 260 623 τῆς
284 587 418 623 βασιλίδος
445 586 562 622 ἐνιδρύει
590 587 686 622 θρόνῳ.
717 586 857 613 Ἐντεῦθεν
880 587 1001 622 διωγμὸν

211 633 311 669 πικρὸν
329 633 377 660 καὶ
404 633 590 668 ἀπάνθρωπον
611 633 682 659 κατὰ
696 633 751 658 τῶν
770 632 892 659 εὐσεϐεῖν
910 632 1001 668 βουλο-

212 679 301 713 μένων
312 679 532 714 ὲπανῃρημὲνος,
547 674 610 714 εὗρε
618 677 650 712 δὴ
663 678 732 704 κατὰ
743 677 827 709 πόδας
844 678 891 704 καὶ
902 678 936 704 τὰ
952 679 1001 712 τῆς

209 724 349 760 ἁμαρτίας
362 724 465 758 ὀψώνια
478 724 523 751 τὸν
532 723 657 756 θάνατον,
675 725 704 750 ἐν
722 723 792 750 ἑπτὰ
804 723 854 758 μὲν
864 723 937 751 ἔτεσι
954 724 1003 751 καὶ

212 771 311 806 μικρόν
320 779 347 796 τι
359 770 426 805 πρὸς
439 770 488 805 τῆς
497 770 615 805 ἀρχικῆς
633 769 758 802 ἐξουσίας
776 770 1000 805 συντετμημένης

209 816 297 852 αὐτῷ,
314 817 344 843 ἐν
359 817 453 851 μέσοις
468 816 496 843 δὲ
515 817 571 848 τοῖς
599 816 707 847 ἀδύτοις
723 815 771 842 τοῦ
787 816 851 843 ναοῦ
867 816 916 851 τῆς
936 816 1001 842 Θεο-

208 861 382 897 μήτορος,δν
405 862 437 897 δὴ
462 861 550 896 Φάρον
577 862 605 888 ἐν
621 861 659 896 τῷ
680 861 803 897 παλατίῳ
826 861 904 896 φασὶ,
921 861 1000 893 κυνὸς
1016 857 1039 886 Β

207 907 307 943 τρόπον
322 909 378 939 τοῖς
390 907 506 942 ξίφεσιν.
533 908 561 934 '0
578 908 627 942 μὲν
645 905 692 934 οὖν
706 907 778 934 οὕτω
799 907 950 942 φιλοτίμως
967 907 1001 934 τὰ

207 952 258 988 τῆς
283 952 412 983 ἀσεϐείας
441 952 586 987 σπέρματα
608 951 840 987 καταϐαλόμενος,
861 952 1001 986 ἀναλόγως

207 998 262 1024 τῶν
287 997 370 1025 αὑτοῦ
400 998 489 1024 πόνων
515 997 650 1032 ἐτρύγησε
674 997 722 1023 καὶ
745 998 794 1029 τὰς
821 997 999 1032 ἐπικαρπίας.

207 1043 318 1078 Μιχαὴλ
337 1043 400 1079 γὰρ,
422 1042 453 1069 ὃν
475 1042 523 1069 καὶ
551 1043 654 1069 Ψελλόν
677 1051 754 1077 φασι,
772 1042 933 1077 δομέστικος
945 1043 1000 1069 τῶν

208 1088 373 1121 ὲξκουϐίτων
402 1087 439 1114 ὢν
469 1088 541 1120 τότε,
573 1089 621 1115 καὶ
647 1089 685 1120 ὡς
708 1089 852 1124 τυραννίδα
880 1088 1000 1123 μελετῶν

206 1134 372 1169 διαϐληθεὶς,
396 1134 443 1160 καὶ
469 1134 686 1167 κατακλεισθεὶς,
710 1135 754 1161 διὰ
781 1135 836 1161 τῶν
865 1127 948 1161 αὖτοῦ
972 1134 1000 1161 δὲ

208 1181 375 1216 συνωμοτῶν
402 1182 449 1207 καὶ
472 1181 664 1208 σννασπισεῶν
680 1180 832 1216 λεληθότως
847 1182 903 1213 τοῖς
922 1180 999 1216 βασι-

205 1226 287 1258 λείοις
309 1227 338 1253 ἐν
363 1227 484 1262 σχήματι
509 1226 647 1261 κληρικῶν
663 1227 872 1253 ἐπεισελθόντων
888 1228 998 1263 ὖρθρου,

205 1271 313 1299 καὶτὸν
327 1271 459 1307 τύραννον
483 1272 672 1306 ἀνῃρηκότων,
694 1272 776 1303 αὐτὸς
801 1271 883 1303 εὐθὺς
896 1272 996 1305 ἀναγο-

206 1316 322 1351 ρευθεὶς,
348 1317 394 1344 τὸν
415 1317 466 1352 μὲν
487 1317 517 1344 ἐν
539 1317 633 1352 σάκκῳ
657 1317 882 1352 συγκεκομμένον
895 1316 995 1352 βαλὼν,

1054 224 1183 258 praeclara
1209 224 1382 252 confessione
1399 225 1520 256 exactis,
1539 225 1572 252 ad
1598 225 1682 253 Deum
1708 227 1843 262 migravit.

1053 269 1082 296 in
1116 268 1214 296 throno
1240 277 1304 296 vero
1336 269 1638 304 Constantinopolitano
1672 270 1844 300 Theodotum

1052 315 1198 351 quemdam
1217 315 1338 350 profanis
1359 315 1479 343 moribus
1491 323 1523 342 ac
1536 317 1652 351 negotiis
1665 318 1842 352 innutritum,

1054 366 1138 396 atque
1152 362 1242 388 omnis
1253 361 1384 388 doctrinae
1395 365 1422 388 et
1438 361 1557 388 liberalis
1568 361 1720 397 disciplina.-
1730 367 1844 398 prorsus

1053 411 1192 441 expertem
1206 407 1274 441 (hoc
1288 412 1377 437 tamen
1392 415 1458 439 uno,
1471 408 1544 442 quod
1558 407 1728 437 Christianos
1742 410 1846 438 calum-

1054 453 1158 481 niantis
1169 452 1412 480 lconomachorum
1425 453 1560 481 haereseos
1573 455 1717 482 aemulator
1729 456 1845 484 habere.

1055 499 1117 532 tur)
1131 503 1270 525 attonsum
1289 498 1498 533 profanissimul
1520 499 1673 527 collocavit.
1691 500 1760 528 Hinc
1775 510 1845 529 saeva

1054 544 1213 578 crudelique
1233 544 1340 579 piorum
1358 545 1501 572 vexatione
1525 545 1667 578 instituta,
1693 545 1771 580 juxta
1788 547 1846 574 \ias

1054 597 1130 621 suas,
1149 589 1285 624 stipendia
1305 590 1409 624 peccati
1427 594 1542 616 mortem
1557 590 1670 625 accepit.
1688 590 1756 618 Nam
1773 591 1844 619 intra

1053 636 1224 670 srptennium
1246 641 1272 663 rt
1287 636 1368 671 paulo
1385 636 1444 670 plus
1468 636 1542 670 regia
1556 641 1687 671 potestate
1713 637 1752 664 illi
1777 642 1846 672 prae-

1053 683 1126 714 cisa,
1145 683 1172 709 in
1194 683 1290 710 mediis
1306 682 1353 709 Dei
1373 682 1467 709 Matris
1481 683 1574 717 templi
1589 683 1681 718 (quod
1696 684 1722 711 in
1741 684 1844 718 palatio

1053 727 1171 754 Pharum
1182 727 1456 762 nuncnpant)adytis,
1470 727 1575 762 infelix,
1586 729 1640 755 ritu
1651 729 1736 762 canis,
1748 729 1846 765 gladiis

1054 773 1196 800 confectus
1207 778 1258 800 est.
1270 772 1320 804 Ita,
1331 781 1412 807 quam
1426 777 1501 799 tanta
1513 774 1688 801 contentione
1699 774 1847 808 impietatis

1054 823 1204 847 sementem
1234 818 1312 851 fecit,
1342 819 1413 846 hanc
1439 827 1548 853 quoque
1575 819 1698 847 laborum
1732 827 1845 847 suorum

1055 873 1170 893 messem
1189 865 1307 901 collegit.
1325 865 1430 893 Etenim
1445 865 1558 893 Michael
1574 865 1685 899 Balbus,
1700 867 1842 894 excubito-

1054 916 1115 935 rum
1139 912 1196 935 tnm
1221 908 1364 944 praefectus
1376 929 1384 941 ,
1402 917 1450 937 seu
1465 910 1645 943 domesticus,
1665 911 1698 938 de
1715 911 1842 939 all'ectato

1053 960 1137 988 regno
1149 953 1264 986 delatus,
1278 954 1343 980 etin
1358 954 1511 981 custodiam
1524 954 1615 988 datus,
1629 963 1643 981 a
1654 956 1846 983 commilitoni-

1053 997 1105 1024 bus
1118 997 1176 1024 suis
1186 1002 1212 1024 et
1221 998 1304 1025 sociis
1317 998 1579 1033 conjurationis,qui
1594 999 1756 1027 clericorum
1769 1001 1846 1028 habi-

1052 1047 1110 1069 tum
1125 1043 1258 1075 ementiti,
1274 1044 1343 1070 clam
1360 1050 1468 1070 summo
1481 1051 1560 1071 mane
1573 1045 1704 1078 palatiqu
1727 1045 1845 1080 ingressi

1053 1092 1198 1123 tyrannum
1215 1089 1391 1120 occiderunt,
1408 1089 1544 1124 extemplo
1560 1090 1708 1125 imperator
1723 1095 1765 1119 est
1779 1098 1846 1118 con-

1052 1135 1203 1162 salutatus:
1215 1135 1260 1170 qui
1273 1140 1418 1171 tyrannum
1432 1136 1585 1168 concisum,
1598 1141 1678 1172 atque
1693 1138 1719 1164 in
1735 1145 1845 1165 saccum

1051 1180 1218 1214 conjectum,
1232 1181 1258 1207 in
1275 1182 1362 1208 insula
1374 1181 1466 1214 Prota,
1480 1182 1539 1209 sino
1552 1182 1607 1209 ullo
1623 1188 1765 1217 apparatu,
1784 1191 1846 1210 con-

1051 1226 1173 1260 temptim
1181 1226 1289 1260 sepeliri
1304 1227 1440 1261 praecepit,
1452 1227 1608 1262 liberosque
1620 1229 1732 1254 castrari
1745 1232 1771 1255 et
1787 1232 1848 1255 ton-

1050 1271 1108 1299 deri
1119 1272 1171 1300 :uti
1182 1271 1324 1307 Scriptura
1335 1277 1410 1305 teste,
1422 1272 1568 1300 Com-crsu:
1578 1274 1610 1300 si:
1618 1273 1694 1300 labor
1700 1275 1757 1309 ejus
1766 1275 1793 1300 iu
1805 1283 1847 1302 ca-

1050 1323 1097 1352 put
1108 1318 1176 1352 ejus,
1185 1327 1215 1345 ac
1223 1319 1251 1345 in
1259 1318 1316 1353 ejus
1332 1320 1452 1346 verticem
1466 1318 1595 1353 iniquitas
1604 1319 1659 1354 ejus
1671 1319 1845 1347 descenderit.

206 1362 246 1393 εἰς
257 1362 306 1397 τὴν
318 1362 432 1398 Πρώτην
449 1363 620 1398 καλουμένην
635 1363 831 1399 νῆσονάτίμως
844 1364 994 1399 προσέταξε
1022 1364 1154 1398 ταφῆναι,
1182 1365 1245 1396 τούς
1275 1374 1305 1391 τε
1337 1365 1420 1392 αὐτοῦ
1454 1365 1529 1397 υἱοὺς
1565 1365 1771 1401 εὐνουχισθῆναι
1801 1366 1848 1392 καὶ

205 1409 325 1444 καρῆναι
335 1417 342 1424 ·
353 1409 394 1442 ὡς
404 1409 585 1444 ἐπιστρέψαι
605 1409 659 1436 τὸν
673 1409 771 1437 πόνον
786 1410 879 1438 αὑτοῦ
891 1409 941 1437 ἐπὶ
956 1410 1014 1444 τὴν
1027 1410 1165 1445 κεφαλὴν
1175 1409 1279 1444 αὺτοῦ,
1294 1412 1364 1437 κατὰ
1387 1411 1436 1446 τὴν
1452 1411 1574 1446 Γραφὴν,
1588 1411 1637 1438 καὶ
1647 1411 1697 1438 ἐπὶ
1709 1411 1848 1446 κορυφὴν·

204 1456 298 1484 αὑτοῦ
312 1456 370 1491 τὴν⁹
381 1457 476 1484 αὐτοῦ
493 1457 615 1485 ἀδικίαν
629 1457 806 1491 καταϐῆναι.

240 1504 326 1535 ante;
350 1503 378 1531 δὲ
407 1504 518 1539 Μιχαὴλ
552 1505 725 1540 Ἀμοριανὺς,
748 1505 796 1531 καὶ
825 1505 874 1540 τὴν
893 1505 999 1540 αἵρεσιν

1086 1503 1200 1531 Michael
1214 1509 1295 1537 porro
1306 1502 1471 1529 Amm-ianus
1483 1502 1580 1536 patria,
1599 1505 1728 1536 sectaque
1744 1500 1848 1528 Subba-

205 1549 391 1581 Σαϐϐατιανὺς
419 1550 468 1583 ὢν,
494 1550 542 1577 ἐπὶ
565 1551 644 1577 ἐννέα
659 1551 708 1585 μὲν
727 1551 841 1585 χρόνους
857 1552 903 1577 καὶ
917 1551 1003 1585 ἥμισυ

205 1596 240 1624 τὰ
254 1595 382 1631 σκῆπτρα
394 1595 482 1622 διεῖπε
497 1596 546 1630 τῆς
558 1595 659 1631 ἀρχῆς,
671 1596 801 1631 οὐδεμίαν
822 1595 850 1622 δὲ
861 1597 910 1630 τῆς
925 1595 1004 1631 ὀρθο-

205 1641 297 1674 δοξὶας
310 1642 439 1677 φροντίδα
465 1643 596 1674 ἐποιεῖτο,
614 1642 683 1669 ἀλλὰ
701 1642 750 1669 καὶ
774 1642 835 1676 βίαν
852 1643 909 1673 τοῖς
925 1642 1004 1668 εὐσε-

205 1687 264 1714 ϐεῖν
271 1687 407 1715 ἐθέλουσιν
418 1688 530 1724 ἐπῆγεν.
537 1688 664 1714 Θεοδότου
672 1688 699 1714 δὲ
706 1687 752 1714 τοῦ
762 1688 920 1722 Κασσιτερᾶ
927 1686 1004 1720 λεγο-

207 1733 289 1768 μένου
300 1733 472 1770 τεθνηκότος,
483 1735 529 1761 τὸν
540 1734 713 1769 Βυρσοδέψην
728 1733 895 1768 καλούμενον
903 1732 1004 1759 Ἀντὼ-

206 1789 275 1812 νιον,
289 1780 493 1816 μητροπολίτην
503 1781 608 1816 μένῆδη
617 1780 726 1815 Πέργης
738 1779 1004 1814 γενόμενον,κα“ιτῆς

205 1825 336 1860 αἱρέσεως
347 1825 652 1860 κοινωνὸν,σχολάζοντα
661 1824 699 1856 δὲ,
710 1825 724 1850 ό
731 1824 810 1855 αὐτὸς
819 1823 927 1859 Μιχαὴλ
937 1824 1003 1849 ἁνα-

206 1871 295 1898 λαϐὼν
310 1890 318 1904 ,
335 1871 466 1906 ἀρχιερέα
486 1870 800 1901 Κωνσταντινουπόλεως
817 1869 1001 1896 ἀποδείκνυσι.

242 1917 321 1944 Μετὰ
333 1917 362 1943 δὲ
375 1917 420 1944 τὸν
431 1916 543 1952 Μιχαὴλ
563 1916 694 1951 Θεόφιλος
706 1917 719 1942 δ
732 1916 789 1947 υίὸς
811 1917 857 1942 ἐπὶ
874 1915 940 1942 δέκα
955 1916 1003 1942 καὶ

206 1963 281 1998 τρεῖς
298 1962 412 1997 χρόνους
437 1962 576 1998 ἐγκρατὴς
591 1961 698 1996 γίνεται
715 1961 765 1995 ’τῆς
783 1961 933 1996 βασιλείας.
947 1961 1001 1987 Καὶ

206 2006 241 2044 ἦν
258 2005 343 2034 τᾶλλα
359 2008 419 2043 μὲν,
442 2007 479 2039 ὥς
498 2017 592 2043 φασιν,
626 2008 656 2034 οὺ
673 2007 769 2039 κακὸς,
789 2007 837 2033 καὶ
849 2007 1001 2041 δικαιοκρι-

207 2054 270 2086 σίας
293 2054 491 2089 ἀντεχόμενος³
507 2054 556 2089 τὴν
575 2053 704 2088 ἀθέτησιν
725 2053 753 2079 δὲ
780 2052 834 2078 τῶν
849 2052 940 2087 ιερῶν,
954 2053 1000 2079 καὶ

207 2099 253 2126 τὸν
269 2099 323 2126 τῶν
337 2099 487 2135 ὁρθοδόξων
502 2099 621 2134 διωγμὸν
643 2098 760 2130 οὐδενὸς,
776 2098 813 2129 ὡς
831 2098 929 2129 εἰπεῖν,
945 2096 1000 2123 τῶν

209 2144 263 2180 πρὸ
275 2144 357 2171 αὐτοῦ
370 2144 492 2172 διωκτῶν
506 2144 646 2180 ἐνομίζετο
661 2144 825 2178 κουφότερος
838 2151 845 2158 ·
860 2143 907 2169 καὶ
921 2142 1000 2169 τοῦτο

1056 1551 1146 1579 tianus
1159 1571 1166 1582 ,
1180 1550 1295 1585 sceptris
1311 1550 1417 1584 Imperii
1434 1556 1482 1583 per
1496 1549 1662 1575 novennium
1676 1552 1703 1576 et
1715 1552 1847 1576 semestre

1055 1597 1191 1629 tractatis,
1214 1599 1295 1623 rectae
1320 1595 1460 1630 religionis
1491 1602 1584 1622 eurum
1610 1594 1694 1629 gessit
1719 1594 1818 1621 nullam
1838 1603 1845 1621 :
1876 1615 1878 1621 ν

1054 1643 1172 1670 subinde
1198 1647 1289 1669 tamen
1305 1648 1376 1669 verae
1392 1641 1502 1676 pietatis
1516 1640 1645 1668 studiosis
1670 1640 1725 1667 vim
1746 1640 1845 1667 attulit.

1055 1686 1205 1717 Theodoto,
1214 1693 1293 1720 quem
1306 1685 1470 1712 Cassiteram
1484 1684 1687 1719 appellitabant,
1699 1683 1845 1716 exstincto,

1054 1730 1167 1758 Michael
1185 1729 1332 1756 Antonium
1345 1749 1352 1761 ,
1376 1733 1557 1762 cognomento
1582 1727 1778 1762 Byrsodepsam
1795 1726 1845 1762 (ἢ),

1052 1777 1108 1811 jnm
1125 1775 1218 1811 Perga;
1234 1774 1450 1809 metropolitaln,
1471 1779 1498 1801 et
1518 1774 1654 1801 lucrcseos
1675 1773 1845 1808 participem,

1055 1827 1119 1849 tunc
1140 1821 1267 1854 accersit,
1284 1821 1418 1855 urbisque
1432 1820 1513 1855 regis:
1526 1819 1710 1854 patriai-ehem
1723 1826 1845 1854 pronun-

1057 1869 1117 1896 tiat.

1089 1914 1245 1942 Secundum
1267 1913 1425 1942 Michaelem
1446 1911 1623 1948 Theophilus,
1648 1911 1788 1940 Michaelis
1813 1910 1846 1938 ﬂ-

1052 1962 1115 1994 lius,
1125 1961 1239 1995 sceptris
1247 1960 1346 1994 potitus
1356 1967 1440 1987 annos
1449 1959 1576 1986 tredecim
1584 1957 1724 1992 imperavit
1732 1965 1740 1989 ;
1749 1962 1845 1984 cmtera

1052 2015 1106 2035 non
1122 2007 1211 2034 malus
1222 2026 1229 2039 ,
1246 2006 1382 2041 aequitatis
1401 2012 1511 2041 quoque
1529 2007 1725 2040 propugnator.
1741 2002 1793 2029 Sed
1818 2002 1846 2028 in

1051 2060 1192 2081 sacrarunt
1221 2052 1368 2087 imaginum
1392 2051 1572 2079 insectatione
1589 2049 1664 2077 nullo
1690 2052 1763 2077 retro
1783 2046 1845 2073 Ico-

1051 2100 1246 2127 nomachorum
1259 2098 1372 2126 inferior
1398 2097 1550 2124 habebatur
1564 2096 1800 2131 credebaturque:
1817 2092 1844 2123 id

1051 2151 1116 2171 vero
1132 2144 1251 2170 maxime
1271 2142 1396 2174 Joannis,
1414 2148 1496 2176 quem
1513 2139 1634 2167 Antonio
1655 2139 1844 2174 pitriarcham

207 2190 367 2217 ἐπιστεύετο
393 2188 463 2217 εἶναι
478 2191 527 2218 καὶ
547 2190 670 2225 γενεσθαι
688 2189 718 2222 ἐξ
731 2189 866 2224 ὑποϐολῆς
883 2189 1001 2223 μάλιστα

1055 2190 1211 2221 sttll'ecerat,
1225 2188 1346 2223 impulsu
1361 2187 1472 2215 fecisse.

207 2236 256 2263 τοῦ
278 2236 412 2268 Ἰωάννου,
428 2237 458 2263 ὃν
472 2238 542 2273 μετὰ
557 2237 603 2264 τὸν
621 2236 764 2263 ’Λντώνιον
776 2237 879 2267 ἐκεῖνος
891 2235 939 2262 ἐπὶ
957 2235 1002 2261 τὸν

208 2283 408 2318 πατριαρχικδν
421 2282 514 2317 ὕψωσε
528 2282 633 2318 θρόνον.

250 2328 294 2355 Ἐν
304 2327 411 2360 τούτοις
424 2328 478 2355 τῶν
486 2337 515 2355 τε
531 2328 677 2354 πολιτικῶν
687 2328 732 2354 καὶ
745 2327 798 2354 τῶν
811 2327 1000 2361 ἐκκλησιαστι-

207 2374 265 2401 κῶν
279 2375 452 2410 πραγμάτων
471 2374 629 2410 ὁρωμένων,
651 2374 699 2401 καὶ
730 2373 778 2399 ἐπὶ
800 2373 999 2408 τριακονταέτη

208 2419 305 2455 χρόνον
329 2419 381 2455 τῆς
405 2420 609 2455 ὀρθοτομαύσης
636 2420 686 2455 μὲν
704 2419 868 2452 Ἐκκλησίας
892 2419 999 2454 μυρίοις

208 2467 282 2498 ὅσοις
300 2467 435 2498 κινδύνοις
451 2467 499 2493 καὶ
529 2466 656 2498 θανάτοις
675 2467 723 2493 καὶ
739 2465 846 2500 θλίψεσι
869 2473 1002 2500 προσομι-

209 2511 320 2548 λούσης,
337 2512 391 2540 τῶν
408 2511 514 2539 ἀσεϐῶν
529 2511 557 2538 δὲ
572 2511 605 2538 τὰ
620 2512 686 2546 ἆγια
709 2510 939 2538 καταπατούντων
955 2510 1001 2544 βε-

211 2557 304 2594 ϐήλοις
320 2559 395 2591 ποσὶ,
417 2560 465 2586 καὶ
486 2558 654 2594 ἀκαθάρτοις
674 2558 710 2585 τὰ
734 2557 794 2584 θεῖα
811 2556 1000 2592 μεταχειριζο-

213 2604 304 2640 μένων
318 2606 408 2640 χερσὶ,
422 2605 546 2640 Νικήτας
556 2607 570 2631 ό
586 2605 633 2631 καὶ
656 2604 797 2638 Ἰγνάτιος,
811 2600 855 2629 οἶά
866 2612 906 2634 τις
926 2603 1002 2637 εὐγε-

209 2652 337 2683 νέστατος
350 2651 440 2687 θρπηξ
456 2653 485 2678 ἐν
500 2651 538 2687 τῷ
554 2651 622 2686 οἴκῳ
637 2650 684 2677 τοῦ
697 2649 766 2677 Θεοῦ
782 2649 936 2683 φυτευθεὶς,
956 2649 1002 2675 καὶ

210 2698 239 2724 ἐν
256 2699 318 2730 ταῖς
328 2698 425 2729 αὐλαῖς
441 2699 489 2733 τῆς
510 2697 658 2732 μοναδικῆς
679 2696 817 2727 πολιτείας
832 2695 1000 2731 ἐξηνθηκώς,

209 2743 260 2771 οὐκ
273 2744 387 2779 ἔμελλεν
400 2745 523 2780 ἄκαρπος
539 2743 654 2772 ἐνώπιον
664 2743 711 2770 τοῦ
730 2742 913 2777 φυτεύσαντος
921 2741 1001 2768 αὐτὸν

210 2790 336 2824 ὁρᾶσθαι,
363 2787 424 2818 alia
451 2790 560 2826 φύλλοις
581 2790 673 2826 μόνον,
699 2789 787 2816 τῐτουν
808 2786 1002 2824 ἀπειροκάλως

246 2848 284 2883 (2)
301 2847 358 2877 lioe
369 2853 411 2877 est
424 2848 584 2889 coriaripm.

1086 2327 1114 2354 In
1128 2327 1181 2354 hoc
1195 2332 1285 2353 rerum
1299 2328 1371 2352 statu
1382 2330 1443 2351 cum
1455 2330 1497 2351 res
1505 2321 1630 2350 etciviles
1643 2325 1670 2348 et
1679 2321 1845 2349 ecclesiasti.

1051 2379 1090 2400 ea:
1101 2375 1286 2404 versarentur,
1301 2369 1422 2398 Ecclesia
1436 2368 1570 2396 catholica
1585 2371 1657 2395 totos
1672 2367 1782 2402 triginta
1799 2373 1845 2394 an-

1051 2426 1102 2446 nos
1112 2417 1241 2453 periculis
1256 2415 1509 2446 innumerabilibus,
1531 2419 1558 2441 et
1572 2414 1701 2441 aerumnis
1712 2413 1845 2440 caedibus-
1857 2419 1862 2440 ι

1052 2472 1105 2499 que
1120 2463 1284 2494 conﬂictata,
1309 2469 1370 2489 cum
1386 2461 1460 2496 impii
1479 2464 1572 2488 sancta
1589 2459 1713 2494 profanis
1728 2459 1845 2494 pedibus

1053 2510 1254 2542 conculcarent,
1272 2514 1298 2536 et
1313 2515 1390 2536 sacra
1411 2507 1521 2542 pollutis
1547 2506 1675 2533 manibus
1691 2508 1845 2533 contrecta-

1055 2560 1156 2589 tarent,
1173 2554 1285 2582 Nicetas
1301 2554 1358 2581 sive
1371 2553 1501 2588 lgnatins,
1529 2551 1601 2579 velut
1616 2549 1845 2586 generosissimus

1054 2603 1081 2629 in
1092 2602 1175 2630 domo
1188 2601 1296 2628 Domini
1309 2600 1437 2628 surculus
1452 2599 1591 2633 plantatus
1606 2603 1634 2625 et
1650 2599 1676 2624 in
1694 2596 1772 2624 atriis
1784 2601 1851 2621 mo--

1056 2650 1168 2676 nastica:
1180 2648 1243 2675 vitae
1253 2646 1395 2678 educatus,
1408 2653 1458 2673 nec
1471 2645 1495 2672 ei
1513 2645 1560 2680 qui
1576 2645 1663 2679 ipsum
1676 2643 1844 2678 plantaverat

1057 2692 1256 2725 infructuosus,
1266 2698 1316 2718 nec
1327 2690 1360 2717 ad
1371 2689 1489 2725 speciem
1505 2688 1577 2716 foliis
1592 2692 1698 2714 tantum
1714 2682 1842 2718 copiosis,

1056 2744 1088 2767 ut
1103 2738 1248 2766 maledicta
1268 2737 1312 2764 illa
1328 2736 1457 2769 ﬁculnea,
1476 2735 1529 2762 hoc
1545 2737 1598 2765 est,
1623 2728 1788 2759 indumentis
1802 2727 1846 2754 ni~

1056 2785 1094 2814 hil
1114 2785 1177 2814 boni
1197 2783 1401 2813 continentibus
1435 2781 1566 2810 visendus
1593 2788 1600 2806 :
1626 2778 1672 2806 sed
1689 2776 1736 2812 qui
1765 2781 1844 2803 secus
