2092 3156
247 135 299 167 495

848 129 993 160 ΝΙΟΕΤΑἘ
1009 127 1271 158 PAPIILAGONIS

1820 120 1874 153 496

248 188 397 220 uelestium
412 195 544 224 aquarum
562 187 704 220 decursus,
717 190 745 214 et.
757 185 907 214 uberrimos
919 185 1037 219 Spiritus

1094 185 1218 220 ἐνδύμασι
1231 184 1318 220 κομᾷν
1335 183 1383 210 ml
1396 182 1513 215 στολαῖς,
1526 179 1597 207 κατὰ
1615 179 1665 212 τὴν
1679 177 1873 212 κατηραμένην

247 236 334 265 sancti
352 235 440 262 fontes
466 234 544 266 situs,
571 238 599 260 et
615 232 698 260 Vetus
724 239 803 259 omne
818 230 1033 262 Testamentum,

247 283 408 316 Novumque
422 285 507 308 totum
518 279 672 311 meditatus,
688 284 841 306 sanctorum
856 277 966 305 Patrum
979 284 1035 303 nio-

248 328 388 358 numentis
403 327 524 354 studiose
548 325 683 357 addictus,
702 324 811 351 illorum
828 328 854 350 et
878 322 950 350 facta
972 321 1034 349 imi-

236 369 351 406 -tando,
373 377 400 400 ct
414 371 656 406 contemplationes
683 374 774 397 mcute
793 369 968 401 revolvendo,
993 372 1035 394 to-

250 426 362 455 tumque
373 419 528 446 interiorem
542 417 679 444 hominem
691 414 839 451 saginando
847 413 1034 444 confirmatus,

253 466 425 494 dulcissimos
449 463 558 490 virtutis
576 462 682 489 fructus
700 462 754 489 Deo
773 461 959 496 progiguebat.
976 459 1036 486 Pri-

251 522 326 541 mum
344 512 435 546 itaque
450 508 656 544 temperantiam
674 508 702 534 in
725 507 896 538 abstinendo,
916 505 1036 533 studium

252 561 280 588 in
297 557 443 594 vigilando,
459 555 570 590 psalmis
580 553 719 585 canendis,
731 552 839 588 quando
849 552 872 578 id
882 551 1036 586 jubebatur,

254 603 446 641 precandoque
464 600 621 636 proferebat
637 608 644 626 :
662 599 730 626 addc
742 598 826 626 callos
853 598 879 624 in
904 596 1036 631 genibus,

255 652 399 685 lacrymas,
421 646 538 682 pectoris
559 645 694 679 planctus,
715 643 813 679 linguae
830 642 1036 674 continentiam,

253 695 453 728 verberumque
474 691 657 724 tolerantiam,
674 697 688 716 a
703 689 850 725 paedagogo
864 689 961 716 tetrico
976 695 1039 722 pra-

253 743 334 776 vique
346 739 442 775 judicii
455 735 755 768 bominc-inflictorum,
772 735 819 770 qui
834 734 919 766 illum,
935 738 964 761 ut
979 733 1037 759 leo-

251 786 394 814 nomachis
414 784 623 819 gratiﬁcaretur,
646 782 713 809 dure
734 780 880 808 admodum
903 778 1037 806 educavit.

249 832 292 860 Ad
304 833 361 859 lucc
374 831 511 857 lenitatem
525 848 532 861 ,
549 827 687 862 animique
701 827 906 858 demissionem,
920 831 1039 860 ergaque

1088 231 1195 266 ἐκείνην
1215 230 1301 265 συκῆν
1312 238 1319 244 ·
1339 229 1403 263 παρ’
1418 228 1496 255 ὕδασι
1512 226 1541 253 δὲ
1559 226 1641 257 θείοις
1652 224 1700 252 καὶ
1714 223 1874 259 ἀφθονωτα-

1087 286 1144 309 τοις
1170 276 1218 303 τοῦ
1246 275 1404 310 Πνεύματος
1433 274 1521 308 μένων
1538 271 1691 307 ἐπιρῤοαῖς,
1709 269 1757 296 ml
1783 270 1876 295 πᾶσαν

1090 324 1139 359 μὲν
1153 322 1275 350 Παλαιὰν
1291 321 1438 356 Διαθήκην,
1469 319 1559 345 πᾶσαν
1577 317 1606 344 δὲ
1620 317 1693 343 Νέαν
1707 315 1874 351 ὲκμελετῶν,

1089 370 1193 404 πᾶσι,δέ
1210 369 1299 403 λόγοις
1312 367 1367 394 τῶν
1384 366 1464 402 ἱερῶν
1476 364 1607 398 Πατέρῳν
1619 362 1784 398 φιλοπείρως
1799 363 1877 396 ἐσχο-

1088 415 1190 447 λακὼς,
1207 416 1254 442 καὶ
1274 413 1376 440 τούτων
1399 413 1449 447 τήν
1469 419 1499 438 τε
1515 410 1613 445 πρᾶξιν
1635 409 1813 444 μιμούμενος,
1829 407 1877 434 καὶ

1089 463 1138 499 τὴν
1151 461 1266 496 Θεωρίαν
1289 459 1496 494 ἀναλεγόμενος,
1526 457 1574 484 καὶ
1601 455 1648 482 τὸν
1673 454 1747 486 ἐντὸς
1769 454 1876 489 ἀνθρω-

1091 517 1141 535 πον
1172 508 1240 538 ὅλως
1270 505 1446 540 πιαινόμενος
1477 504 1506 529 ὲν
1532 502 1638 533 τούτοις
1653 501 1699 528 ml
1729 499 1877 535 κραταιού-

1096 561 1188 588 μενος,
1205 551 1375 586 καρποφορεῖ
1398 549 1443 576 τὸν
1456 548 1564 583 ἥδιστον
1582 546 1631 581 τῆς
1647 545 1749 581 ἀρετῆς
1772 543 1877 580 καρπὸν

1091 598 1130 633 τῷ
1141 597 1210 632 Θεῷ.
1227 595 1404 632 Καρποφορεῖ
1426 593 1532 628 πρῶτον
1562 592 1610 627 μὲν
1635 590 1774 625 νηστείαν,
1789 590 1876 625 ἀγρυ-

1092 643 1183 675 πνίαν,
1212 641 1371 677 ψαλμῳδίαν
1390 638 1620 673 ἐπιτεταγμένην,
1643 637 1691 664 καὶ
1711 635 1877 671 προσευχὰς,

1090 689 1186 720 τύλους
1204 687 1335 722 γονάτων,
1355 686 1469 721 δάκρυα,
1485 684 1590 719 στηθῶν
1603 683 1771 717 ἐπιτίμησιν,
1789 681 1878 715 γλώσ-

1093 742 1142 768 σης
1165 732 1340 767 ἐγκράτειαν,
1361 729 1500 765 ὑπομονὴν
1522 728 1590 764 πρὸς
1605 728 1694 758 πάσας
1710 726 1814 758 αἰκίας,
1829 724 1877 751 τοῦ

1094 778 1282 813 καθηγεμόνος
1294 775 1412 812 σκληροῦ
1436 783 1465 801 τε
1480 773 1529 809 τὴν
1543 773 1656 808 γνώμην
1669 771 1755 803 δντος,
1770 771 1818 797 ml
1839 770 1879 804 τῷ

1092 825 1148 855 τοῖς
1176 823 1371 858 Εἰκονομάχοις
1394 821 1564 857 χαρίζεσθαι,
1585 818 1711 854 σκληρῶς
1727 818 1799 845 πάνυ
1816 825 1879 843 παι-

251 884 359 904 omnem
377 874 575 902 fraternitatem
587 880 648 908 quae
663 871 812 899 secundum
826 871 909 898 Deum
929 874 972 898 est
989 869 1038 897 ob-

1094 868 1279 903 δαγωγοῦντος
1302 867 1402 894 αὐτόν·
1420 866 1488 902 πρὸς
1516 865 1623 896 τούτοις
1649 864 1805 900 πραΰτητα,
1830 861 1894 889 ml’

250 923 387 958 sequium.
400 921 479 948 llisce
490 920 605 954 primum
622 918 704 946 rebus
717 917 850 952 factisque
867 916 930 943 dum
945 916 1040 943 beatus

249 971 402 999 exercetur,
422 965 498 993 hisce
513 965 540 992 in
551 964 651 991 studiis
668 967 803 995 versatur,
820 968 847 989 ct
859 961 987 997 praeclare
1011 967 1040 988 se

249 1011 398 1045 componit,
411 1009 506 1036 ordine
516 1016 577 1035 cum
589 1007 655 1042 ipsis
666 1009 745 1034 annis
753 1012 780 1034 et
788 1013 902 1041 corpore
915 1011 1041 1032 succres-

249 1063 338 1090 cente,
353 1057 484 1092 puerilem
496 1059 604 1083 aetatem
619 1054 722 1082 ducens
742 1053 775 1080 ad
796 1052 957 1088 perfectiora
977 1058 1042 1079 con-

251 1102 419 1130 firmabatur.
432 1099 564 1133 Deinceps
575 1105 640 1126 vero
654 1096 829 1133 perfectiores
841 1095 895 1122 Deo
915 1098 1042 1130 procreat

252 1148 376 1178 fructus,
402 1145 493 1176 fidem,
523 1144 651 1178 inquam,
681 1149 768 1177 spem,
796 1145 823 1168 ct
849 1140 1008 1168 charitatem
1032 1148 1040 1167 :

252 1192 331 1219 Iidem
362 1189 509 1226 perfectam
533 1196 565 1216 ex
591 1188 713 1224 perfecta
738 1195 770 1215 ac
797 1190 852 1214 tota
869 1190 959 1214 mente
987 1186 1042 1213 Deo

250 1236 371 1272 perfecto
390 1235 515 1268 offerens,
546 1234 624 1261 fidem
646 1234 793 1266 sinceram,
814 1240 889 1268 spem
912 1239 972 1267 qua:
988 1239 1041 1259 non

251 1283 428 1311 confunditttr
440 1303 448 1315 ,
465 1281 627 1309 charitatem
645 1288 697 1307 non
716 1281 806 1307 ﬁctam
820 1287 853 1306 ex
877 1285 945 1314 puro
959 1278 1043 1306 corde

250 1337 314 1365 erga
333 1330 418 1356 Deum
435 1333 462 1356 et
475 1327 630 1363 proximum
644 1347 652 1360 ,
667 1334 699 1354 ex
718 1331 852 1361 pracepto
871 1328 945 1353 recte
965 1324 1043 1352 insti-

251 1380 349 1403 tutam.
367 1373 423 1402 Hos
436 1373 546 1401 virtutis
563 1373 669 1401 fructus
688 1373 752 1401 dum
769 1380 845 1400 sacer
861 1372 906 1399 hic
920 1372 1042 1407 lgnatius

251 1421 474 1456 producit,atque
483 1420 510 1447 in
520 1420 562 1447 his
569 1419 783 1447 rectefactorum
798 1418 896 1446 studiis
910 1426 925 1445 a
941 1417 1042 1445 teneris

253 1472 338 1500 usque
349 1464 430 1491 annis
441 1468 548 1498 tempus
559 1470 640 1490 omne
657 1463 784 1495 collocat,
795 1469 850 1497 quo
865 1461 950 1488 Deum
966 1460 1041 1495 impii

251 1511 286 1538 ad
304 1510 472 1538 iracundiam
499 1509 701 1544 provocabant,
722 1508 779 1543 ipse
799 1508 832 1535 ad
848 1514 957 1534 omnem
974 1505 1042 1533 reli—

252 1555 341 1589 giOnis
353 1553 460 1581 laudem
471 1551 768 1580 conscendebat.Patre
776 1552 848 1579 enim
860 1555 887 1577 et
895 1550 1042 1585 paedagogo
1055 1545 1077 1573 C

253 1608 268 1627 c
284 1601 338 1627 vita
354 1599 472 1627 sublatis
483 1618 490 1631 ,
508 1598 601 1626 statim
624 1598 738 1625 fratrum
754 1597 806 1625 sibi
831 1597 1042 1631 animarumque

252 1653 319 1673 cura
330 1650 357 1672 et
374 1644 533 1679 praefectura
543 1643 700 1675 commissa,
714 1642 740 1670 in
759 1643 818 1678 ipso
830 1642 950 1670 muneris
961 1649 1043 1668 exor-

253 1691 299 1718 dio
312 1690 444 1722 ostendit,
459 1696 520 1724 quae
537 1689 624 1716 sancti
639 1688 757 1723 Spiritus
770 1688 811 1714 vis
826 1687 953 1722 deinceps
964 1693 997 1713 ex
1014 1693 1042 1713 se

201 1738 207 1742 ”
251 1741 327 1763 esset
339 1736 479 1763 effulsura.
494 1734 568 1761 Adeo
583 1734 684 1769 quippe
702 1733 889 1768 frequentibus
904 1731 1042 1759 concioui-

255 1783 305 1809 bus
318 1781 541 1816 sapientibusque
554 1779 792 1808 cohortationibus
808 1786 922 1806 suorum
936 1783 1041 1805 mentes

254 1827 394 1862 pascebat,
425 1833 588 1862 semperque
605 1825 638 1852 ad
655 1825 768 1852 virentia
781 1824 828 1852 Dei
844 1831 945 1859 pascua
957 1823 1044 1851 dedu-

254 1874 348 1907 cebal,
367 1873 405 1900 uti
423 1873 536 1900 mirifice
556 1876 691 1900 cresceret
707 1872 734 1898 in
750 1871 796 1898 illo
811 1870 906 1905 gratia:
922 1874 949 1897 et
962 1869 1043 1905 spiri-

255 1920 318 1947 talis
333 1919 483 1954 magisterii
499 1919 613 1950 donum,
629 1917 750 1952 adeoque
765 1921 876 1952 augeret,
893 1916 951 1944 suis
968 1915 1046 1943 insti-

255 1963 407 1991 tutionibus
417 1963 488 1990 ovile
499 1961 613 1996 Christi,
629 1966 659 1989 ut
669 1962 734 1989 illttd
746 1969 796 1989 nec
805 1969 875 1989 unus
885 1961 941 1997 jam
955 1961 1044 1993 locus,

257 2017 307 2036 nec
318 2017 371 2037 una
385 2009 484 2036 domus
500 2008 618 2044 amplius
629 2013 748 2044 caperet,
766 2008 812 2036 sed
825 2013 957 2044 quaterna
972 2007 1045 2035 illius

255 2057 346 2084 studio
371 2056 496 2084 coenobia
526 2055 713 2085 excitarentur
739 2055 1044 2090 constituerenturque;

257 2103 295 2129 ita
314 2106 343 2129 ut
357 2102 472 2136 singulis
489 2109 538 2129 sua
561 2101 705 2128 commoda
720 2104 812 2128 essent
827 2099 964 2127 domicilia
976 2120 984 2133 ,
1003 2106 1047 2127 sa-

258 2154 390 2182 crumque
409 2147 639 2179 instrumentum,
662 2150 815 2180 caeteraqu
828 2145 862 2172 ad
880 2153 960 2173 usum
983 2152 1043 2172 mo-

258 2195 371 2223 nasterii
385 2194 550 2222 necessaria.
562 2193 660 2221 Omnia
672 2193 789 2228 denique
798 2193 904 2220 decenti
926 2192 1046 2227 ipsisque

257 2241 429 2268 convenienti
458 2246 591 2275 apparatu
619 2244 745 2274 suscepta
762 2246 844 2272 cura,
863 2246 979 2273 magnus
1003 2238 1047 2265 ille

257 2286 411 2314 instruebat
434 2285 678 2320 compouebatque.
694 2284 866 2312 Docebantur
890 2291 985 2312 omnes
1012 2283 1047 2310 ab

256 2331 305 2359 illo
339 2331 470 2365 magistro
492 2335 520 2357 et
537 2334 658 2364 parente,
674 2330 701 2357 in
729 2330 826 2364 primis
843 2329 965 2364 ipsorum
982 2336 1045 2357 esse

258 2377 343 2404 Deum
355 2377 481 2404 laudibus
493 2376 641 2408 celebrare,
654 2379 681 2403 et
690 2376 806 2404 orationi
820 2383 916 2403 vacare
928 2384 935 2402 :
949 2375 1045 2403 deinde
1058 2367 1084 2397 D

256 2428 285 2449 ut
304 2423 403 2458 singuli
417 2430 467 2450 sua
485 2422 635 2450 ministeria
653 2422 772 2455 obirent,
786 2422 931 2457 omniaque
948 2423 982 2449 ad
998 2421 1045 2449 Dei

257 2468 365 2495 laudem
376 2472 405 2495 et
417 2467 532 2501 gloriam
548 2468 690 2495 referrent.

1090 915 1267 946 ταπείνωσιν,
1295 913 1342 940 καὶ
1368 911 1491 947 ὑπακοὴν
1519 912 1609 938 πᾶσαν
1632 910 1701 945 πρὸς
1725 911 1815 936 πᾶσαν
1829 908 1880 943 τὴν

1091 960 1164 988 κατά
1189 960 1291 994 Κύριον
1316 958 1495 992 ἀδελφότητα.
1524 957 1637 993 Πρῶτον
1661 956 1710 991 μὲν
1730 955 1815 982 ταῦτα
1834 954 1880 981 διὰ

1093 1007 1244 1042 πράξεωςό
1264 1006 1398 1042 μακάριος
1427 1005 1538 1041 μετιὼν,
1553 1005 1600 1031 ml
1617 1002 1720 1034 τούτοις
1740 1002 1879 1036 παιδοτρι-

1093 1054 1235 1088 ϐούμενος,
1251 1053 1298 1079 καὶ
1326 1052 1458 1079 κάλλιστα
1482 1050 1707 1086 προτελούμενος,
1725 1047 1880 1079 ἀκολούθως

1091 1102 1124 1136 τῇ
1144 1100 1257 1135 αὐξήσει
1274 1098 1320 1125 τοῦ
1338 1097 1474 1133 σώματος,
1494 1096 1541 1124 καὶ
1558 1095 1607 1132 τὴν
1621 1094 1749 1130 παιδικὴν
1771 1093 1880 1129 ἠλικίαν

1093 1145 1259 1181 προκόπτων
1293 1143 1475 1179 κατωρθοῦτο.
1509 1142 1627 1168 Ἔπειτα
1649 1140 1818 1175 καρποφορεῖ
1842 1138 1880 1172 τῷ

1093 1191 1151 1226 Θεῷ
1164 1191 1198 1218 τὰ
1211 1190 1376 1226 τελειότερα,
1391 1190 1482 1216 πίστιν
1504 1189 1536 1224 δὴ
1551 1188 1632 1221 λέγω,
1648 1187 1697 1213 καὶ
1712 1185 1816 1217 ἐλπίδα,
1833 1185 1881 1211 ml

1093 1237 1222 1272 ἀγάπην·
1251 1236 1342 1263 πίστιν
1367 1235 1473 1262 τελείαν
1491 1235 1524 1261 ἐκ
1544 1233 1651 1264 τελείας
1671 1232 1718 1258 καὶ
1732 1230 1880 1265 ὁλοκλήρου

1093 1283 1212 1314 διανοίας
1223 1282 1262 1317 τῷ
1279 1281 1375 1316 τελείῳ
1396 1279 1605 1316 προσαγομένην
1624 1278 1701 1313 Θεῷ·
1720 1277 1812 1303 πίστιν
1835 1276 1881 1302 ἀν-

1096 1330 1255 1365 υπόκριτον,
1271 1328 1365 1354 ἐλπίδα
1377 1318 1600 1362 ἀκαταίσχυντον,
1615 1324 1724 1359 ἀγάπην
1735 1321 1881 1357 εἰλικρινῆ,

1093 1376 1123 1409 ἐξ
1135 1374 1299 1410 εἰλικρινοῦς
1319 1374 1433 1409 καρδίας
1450 1373 1519 1409 πρὸς
1543 1372 1591 1399 τὸν
1605 1371 1671 1398 Θεδν
1692 1370 1739 1397 ml
1754 1368 1800 1395 τδν
1813 1367 1882 1402 πλη-

1095 1422 1151 1448 σίον
1164 1422 1234 1448 κατὰ
1258 1421 1308 1456 τὴν
1328 1419 1437 1455 ἐντολὴν
1451 1418 1684 1454 κατορθουμένην.
1705 1415 1800 1442 Ταῦτα
1811 1422 1881 1448 καρ-

1094 1467 1220 1503 ποφορῶν
1248 1468 1262 1494 ὸ
1285 1467 1356 1498 θεῖος
1383 1466 1521 1500 Ἰγνάτιος,
1550 1466 1601 1492 κάν
1617 1463 1722 1494 τούτοις
1737 1462 1769 1488 ἐκ
1781 1460 1882 1496 νεαρᾶς

1094 1513 1201 1548 ἡλικίας
1212 1513 1268 1544 τοῖς
1281 1511 1476 1548 κατορθώμασι
1504 1510 1593 1543 συζῶν
1611 1509 1700 1536 πάντα
1719 1507 1763 1534 τὸν
1775 1506 1881 1542 χρόνον.

1094 1556 1117 1594 ᾧ
1141 1560 1187 1586 τὸν
1215 1559 1282 1586 Θεὸν
1312 1559 1337 1585 οἱ
1362 1557 1525 1589 ἀσεϐοῦντες
1548 1556 1781 1592 παρεπίκραινον,
1802 1551 1882 1582 αὐτὸς

1095 1604 1163 1639 πρὸς
1178 1604 1227 1639 τὴν
1238 1603 1378 1630 εὐσέϐειαν
1390 1602 1565 1638 κατωρθοῦτο
1586 1601 1752 1628 τελειότατα.
1767 1597 1820 1625 Καὶ
1828 1597 1883 1632 γὰρ

1095 1650 1143 1676 τοῦ
1159 1649 1262 1685 πατρὸς
1276 1648 1360 1676 αὑτοῦ
1379 1648 1486 1676 καὶτοῦ
1505 1646 1662 1683 καθηγητοῦ
1679 1647 1725 1673 τδν
1742 1646 1882 1682 ἀνθρώπι·

1096 1705 1140 1723 νον
1156 1695 1361 1731 μετηλλαχότων
1377 1694 1443 1730 βίον,
1459 1693 1550 1728 πάσης
1572 1693 1600 1719 δέ
1615 1692 1665 1727 τῆς
1686 1691 1807 1726 ἀδελφῶν
1822 1691 1884 1717 ἐπι-

1098 1741 1207 1777 μελείας
1223 1741 1328 1777 καὶτῆς
1342 1740 1435 1776 ψυχῶν
1449 1739 1623 1771 ἐπιστασίας,
1641 1737 1679 1770 ὡς
1706 1737 1822 1773 ποιμένα
1835 1744 1886 1763 κα-

1095 1787 1140 1814 λὸν
1156 1787 1203 1814 καὶ
1210 1787 1264 1814 τῶν
1275 1786 1391 1821 λογικῶν
1409 1786 1553 1822 προϐάτων
1563 1784 1733 1820 καθηγητὴν,
1745 1791 1885 1819 περιιστα-

1097 1833 1183 1868 μένης
1199 1834 1240 1865 εῑς
1258 1833 1349 1866 αὑτὸν,
1363 1831 1462 1864 ἔδειξεν
1482 1832 1511 1858 ἐν
1531 1829 1650 1866 πρώτοις
1663 1829 1744 1861 εὐθὺς
1769 1828 1819 1863 τὴν
1838 1828 1885 1854 ὲσ--

1104 1880 1217 1915 ύστερον
1233 1879 1262 1906 ὲν
1279 1878 1353 1914 αύτῷ
1367 1878 1414 1905 τοῦ
1440 1877 1597 1914 Πνεύματος
1610 1877 1722 1911 δύναμιν
1747 1876 1885 1909 ἀναφανητ

1098 1925 1224 1960 σομένην.
1242 1924 1320 1951 Οὕτω
1346 1924 1401 1960 γὰρ
1430 1925 1490 1955 ταῖς
1509 1923 1632 1958 συνεχέσι
1644 1921 1699 1949 τῶν
1723 1921 1811 1955 λόγων
1824 1921 1886 1956 ept-

1095 1971 1166 2002 λίαις
1195 1971 1241 1997 καὶ
1269 1971 1329 2003 ταῖς
1358 1971 1454 2005 σοφαῖς
1472 1969 1651 2005 παραινέσεσι
1668 1968 1719 1999 τὰς
1732 1967 1822 1994 αὐτῶν
1841 1967 1884 1998 ἑξ-

1098 2017 1195 2053 έτρεφε
1219 2016 1320 2053 ψυχὰς,
1347 2016 1395 2043 καὶ
1422 2016 1469 2042 ἐπὶ
1500 2016 1549 2048 τὰς
1565 2014 1702 2046 ἀειθαλείς
1721 2014 1822 2049 ὡδήγει
1838 2012 1884 2039 τοῦ

1080 2090 1082 2096 λ
1096 2062 1164 2089 Θεοῦ
1181 2063 1274 2098 μονὰς,
1294 2063 1332 2095 ὡς
1346 2062 1631 2097 πολλαπλασιασθῆναι
1645 2061 1695 2096 μὲν
1706 2060 1781 2095 αὐτῷ
1793 2059 1823 2086 τὸ
1836 2058 1887 2094 τῆς

1097 2109 1207 2145 χάριτος
1224 2109 1353 2136 τάλαντον
1366 2109 1413 2136 καὶ
1430 2109 1480 2143 τῆς
1501 2107 1688 2143 πνευματικῆς
1699 2105 1885 2138 διδασκαλίας,

1097 2153 1387 2188 πολλαπλασιασθῆναι
1416 2153 1445 2180 δὲ
1473 2154 1519 2180 καὶ
1547 2153 1577 2179 τὸ
1603 2152 1729 2187 ποίμνιον
1764 2150 1811 2177 ἐπὶ
1842 2158 1886 2175 το-

1098 2198 1206 2232 σοῦτον,
1216 2199 1254 2232 ὡς
1280 2200 1376 2235 μηκέτι
1389 2199 1500 2230 τούτους
1522 2198 1562 2225 ἐνὶ
1573 2198 1647 2231 τόπῳ
1660 2196 1728 2232 μηδέ
1748 2195 1797 2230 μιᾷ
1818 2196 1885 2229 μονῇ

1096 2244 1226 2272 δύνασθαι
1248 2245 1405 2280 χωρεῖσθαι,
1418 2244 1536 2279 τέσσαρα
1560 2243 1588 2269 δέ
1612 2243 1646 2270 τὰ
1660 2243 1749 2269 πάντα
1773 2241 1816 2267 διὰ
1837 2241 1889 2279 τῆξ

1096 2291 1179 2319 αὑτοῦ
1206 2291 1324 2326 σπουδῆς
1338 2290 1485 2325 ἀναστῆναι
1501 2289 1548 2317 ml
1568 2289 1734 2324 καταστῆναι
1755 2287 1889 2323 μοναστή-

1099 2346 1145 2373 ρια
1159 2344 1166 2352 ⁸
1192 2337 1307 2364 ἑκάστου
1327 2337 1375 2368 τὰς
1411 2335 1585 2371 ἁρμοζούσας
1600 2335 1755 2369 οἰκοδομὰς,
1771 2333 1819 2361 ml
1833 2333 1888 2358 τῶν

1098 2382 1178 2418 ιερῶν
1190 2383 1304 2416 σκευῶν,
1322 2382 1369 2409 καὶ
1384 2382 1439 2408 τῶν
1450 2381 1608 2415 ἀναγκαίων
1621 2381 1721 2416 χρειῶν
1747 2380 1795 2415 τὴν
1808 2387 1886 2414 περι-

1101 2428 1219 2463 ποίησιν,
1240 2429 1286 2455 καὶ
1316 2429 1406 2455 πᾶσαν
1429 2428 1478 2463 τὴν
1504 2428 1596 2459 αὐτοῖς
1621 2427 1780 2462 πρέπουσαν
1808 2433 1888 2452 καται

1101 2473 1200 2508 σκευήν
1217 2482 1246 2500 τε
1259 2474 1306 2500 ml
1329 2473 1450 2505 διάταξιν
1464 2473 1508 2500 διὰ
1521 2473 1570 2508 τῆς
1580 2472 1628 2499 τοῦ
1647 2472 1764 2507 μεγάλου
1780 2470 1888 2506 λαμϐά-

256 2522 348 2545 νοντος
364 2512 522 2547 ἐπιμελείας
536 2520 542 2527 ·
555 2513 600 2539 καὶ
611 2512 720 2539 πάντων
729 2513 772 2539 ἐπ’
786 2513 882 2548 ἐκείνῳ
897 2513 1064 2550 καθηγεμόνι
1076 2517 1122 2544 καὶ
1141 2519 1224 2554 πατρὶ
1243 2519 1453 2554 διδασκομένων,
1465 2519 1546 2554 ἔργον
1562 2518 1611 2554 μὲν
1625 2518 1760 2544 ποιεῖσθαι
1777 2517 1826 2552 τὴν
1840 2515 1887 2543 τοῦ

258 2559 326 2586 Θεοῦ
339 2557 490 2592 δοεολογίαν
511 2557 557 2584 καὶ
572 2557 736 2592 προσευχὴν.
758 2558 787 2584 ἐν
805 2558 935 2594 παρέργῳ
953 2559 981 2586 δὲ
997 2560 1043 2586 καὶ
1055 2560 1104 2596 τῆς
1130 2562 1190 2589 κατ’
1205 2562 1303 2594 αὐτοὺς
1324 2563 1439 2590 ἕκαστον
1465 2562 1711 2598 ἀντιλαμϐάνεσθαι
1739 2561 1887 2592 διακονίας,

258 2608 305 2636 ml
328 2607 418 2635 πάντα
442 2607 529 2633 ποιεῖν
544 2607 584 2638 είς
605 2606 684 2639 δόξαν
706 2606 752 2633 καὶ
765 2606 875 2633 ἔπαινον
885 2606 965 2634 Θεοῦ.

291 2654 385 2689 Itaque
408 2653 493 2685 Plate,
514 2657 541 2680 et
566 2652 691 2688 llyatros,
706 2661 739 2680 ac
762 2653 954 2686 Terebinthus,
975 2662 1044 2689 quas

258 2702 398 2736 Principes
423 2700 560 2736 appellant
585 2700 698 2733 insulas,
723 2699 796 2727 illius
817 2707 882 2728 cura
906 2705 933 2727 et
958 2701 1049 2728 studio

257 2748 424 2780 iuhabitatae,
439 2748 466 2774 in
481 2747 554 2774 aedes
566 2754 658 2774 sacras
681 2751 708 2773 et
723 2747 920 2774 monachorum
934 2746 1050 2774 domici-

257 2794 293 2821 lia
311 2799 374 2822 sunt
386 2801 536 2822 conversae.
562 2792 628 2820 Nam
652 2800 667 2820 e
686 2793 797 2827 regione
811 2793 907 2820 harum
923 2792 950 2819 in
963 2793 1050 2819 conti-

260 2843 341 2867 nente
355 2839 388 2867 ad
403 2847 477 2867 mare
492 2839 586 2872 situm,
601 2838 664 2871 hoc,
677 2839 800 2874 inquam,
813 2838 942 2867 eximium
959 2839 1050 2875 magni

1134 2657 1225 2692 Πλάτη
1257 2658 1306 2693 μὲν
1323 2656 1428 2684 οὖνκαὶ
1449 2656 1563 2691 ’Υάτρος
1579 2656 1638 2683 τότε
1656 2655 1703 2682 καὶ
1717 2654 1887 2691 Τερέϐινθος,

1103 2703 1131 2729 αἱ
1149 2703 1323 2738 Πριγκίπειοι
1339 2703 1414 2737 νῆσοι
1436 2701 1719 2737 προσαγορευόμεναι,
1741 2702 1799 2733 ταῖς
1814 2701 1889 2727 ἐκεί-

1102 2757 1148 2776 νου
1163 2749 1301 2785 προνοίαις
1312 2748 1491 2783 οἰκιζόμεναι,
1503 2748 1543 2780 εἰς
1558 2747 1707 2782 ἐκκλησίας
1724 2747 1828 2782 Κυρίου
1840 2745 1888 2773 ml

1102 2795 1211 2828 εὐαγεῖς
1236 2793 1362 2829 μοναχῶν
1389 2792 1553 2820 καθίσταντο
1577 2792 1671 2827 μονάς.
1697 2791 1752 2818 Καὶ
1770 2791 1824 2826 γὰρ
1838 2790 1889 2824 τὴν

1101 2841 1215 2876 ἀντικρὺ
1225 2840 1329 2868 τούτων
1345 2839 1416 2866 κατὰ
1425 2839 1474 2875 τὴν
1487 2839 1603 2874 ῆπειρον
1616 2838 1684 2874 πρὸς
1700 2839 1733 2873 τῇ
1747 2837 1817 2872 ἀκτῇ
1832 2844 1889 2863 κει-
