2092 3156
220 230 272 263 497

750 227 836 259 νιΤΑ
855 227 884 257 S.
897 226 1046 257 IGNATII
1060 226 1113 256 CP.
1136 226 1316 257 ARCHIEP.

1803 225 1855 257 498

222 287 316 322 μένην,
330 283 432 320 ταύτην
447 283 479 320 δὴ
494 283 566 318 λέγω
576 282 625 319 τὴν
640 282 853 319 προκαθημένην
865 282 912 309 τοῦ
926 282 1008 317 μεγά-

1070 283 1182 310 :oelitum
1208 281 1340 318 principis
1360 280 1499 309 Michaelis
1511 281 1666 308 coenobium
1684 280 1710 308 in
1729 280 1780 308 line
1797 281 1858 308 vitm

219 326 266 359 λδυ
280 331 428 366 ταξιάρχου
444 330 538 365 μονὴν,
555 330 602 356 ἐπὶ
617 329 655 365 τῷ
682 329 755 356 τέλει
767 329 817 364 τῆς
831 329 914 356 αὑτοῦ
935 329 1009 363 ζωῆς

219 378 233 404 ὁ
249 376 386 412 μακάριος
400 375 562 401 τελευταίαν
587 375 768 409 ἀνεστήσατο,
784 373 831 401 καὶ
857 373 1009 408 καθηγίασε

220 423 258 458 τῷ
272 422 331 456 Θεῷ
343 430 349 436 ·
362 419 396 458 ἧς
409 422 458 457 τὴν
480 420 673 455 ἐπισημότητα
694 419 742 446 καὶ
757 419 947 454 περιφάνειαν,
963 417 1010 444 τοῦ

219 478 248 496 τε
265 468 329 495 ναοῦ
341 467 495 503 ὑπέρκαλον
506 466 624 501 ἀγλαΐαν
639 466 686 492 καὶ
700 465 949 500 μεγαλοπρέπειαν,
964 463 1012 490 καὶ

219 514 269 549 τὴν
281 513 345 548 ὅλην
360 512 559 546 ἀγιοπρέπειαν
573 510 621 537 καὶ
634 510 724 542 δόξαν,
738 509 776 541 ὡς
786 509 868 543 λόγου
883 509 1011 545 κρείττω,

219 561 279 590 ταῖς
291 558 369 593 ὕψεσι
384 555 630 593 παραχωροῦντες,
655 555 703 582 ἐπὶ
729 555 764 582 τὰ
790 555 853 590 ἐξῆς
878 554 926 581 τοῦ
953 553 1012 589 βίου

220 606 370 641 προΐωμεν.
388 605 433 631 Ἐν
447 603 553 634 τούτοις
566 602 655 629 τοίνυν
669 601 683 627 ὸ
699 602 772 633 ὅσιος
786 600 903 628 ἐνώπιον
915 600 1013 635 εὐαρε-

221 651 290 678 στῶν
307 651 423 686 Κυρίου,
443 650 526 684 ψήφῳ
541 649 591 684 μὲν
605 648 679 675 θείου
697 647 867 683 Πνεύματος,
883 646 968 682 ψήφῳ
985 646 1014 672 δέ

219 697 274 724 τῶν
289 697 359 732 ὑπὲρ
370 695 512 726 εὐσεϐείας
527 693 739 729 ἀγωνιζομένων
755 693 803 720 καὶ
825 692 1014 728 δεδιωγμένων

220 743 358 779 θεοφόρων
372 741 520 778 ἱεραρχῶν,
537 741 587 775 τῆς
603 740 685 775 ἁγίας
710 739 860 775 ἱερωσύνης
871 737 1012 770 ἀξιοῦται’

220 790 266 816 καὶ
285 789 358 824 χειρὶ
375 788 423 824 μὲν
435 787 575 814 Βασιλείου
598 787 659 823 (τῆς
687 786 797 813 κατὰτὸ
808 786 916 820 Πάρεον
928 785 956 811 δὲ
969 782 1014 812 οὗ·

219 844 264 867 τος
281 835 355 869 ἱερᾶς
373 833 521 869 ἐκκλησίας
538 833 682 868 ἀρχιερεὺς
707 831 756 863 ὢν,
784 831 925 862 πλείσταις
940 831 1016 861 ὅσαις

220 881 290 917 ὑπὲρ
300 880 355 907 τῶν
371 879 453 914 ἱερῶν
464 880 576 906 εἰκόνων
589 878 696 913 θλίψεσι
709 877 770 904 τότε
784 876 953 912 προσωμίλει
968 876 1016 903 καὶ

220 926 373 962 διωγμοῖς),
394 925 489 952 τούτου
501 924 573 960 χειρὶ
589 924 621 951 τὸ
637 923 810 958 φαινόμενον,
824 922 976 958 αὐτουργία⁵
987 921 1015 948 δὲ

1062 331 1229 362 postremum
1244 326 1376 358 condidit,
1394 326 1503 360 Deoque
1530 325 1663 353 initiavit:
1677 325 1756 360 cujus
1777 325 1858 353 nobi-

1061 375 1164 402 litatem
1185 373 1287 408 templi,
1310 372 1553 408 magniﬁcentiam,
1576 376 1603 399 et
1618 372 1781 404 claritatem,
1801 372 1859 399 eri-

1062 420 1205 454 miumque
1224 419 1408 454 splendorem,
1431 424 1458 446 et
1473 422 1602 445 ornatum
1617 425 1725 445 omnem
1749 425 1781 445 ac
1801 425 1860 445 ma-

1060 465 1188 500 iestatem
1225 464 1346 500 (quando
1377 471 1426 499 pro
1460 463 1593 497 dignitate
1629 470 1644 490 a
1671 470 1715 490 me
1744 463 1860 497 exprimi

1065 511 1141 538 nullo
1156 511 1238 538 modo
1250 510 1362 545 potest),
1381 517 1432 545 ego
1448 509 1630 545 spectantium
1646 509 1733 536 oculis
1747 509 1860 544 permit-

1036 588 1039 589 ,
1065 561 1103 588 to,
1123 555 1261 590 simulque
1278 555 1311 582 ad
1328 554 1433 589 reliqua
1454 553 1529 581 illius
1553 554 1615 581 vita:
1639 557 1699 580 aeta
1715 559 1859 587 exponen-

1065 603 1100 631 da
1124 602 1296 638 progredior.
1324 600 1373 629 His
1402 608 1468 636 ergo
1500 604 1612 628 sanctus
1636 599 1691 627 Deo
1720 599 1863 634 probatus,

1066 650 1186 686 Spiritus
1204 650 1292 678 sancti
1307 650 1427 682 decreto,
1445 652 1659 682 sanctorumque
1685 646 1860 682 pontili‘cum,

1065 705 1172 729 eorum,
1197 697 1318 733 inquam,
1338 697 1385 732 qui
1410 704 1458 731 pro
1483 702 1546 723 vera
1567 696 1669 731 pietate
1684 693 1856 729 pugnabant,

1065 748 1242 777 extremaque
1274 741 1366 769 omnia
1393 741 1580 776 patiebantur,
1606 739 1750 771 sententia,
1780 744 1861 766 sacro

1067 789 1230 826 presbyterii
1260 789 1363 816 honore
1391 788 1538 823 insignitur
1567 795 1650 814 manu
1679 785 1783 818 Basilii,
1813 782 1863 820 qui»

1069 844 1153 865 saera:
1170 836 1319 863 Pareorum
1338 834 1460 862 ecclesia:
1480 834 1636 869 episcopus,
1650 840 1700 867 pro
1721 839 1862 859 saerarttm

1069 883 1222 918 imaginum
1239 882 1314 909 cultu
1332 881 1443 909 casibus
1463 880 1615 908 innumeris
1638 878 1866 914 gravissimisque

1070 927 1202 956 aerumnis
1230 927 1449 955 conﬂictabatur.
1481 925 1581 960 ilnjus,
1614 925 1736 959 inquam,
1770 923 1863 951 Basilii

219 971 268 998 τοῦ
283 971 416 1005 παναγίου
433 970 594 1005 Πνεύματος
613 969 644 996 τὸ
655 968 811 1003 νοούμενον,
829 967 937 1003 πρῶτον
964 967 1013 1002 μὲν

1071 982 1152 1002 manu
1179 973 1333 1008 spectabili,
1356 973 1383 1000 vi
1411 976 1501 1000 autem
1528 980 1560 1000 ac
1582 972 1681 1000 virtute
1696 969 1865 998 sanctissimi

220 1017 412 1052 ἀναγνῶστης,
421 1017 481 1052 ῆτοι
491 1016 546 1043 τῶν
560 1015 641 1043 θείων
652 1015 799 1051 ἱεροκήρυξ
813 1014 944 1050 Γραφῶν,
957 1011 1017 1041 εἶτα

221 1064 408 1096 ὒποδιάκονος,
427 1061 489 1090 εἶτα
502 1062 639 1094 διάκονος,
656 1061 705 1088 καὶ
726 1061 817 1096 ἱερεὺς
834 1060 904 1096 μετά
918 1059 1015 1092 ταῦτα,

220 1110 296 1143 τάξει
310 1110 358 1136 καὶ
371 1109 447 1144 νόμῳ
458 1109 650 1143 πνευματικῆς
662 1107 825 1135 καθίσταται
841 1106 1014 1138 ἀκολουθίας.

227 1155 391 1190 Ἦγωνίζετο
407 1155 435 1182 δὲ
444 1155 487 1183 ἀεὶ
506 1154 707 1181 πολλαπλάσιον
720 1153 759 1189 τῷ
774 1153 908 1189 εὐεργέτῃ
925 1153 956 1180 τὸ
967 1153 1017 1188 τῆς

222 1203 334 1238 χάριτος
357 1202 489 1229 τάλαντον
513 1201 682 1233 ἀποδιδόναι,
708 1200 756 1226 καὶ
781 1199 819 1235 μὴ
842 1200 875 1235 τῇ
902 1199 1017 1235 ὀκνηρίᾳ

222 1247 392 1282 καταχῶσαι,
410 1247 477 1274 ἀλλά
491 1248 525 1282 τῇ
545 1245 686 1281 προθυμίᾳ
700 1245 896 1281 περισσεῦσαι·
922 1245 1017 1281 ὥσπερ

222 1293 251 1320 δὲ
269 1294 307 1329 τῷ
320 1292 456 1328 μοναδικῷ
474 1293 525 1328 βίῳ
541 1292 655 1323 πολλοὺς
681 1291 726 1318 διὰ
750 1292 800 1327 τῆς
816 1291 919 1323 οἰκείας
933 1292 1017 1327 ἀσκή-

224 1348 292 1371 σεως
305 1339 498 1375 προσηγάγετο
514 1338 562 1365 καὶ
583 1338 714 1373 σπουδῆς,
730 1337 801 1364 οὕτω
816 1337 860 1364 διὰ
874 1337 924 1371 τῆς
942 1338 1018 1373 ίερα-

224 1386 303 1421 τικῆς
322 1385 404 1412 πάλιν
430 1384 606 1419 ἀναρίθμητα
633 1383 724 1419 πλήθη
742 1383 844 1410 παίδων
878 1383 1018 1418 βαπτίζων

224 1430 375 1466 ἓσφράγιζε
385 1430 454 1465 Θεῷ.
472 1430 535 1457 Ἐπὶ
547 1429 614 1457 πολὺ
626 1430 680 1465 γάρ
692 1430 741 1465 τῆς
753 1430 894 1466 αἱρετικῆς
908 1429 1016 1464 ἀχλύος,

223 1474 269 1503 οἷα
282 1476 378 1507 νυκτὸς
391 1475 514 1511 χαλεπῆς
530 1475 744 1510 ἐπικρατούσης,
763 1475 811 1501 καὶ
825 1475 874 1508 τῆς
890 1474 1019 1509 τυραννί-

224 1522 269 1553 δος
283 1521 313 1549 δέ
332 1521 387 1548 τῶν
407 1521 523 1557 ἀνιέρων
540 1521 718 1556 ἐπικειμένης
734 1521 889 1556 μισθωτῶν,
917 1521 1018 1552 πάντες

225 1568 316 1601 ὀλίγου
332 1568 387 1595 δεῖν
403 1567 558 1602 ἄνθρωποι,
575 1567 633 1594 ὅσοι
656 1567 729 1594 κατά
751 1567 782 1594 τὸ
801 1566 947 1598 Βυζάντιον
969 1566 1019 1601 τῆς

224 1614 365 1650 ὀρθοδόξου
379 1613 498 1644 πίστεως
512 1613 677 1648 ἀντείχοντο,
697 1613 745 1640 καὶ
763 1613 821 1639 ὅσοι
837 1613 865 1640 δὲ
881 1613 1017 1646 Βιθυνίου,

225 1660 273 1687 καὶ
289 1660 338 1691 τὰς
352 1659 483 1695 ἐχομένας
494 1658 637 1694 κατῴκουν
653 1659 833 1694 κωμοπόλεις,
849 1659 929 1690 ἄλλος
940 1659 1020 1686 ἄλλον

225 1707 286 1737 ταῖς
300 1705 369 1740 ὑπὲρ
384 1705 430 1732 τοῦ
449 1705 581 1738 Ἰγνατίου
606 1704 798 1741 διανιστῶντες
814 1704 972 1740 εὐφημίαις,
985 1705 1020 1732 τὰ

226 1752 315 1778 οἰκεῖα
328 1750 412 1778 τέκνα
441 1751 590 1785 προσῆγον,
625 1749 672 1776 καὶ
687 1749 720 1776 δι’
735 1747 818 1776 αὐτοῦ
840 1749 1020 1784 βαπτίζεσθαι

226 1797 317 1823 ταῦτα
339 1796 386 1823 καὶ
400 1795 564 1831 ἀγιάζεσθαι
591 1795 800 1830 καττλιπάρουν.
825 1796 882 1822 Καὶ
896 1793 929 1831 ἦν
954 1796 1021 1830 ὁρᾷν

226 1841 332 1874 τοῦτον,
344 1840 438 1876 ὥσπερ
452 1841 501 1867 ἕνα
516 1841 570 1867 τῶν
585 1840 720 1875 πρότερον
741 1839 861 1874 Χριστοῦ
880 1839 1020 1875 μαθητῶν,

227 1887 307 1922 ἔργον
317 1887 395 1914 τοῦτο
409 1886 580 1922 ποιούμενον,
592 1886 654 1917 τοὺς
671 1885 739 1921 πρὸς
759 1885 842 1912 αὐτὸν
867 1886 967 1918 ίὸντας,
983 1886 1021 1918 ὡς

227 1934 281 1960 ὑπὸ
294 1934 414 1969 Χριστοῦ
430 1933 624 1970 πεμπομένους
644 1932 794 1968 προθύμως
811 1932 1021 1968 καταδέχεσθαι,

228 1980 366 2007 διδάσκειν
376 1988 409 2006 τε
429 1979 476 2006 καὶ
493 1979 629 2006 νουθετεῖν
644 1979 732 2005 πάντα
747 1979 899 2014 ἄνθρωπον,
910 1979 1021 2014 ἀντέχε-

229 2026 292 2052 σθαι
309 2025 359 2060 μέν
373 2025 422 2060 τῆς
436 2025 577 2060 ὀρθοδόξου
591 2024 721 2056 πίστεως,
749 2023 901 2059 ἀπέχεσθαι
925 2024 955 2051 δὲ
972 2025 1023 2059 τῆς

228 2072 282 2099 τῶν
292 2071 438 2106 αίρετικῶν
446 2071 610 2106 δυστροπίας
621 2072 669 2098 καὶ
679 2070 903 2109 φρενοϐλαϐείας,
914 2071 962 2098 καὶ
969 2071 1024 2098 πά-

231 2127 282 2154 σης
294 2118 465 2154 μένὲαυτοὺς
482 2117 630 2154 ρυπαρίας,
647 2117 694 2144 καὶ
707 2117 807 2149 παντὸς
825 2117 1023 2153 ἀνακαθαίρειν

231 2164 386 2200 πνεύματος
405 2163 544 2199 μολυσμοῦ
563 2164 610 2190 καὶ
625 2163 737 2199 σαρκὸς,
761 2163 853 2199 πάσης
877 2163 906 2190 δὲ
920 2164 1023 2199 ἀρετῆς

230 2209 419 2244 ἐπιμελεῖσθαι
428 2209 475 2236 καὶ
484 2208 665 2244 κοσμιότητος
673 2208 720 2235 καὶ
730 2208 908 2245 σωφροσύνης
919 2217 926 2225 ·
937 2209 1024 2236 ταῦτα

230 2254 277 2280 καὶ
297 2253 332 2280 τὰ
347 2252 452 2284 τούτοις
480 2253 562 2288 ὅμοια
578 2253 642 2285 τοὺς
669 2253 790 2288 πατέρας
814 2254 951 2281 παιδεύων
976 2255 1024 2281 καὶ¹

231 2298 377 2332 νουθετῶν,
387 2298 420 2326 τά
431 2298 533 2326 τούτων
546 2298 633 2334 βρέφη
647 2299 831 2334 προκατηχῶν
844 2300 858 2326 ὁ
874 2300 1021 2337 μακάριος,

230 2344 264 2370 δι’
277 2345 374 2376 ὕδατος
388 2345 435 2371 καὶ
449 2345 608 2379 Πνεύματος
625 2345 721 2380 ήγίαζε
732 2345 771 2381 τῷ
787 2345 858 2381 Θεῷ,

271 2388 301 2415 '0
320 2386 426 2424 μὲνοῦν
441 2389 513 2416 κατὰ
524 2389 573 2424 τῆς
592 2389 755 2424 Ἑκκλησίας
776 2390 837 2416 τότε
856 2390 959 2426 χειμὼν
975 2391 1024 2426 βα-

233 2435 292 2470 ρὺς,
311 2434 388 2470 καὶὴ
417 2434 487 2461 κατά
509 2434 606 2470 ἱερέων
628 2435 719 2468 δίωξις
735 2435 859 2472 χαλεπὴ,
881 2437 939 2464 ὅσοι
954 2438 1023 2472 Χρι-

233 2479 296 2507 στοῦ
310 2480 360 2515 τῆς
377 2481 480 2512 εἰκόνος
495 2481 538 2508 διὰ
553 2481 584 2508 τὸ
599 2481 776 2517 πρωτύτυπον
801 2483 1023 2518 προκινδυνεύειν

231 2526 336 2553 εἴλοντο
349 2526 419 2553 δεῖν·
436 2526 522 2558 εὔδιος
538 2527 565 2553 δὲ
583 2527 650 2554 πᾶσι
665 2527 712 2554 καὶ
727 2528 854 2563 γαλήνιος
865 2529 949 2565 ὅρμος
967 2531 1024 2561 τοῖς

232 2570 455 2606 χειμαζομένοις,
484 2572 498 2598 ὁ
512 2572 586 2607 ίερὸς
606 2572 735 2606 Ἰγνάτιος
751 2574 799 2600 καὶ
823 2574 882 2605 ὅλος
903 2574 986 2601 αὐτοῦ
1009 2576 1024 2602 ὸ

232 2613 307 2648 οἶκος
319 2617 396 2652 παρὰ
408 2618 457 2652 τῆς
472 2617 520 2644 τοῦ
539 2617 667 2652 Ὑψίστου
692 2618 898 2654 προητοίμαστο
921 2619 1024 2652 δεξιᾶς.

214 2662 221 2696 ξ
233 2662 255 2687 Τ
259 2662 282 2693 ίς
293 2662 348 2698 γὰρ
359 2662 415 2689 τῶν
423 2662 493 2697 ὑπὲρ
504 2662 646 2694 εὐσεϐείας
656 2663 823 2698 θλιϐομένων
834 2664 884 2699 οὐχ
897 2664 1027 2700 εὕρισκεν

233 2707 340 2735 ἐκεῖθεν
355 2708 480 2743 αὐτάρκη
494 2708 548 2735 τῶν
566 2708 681 2744 θλίψεων
693 2709 855 2744 ἀναψυχήν;
871 2711 913 2742 τίς
929 2711 986 2738 τῶν
996 2713 1026 2738 ἐν

234 2753 393 2788 ὑπερορίαις
407 2754 454 2780 καὶ
467 2753 576 2789 δεσμοῖς
588 2755 787 2790 κατεχομένων,
798 2756 846 2782 καὶ
857 2756 947 2790 λιμοῖς
957 2765 1025 2783 κατ-

234 2798 411 2834 αγχομένωνξ,
434 2799 466 2826 οὐ
483 2800 534 2834 τῆς
559 2800 673 2835 δεούσης
689 2801 820 2836 ἐτύγχανε
841 2803 1024 2838 παρηγορίας,

234 2845 282 2872 καὶ
297 2844 413 2879 ἄφθονον
442 2843 499 2881 εἷχε
516 2845 571 2872 τῶν
595 2847 751 2881 ἀναγκαίων
771 2848 821 2883 τὴν
844 2847 1026 2884 ἐπιχορηγίαν

234 2891 301 2925 παρ’
317 2890 418 2925 αὑτοῦ;
436 2892 468 2918 Οἱ
490 2892 518 2919 δὲ
534 2892 583 2924 τὰς
598 2893 653 2919 τῶν
675 2894 813 2929 τυράννων
828 2894 957 2930 φέροντες
970 2896 1024 2930 χεῖ-

237 2945 300 2973 ρας,
316 2937 364 2965 καὶ
378 2937 432 2965 τῶν
449 2937 521 2966 ἰδίων
531 2938 675 2975 ὑπάρξεων
690 2939 864 2976 στερούμενοι
883 2941 929 2969 καὶ
946 2942 1025 2969 ὲκπὶ-

1068 1020 1199 1056 Spiritus,
1221 1020 1337 1054 primum
1364 1019 1473 1054 quidem
1504 1019 1599 1052 lector,
1627 1018 1685 1045 sive
1720 1024 1864 1045 sacrarum

1066 1067 1230 1094 Litterarum
1259 1073 1348 1101 przeco
1376 1070 1499 1098 sanctus,
1523 1064 1621 1093 deinde
1649 1064 1864 1100 hypodiaconus,

1067 1117 1126 1141 tum
1149 1113 1283 1140 diaconus
1298 1120 1331 1140 ac
1343 1112 1472 1140 sacerdos
1488 1112 1543 1146 lege
1564 1116 1590 1138 et
1616 1111 1712 1138 ordine
1734 1111 1865 1138 ecclesia-

1068 1158 1200 1186 sticarum
1219 1156 1352 1191 graduum
1367 1160 1557 1183 consecratur.
1574 1154 1708 1182 Slttdeltat
1731 1161 1794 1181 vero
1814 1154 1866 1180 hoc

1068 1208 1209 1239 perpetuo,
1224 1203 1263 1230 uti
1284 1202 1407 1237 largitori
1435 1202 1528 1236 gratia:
1556 1201 1687 1228 talentum
1721 1199 1863 1233 multiplici

1070 1249 1164 1277 fenore
1199 1253 1310 1275 auctum
1341 1246 1477 1279 redderet,
1505 1255 1595 1282 neque
1631 1254 1681 1281 per
1711 1245 1865 1274 socordiam

1067 1293 1217 1320 defodcrct.
1237 1292 1273 1320 Ut
1295 1297 1397 1324 autem,
1413 1299 1474 1319 cum
1490 1291 1518 1318 in
1537 1291 1663 1318 eoenobio
1685 1289 1797 1321 viveret,
1816 1297 1866 1317 sua

1069 1339 1169 1374 pietate
1191 1339 1337 1373 studioque
1369 1338 1472 1365 multos
1489 1338 1590 1370 traxit,
1608 1337 1644 1364 ita
1659 1344 1708 1371 per
1731 1336 1862 1363 sacerdo-

1069 1384 1137 1411 tium
1155 1384 1254 1411 iterum
1270 1383 1445 1410 innumerum
1459 1390 1604 1409 numerum
1618 1381 1764 1409 infantium
1777 1381 1867 1415 bapti-

1069 1435 1158 1458 smate
1179 1429 1304 1462 abluens,
1321 1428 1375 1456 Deo
1390 1427 1572 1462 eonsignavit.
1591 1427 1688 1455 Perdiu
1712 1427 1784 1454 enim
1813 1427 1867 1453 lia-.-

1070 1476 1154 1504 retiea
1172 1475 1297 1510 caligine,
1316 1475 1391 1502 velut
1416 1475 1501 1502 densa
1517 1478 1607 1506 nocte,
1623 1479 1649 1501 et
1663 1473 1807 1509 tyrannide
1822 1481 1868 1500 sa-

1071 1522 1236 1556 crilegorum
1251 1521 1483 1548 mercenariorum
1500 1521 1685 1550 incumbente.
1699 1527 1793 1546 omnes
1808 1526 1868 1554 pro-

1070 1575 1103 1602 pe
1137 1567 1277 1599 mortales,
1305 1567 1353 1602 qui
1379 1565 1616 1601 Constantinopoii
1647 1570 1749 1593 rectam
1785 1565 1864 1592 ﬁdem

1071 1613 1261 1646 defendebant,
1286 1613 1388 1648 quique
1413 1612 1543 1648 Bithyniae
1554 1611 1651 1647 oppida
1670 1611 1806 1642 colebant,
1822 1610 1867 1637 alii

1035 1660 1057 1690 C
1073 1660 1142 1688 alios
1168 1660 1302 1695 lgnatium
1327 1659 1454 1687 laudibus
1490 1659 1666 1694 praedicando
1699 1657 1865 1689 excitabant,

1073 1714 1194 1741 suosque
1222 1706 1324 1734 liberos
1350 1706 1383 1733 ad
1407 1706 1482 1733 illum
1511 1705 1692 1735 deducebant,
1715 1704 1867 1739 precaban-

1071 1756 1182 1785 turque,
1203 1755 1233 1778 ut
1253 1751 1288 1778 ab
1311 1751 1358 1778 illo
1374 1750 1591 1785 baptizarentur,
1606 1749 1713 1784 Deoque
1727 1748 1869 1776 initiaren-

1074 1803 1128 1826 tur.
1154 1798 1188 1825 Et
1201 1801 1260 1826 erat
1279 1798 1351 1825 hunc
1374 1797 1477 1831 videre,
1501 1802 1631 1831 tanquam
1649 1796 1767 1831 aliquem
1784 1803 1798 1822 e
1812 1794 1868 1830 pri-

1074 1843 1127 1871 mis
1144 1843 1246 1871 Christi
1262 1843 1414 1879 discipulis,
1437 1851 1498 1870 eum
1516 1844 1549 1871 ad
1569 1851 1598 1870 se
1621 1843 1787 1871 ventilantes
1810 1842 1868 1869 ala-

1073 1889 1165 1921 criter,
1192 1894 1222 1916 ut
1247 1897 1263 1916 a
1284 1889 1394 1916 Christo
1422 1889 1534 1922 missos,
1554 1889 1692 1923 exciperet
1721 1894 1803 1923 atque
1827 1888 1869 1914 in-

1073 1934 1215 1961 stitueret:
1235 1935 1281 1969 qui
1298 1934 1408 1969 quidem
1424 1934 1586 1962 documenta
1604 1934 1678 1961 illius
1695 1934 1731 1960 ita
1754 1932 1869 1967 arripie-

1074 1981 1151 2013 bant,
1170 1981 1235 2008 dum
1252 1981 1362 2008 doceret
1381 1981 1505 2015 singulos
1522 1985 1548 2008 et
1569 1981 1737 2010 hortaretur.
1754 1984 1783 2007 ut
1810 1979 1868 2006 sin-

1074 2034 1164 2054 ceram
1181 2032 1207 2053 et
1224 2026 1386 2054 catholicam
1402 2027 1559 2062 religionem
1583 2030 1786 2061 propugnarent
1797 2045 1804 2057 ,
1829 2029 1870 2051 at—

1074 2079 1128 2108 que
1150 2071 1338 2099 haereticorum
1363 2072 1567 2107 perversitatem
1581 2076 1607 2099 et
1628 2071 1766 2099 insaniam-
1790 2078 1868 2098 arer-

1075 2123 1211 2152 sarentur,
1230 2126 1380 2154 omnesque
1397 2126 1427 2146 se
1443 2120 1477 2146 ab
1498 2118 1572 2146 omni
1589 2118 1688 2145 mentis
1704 2123 1729 2145 et
1747 2118 1869 2152 corporis

1076 2164 1136 2192 labe
1149 2170 1338 2200 repurgarent,
1355 2173 1387 2192 ac
1405 2165 1514 2192 virtutis
1534 2164 1623 2192 omnis
1641 2169 1668 2191 et
1685 2164 1870 2199 temperantiae

1077 2210 1284 2245 honestatisque
1310 2211 1417 2238 Iaudem
1439 2215 1628 2246 procurarent.
1646 2209 1709 2237 llrec
1730 2214 1757 2237 et
1774 2209 1815 2236 his
1832 2209 1869 2236 si-

1076 2256 1151 2284 milia
1177 2261 1304 2292 parentcs
1327 2256 1468 2288 educebat,
1497 2257 1651 2291 horumque
1674 2256 1773 2283 liberos
1792 2255 1869 2290 prius

1075 2302 1127 2330 rite
1138 2302 1287 2334 institutos,
1301 2302 1355 2330 Deo
1369 2309 1417 2338 per
1431 2309 1529 2338 aquam
1547 2307 1574 2329 et
1590 2301 1722 2337 Spiritum
1742 2306 1867 2329 sanctum

1038 2358 1061 2386 Ῑ)
1075 2347 1265 2376 consecrabat.

1111 2391 1145 2420 Et
1164 2393 1255 2428 gravis
1284 2392 1396 2428 quidem
1415 2397 1472 2420 tum
1491 2397 1518 2420 et
1543 2393 1690 2420 vehemens
1717 2391 1867 2420 Ecclesiam

1076 2441 1235 2473 tempestas,
1265 2445 1414 2473 sacrosque
1426 2438 1528 2466 acerba
1558 2439 1695 2466 divexatio
1718 2438 1868 2473 premebat,

1075 2485 1233 2520 quicunque
1257 2491 1305 2519 pro
1319 2484 1420 2512 Christi
1441 2484 1558 2520 imagine
1576 2485 1611 2512 ob
1632 2488 1804 2520 prototypnm
1818 2484 1868 2511 sibi

1077 2527 1286 2562 periclitandum
1314 2533 1498 2563 putaverunt:
1514 2529 1678 2564 tranquillus
1705 2536 1768 2556 vero
1783 2532 1810 2555 et
1826 2536 1869 2556 se-

1077 2581 1160 2600 renus
1174 2573 1303 2601 omnibus
1323 2579 1483 2610 tempestate
1501 2575 1611 2610 jactatis
1629 2580 1725 2611 portus
1741 2583 1756 2602 a
1774 2582 1869 2609 snprc-

1080 2627 1124 2646 ma
1143 2619 1269 2647 Numinis
1292 2620 1391 2648 dextra
1413 2628 1490 2648 sacer
1510 2621 1554 2648 hic
1581 2621 1699 2657 Ignatius
1718 2621 1869 2648 destinatus

1080 2670 1150 2699 erat,
1167 2670 1194 2693 et
1214 2666 1318 2694 domus
1331 2667 1391 2702 ejus
1406 2672 1472 2694 tota.
1492 2667 1593 2703 Ecquis
1612 2667 1684 2695 enim
1705 2675 1753 2702 pro
1767 2667 1869 2701 pietate

1079 2713 1288 2748 decertantium,
1318 2715 1451 2742 malorum
1485 2722 1723 2749 aet'umnarumquc
1756 2721 1868 2740 suarum

1079 2757 1252 2793 refrigerium
1271 2759 1306 2787 ab
1325 2767 1358 2787 eo
1385 2768 1439 2788 non
1468 2761 1609 2795 percepit?
1631 2759 1697 2792 Quis
1721 2759 1747 2785 in
1774 2763 1867 2786 custo-

1079 2804 1151 2832 diam
1165 2805 1255 2838 datus,
1271 2806 1334 2841 quis
1349 2807 1376 2834 in
1394 2807 1520 2834 exsilium
1539 2807 1651 2841 ejectus.
1671 2805 1733 2839 quis
1749 2805 1868 2833 vinculis

1078 2855 1104 2876 et
1127 2850 1199 2879 fame
1223 2852 1373 2884 cruciatus,
1389 2852 1422 2879 ab
1439 2860 1472 2879 eo
1487 2859 1542 2879 non
1557 2856 1599 2879 est
1614 2851 1759 2884 relevatus,
1774 2859 1869 2879 neces-

1079 2895 1215 2931 sariisque
1234 2897 1342 2924 auxiliis
1363 2897 1510 2925 liberaliter
1528 2897 1702 2924 instructus?
1720 2897 1786 2924 Nam
1808 2897 1870 2933 qui-

1079 2950 1188 2978 cunque
1214 2948 1392 2979 tyrannorum
1419 2943 1472 2971 vim
1497 2947 1525 2971 et
1550 2943 1658 2979 rapinas
1681 2943 1867 2980 patiebantur.
