2092 3156
244 214 293 246 501

770 214 857 245 νιΤΑ
875 213 906 243 S.
928 211 1075 242 IGNATII
1095 211 1149 242 (ΣΡ.
1169 212 1343 242 ARCHIEP.

1815 216 1869 247 502

243 268 412 304 αἱρεσιωτῶν
426 269 646 305 ἀποφηνάμενος,
660 269 769 296 εὐθεῖαν
796 269 837 295 ἔτι
851 270 906 295 τοῖς
924 268 1031 303 ὀρθοτο-

1084 267 1244 301 designatis,
1263 267 1380 302 aliisque
1393 266 1461 294 alias
1473 266 1508 293 ob
1524 274 1623 294 causas
1642 271 1704 295 voto
1718 267 1867 303 frustratis,

246 317 307 351 μεῖν
334 313 454 340 ἐθέλουσι
474 315 522 350 τὴν
544 315 595 348 τῆς
620 314 776 349 ὀρθοδοξίας
797 314 936 343 ὑπέδειξεν
951 314 1028 340 ὀδύν⁶

243 361 292 388 ἐπὶ
306 361 442 395 τέσσαρας
457 360 485 387 δὲ
502 361 614 395 κρόνους
631 361 762 388 κάλλιστά
787 370 816 388 τε
838 362 885 388 καὶ
898 362 1031 396 ἄμεμπτα

244 407 293 441 τὴν
305 406 351 432 τοῦ
367 406 469 440 Κυρίου
481 406 616 440 ποιμάνας
629 407 803 442 Ἐκκλησίαν,
816 409 844 434 ὲν
858 409 954 443 εῐρήνῃ
963 407 1031 442 πρὸς

243 451 326 478 αὐτὸν
345 451 472 486 μετέστη.
497 452 606 479 Πολλῶν
629 453 774 487 τοιγαροῦν
803 454 843 485 εἰς
863 453 1032 487 προστασίαν

243 497 293 532 τῆς
316 497 477 531 Ἐκκλησίας
490 498 748 533 προχειριζομένων,
767 498 813 525 καὶ
828 498 915 525 ἄλλων
933 498 968 524 δι’
983 498 1030 524 ἄλ-

243 543 291 575 λας
306 544 394 575 αίτίας
404 544 644 579 διαμαρτανόντων
652 544 699 571 τοῦ
709 545 822 577 σκοποῦ,
831 545 874 571 ἵνα
888 546 904 580 ἡ
921 554 1032 580 προορι-

244 587 337 615 σθεῖσα
351 588 398 615 τοῦ
413 588 480 615 Θεοῦ
500 588 582 624 βουλὴ
600 589 692 625 μείνῃ,
719 590 849 623 Ἰγνάτιος
859 590 873 616 ὁ
885 590 1032 622 ὁσιώτατος

244 634 438 669 πρεσϐύτερος,
455 634 593 666 πλείστοις
607 635 696 661 ἔτεσιν
711 636 759 671 ἤδη
774 637 829 667 τοῖς
850 636 900 671 τῆς
915 637 1030 672 ἱερωσύ-

242 687 292 714 νης
309 680 477 714 χαρίσμασιν
496 680 726 716 ὲνευδοκιμηκὼς,
751 682 798 708 καὶ
816 681 919 716 βαθμὸν
942 683 1032 717 ἑαυτῷ

243 725 325 752 καλὸν
341 725 369 752 ἐν
389 725 472 760 πολλῇ
487 726 631 761 παρρησίᾳ
647 727 693 753 καὶ
718 728 751 762 τῇ
767 728 796 754 ὲν
811 727 921 763 Χριστῷ
944 729 1030 764 Ἰησοῦ

241 771 334 797 πίστει
355 772 616 807 περιποιησάμενος,
635 773 681 799 καὶ
704 773 735 800 ὲν
757 776 813 806 τοῖς
834 774 962 801 ἁπάντων
986 774 1031 802 διὰ

241 815 322 843 τοῦτο
335 816 466 851 στόμασιν
482 818 621 853 ᾴέόμενος,
643 818 772 852 καίτοιγε
791 818 904 845 πλεῖστα
931 828 1031 854 παραι-

242 861 383 896 τούμενος,
410 863 456 889 καὶ
477 863 523 889 τὸν
543 862 625 897 ὄγκον
648 863 695 890 τοῦ
711 863 866 899 ἀξιώματος
887 866 1031 901 ἀποδιδρά-

243 914 315 933 σκων
332 908 509 940 πανευλαὸὦς
521 915 529 923 ·
547 909 621 943 ὅμως
647 910 772 945 ἐνεργείᾳ
788 910 839 944 μὲν
853 911 924 938 θείου
942 910 1029 937 Πνεύ-

242 959 338 986 ματος,
357 953 486 988 συνεργίᾳ
501 953 530 980 δὲ
549 940 595 980 καὶ
610 940 698 990 ψήφῳ*
711 940 863 990 ἀρίιεὶρέων
885 956 965 989 Θεοῦ,
981 959 1030 992 τῆς
1046 940 1067 967 Β

242 997 316 1028 θείας
334 998 475 1034 ίεραρχίας
492 999 625 1032 ἀξιοῦται,
643 1002 691 1027 καὶ
708 1001 746 1036 τῷ
758 1001 846 1038 θρόνῳ
859 1003 909 1038 τῆς
925 1003 1030 1038 βασιλί-

240 1041 285 1074 δος
312 1043 460 1078 ἐνίδρυται,
480 1045 527 1072 καὶ
544 1047 577 1080 τῇ
595 1045 691 1082 λυχνίᾳ
714 1048 728 1074 ὸ
753 1047 848 1083 λύχνος
865 1049 1028 1078 ἐπιτίθεται.
1056 1074 1058 1076 ,

242 1087 298 1123 Πρὸ
313 1090 422 1116 πάντων
436 1089 463 1116 δὲ
478 1091 533 1117 τῶν
558 1092 710 1127 ἀρχιερέων
733 1093 779 1120 καὶ
794 1094 848 1121 τῶν
873 1095 956 1128 Δαῶν,
980 1096 1031 1130 τῆς

242 1133 377 1168 βασιλίδος
394 1136 605 1173 ἀποπειλάσης,
632 1139 679 1165 καὶ
695 1139 852 1175 ἀξιωσάσης
867 1141 911 1168 διὰ
925 1141 1030 1176 Κυρίου

241 1180 375 1215 γνωρίσαι
392 1181 438 1207 τὸν
463 1181 557 1215 ἄξιον,
581 1184 761 1219 προφητικῶς
785 1185 800 1212 ὁ
823 1186 912 1220 μέγας
936 1187 1031 1214 τοῦτον

247 1224 408 1258 Ἰωαννίκιος
433 1227 599 1262 ψηφίζεται·
616 1230 663 1256 καὶ
690 1230 776 1263 οὕτως
788 1231 832 1258 διὰ
849 1232 899 1267 τῆς
921 1233 1006 1268 Θύρας
1017 1235 1032 1260 ὁ

243 1271 346 1306 ποιμὴν
359 1273 373 1298 ὁ
389 1274 470 1304 καλὸς
488 1275 527 1305 εἰς
537 1275 586 1310 τὴν
604 1275 688 1312 αὐλὴν
703 1276 758 1303 τῶν
781 1278 925 1313 προϐάτων
945 1279 1031 1306 εἰσελ-

240 1315 306 1348 θὼν,
322 1317 355 1343 τὰ
370 1318 423 1344 ἴδια
441 1320 565 1354 πρόϐατα
575 1321 666 1348 ἐκάλει
683 1323 742 1348 κατ’
758 1323 846 1357 ὄνομα
858 1331 864 1338 ·
881 1324 928 1350 καὶ
941 1326 1031 1360 πάσης

244 1361 295 1396 μὲν
311 1364 395 1398 νομῆς
407 1364 556 1400 θανασίμου
571 1367 618 1393 καὶ
633 1367 777 1404 βλαϐερᾶς,
793 1369 882 1404 πάσης
898 1370 926 1397 δὲ
943 1370 1031 1406 λύμης

242 1407 290 1433 καὶ
307 1408 444 1441 ἀπωλείας
463 1411 560 1445 ἐξῆγεν
577 1413 729 1449 αἰρετικῆς,
753 1415 821 1450 πρὸς
833 1415 881 1448 τὰς
899 1416 1031 1450 astruo-4;

240 1451 269 1478 δὲ
289 1453 337 1479 καὶ
352 1454 488 1486 ἀειθαλείς
503 1456 552 1491 τῆς
567 1458 709 1493 όρθοδόξου
733 1460 850 1492 πίστεως
866 1462 913 1489 καὶ
927 1462 1030 1490 δικαιο-

241 1497 325 1542 σύνης
341 1498 441 1533 ὡδήγει
456 1501 503 1527 καὶ
518 1502 611 1536 εἰσῆγε
634 1504 736 1538 νομάς·
751 1505 799 1532 καὶ
815 1506 897 1539 αὐτὸς
912 1508 962 1542 μὲν
979 1517 1029 1534 κα-

241 1541 304 1574 κίας
320 1542 430 1579 ἁπάσης
443 1546 568 1573 τοσοῦτον
584 1548 723 1584 ἀπείχετο,
751 1550 806 1586 ὅσῳ
828 1541 918 1586 πάσης
942 1553 1030 1580 ἀντεί-

1083 313 1121 339 uti
1137 313 1270 340 destinata
1287 313 1332 339 Dei
1347 313 1480 340 sententia
1498 317 1594 345 staret,
1612 313 1730 349 lgnatius
1752 316 1869 343 sanctis-

1082 359 1169 387 simus
1181 360 1332 394 presbyter,
1354 367 1416 386 cum
1438 367 1484 394 per
1501 361 1601 387 multos
1618 368 1705 388 annos
1723 363 1869 390 sacerdotii

1082 406 1244 433 muneribus
1263 414 1359 441 magna
1376 414 1438 433 cum
1454 407 1533 433 laude
1551 407 1712 441 perfunctus
1725 411 1808 439 esset.
1820 409 1870 436 bo-

1083 459 1202 486 numque
1235 451 1286 478 sibi
1316 451 1342 478 in
1366 451 1450 479 multa
1479 453 1651 484 auctoritate,
1680 457 1707 480 et
1733 453 1758 479 in
1775 453 1868 482 Jesum

1082 497 1220 525 Christum
1251 498 1303 525 tide
1321 498 1374 532 iam
1395 499 1509 532 gradum
1536 499 1729 530 exstruxissrt,
1747 507 1780 526 ac
1804 507 1870 534 pro-

1082 548 1173 577 pterea
1184 544 1306 571 omnium
1317 551 1365 571 ore
1378 544 1572 575 celebraretur,
1585 545 1764 578 quantumvis
1781 545 1870 579 digni-

1081 589 1145 616 tatis
1161 589 1376 624 magnitudincm
1390 589 1544 625 refugiens,
1557 590 1581 616 vi
1598 593 1689 617 tamen
1706 591 1793 618 sancti
1809 590 1870 626 Spi-

1083 635 1162 667 ritus,
1180 639 1207 663 et
1220 635 1376 674 antistitum
1388 635 1551 663 auctoritate
1564 641 1591 663 et
1603 637 1749 667 sententia,
1767 637 1870 664 honore

1081 688 1162 708 sacro
1191 681 1369 716 dignissimus
1387 681 1536 716 judicatus,
1570 682 1596 708 in
1614 682 1776 717 imperantis
1793 683 1870 710 urbis

1080 733 1159 753 sacra
1181 727 1244 755 sedc
1269 727 1429 760 collocatur,
1448 727 1615 762 lucernaque
1639 728 1803 756 candelabro
1821 729 1870 756 im-

1080 772 1211 806 ponitur;
1230 780 1292 800 cum
1308 777 1373 800 ante
1390 773 1514 800 omnium
1529 774 1718 808 episcoporum
1735 779 1763 802 et
1777 775 1869 809 populi

1080 818 1230 845 sententias
1247 818 1407 852 imperatrix
1424 818 1457 845 ad
1482 817 1657 846 Joannicium
1674 820 1868 847 anaehoretaut

1080 863 1235 890 consultum
1253 863 1382 896 misisset,
1402 871 1580 899 ecquemnam
1604 865 1653 892 hoc
1668 865 1870 899 patriarchatus

1082 908 1186 935 honore
1201 908 1314 943 dignum
1331 917 1378 943 per
1405 909 1549 936 Dominum
1564 915 1761 945 cognosceret;
1785 910 1871 946 Igna-

1083 954 1149 982 tium
1163 954 1281 982 eximius
1298 955 1342 981 ille
1353 954 1514 984 Joannicius
1530 955 1661 983 divinitus
1673 957 1869 990 pronuntiavit.

1081 999 1171 1033 Atque
1187 999 1223 1026 ita
1239 999 1328 1026 boutts
1353 1004 1447 1034 pastor
1463 1008 1510 1035 per
1524 1000 1625 1027 ostium
1650 1001 1677 1027 in
1692 1001 1761 1027 ovile
1777 1001 1869 1028 ovium

1083 1045 1235 1079 ingressus,
1250 1052 1315 1072 oves
1331 1045 1456 1080 proprias
1471 1046 1588 1073 vocabat
1613 1045 1788 1074 nominalint:
1802 1054 1872 1081 quas

1081 1098 1114 1118 ex
1131 1091 1220 1118 noxiis
1238 1095 1265 1117 et
1294 1091 1432 1126 pestiferis
1452 1091 1555 1125 herbis,
1585 1091 1718 1126 omnique
1744 1091 1880 1119 Imretica-

1083 1142 1160 1172 peste
1173 1142 1197 1164 et
1222 1137 1305 1164 exitio
1319 1143 1439 1172 ereptas,
1467 1139 1500 1165 ad
1527 1138 1692 1165 immortalia
1710 1146 1878 1173 semperque-

1082 1182 1197 1210 virentia
1213 1187 1294 1210 recta:
1319 1183 1379 1210 fidei
1407 1184 1575 1218 iustitiaeque
1598 1191 1698 1218 pascua
1724 1184 1874 1211 deducebat

1083 1228 1293 1263 itzdueebatque.
1324 1228 1382 1263 Ipse
1407 1236 1470 1255 vero
1499 1233 1555 1256 tum
1588 1229 1622 1256 ab
1651 1229 1725 1255 otnni
1758 1229 1873 1257 crimine

1083 1274 1107 1300 a‘:
1119 1274 1257 1305 horrebat,
1275 1279 1330 1301 tum
1344 1274 1370 1300 in
1385 1282 1466 1302 omne
1481 1275 1631 1309 praesertim
1649 1275 1779 1301 virtutum
1797 1275 1873 1308 priu-

1082 1319 1208 1353 cipalium
1226 1325 1252 1346 et
1269 1320 1407 1355 aequitatis
1425 1320 1546 1347 studium
1563 1320 1693 1355 singulari
1709 1325 1808 1347 conatu
1829 1320 1872 1346 in-

1083 1365 1224 1396 cumbens,
1242 1365 1275 1392 ad
1304 1365 1429 1400 perfecte
1457 1365 1564 1399 pietatis
1582 1366 1688 1392 culmen
1706 1365 1871 1392 cnitehatur.

1082 1410 1228 1438 Prudentia
1250 1419 1368 1446 namque
1400 1411 1437 1438 illi
1453 1419 1527 1438 etme
1551 1415 1620 1442 erat,
1638 1419 1692 1438 non
1709 1415 1738 1445 ut
1755 1411 1871 1445 Oplllt'l]<

1083 1457 1147 1484 tiam
1175 1457 1238 1488 sibi.
1264 1457 1468 1491 humanamque
1495 1457 1631 1491 gloriam,
1663 1461 1689 1484 et
1720 1457 1873 1492 voluptates

1082 1503 1272 1538 conquireret;
1289 1504 1335 1530 sed
1353 1507 1381 1530 ut
1393 1503 1439 1529 Dei
1458 1504 1626 1530 voluntatem
1652 1508 1787 1536 sanctam,
1805 1503 1873 1530 bene

1082 1549 1231 1584 placentem
1266 1553 1292 1576 et
1323 1548 1482 1583 perlectam,
1513 1549 1540 1575 in
1558 1549 1654 1583 spiritu
1685 1550 1751 1576 recti
1775 1550 1872 1584 judicii

240 1595 304 1623 χετο
315 1589 489 1627 δικαιοσύνης
501 1600 508 1607 ·
529 1593 676 1628 ἐξαιρέτως
697 1594 725 1621 δὲ
747 1595 815 1632 πρὸς
834 1597 883 1629 τὰς
899 1598 952 1624 τῶν
968 1599 1029 1634 ἀρεν

1084 1595 1150 1621 bene
1165 1595 1325 1629 intelligeret
1340 1599 1366 1622 et
1381 1600 1551 1629 sequeretur.
1569 1595 1708 1622 Fortitudo
1732 1603 1796 1622 vero
1814 1601 1872 1623 erat

239 1634 296 1659 τῶν
324 1636 542 1672 κατορθούμενος
572 1639 694 1672 γενικὰς,
722 1642 773 1675 τῆς
800 1642 861 1668 κατ’
891 1643 1031 1671 εὐσέϐειαν

239 1679 410 1716 τελειότητος
427 1682 598 1716 ἐπεμελεῖτο.
611 1684 744 1720 Φρόνησις
759 1686 809 1721 μὲν
824 1687 878 1722 γὰρ
890 1688 966 1724 αὐτῷ
991 1690 1031 1717 δι’

239 1725 417 1759 ισπούδαστο,
437 1727 486 1762 οὐχ
503 1728 571 1755 ὥστε
587 1729 703 1757 πλοῦτον
724 1731 811 1767 ἐαυτῷ
825 1733 872 1760 καὶ
889 1733 968 1767 δόξαν
982 1744 1032 1762 πο-

240 1770 365 1806 ρίζεσθαι
390 1774 535 1810 κοσμικὴν,
554 1776 600 1803 καὶ
623 1776 750 1808 ποικίλας
771 1777 896 1813 σώματος
920 1780 1029 1814 ἡδονὰς,

241 1816 300 1843 ἀλλ’
316 1817 386 1844 ὥστε
401 1819 432 1846 τὸ
443 1819 548 1856 θέλημα
568 1821 614 1848 τοῦ
625 1822 693 1849 Θεοῦ
710 1823 740 1849 τὸ
757 1824 858 1857 ἀγαθὸν
870 1825 917 1852 καὶ
932 1827 1030 1862 εὐάρε-

241 1870 304 1889 στον
316 1864 363 1890 καὶ
378 1864 481 1892 τέλειον
495 1866 525 1891 ὲν
538 1866 701 1902 διακρίσεως
709 1869 845 1904 πνεύματι
862 1871 953 1903 καλῶς
968 1880 1032 1898 συν-

241 1909 310 1936 ιέναι
329 1910 377 1936 καὶ
395 1903 492 1939 ποιεῖν.
514 1911 622 1948 Ἀνδρία
639 1914 667 1940 δὲ
697 1903 785 1950 αὐτῷ,
797 1916 827 1942 τὸ
844 1916 882 1952 μὴ
897 1917 1031 1952 ήττᾱσθαί

240 1963 306 1982 ποτε
324 1958 374 1992 τῆς
391 1958 539 1994 ἁμαρτίας,
562 1960 621 1986 ἀλλ’
632 1961 773 1996 ἐλεύθερον
789 1960 859 1988 εἶναι
872 1965 918 1990 καὶ
932 1964 1030 1991 δεσπό-

241 2001 299 2032 ζειν
315 2002 369 2028 τῶν
385 2003 522 2030 δυναστῶν
535 2013 542 2019 ·
563 2005 709 2040 ἀποτόμως
729 2006 757 2033 δὲ
770 2007 816 2033 τὸν
839 2008 1031 2043 ἁμαρτάνοντα

241 2048 312 2074 κατὰ
335 2048 381 2074 τον
402 2049 582 2078 ἀποστολικὸν
609 2051 689 2086 νόμον
705 2052 865 2088 διελέγχειν,
891 2055 1031 2082 καὶτοῦτο

241 2093 372 2125 πολλάκις
387 2094 503 2121 ἐνώπιον
519 2095 637 2129 πάντων,
650 2098 697 2124 καὶ
718 2098 754 2133 μὴ
772 2099 953 2134 καθυφίεσθαι
969 2101 1030 2127 δου-

241 2138 402 2175 λοπρεπῶς,
428 2141 471 2169 ἵνα
493 2142 541 2169 καὶ
563 2143 587 2170 οἱ
612 2144 710 2176 λοιποὶ,
734 2146 812 2180 φησὶ,
840 2146 922 2181 φόϐον
936 2146 1029 2182 ἔχωσι,

241 2184 407 2222 Σωφροσύνη
434 2188 473 2221 δὲ,
492 2189 535 2215 ιοὺ
564 2189 611 2216 τοῦ
639 2191 738 2218 οἰκείου
765 2191 891 2226 σώματος
909 2193 990 2228 μόνον
1014 2195 1030 2229 ἡ

241 2231 356 2267 ἁγνότης
372 2241 402 2260 τε
426 2234 472 2261 καὶ
492 2235 664 2270 καθαρότης,
691 2236 724 2272 ἢν
747 2237 779 2263 ἐκ
798 2239 898 2273 νεαρᾶς
922 2239 1031 2274 ἡλικίας

1083 1640 1144 1675 ipsi,
1161 1648 1195 1667 ne
1208 1648 1328 1675 unquam
1341 1641 1478 1668 servitutis
1486 1646 1598 1675 peccato
1609 1642 1811 1674 succumberet,
1823 1642 1870 1669 sed

1082 1687 1150 1714 liber
1164 1693 1246 1720 esset,
1274 1691 1299 1714 et
1328 1686 1517 1714 dominaretur
1534 1688 1720 1722 optimatibus,
1742 1693 1824 1722 atque
1838 1697 1870 1716 ex

1082 1733 1197 1767 apostoli
1219 1733 1390 1768 praescripto,
1408 1738 1566 1768 peccantem
1594 1734 1694 1761 aet-iter
1712 1735 1871 1770 castigaret,

1081 1783 1108 1805 et
1133 1779 1186 1806 hoc
1198 1787 1269 1814 δα*ρο
1294 1787 1386 1806 coram
1402 1779 1542 1811 omnibus,
1560 1788 1609 1807 nec
1630 1781 1721 1807 servili
1747 1781 1826 1809 modo
1843 1789 1873 1808 se

1081 1825 1244 1858 subiiceret;
1257 1829 1323 1853 utet
1345 1825 1448 1857 caueri,
1471 1826 1569 1860 inquit,
1587 1826 1613 1853 in
1623 1826 1710 1853 otIit-io
1729 1835 1776 1861 per
1791 1827 1872 1854 timo-

1081 1879 1138 1898 rem
1150 1871 1351 1898 contineantur.
1360 1871 1580 1906 Tcmpcrantiam
1595 1877 1750 1900 autemnon
1766 1878 1871 1901 tantum

1083 1917 1108 1944 in
1134 1924 1249 1951 corpore
1264 1917 1350 1944 coluit
1376 1925 1437 1949 suo,
1455 1925 1537 1952 quam
1559 1926 1572 1944 a
1589 1918 1689 1945 teneris
1702 1919 1781 1946 annis
1803 1920 1871 1946 adeo

1083 1963 1222 1990 laboribus
1241 1963 1443 1998 sudoribusque
1457 1963 1574 1990 assiduis
1584 1963 1700 1998 perfecte
1710 1969 1750 1991 est
1759 1972 1872 1992 assecu-

1081 2013 1136 2041 tus,
1148 2012 1296 2036 utsensum
1311 2016 1430 2040 mnncm,
1441 2016 1591 2043 omnesque
1602 2009 1764 2044 cupiditates
1775 2017 1874 2045 corpo-

1082 2055 1120 2082 ris
1138 2055 1234 2083 noxias
1251 2055 1358 2090 penitus
1371 2055 1542 2083 exstinxerit.
1560 2054 1619 2082 Non
1629 2063 1695 2089 ergo
1710 2056 1752 2083 ltis
1765 2061 1870 2083 tantum

1083 2100 1182 2128 finibus
1203 2100 1388 2135 temperantiae
1414 2100 1587 2136 splendorem
1608 2100 1807 2132 circumclusit,
1823 2102 1871 2129 sed

1082 2145 1230 2172 Ecclesiam
1259 2153 1337 2172 suam
1358 2149 1454 2177 totam,
1477 2153 1583 2172 morum
1603 2150 1631 2172 et
1655 2145 1785 2174 doctrina:
1814 2154 1871 2174 sua:

1081 2191 1213 2226 gravitate
1229 2191 1454 2226 assiduitatequc,
1470 2191 1503 2218 ad
1523 2199 1583 2218 earn
1604 2191 1728 2226 prevexit
1742 2193 1871 2221 honesta-

1083 2242 1136 2265 tem
1155 2242 1181 2265 et
1210 2237 1412 2270 verecundiam,
1438 2241 1468 2263 ut
1492 2237 1563 2264 inter
1587 2237 1646 2271 ejus
1671 2236 1818 2266 familiares
1839 2247 1872 2266 ne

241 2276 314 2304 οὕτω
333 2278 424 2310 πόνοις
444 2281 550 2315 συχνοῖς
566 2281 613 2307 καὶ
638 2281 731 2316 ἱδρῶσι
755 2283 966 2318 κατωρθώσατο,
990 2284 1027 2317 ὡς

1083 2291 1181 2310 nomen
1194 2283 1303 2318 quidem
1319 2281 1518 2314 fornicationis,
1532 2282 1574 2308 vel
1587 2282 1740 2317 cuiuspiam
1756 2283 1870 2318 impuri-

241 2325 281 2356 είς
295 2325 384 2361 ἄκραν
402 2327 484 2353 αὑτὸν
510 2327 655 2360 ἀπάθειαν,
676 2329 733 2364 ἦτοι
752 2330 871 2366 παντελῆ
897 2332 1030 2366 νέκρωσιν

241 2369 288 2396 τοῦ
299 2371 429 2405 σαρκίνου
445 2373 618 2408 φρονήματος
630 2374 729 2402 ἐλθεῖν,
742 2376 780 2402 Οὐ
794 2376 881 2412 ταύτῃ
898 2377 963 2410 γοῦν
979 2378 1029 2412 μό-

241 2423 287 2442 νον
295 2416 325 2442 τὸ
336 2417 386 2451 τῆς
398 2418 576 2454 σωφροσύνης
589 2419 703 2455 ὡρίζετο
714 2421 806 2454 καλὸν,
821 2422 896 2458 πάσῃ
907 2422 935 2448 δὲ
948 2431 1030 2449 σπου-

241 2461 272 2496 δῇ
284 2463 332 2488 καὶ
344 2463 394 2498 τὴν
408 2465 468 2490 κατ’
481 2465 562 2491 αὐτὸν
584 2465 747 2501 Ἐκκλησίαν
757 2467 803 2494 ἐπὶ
816 2469 942 2495 τοσοῦτον
952 2469 1030 2504 ἧγνιυ

243 2508 284 2540 ξε,
303 2509 351 2535 καὶ
368 2509 407 2543 τῷ
421 2509 548 2545 ἐμϐριθεί
573 2520 603 2538 τε
625 2513 672 2538 καὶ
687 2515 794 2549 συνεχεῖ
807 2514 856 2549 τῆς
881 2515 928 2541 τοῦ
946 2516 1031 2542 Πνεύ-

244 2562 330 2589 ματος
359 2555 532 2588 διδασκαλίας
560 2557 760 2593 ἐσωφρόνιζεν,
791 2559 829 2591 ὡς
856 2560 916 2595 μηδ’
945 2561 1030 2596 δνομα

243 2600 382 2634 πορνείας,
410 2601 426 2636 ἦ
442 2609 515 2632 τινος
539 2602 624 2637 ἄλλης
644 2603 816 2638 ἀκαθαρσίας
831 2605 860 2631 ὲν
875 2607 932 2636 τοῖς
955 2607 1030 2641 αὐτῷ

243 2645 438 2681 πλησιάζουσιν
466 2647 633 2675 ἀκούεσθαι¹
664 2649 722 2675 ἀλλ’
748 2649 841 2686 ὥσπερ
871 2645 952 2683 αὐτὸς
981 2652 1031 2688 τὴν

240 2690 356 2726 ἄμωμον
365 2692 423 2718 ὁδὸν
439 2692 485 2719 τοῦ
513 2694 616 2728 Κυρίου
633 2694 757 2730 ἀμώμως
784 2696 941 2730 ἐπορεύετο,
957 2697 1030 2724 οὓτω

241 2737 290 2763 καὶ
303 2737 352 2773 τὴν
368 2737 472 2765 ἐκείνου
488 2739 608 2775 νύμφην,
622 2740 659 2772 ὡς
679 2741 780 2775 ἀγαθὸς
793 2743 990 2777 νυμφοστόλος,
1000 2745 1030 2770 ἐν

240 2782 350 2818 ἀμώμῳ
367 2784 490 2819 προσῆγε
513 2785 646 2822 πολιτείᾳ.
675 2787 744 2822 Περὶ
766 2788 940 2824 δικαιοσύνης
959 2789 988 2815 δὲ
1004 2789 1030 2816 τί

242 2828 296 2863 χρὴ
311 2830 358 2855 καὶ
376 2829 484 2864 λέγειν;
507 2831 540 2866 ἢν
556 2831 628 2859 οὕτω
646 2834 767 2869 στεῤῥῶς
784 2834 831 2862 καὶ
857 2835 1031 2871 μεγαλοπρε-

242 2873 301 2906 πῶς
312 2875 326 2901 ὁ
342 2876 477 2911 μακάριος
499 2878 646 2911 ἐνεδέδυτο,
661 2879 731 2906 ὥστε
746 2881 792 2907 καὶ
809 2881 911 2917 μέμψιν
928 2881 962 2908 δι’
979 2882 1030 2909 αύ-

243 2919 292 2955 τὴν
305 2921 415 2957 ὑπέχειν
436 2923 565 2957 πολλάκις
584 2925 659 2961 παρά
670 2927 726 2958 τοῖς
744 2927 848 2960 ἀδίκοις
863 2927 910 2954 τοῦ
924 2928 1029 2955 δικαίου

1084 2329 1148 2356 tatis
1164 2329 1314 2356 audiretur.
1336 2327 1450 2355 l‘erinde
1465 2328 1536 2354 enim
1563 2334 1590 2354 ut
1611 2328 1669 2362 ipse
1683 2329 1741 2356 vias
1764 2329 1870 2356 Domini

1084 2379 1174 2402 rectas
1187 2374 1343 2401 ambulabat
1359 2393 1367 2404 .
1394 2373 1430 2400 ita
1458 2381 1588 2407 sponsam
1615 2373 1722 2400 Domini
1750 2375 1871 2408 optimus

1084 2419 1287 2454 paranymphus
1309 2426 1356 2452 per
1378 2418 1543 2452 inculpatum
1562 2418 1623 2445 vita:
1644 2418 1769 2445 semitam
1786 2419 1872 2446 dedu-

1084 2466 1173 2494 cebat.
1192 2465 1251 2492 Jam
1267 2470 1295 2492 ut
1309 2464 1391 2492 fuerit
1407 2466 1476 2499 atqui
1496 2469 1586 2497 tenax,
1605 2464 1752 2498 justititeve
1777 2465 1871 2492 obser-

1084 2520 1162 2544 vans,
1180 2511 1246 2546 qttid
1260 2511 1369 2538 dicant?
1385 2519 1448 2538 cum
1470 2511 1506 2538 ita
1522 2511 1607 2545 rigide
1618 2519 1678 2538 eam
1699 2511 1828 2542 servavit,
1841 2516 1871 2538 ut

1084 2558 1156 2585 illius
1172 2564 1254 2584 causa
1276 2564 1329 2584 non
1347 2564 1411 2584 raro
1425 2556 1458 2584 ab
1473 2557 1575 2591 iniquis
1598 2556 1735 2591 tequitatis
1759 2556 1870 2583 arbitris

1083 2603 1327 2638 reprehenderetur
1339 2624 1346 2636 ,
1374 2607 1523 2638 pastorque
1549 2610 1612 2630 vere
1638 2603 1712 2630 mitis
1724 2609 1757 2629 ac
1771 2601 1870 2628 divinae

1084 2648 1336 2683 imitatorjustitim,
1345 2649 1495 2684 asperrime
1509 2650 1747 2676 condemnaretur.
1763 2647 1868 2674 Etenim

1084 2702 1138 2722 non
1153 2694 1178 2721 itt
1195 2694 1322 2722 civilibus
1336 2698 1440 2721 tantum
1461 2695 1552 2725 rebus,
1573 2694 1621 2722 sed
1642 2693 1728 2720 multo
1742 2691 1829 2726 magis
1840 2691 1867 2719 in

1083 2739 1278 2767 ecclesiasticis
1311 2740 1557 2775 disceptationibus
1583 2744 1609 2766 et.
1640 2739 1751 2773 judiciis
1789 2738 1868 2766 facile

1083 2787 1283 2822 agnoscebatur
1294 2786 1327 2814 ad
1347 2787 1470 2814 veritatis
1488 2786 1679 2820 aequitatisque
1700 2789 1868 2812 momentum

1084 2833 1222 2861 laticemve
1241 2833 1420 2868 propendere,
1444 2836 1539 2860 contra
1567 2839 1632 2858 vero
1648 2831 1820 2859 mendacium
1841 2835 1870 2860 et

1083 2880 1234 2914 quamlibet
1247 2879 1407 2914 iniustitiam
1427 2877 1668 2905 vehementissime
1681 2877 1868 2905 severissime-

1085 2933 1139 2960 que
1154 2923 1359 2953 iusectariJVcc
1368 2931 1432 2959 erga
1447 2922 1570 2958 plebeios
1581 2926 1690 2950 tantum
1708 2928 1734 2952 et
1755 2923 1868 2951 viliores
