2092 3156
237 214 292 248 503
831 216 980 247 NlCET/E
995 217 1093 248 PAPH
1098 217 1260 248 LAGONIS
1815 214 1868 247 50!

237 279 264 299 in
283 279 363 306 quos,
379 271 401 299 si
417 271 480 306 quid
495 275 616 306 peccent,
631 272 718 299 cuivis
732 271 820 299 facilis
835 276 861 299 ct
881 272 965 299 libera
981 277 1022 300 est

1075 267 1233 308 διαιτηταῖς,
1245 273 1294 300 καὶ
1314 272 1486 308 σκληρότατα
1496 269 1750 304 καταγινώσκεσϐαι
1767 269 1813 296 τὺν
1828 269 1868 301 ὡς

235 324 368 350 censura;
385 318 431 344 sed
448 317 578 345 adversus
592 317 728 352 principes
744 318 826 345 etiam
849 318 1022 353 magistratus

1079 318 1186 354 ἀληθῶς
1201 320 1288 355 πρᾶον
1303 319 1429 353 ποιμένα,
1441 319 1489 346 καὶ
1504 318 1572 344 Θεοῦ
1589 316 1757 353 μιμούμενον
1768 316 1870 342 δικαιο-

235 371 267 399 ac
283 364 421 399 dynastas,
439 364 758 398 ipsosque-imperatores
773 383 781 395 ,
795 364 877 391 ardor
889 372 920 391 ac
933 364 1022 391 divina

1080 364 1163 399 σύνην
1173 372 1180 379 ·
1197 365 1244 390 καὶ
1264 364 1318 399 γὰρ
1341 364 1391 390 οὐκ
1406 364 1435 390 ὲν
1450 364 1507 395 τοῖς
1527 362 1705 398 ἀνθρωπίνοις
1720 361 1867 396 πράγμασι

236 410 343 437 dicendi
356 409 466 436 libertas
478 409 608 436 antistitis
619 409 742 436 elucebat
759 420 765 437 :
787 410 860 444 quod
876 418 935 437 mea
953 418 1022 438 nunc

1081 410 1172 443 μόνον,
1188 409 1255 437 ἀλλά
1273 409 1321 435 καὶ
1335 410 1364 435 ὲν
1381 410 1441 441 ταῖς
1457 408 1699 443 ἐκκλησιαστικαῖς
1718 407 1785 432 πολὺ
1802 406 1870 439 μᾶλ-

236 455 385 482 deelarahit
401 452 499 482 oratio.

1079 455 1124 482 λον
1151 454 1372 489 ἀμφισϐητήσεσι
1391 454 1436 480 καὶ
1459 454 1576 488 κρίσεσι,
1601 453 1632 479 τὸ
1657 452 1724 487 πρὸς
1740 451 1869 486 ἀλήθειαν

237 501 286 534 μὲν
305 501 350 527 καὶ
367 500 538 535 δικαιοσύνην
555 501 713 536 ὲπιῤῥεπὲς,
731 501 914 536 ὑπεροπτικὴν
929 501 956 527 δὲ
973 500 1056 526 αὑτοῦ
1070 500 1116 526 καὶ
1129 500 1266 534 ἀπότομον
1282 500 1350 535 πρός
1375 508 1406 535 τε
1430 498 1459 525 τὸ
1482 498 1580 533 ψεῦδος
1611 498 1659 524 καὶ
1683 497 1790 524 ἀδικίαν
1818 496 1870 522 πᾶ-

235 556 286 573 σαν
310 547 490 582 ὲγνωρίζετο·
514 547 561 574 καὶ
588 548 616 574 οὐ
635 548 705 582 πρὸς
724 549 787 580 τοὺς
803 548 918 580 πολλοὺς
944 549 1023 582 μόνον
1047 549 1093 574 καὶ
1108 547 1308 582 χυδαιοτέρους,
1324 546 1391 581 προς
1406 545 1452 578 οὒς
1468 545 1625 577 ἀδικοῦντας
1653 545 1723 579 τάχα
1748 544 1796 570 καὶ¹
1820 543 1869 571 ἀλ-

233 593 279 624 λος
306 593 339 619 ἂν
367 594 596 629 παῤῥησιάσαιτο,
622 595 672 630 ἤδη
687 595 715 621 δὲ
737 595 783 621 καὶ
801 595 869 628 πρὸς
893 595 955 626 τοὺς
973 595 1022 626 τὰς
1034 593 1145 629 πρώτας
1174 593 1426 628 περιϐεϐλημένους
1450 592 1620 624 δυναστείας,
1645 592 1692 618 καὶ
1721 592 1789 628 πρὸς
1807 592 1870 624 τοὺς

235 639 363 676 βασιλέας
380 641 479 672 αὖτοὺς
492 641 507 667 ὁ
529 640 576 667 τοῦ
603 641 755 676 ἀρχιερέως
771 642 851 676 ζῆλος
870 642 918 668 καὶ
932 642 1023 673 ἔνθεος
1037 641 1181 676 παρρησία
1197 641 1362 667 διεδείκνυτο
1374 649 1382 657 ’
1396 639 1511 676 δηλώσει
1526 640 1555 666 δὲ
1569 640 1617 666 νῦν
1630 640 1643 666 6
1656 639 1744 672 λόγος.

270 687 386 715 Dardani
418 687 512 719 illum,
541 687 579 714 uti
605 687 673 721 scio,
702 688 788 715 nostis
810 695 917 720 manes,
934 687 1025 714 Theo-

234 732 307 760 (ἴοι-ω
337 731 466 766 Augustae
492 731 571 758 home
600 732 733 766 principis
757 739 811 759 non
835 732 948 765 bonum,
979 732 1026 759 sed

235 786 337 806 saevum
370 778 516 805 admodum
548 782 575 805 et
605 778 742 805 crudelem
782 778 866 806 fuisse
903 778 1025 806 fratrem.

235 824 398 859 Quanquam
427 823 500 850 enim
527 823 552 850 in
583 830 673 850 rerum
703 824 824 851 civilium
848 824 1023 852 administra-

235 870 309 897 tione
331 870 456 905 egregius
485 869 692 904 industriusque
719 874 802 903 esset,
819 871 858 897 rei
873 876 962 898 tamen
979 871 1022 897 di-

233 914 305 942 vinat
344 918 424 950 atque
457 915 650 943 ecclesiastica:
683 923 763 943 nemo
797 916 873 943 illum
901 923 1022 951 unquam

235 961 408 988 commodum
438 961 521 995 dixit;
549 966 577 988 ul
604 963 650 997 qui
674 970 759 990 nurus
779 971 836 990 sua:
866 970 961 990 amore
987 963 1023 990 ita

234 1006 348 1038 fureret,
365 1011 395 1034 ut
410 1007 469 1041 ejus
488 1008 526 1034 rei
545 1007 617 1034 fama
634 1012 717 1041 totam
737 1008 830 1035 urbem
847 1012 1024 1044 peragraret:

235 1059 285 1079 nec
301 1052 372 1079 inter
387 1052 492 1087 plebem
509 1056 615 1079 tantum
642 1053 756 1080 haereret
768 1073 776 1086 ,
793 1053 839 1079 sed
856 1052 889 1080 ad
905 1053 1024 1088 patriar-

234 1098 292 1125 cha:
304 1105 414 1133 quoque
430 1105 510 1125 aures
528 1098 591 1125 facti
608 1098 755 1133 indignitas
770 1097 932 1126 deferretur.
954 1098 1025 1131 Quid

234 1150 299 1178 ergo
310 1143 487 1178 patriarcha?
501 1143 560 1170 Non
573 1144 693 1171 hominis
705 1144 863 1178 dignitatern
880 1144 1023 1176 reveritus,

234 1189 343 1221 facinus
360 1189 470 1217 silentio
485 1190 603 1224 pressit;
620 1189 666 1217 sed
683 1197 716 1216 ex
737 1190 795 1224 lege
811 1190 911 1224 arguit,
931 1197 1024 1224 repre-

234 1235 395 1270 henditque,
413 1239 440 1262 et
459 1236 583 1263 hortatus
599 1240 651 1267 est,
673 1241 703 1263 ut
725 1244 758 1263 ne
781 1236 868 1263 salute
890 1236 1022 1270 neglecta,

233 1282 354 1308 animam
370 1289 445 1309 suam
461 1282 596 1316 perditum
613 1282 674 1315 iret,
690 1281 738 1309 sed
755 1282 857 1310 foedum
874 1286 900 1309 et
912 1290 1024 1309 enorme

234 1328 325 1356 scelus
339 1328 470 1363 expiaret.
493 1328 539 1356 Ille
559 1332 649 1356 tamen
665 1336 717 1355 non
737 1329 817 1355 modo
832 1336 861 1356 se
874 1329 908 1356 ab
923 1329 1024 1363 impro-

235 1374 319 1401 hitatc
339 1382 387 1401 sua
413 1382 464 1402 non
490 1374 632 1407 abstinuit,
650 1375 696 1401 sed
722 1375 782 1409 ipso
798 1375 959 1410 Epiphaniae
979 1374 1023 1401 die

233 1418 303 1446 festo
319 1419 346 1446 in
359 1419 444 1447 :edem
459 1427 578 1452 sacram,
595 1421 768 1448 eueharistias
787 1422 914 1456 mysteria
930 1428 1023 1454 perce-

233 1470 342 1500 pturus,
369 1467 540 1502 impudenter
566 1472 608 1494 est
628 1475 798 1502 progressus.
822 1467 891 1499 Quid
917 1467 962 1494 hic
976 1474 1022 1501 pa-

235 1512 411 1539 triarcha?A
426 1513 511 1540 sacris
535 1518 621 1546 arcet,
649 1513 790 1548 indignum
816 1520 879 1539 cum
895 1512 1022 1545 judicans

233 1559 358 1592 corporis
388 1557 520 1585 Dominici
554 1558 770 1593 participatione.
799 1557 843 1584 Ille
872 1565 937 1584 vero
961 1557 1022 1584 diro

233 1604 354 1638 percitus
367 1608 451 1631 oestro
469 1604 543 1636 l'urit,
560 1612 695 1639 suumque
717 1604 743 1631 in
758 1604 870 1631 exitium
887 1607 1019 1635 armatus,

233 1657 263 1677 se
279 1651 398 1686 gladium
414 1651 439 1677 in
468 1651 600 1678 antistitis
623 1651 727 1678 viscera
743 1650 894 1677 deﬁxurum
910 1649 1020 1676 miuita-
1033 1663 1055 1692 α

233 1698 288 1720 tur.
305 1693 356 1721 Sed
374 1694 495 1729 lgnatius
510 1699 603 1722 contra
628 1695 826 1727 comminatur,
843 1694 926 1721 Deum
941 1695 1020 1721 invo-

233 1747 310 1770 cans,
324 1740 370 1774 qui
387 1743 482 1775 potens
499 1745 570 1768 esset
584 1740 703 1775 gladium
717 1741 743 1768 in
760 1741 836 1768 illum
853 1745 1020 1768 convertere.

233 1784 302 1812 Hinc
315 1785 495 1813 offensionum
524 1786 610 1820 prima
631 1786 729 1822 origo:
751 1787 793 1814 hic
811 1787 871 1814 fons
892 1787 1022 1814 ecclesia-

234 1832 311 1858 sticae
322 1832 546 1866 perturbationis.
565 1832 633 1860 llinc
649 1833 723 1868 gravi
735 1833 837 1861 Bardas
853 1833 891 1860 ira
906 1833 1022 1867 odioque

235 1882 378 1911 concepto,
396 1885 428 1904 ac
449 1877 530 1905 altius
548 1878 574 1905 in
594 1884 687 1913 pectus
708 1878 838 1911 demisso,
855 1886 975 1911 omnem,
993 1883 1023 1905 ut

235 1922 344 1955 dicitur,
371 1924 510 1950 rudentem
538 1929 632 1951 contra
659 1925 792 1960 lgnatium
820 1925 962 1958 mevebat,
994 1929 1023 1952 ut

234 1975 296 1994 eum
311 1968 384 2002 apud
396 1969 584 2004 imperatorem
602 1971 803 1998 criminaretur.
819 1970 952 1999 Patricius
964 1975 1021 1998 tum

235 2017 292 2040 erat
305 2013 415 2044 Bardas.
428 2019 454 2041 et
465 2015 618 2042 scholarum
631 2015 805 2048 domesticus,
820 2016 925 2051 sibique
937 2021 1021 2044 totam

236 2057 343 2091 imperii
376 2057 649 2092 administrationem,
678 2064 771 2094 utpote
797 2061 948 2088 avunculus
969 2059 1021 2088 Mi-

235 2102 348 2134 chaelis,
365 2103 526 2131 vindicabat.
542 2104 590 2132 llic
619 2113 763 2140 aggressus
791 2106 937 2141 aliquando
956 2106 1022 2133 ado—

235 2148 399 2180 lescentem,
426 2149 571 2184 verbisque
601 2150 741 2178 insidiosis
767 2155 881 2185 captans
902 2159 908 2177 :
933 2150 1020 2183 Quid,

234 2191 332 2226 inquit,
344 2191 463 2224 domine,
480 2193 625 2227 imperium
652 2194 731 2220 matri
755 2198 781 2221 et
803 2194 944 2221 sororibus
958 2203 1022 2229 pcr-

234 2237 341 2265 mittis?
354 2237 436 2273 Atqui
449 2246 502 2264 non
517 2246 546 2265 es
557 2239 673 2273 amplius
690 2239 789 2273 inl'ans,
803 2240 911 2275 aevique
922 2241 1021 2268 imma-

234 2287 313 2309 turus
328 2291 337 2309 :
352 2283 416 2313 into,
432 2283 530 2318 inquit,
548 2289 574 2310 et
586 2284 641 2318 jam
654 2292 740 2312 uxore
756 2286 834 2313 ducta
849 2286 936 2313 virum
951 2287 1020 2321 agis.

1118 687 1170 714 Τδν
1186 686 1290 720 Βάρδαν
1310 687 1413 712 ἐκεῖνον
1430 684 1477 712 οἷδ¹
1500 685 1541 712 ὅτι
1565 685 1664 716 πάντες
1679 684 1803 716 ἀκούετε,
1832 685 1871 716 ὡς

1079 731 1162 768 [ἀλλ.
1178 731 1218 767 ὃς]
1230 731 1371 766 Θεοδώρας
1388 731 1438 766 μὲν
1451 731 1500 766 τῆς
1516 730 1623 765 ἀγαθῆς
1640 729 1774 765 βασιλίδος
1793 730 1871 757 ἀδελ-

1079 779 1128 813 φὸς
1146 776 1190 813 ἦν,
1208 778 1258 804 οὐκ
1274 777 1377 811 ἀγαθὸς
1396 776 1435 808 δὲ,
1454 776 1522 803 ἀλλὰ
1548 777 1595 802 καὶ
1614 776 1674 803 λίαν
1698 776 1796 812 πικρὸς
1821 775 1870 802 xui.

1077 822 1261 858 ἀπάνθρωπος
1272 830 1278 837 ·
1295 822 1324 849 ὃν
1342 821 1486 848 σπουδαῖον
1500 822 1549 857 μὲν
1564 819 1633 848 εῐναι
1646 822 1692 848 καὶ
1707 821 1870 856 δραστήριον

1078 869 1142 904 περὶ
1159 868 1210 902 τὴν
1232 868 1288 894 τῶν
1304 867 1450 895 πολιτικῶν
1474 867 1646 903 πραγμάτων
1669 867 1868 903 μεταχείρισιν,

1075 916 1163 948 οὐδεὶς
1181 916 1210 943 δὲ
1225 916 1289 951 περὶ
1311 915 1360 951 τὴν
1380 915 1543 949 Ἐκκλησίαν
1556 915 1674 951 χρηστὸν
1691 915 1776 950 ἔφησε
1789 915 1868 949 γενέ-

1078 962 1155 989 σθαι·
1172 962 1267 989 τοῦτον
1279 963 1311 997 τῇ
1329 962 1382 997 ἰδίᾳ
1394 962 1476 996 φασὶν
1489 961 1575 993 οὕτως
1584 962 1752 996 ἐπιμανῆναι
1762 962 1869 998 νύμφῃ,

1076 1007 1113 1039 ὡς
1126 1008 1178 1035 ἀνά
1195 1009 1285 1035 πᾶσαν
1301 1008 1380 1035 τοῦτο
1394 1008 1443 1043 τὴν
1458 1007 1536 1034 πόλιν
1551 1007 1803 1043 περιϐομΰηῦῆναι·
1822 1009 1869 1034 καὶ

1076 1055 1126 1081 οὐκ
1140 1054 1205 1090 ἄχρι
1217 1055 1274 1081 τῶν
1289 1054 1395 1081 πολλῶν
1407 1055 1498 1090 μόνον,
1521 1054 1589 1081 ἀλλά
1604 1054 1651 1081 καὶ
1675 1054 1771 1090 μέχρις
1785 1054 1868 1081 αὑτοῦ

1075 1099 1122 1127 τοῦ
1149 1100 1302 1136 ἀρχιερέως
1318 1101 1367 1135 τὴν
1391 1100 1514 1136 πονηρὰν
1535 1100 1630 1136 φήμην
1653 1100 1750 1127 ἐλθεῖν.
1773 1099 1805 1126 Τί
1823 1099 1871 1127 οὖν

1075 1146 1196 1178 ὲκείνοςς
1217 1145 1254 1172 Οὐ
1283 1146 1313 1172 τὸ
1341 1146 1455 1181 μέγεθος
1479 1145 1620 1182 ηὑλαόήθη
1640 1145 1687 1172 τοῦ
1709 1145 1868 1181 προσώπου,

1075 1191 1135 1217 οὐδὲ
1151 1191 1311 1218 συνεσκίασε
1327 1191 1358 1217 τὸ
1374 1191 1548 1226 ἀμπλάκημα
1567 1192 1600 1226 τῇ
1619 1191 1720 1226 σιωπῇ,
1736 1191 1804 1217 ἀλλά
1820 1191 1868 1216 καὶ

1074 1237 1171 1272 ἧλεγξε
1188 1237 1258 1263 κατά
1272 1236 1321 1272 τὴν
1337 1237 1458 1271 ἐντολὴν,
1471 1236 1538 1263 ἀλλὰ
1550 1237 1597 1263 καὶ
1608 1236 1785 1270 ἐπετίμησεν,
1800 1236 1869 1263 ἀλλά

1074 1284 1121 1310 καὶ
1134 1283 1305 1316 παρεκάλεσε
1315 1282 1460 1317 φείσασθαί
1471 1291 1501 1308 τε
1516 1283 1565 1318 τῆς
1581 1283 1649 1314 ιδίας
1659 1282 1758 1317 ψυχῆς,
1776 1283 1823 1308 καὶ
1838 1282 1870 1308 τὺ

1078 1330 1192 1365 φρικτὸν
1208 1330 1282 1356 τουτὶ
1302 1329 1388 1364 μῦσος
1402 1328 1614 1365 ἀποῤῥύψασθαι
1627 1337 1634 1344 ·
1650 1330 1664 1355 6
1685 1329 1713 1355 δὲ
1735 1329 1766 1355 οὐ
1789 1329 1870 1363 μόνον

1073 1375 1123 1400 οὐκ
1141 1374 1279 1408 ἀπέσχετο
1303 1373 1350 1400 τοῦ
1365 1373 1462 1406 κακοῦ,
1489 1373 1557 1400 ἀλλὰ
1572 1374 1619 1400 καὶ
1635 1373 1683 1400 ἐπὶ
1705 1373 1755 1408 τῆς
1770 1373 1868 1409 ἐκκλη-

1075 1421 1135 1452 σίας
1151 1420 1243 1455 (ἑορτὴ
1266 1420 1295 1446 δὲ
1310 1420 1364 1447 τῶν
1379 1420 1465 1454 ἁγίων
1489 1419 1646 1454 Θεοφανίων
1660 1417 1704 1455 ἦν)
1722 1420 1767 1446 καὶ
1787 1419 1869 1451 αὐτὸς

1076 1465 1194 1497 ἀναιδῶς
1209 1466 1355 1501 προσῆλθε,
1372 1465 1427 1492 τῶν
1445 1465 1528 1492 θείων
1553 1465 1673 1501 μεθέξων
1696 1466 1865 1501 μυστηρίων.

1073 1513 1106 1538 Τί
1120 1511 1178 1537 δὲό
1202 1511 1366 1547 ἀρχιερεύς;
1401 1512 1600 1538 ’Λποὸάλλεται
1633 1512 1683 1547 τῆς
1711 1512 1867 1543 κοινωνίας,

1073 1557 1182 1590 ἀνάξιον
1192 1556 1286 1583 τοῦτον
1301 1557 1352 1591 τῆς
1363 1556 1411 1583 τοῦ
1430 1557 1596 1583 Δεσποτικοῦ
1611 1556 1738 1592 σώματος
1766 1557 1867 1592 κρίνων

1075 1602 1261 1638 μεταλήψεως.
1287 1601 1316 1628 Ὀ
1332 1603 1359 1629 δὲ
1377 1602 1502 1637 μαίνεται
1522 1602 1605 1638 μανίᾳ
1621 1603 1718 1638 πικρᾷ,
1736 1603 1783 1629 καὶ
1795 1602 1866 1629 κατὰ

1073 1649 1123 1682 τῆς
1139 1649 1207 1680 ἰδίας
1222 1649 1362 1681 ὀπλίζεται
1378 1649 1466 1684 ψυχῆς
1476 1657 1483 1664 ο
1502 1649 1611 1675 ἀπειλεῖ
1631 1650 1662 1676 τὸ
1678 1650 1777 1676 οἰκεῖον
1791 1650 1867 1684 ξίφος

1075 1696 1132 1726 τοῖς
1147 1695 1312 1730 σπλάγχνοις
1326 1695 1372 1721 τοῦ
1392 1695 1518 1730 ίεράρχου
1535 1695 1704 1730 καταχῶσαι·
1732 1696 1746 1722 ὁ
1761 1695 1789 1721 δὲ
1805 1696 1868 1722 ἀντ-

1076 1740 1193 1773 απειλεῖ,
1207 1740 1253 1767 τὸν
1265 1740 1413 1775 δυνάμενον
1425 1740 1624 1776 ἐκκαλούμενος
1633 1741 1806 1776 ἐπιστρέψειν
1818 1741 1868 1776 τὴν

1077 1786 1214 1821 ῥομφαίαν
1228 1786 1309 1813 αὐτοῦ
1323 1787 1367 1812 ἐπ’
1382 1787 1472 1813 αὐτόν.
1485 1786 1560 1822 Αὕτη
1584 1787 1687 1821 γίνεται
1711 1787 1867 1814 σκανδάλων

1077 1832 1148 1866 ἀρχή
1162 1839 1169 1846 ⁸
1188 1831 1258 1867 αὕτη
1272 1832 1368 1867 πρώτη
1387 1832 1436 1866 τῆς
1455 1832 1684 1867 ἑκκλησιαστικῆς
1710 1833 1865 1859 ἀκαταστα-

1077 1877 1138 1909 σίας
1165 1878 1288 1912 ἀφορμή.
1324 1877 1464 1904 Ἐντεῦθεν
1492 1878 1578 1913 βαρὺν
1606 1878 1694 1914 ἑαυτῷ
1718 1879 1794 1913 χόλον
1818 1879 1868 1905 καὶ

1077 1922 1159 1957 μῆνιν
1170 1923 1183 1948 6
1192 1923 1298 1958 831961;
1313 1924 1415 1954 ἐκεῖνος
1427 1923 1626 1955 ὲναποθέμενος
1639 1923 1710 1950 κατά
1721 1923 1766 1949 τοῦ
1780 1923 1864 1957 Ἰγνα-

1075 1969 1144 2000 τίου,
1163 1969 1251 1995 πάντα
1269 1969 1358 1995 κάλων
1373 1969 1467 2001 ἐκίνει,
1485 1969 1516 1995 τὸ
1535 1968 1567 2005 δὴ
1580 1969 1737 2004 λεγόμενον,
1757 1969 1797 2004 τῷ
1813 1969 1863 2002 βα-

1077 2014 1145 2040 σιλεῖ
1156 2014 1251 2041 τοῦτον
1278 2014 1428 2041 διαϐαλεῖν.
1458 2016 1605 2051 Πατρίκιος
1618 2016 1647 2042 δὲ
1668 2016 1729 2043 τότε
1751 2017 1797 2042 καὶ
1810 2016 1866 2042 τῶν

1077 2059 1181 2094 σχολῶν
1202 2052 1360 2095 δομέστικος
1387 2060 1434 2094 ὢν,
1459 2061 1523 2097 ὃλην
1541 2062 1586 2088 τοῦ
1612 2062 1732 2097 Μιχαὴλ,
1757 2062 1806 2088 ἅτε
1833 2062 1865 2097 δὴ

1076 2106 1157 2137 θεῖος,
1174 2107 1214 2137 εἰς
1231 2106 1329 2132 ἑαυτὸν
1351 2107 1401 2141 τὴν
1422 2107 1508 2142 ἀρχὴν
1533 2108 1698 2134 ὑπεποιεῖτο.
1724 2108 1779 2133 Καί
1800 2116 1866 2134 ποτε

1076 2151 1284 2186 προσεληλυθὼς
1294 2151 1333 2186 τῷ
1348 2153 1482 2188 μειρακίῳ
1494 2153 1541 2179 καὶ
1553 2153 1642 2186 λόγοις
1656 2153 1866 2186 καταγοητεύων

1075 2197 1236 2232 ἀπατηλοῖς,
1256 2197 1313 2223 Ἵνα
1327 2197 1364 2228 τί,
1387 2197 1490 2231 ἔλεγεν,
1506 2195 1529 2224 ὧ
1546 2198 1672 2229 δέσποτα,
1690 2199 1865 2233 παραχωρεῖς

1074 2241 1124 2277 τὴν
1137 2242 1274 2276 βασιλείαν
1289 2244 1322 2277 τῇ
1340 2244 1424 2278 μητρὶ
1449 2243 1496 2269 καὶ
1511 2245 1570 2274 ταῖς
1592 2243 1738 2278 ἀδελφαῖςς
1758 2243 1794 2278 μὴ
1810 2243 1866 2278 γὰρ

1075 2287 1114 2314 ἔτι
1129 2288 1225 2322 νήπιος
1251 2285 1293 2320 εἷ;
1312 2288 1349 2322 μὴ
1369 2287 1418 2322 τὴν
1435 2287 1543 2322 ἠλικίαν
1567 2288 1684 2323 ἀτελής;
1707 2287 1778 2314 Ἀλλ’
1797 2288 1864 2320 ίδοὺ,

232 2327 320 2355 Debes
335 2335 400 2363 ergo
424 2329 450 2355 in
481 2334 621 2364 posterum
648 2331 753 2358 virilem
780 2332 900 2359 animum
917 2340 1019 2367 gerere.

1075 2332 1168 2368 φησὶν,
1182 2332 1313 2368 ὲζεύχϐης
1325 2332 1372 2359 καὶ
1388 2333 1508 2367 γυναικὶ,
1523 2334 1570 2360 καὶ
1584 2334 1634 2370 ἤδη
1653 2335 1692 2366 είς
1706 2334 1806 2369 ἀνδρας
1822 2343 1865 2360 τε·

234 2373 327 2408 Itaque
353 2381 368 2401 a
393 2375 547 2407 patriarcha
574 2377 706 2404 accersito
737 2381 852 2405 matrem
874 2382 900 2405 et
912 2386 1022 2406 sorores

233 2418 339 2444 tonderi
361 2418 498 2453 velarique
528 2419 604 2454 juhe.
633 2419 669 2447 Ut
699 2421 772 2448 enim
800 2423 927 2457 deinceps
945 2424 1020 2452 solus

231 2468 294 2488 eum
317 2462 493 2495 procreandis
518 2470 532 2489 a
555 2468 581 2490 te
603 2463 694 2492 liberis
715 2465 849 2500 imperes,
867 2471 894 2493 et
909 2466 1019 2494 Numini

232 2507 337 2534 caelesti
371 2508 478 2542 placet,
507 2513 535 2536 et
567 2510 647 2537 nobis
679 2511 866 2545 :nquissimum
904 2513 1019 2540 videtur.

231 2553 355 2580 Accersit
368 2561 432 2589 ergo
451 2555 524 2582 illico
550 2557 735 2584 venerandum
764 2559 957 2592 patriarcham.
976 2559 1023 2587 Est

233 2598 306 2625 enim
323 2598 481 2626 inconstans
493 2603 520 2626 et
533 2599 672 2626 mutabilis
683 2601 876 2633 adolescentia,
889 2603 1022 2638 facileque

230 2651 300 2671 vana
321 2651 369 2678 spe
395 2643 514 2671 eﬁ‘ertur.
539 2645 616 2678 Quod
634 2645 656 2674 si
671 2647 798 2681 potentiae
820 2656 930 2683 quoque
945 2649 1023 2676 fasti—

232 2690 305 2724 gium
322 2691 442 2724 accedat,
463 2691 549 2726 major
563 2693 643 2720 etiam
657 2698 698 2721 est
717 2694 789 2721 illius
805 2695 913 2725 levitas,
931 2695 1020 2730 majo-

233 2741 346 2769 remque
362 2737 389 2762 in
401 2737 548 2764 amentiam
565 2742 593 2764 et
610 2745 704 2765 casum
728 2746 916 2774 saepenumero
929 2741 1021 2775 prola-

230 2780 314 2807 bitur.
323 2780 401 2808 Tunc
410 2781 490 2817 igitur
499 2782 612 2810 Michael
619 2785 847 2819 corruptelarum,
858 2793 1021 2820 morumque

230 2824 450 2860 depravatorum,
471 2833 499 2856 et
515 2836 579 2856 vero
609 2830 696 2864 magis
723 2831 890 2864 impietatutn
909 2839 1019 2859 suarum

232 2870 365 2904 principio
382 2873 488 2906 posito:
502 2873 627 2908 Matrem,
639 2875 737 2910 inquit,
749 2884 836 2904 meam
854 2885 1019 2913 sororesque

231 2923 246 2943 e
257 2916 370 2951 vestigio
381 2923 502 2953 arreptas
513 2921 635 2954 attende,
651 2925 679 2948 et
688 2921 814 2957 religiosa
831 2923 932 2952 velatas
945 2929 1020 2953 reste

1076 2377 1131 2409 λεῖς
1141 2386 1149 2393 ·
1164 2377 1280 2412 ὀφείλεις
1294 2378 1342 2407 καὶ
1357 2379 1483 2413 φρόνημα
1498 2379 1592 2406 λοιπὸν
1605 2379 1749 2406 ἀναλαὸεῐν
1757 2379 1863 2414 ἀνδρόςο

1076 2424 1126 2459 τὴν
1146 2423 1252 2458 μητέρα
1277 2423 1306 2450 δὲ
1323 2424 1371 2450 καὶ
1386 2424 1436 2456 τὰς
1460 2425 1589 2460 ἀδελφὰς,
1617 2425 1662 2452 τὸν
1692 2426 1865 2461 πατριάρχην

1075 2469 1341 2505 μετακαλεσάμενος,
1350 2471 1494 2506 ἀποκεῖραι
1505 2471 1664 2507 πρόσταξον.
1672 2472 1705 2498 Σὲ
1720 2473 1774 2508 γὰρ
1786 2472 1864 2506 βασι-

1074 2515 1163 2542 λεύειν
1181 2516 1261 2550 μόνον
1278 2515 1382 2549 λοιπὸν,
1395 2517 1441 2543 καὶ
1454 2518 1518 2548 τοὺς
1528 2518 1560 2544 ἐκ
1575 2517 1621 2544 σοῦ
1634 2518 1863 2552 τεχθησομένους,

1073 2561 1120 2588 καὶ
1137 2561 1196 2596 Θεῷ
1211 2561 1259 2588 καὶ
1272 2562 1354 2588 πᾶσιν
1367 2563 1432 2597 ἡμῖν
1444 2563 1568 2598 ἀρεστόν.
1577 2563 1680 2590 Αὐτίκα
1692 2563 1783 2589 τοίνυν
1793 2564 1864 2590 ἐκεῖ·

1073 2615 1118 2639 νος
1146 2607 1193 2633 τὸν
1209 2607 1300 2642 τίμιον
1320 2608 1449 2643 ἱεράρχην
1465 2609 1690 2644 μεταπέμπεται·
1707 2609 1864 2644 εὑρίπιστον

1072 2652 1127 2688 γὰρ
1139 2653 1156 2688 ἡ
1172 2653 1274 2688 νεότης,
1293 2653 1340 2679 καὶ
1365 2653 1463 2687 ῥᾳδίως
1477 2654 1537 2684 ml;
1553 2654 1645 2684 κεναῖς
1665 2653 1720 2679 τῶν
1745 2652 1861 2679 ἐλπίδων

1076 2698 1316 2733 μετεωριζόμενον.
1330 2699 1361 2724 El
1374 2698 1401 2724 δὲ.
1415 2699 1460 2724 καὶ
1471 2698 1593 2730 ἐξουσίας
1602 2698 1723 2733 ὑπεροχὴ
1736 2697 1862 2733 προσείη,

1075 2743 1177 2777 μείζων
1198 2744 1247 2777 μὲν
1276 2745 1292 2780 ἡ
1310 2744 1456 2778 κουφότης,
1483 2745 1523 2775 εἰς
1540 2745 1625 2779 μείζω
1646 2745 1675 2771 δὲ
1699 2745 1794 2772 ἄνοιαν
1815 2745 1862 2770 καὶ

1074 2789 1179 2816 πτῶσιν
1197 2789 1234 2821 ὡς
1263 2790 1298 2816 τὰ
1316 2790 1401 2816 πολλὰ
1416 2792 1564 2825 προχωρεῖ.
1581 2790 1648 2816 Τότε
1671 2790 1760 2816 τοίνυν
1774 2788 1862 2824 ἀρχὴν

1072 2836 1133 2865 ταῖς
1149 2837 1210 2862 κατ’
1225 2836 1305 2862 αὐτὸν
1320 2835 1444 2867 ἀταξίαις
1468 2837 1515 2862 καὶ
1531 2837 1720 2867 ἀπαιδευσίαις
1730 2857 1737 2870 ,
1761 2835 1860 2870 μᾶλλον

1073 2879 1101 2905 δὲ
1114 2880 1262 2913 ἁσεὸείαις,
1289 2881 1302 2906 6
1324 2881 1433 2915 Μιχαὴλ
1457 2880 1703 2915 καταϐαλλόμενος,
1720 2880 1793 2915 Ταχὺ
1809 2879 1860 2914 τὴν

1073 2923 1144 2959 ἐμὴν
1160 2926 1266 2961 μητέρα
1292 2925 1338 2952 καὶ
1363 2926 1411 2957 τὰς
1439 2925 1571 2960 ἀδελφὰς,
1598 2926 1666 2960 πρὸς
1689 2925 1735 2951 τὸν
1756 2924 1860 2951 δίκαιον
