2092 3156
215 222 269 254 505

739 231 827 263 νΙΤΑ
844 235 874 265 S.
896 235 1045 266 IGNATII
1064 237 1119 269 ΟΡ.
1138 239 1312 273 ARCHIEP.
1361 247 1363 249 ’

1787 243 1842 277 506

215 280 278 316 ἔφη,
294 279 394 313 λαϐὼν,
412 280 568 318 ἁπόκειραι,
591 283 628 319 τῷ
644 287 784 323 μοναχικῷ
803 289 923 324 σχήματι
938 290 994 316 ταύ-

1057 291 1118 320 vitae
1131 291 1265 328 religiosae
1280 275 1412 323 addicito,
1431 295 1466 323 At
1490 296 1573 324 libere
1586 297 1756 332 patriarcha;
1772 275 1839 333 Hoc,

213 335 261 358 τας
276 327 468 356 καταδίκασον.
483 328 512 355 '0
523 329 552 355 δὲ
567 331 839 368 παρρησιασάμενος,
860 335 1001 362 Ἀδύνατόν

215 381 259 408 μοι
276 373 354 400 τοῦτο
366 375 462 406 ποιεῖν,
477 372 554 402 εἶπεν
575 376 719 404 ὑπολαϐών
730 386 737 393 ·
754 379 805 414 τῆς
815 380 870 416 γὰρ
887 381 1002 417 Ἐκκλη-

212 419 273 452 σίας
289 421 352 451 τοὺς
366 421 462 453 οἴακας
475 421 525 457 τὴν
539 423 626 459 ἀρχὴν
646 425 878 460 ἐγχειριζόμενος,
900 428 1001 463 ἔγγρα-

213 475 261 500 φον
275 467 356 501 ὅρκον
370 467 482 502 ἐθέμην,
513 469 647 504 μηδεμίαν
677 471 728 506 τῆς
746 471 897 506 ’βασιλείας
923 473 1001 507 ὑμῶν

211 512 370 548 ἐπιδουλὴν.
391 513 407 548 ἢ
426 513 532 541 οἱανοῦν
545 515 676 550 ἐπήρειάν
699 525 764 544 ποτε
784 519 999 554 διαλογίσασθαι.

211 558 267 585 Καὶ
285 559 333 585 νῦν
359 558 386 585 τί
401 559 431 586 τὸ
458 560 579 595 ἀδίκημα
602 562 655 588 τῶν
672 562 833 599 βασιλίδων;
851 565 898 593 καὶ
923 567 965 598 τίς
982 567 998 602 ἡ

211 604 272 631 κατ’
286 605 375 632 αὐτῶν
389 606 522 638 αἰτία,ὃτι
537 608 566 634 τὸ
580 608 713 644 ὑμέτερον
727 611 826 646 κράτος
841 612 928 640 ταῦτα
939 614 999 640 κατ’

211 649 301 676 αὐτῶν
329 650 469 686 διενοήθη;
500 651 594 684 Οὕτως
619 655 742 687 εἰπόντος
771 656 818 683 τοῦ
836 658 998 693 ἀρχιερέως,

209 695 400 728 καθοσιώσεως
415 697 510 724 τοῦτον
532 699 639 735 Βάρδας
656 702 794 737 ἐγράψατο
809 704 927 739 γραφὴν,
948 705 1000 741 [⁷η-

210 740 398 768 σοΰασίλευτον
411 742 501 770 ἔναντι
520 744 568 771 τοῦ
590 745 722 780 βασιλέως
740 740 998 784 διαλοιδορούμενος.

208 785 263 815 Ἦν
278 788 306 815 δὲ
321 789 335 814 ὸ
354 789 449 824 Γήϐων
466 787 543 822 οὗτος
558 792 707 827 ἐπίληπτος
719 793 873 829 ἄνθρωπος,
891 795 1001 828 καὶτὰς

208 834 310 869 φρένας
321 835 351 861 οὐ
366 835 435 862 πάνυ
453 836 630 873 καθεστηκώς
643 847 650 854 ·
663 839 692 870 ὃς
707 840 760 875 πρὸ
774 840 872 875 ὀλίγων
886 843 999 869 ἐκείνων

208 879 320 915 ἡμερῶν
337 881 390 907 ἀπὸ
403 881 450 908 τοῦ
466 883 619 918 Δυρραχίου
635 885 813 919 παρεγένετο,
841 889 934 922 σχῆμα
950 889 1000 924 μὲν

208 925 398 959 περικείμενος
417 926 560 961 κληρικοῦ,
579 929 661 955 παῖδα
677 929 705 956 δὲ
718 931 813 958 ἐαυτδν
826 934 875 967 τῆς
892 933 997 968 βασιλί-

207 970 252 1002 δος
267 971 408 1005 Θεοδώρας
419 973 448 1005 ἐξ
465 973 560 1008 ἀνδρὸς
575 975 670 1009 ἐτέρου
694 977 786 1012 ληρῶν
797 985 806 993 ο
821 974 843 1012 ᾧ
856 979 878 1005 oi
904 979 997 1007 πολλοὶ

207 1016 254 1043 τοῦ
269 1017 354 1052 δήμου
370 1017 408 1049 ὡς
423 1018 578 1053 βασιλεύειν
608 1021 731 1056 μέλλοντι
751 1024 917 1059 προσέσχον·
936 1027 996 1053 τότε

206 1061 235 1108 οὲ
248 1062 277 1088 ὲν
293 1063 382 1098 Ὀξείᾳ
394 1065 428 1099 τῇ
439 1065 513 1100 νήσῳ
526 1066 577 1092 ὑπὸ
596 1067 714 1100 ἀσφαλεῖ
727 1069 863 1105 συνείχετο
878 1073 995 1108 φρουρᾷ.

212 1106 242 1133 'U
260 1107 309 1142 μὲν
335 1108 382 1135 οὖν
399 1110 571 1146 πατριάρχης
598 1113 626 1138 ἐν
652 1113 764 1148 ὑπονοίᾳ
787 1114 831 1141 διὰ
852 1116 940 1143 ταῦτα
952 1106 996 1152 7τῷ

205 1153 314 1188 Μιχαὴλ
327 1155 474 1187 καταστὰς,
493 1156 573 1187 εὐθὺς
592 1157 733 1184 ὑπενόστει
754 1159 822 1194 πρὸς
836 1160 884 1196 τὴν
895 1162 996 1197 ἐκκλη-

207 1199 277 1226 σίαν.
301 1199 330 1226 '0
345 1199 373 1226 δὲ
386 1201 557 1237 παραχρῆμα
571 1203 620 1238 τὴν
634 1204 739 1238 μητέρα
754 1206 800 1231 καὶ
815 1206 864 1238 τὰς
878 1207 996 1241 ἀδελφὰς

205 1245 379 1279 καταγαγὼν,
397 1247 425 1273 ἐν
443 1249 498 1279 τοῖς
514 1249 653 1283 Καριανοῦ
673 1250 830 1286 λεγομένοις
845 1253 995 1289 ἀπενεχθῆ-

205 1299 249 1316 ναι
266 1291 370 1317 κελεύει
385 1292 432 1318 καὶ
448 1293 577 1329 καρῆναι.
595 1295 673 1323 Μετὰ
699 1298 797 1332 μικρὸν
814 1298 841 1328 δέ
854 1299 899 1325 καὶ
914 1300 995 1327 αὑτὸν

204 1336 351 1364 ἀπελαύνει
366 1338 412 1364 τοῦ
428 1341 621 1376 πατριαρχείου
647 1341 692 1368 τὸν
710 1343 849 1377 Ἰγνάτιον,
865 1345 912 1371 καὶ
927 1346 996 1380 προς

203 1381 253 1417 τὴν
284 1382 365 1417 νῆσον
382 1383 542 1418 Τερὲὁινθον
567 1386 648 1414 αὐτὸν
674 1388 849 1424 ύπερορῖζει·
867 1393 929 1418 κατ’
946 1393 994 1419 αὐ-

204 1427 254 1463 τὴν
281 1427 309 1455 δὲ
336 1429 385 1464 τὴν
399 1430 506 1465 ἡμέραν
533 1433 579 1458 καὶ
605 1433 712 1468 Γήΰονα
736 1435 840 1462 ἐκεῖνον
871 1437 924 1463 ἀπὺ
945 1438 995 1473 τῆς

210 1473 314 1507 Ὀξείας
328 1476 367 1507 εἰς
383 1476 533 1511 Πρίγκιπον
551 1480 733 1514 μετενεγκὼν,
753 1481 787 1508 τά
803 1491 833 1509 τε
851 1484 933 1518 σκέλη
947 1485 994 1512 καὶ

203 1520 267 1565 τοὺς
293 1520 436 1556 βραχίονας
452 1523 574 1558 ἐξέκοψε,
590 1526 637 1552 καὶ
651 1527 713 1558 τοὺς
728 1527 885 1563 ὀφθαλμοὺς
900 1530 996 1565 ἐξορύ-

205 1564 263 1597 ξας,
279 1566 438 1593 ἀπέκτεινεν
457 1569 549 1601 αὑτὸν,
566 1571 688 1606 οἰόμενος
699 1572 786 1609 ταύτῃ
800 1574 846 1600 τὸν
859 1577 994 1611 πατριάρ-

1015 959 1035 986 Β

1052 337 1151 371 inquit,
1168 346 1182 365 a
1198 346 1240 366 me
1254 339 1310 366 tieri
1325 340 1400 368 nel'as
1414 348 1422 367 :
1438 348 1499 368 nam
1514 341 1642 369 Ecclesia:
1656 343 1840 377 gubernacula

1052 383 1199 419 sedemque
1212 392 1318 412 sacram
1334 393 1396 413 cum
1425 387 1608 421 susciperem,
1638 389 1717 416 ﬁdem
1733 390 1842 425 jureju-

1051 430 1138 457 rando
1155 439 1242 458 meam
1259 440 1306 467 per
1329 434 1461 468 scriptum
1488 435 1614 467 astrinxi,
1643 444 1780 470 nunquam
1799 446 1842 464 me

1051 476 1167 511 imperio
1178 482 1269 506 vestro
1293 479 1406 507 insidias
1435 481 1607 515 positurum,
1631 482 1673 509 vel
1695 483 1840 510 consilium

1051 522 1219 556 ejuseemodi
1234 524 1411 558 agitaturum.
1436 525 1467 552 Et
1491 534 1555 553 vero
1576 534 1659 559 nunc,
1676 528 1747 561 quod
1769 529 1841 561 regi-

1051 575 1147 601 narum
1165 573 1207 596 cst
1227 569 1344 603 facinus,
1361 578 1454 605 quaeve
1472 571 1498 598 in
1513 571 1566 599 illis
1589 580 1681 605 causa,
1704 577 1731 600 ut
1756 574 1839 607 maje-

1050 617 1107 640 stas
1134 619 1222 642 vestra
1244 615 1374 644 adversus
1395 624 1441 644 eas
1467 617 1528 644 talia
1557 619 1750 645 machinatur?
1778 618 1841 646 lliec

1050 666 1246 688 memorantem
1264 662 1447 696 patriarcham
1468 663 1570 691 Bardas
1594 672 1671 691 reum
1690 665 1841 699 maiestatis

1049 705 1208 738 postulavit,
1223 711 1250 733 et
1271 714 1361 733 coram
1377 707 1540 741 imperatore
1551 708 1788 736 Gebobasileutum
1798 709 1841 745 [5]

1050 749 1116 784 (seu
1131 750 1251 779 Gebonis
1270 752 1558 788 pseudo-imperatorii
1573 755 1680 789 generis
1709 755 1838 788 similem)

1050 803 1098 830 per
1129 796 1283 824 conricium
1311 798 1427 825 vocavit.
1457 798 1520 826 Erat
1546 799 1620 827 Gebo
1650 800 1694 828 hic
1724 801 1839 828 stolidus

1049 841 1174 877 maleque
1185 850 1269 869 sanus
1293 843 1386 875 homo,
1409 843 1456 878 qui
1471 845 1604 879 proximis
1619 845 1714 873 diebus
1739 845 1839 881 Dyrra-

1048 887 1112 914 chio
1131 891 1253 918 venerat,
1276 893 1351 915 veste
1372 889 1480 923 quidem
1508 890 1691 918 ecclesiastica
1715 891 1837 923 indutus,

1049 939 1079 958 se
1092 939 1156 959 vero
1177 939 1226 966 pro
1252 932 1308 959 ﬁlio
1333 931 1482 960 'l‘heodorte
1511 933 1640 969 Augustre
1651 942 1683 961 ex
1700 935 1753 962 alio
1781 936 1840 962 viro

1047 977 1182 1012 gerebat;
1203 978 1246 1005 cui
1267 985 1320 1005 non
1344 980 1424 1013 pauci
1440 987 1473 1006 ex
1502 980 1579 1014 plebe
1594 981 1667 1007 velut
1694 985 1840 1015 regnatur-0

1047 1022 1219 1050 adhazrehant
1236 1032 1242 1050 :
1258 1028 1322 1050 tunc
1341 1031 1405 1051 vero
1420 1024 1446 1051 in
1463 1025 1550 1052 insula
1568 1025 1648 1058 Oxia,
1662 1033 1711 1053 seu
1738 1026 1837 1056 Acuta.

1048 1069 1126 1096 lirma
1150 1070 1272 1097 custodia
1299 1070 1451 1098 tenebatur.
1485 1071 1643 1099 Patriarcha
1676 1079 1741 1107 ergo
1774 1080 1839 1107 pro-

1047 1120 1138 1150 pterea
1157 1115 1282 1142 Michaeli
1300 1120 1454 1150 suspectus,
1473 1117 1565 1144 statim
1587 1117 1621 1144 ad
1647 1117 1789 1145 ecclesiam
1809 1125 1840 1145 se

1047 1161 1157 1196 recepit.
1175 1161 1291 1189 Michael
1307 1169 1370 1189 vero
1389 1163 1524 1197 extemplo
1542 1167 1657 1190 matrem
1679 1171 1741 1190 eum
1761 1171 1839 1191 soro-

1047 1207 1123 1235 ribus
1144 1207 1170 1234 in
1183 1207 1292 1235 Cariani
1307 1207 1379 1235 aedes
1394 1208 1531 1236 detrttsaut
1555 1209 1694 1243 deportari
1717 1209 1837 1236 tonderi-

1047 1260 1100 1288 que
1114 1253 1237 1288 imperat.
1252 1252 1306 1280 Nec
1320 1253 1407 1280 multo
1432 1258 1493 1288 post
1506 1254 1594 1288 ipsum
1619 1262 1729 1289 quoque
1753 1255 1838 1289 patri-

1046 1298 1156 1325 archam
1172 1298 1303 1333 lgnatium
1321 1299 1406 1333 pellit,
1421 1303 1503 1333 atque
1516 1300 1542 1326 in
1564 1300 1680 1327 insulam
1708 1300 1840 1327 Te.'ebin-

1046 1344 1122 1371 thum
1138 1344 1210 1378 ejicit
1227 1353 1234 1377 ;
1248 1345 1399 1380 eodemque
1413 1346 1456 1373 die
1470 1345 1607 1373 Gebonem
1624 1346 1699 1373 illum
1710 1354 1742 1373 ex
1752 1346 1838 1374 Acuta

1047 1390 1073 1417 iu
1093 1390 1233 1424 Principes
1250 1390 1389 1423 transfert,
1403 1395 1429 1418 et
1440 1391 1566 1419 cruribus
1579 1392 1751 1427 brachiisque
1769 1400 1839 1427 prae-

1045 1435 1121 1467 cisis,
1138 1436 1278 1470 oculisque
1291 1437 1385 1468 erutis,
1401 1436 1538 1468 interﬁcit,
1553 1442 1628 1464 ratus
1649 1445 1678 1465 se
1692 1437 1743 1465 hac
1756 1438 1838 1465 ratio-

1045 1489 1079 1508 ne
1097 1482 1182 1509 ultum
1196 1482 1234 1509 ire
1251 1482 1446 1516 patriarcham.
1461 1482 1582 1511 Necdum
1605 1483 1724 1510 triduum
1748 1491 1763 1510 a
1787 1491 1837 1518 pa-

1046 1526 1171 1554 triarchae
1197 1526 1319 1554 discessu
1345 1527 1476 1560 ﬂuxerat,
1491 1536 1553 1555 cum
1578 1529 1677 1555 adsunt
1694 1528 1742 1563 qui
1756 1534 1837 1563 puta-

1045 1572 1144 1599 bantur
1157 1573 1228 1600 inter
1248 1573 1391 1608 episcopos
1403 1573 1536 1608 primarii,
1557 1574 1767 1609 chirographum
1780 1574 1837 1601 sive

204 1619 255 1644 χην
276 1611 449 1645 ἀμυνεῖσθαι.
468 1613 551 1640 Οὔπω
563 1617 637 1650 τρεῖς
652 1617 721 1651 μετὰ
734 1617 785 1653 τὴν
793 1619 943 1647 κατάὸασιν
957 1621 994 1647 δι-

1047 1617 1166 1644 libellum
1190 1618 1371 1645 abdicationis
1405 1618 1439 1645 ob
1470 1618 1644 1653 praesentium
1682 1623 1836 1653 temporum

205 1656 382 1691 εληλύθεισαν
400 1659 511 1694 ἡμέραι,
524 1661 571 1688 καὶ
590 1663 717 1698 παρῆσαν
735 1663 790 1690 τῶν
803 1665 958 1692 ἐπισκόπων
969 1668 993 1693 ol

204 1702 374 1737 νομιζόμενοι
389 1704 510 1738 λογάδες,
522 1706 642 1733 λίϐελλον
654 1709 805 1744 ἀποταγῆς,
820 1710 878 1745 ἤτοι
891 1712 993 1745 παραί-

204 1755 283 1782 τησιν
295 1767 303 1778 ,
321 1749 364 1776 διὰ
378 1749 426 1784 τὴν
444 1751 597 1779 ἐνεστῶσαν
608 1753 655 1780 τοῦ
666 1754 761 1790 καιροῦ
773 1755 872 1782 κακίαν
886 1756 993 1789 ἀξιοῦν.

203 1801 249 1825 τες
262 1793 354 1820 λαϐεῖν
366 1795 430 1829 παρ’
444 1795 537 1823 αὐτοῦ.
560 1797 614 1824 Καὶ
629 1798 716 1825 ταῦτα
732 1798 820 1832 sive“
840 1801 871 1826 Οἱ
888 1801 992 1836 ἐγγρά-

205 1847 262 1879 φως
275 1840 348 1875 αὑτῷ
361 1841 492 1876 πρότερον
504 1842 688 1878 ὀμωμοκότες,
706 1844 753 1871 καὶ
769 1845 853 1881 αὐτῆς
865 1847 992 1873 ἐκπεσεῖν

203 1884 253 1919 τῆς
269 1885 431 1921 ὑπερουσίου
447 1888 561 1922 Τριάδος
580 1889 735 1924 εὐξάμενοι,
762 1891 819 1925 εἴγε
831 1892 877 1918 τὸν
893 1893 992 1919 οἰκεῖον

203 1931 320 1965 ποιμένα
342 1931 406 1959 ἄνευ
433 1934 631 1967 καταγνώσεως
652 1935 815 1971 ἀθετήσαιεν
834 1939 990 1974 κανονικῆς.

209 1976 279 2003 Ἀλλ’
294 1977 371 2005 αὐτοὶ
393 1979 443 2013 μὲν
459 1980 628 2015 ὑπέστρεφον
652 1982 772 2017 ἀνήνυτα
795 1985 990 2018 πεπονηκότες.

201 2022 270 2048 Μετ’
282 2023 376 2058 ὀλίγας
390 2024 417 2052 δέ
431 2025 509 2057 αὖθις
523 2026 630 2062 ἡμέρας
641 2028 778 2062 πατρίκιοι
803 2030 850 2056 καὶ
863 2030 917 2056 τῶν
932 2039 992 2066 κρι-

200 2067 256 2094 τῶν
271 2070 295 2095 ol
315 2071 525 2104 ἐπιφανέστατοι
541 2072 588 2098 σὺν
605 2074 660 2105 τοῖς
676 2075 857 2109 προλαϐοῦσιν
881 2077 992 2103 ἐπισκό-

201 2121 263 2145 ποις
278 2115 405 2148 ἐξιόντες,
422 2117 523 2150 πάσαις
551 2121 699 2154 μηχαναῖς,
719 2120 882 2156 ὑποσχέσεσι
898 2131 927 2149 τε
943 2122 991 2149 καὶ

201 2160 327 2193 ἀπειλαῖς
341 2163 386 2189 τὸν
400 2163 494 2198 θρόνον
521 2165 667 2200 ἐγγράφως
684 2168 904 2203 παραιτήσασθαι
923 2177 990 2196 κατ-

201 2206 350 2240 εϐιάζοντο,
364 2209 420 2242 εἴγε
440 2210 476 2245 μὴ
495 2210 586 2245 μέλλοι
598 2212 638 2244 είς
654 2213 779 2248 προφανῆ
793 2214 916 2241 καθεῖναι
931 2215 990 2241 κίν-

200 2252 278 2280 δυνον
292 2254 398 2282 ἑαυτόν.
418 2256 518 2291 Ἔμενε
533 2257 561 2284 δὲ
587 2257 755 2293 ἀμετάθετος
781 2260 858 2286 οὐδὲν
877 2258 988 2296 ἦττονῆ

200 2297 289 2332 πέτρα
301 2300 433 2334 παράλιος
445 2302 484 2333 εἰς
498 2302 578 2337 βάθος
603 2305 653 2339 γῆς
671 2305 855 2341 ἐρῤιζωμένη,
870 2307 918 2333 καὶ
934 2307 987 2333 πά-

201 2351 262 2375 σαις
274 2344 413 2378 ἀνένδοτος
429 2347 559 2382 κυμάτων
574 2349 729 2384 ἐπιφοραῖς.
750 2351 858 2387 Ἐπειδὴ
875 2352 922 2378 οὖν
938 2353 989 2380 οὐκ

199 2387 273 2425 εἶχον
288 2391 406 2426 εὐλόγως
423 2396 601 2430 παρανομεῖν,
617 2396 746 2431 οὐδεμιᾶς
759 2398 851 2430 αὐτοῖς
867 2399 921 2426 ἀπὸ
941 2399 988 2426 τοῦ

199 2435 347 2463 ἀνευθύνου
360 2438 523 2472 προφάσεως
538 2440 719 2477 ἐνδιδομένης,
746 2445 836 2480 γυμνῇ
852 2444 944 2472 λοιπὸν
956 2447 988 2480 τῇ

199 2481 318 2517 κεφαλῇ,
340 2483 388 2509 καὶ
414 2484 519 2525 ἀναιδεῖ
536 2487 685 2522 προσώπῳ,
701 2488 773 2515 κατὰ
799 2489 831 2516 τὸ
847 2491 988 2526 ᾀδόμενον,

198 2526 269 2561 πρὸς
293 2528 382 2554 πᾶσαν
411 2528 531 2565 ἐχώρουν
555 2530 662 2558 ἀδικίαν
687 2533 734 2559 καὶ
752 2535 933 2570 παρανομίαν.
959 2537 989 2563 Ὀ

200 2571 251 2605 μὲν
273 2571 320 2598 οὖν
335 2573 436 2608 Κύριος
465 2575 542 2610 ἡμῶν
563 2575 667 2611 Ἰησοῦς
691 2578 826 2612 Χριστὸς,
850 2580 898 2607 ἅτε
922 2581 989 2613 Θεὸς

198 2617 324 2652 ἀληθινὸς
341 2619 389 2645 καὶ
405 2620 532 2655 ἀληθινοῦ
549 2623 655 2658 [ἰατρὸς
668 2623 716 2656 ὦν,
738 2625 768 2650 οὐ
784 2625 823 2660 τῷ
836 2625 901 2657 Θεὸς
918 2624 989 2653 εῖναι

200 2661 281 2695 μόνον
295 2664 468 2698 προαιώνιος.
479 2666 512 2692 τὰ
524 2667 612 2694 πάντα
624 2668 677 2704 πρὸ
690 2669 738 2704 τῆς
751 2669 840 2696 αὐτῶν
855 2671 989 2704 γενέσεως

198 2707 281 2742 οἶδεν,
298 2711 367 2737 ἀλλὰ
378 2714 426 2738 καὶ
442 2712 481 2748 τῷ
493 2713 636 2749 ἄνθρωπος
661 2716 731 2751 ὑπὲρ
747 2717 825 2752 ἡμῶν
849 2718 989 2751 γενέσθαι,

197 2754 238 2790 τῷ
250 2756 411 2794 τεθεωμένῳ
423 2759 463 2785 νοῒ
478 2759 511 2786 τὰ
526 2761 614 2788 πάντα
636 2763 839 2797 προκατανοῶν,
850 2763 990 2800 Ἀνάγκη,

253 2834 265 2850 ί
282 2833 379 2862 Matth.
399 2843 480 2869 xvtu,
500 2836 527 2864 7.

1007 2292 1028 2320 Ι)

1047 1664 1215 1698 iniquitatem
1242 1664 1276 1691 ab
1306 1671 1338 1691 eo
1364 1669 1497 1698 petentes.
1523 1664 1556 1691 Et
1574 1664 1685 1699 quinam
1710 1665 1761 1692 lii?
1784 1665 1838 1698 Qul

1046 1713 1124 1735 antea
1142 1709 1179 1736 illi
1199 1717 1247 1743 per
1266 1708 1397 1744 scriptum
1416 1709 1585 1743 juraverant,
1601 1718 1630 1737 se
1642 1710 1716 1744 prius
1740 1718 1836 1745 supre-

1046 1762 1117 1781 mam
1132 1754 1273 1782 Trinitatis
1289 1755 1458 1790 majestatem
1485 1760 1644 1791 negaturos,
1663 1764 1745 1791 quam
1778 1757 1838 1784 sine

1046 1801 1174 1828 canonica
1203 1801 1386 1830 damnationis
1413 1803 1547 1830 sententia
1584 1807 1721 1837 pastorem
1749 1811 1829 1830 suum

1044 1848 1215 1876 exauctorari
1231 1856 1370 1882 passuros.
1390 1848 1488 1875 Verum
1503 1848 1521 1875 ii
1538 1856 1566 1876 re
1585 1848 1686 1876 infecta
1716 1855 1836 1876 reverte-

1044 1898 1120 1920 runt.
1142 1893 1213 1920 lutra
1233 1901 1335 1928 paucos
1352 1899 1440 1920 autem
1456 1893 1514 1921 dies
1525 1895 1642 1929 patricii,
1657 1894 1837 1930 judicumque

1043 1939 1188 1966 clarissimi
1208 1946 1270 1965 eum
1291 1938 1388 1965 iisdem
1413 1938 1549 1973 episcopis
1566 1939 1679 1973 egressi,
1706 1939 1836 1966 omnibus

1043 1984 1180 2012 machinis
1198 1988 1225 2010 et
1241 1984 1497 2018 pollicitationibus,
1524 1984 1836 2018 comminationibusque

1042 2030 1262 2066 compellebant,
1293 2035 1323 2057 ut
1355 2030 1512 2065 episcopatu
1541 2037 1570 2057 se
1593 2029 1743 2061 abdicaret,
1757 2030 1781 2056 si
1806 2030 1834 2056 in

1042 2080 1165 2110 apertum
1179 2075 1261 2103 nollet
1273 2075 1444 2103 committere
1459 2083 1489 2102 se
1513 2074 1677 2109 periculum.
1698 2073 1750 2102 Sed
1780 2081 1834 2101 non

1041 2122 1132 2149 minus
1148 2122 1243 2149 iirmus
1262 2121 1446 2156 immotusque
1468 2121 1554 2152 stetit,
1581 2128 1662 2155 quam
1693 2119 1832 2147 maritima

1042 2172 1135 2196 cautes
1155 2168 1217 2196 altis
1239 2167 1266 2194 in
1286 2172 1386 2194 terram
1418 2167 1505 2194 deﬁxa
1523 2166 1672 2198 radicibus,
1698 2165 1832 2200 ﬂuctuum

1043 2213 1194 2241 insultibus
1209 2214 1277 2240 nihil
1304 2213 1414 2241 cedens.
1443 2212 1513 2247 Ergo
1525 2220 1588 2239 cum
1608 2219 1662 2239 non
1689 2211 1834 2243 haberent,

1042 2258 1114 2285 unde
1131 2257 1207 2285 illum
1229 2258 1368 2288 laederent,
1388 2258 1460 2284 nulla
1481 2265 1528 2292 per
1557 2264 1619 2284 eum
1645 2256 1707 2283 data
1737 2263 1833 2287 causa,

1044 2304 1124 2339 cujus
1147 2303 1282 2331 rationem
1309 2303 1421 2330 reddere
1448 2310 1500 2329 non
1528 2306 1644 2336 posset;
1660 2301 1745 2331 nudo,
1761 2301 1832 2334 quod

1040 2351 1126 2383 aiunt,
1143 2351 1241 2385 capite,
1252 2349 1434 2384 perl‘ricla-iue
1444 2348 1531 2375 fronte
1543 2348 1575 2374 ad
1591 2354 1672 2374 omne
1694 2346 1734 2374 las
1748 2345 1836 2373 ueras-

1040 2405 1093 2432 que
1130 2396 1341 2424 descenderunt.
1370 2395 1402 2422 Et
1432 2394 1564 2421 Dominus
1601 2392 1710 2428 quidem
1741 2396 1835 2419 noster

1039 2439 1272 2473 Jesus’Christus.
1291 2447 1382 2476 utpote
1410 2441 1481 2467 Deus
1509 2447 1590 2467 verus
1613 2444 1640 2467 et
1662 2439 1719 2466 veri
1745 2439 1835 2467 Patris

1041 2488 1160 2521 soboles,
1177 2496 1231 2515 non
1247 2487 1336 2515 solum
1352 2495 1404 2521 qua
1422 2487 1494 2514 Deus
1515 2490 1556 2513 est
1586 2489 1714 2519 aeternus.
1742 2485 1834 2513 onmia

1042 2539 1188 2570 antequam
1206 2535 1270 2566 sint,
1286 2534 1426 2568 praevidit;
1443 2533 1490 2560 sed
1505 2533 1587 2560 etiam
1605 2540 1658 2567 qua
1671 2533 1754 2559 homo
1783 2539 1834 2566 pro

1042 2581 1122 2608 nobis
1138 2580 1236 2613 factus,
1247 2580 1371 2607 deiﬁcata
1385 2587 1434 2607 sua
1449 2584 1539 2606 mente
1553 2579 1644 2606 omnia
1659 2578 1808 2613 przeseiens
1824 2597 1831 2607 .

1042 2627 1154 2654 Necesse
1164 2631 1203 2653 est
1216 2647 1223 2658 ,
1241 2626 1340 2661 inquit,
1358 2630 1387 2653 ut
1400 2626 1503 2653 veniant
1527 2625 1656 2653 scandala
1667 2633 1676 2651 :
1693 2632 1730 2652 υω
1745 2628 1832 2650 autent

1041 2673 1095 2705 illi,
1117 2681 1163 2708 per
1193 2680 1268 2707 quem
1288 2672 1447 2699 scandalum
1477 2672 1545 2698 venit
1567 2672 1588 2698 ⁸.
1611 2670 1738 2697 Omnium
1769 2675 1833 2702 ergo

1042 2723 1191 2751 sectarum,
1219 2726 1310 2754 quaea
1340 2719 1431 2746 divina
1461 2718 1562 2745 Christi
1580 2718 1606 2744 in
1634 2715 1831 2743 humanitatem

1043 2765 1188 2800 prtesentia
1210 2764 1243 2792 ad
1266 2764 1429 2793 hodiernum
1448 2770 1536 2798 usque
1551 2762 1622 2790 diem
1647 2761 1674 2788 in
1697 2759 1833 2787 Ecclesias

236 2903 275 2937 (ὖ)
302 2904 554 2941 Gebobasileutum,
583 2906 635 2935 hoc
658 2911 710 2942 est,
731 2907 851 2936 Gebonis
872 2907 963 2937 stolidi
993 2909 1123 2944 hominis,
1146 2914 1174 2939 et
1199 2910 1344 2947 imperium
1362 2914 1468 2945 temere_
1479 2907 1641 2943 all'ectantis,
1654 2908 1724 2944 parti
1737 2907 1830 2938 faven-

200 2942 272 2967 tem.
