2092 3156
249 224 301 257 ιοτ

839 211 986 243 ΝΙΟΕΤίΕ
1002 209 1265 240 PAPHLAGONIS

1820 201 1871 232 508

244 286 306 307 cum
323 275 441 311 pernicie
456 274 631 308 irrepserunt,
653 274 790 300 auctores,
803 267 893 294 veluti'
912 267 1027 294 scanda-

1086 264 1170 297 ρησῖν,
1190 261 1289 288 ἐλθεῖν
1308 260 1344 287 τὰ
1357 259 1519 287 σκάνδαλα
1532 265 1539 272 ⁸
1565 258 1634 284 οὐαί
1658 257 1692 283 δὲ
1715 255 1753 282 δι*
1772 254 1808 284 οὗ
1837 257 1871 283 τὸ

243 325 333 351 lorum
347 322 440 351 duces.
457 319 530 354 digni
552 315 625 348 sunt,
653 316 700 350 qui
727 314 806 350 primi
829 312 1026 346 tualum,quod

244 369 371 397 Christus
390 367 509 393 minatur
528 384 535 396 ,
569 363 740 398 participem.
770 360 821 387 Sed
843 368 896 386 non
924 359 1025 390 minus,

244 415 350 448 opinor.
369 413 384 438 ii
402 411 447 446 qui
463 414 555 436 nostro
575 416 633 435 aevo
664 407 780 442 maligne
793 409 916 442 egerunt,
944 412 1026 440 quam

244 459 280 485 illi
302 457 383 492 prisci
401 463 427 482 et
448 453 663 482 decantatissimi
690 452 888 484 lueresiarchar,
907 451 1027 479 cmlestis

243 505 311 531 irun
328 503 531 532 vitulictamque
544 499 670 527 Numinis
691 499 817 531 sentient,
837 503 867 525 ut
881 498 927 532 qui
948 499 1029 525 iunu-

244 548 414 576 mernbilium
429 546 609 573 oﬂ'ensionum
635 550 661 572 et
684 545 816 572 malorum
834 544 880 571 toti
894 549 1027 571 terrarum

242 592 300 618 orl-i
321 592 376 618 sint
403 595 540 617 auctores.
556 588 649 624 Neque
675 589 747 616 cnim
776 593 917 622 propterea
940 587 1029 622 justo-

242 644 303 663 rum
318 636 378 662 albo
392 635 572 667 ascribentur,
588 634 660 668 quod
687 633 769 660 rectis
792 633 896 660 scilicet
917 633 1029 666 dogma-

242 682 314 709 tibus
336 686 363 708 ct
388 681 582 714 scriptionibus
611 679 763 707 innumeris
789 679 871 706 Deum
893 679 970 706 fateri
993 679 1030 705 \‘i—

241 728 356 754 deautur
372 736 378 754 :
404 726 450 753 sed
481 725 582 753 idcirco
600 725 820 756 damnabuntur,
837 725 919 759 quod,
938 728 968 751 ut
988 729 1031 751 est

242 774 269 800 in
290 773 376 800 sacris
391 772 506 806 paginis.
531 771 613 798 Deum
626 771 704 798 factis
722 771 789 805 ipsis
812 771 946 806 negarint,
963 771 1029 798 abo-

242 818 387 845 minabiles
404 816 476 848 facti,
493 821 519 843 et
541 820 732 848 contumaces,
749 819 776 843 et
801 815 834 842 ad
854 823 934 842 omne
962 822 1031 850 opus

242 864 344 890 bonum
357 862 475 896 reprobi.
500 860 555 888 Nec
585 861 648 896 quia
675 868 817 896 perseuam
837 861 945 896 pietatis
972 860 1032 887 vul-

243 912 356 942 tumque
372 909 510 943 religionis
531 907 662 940 cmeutiti,
680 911 764 942 agunt
789 907 881 934 omnia
897 907 1031 934 eliiciunt-

1080 308 1257 335 σκάνδαλον
1278 305 1413 340 ἕρκει-ιιι]
1438 304 1505 331 Καθ’
1533 304 1595 334 ὅλας
1614 302 1662 338 μὲν
1684 300 1730 328 οὖν
1747 301 1796 332 τὰς
1812 301 1867 328 ἀπὸ

1080 355 1130 389 τῆς
1150 354 1311 389 θεινδρικῆς
1331 351 1413 379 αὑτοῦ
1434 350 1585 385 παρουσίας
1612 349 1693 383 μέχρι
1717 348 1765 374 τοῦ
1791 347 1872 384 δεῦρο

1081 398 1330 434 παρεισφθαρείσας
1346 398 1463 432 αἱρέσεις
1475 398 1503 422 ἐν
1518 396 1576 425 ταῖς
1585 394 1767 429 Ἐκκλησίαις,
1782 394 1806 420 οἱ
1819 394 1872 420 τῶν

1081 445 1213 479 αἱρέσεων
1227 443 1347 478 ἑξαρχοι,
1365 442 1403 474 ὡς
1425 442 1477 468 τῶν
1498 440 1653 466 σκανδάλων
1678 438 1871 473 ἐξηγούμενοι,

1082 490 1186 525 πρῶτοι
1200 489 1233 516 ἂν
1244 489 1326 521 ἀξίως
1340 488 1416 514 αὐτοὶ
1428 486 1568 520 μετέχοιεν
1579 485 1626 511 xui.
1636 483 1681 511 τοῦ
1693 484 1873 518 ταλανισμοῦ·

1081 533 1218 572 οὐχῆττον
1231 535 1270 567 δὲ,
1282 532 1371 569 οἶμαι,
1385 533 1440 559 τῶν
1455 532 1538 559 πάλαι
1551 530 1755 565 θρυλλουμένων
1768 530 1875 564 αἱρετι-

1083 584 1139 610 κῶν
1155 583 1201 609 καὶ
1212 583 1236 608 οί
1253 581 1323 608 κατὰ
1336 579 1437 614 ταύτην
1455 577 1689 613 πονηρευσάμενοι
1702 576 1752 610 τὴν
1763 575 1872 609 γενεὰν,

1083 629 1121 661 ὡς
1143 629 1223 656 αἴτιοι
1251 626 1405 653 σκανδάλων
1423 625 1528 660 μυρίων
1542 623 1581 659 τῷ
1608 623 1703 657 κόσμῳ
1720 622 1873 656 γενόμενοι,

1083 675 1131 709 τῆς
1151 673 1254 701 ἄνωθεν
1271 674 1368 706 πεῖραν
1399 671 1531 706 λήψονται
1558 669 1654 704 ὀργῆς.
1682 668 1720 694 Οὐ
1752 668 1806 703 γὰρ
1831 668 1874 694 δτι

1084 722 1217 755 δόγμασιν
1241 719 1330 754 ὀρθοῖς
1357 717 1436 752 δῆθεν
1462 717 1510 744 καὶ
1541 715 1714 750 συγγραφαῖς
1742 714 1874 749 ἀμέτροις

1084 768 1150 794 Θεὸν
1161 765 1286 793 δοκοῦσιν
1301 764 1452 799 ὁμολογεῖν,
1472 762 1516 789 διὰ
1530 762 1609 788 τοῦτο
1633 762 1714 796 μόνον
1727 759 1874 794 δικαιωθή-

1086 821 1191 840 σονται·
1209 811 1267 839 ἀλλ’
1280 811 1323 838 ὅτι
1339 811 1395 841 τοῖς
1420 809 1523 844 ἔργοις,
1539 808 1610 835 κατὰ
1625 807 1671 834 τὸν
1697 806 1768 841 ίερὺν
1783 806 1875 840 λόγονι

1085 862 1238 898 ὴρνήσαντο
1250 860 1342 892 αὑτὸν,
1361 857 1501 894 βδελυκτοὶ
1527 857 1667 891 γενόμενοι
1680 855 1726 881 καὶ
1740 854 1873 886 ἀπειθεῖς,

1086 908 1133 935 καὶ
1164 909 1231 943 πρὸς
1260 907 1315 933 πᾶν
1343 905 1423 940 ἔργον
1441 903 1541 938 ἀγαθὸν
1568 902 1704 936 ἀδόκιμοι,
1732 900 1826 927 τούτου
1843 908 1875 933 γε

243 961 308 989 que,
324 958 353 981 ut
367 955 478 989 jusliab
495 955 650 982 hominibus
666 958 806 989 putentur,
825 953 885 980 ideo
901 957 965 980 sunt
988 952 1033 988 ju-

1086 955 1177 980 ἕνεκεν
1202 950 1462 986 κατακριθήσονται.
1487 948 1549 975 Οὐδ’
1570 948 1611 975 ὃτι
1630 947 1771 982 μόρφωσιν
1795 946 1875 972 εὐσε-

243 1000 278 1027 sti
295 1000 365 1034 apud
382 1000 548 1028 occultorum
565 999 731 1033 cognitorem
750 1002 776 1025 et
789 998 907 1033 judicem
922 997 1006 1024 Deum
1024 1006 1030 1023 :

244 1046 291 1073 sed
306 1047 377 1081 quod
391 1054 474 1073 nervo
503 1046 609 1082 pietatis
627 1045 705 1077 eliso,
734 1052 823 1071 mores
834 1044 868 1071 ad
894 1043 1032 1079 Evangelii

242 1096 377 1127 prmcepta
394 1100 448 1120 non
462 1091 660 1119 conformarint
677 1099 684 1123 ;
701 1091 772 1126 quod
785 1097 880 1117 amore
898 1090 940 1117 sui
955 1089 1030 1122 crcci,

243 1139 365 1166 avaritiae
382 1143 409 1166 et
423 1138 615 1173 voluptatibus,
629 1137 826 1171 ambitionique
848 1136 994 1163 venundati
1006 1140 1034 1164 et

243 1183 417 1217 emancipati,
444 1183 604 1210 innocentes
630 1182 703 1209 onmi
730 1188 828 1216 genere
859 1179 1032 1214 iniuriarum,

243 1229 445 1263 perjuriorum,
474 1228 565 1255 crucis
595 1227 822 1262 abnegalionum,
853 1225 1032 1258 insidiarum,

243 1280 270 1301 et
301 1274 492 1301 maleﬁciorqu
518 1273 700 1308 opprimentcs
716 1292 724 1304 ,
743 1272 843 1306 optime
855 1271 1034 1305 compositum

243 1318 371 1346 Ecclesiae
402 1322 501 1346 statum
529 1317 714 1353 perturbat-int
732 1316 954 1350 ererterintque;
979 1323 1035 1342 rem

244 1370 334 1393 autem
352 1365 481 1398 divinam,
508 1371 659 1398 nomenque
678 1367 705 1391 et
727 1370 804 1391 sacra
820 1366 921 1390 sanctae
945 1361 1038 1389 Eccle-

244 1411 291 1438 sia:
306 1415 345 1437 tot
361 1410 544 1445 impietatibus
558 1414 585 1437 et
604 1409 712 1444 ﬂagitiis
736 1408 958 1440 eontaminarint,
977 1407 1037 1443 pol-

244 1455 354 1488 luerint,
364 1455 545 1491 profanarint,
560 1459 589 1482 ut
597 1455 746 1490 periculum
759 1454 793 1482 sit
807 1455 886 1490 (pene
893 1453 993 1488 dicam)
1005 1460 1038 1481 ne

243 1502 353 1536 pietatis
368 1502 526 1537 mysterium
549 1501 583 1535 in:
594 1501 682 1528 verbis
700 1501 781 1528 nudis
795 1501 895 1535 potius.
911 1507 992 1534 quam
1009 1499 1036 1525 in

243 1548 326 1575 rebus
352 1555 383 1574 ac
397 1548 509 1574 veritate
528 1546 677 1574 consistere
699 1546 823 1573 videatur
841 1554 849 1572 :
866 1544 968 1572 idcirco
991 1544 1037 1578 ju-

244 1594 393 1620 stissimam
418 1592 599 1620 damnationis
626 1599 641 1619 a
661 1591 715 1619 Deo
744 1590 861 1618 ferenda).
873 1589 1035 1618 sententiam

244 1637 397 1666 incurrent.

1085 1000 1174 1031 ὃείας,
1192 998 1239 1024 xui.
1255 998 1348 1032 σχῆμα
1360 996 1426 1030 γοῦν
1445 1004 1472 1022 τι
1490 994 1537 1021 xui.
1561 993 1676 1028 πλάσμα
1696 992 1773 1019 κενὸν
1796 991 1876 1017 εὐλα-

1088 1045 1161 1076 ϐείας
1178 1043 1354 1079 περιθέμενοι
1378 1041 1466 1068 πάντα
1483 1040 1567 1075 δρῶσι
1591 1040 1639 1065 xui.
1666 1037 1877 1072 πραγματεύον-

1088 1100 1144 1121 ται,
1170 1090 1239 1116 ὥστε
1267 1088 1444 1122 δικαιωθῆναι
1467 1086 1543 1122 παρὰ
1571 1087 1627 1115 τοῖς
1651 1082 1879 1119 ἅνθρὼποις,διὰ

1087 1136 1166 1163 τοῦτο
1177 1136 1275 1161 δίκαιοι
1292 1135 1340 1160 xui.
1355 1133 1429 1168 παρὰ
1443 1132 1481 1167 τῷ
1504 1131 1558 1158 τῶν
1573 1130 1695 1166 κρυφίων
1708 1129 1813 1164 ὲπόπτῃ
1829 1129 1877 1155 καὶ

1087 1182 1235 1216 ἒξεταστῇ·
1260 1180 1318 1206 ἀλλ’
1344 1179 1386 1205 ὅτι
1403 1179 1451 1212 τῆς
1464 1177 1603 1208 εὐσεϐείας
1618 1176 1667 1210 τὴν
1690 1175 1814 1210 δύναμιν,
1830 1174 1877 1201 xui

1086 1227 1136 1262 τὴν
1148 1226 1218 1252 κατά
1232 1225 1262 1251 τὸ
1288 1222 1454 1258 Εὐαγγὲλιον
1479 1221 1653 1256 ἀπηνήναντο
1669 1219 1753 1254 ζωὴν,
1775 1219 1878 1249 πάσαις

1089 1271 1137 1307 μὲν
1166 1271 1320 1306 φιλαυτίαις
1348 1269 1396 1295 xui.
1425 1267 1631 1303 φιλαργυρίαις,
1660 1265 1825 1300 φιληδονίαις
1846 1272 1879 1290 τε

1087 1317 1189 1348 πάσαις
1214 1316 1261 1343 καὶ
1288 1314 1444 1350 φιλαρχίαις
1477 1313 1590 1344 ἑαυτοὺς
1618 1310 1877 1346 ἀπεμπολήσαντες,

1089 1363 1189 1395 πάσαις
1205 1363 1233 1389 δὲ
1247 1362 1376 1393 ἀδικίαις.
1394 1360 1560 1395 ἐπιορκίαις,
1586 1357 1811 1392 σταυροπατίαις,
1831 1355 1880 1382 xui.

1089 1410 1268 1444 κακουργίαις
1283 1408 1310 1435 δὲ
1330 1407 1402 1434 κατὰ
1414 1407 1468 1433 τῶν
1479 1405 1574 1432 ἁοώων
1585 1405 1633 1431 xui.
1643 1403 1791 1438 ἐπηρείαις
1805 1400 1879 1437 χρώ-

1091 1464 1177 1490 μενοι,
1195 1455 1285 1481 πᾶσαν
1299 1453 1347 1489 τὴν
1360 1450 1591 1486 ἔκκλησιαστικὴν
1607 1449 1735 1484 εὐνομίαν
1752 1448 1881 1475 διέλυσαν

1089 1502 1136 1528 καὶ
1161 1500 1308 1536 συνέχεαν·
1328 1499 1358 1526 τὸ
1380 1499 1451 1525 θεῖον
1473 1498 1501 1524 δὲ
1530 1497 1581 1531 τῆς
1609 1496 1685 1530 ἱερᾶς
1715 1492 1880 1527 Ἐκκλησίας

1090 1547 1208 1582 πρᾶγμα
1222 1546 1269 1572 καὶ
1281 1546 1366 1580 ὄνομα
1380 1544 1450 1572 οὕτω
1464 1544 1523 1574 ταῖς
1544 1541 1681 1572 ποικίλαις
1710 1540 1800 1567 αὐτῶν
1814 1538 1879 1565 ἀῡε-

1091 1592 1185 1626 σμίαις
1212 1592 1259 1618 καὶ
1287 1590 1472 1626 παρανομίαις
1503 1587 1687 1623 ἑϐεϐήλωσαν,
1708 1586 1776 1612 ὥστε
1790 1584 1881 1610 κινδυ-

1046 1633 1068 1661 C
1085 1636 1182 1668 νεύειν,
1196 1637 1287 1671 ὀλίγου
1299 1636 1365 1667 δεῖν,
1387 1636 1417 1662 ὲν
1437 1634 1523 1669 ψιλοῖς
1540 1632 1618 1668 ἡμῶν
1641 1631 1742 1665 λόγοις,
1754 1630 1810 1657 ἀλλ’
1829 1630 1879 1655 οὐκ

245 1685 274 1712 ὲν
290 1685 401 1720 ἀληθείᾳ
412 1684 459 1711 καὶ
472 1684 615 1719 πράγματι
627 1683 658 1710 τὺ
668 1683 718 1720 τῆς
729 1683 871 1716 εὐσεϐείας
887 1684 1037 1720 μυστήριον
1053 1683 1225 1711 ὑπονοεῖσθαι
1236 1691 1245 1700 ⁸
1261 1683 1307 1710 διὰ.
1331 1683 1418 1710 ταῦτα
1429 1681 1602 1716 δικαιοτάτης
1635 1678 1774 1712 τεύξονται
1810 1677 1880 1712 πρὸς

245 1730 314 1758 Θεοῦ
330 1730 381 1766 τῆς
396 1730 597 1766 κατακρίσεως.

282 1799 384 1826 Horum
399 1806 481 1834 porro
497 1798 631 1826 malorum
655 1797 776 1825 omnium
805 1797 887 1832 stirps
903 1801 930 1824 et
946 1796 1034 1828 radix,

245 1846 388 1882 primaque
402 1853 484 1873 causa
495 1849 521 1872 et
532 1844 687 1872 certissima
704 1843 808 1871 exstitit
824 1845 857 1874 is,
875 1842 920 1875 qui
934 1850 948 1869 a
961 1842 1036 1877 prin-

246 1893 319 1927 cipio
339 1891 473 1919 homicida
488 1891 539 1918 fuit
557 1899 565 1917 ε
579 1891 625 1926 qui
639 1890 712 1925 quod
732 1899 745 1916 η
761 1890 832 1917 bono
849 1888 960 1920 defecit,
975 1896 1035 1915 0m-

245 1938 289 1965 nis
305 1937 429 1964 maleﬁcii
447 1936 543 1964 artifex
560 1930 685 1968 euectus,
711 1935 846 1969 hodieque
863 1942 916 1961 non
945 1938 1036 1961 cessat

247 1991 381 2011 venenum
398 1983 423 2010 in
436 1991 483 2010 805
500 1990 579 2010 suum
593 1986 718 2009 eructare
728 1989 797 2016 quos
812 1980 940 2007 Omnibus
950 1987 1035 2007 διορυ-

245 2029 280 2057 lis
296 2030 328 2056 ad
343 2029 368 2056 id
388 2030 566 2056 hauriendum
583 2032 690 2062 paratos
707 2027 805 2054 habet:
823 2034 910 2061 eoque
933 2025 1036 2060 largius

245 2075 381 2110 latiusque
394 2076 468 2103 virus
477 2083 556 2102 suum
568 2074 817 2108 dilfundit,quanto
832 2073 865 2100 ad
881 2080 938 2099 rem
956 2079 1034 2099 suam

246 2123 366 2156 aptiores
397 2121 518 2149 olTeudit.
534 2120 734 2147 Permittuntur
755 2120 843 2146 aulem
870 2119 938 2146 tales
965 2126 1037 2152 saepe

245 2175 337 2195 rerum
362 2167 453 2202 potiri,
481 2172 668 2200 terrarumque
682 2166 802 2200 imperiis
824 2165 927 2198 extolli,
956 2169 986 2192 ut
1003 2172 1036 2191 ex

247 2213 397 2239 multorum
423 2212 562 2245 cordibus,
586 2211 816 2246 quemadmodum
828 2217 870 2238 est
885 2211 911 2238 in
938 2210 1036 2237 divinis

248 2259 377 2290 oraculis,
395 2258 550 2285 revelentur
566 2258 745 2291 cogitationes
759 2265 766 2289 ;
784 2261 868 2291 utque
884 2257 1003 2284 triticum
1020 2263 1036 2282 a

247 2303 332 2338 paleis
342 2307 513 2334 secernatur,
530 2306 555 2328 et
567 2301 658 2336 justus
675 2301 738 2336 igne
748 2301 948 2334 molestiarum,
964 2300 1037 2327 velut

1122 1796 1232 1823 Τούτων
1248 1795 1276 1822 δὲ
1296 1795 1351 1821 τῶν
1366 1793 1459 1820 κακῶν
1476 1792 1605 1819 ἁπάντων
1630 1790 1704 1817 αἰτία
1722 1797 1878 1824 upon-rup-

1091 1842 1173 1878 κτικὴ
1194 1842 1240 1868 καὶ
1254 1841 1328 1876 ῥίζα,
1358 1841 1372 1866 ὁ
1390 1840 1437 1866 ἀπ’
1462 1839 1550 1874 ἀρχῆς
1563 1836 1793 1872 ζάνορωποκιιόνος
1813 1835 1880 1861 καθ-

1088 1888 1187 1922 έστηκε
1202 1886 1301 1921 δηλαδή
1315 1894 1322 1901 ·
1341 1885 1370 1916 ὃς
1385 1884 1424 1920 τῷ
1436 1883 1587 1918 ἀποστῆναι
1601 1881 1647 1909 τοῦ
1662 1880 1775 1915 ἀγαθοῦ,
1790 1881 1881 1913 πάσης

1088 1934 1186 1964 κακίας
1201 1932 1346 1967 γενόμενος
1365 1930 1540 1966 δημιουργὸς,
1558 1929 1589 1956 οὗ
1603 1928 1720 1955 παύεται
1736 1927 1817 1962 μέχρι
1833 1926 1880 1952 καὶ

1088 1978 1135 2005 νῦν
1148 1978 1192 2005 τὸν
1207 1978 1306 2004 οίκεῖον
1322 1977 1358 2003 ίὺν
1372 1977 1427 2007 τοῖς
1443 1975 1511 2010 πρὸς
1527 1974 1659 2009 ὑποδοχὴν
1680 1973 1798 2008 ἑτοίμοις
1810 1972 1880 1998 κατὰ

1088 2026 1177 2052 πᾶσαν
1190 2023 1438 2057 ὲναπερευγόμενος
1451 2021 1547 2056 γενεάν
1556 2029 1563 2036 ·
1578 2020 1626 2046 καὶ
1642 2019 1763 2054 τοσούτῳ
1781 2017 1880 2053 μᾶλλον

1088 2071 1138 2106 τὴν
1153 2071 1218 2106 παρ’
1243 2069 1340 2096 ἑαυτοῦ
1359 2068 1458 2095 κακίαν
1482 2066 1712 2101 ἐπιδαψιλεύεται,
1741 2064 1802 2090 καθ’
1818 2064 1880 2090 ὅσον

1090 2116 1123 2143 ἂν
1139 2117 1186 2143 καὶ
1211 2115 1437 2150 ἐπιτηδειοτέροις
1451 2113 1520 2148 πρὸς
1535 2112 1581 2138 τὸν
1607 2112 1709 2138 οίχεῖον
1736 2109 1880 2144 περιτύχοι

1091 2163 1201 2189 σκοπόν.
1235 2161 1443 2196 Συγχωροῦνται
1468 2160 1497 2186 δὲ
1528 2158 1657 2188 πολλάκις
1690 2156 1812 2190 κρατεῖν,
1831 2155 1880 2180 καὶ

1090 2208 1235 2242 κοσμικαῖς
1249 2205 1418 2236 δυναστείαις
1435 2205 1461 2231 οἱ
1473 2204 1588 2230 τοιοῦτοι
1612 2201 1823 2237 μεγαλύνεσθαι,
1840 2200 1880 2232 ὡς

1089 2254 1122 2280 ἂν
1137 2254 1170 2279 ὲκ
1183 2252 1287 2278 πολλῶν
1311 2251 1441 2285 καρδιῶν,
1462 2249 1534 2275 κατὰ
1559 2248 1590 2274 τὸ
1607 2248 1678 2274 θεῖον
1704 2246 1805 2280 λόγιον,
1833 2246 1879 2272 ὲκ-

1090 2299 1193 2334 φανῶσι
1209 2296 1395 2331 διαλογισμοί·
1413 2296 1461 2322 καὶ
1471 2295 1541 2321 ὥστε
1557 2294 1602 2320 τὸν
1617 2294 1689 2319 σῖτον
1705 2291 1879 2326 διακριθῆναι

249 2355 346 2375 aurum
370 2348 397 2374 in
425 2347 546 2380 fornace,
571 2352 715 2382 coquatur,
738 2346 950 2380 caelestibusque
978 2346 1034 2373 the-

1087 2345 1135 2371 τοῦ
1148 2344 1261 2378 ἀκύρου,
1275 2342 1324 2368 καὶ
1340 2340 1500 2376 πυρωθῆναι
1516 2340 1564 2375 μὲν
1579 2341 1639 2370 ταῖς
1664 2337 1808 2373 ὲπηρείαις
1835 2337 1880 2363 τὸν

249 2394 337 2421 sauris
354 2394 743 2428 reservetur:rejiciaturque,
766 2392 898 2427 quidquid
927 2397 956 2419 ut
976 2399 1037 2418 sco-

247 2438 288 2465 ria
304 2437 485 2464 adulterinum
501 2443 542 2465 est
557 2442 584 2465 et
600 2437 703 2465 cmlesti
722 2444 805 2471 regno
827 2437 977 2471 indignum.
991 2437 1037 2463 At-

249 2492 302 2519 que
317 2484 370 2516 his,
387 2484 495 2518 opinor,
510 2491 589 2511 nemo
606 2483 773 2511 contradicet
788 2491 883 2510 eorum
907 2483 954 2517 qui
981 2483 1037 2517 pie-

249 2534 331 2557 tatem
347 2530 450 2558 colunt.

285 2639 336 2668 Sed
355 2639 495 2667 videamus
511 2646 602 2673 porro.
620 2645 680 2673 quae
694 2638 822 2673 deinceps
839 2637 918 2665 beato
935 2638 1038 2673 [gnatio

250 2685 407 2718 acciderint,
423 2690 579 2720 quantaque
594 2684 665 2711 mala
680 2689 814 2711 veterator
829 2691 860 2711 ac
876 2684 961 2711 hostis
975 2692 1039 2710 san-

250 2738 356 2759 ctorum
375 2732 494 2758 virorum
514 2731 645 2758 adversus
663 2731 789 2757 latentem
807 2730 832 2756 in
851 2730 897 2756 illo
912 2730 991 2756 lidcm
1007 2737 1039 2756 ac

251 2777 389 2810 virtutem,
406 2785 453 2811 per
468 2784 533 2804 suos
546 2776 731 2806 a‘lministros,
751 2775 853 2802 malitia
869 2782 917 2801 sua
935 2774 1038 2801 machi-

251 2827 332 2849 natus
340 2824 384 2849 sit.
396 2823 430 2849 At
443 2830 507 2849 vero
518 2829 579 2848 cum
592 2821 738 2855 intelligam
751 2828 793 2847 me
801 2820 1038 2855 sigillatimomuia

251 2875 412 2901 percensere
430 2875 484 2894 non
509 2875 598 2901 posse,
621 2866 755 2900 rebusque
775 2867 857 2892 tantis
872 2874 962 2900 parem
983 2875 1036 2893 nou

252 2906 320 2945 hic,
328 2912 450 2939 oratione
459 2912 491 2939 ad
505 2920 546 2939 res
557 2912 707 2946 prxcipuas
716 2912 882 2939 enarrandas
893 2919 1036 2945 conversa,

1089 2391 1204 2422 δίκαιον,
1218 2388 1313 2423 ὥσπερ
1330 2389 1359 2414 ὲν
1374 2386 1548 2422 χωνευτηρῐῳ
1564 2385 1676 2421 χρυσὸν,
1702 2384 1750 2410 xui
1764 2384 1820 2414 τοῖς
1835 2383 1881 2408 οὔ·

1092 2435 1194 2471 ρανίοις
1220 2433 1403 2469 ταμιευθῆναι
1429 2432 1584 2468 βασιλείοις,
1616 2429 1816 2464 ἀποποιηθῆναι
1839 2427 1878 2459 δὲ,

1090 2482 1215 2517 καθάπερ
1231 2482 1364 2516 σκωρίαν,
1387 2480 1449 2506 ὅσον
1475 2479 1604 2512 ἀδόκιμον
1621 2477 1669 2503 καὶ
1694 2476 1802 2508 ἀνάξιον
1830 2475 1880 2508 τῆς

1092 2528 1231 2563 βασιλείας
1243 2527 1290 2554 τοῦ
1308 2526 1386 2553 Θεοῦ.
1416 2526 1486 2560 Πρὸς
1502 2525 1548 2551 οὖν
1563 2523 1648 2551 ταῦτα
1663 2523 1713 2549 οὐκ
1728 2521 1804 2556 οἶμαί
1819 2529 1881 2546 τινα

1088 2574 1143 2601 τῶν
1160 2572 1345 2600 εὐσεϐούντων
1361 2572 1496 2606 ἀντερεῖν.

1126 2640 1240 2674 Ἴδωμεν
1259 2638 1287 2665 δὲ
1302 2638 1348 2664 καί
1363 2637 1396 2664 τὰ
1412 2637 1481 2664 κατὰ
1496 2636 1541 2662 τον
1562 2634 1634 2669 ἱερὸν
1661 2633 1792 2666 Ίγνὰτιον
1809 2639 1879 2665 πιρ-

1089 2685 1302 2721 ηκολουοηκότα,
1317 2683 1364 2710 xui.
1379 2684 1427 2709 ὃσα
1443 2682 1513 2708 κατὰ
1526 2682 1575 2715 τῆς
1590 2681 1619 2706 ὲν
1632 2679 1707 2713 αὐτῷ
1721 2676 1880 2712 κεκρυμμέ-

1090 2739 1138 2765 νης
1152 2730 1280 2764 ἀληθείας
1296 2729 1342 2755 καὶ
1359 2727 1460 2762 ἀρετῆς
1480 2727 1494 2751 ὁ
1524 2725 1577 2751 τῶν
1601 2723 1686 2757 ἁγίων
1708 2721 1804 2757 ἐχθρὸς
1832 2721 1880 2747 καὶ

1092 2775 1233 2805 ἐπίϐουλος
1256 2773 1299 2800 διὰ
1313 2772 1366 2799 τῶν
1382 2770 1610 2806 ὑπηρετουμένων
1636 2767 1717 2795 αὑτοῦ
1735 2768 1767 2802 τῇ
1797 2765 1880 2799 κακίᾳ

1093 2820 1281 2854 κατεπράξατο
1294 2827 1302 2834 ·
1316 2818 1382 2844 ἀλλὰ
1396 2818 1483 2843 πάντα
1496 2816 1545 2851 μὲν
1559 2815 1628 2841 κατὰ
1647 2814 1728 2849 μέρος
1746 2810 1880 2843 ἐπεξιέναι

1093 2867 1232 2901 ἀμήχανον
1262 2864 1350 2895 εἰδὼς,
1376 2864 1423 2890 καὶ
1446 2865 1570 2897 κρεῖττον
1595 2861 1684 2896 ἥκιστ’
1711 2859 1786 2894 ίσχὺν
1800 2856 1879 2891 ἐμὴν,

1092 2915 1146 2944 τοῖς
1173 2911 1348 2946 κυριωτέροις
1361 2910 1390 2936 δὲ
1407 2910 1452 2936 τὴν
1467 2909 1545 2943 λόγον
1563 2905 1700 2940 ἐπαφιεὶς,
1716 2903 1879 2938 πειρᾶσομαι
