2092 3156
226 202 279 233 509

749 211 836 241 VlTA
857 213 886 242 S.
910 213 1058 244 lGNATlI
1078 216 1131 246 ΕΡ.
1146 217 1320 249 ARCHlEl’.

1794 226 1851 259 510

219 257 281 284 καθ’
295 258 357 284 ὅσον
375 257 430 285 οἷόν
447 268 476 286 τε
493 262 629 296 πανταχοῦ
651 263 699 296 ei;
716 265 846 299 ἀληθείας
862 277 992 305 πεφροντι

219 302 274 317 ιη’.-
290 304 371 317 ..ρὲλμ
384 305 427 317 -ἱ“,.
451 305 498 317 εηρν
585 309 591 317 1
743 311 751 317 Α
807 314 817 317 -

1063 272 1161 299 nudam
1175 274 1212 300 rei
1228 274 1368 302 veritatem
1378 275 1477 311 ubique
1488 277 1610 306 studiose
1618 283 1788 315 persecutus,
1797 290 1848 317 pro

218 302 274 335 κὼς
288 304 371 340 μηδὲν
383 305 437 332 τῶν
447 305 529 338 ἀξίων
542 309 653 344 μνήμης
667 311 842 346 παραλιπεῖν.

257 391 367 426 Ἐπειδὴ
387 392 476 418 τοίνυν
491 394 516 420 οε
539 396 614 430 παρὰ
632 396 678 423 τοῦ
699 396 832 432 βασιλέως
852 399 912 427 τότε
926 402 1010 430 πολλὰ

216 437 408 471 πειράσαντες.
441 439 472 464 τὸ
490 439 558 475 πρὸς
589 443 762 477 παρανομίαν
788 445 929 481 ἐνδόσιμον
960 449 1009 484 οὐχ

215 478 265 507 οἷοί
284 489 314 507 τε
331 482 506 516 ἐγεγόνεισαν
522 486 597 520 παρὰ
615 487 661 513 τοῦ
683 488 813 522 Ίγνατίου
829 490 931 522 λαῦεῖν.
946 478 1007 526 γενξ

215 527 302 559 ναίαις
320 528 464 555 ἐνστάσεσι
477 532 700 566 παραιτήσασθαι
717 535 755 570 μὴ
776 537 1005 572 καταδεξαμένου,

214 574 280 607 παρ’
295 574 400 600 ἑαυτῶν
414 575 509 603 ἐλαὸον
528 577 608 604 τοῦτο
628 579 720 606 λοιπόν
734 589 741 596 '
758 582 804 608 καὶ
817 583 929 611 πλεῖστα
945 586 1006 612 καθ’

214 619 327 651 ἑαυτοὺς
344 622 554 657 συσκεψάμενοι,
570 625 618 650 καὶ
633 626 723 653 πᾶσαν
748 630 924 664 κεκινηκότες
942 630 1006 666 βου-

213 664 273 700 λὴν,
294 665 395 693 Φὼτιον
413 669 660 705 πρωτοσπαθάριόν
683 681 713 698 τε
729 673 794 699 ὄντα
821 675 868 701 καὶ
898 664 1006 711 πρωτο-

212 711 374 746 ασηκρῆτιν,
385 713 424 744 είς
432 713 562 748 ἀρχιερέα
572 717 621 749 τῆς
632 716 766 751 βασιλίδος
776 721 1002 755 προχειρίζονται,

210 755 265 783 Ἦν
277 758 304 783 δὲ
317 755 394 789 οὗτος
405 760 418 785 ό
432 760 534 792 Φὼτιος
548 763 579 787 οὐ
598 763 652 789 τῶν
665 764 784 797 ἀγεννῶν
799 775 828 792 τε
841 767 887 793 καὶ
901 768 1005 795 ἀνωνύο

212 810 280 836 μων,
291 803 360 830 ἀλλὰ
373 804 420 830 καὶ
432 806 486 832 τῶν
501 807 619 841 εὐγενῶν
633 809 702 836 κατὰ
715 812 813 845 σάρκα,
825 813 870 838 καὶ
887 822 1004 849 περιφα-

210 849 272 882 νῶν,
292 851 373 886 σοφίᾳ
386 861 416 878 τε
435 855 553 890 κωμικῇ
571 856 618 881 καὶ
642 857 748 883 συνέσει
767 859 820 885 τῶν
833 860 860 886 ὲν
877 861 910 896 τῇ
927 861 1002 887 πολι-

209 897 270 932 τεία
284 899 475 933 στρεφομένων
500 901 717 938 εὐδοκιμώτατος
730 905 838 932 πάντων
851 906 1000 942 ἐνομίζετο.

208 942 408 979 Γραμματικῆς
427 946 476 979 μὲν
503 947 558 983 γὰρ
585 948 631 974 καὶ
646 949 793 984 ποιήσεως,
811 938 958 988 ῥητορικής
970 963 999 981 τε
1019 938 1038 965 Β

210 989 255 1014 καὶ
270 989 438 1024 φιλοσοφίας,
456 992 500 1017 να¹ι
515 992 546 1026 δὴ
562 994 609 1019 καὶ
631 995 766 1030 ἰατρικῆς,
780 997 827 1022 καὶ
839 997 931 1033 πάσης
945 999 1000 1025 ἁλί-

207 1042 256 1068 γου
269 1035 324 1061 δεῖν
349 1037 504 1072 ἐπιστήμης
521 1038 575 1065 τῶν
593 1039 710 1075 θύραθεν
729 1043 855 1070 τοσοῦτον
871 1043 946 1080 αὐτῷ
971 1045 1000 1073 τὸ

207 1079 310 1113 περιὸν,
324 1080 362 1111 ὡς
380 1081 416 1115 μὴ
429 1083 508 1116 μόνον
523 1083 615 1118 σχεδὸν
627 1085 709 1119 φάναι
725 1087 779 1113 τῶν
798 1089 868 1116 κατὰ
883 1089 931 1125 τὴν
947 1090 997 1116 αὑ-

206 1127 252 1153 τοῦ
266 1128 363 1160 γενεὰν
378 1129 485 1156 πάντων
495 1131 654 1165 διενεγκεῖν,
675 1134 724 1169 ἤδη
738 1135 766 1161 δὲ
787 1136 833 1162 καὶ
853 1136 920 1171 πρὸς
936 1138 999 1168 τοὺς

206 1172 336 1204 παλαιοὺς
347 1174 427 1200 αὑτὸν
440 1175 644 1210 διαμιλλᾶσθαι.
663 1179 754 1207 Πάντα
767 1181 822 1216 γὰρ
837 1182 998 1217 συνέτρεχεν

203 1218 248 1244 ἐπ’
263 1219 348 1254 αὐτῷ,
363 1220 378 1254 ἡ
396 1221 583 1258 ἐπιτηδειότης
603 1225 653 1259 τῆς
679 1225 795 1259 φύσεως,
822 1227 838 1262 ἡ
856 1228 968 1263 σπουδὴ,
984 1229 997 1256 ὁ

203 1263 328 1297 πλοῦτος,
340 1266 373 1292 δι’
382 1266 411 1293 ὃν
420 1268 466 1293 καὶ
478 1268 567 1302 βίϐλος
579 1270 622 1296 ἐπ’
632 1271 713 1297 αὐτὸν
725 1271 799 1308 ἔρρει
815 1274 890 1300 πᾶσα
900 1282 907 1289 ”
918 1274 998 1300 πλέον

202 1310 230 1336 δὲ
246 1311 354 1338 πάντων
368 1313 382 1338 ό
396 1313 443 1348 τῆς
460 1313 538 1350 δόξης
556 1315 636 1351 ἔρως,
651 1317 684 1343 δι’
698 1317 727 1343 ὃν
747 1318 821 1353 αὑτῷ
839 1320 885 1346 καὶ
900 1320 996 1353 νύκτες

202 1356 299 1383 diuvat
326 1358 390 1393 περὶ
410 1359 459 1393 τὴν
488 1360 642 1395 ἀνάγνωσιν
671 1363 799 1397 ἐμμελῶς
827 1365 996 1400 ἐσχολακότι.

207 1401 284 1428 Ἐπεὶ
299 1403 327 1429 δὲ
344 1404 390 1430 καὶ
405 1405 473 1439 πρὸς
485 1406 533 1440 τὴν
542 1407 703 1442 Ἐκκλησίαν
720 1409 813 1443 αὐτὴν,
826 1410 863 1442 ὡς
877 1411 915 1446 μὴ
927 1411 997 1445 ὣςε-

200 1446 257 1480 λεν,
271 1448 439 1476 ἐπεισελθεῖν
457 1450 523 1482 ἔδει,
540 1453 586 1477 καὶ
604 1452 658 1478 τῶν
673 1453 717 1480 διὰ
730 1453 808 1480 τοῦτο
823 1454 932 1489 βιϐλίων
946 1456 996 1491 τῆς

199 1493 380 1527 ἀναγνώσεως
393 1495 424 1521 οὐ
439 1496 508 1522 κατά
520 1497 660 1533 πάρεργον
676 1499 834 1535 ἐπεμελήθη
846 1509 852 1514 ·
868 1502 995 1537 ἀγνόημα

199 1539 227 1566 δὲ
239 1540 382 1575 ἠγνόησεν,
400 1541 434 1568 ἶν’
447 1542 517 1568 εἴπω
531 1542 705 1577 θεολογικῶς,
722 1545 823 1580 σφόδρα
839 1547 887 1581 τῆς
913 1548 994 1574 αὐτοῦ

1061 325 1119 344 mea
1137 319 1206 346 virili
1224 321 1336 352 curabo,
1352 322 1389 348 uti
1404 329 1438 349 ne
1454 323 1520 357 quid
1539 331 1629 351 rerum
1645 333 1707 360 qua:
1720 327 1775 354 sint
1792 335 1850 355 me-

1061 364 1145 391 moria
1163 366 1260 399 dignae,
1276 368 1490 400 prtetermittam.

1094 407 1242 443 Postquam
1255 410 1336 445 igitur
1350 412 1504 440 administri
1519 414 1596 449 regii,
1608 423 1679 450 saepe
1696 420 1797 445 tentata
1807 427 1847 451 re,

1059 461 1111 480 non
1129 460 1275 489 potuerunt
1290 457 1398 485 ﬂectere
1420 457 1552 492 lgnatium
1568 460 1601 487 ad
1617 461 1642 488 id
1659 463 1730 495 quod
1755 463 1848 498 inique

1059 500 1194 533 petebant,
1209 509 1285 528 suam
1299 501 1345 529 illo
1360 502 1518 537 dignitatem
1528 504 1632 533 fortiter
1645 512 1671 533 et
1686 512 1846 536 constanter

1059 549 1161 580 tuente,
1177 554 1192 574 a
1208 554 1238 575 se
1259 547 1310 582 ipsi
1330 549 1474 577 consilium
1494 550 1527 577 de
1546 556 1645 579 caetero
1666 553 1818 587 petiverunt
1837 563 1845 588 ;

1058 591 1196 627 rebusque
1209 593 1278 620 inter
1293 601 1323 621 se
1336 593 1381 622 diu
1395 595 1513 629 agitatis,
1524 603 1688 632 omnemque
1701 598 1727 624 in
1743 604 1845 632 partem

1056 638 1172 666 versatis
1184 657 1192 668 ς
1212 639 1319 666 tandem
1338 638 1464 667 Photium
1480 643 1729 676 protospatharitun
1746 648 1772 671 et
1789 645 1846 679 pri-

1056 690 1129 710 mum
1142 691 1157 711 a
1169 685 1291 718 secretis,
1304 686 1485 719 patriareham
1499 688 1575 714 urbis
1586 688 1665 722 regiae
1675 689 1819 724 designant
1835 699 1844 722 ς

1055 727 1193 756 hominem
1209 737 1276 757 sane
1290 729 1401 757 minime
1419 731 1565 758 obscurum
1580 736 1606 758 et
1623 732 1776 767 ignobilem,
1796 735 1844 761 sed

1055 773 1136 801 claris
1155 778 1182 801 et
1197 774 1349 803 illustribus
1366 775 1513 803 oriundum
1535 778 1681 810 natalibus,
1698 786 1844 813 rerumque

1054 819 1173 846 civilium
1184 825 1211 847 et
1221 821 1393 855 politicarum
1408 830 1469 854 usu,
1484 823 1682 858 prudentiaque
1694 829 1721 851 ct
1731 825 1843 852 scientia

1054 865 1246 893 clarissimum.
1261 867 1452 895 Grammatica:
1465 868 1536 895 enim
1552 869 1722 901 litteraturae.
1741 875 1768 898 ct
1779 878 1841 898 car-

1054 911 1136 938 minis
1156 912 1301 947 paugendi,
1319 913 1480 949 dicendique
1504 915 1598 947 laude,
1619 916 1683 950 quin
1706 921 1733 943 ct
1752 917 1842 950 philo-

1053 957 1155 990 sophim
1176 961 1202 984 et
1221 958 1380 990 medicina,
1397 964 1421 987 et
1443 959 1564 987 omnium
1586 967 1668 995 prope
1689 961 1841 988 liberalium

1051 1002 1257 1036 disciplinarum
1289 1007 1465 1031 externarum
1501 1005 1594 1032 studio
1633 1006 1842 1040 cognitioneque

1051 1052 1192 1082 tantopere
1208 1048 1331 1081 ﬂorebat,
1352 1054 1381 1077 ut
1400 1050 1449 1076 aevi
1464 1050 1505 1077 sui
1521 1049 1600 1077 facile
1615 1050 1741 1085 princeps
1756 1050 1841 1078 habe-

1051 1098 1136 1125 retur,
1160 1093 1216 1121 ituo
1241 1098 1268 1121 ct
1289 1102 1351 1122 cmn
1378 1095 1514 1123 Veteribus
1531 1096 1587 1130 jam
1608 1101 1713 1123 certare
1737 1102 1838 1131 posset.

1050 1137 1145 1165 Omnia
1158 1139 1257 1174 quippe
1273 1140 1298 1166 in
1315 1140 1573 1174 illoconcurrcrant,
1586 1142 1838 1176 aptitudoquaadam

1049 1187 1075 1209 et
1091 1187 1195 1210 natura:
1209 1184 1248 1211 ris
1259 1191 1290 1210 ac
1307 1183 1433 1216 felicitas.
1447 1185 1579 1218 studium,
1593 1193 1668 1220 opes,
1678 1186 1777 1220 quibus
1787 1186 1838 1214 sibi

1049 1228 1180 1256 librorum
1202 1230 1325 1258 ontuium
1349 1231 1495 1259 maximam
1516 1232 1621 1266 copiam
1642 1232 1838 1266 comparabat:

1048 1278 1084 1305 et.
1100 1275 1173 1308 quod
1191 1283 1245 1310 pra:
1259 1276 1376 1308 cunctis,
1398 1277 1490 1312 gloria:
1505 1277 1648 1312 laudisque
1661 1278 1770 1312 cupido,
1786 1285 1838 1311 qua

1048 1319 1177 1348 incensus
1201 1325 1272 1350 totas
1293 1327 1398 1354 noctes,
1415 1327 1444 1349 ut
1459 1323 1567 1350 lectioni
1588 1324 1698 1351 assidue
1718 1328 1835 1356 vacaret,

1047 1364 1164 1392 ducebat
1190 1366 1338 1396 insomnes.
1373 1368 1507 1401 Quoniam
1533 1376 1598 1396 vero
1624 1376 1732 1396 sacrum
1755 1370 1837 1396 etiam

1047 1410 1130 1444 (quod
1152 1412 1254 1439 utinam
1281 1421 1417 1448 nunquam
1438 1414 1543 1448 fuisset)
1560 1414 1687 1441 thronum
1709 1413 1837 1441 Ecclesiae

1046 1464 1248 1486 conscensurus
1274 1463 1343 1491 erat,
1366 1467 1444 1486 sacra
1468 1467 1577 1494 quoque
1599 1464 1625 1486 et
1652 1459 1836 1486 ecclesiastica

1045 1502 1183 1530 volumina
1208 1504 1329 1532 studiose
1345 1506 1428 1540 coepit
1445 1505 1576 1532 lectitare.
1592 1504 1691 1532 Verum
1704 1509 1733 1531 nt
1748 1505 1836 1531 Theo-

1045 1548 1097 1582 logi
1120 1549 1283 1577 Nazianzeni
1304 1552 1356 1578 ritu
1381 1552 1477 1586 loquar
1499 1552 1548 1586 (4),
1566 1551 1637 1586 quod
1661 1559 1726 1578 sane
1750 1551 1834 1585 ipsius

200 1586 296 1619 σοφίας
310 1587 427 1619 ἀνάξιον.
448 1588 484 1613 Οὐ
499 1589 552 1623 γὰρ
567 1589 684 1625 ἠθέλησε
701 1593 845 1627 προσέχειν
862 1593 906 1619 τὸν
921 1594 992 1626 νοῦν,

1050 1594 1183 1629 sapientia
1210 1595 1349 1631 indignum
1376 1596 1443 1629 fuit,
1467 1597 1662 1631 ignorationem
1689 1596 1833 1631 ignoravit.

199 1631 239 1657 ὅτι
267 1633 304 1661 εἴ
322 1642 365 1666 τις
392 1633 472 1675 θέλει,
495 1635 591 1670 σοφός
615 1636 753 1671 γενέσθαι
782 1638 817 1665 ἐν
841 1637 880 1672 τῷ
909 1639 992 1668 αἰῶνι

198 1678 302 1711 τούτῳ,
317 1680 414 1713 μωρὸς
432 1683 573 1715 γενέσθω,
590 1682 640 1709 ἵνα
665 1685 786 1718 γένηται
805 1686 910 1719 σοφός.
926 1687 992 1714 Οὐδὲ

198 1724 248 1758 τὴν
265 1725 324 1751 ὁδὸν
343 1725 430 1752 εἵλετο
452 1727 502 1761 τῆς
528 1729 791 1765 ταπεινοφροσύνης,
811 1731 844 1757 δι’
859 1729 892 1767 ἧς
912 1733 925 1768 ἡ
944 1742 991 1767 με·

198 1770 267 1805 γάλη
289 1770 337 1797 τοῦ
365 1771 432 1798 Θεοῦ
450 1773 529 1808 χάρις
557 1775 632 1808 καὶὴ
653 1775 755 1809 ἀληθὴς
785 1777 865 1811 σοφία
888 1777 990 1805 δίδοται

197 1816 246 1842 καὶ
262 1817 441 1852 κατορθοῦται
452 1826 459 1833 ⁸
475 1819 534 1845 οὐδὲ
548 1820 702 1854 στραςῆναι
713 1821 758 1847 καὶ
774 1821 899 1855 γενέσθαι
914 1823 950 1855 ὡς
961 1824 991 1849 τὸ

198 1863 304 1889 παιδίον
314 1863 357 1889 διὰ
373 1863 423 1899 τὴν
436 1864 482 1891 τοῦ
499 1865 566 1891 Θεοῦ
583 1865 730 1900 βασιλείαν,
750 1866 787 1898 ὡς
798 1868 814 1902 ἡ
826 1867 872 1894 τοῦ
888 1869 989 1905 Κυρίου

196 1908 393 1944 διαμαρτυρία,
415 1911 578 1944 κατεδέξατο
588 1919 595 1925 ·
608 1911 666 1938 ἀλλ’
681 1911 741 1939 οὐδὲ
761 1913 864 1947 σκάψαι
879 1914 927 1949 τὴν
941 1916 988 1941 αὐ-

195 1953 242 1979 τοῦ
262 1954 362 1989 ψυχὴν;
380 1955 427 1981 καὶ
439 1955 552 1990 βαθῦναι
567 1956 617 1992 τὴν
627 1957 747 1984 διάνοιαν
762 1957 806 1985 διὰ
818 1959 910 1994 πάσης
923 1960 989 1987 ὑπο-

194 2001 292 2035 ταγῆς,
317 2001 388 2028 κατὰ
418 2001 530 2036 Κύριον,
558 2003 603 2029 καὶ
630 2003 794 2038 ἀτιμοτέρας
812 2005 924 2040 ἀγωγῆς
942 2007 988 2034 καὶ

194 2046 414 2080 ταπεινόφρονος,
425 2047 472 2074 καὶ
485 2047 519 2074 δι’
531 2048 665 2080 ἀπαθείας
673 2048 743 2074 οὕτω
756 2050 787 2084 τῇ
802 2050 889 2085 πέτρᾳ
903 2060 988 2086 προσ-

193 2091 304 2124 εγγίσαι
329 2092 448 2128 Χριστῷ,
463 2093 522 2120 ’καὶ
536 2093 579 2119 ἱπ*
598 2094 672 2128 αὐτῷ
689 2094 774 2120 θεῖναι
801 2095 924 2130 θεμέλιον
941 2097 988 2123 πί-

195 2146 280 2169 στεως
295 2139 416 2174 ἀρραγῆ,
446 2140 492 2166 καὶ
509 2140 542 2166 δι’
554 2140 666 2174 ἀγαθῶν
688 2141 814 2175 πράξεων
842 2142 912 2169 οὕτω
938 2144 987 2178 τῆς

194 2183 291 2218 copia;
305 2184 358 2220 [ἵσ.
383 2185 415 2220 τῇ
433 2185 526 2221 σοφίᾳ]
549 2186 644 2212 ἑαυτὴν
669 2186 821 2222 οἰκοδομεῖν
834 2196 840 2204 ι
856 2189 886 2214 οὺ
900 2189 986 2216 ταῦτα

192 2228 363 2264 διανενόηται
374 2231 388 2256 ὁ
406 2231 487 2265 σοφός
500 2239 507 2246 ·
522 2231 620 2258 πολλοῦ
639 2240 669 2266 γε
684 2232 738 2259 δεῖν
749 2241 755 2247 ·
776 2233 823 2260 καὶ
837 2234 913 2261 οὐδὲν
924 2236 984 2262 τού-

1047 1638 1139 1667 Noluit
1158 1640 1229 1667 enim
1251 1641 1477 1674 animadvertere,
1493 1643 1634 1676 quoniam,
1665 1641 1695 1669 Si
1709 1642 1767 1676 quis
1779 1641 1834 1668 vult

1046 1686 1149 1718 sapiens
1169 1686 1228 1721 ﬁeri
1247 1687 1274 1713 in
1294 1687 1341 1714 hoc
1366 1688 1473 1720 mundo,
1492 1688 1589 1715 stultus
1616 1689 1661 1720 sit,
1683 1692 1712 1714 ut
1729 1688 1834 1721 sapiens

1047 1731 1095 1766 ﬁat
1108 1733 1128 1760 ³.
1142 1731 1235 1768 Neque
1246 1733 1317 1761 viam
1331 1734 1470 1762 modestia:
1487 1738 1513 1763 et
1526 1735 1718 1762 submissionis
1729 1734 1833 1768 ingres-

1045 1785 1092 1805 sus
1111 1782 1162 1810 est,
1189 1787 1242 1813 qua
1260 1780 1292 1806 ad
1319 1780 1457 1808 caelestem
1480 1781 1596 1815 gratiam
1620 1788 1768 1815 veramque
1787 1787 1832 1807 sa-

1044 1823 1173 1857 pientiam
1191 1825 1371 1859 pervenitur:
1393 1834 1482 1861 neque
1505 1826 1629 1861 deposito
1651 1826 1722 1853 fastu
1747 1826 1833 1853 voluit

1044 1869 1176 1901 converti,
1197 1875 1224 1898 ct
1242 1871 1299 1898 fieri
1314 1877 1343 1898 ut
1357 1873 1497 1906 parvulus,
1516 1877 1626 1907 propter
1643 1880 1756 1907 regnum
1772 1872 1830 1905 Dei,

1041 1913 1116 1948 juxta
1131 1914 1238 1943 Domini
1253 1924 1344 1944 vocem
1359 1926 1366 1944 :
1385 1925 1470 1952 neque
1484 1919 1603 1945 animam
1619 1925 1696 1945 suam
1711 1922 1737 1945 et
1753 1925 1833 1944 men-

1044 1963 1096 1986 tem
1111 1959 1192 1988 altius
1212 1960 1305 1988 fodere
1320 1965 1347 1988 et
1363 1962 1436 1989 onmi
1451 1961 1620 1996 subjectione
1635 1962 1785 1994 demittere,
1803 1965 1832 1988 ut

1039 2005 1117 2039 jubet
1130 2004 1270 2037 Dominus,
1287 2014 1334 2041 per
1350 2007 1523 2041 abjcctiorem
1543 2007 1771 2042 humilioremque
1783 2015 1829 2034 se~

1042 2051 1160 2082 mitam;
1187 2055 1269 2086 atque
1294 2052 1331 2079 ita
1354 2060 1402 2086 per
1422 2052 1567 2080 affectuum
1592 2052 1829 2080 mortificationem

1042 2101 1124 2130 petra:
1139 2096 1248 2125 Christo
1265 2098 1407 2134 conjungi,
1428 2103 1455 2126 et
1473 2106 1553 2132 super
1568 2098 1658 2133 ipsum
1681 2098 1829 2130 inconcus-

1040 2147 1100 2166 smn
1125 2140 1185 2168 fidei
1211 2141 1419 2169 fundamentum
1441 2150 1552 2177 ponere,
1577 2147 1604 2170 et
1627 2143 1679 2177 piis
1699 2143 1829 2177 operibus

1039 2186 1159 2221 scipsum
1187 2187 1356 2215 domicilium
1382 2189 1522 2223 sapientiae
1552 2189 1726 2216 constituere.
1754 2188 1828 2216 Nihil

1040 2232 1137 2259 horum
1150 2232 1214 2260 huic
1227 2234 1301 2260 venit
1313 2233 1338 2260 in
1354 2240 1482 2265 mentem,
1497 2234 1550 2261 alia
1564 2234 1655 2262 omnia
1670 2234 1826 2269 cogitabat:

191 2283 247 2301 των
268 2275 315 2302 ἐπὶ
339 2276 400 2303 νοῦν
414 2274 496 2312 ἦλθεν
513 2277 598 2312 αὐτῷ,
620 2278 678 2304 ἀλλ’
696 2279 743 2305 ἐπὶ
759 2279 851 2314 σαθρῷ
868 2280 984 2315 θεμελίῳ

1046 2279 1124 2313 'ragili
1140 2283 1167 2306 et
1181 2287 1309 2312 arenoso,
1329 2288 1405 2307 value
1422 2279 1596 2314 profanaque
1607 2280 1749 2315 sapientiae
1762 2280 1827 2307 fun-

191 2321 240 2347 καὶ
255 2321 390 2356 ἀμμώδει,
417 2324 449 2358 τῇ
479 2325 599 2358 κοσμικῇ
616 2325 708 2360 σοφίᾳ,
723 2325 771 2351 καὶ
796 2327 828 2360 τῇ
842 2326 984 2363 ἀλαζονείᾳ

189 2366 238 2393 τοῦ
250 2366 288 2402 μὴ
300 2367 370 2394 κατὰ
387 2368 505 2403 Χριστόν
524 2369 739 2404 πεπαιδευμένου
755 2370 834 2405 λόγου
851 2371 899 2407 τὴν
919 2373 983 2399 ἑαυ-

188 2413 237 2440 τοῦ
264 2414 378 2449 καρδίαν
405 2415 535 2450 στηρίξας
557 2416 602 2441 καὶ
617 2415 663 2442 τὸν
682 2415 754 2448 νοῦν,
768 2417 879 2449 καὶτοῖς
895 2419 984 2450 κενοῖς

188 2458 244 2484 τῶν
270 2459 421 2493 ἀνθρώπων
451 2460 574 2492 ἐπαίνοις
599 2461 646 2487 καὶ
662 2461 771 2495 κρότοις
790 2462 980 2497 φυσιούμενος,

188 2504 236 2531 καὶ
252 2505 297 2530 ἐπὶ
315 2505 382 2531 πολὺ
401 2506 433 2541 τῇ
444 2506 583 2541 κενοδοξία
598 2507 840 2541 μετεωριζόμενος,
850 2508 883 2535 δι’
896 2509 981 2542 αὐτῆς

187 2551 221 2585 τῇ
234 2550 318 2585 ἐχθρᾷ
334 2551 380 2577 τοῦ
393 2551 461 2577 Θεοῦ
477 2551 651 2588 ὑπερηφανίᾳ
665 2553 864 2588 προσεπέλασε,
891 2553 926 2580 δι’
947 2552 981 2590 ἧς

189 2597 362 2631 κακουργίαν
380 2605 409 2623 τε
425 2598 515 2623 πᾶσαν
542 2598 588 2624 καὶ
605 2599 696 2624 πᾶσαν
710 2597 864 2625 σκανδάλων
883 2599 980 2625 ὑπόθε-

189 2651 232 2668 σιν
250 2644 481 2677 μυσταγωγεῖται.
499 2643 581 2670 ’Ὅθεν
609 2644 739 2678 ἀδόκιμον
763 2643 846 2670 αὐτοῦ
862 2644 910 2680 τὴν
929 2646 980 2680 τῆς

189 2689 346 2724 ἱερουργίας
357 2690 576 2724 καταϐαλόμενος
592 2690 687 2726 ἀρχὴν,
706 2690 851 2717 ἀκόλουθον
871 2691 932 2726 ἔσχε
946 2694 979 2727 τῇ

187 2734 260 2771 ἀρχῇ
286 2736 315 2762 τὸ
342 2736 430 2768 τέλος.
449 2737 486 2763 Οὐ
506 2737 560 2773 γὰρ
583 2738 761 2773 παρῃτήσατο
774 2738 823 2773 τὴν
850 2737 889 2770 ὡς
906 2738 980 2774 παρὰ

225 2823 235 2839 ³
250 2822 259 2849 Ι
275 2823 338 2851 Cor.
354 2831 394 2857 ιιι⁷
412 2823 453 2851 18.

223 2910 261 2945 (ι)
273 2911 376 2945 Potius,
394 2918 423 2939 ut
438 2920 513 2940 more
526 2913 621 2948 loquar
634 2913 763 2949 Sripturm
775 2921 869 2942 sacrae.
884 2912 971 2941 "ARD.

1038 2325 1165 2352 damento
1177 2330 1203 2352 et
1217 2325 1377 2358 insolentiae,
1392 2334 1444 2353 non
1459 2326 1609 2353 secundum
1629 2326 1767 2353 Christum
1779 2326 1827 2353 do-

1037 2371 1131 2398 cti-inte
1157 2379 1204 2398 cor
1224 2379 1305 2399 suum
1338 2376 1509 2406 mentemque
1537 2371 1721 2405 conﬁrmans,
1748 2372 1826 2399 vanis

1037 2416 1177 2444 hominum
1198 2417 1324 2444 laudibus
1341 2422 1368 2444 et
1387 2417 1528 2452 plausibus
1549 2417 1668 2450 inflatus,
1683 2418 1825 2452 elatusque

1035 2461 1109 2488 inani
1137 2462 1235 2498 gloria,
1258 2471 1305 2498 per
1325 2463 1411 2498 ipsam
1437 2463 1554 2491 inimica:
1571 2463 1626 2491 Deo
1647 2464 1780 2499 superbiae
1795 2471 1825 2491 se

1034 2508 1177 2542 conjunxit
1207 2518 1214 2536 :
1242 2518 1275 2536 ex
1296 2518 1350 2544 quo
1371 2510 1461 2537 omnis
1481 2510 1627 2544 impietatis
1648 2511 1825 2544 omniumque

1034 2554 1214 2583 offensionum
1236 2557 1375 2583 materiem
1400 2557 1511 2584 edoctus
1528 2560 1580 2584 est.
1601 2556 1672 2592 Ergo
1684 2557 1764 2591 jactis
1780 2563 1825 2583 sa—

1033 2601 1147 2629 cardotii
1178 2603 1219 2629 sui
1250 2596 1438 2638 improbandis
1468 2602 1670 2636 fundamentis,
1699 2607 1822 2630 estrema

1034 2646 1119 2674 initiis
1135 2653 1317 2676 consentanea
1333 2650 1446 2677 sortitus
1463 2653 1514 2677 est.
1535 2648 1589 2677 Nec
1603 2649 1675 2676 enim
1694 2648 1821 2683 repudia-

1034 2693 1072 2719 vit
1097 2692 1245 2721 Ecclesiam
1258 2715 1266 2727 ,
1286 2699 1415 2729 tanquam
1434 2703 1448 2722 a
1469 2694 1591 2730 profanis
1616 2693 1820 2730 magistratibus

1033 2739 1147 2774 profane
1162 2745 1188 2767 et
1202 2740 1333 2776 sacrilege
1345 2741 1396 2769 sibi
1416 2742 1606 2769 deuiamlatam
1620 2748 1628 2774 ;
1645 2747 1731 2774 neque
1748 2739 1820 2766 velut
