2092 3156
246 224 295 256 5η

844 221 994 252 NICET/E
1008 221 1273 253 PAPHLAGONIS

1831 223 1887 256 512

241 280 321 308 alteri
341 280 402 308 viro
417 283 541 315 nuptam,
556 279 607 307 sibi
627 286 675 314 per
690 277 855 305 adulterium
872 278 1035 313 desponderi

1089 277 1231 312 κοσμικῶν
1247 278 1387 312 ἀρχόντων
1402 277 1532 312 ἀκόσμως
1546 277 1620 313 αὐτῷ
1636 278 1683 305 καὶ
1697 278 1824 314 ἀθέσμως
1839 281 1883 307 ὲν-

241 327 347 354 verilus
357 331 398 354 est
411 335 418 353 :
433 326 480 354 sed
492 329 588 354 contra
603 325 693 360 potius
709 324 937 357 exsultabundus,
955 325 1034 352 avide

243 375 469 410 impudenterque
490 374 516 400 in
536 373 609 400 illius
624 372 795 407 complexum
814 372 885 406 ruit,
906 373 1035 399 alienam-

243 429 296 454 que
316 425 447 454 tanquam
473 419 609 454 propriam
635 419 724 453 palam
749 419 905 453 arrogavit,
930 426 1035 453 suaque

242 466 354 493 infamia
374 470 400 492 et
418 465 549 492 dedecore
571 465 751 500 gloriabatur,
770 469 798 492 et
822 465 987 492 laudabatur
1005 465 1034 492 in

242 512 386 545 iniquitate
398 518 447 538 sua
462 519 468 543 ;
486 512 612 545 intraque
627 518 673 538 sex
690 519 744 538 non
761 511 878 546 amplius
888 511 957 542 dies,
975 518 1034 538 ma-

242 557 324 584 nibus
342 557 483 584 hominum
502 557 635 588 initiatus,
652 557 825 592 concupilam
844 557 972 585 Ecclesiae
990 564 1035 584 ca-

241 602 365 630 thedram
389 602 502 630 invasit.
528 602 646 636 Eratque
670 610 733 629 vere
754 610 882 634 cernere,
900 607 930 630 ut
949 602 1035 630 fertur

242 649 351 684 adagio,
363 648 576 683 extemporalem
589 648 781 683 lictitiumque,
795 655 842 676 seu
858 654 1034 684 personatum

241 700 378 722 sanctum.
393 693 460 721 Nam
480 695 568 729 primo
584 694 626 722 die
637 695 790 722 monachus
802 702 835 722 ex
853 695 933 727 laico,
949 696 1036 724 altero

242 741 338 773 lector,
351 745 407 768 tum
420 741 635 776 hypodiaconus,
650 748 682 768 ac
695 740 827 769 diaconus
840 746 864 767 cl
873 741 1014 777 presbyter
1027 752 1034 770 :

242 790 320 814 sexto
333 785 440 818 deinde,
453 786 498 820 qui
518 785 570 813 fuit
581 785 681 813 Christi
699 785 806 817 natalis,
817 791 844 813 et
855 786 913 820 ipse
926 794 1034 814 sacrum

241 831 430 859 conscendens
444 831 572 862 tribunal,
586 838 680 865 pacem
695 831 804 867 populo,
818 832 886 859 nihil
898 840 959 860 vera
970 840 1037 867 pace

241 875 354 910 dlgnum
376 875 510 910 cogitans,
531 875 678 903 nuntiavit.

1047 948 1072 978 B

277 1001 416 1030 Erathuic
429 1007 523 1032 auctor
534 1008 562 1032 et
576 1004 699 1032 initiator
712 1005 738 1032 in
749 1006 877 1034 omnibus
887 1007 1037 1043 Gregorius

242 1050 289 1078 ille
309 1057 488 1086 cognomento
501 1053 629 1087 Asbesta,
646 1061 727 1088 quem
745 1053 951 1088 Syracusanum
970 1054 1034 1082 olim

242 1097 396 1132 pontiﬁcem
423 1097 507 1125 fuisse
533 1099 634 1132 ferunt,
660 1102 719 1126 tum
746 1099 983 1135 Constantinopoli
1003 1099 1037 1128 de

243 1142 389 1170 maleﬁciis
405 1150 481 1170 reum
497 1143 609 1174 factum,
625 1147 652 1171 et
664 1143 719 1178 jam
736 1143 838 1176 Romae,
853 1143 926 1179 quod
940 1148 1036 1172 contra

242 1187 316 1224 leges
331 1193 359 1216 et
381 1189 538 1216 sanctiones
558 1189 760 1217 ecclesiasticas
782 1194 933 1225 peccasset,
953 1197 1038 1218 exau-

241 1239 391 1262 ctoratum.
407 1233 486 1262 llunc
499 1235 628 1270 lgnatius,
641 1243 702 1262 cum
716 1239 787 1263 esset
801 1235 954 1270 patriarcha
969 1243 1038 1262 con-

243 1279 406 1312 secrandus,
423 1287 456 1306 ne
474 1279 622 1307 initiationi
639 1287 695 1307 suae
713 1279 867 1312 interesset,
882 1280 1036 1314 admonuit,

242 1325 329 1353 donec
343 1333 391 1360 per
405 1325 492 1353 otium
506 1333 589 1353 causa
606 1325 691 1360 ipsius
703 1326 846 1360 diligenter
861 1334 1040 1362 cognoscere-

242 1374 299 1398 lur.
311 1371 388 1404 Quod
397 1371 559 1406 patriarcha:
567 1371 636 1398 inter
645 1371 721 1399 initia
732 1371 834 1399 factum
844 1372 930 1406 multi,
940 1380 1038 1408 quam-

242 1418 285 1447 vis
295 1417 369 1453 juste
383 1417 496 1451 factum,
512 1418 756 1453 reprehenderunt.

280 1549 362 1584 Hine,
381 1558 399 1579 o
414 1552 477 1587 quis
496 1558 529 1578 ex
544 1550 587 1579 his
603 1551 700 1586 paucis
717 1551 808 1579 verbis
825 1556 914 1579 ortam
933 1552 1038 1580 cladem

245 1595 320 1624 illam
335 1600 362 1624 et
377 1600 484 1623 noctem
502 1595 619 1630 explicet
637 1595 649 1622 ἰ
663 1597 725 1630 quis
741 1596 836 1624 turbas
853 1601 879 1624 et
894 1596 1037 1629 factiones,
1052 1621 1073 1651 Ο

245 1641 362 1676 litesque
378 1646 405 1668 et
419 1641 621 1676 improbitatem
640 1641 714 1669 illius
735 1642 813 1676 probi
837 1642 875 1678 (5)
895 1641 980 1670 Siculi
995 1642 1039 1669 di-

245 1689 333 1716 cendo
344 1693 505 1722 assequatur
519 1688 530 1714 'P
550 1687 636 1715 Simul
650 1695 682 1715 ac
695 1689 768 1715 enim
783 1689 842 1723 ejus
858 1689 895 1716 rei
911 1689 1037 1717 nuntium

245 1733 362 1767 accepit,
376 1740 430 1759 non
446 1740 476 1760 se
495 1733 687 1768 philosophum
707 1734 836 1766 ostendit,
852 1739 879 1762 et
896 1734 1037 1762 infamiam

245 1785 325 1806 suam
350 1778 498 1812 prudenter
514 1778 688 1814 dedecusque
713 1781 834 1807 contexit
849 1789 856 1814 ;
873 1781 919 1808 sed
945 1789 1040 1808 cert-os

246 1824 280 1851 de
298 1823 394 1858 lgnatii
412 1824 619 1852 consecratione
636 1830 762 1860 acceptos
776 1826 886 1861 abjecit,
900 1830 928 1854 et
949 1827 1039 1862 impu-

246 1870 408 1898 tlcntissitno
418 1877 466 1897 ore
480 1870 649 1898 innocentem
665 1879 758 1899 coram
776 1873 902 1901 universa
919 1873 1038 1901 Ecclesia

247 1916 397 1944 ftedissime
410 1907 592 1949 conviciatus,
608 1917 702 1952 lupum
721 1926 769 1952 pro
783 1923 892 1954 pastore
907 1920 1039 1947 substitui

246 1963 351 1990 furiose
367 1963 526 1991 clamitavit.
545 1963 630 1997 Quem
647 1969 675 1991 et
693 1964 788 1992 Petrus
810 1965 921 2000 quidam
938 1966 1040 1994 Sardo-

247 2017 308 2036 rum
331 2009 475 2044 episcopus
503 2014 685 2045 cognomento
705 2009 803 2044 Miser,
829 2015 856 2039 et
880 2012 1039 2047 Eulampius

246 2055 384 2091 Apameae,
401 2056 502 2091 aliique
517 2063 532 2083 e
543 2056 617 2083 clero
630 2057 805 2085 obscuriores
822 2056 1038 2094 [insigniores],

247 2102 353 2136 seipsos
370 2101 405 2129 ab
430 2101 552 2129 Ecclesia
569 2102 628 2129 sine
646 2109 729 2130 causa
746 2103 932 2138 sejungentes,
953 2104 1039 2131 secuti

248 2151 325 2175 sunt.

284 2194 416 2222 Undecim
446 2195 528 2230 igitur
552 2195 639 2229 ipsius
652 2195 731 2223 annis
751 2195 872 2231 lgnatius
892 2204 907 2224 a
933 2202 1039 2232 recepta

251 2240 369 2275 primum
397 2242 461 2268 sede
482 2240 802 2276 Constantinopolitana,
829 2243 904 2270 omni
935 2243 1041 2271 ratione

251 2291 375 2317 conatus,
393 2287 522 2322 omnique
539 2287 682 2314 verborum
700 2288 870 2316 humanitate
884 2293 911 2316 et
922 2289 1042 2317 liberali-

251 2335 305 2358 tate
316 2331 448 2364 atlhibita,
462 2339 600 2366 nunquam
611 2337 700 2359 tamen
710 2333 797 2367 potuit
806 2333 928 2362 Asbestae
940 2334 1044 2370 impro-

252 2377 363 2404 bitatcm
386 2377 570 2413 exstinguere.
598 2377 706 2405 Etenim
735 2379 920 2413 potentiorum
949 2381 1044 2409 limina

251 2424 367 2456 terebat,
395 2425 466 2460 apud
483 2432 578 2452 omnes
593 2425 681 2452 virum
702 2426 804 2454 nullam
819 2427 855 2454 ob
868 2427 974 2463 culpam
988 2429 1044 2456 cri-

252 2469 420 2503 minabatur,
445 2474 473 2498 et
498 2471 596 2499 acerbe
623 2472 756 2499 conviciis
782 2472 987 2507 proscindebat,
1016 2478 1044 2501 et

252 2521 375 2544 salictum
396 2521 564 2550 exsecratus,
591 2525 625 2545 ne
641 2517 789 2546 Christiani
809 2519 919 2554 quidem
942 2527 1044 2555 cogno-

252 2563 326 2590 mine
339 2563 512 2598 dignabatur.
528 2563 684 2591 Prtesertim
703 2571 768 2592 vero
781 2564 878 2593 Photio
888 2565 1044 2594 Photianis-

252 2617 306 2645 qtte
319 2610 492 2645 gratissimus
503 2610 796 2646 honoratissimusque,
809 2619 924 2647 magnus
932 2612 1043 2647 quidam

253 2656 335 2684 homo
349 2655 395 2684 Dei
407 2655 577 2684 credebatur.
595 2655 686 2689 Quare
703 2656 737 2683 ab
750 2657 844 2684 eodem
861 2658 974 2686 Photius
988 2659 1041 2694 pri-

253 2710 328 2730 ntum
343 2708 384 2730 est
395 2702 532 2737 initiatus;
546 2703 721 2739 quihominis
733 2705 894 2732 auctoritate
904 2705 1044 2739 inductus,

254 2752 341 2776 totum
353 2757 386 2777 ex
402 2749 449 2777 illo
465 2751 599 2778 adversus
613 2750 748 2778 insontem
771 2751 901 2785 lgnatium
923 2751 1044 2778 furerent

254 2792 361 2821 hausit:
373 2795 484 2828 perinde
499 2796 577 2830 quasi
589 2795 622 2822 ad
634 2796 683 2823 hoc
698 2795 786 2830 ipsum
804 2796 958 2830 patriarcha
974 2801 1046 2825 esset

255 2843 442 2872 consecratus,
457 2844 487 2867 ut
503 2841 633 2868 omnibus
657 2840 781 2869 consiliis
794 2841 939 2876 modisque
955 2843 1045 2870 omni-

292 2926 332 2962 (5)
347 2925 399 2955 Pro
415 2928 544 2963 improbi:
561 2930 602 2959 vel
617 2930 720 2958 dictum
737 2939 784 2966 per
800 2930 928 2965 ironiam,
944 2930 1019 2958 llann

1084 324 1226 360 διδομένην
1245 324 1418 359 Ἐκκλησίαν,
1432 324 1486 351 οὐδ’
1498 324 1535 356 ὡς
1551 324 1636 360 ἑτέρῳ
1654 325 1730 360 ἀνδρὶ
1746 326 1884 362 καθηρμο-

1087 372 1192 407 σμένην
1212 371 1344 406 μοιχικῶς
1369 370 1460 406 ἑαυτῷ
1486 372 1691 405 κατεγγυᾶσθαι
1723 372 1882 408 ηὐλαϐήθη·

1085 417 1241 444 τούναντίον
1262 417 1310 451 μὲν
1324 414 1371 443 οὖν
1391 416 1438 442 καὶ
1455 416 1613 451 περιχαρῶς
1624 437 1631 449 ,
1651 417 1667 452 ἢ
1684 417 1801 450 ἀναιδῶς
1818 418 1880 452 μᾶλ-

1085 463 1142 496 λον,
1159 463 1361 498 κατησπάζετο,
1374 462 1422 489 καὶ
1438 462 1475 494 ὡς
1493 462 1560 495 ἰδίας
1572 463 1621 498 τῆς
1636 463 1778 499 ἀλλοτρίας
1793 464 1885 498 σαφῶς

1086 508 1266 541 ἀντεποιεῖτο,
1280 508 1327 534 καὶ
1339 508 1367 534 ἐν
1378 508 1411 542 τῇ
1430 507 1546 543 αἰσχύνῃ
1567 507 1650 534 αὑτοῦ
1670 508 1786 544 ἐγαυρία
1809 509 1886 541 δοξα-

1086 554 1211 590 ζόμενος,
1225 555 1272 581 καὶ
1285 555 1313 581 ἐν
1327 555 1361 590 τῇ
1374 553 1465 589 ἀδικίᾳ
1481 553 1564 580 αὐτοῦ
1590 554 1770 589 ἐνευλογεῖτο,
1788 556 1835 583 καὶ
1857 557 1886 583 ἐν

1086 601 1117 634 ἐξ
1137 603 1196 634 ταῖς
1210 602 1286 633 ὅλαις
1297 601 1416 636 ἡμέραις
1436 601 1530 636 χερσὶν
1554 601 1707 637 ἀνθρώπων
1728 603 1885 638 τελειοὺμε-

1086 655 1141 679 νος,
1157 646 1208 680 τῆς
1218 644 1439 681 ἐπιθυμουμένης
1452 644 1658 680 ἐπελαμϐάνετο
1671 645 1805 681 καθέδρας
1815 654 1822 662 ·
1837 640 1885 672 καὶ

1086 690 1120 727 ἦν
1128 691 1235 726 ἀληθῶς
1242 693 1344 719 ἐκεῖνον
1352 693 1419 729 ὁρᾷν
1430 693 1499 728 αὑθή
1504 701 1537 728 με
1541 701 1586 727 ρον
1599 692 1675 726 ἅγιον
1687 692 1883 726 πλαττόμενον,

1087 738 1158 765 κατὰ
1169 739 1216 774 τὴν
1230 739 1390 774 παροιμίαν.
1403 738 1502 774 Πρώτῃ
1517 739 1572 774 γὰρ
1583 738 1676 774 ἡμέρᾳ
1689 737 1805 773 μοναχδς
1824 739 1885 765 ἀντὶ

1087 783 1192 817 λαῖκοῦ,
1203 785 1236 820 τῇ
1248 785 1361 820 δευτέρᾳ
1369 785 1398 812 δὲ
1409 785 1595 819 ἀναγνώστης,
1607 784 1655 811 καὶ
1667 784 1841 815 ὐποδιάκονος
1851 785 1884 819 τῇ

1087 830 1162 864 ἑξῆς,
1175 828 1236 858 εἶτα
1249 830 1384 864 διάκονος,
1399 829 1459 858 εἶτα
1470 831 1663 866 πρεσσύτερος·
1673 830 1768 857 ἔπειτα
1776 832 1808 866 τῇ
1818 831 1885 866 ἕκτῃ

1088 875 1218 912 (Χριστοῦ
1238 877 1266 903 δὲ
1283 874 1318 912 ἦν
1333 877 1367 904 τὰ
1380 876 1516 912 γενέθλια)
1532 877 1580 904 καὶ
1593 877 1674 909 αὐτὸς
1698 877 1737 912 τῷ
1754 877 1885 913 ἰερατικῷ

1088 923 1213 959 προσϐὰς
1235 924 1342 960 θρόνῳ,
1365 924 1414 959 τὴν
1431 924 1543 960 εἰρήνην
1569 923 1607 960 τῷ
1632 923 1689 958 λαῷ
1702 924 1886 960 προσεφώνει,

1089 971 1172 1006 μηδὲν
1187 970 1236 1005 τῆς
1250 970 1380 1005 ἀληθινῆς
1397 971 1509 1006 εἰρήνης
1519 970 1594 1003 ἄξιον
1609 971 1784 1006 ἐννοούμενος

1122 1013 1177 1043 Ἦν
1190 1015 1219 1043 δὲ
1233 1015 1307 1051 αὺτῷ
1319 1015 1476 1051 καθηγητὴς
1492 1017 1539 1042 καὶ
1550 1017 1736 1052 ῑεροτελεστὴς
1750 1017 1784 1044 τὰ
1796 1017 1884 1044 πάντα

1088 1060 1241 1096 Γρηγόριος
1256 1060 1360 1091 ἐκεῖνος
1374 1060 1388 1087 ὁ
1399 1059 1567 1095 καλούμενος
1589 1061 1749 1094 Ἀσϐεστᾶς,
1775 1062 1804 1088 ὃν
1819 1071 1884 1089 ποτε

1085 1106 1134 1133 καὶ
1145 1105 1322 1141 Συρακούσης
1335 1104 1386 1140 μὲν
1402 1105 1554 1132 ἐπίσκοπον
1568 1105 1673 1140 ἔφασαν
1690 1106 1828 1141 γενέσθαι,
1840 1108 1884 1133 ἐπ’

1087 1152 1242 1187 ἐγκλήμασι
1252 1151 1281 1177 δέ
1294 1159 1366 1178 τισιν
1378 1151 1417 1182 εἰς
1430 1151 1461 1177 τὺ
1471 1151 1619 1183 Βυζάντιον
1632 1152 1884 1188 κατηγορούμενον,

1087 1197 1138 1233 ἤδη
1164 1197 1192 1224 δὲ
1209 1197 1256 1224 καὶ
1276 1197 1329 1224 ὑπὸ
1353 1197 1403 1232 τῆς
1417 1197 1471 1224 τῶν
1489 1198 1633 1234 Ῥωμαίων
1656 1199 1822 1235 Ἐκκλησίας
1847 1200 1886 1232 ὡς

1088 1243 1165 1279 παρὰ
1196 1243 1313 1276 κανόνας
1339 1243 1492 1278 πράξαντα,
1523 1244 1726 1282 καθῃρημένον.
1756 1246 1891 1280 Ἰγνάτιος,

1088 1289 1150 1325 ἄρτι
1176 1289 1284 1325 πρῶτον
1316 1289 1527 1324 χειροτονεῖσθαι
1555 1290 1671 1325 μέλλων,
1694 1291 1731 1327 μὴ
1757 1293 1885 1327 παρεῖναι

1088 1334 1182 1362 τοῦτον
1198 1336 1231 1371 τῇ
1254 1335 1408 1370 χειροτονίᾳ
1432 1335 1614 1370 διεπέμψατο,
1629 1336 1709 1373 ἄχρις
1721 1333 1752 1364 οὗ
1767 1338 1802 1365 τὰ
1825 1337 1885 1365 κατ’

1089 1381 1182 1414 αὑτὸν,
1200 1380 1294 1416 φησὶν,
1319 1380 1367 1406 ἐπὶ
1387 1381 1486 1416 σχολῆς
1501 1381 1698 1417 ἀκριϐέστερον
1718 1382 1884 1417 διαγνωσθῇ.

1089 1426 1175 1454 Τοῦτο
1188 1428 1202 1454 ό
1216 1427 1391 1462 πατριάρχης
1414 1427 1443 1453 ἐν
1463 1427 1593 1462 πρώτοις,
1609 1428 1640 1454 οὐ
1657 1429 1746 1461 καλῶς
1764 1429 1825 1464 μὲν,
1849 1428 1887 1461 ὥς

1089 1482 1122 1508 γε
1135 1473 1231 1500 δοκοῦν
1246 1474 1303 1505 τοῖς
1318 1473 1435 1506 πολλοῖς,
1452 1474 1577 1509 πέπραχε
1600 1474 1623 1501 δ’
1639 1473 1686 1502 οὖν
1705 1475 1781 1510 ὅμως
1803 1476 1832 1502 ἐν
1846 1475 1890 1502 δι-

1090 1519 1233 1554 καιοσὺνῃ.

1133 1564 1284 1598 Ἐντεῦθεν,
1296 1564 1319 1591 ὢ
1331 1565 1372 1597 τίς
1389 1565 1422 1592 ἂν
1434 1564 1538 1597 ἐξείποι
1559 1565 1608 1600 τὴν
1629 1565 1752 1601 ταραχὴν
1767 1566 1816 1593 καὶ
1836 1566 1889 1601 τὴν

1092 1610 1291 1645 σκοτόμαιναν;
1306 1610 1348 1642 τίς
1367 1610 1417 1646 τὴν
1428 1611 1482 1637 ἀπὸ
1498 1611 1544 1637 τοῦ
1560 1611 1660 1647 μικροῦ
1674 1612 1796 1647 ῥήματος
1813 1612 1889 1646 φιλο.-

1089 1654 1204 1686 νεικίαν.
1221 1655 1269 1681 καὶ
1284 1654 1352 1691 έριν,
1370 1655 1418 1682 καὶ
1437 1655 1620 1690 μνησικακίαν
1637 1655 1684 1682 τοῦ
1711 1654 1798 1682 δεινοῦ
1815 1655 1888 1682 ὲκεί-

1088 1709 1135 1727 νου
1161 1699 1272 1727 Σικελοῦ
1298 1701 1498 1737 παραστήσαι;
1513 1700 1600 1732 Εὐθὺς
1618 1701 1674 1736 γὰρ
1694 1700 1825 1732 ἀκούσας,
1838 1700 1891 1727 οὐκ

1089 1746 1271 1782 ἐφιλοσόφησε
1297 1746 1366 1781 πρὸς
1393 1747 1444 1782 τὴν
1471 1746 1612 1781 ἀγγελίαν,
1645 1747 1676 1774 οὺ
1704 1747 1753 1782 τὴν
1772 1746 1839 1774 ἰδίαν
1851 1746 1888 1779 ὡς

1089 1794 1221 1828 φρόνιμος
1234 1792 1420 1827 συνεκάλυψεν
1431 1792 1576 1828 αἰσχύνην,
1592 1793 1655 1824 τοὺς
1674 1793 1720 1819 ἐπὶ
1737 1791 1890 1828 χειροτονίᾳ

1088 1838 1116 1865 δὲ
1131 1840 1234 1875 κηροὺς
1244 1839 1298 1866 τῶν
1313 1840 1395 1866 αὑτοῦ
1412 1839 1510 1875 χειρῶν
1518 1839 1689 1875 ἀπορρίψας,
1700 1840 1747 1866 καὶ
1761 1847 1890 1865 καταναι-

1089 1884 1264 1919 δευσάμενος,
1283 1885 1375 1919 πάσης
1389 1885 1505 1911 ἐνώπιον
1526 1886 1577 1921 τῆς
1600 1885 1748 1919 ἐκκλησίας
1767 1884 1889 1919 ἐσχάτως

1089 1930 1276 1966 διελοιδορεϊτο
1291 1931 1337 1958 τὸν
1353 1931 1485 1963 ἀναίτιον,
1501 1932 1548 1958 καὶ
1572 1931 1655 1958 λύκον
1680 1931 1741 1958 ἀντὶ
1759 1931 1889 1964 ποιμένος

1090 1975 1241 2003 ἐπεισιέναι
1269 1977 1302 2012 τῇ
1337 1977 1472 2014 ἐκκλησίᾳ
1489 1977 1629 2013 μανιωδῶς
1654 1977 1850 2013 διισχυρίζετο·
1867 1972 1890 2010 ᾧ

1091 2021 1137 2048 καὶ
1163 2022 1267 2057 Πέτρος
1284 2022 1298 2049 ὸ
1327 2023 1463 2058 Σαρδέων,
1479 2024 1493 2050 ό
1507 2023 1654 2059 λεγόμενος
1673 2024 1804 2056 Δείλαιος,
1821 2023 1890 2058 πρὸς

1090 2066 1119 2093 δὲ
1132 2067 1179 2093 καὶ
1194 2068 1208 2093 ὁ
1225 2067 1377 2102 Ἀπαμείας
1394 2068 1562 2103 Εὑλάμπιος,
1592 2069 1640 2096 καὶ
1657 2068 1732 2095 ἄλλοι
1744 2069 1816 2100 τινὲς
1836 2067 1890 2094 τῶν

1092 2113 1273 2150 ἀσημοτέρων
1289 2113 1348 2149 [ἀν.
1368 2114 1572 2150 εὐσημοτέρων]
1596 2114 1704 2141 εἵποντο
1738 2113 1888 2149 κληρικῶν,

1091 2159 1194 2192 ἀλόγως
1208 2159 1256 2194 τῆς
1277 2159 1441 2194 Ἐκκλησίας
1455 2159 1706 2195 ἀπορῤηγνύμενοι.

1133 2205 1178 2233 Ἐν
1190 2206 1260 2237 ὅλοις
1269 2206 1317 2241 μὲν
1327 2205 1372 2232 οὖν
1386 2206 1483 2232 ἕνδεκα
1494 2206 1602 2241 χρόνοις
1613 2205 1665 2240 τῆς
1678 2206 1791 2242 πρώτης
1803 2206 1888 2233 αὐτοῦ

1091 2253 1234 2288 ἱεραρχίας
1247 2253 1261 2279 ό
1275 2251 1403 2286 Ἰγνάτιος
1417 2251 1655 2287 ἀποπειρώμενος,
1671 2253 1718 2279 καὶ
1733 2253 1823 2280 πᾶσαν
1838 2253 1889 2289 μὲν

1060 2288 1082 2316 Ῑ)
1096 2299 1196 2332 λόγων,
1211 2299 1300 2325 πᾶσαν
1314 2297 1342 2324 δὲ
1357 2297 1467 2332 δωρεῶν
1494 2298 1703 2334 προτεινόμενος
1721 2288 1889 2335 φιλοτιμίαν,

1092 2344 1142 2378 οὐχ
1157 2341 1214 2374 οἷός
1228 2351 1259 2369 τε
1277 2343 1398 2377 ἐγεγόνει
1409 2343 1458 2379 τὴν
1469 2344 1517 2370 τοῦ
1538 2345 1673 2373 Ἀσδεστᾶ
1685 2346 1787 2372 κακίαν
1809 2355 1890 2373 κατα-

1094 2389 1200 2416 σϐέσαι.
1214 2389 1345 2424 Διήρχετο
1371 2389 1461 2421 πάσας
1471 2390 1560 2423 οἰκίας
1573 2391 1627 2418 τῶν
1639 2391 1789 2424 δυναστῶν,
1801 2391 1890 2426 μάτην

1093 2434 1344 2470 διαλοιδορούμενος
1371 2436 1420 2462 καὶ
1442 2436 1579 2472 διασύρων
1607 2437 1726 2472 πικρῶς,
1755 2437 1803 2464 καὶ
1821 2438 1890 2473 μηδὲ

1092 2481 1256 2517 Χριστιανὸν
1268 2481 1412 2517 ὀνομάζειν
1423 2481 1468 2508 τὸν
1484 2482 1561 2517 ἅγιον
1575 2483 1589 2509 ό
1599 2483 1699 2518 ἐναγὴς
1723 2482 1818 2515 ἀξιῶν,
1836 2482 1890 2518 μᾶ-

1095 2527 1175 2554 λιστα
1194 2527 1222 2553 δὲ
1233 2527 1344 2555 πάντων
1356 2528 1432 2564 παρά
1447 2529 1541 2564 Φωτίῳ
1554 2530 1600 2556 καὶ
1616 2531 1673 2560 τοῖς
1688 2529 1771 2556 αὑτοῦ
1789 2538 1891 2565 συγγε-

1095 2573 1153 2600 νέσι
1169 2573 1334 2609 τιμώμενος.
1353 2575 1439 2609 μέγας
1450 2584 1492 2607 τις
1511 2575 1654 2610 ἄνθρωπος
1671 2576 1718 2603 τοῦ
1739 2576 1808 2603 Θεοῦ
1823 2585 1891 2612 χρη-

1097 2618 1223 2654 ματίζειν
1253 2619 1429 2647 ὲπιστεύετο’
1452 2621 1513 2648 ὃθεν
1527 2622 1574 2648 καὶ
1604 2622 1668 2658 παρ’
1683 2622 1765 2649 αὐτοῦ
1783 2623 1892 2659 πρώτου

1095 2664 1294 2700 χειροτονηθεὶς
1309 2665 1324 2690 ό
1341 2664 1454 2697 Φώτιος,
1480 2666 1512 2692 ἐκ
1536 2666 1586 2701 τῆς
1609 2668 1649 2699 εἰς
1666 2667 1748 2695 αὑτὸν
1773 2668 1891 2700 πίστεως

1097 2709 1162 2744 ὅλην
1176 2709 1223 2736 τοῦ
1247 2709 1342 2746 ἀνδρὸς
1355 2711 1424 2737 κατά
1442 2711 1489 2738 τοῦ
1506 2712 1629 2739 ἀναιτίου
1647 2713 1748 2748 μανίαν
1769 2713 1890 2740 ἐπεσπά-

1100 2763 1175 2781 σατο.
1190 2755 1246 2782 Καὶ
1258 2755 1352 2791 ὥσπερ
1366 2757 1405 2788 εἰς
1420 2756 1486 2783 αὐτὸ
1499 2756 1578 2784 τοῦτο
1592 2758 1766 2794 πατριάρχης
1780 2752 1900 2793 προχει-Δ

1100 2800 1213 2836 ρισθεὶς,
1239 2801 1282 2828 ἵνα
1307 2802 1407 2834 πάσαις
1429 2803 1572 2835 ἐπινοίαις,
1601 2804 1712 2839 τρόποις
1740 2805 1817 2837 πᾶσι,
1845 2804 1901 2830 τδψ

1099 2845 1188 2874 ἀθῶον
1202 2847 1404 2884 τιμωρήσηται,
1420 2847 1507 2881 οὓτως
1525 2849 1681 2885 ἠγωνίζετο,
1697 2851 1728 2878 οὺ
1746 2851 1795 2886 τῆς
1812 2851 1890 2886 ἰερω-
