2092 3156
226 104 280 137 513

750 99 837 130 VITA
855 99 885 129 S.
906 99 1055 130 IGNATII
1076 99 1130 131 (ΣΡ.
1149 99 1326 130 ARCHIEP.

1799 102 1851 135 5H

227 161 310 194 σύνης
326 159 417 194 μόνον,
442 157 512 185 ἀλλὰ
536 157 583 184 καὶ
597 156 682 192 αὐτῆς
697 156 778 183 αὐτὸν
798 155 974 189 ἀπαλλάξειν,
991 157 1015 183 el

1069 157 1117 185 bus
1131 156 1271 184 innoxium
1283 157 1335 184 iret
1347 155 1493 190 perditum,
1521 155 1560 184 sic
1576 156 1723 192 pugnabat,
1736 162 1766 186 ut
1778 158 1855 187 illum

224 206 348 238 δυνατὸν,
363 205 414 240 τῆς
427 204 500 239 ζωῆς
510 211 517 219 ⁵
534 203 623 230 καίτοι
636 211 667 238 γε
680 202 849 238 χειρόγραφα
875 202 950 237 παρὰ
961 202 1016 229 τῶν

226 251 449 286 καταδεχομένων
461 250 541 277 αὑτὸν
554 249 688 285 πρότερον
703 250 866 284 ἀπαιτηθεὶς
882 256 1018 283 μητροπο-

225 298 396 331 λιτῶν,ὥστε
411 296 547 332 πατρικὴν
557 296 706 330 ἀπονέμειν
727 295 766 331 τῷ
786 294 910 330 Ἰγνατίῳ
922 296 1015 329 τιμὴν,

226 345 273 372 καὶ
287 344 377 370 πάντα
391 342 462 370 κατὰ
475 341 602 377 βούλησιν
616 340 700 367 αὑτοῦ
720 340 796 376 δρᾷν,
814 340 862 367 καὶ
876 340 904 366 ὲν
922 338 1017 374 μηδενὶ

226 389 320 416 τοῦτον
334 388 514 423 παραλυπεῖν.
543 385 628 413 οὔπω
643 385 672 412 δὲ
692 386 761 420 μετὰ
784 385 833 418 τὴν
850 384 1017 420 χειροτονίαν

225 435 272 461 δύο
288 434 371 468 μῆνες
394 431 546 467 παρῆλθον,
567 432 614 458 καὶ
638 431 719 462 αὐτὸς
736 431 798 462 τοὺς
807 430 905 464 ὅρκους
920 429 1018 465 ἡθετη-

226 480 292 513 κὼς,
303 479 409 515 πρῶτον
420 479 469 514 μὲν
476 478 540 509 τοὺς
550 478 597 504 ἐπὶ
607 477 656 512 τῆς
667 476 815 512 ἐκκλησίας
823 476 1015 509 τεταγμένους,

225 527 303 557 ὅσους
318 525 500 560 οἰκειοτέρους
517 523 631 559 εὕρισκε
649 523 695 550 τοῦ
724 522 904 557 πατριάρχου,
931 529 1016 547 κατα-

226 572 333 603 κλείων,
350 571 395 597 καὶ
410 570 550 605 αἰκισμοῖς
565 569 662 604 βιαίοις
675 568 723 595 καὶ
736 568 846 603 μᾶστιξι
860 567 1017 598 καταικιζόι

227 626 306 653 μενος
317 626 325 633 ”
340 617 388 644 καὶ
402 616 560 643 κολακεύων
575 615 604 642 δὲ
617 614 709 646 πάλιν,
722 615 768 641 καὶ
781 614 855 649 δῶρα
867 614 1015 649 προτείνων

225 664 272 690 καὶ
287 662 440 698 προκοπὰς,
454 662 500 688 καὶ
517 661 686 697 χειρόγραφα
707 660 840 691 ἀπαιτῶν,
857 660 904 686 καὶ⁸
922 660 988 686 πᾶσι
1000 659 1017 676 ⁸⁸

223 709 294 736 ὥστε
319 709 437 744 πέμψαι,
453 708 500 734 καὶ
515 707 628 743 ἔρευναν
642 707 743 742 ἀκριϐῆ
765 705 928 741 ποιήσασθαι
948 705 1017 732 κατὰ

223 755 271 782 τοῦ
284 755 432 789 ζῐγνατίου,
448 754 484 785 ὡς
501 753 583 781 αὑτοῦ
600 753 687 788 λάθρα
707 752 866 788 τυρεύοντος
883 751 953 778 κατὰ
967 751 1017 786 τῆς

224 802 371 837 βασιλείας.
392 801 481 832 Εὐθὺς
495 800 543 827 οὖν
555 801 683 835 ἄρχοντες
699 800 814 834 ἀπηνεῖς
829 798 877 825 καὶ
890 798 1017 833 στρατιῶ-

223 857 269 875 ται
282 848 393 883 θρασεῖς
407 847 456 882 τὴν
469 846 630 882 Τερέϐινθον
643 845 853 877 καταλαϐόντες,
869 845 916 872 καὶ
927 844 1017 871 πᾶσαν
1032 839 1053 867 Β

224 893 388 928 ποιήσαντες
411 892 546 924 ἐξέτασιν,
564 891 611 918 καὶ
637 892 729 917 πᾶσαν
750 890 877 925 βάσανον,
893 891 955 921 τοὺς
969 890 1016 916 ὑπ’

224 940 327 966 ἐκεῖνον
352 938 513 973 ἀνθρώπους
543 937 748 972 βασανίσαντες,
778 936 872 971 ἐπειδὴ
894 936 1017 968 ἐξέλιπον

223 984 420 1019 ἐξερευνῶντες
435 983 635 1018 ὲξερευνήσεις,
662 982 708 1008 καὶ
725 981 819 1008 λοιπὸν
833 982 910 1008 οὐδὲν
935 980 1017 1016 εἶχον,

222 1029 295 1056 ὥστε
324 1029 437 1060 δικαίως
463 1028 693 1063 τιμωρήσασθαι,
726 1029 760 1063 τῇ
789 1027 883 1063 ἀδικίᾳ.
909 1027 1019 1063 καθαρᾷ

224 1073 355 1108 χρῶνται.
371 1072 507 1104 Λαϐόντες
518 1072 571 1107 γὰρ
584 1072 629 1098 τὸν
643 1072 714 1107 ἱερὸν
725 1072 809 1107 ἄνδρα
822 1072 891 1107 μετὰ
905 1073 959 1099 τῶν
970 1072 1018 1100 σὺν

225 1117 311 1151 αὐτῷ,
327 1117 454 1152 καὶπρὸς
472 1117 521 1152 τὴν
532 1117 683 1152 λεγομένην
704 1116 818 1153 Ὶέρειαν
836 1118 1017 1153 περάσαντες,

225 1163 334 1198 δέσμιον
349 1162 444 1189 τοῦτον
458 1163 497 1194 είς
510 1162 629 1198 μάνδραν
641 1163 727 1196 αἰγῶν
737 1163 914 1190 κατέκλεισαν
926 1174 932 1180 ι
946 1164 1018 1191 ἐκεῖ·

227 1209 272 1235 ὒὲν
286 1216 315 1234 τε
327 1207 395 1242 πρὸς
409 1207 442 1233 τὰ
458 1208 603 1243 Προμήτου
616 1207 752 1243 λεγόμενα
763 1208 940 1244 διαπερῶσιν,
951 1209 1017 1235 ὅπου

225 1254 258 1288 δὴ
286 1255 361 1281 Λέων
387 1255 489 1285 ἐκεῖνος
505 1255 518 1280 ὁ
544 1254 677 1280 Λαλάκων
706 1254 942 1290 ἐπονομαζόμενος
963 1254 1019 1281 τῶν

226 1298 378 1333 Νουμέριον
402 1298 561 1333 δομέστικος
584 1297 632 1330 ὣν,
652 1298 699 1325 ἐπὶ
715 1299 843 1324 τοσοῦτον
857 1298 939 1325 αὺτοῦ
963 1299 1019 1330 τοῖς

227 1344 383 1378 ραπίσμασι
406 1343 541 1378 κατέκοψε
560 1343 609 1376 τὰς
638 1345 777 1378 σιαγόνας,
809 1344 847 1376 ὡς
871 1343 917 1370 δύο
933 1344 1019 1379 μύλας

223 1390 286 1416 ,ἐκεῖ
296 1388 344 1415 τοῦ
360 1389 506 1423 ίερωτάτου
518 1389 548 1423 γέ
553 1397 645 1423 ροντος
659 1390 786 1416 ἐκπεσεῖν
797 1397 803 1405 ·
823 1386 882 1415 εἶτα
901 1389 948 1416 δύο
969 1397 1018 1423 μο-

227 1436 299 1472 χλοῖς
313 1436 443 1471 σιδηροῖς,
460 1436 630 1471 ἀνδροφόνων
641 1437 752 1471 τρόπον,
767 1437 829 1467 τοὺς
840 1436 922 1463 αὑτοῦ
937 1435 1019 1468 πόδας

227 1481 508 1516 κατασφαλισάμενοι,
521 1482 567 1507 καὶ
577 1482 663 1516 μικρᾷ
676 1482 781 1517 φρουρᾷ
794 1480 1019 1511 κατακλείσαντες

226 1527 361 1562 ἀπῄεσαν,
372 1527 418 1553 δύο
427 1527 524 1558 παῖδας
538 1527 585 1553 καὶ
598 1527 677 1561 μόνον
694 1527 762 1562 πρὸς
776 1526 927 1561 ὑπηρεσίαν
942 1524 1016 1560 αὺτῷ

225 1573 432 1604 καταλιπόντες.
448 1573 529 1604 Ὄλος
545 1573 574 1600 δὲ
589 1574 681 1605 αὺτοῖς
699 1574 713 1600 ὁ
731 1572 805 1607 ἀγὼν
819 1573 866 1599 καὶ
879 1573 895 1608 ὴ
913 1571 1018 1604 ἔπειξις

226 1618 272 1656 ἦν,
285 1620 355 1647 ὣστε
367 1620 488 1647 λίϐελλον
503 1621 594 1653 αὐτοῖς
609 1621 748 1656 ἀποταγῆς
762 1621 865 1653 δοῦναι,
881 1620 928 1647 καὶ
941 1621 1019 1647 ἐκου-

228 1667 293 1697 σὶως
308 1665 355 1692 τοῦ
372 1666 467 1701 θρόνου
486 1668 671 1702 παραχωρεῖν.
696 1667 724 1694 ’0
737 1667 766 1694 δὲ
781 1667 827 1694 τὸν
840 1667 921 1694 λύκον
946 1667 1019 1695 κατὰ

226 1712 276 1747 τῆς
309 1711 428 1747 ποίμνης
456 1712 548 1744 δεινῶς
578 1713 800 1748 ὲπεισφρήσαντα
840 1713 1017 1748 θεασάμενος,

227 1759 289 1785 ὅσον
298 1757 332 1794 ἦν
343 1760 385 1785 ἐπ’
404 1759 490 1794 αὐτῷ,
509 1759 559 1794 τὴν
574 1760 668 1794 ἔφοδον
681 1759 812 1796 ἐξεῖργεν.
844 1760 970 1796 Ἡμερῶν
990 1760 1018 1787 δὲ

227 1805 421 1841 παρελθουσῶν
434 1806 542 1839 ὀλίγων,
558 1806 598 1838 είς
614 1806 649 1833 τὰ
670 1806 801 1842 Νούμερα
823 1806 917 1834 τοῦτον
931 1807 1018 1842 περά-

228 1860 336 1885 σαντες,
354 1852 556 1887 σιδηροδέσμιον
577 1852 763 1885 ὲγκλείουσιν·
791 1849 851 1880 εἶτα
863 1852 1019 1886 Αὔγουστος

228 1897 352 1924 ἐνίστατο
361 1896 425 1932 μὴν,
438 1897 485 1924 καὶ
501 1898 540 1929 είς
554 1897 645 1924 πλοῖον
665 1897 747 1925 αὑτὸν
769 1897 933 1933 ἐμϐαλόντες
945 1918 953 1930 ,
979 1899 1020 1930 είς

227 1943 385 1979 Μιτυλήνην
400 1943 560 1979 ἐξορίζουσι.
574 1944 680 1976 Πάντας
691 1944 719 1971 δὲ
732 1945 795 1976 τοὺς
806 1945 1020 1980 ὑπονοουμένους

228 1989 346 2022 οἰκείους
375 1988 444 2017 εἶναι
465 1991 512 2017 καὶ
529 1990 622 2025 φίλους
636 1991 731 2025 αὑτοῦ,
759 1990 806 2023 οὓς
833 1991 883 2026 μὲν
907 1992 1020 2028 δαρμοϊς

228 2037 378 2072 ἀφορήτοις
391 2037 438 2064 καὶ
450 2036 648 2073 θανατηφόροις
659 2037 817 2072 παρεδίδουν
829 2037 945 2072 πληγαῖς
954 2046 961 2053 ·
974 2036 1021 2069 οὒς

228 2081 268 2114 δὲ,
284 2082 314 2108 τὸ
331 2081 603 2116 φιλανθρωπότατον,
633 2081 803 2118 ύπερώριζον
828 2083 877 2118 τῆς
905 2083 1020 2114 πόλεως.

230 2127 296 2154 Ὅτε
308 2127 341 2162 δὴ
355 2128 402 2155 καὶ
415 2128 461 2154 τὸν
478 2128 672 2164 χαρτοφύλακα
684 2129 799 2156 Βλάσιον
822 2129 866 2155 διὰ
884 2129 934 2163 τὴν
951 2128 1022 2164 ὑπὲρ

1070 211 1125 231 non
1142 203 1296 231 sacerdotio
1319 207 1422 231 tantum
1439 203 1567 237 privaret,
1585 203 1632 230 sed
1647 203 1700 230 vita
1723 205 1817 237 etiam,
1833 206 1857 234 si

1069 253 1173 284 posset,
1189 253 1300 276 exueret
1313 257 1319 276 :
1337 249 1399 276 licet
1409 253 1501 276 essent
1513 248 1547 275 ab
1561 255 1593 275 eo
1613 255 1662 283 per
1673 250 1858 285 metropolitas

1070 303 1135 323 suos
1147 315 1155 328 ,
1171 303 1185 322 a
1206 296 1306 331 quibus
1320 300 1361 322 est
1384 300 1519 330 receptus,
1542 300 1638 322 exacta
1658 295 1856 331 chirographa:

1070 346 1100 369 ut
1114 347 1257 377 paternum
1273 342 1377 377 lgnatio
1397 342 1527 369 honorem
1548 341 1690 375 tribueret,
1711 343 1859 378 omniaque

1069 396 1102 416 ex
1119 389 1179 424 ejus
1194 388 1333 416 voluntate
1353 392 1468 423 gereret,
1490 395 1540 415 nec
1560 388 1614 415 ulla
1630 389 1657 415 in
1680 396 1711 416 re
1727 389 1858 417 molestus

1069 439 1164 462 esset:
1190 435 1247 469 ipse
1263 438 1352 461 tamen
1379 434 1424 461 vix
1444 439 1505 469 post
1520 434 1590 462 duos
1612 442 1627 461 a
1649 434 1789 462 creatione
1808 443 1859 462 sua

1069 487 1179 508 menses
1191 480 1348 514 juramento
1363 487 1414 507 suo
1427 479 1544 513 violato,
1561 480 1679 514 primum
1698 480 1794 515 lgnatii
1815 479 1863 507 fau

1071 527 1190 554 n.iliares
1205 526 1323 561 conjecit
1338 527 1366 553 in
1383 527 1501 558 vincula,
1518 526 1640 561 dirisque
1657 527 1747 561 ﬂagris
1763 531 1791 554 et
1798 527 1859 562 pla-

1069 573 1110 608 εἰς
1125 573 1249 600 multavit
1265 581 1272 599 :
1291 572 1388 600 deinde
1406 580 1504 600 rursus
1523 572 1671 604 blanditus,
1691 579 1859 607 muneraque

1069 620 1097 643 et
1111 616 1228 643 honores
1240 615 1389 650 pollicitus,
1399 616 1579 651 chirographa
1592 616 1679 650 petiit,
1692 620 1719 643 et
1731 617 1859 644 omnibus

1069 661 1159 689 modis
1174 661 1280 688 studuit
1299 661 1431 689 adversus
1445 660 1577 696 lgnatium
1592 662 1668 689 exitii
1687 669 1796 689 causam
1814 670 1859 690 re-

1069 708 1168 743 perire.
1185 708 1310 742 Cumque
1325 707 1393 734 nihil
1409 707 1508 734 horum
1523 715 1584 742 quae.
1597 708 1655 742 ipse
1669 708 1806 743 cupiebat,
1819 709 1859 736 in-

1069 753 1185 786 veniret,
1208 753 1342 780 scelerato
1361 752 1465 786 Bardze,
1487 761 1589 788 perque
1603 753 1718 781 Bardam
1735 754 1857 782 Michaeli

1069 797 1354 833 levissimo'suggerit,
1370 802 1400 825 ut
1414 798 1514 830 mittat,
1530 798 1577 833 qui
1592 798 1619 825 in
1637 797 1771 834 lgnatium
1786 799 1860 826 velut

1069 845 1183 879 imperio
1200 844 1372 872 insidiantem
1392 851 1486 871 severe
1503 843 1651 878 inquirant.
1668 844 1739 880 Ergo
1758 845 1858 873 crude-

1067 889 1108 916 les
1133 888 1253 923 praefecti
1278 893 1439 923 atrocesque
1462 889 1591 917 satellites
1623 890 1760 924 extemplo
1777 890 1859 918 Tere-

1068 934 1194 961 binthum
1211 938 1315 968 petunt,
1341 933 1489 968 omniaque
1509 941 1607 968 genera
1619 935 1799 969 quaestionum
1815 936 1859 962 in-

1069 980 1207 1011 stituunt,
1231 984 1259 1006 et
1283 977 1399 1006 famulos
1431 977 1525 1013 lgnatii
1557 979 1699 1006 tormentis
1731 979 1859 1008 omnibus

1068 1025 1238 1052 excruciant.
1258 1025 1408 1058 Postquam
1431 1032 1496 1051 vero
1520 1024 1679 1052 defecerunt
1704 1030 1859 1053 scrutantes

1069 1071 1212 1102 scrutinia,
1236 1078 1286 1098 nec
1303 1071 1453 1105 quidquam
1470 1070 1715 1105 deprehenderunt,
1731 1079 1786 1106 quo
1797 1071 1859 1106 jure

1070 1119 1097 1145 in
1125 1118 1199 1145 illum
1227 1117 1484 1149 animadverterent,
1511 1121 1604 1152 aperto
1627 1118 1729 1145 scelere
1750 1118 1776 1144 in
1794 1125 1857 1145 eum

1069 1169 1240 1199 grassantur.
1256 1163 1402 1198 Arreptum
1417 1164 1489 1190 enim
1506 1163 1595 1191 virum
1617 1169 1740 1191 sanctum
1757 1167 1784 1191 et
1794 1172 1859 1192 suos

1069 1209 1096 1236 in
1120 1209 1238 1236 insulam
1266 1209 1384 1236 l'lieriam
1404 1208 1594 1241 traduxerunt,
1622 1213 1703 1244 atque
1726 1210 1858 1245 lgnatium

1069 1255 1189 1282 vinctum
1211 1254 1320 1281 stabulo
1337 1254 1462 1289 caprario
1485 1254 1664 1282 incluserunt.
1689 1255 1755 1283 lude
1774 1255 1808 1282 ad
1826 1264 1858 1283 ea

1069 1301 1128 1329 loca
1145 1300 1322 1333 transferunt,
1339 1308 1400 1335 quae
1412 1301 1532 1328 Prometi
1546 1301 1707 1328 dicebantur
1722 1310 1730 1334 ;
1749 1301 1793 1328 ubi
1804 1301 1859 1328 Leo

1069 1348 1114 1375 ille
1140 1352 1320 1383 cognomento
1347 1347 1456 1380 Lalaco,
1478 1347 1659 1375 Numerorum
1680 1349 1858 1380 domesticus,

1070 1399 1124 1422 tam
1141 1394 1300 1422 immaniter
1320 1394 1442 1428 colaphis
1458 1401 1541 1428 genas
1555 1393 1628 1421 illius
1642 1394 1749 1427 cecidit,
1767 1398 1797 1422 ut
1812 1402 1858 1422 sa-

1070 1441 1226 1468 cratissimo
1256 1440 1315 1468 seni
1342 1441 1412 1467 duos
1443 1440 1562 1467 molares
1585 1445 1725 1468 excuteret
1752 1441 1858 1469 dentes.

1072 1486 1171 1513 Deinde
1199 1486 1322 1513 vectibus
1347 1484 1482 1525 geminis,
1511 1485 1859 1520 latronuminstar,petles

1069 1532 1238 1560 strinxerunt
1252 1535 1442 1566 ;angustoque
1458 1531 1616 1558 conclusum
1628 1533 1775 1566 ergastulo,
1791 1532 1860 1558 duo-

1069 1578 1121 1606 bus
1144 1578 1276 1605 duntaxat
1301 1577 1392 1612 pueris
1408 1576 1578 1604 administris
1595 1576 1633 1603 illi
1651 1577 1798 1607 concessis.
1814 1585 1859 1604 re-

1069 1625 1215 1660 liquerunt.
1228 1623 1296 1650 Tota
1311 1627 1401 1650 autem
1413 1622 1454 1650 vis
1469 1624 1525 1650 haec
1534 1627 1560 1649 et
1572 1623 1678 1650 vexatio
1691 1631 1724 1650 eo
1739 1624 1859 1658 pertinue-

1069 1670 1125 1702 bat,
1133 1674 1161 1697 ut
1170 1669 1290 1705 Ignatius
1296 1668 1473 1696 abdicationis
1484 1667 1605 1695 libellum
1620 1669 1761 1701 scribcret,
1778 1676 1862 1703 spon-

1069 1720 1151 1751 teque
1174 1715 1273 1742 throno
1294 1714 1497 1749 patriarchatus
1523 1714 1641 1741 cederet.
1664 1714 1716 1742 Sed
1728 1715 1859 1750 lgnatins,

1069 1768 1131 1788 cum
1153 1760 1246 1794 lupum
1263 1760 1290 1786 in
1311 1766 1418 1795 gregem
1435 1759 1562 1787 atrociter
1582 1760 1701 1795 grassari
1726 1767 1859 1792 cerneret,

1069 1809 1203 1841 quantum
1234 1808 1359 1839 poterat,
1385 1804 1516 1839 impetum
1548 1805 1722 1839 reprimebat.
1755 1805 1861 1840 Eli-psis

1070 1855 1162 1878 autent
1183 1850 1254 1877 haud
1271 1849 1366 1877 multis
1382 1850 1445 1877 inde
1459 1850 1567 1883 diebus,
1585 1850 1612 1877 in
1635 1850 1751 1878 Numera
1774 1851 1861 1878 dedu-

1070 1902 1156 1930 ctum,
1177 1897 1205 1924 in
1226 1903 1336 1923 carcere
1358 1896 1462 1923 catenis
1485 1900 1622 1923 onerant:
1647 1897 1708 1923 dein
1736 1897 1861 1931 Augusto

1071 1950 1165 1970 mense
1178 1947 1330 1977 appetente,
1342 1942 1370 1968 in
1385 1942 1522 1976 navigium
1538 1941 1690 1976 conjectum
1704 1941 1860 1977 Mitylenem

1071 1988 1224 2023 deportant.
1237 1986 1321 2014 Porro
1330 1993 1377 2013 eos
1392 1986 1439 2021 qui
1453 1986 1622 2013 habebantur
1636 1986 1696 2021 ejus
1711 1985 1860 2013 familiares

1070 2038 1098 2062 et
1122 2034 1213 2066 amici,
1237 2032 1444 2060 immanissimis
1486 2032 1681 2059 cruciamentis
1720 2032 1860 2067 plagisque

1071 2079 1217 2107 lethalibus
1243 2077 1418 2105 alliciebat":
1447 2085 1514 2112 quos
1539 2083 1629 2104 autem
1662 2078 1859 2105 humanissime

1072 2137 1234 2168 tractabant,
1244 2136 1342 2163 exsilio
1354 2136 1520 2171 multabant;
1536 2135 1681 2171 Blasioque
1692 2137 1860 2172 chartophy-

229 2174 279 2209 τῆς
288 2174 417 2206 ἀληθείας
431 2175 588 2210 παρρησίαν
600 2175 854 2210 ὲγλωσσοτόμησαν.
875 2175 918 2201 Ἐν
933 2175 1019 2202 Μιτυ-

1072 2183 1122 2211 laci
1137 2183 1170 2211 ob
1183 2183 1262 2210 [idem
1274 2188 1300 2209 et
1317 2182 1424 2210 dicendi
1441 2182 1591 2209 libertatem
1609 2182 1727 2218 linguam
1744 2183 1859 2210 detrun-

229 2219 298 2255 λήνῃ
311 2219 340 2246 δὲ
352 2219 548 2256 διατρίϐοντος,
556 2221 570 2246 δ
579 2221 679 2252 Φώτιος
686 2220 736 2256 τὴν
749 2221 810 2247 κατ’
821 2221 901 2248 αὐτὸν
918 2221 1021 2256 ἐκκλη-

231 2265 291 2292 σίαν
313 2265 368 2292 τῶν
383 2267 608 2301 πονηρευομένων
633 2266 802 2301 συναγαγὼν,
820 2268 867 2293 καὶ
893 2267 961 2302 πρὸς
982 2266 1020 2302 τῷ

231 2311 296 2348 ίερῷ
310 2312 419 2347 τεμένει
434 2312 487 2338 τῶν
502 2312 670 2345 πανενδόξων
685 2313 852 2339 Ἀποστόλων
863 2313 1019 2347 γενόμενος,

229 2357 390 2392 καθαίρεσιν
400 2357 578 2391 ἀποφαίνεται
595 2358 666 2384 κατὰ
679 2357 725 2384 τοῦ
736 2358 773 2393 μὴ
790 2359 924 2393 παρόντος
933 2359 1020 2390 Ὶγνα-

229 2402 304 2428 τίου“
317 2402 347 2428 οὐ
367 2402 447 2437 μόνον
463 2402 504 2434 δὲ,
521 2402 588 2429 ἀλλὰ
605 2403 652 2429 καὶ
663 2403 859 2438 ἀναθεματίζει
884 2404 932 2431 καὶ
954 2405 1021 2431 ἀπο-

229 2446 368 2483 κηρύττει,
396 2447 477 2479 αὑτδς
507 2448 658 2483 κατήγορος
683 2449 824 2483 γινόμενος
851 2449 897 2475 καὶ
912 2449 1018 2484 κριτής.

229 2493 286 2519 Kal.
298 2493 375 2524 ὅσους
395 2493 445 2528 μὲν
462 2492 534 2528 ἑώρα
561 2493 600 2528 τῷ
617 2493 700 2520 αὑτοῦ
718 2494 811 2530 σκοπῷ
826 2495 873 2520 καὶ
885 2496 917 2529 τῇ
933 2503 1020 2529 παρα-

228 2537 300 2574 λόγῳ
311 2537 409 2574 πράξει
425 2538 512 2575 ταύτῃ
525 2539 697 2575 συνᾴδοντας.
712 2540 759 2566 καὶ
771 2541 827 2571 τοῖς
848 2540 1020 2576 τελουμένοις

229 2584 451 2619 ὑπογράφοντας,
473 2585 502 2611 ὲν
515 2585 570 2616 τοῖς
593 2585 711 2620 πρώτοις
724 2586 778 2613 τῶν
799 2586 883 2620 φίλων
896 2587 942 2613 καὶ
955 2594 1020 2621 γνη-
1038 2583 1042 2586 ⁴

229 2629 369 2656 σιωτάτων
401 2627 458 2665 εἶχε
485 2629 717 2666 συλλειτουργῶν·
746 2631 803 2659 ὅσοι
826 2631 854 2658 δὲ
867 2633 899 2667 τῇ
914 2632 1020 2667 ἀκρίτῳ

228 2675 319 2710 κρίσει
332 2676 582 2712 προσοχοήσαντες,
598 2677 753 2704 συναινέσαι
771 2679 833 2709 ταῖς
852 2678 1019 2712 ὰλογιστίαις

227 2721 342 2753 ταύταις
366 2722 580 2757 οὐκί-,ϐούλοντο⁹
607 2723 716 2756 τούτους
735 2724 774 2760 τῷ
789 2724 949 2760 πραιτωρίῳ
972 2725 1019 2752 καὶ

229 2768 364 2803 φυλακαῖς
380 2769 561 2805 πολυτρόποις
583 2770 836 2805 κολασθησομένους
864 2770 1017 2806 παρεδίδου.

229 2815 338 2843 Πολλῶν
353 2815 399 2842 οὖν
417 2816 658 2850 διαγογγυζόντων,
677 2817 723 2844 καὶ
745 2818 792 2845 ἐπὶ
806 2818 865 2850 ταῖς
881 2817 1019 2853 ἀκρισίαις

1071 2232 1177 2256 carunt.
1207 2228 1312 2263 lgnatio
1327 2235 1409 2262 porro
1425 2227 1557 2262 Mityleme
1578 2233 1776 2260 commorantc,
1791 2228 1859 2255 Pho-

1072 2271 1125 2300 tius
1150 2272 1264 2299 ecclesia
1295 2272 1501 2307 malignantium
1530 2272 1580 2299 sibi
1609 2272 1729 2300 allinium
1753 2279 1857 2306 coacta,

1071 2318 1191 2345 absentis
1213 2318 1320 2353 lgnatii,
1342 2318 1368 2344 in
1391 2318 1449 2352 ipso
1466 2318 1727 2351 gloriosissimorum
1750 2325 1860 2354 apesto-

1071 2363 1160 2390 lorum
1185 2363 1296 2398 templo,
1323 2363 1572 2390 exauctorationem
1597 2364 1755 2398 pronuntiat
1779 2374 1785 2392 ε
1810 2373 1860 2392 nec

1070 2409 1230 2444 pronuntiat
1255 2414 1371 2439 tantum,
1389 2409 1435 2436 sed
1459 2408 1631 2436 anathemate
1646 2409 1777 2444 lgnatium
1798 2410 1860 2438 ferit

1070 2455 1256 2489 damnatque;
1279 2458 1305 2481 et
1325 2454 1484 2481 damnatum
1509 2453 1580 2480 idem
1605 2460 1758 2487 accusator,
1787 2455 1856 2482 idem

1068 2500 1151 2534 judex
1177 2499 1336 2534 proclamat.
1359 2499 1410 2532 Qui
1427 2507 1497 2534 quos
1523 2499 1634 2527 {actioni
1660 2508 1716 2528 suae
1737 2502 1856 2534 studere,

1070 2545 1205 2580 factisque
1225 2545 1329 2572 insanis
1345 2544 1477 2576 accinere,
1494 2553 1526 2572 ac
1547 2545 1664 2574 decretis
1687 2546 1858 2574 subscribere

1071 2591 1188 2622 videbat,
1208 2590 1257 2617 hos
1271 2597 1335 2617 vero
1351 2590 1420 2617 inter
1444 2590 1554 2618 intimos
1575 2591 1677 2618 amicos
1692 2599 1723 2618 ac
1740 2599 1858 2626 symmy-

1071 2641 1126 2664 stas
1141 2635 1244 2663 habuit.
1259 2635 1310 2668 Qui
1329 2640 1419 2662 autem
1433 2636 1492 2670 ejus
1507 2637 1623 2663 amentia
1640 2637 1856 2667 oll‘endcbantur.

1070 2682 1197 2717 factaque
1214 2683 1255 2716 (ut
1269 2681 1315 2716 qui
1330 2682 1438 2709 sincero
1450 2681 1554 2716 judicio
1567 2682 1665 2717 forent)
1681 2690 1734 2709 non
1758 2682 1857 2716 proba-

1071 2729 1146 2759 bant,
1159 2727 1286 2763 praztorio
1293 2728 1441 2755 etvinculis
1457 2729 1573 2762 pessime
1584 2733 1709 2762 acceptos
1722 2728 1856 2756 tradebat.

1070 2773 1161 2800 Multis
1178 2772 1261 2807 igitur
1272 2772 1490 2805 mussitantibus,
1502 2773 1678 2807 improbaque
1690 2772 1778 2799 Photii
1795 2778 1855 2800 acta

1071 2818 1263 2847 damuantibus
1280 2827 1287 2853 ;
1303 2818 1370 2854 quin
1383 2822 1410 2847 ct
1422 2819 1481 2853 ipse
1497 2817 1610 2846 Pbotius
1626 2825 1686 2845 cum
1705 2818 1762 2846 suis
1774 2818 1856 2847 iactis
