  <div class='ocr_page' id='page_1' title='image "/cluster/home/n/w/nwhite01/storage/ocr_20150623/105/njp.32101077772893/312.png"; bbox 0 0 2092 3156; ppageno 0'>
   <div class='ocr_carea' id='block_1_1' title="bbox 221 87 273 119">
    <p class='ocr_par' dir='ltr' id='par_1_1' title="bbox 221 87 273 119">
     <span class='ocr_line' id='line_1_1' title="bbox 221 87 273 119; baseline 0 0"><span class='ocrx_word' id='word_1_1' title='bbox 221 87 273 119; x_wconf 76' lang='grc'><strong>517</strong></span> 
     </span>
    </p>
   </div>
   <div class='ocr_carea' id='block_1_2' title="bbox 742 89 1308 124">
    <p class='ocr_par' dir='ltr' id='par_1_2' title="bbox 742 89 1308 124">
     <span class='ocr_line' id='line_1_2' title="bbox 742 89 1308 124; baseline 0.011 -6"><span class='ocrx_word' id='word_1_2' title='bbox 742 89 830 119; x_wconf 69' lang='lat' dir='ltr'><strong>VITA</strong></span> <span class='ocrx_word' id='word_1_3' title='bbox 849 89 877 118; x_wconf 91' lang='lat' dir='ltr'><strong>S.</strong></span> <span class='ocrx_word' id='word_1_4' title='bbox 895 89 1043 120; x_wconf 77' lang='lat' dir='ltr'><strong>lGNATll</strong></span> <span class='ocrx_word' id='word_1_5' title='bbox 1064 92 1116 122; x_wconf 88' lang='lat' dir='ltr'><strong>CP.</strong></span> <span class='ocrx_word' id='word_1_6' title='bbox 1135 93 1308 124; x_wconf 79' lang='lat' dir='ltr'><strong>ARCHIEP.</strong></span> 
     </span>
    </p>
   </div>
   <div class='ocr_carea' id='block_1_3' title="bbox 1790 103 1842 135">
    <p class='ocr_par' dir='ltr' id='par_1_3' title="bbox 1790 103 1842 135">
     <span class='ocr_line' id='line_1_3' title="bbox 1790 103 1842 135; baseline 0.019 -1"><span class='ocrx_word' id='word_1_7' title='bbox 1790 103 1842 135; x_wconf 79' lang='lat' dir='ltr'><strong>5l8</strong></span> 
     </span>
    </p>
   </div>
   <div class='ocr_carea' id='block_1_4' title="bbox 221 140 1001 189">
    <p class='ocr_par' dir='ltr' id='par_1_4' title="bbox 221 143 1001 181">
     <span class='ocr_line' id='line_1_4' title="bbox 221 143 1001 181; baseline 0.004 -11"><span class='ocrx_word' id='word_1_8' title='bbox 221 145 327 172; x_wconf 67' lang='grc' dir='ltr'>πάντας</span> <span class='ocrx_word' id='word_1_9' title='bbox 343 143 449 176; x_wconf 78' lang='grc' dir='ltr'>ἀξίναις</span> <span class='ocrx_word' id='word_1_10' title='bbox 461 145 653 179; x_wconf 70' lang='grc' dir='ltr'>κατεμελισιιν.</span> <span class='ocrx_word' id='word_1_11' title='bbox 669 145 781 172; x_wconf 84' lang='grc' dir='ltr'><strong>Τούτων</strong></span> <span class='ocrx_word' id='word_1_12' title='bbox 793 146 822 172; x_wconf 87' lang='grc' dir='ltr'>δὲ</span> <span class='ocrx_word' id='word_1_13' title='bbox 834 147 888 174; x_wconf 87' lang='grc' dir='ltr'>τῶν</span> <span class='ocrx_word' id='word_1_14' title='bbox 903 155 1001 181; x_wconf 67' lang='grc' dir='ltr'>συμφο-</span> 
     </span>
    </p>
   </div>
   <div class='ocr_carea' id='block_1_5' title="bbox 1052 140 1845 189">
    <p class='ocr_par' dir='ltr' id='par_1_5' title="bbox 1059 140 1845 189">
     <span class='ocr_line' id='line_1_5' title="bbox 1059 140 1845 189; baseline 0.015 -14"><span class='ocrx_word' id='word_1_15' title='bbox 1059 149 1126 176; x_wconf 88' lang='lat' dir='ltr'><strong>tioni</strong></span> <span class='ocrx_word' id='word_1_16' title='bbox 1142 151 1252 178; x_wconf 67' lang='lat' dir='ltr'><strong>assidue</strong></span> <span class='ocrx_word' id='word_1_17' title='bbox 1268 151 1399 184; x_wconf 88' lang='lat' dir='ltr'><strong>intentus,</strong></span> <span class='ocrx_word' id='word_1_18' title='bbox 1418 160 1433 180; x_wconf 87' lang='lat' dir='ltr'><strong>a</strong></span> <span class='ocrx_word' id='word_1_19' title='bbox 1450 140 1647 188; x_wconf 77' lang='lat' dir='ltr'><strong>Dcojudicium</strong></span> <span class='ocrx_word' id='word_1_20' title='bbox 1662 161 1688 184; x_wconf 90' lang='lat' dir='ltr'><strong>et</strong></span> <span class='ocrx_word' id='word_1_21' title='bbox 1701 158 1845 189; x_wconf 78' lang='lat' dir='ltr'><strong>auxilium.</strong></span> 
     </span>
    </p>
   </div>
   <div class='ocr_carea' id='block_1_6' title="bbox 221 188 1010 227">
    <p class='ocr_par' dir='ltr' id='par_1_6' title="bbox 221 188 1010 227">
     <span class='ocr_line' id='line_1_6' title="bbox 221 188 1010 227; baseline 0.006 -13"><span class='ocrx_word' id='word_1_22' title='bbox 221 188 277 224; x_wconf 83' lang='grc' dir='ltr'>ρῶν</span> <span class='ocrx_word' id='word_1_23' title='bbox 291 189 394 220; x_wconf 74' lang='grc' dir='ltr'>ἐκεῖνος</span> <span class='ocrx_word' id='word_1_24' title='bbox 408 189 561 222; x_wconf 79' lang='grc' dir='ltr'><strong>ἐπακούων,</strong></span> <span class='ocrx_word' id='word_1_25' title='bbox 575 191 638 226; x_wconf 84' lang='grc' dir='ltr'>μίαν</span> <span class='ocrx_word' id='word_1_26' title='bbox 650 192 802 226; x_wconf 77' lang='grc' dir='ltr'>ἀεὶταύτην</span> <span class='ocrx_word' id='word_1_27' title='bbox 817 193 864 218; x_wconf 75' lang='grc' dir='ltr'><strong>ἐπὶ</strong></span> <span class='ocrx_word' id='word_1_28' title='bbox 877 193 1010 227; x_wconf 85' lang='grc' dir='ltr'>στόματος</span> 
     </span>
    </p>
   </div>
   <div class='ocr_carea' id='block_1_7' title="bbox 222 231 1012 272">
    <p class='ocr_par' dir='ltr' id='par_1_7' title="bbox 222 231 1012 272">
     <span class='ocr_line' id='line_1_7' title="bbox 222 231 1012 272; baseline 0.008 -13"><span class='ocrx_word' id='word_1_29' title='bbox 222 231 280 269; x_wconf 79' lang='grc' dir='ltr'>εἶχε</span> <span class='ocrx_word' id='word_1_30' title='bbox 297 235 407 269; x_wconf 71' lang='grc' dir='ltr'>φωνήνί</span> <span class='ocrx_word' id='word_1_31' title='bbox 436 235 467 261; x_wconf 89' lang='lat'><strong>&#39;0</strong></span> <span class='ocrx_word' id='word_1_32' title='bbox 491 236 600 269; x_wconf 67' lang='grc' dir='ltr'>Κύριος</span> <span class='ocrx_word' id='word_1_33' title='bbox 625 235 748 270; x_wconf 63' lang='grc' dir='ltr'>ἔδωκεν,</span> <span class='ocrx_word' id='word_1_34' title='bbox 764 239 780 264; x_wconf 80' lang='grc' dir='ltr'><em>ὁ</em></span> <span class='ocrx_word' id='word_1_35' title='bbox 804 238 911 271; x_wconf 73' lang='grc' dir='ltr'><strong>Κύριος</strong></span> <span class='ocrx_word' id='word_1_36' title='bbox 929 238 1012 272; x_wconf 67' lang='grc' dir='ltr'><strong>ἀφεί-</strong></span> 
     </span>
    </p>
   </div>
   <div class='ocr_carea' id='block_1_8' title="bbox 223 279 1007 318">
    <p class='ocr_par' dir='ltr' id='par_1_8' title="bbox 223 279 1007 318">
     <span class='ocr_line' id='line_1_8' title="bbox 223 279 1007 318; baseline 0.008 -13"><span class='ocrx_word' id='word_1_37' title='bbox 223 280 310 306; x_wconf 65' lang='grc' dir='ltr'>λετο·</span> <span class='ocrx_word' id='word_1_38' title='bbox 341 279 379 312; x_wconf 80' lang='grc' dir='ltr'><strong>ὡς</strong></span> <span class='ocrx_word' id='word_1_39' title='bbox 401 279 441 312; x_wconf 84' lang='grc' dir='ltr'>τῷ</span> <span class='ocrx_word' id='word_1_40' title='bbox 463 281 560 314; x_wconf 76' lang='grc' dir='ltr'><strong>Κυρίῳ</strong></span> <span class='ocrx_word' id='word_1_41' title='bbox 588 281 713 314; x_wconf 76' lang='grc' dir='ltr'>ἔδοξεν,</span> <span class='ocrx_word' id='word_1_42' title='bbox 746 283 840 315; x_wconf 83' lang='grc' dir='ltr'>οὕτως</span> <span class='ocrx_word' id='word_1_43' title='bbox 867 283 1007 318; x_wconf 73' lang='grc' dir='ltr'>ἐγένετο,</span> 
     </span>
    </p>
   </div>
   <div class='ocr_carea' id='block_1_9' title="bbox 219 324 1008 364">
    <p class='ocr_par' dir='ltr' id='par_1_9' title="bbox 219 324 1008 364">
     <span class='ocr_line' id='line_1_9' title="bbox 219 324 1008 364; baseline 0.005 -12"><span class='ocrx_word' id='word_1_44' title='bbox 219 325 269 352; x_wconf 77' lang='grc' dir='ltr'><strong>καὶ</strong></span> <span class='ocrx_word' id='word_1_45' title='bbox 292 324 328 351; x_wconf 81' lang='grc' dir='ltr'>τὰ</span> <span class='ocrx_word' id='word_1_46' title='bbox 346 325 409 359; x_wconf 79' lang='grc' dir='ltr'><strong>ἑξῆς</strong></span> <span class='ocrx_word' id='word_1_47' title='bbox 427 334 434 340; x_wconf 73' lang='grc'><strong><em>⁸</em></strong></span> <span class='ocrx_word' id='word_1_48' title='bbox 447 325 532 358; x_wconf 83' lang='grc' dir='ltr'>οὕτως</span> <span class='ocrx_word' id='word_1_49' title='bbox 556 327 734 362; x_wconf 77' lang='grc' dir='ltr'><strong>εὐχαριστῶν,</strong></span> <span class='ocrx_word' id='word_1_50' title='bbox 753 329 799 356; x_wconf 75' lang='grc' dir='ltr'>καὶ</span> <span class='ocrx_word' id='word_1_51' title='bbox 816 331 875 361; x_wconf 86' lang='grc' dir='ltr'>ταῖς</span> <span class='ocrx_word' id='word_1_52' title='bbox 894 339 1008 364; x_wconf 77' lang='grc' dir='ltr'>προσευ-</span> 
     </span>
    </p>
   </div>
   <div class='ocr_carea' id='block_1_10' title="bbox 218 370 1007 411">
    <p class='ocr_par' dir='ltr' id='par_1_10' title="bbox 218 370 1007 411">
     <span class='ocr_line' id='line_1_10' title="bbox 218 370 1007 411; baseline 0.009 -16"><span class='ocrx_word' id='word_1_53' title='bbox 218 370 279 404; x_wconf 69' lang='grc' dir='ltr'>χαῖς</span> <span class='ocrx_word' id='word_1_54' title='bbox 291 370 472 402; x_wconf 71' lang='grc' dir='ltr'><strong>ἀδιαλείπτως</strong></span> <span class='ocrx_word' id='word_1_55' title='bbox 488 371 555 406; x_wconf 77' lang='grc' dir='ltr'>πρὸς</span> <span class='ocrx_word' id='word_1_56' title='bbox 576 373 621 398; x_wconf 75' lang='grc' dir='ltr'>τὸν</span> <span class='ocrx_word' id='word_1_57' title='bbox 643 373 708 399; x_wconf 71' lang='grc' dir='ltr'>Θεὸν</span> <span class='ocrx_word' id='word_1_58' title='bbox 724 375 942 409; x_wconf 79' lang='grc' dir='ltr'>ἀνατεινόμενος,</span> <span class='ocrx_word' id='word_1_59' title='bbox 958 377 1007 411; x_wconf 82' lang='grc' dir='ltr'><strong>τὴν</strong></span> 
     </span>
    </p>
   </div>
   <div class='ocr_carea' id='block_1_11' title="bbox 219 415 1006 455">
    <p class='ocr_par' dir='ltr' id='par_1_11' title="bbox 219 415 1006 455">
     <span class='ocr_line' id='line_1_11' title="bbox 219 415 1006 455; baseline 0.009 -15"><span class='ocrx_word' id='word_1_60' title='bbox 219 415 286 450; x_wconf 84' lang='grc' dir='ltr'>παρ’</span> <span class='ocrx_word' id='word_1_61' title='bbox 298 415 381 441; x_wconf 74' lang='grc' dir='ltr'>αὑτοῦ</span> <span class='ocrx_word' id='word_1_62' title='bbox 397 416 488 450; x_wconf 80' lang='grc' dir='ltr'>κρίσιν</span> <span class='ocrx_word' id='word_1_63' title='bbox 501 418 546 444; x_wconf 65' lang='grc' dir='ltr'><strong>κα)¹</strong></span> <span class='ocrx_word' id='word_1_64' title='bbox 559 416 686 452; x_wconf 84' lang='grc' dir='ltr'>βοήθειαν</span> <span class='ocrx_word' id='word_1_65' title='bbox 699 419 867 451; x_wconf 73' lang='grc' dir='ltr'>ἐπεκαλεῖτο,</span> <span class='ocrx_word' id='word_1_66' title='bbox 888 421 1006 455; x_wconf 80' lang='grc' dir='ltr'><strong>ματαίαν</strong></span> 
     </span>
    </p>
   </div>
   <div class='ocr_carea' id='block_1_12' title="bbox 218 460 1005 500">
    <p class='ocr_par' dir='ltr' id='par_1_12' title="bbox 218 460 1005 500">
     <span class='ocr_line' id='line_1_12' title="bbox 218 460 1005 500; baseline 0.009 -15"><span class='ocrx_word' id='word_1_67' title='bbox 218 460 246 486; x_wconf 82' lang='grc' dir='ltr'>δὲ</span> <span class='ocrx_word' id='word_1_68' title='bbox 270 460 359 486; x_wconf 75' lang='grc' dir='ltr'>πᾶσαν</span> <span class='ocrx_word' id='word_1_69' title='bbox 386 461 435 495; x_wconf 80' lang='grc' dir='ltr'><strong>τὴν</strong></span> <span class='ocrx_word' id='word_1_70' title='bbox 460 462 514 488; x_wconf 57' lang='grc' dir='ltr'><strong>ἀπὶ)</strong></span> <span class='ocrx_word' id='word_1_71' title='bbox 538 462 591 489; x_wconf 83' lang='grc' dir='ltr'><strong>τῶν</strong></span> <span class='ocrx_word' id='word_1_72' title='bbox 609 465 719 498; x_wconf 76' lang='grc' dir='ltr'>κρατεῖν</span> <span class='ocrx_word' id='word_1_73' title='bbox 735 464 886 491; x_wconf 75' lang='grc' dir='ltr'><strong>δοκούντων</strong></span> <span class='ocrx_word' id='word_1_74' title='bbox 913 467 1005 500; x_wconf 70' lang='grc' dir='ltr'>ἠγεῖτο</span> 
     </span>
    </p>
   </div>
   <div class='ocr_carea' id='block_1_13' title="bbox 219 507 1007 547">
    <p class='ocr_par' dir='ltr' id='par_1_13' title="bbox 219 507 1007 547">
     <span class='ocr_line' id='line_1_13' title="bbox 219 507 1007 547; baseline 0.01 -16"><span class='ocrx_word' id='word_1_75' title='bbox 219 507 356 542; x_wconf 73' lang='grc' dir='ltr'><strong>σωτηρίαν</strong></span> <span class='ocrx_word' id='word_1_76' title='bbox 367 515 374 522; x_wconf 86' lang='grc'><strong>·</strong></span> <span class='ocrx_word' id='word_1_77' title='bbox 392 507 450 540; x_wconf 79' lang='grc' dir='ltr'>οἵγε</span> <span class='ocrx_word' id='word_1_78' title='bbox 465 508 510 534; x_wconf 76' lang='grc' dir='ltr'>καὶ</span> <span class='ocrx_word' id='word_1_79' title='bbox 530 509 610 543; x_wconf 79' lang='grc' dir='ltr'>ἡνίκα</span> <span class='ocrx_word' id='word_1_80' title='bbox 625 509 718 536; x_wconf 79' lang='grc' dir='ltr'>τοῦτον</span> <span class='ocrx_word' id='word_1_81' title='bbox 735 511 911 545; x_wconf 74' lang='grc' dir='ltr'><strong>τηλικαύταις</strong></span> <span class='ocrx_word' id='word_1_82' title='bbox 926 521 1007 547; x_wconf 80' lang='grc' dir='ltr'>περι-</span> 
     </span>
    </p>
   </div>
   <div class='ocr_carea' id='block_1_14' title="bbox 217 553 1006 588">
    <p class='ocr_par' dir='ltr' id='par_1_14' title="bbox 217 553 1006 588">
     <span class='ocr_line' id='line_1_14' title="bbox 217 553 1006 588; baseline 0.01 -11"><span class='ocrx_word' id='word_1_83' title='bbox 217 554 312 578; x_wconf 80' lang='grc' dir='ltr'>πεσεῖν</span> <span class='ocrx_word' id='word_1_84' title='bbox 329 553 419 584; x_wconf 82' lang='grc' dir='ltr'>ἀνίαις</span> <span class='ocrx_word' id='word_1_85' title='bbox 441 554 559 588; x_wconf 79' lang='grc' dir='ltr'>ἥκουσαν</span> <span class='ocrx_word' id='word_1_86' title='bbox 584 555 631 581; x_wconf 76' lang='grc' dir='ltr'><strong>καὶ</strong></span> <span class='ocrx_word' id='word_1_87' title='bbox 658 555 777 588; x_wconf 68' lang='grc' dir='ltr'>θλίψεσι,</span> <span class='ocrx_word' id='word_1_88' title='bbox 800 558 927 584; x_wconf 78' lang='grc' dir='ltr'>τοσοῦτον</span> <span class='ocrx_word' id='word_1_89' title='bbox 953 559 1006 585; x_wconf 83' lang='grc' dir='ltr'><strong>ἀπ-</strong></span> 
     </span>
    </p>
   </div>
   <div class='ocr_carea' id='block_1_15' title="bbox 217 598 1004 638">
    <p class='ocr_par' dir='ltr' id='par_1_15' title="bbox 217 598 1004 638">
     <span class='ocr_line' id='line_1_15' title="bbox 217 598 1004 638; baseline 0.009 -14"><span class='ocrx_word' id='word_1_90' title='bbox 217 598 297 634; x_wconf 87' lang='grc' dir='ltr'>έσχον</span> <span class='ocrx_word' id='word_1_91' title='bbox 312 599 358 625; x_wconf 76' lang='grc' dir='ltr'>τοῦ</span> <span class='ocrx_word' id='word_1_92' title='bbox 375 600 553 634; x_wconf 82' lang='grc' dir='ltr'>συμπαθῆσαι</span> <span class='ocrx_word' id='word_1_93' title='bbox 578 600 625 627; x_wconf 76' lang='grc' dir='ltr'><strong>καὶ</strong></span> <span class='ocrx_word' id='word_1_94' title='bbox 651 603 914 638; x_wconf 77' lang='grc' dir='ltr'>παραμυθήσασθαι,</span> <span class='ocrx_word' id='word_1_95' title='bbox 933 604 1004 631; x_wconf 85' lang='grc' dir='ltr'>ὥστε</span> 
     </span>
    </p>
   </div>
   <div class='ocr_carea' id='block_1_16' title="bbox 216 644 1002 686">
    <p class='ocr_par' dir='ltr' id='par_1_16' title="bbox 216 644 1002 686">
     <span class='ocr_line' id='line_1_16' title="bbox 216 644 1002 686; baseline 0.01 -17"><span class='ocrx_word' id='word_1_96' title='bbox 216 645 263 670; x_wconf 76' lang='grc' dir='ltr'><strong>καὶ</strong></span> <span class='ocrx_word' id='word_1_97' title='bbox 278 644 366 678; x_wconf 80' lang='grc' dir='ltr'>λύπης</span> <span class='ocrx_word' id='word_1_98' title='bbox 381 645 519 679; x_wconf 77' lang='grc' dir='ltr'>πρόφασιν</span> <span class='ocrx_word' id='word_1_99' title='bbox 532 646 700 681; x_wconf 81' lang='grc' dir='ltr'>ἡγήσασθαι,</span> <span class='ocrx_word' id='word_1_100' title='bbox 714 649 754 674; x_wconf 77' lang='grc' dir='ltr'>ὅτι</span> <span class='ocrx_word' id='word_1_101' title='bbox 769 649 806 683; x_wconf 79' lang='grc' dir='ltr'>μὴ</span> <span class='ocrx_word' id='word_1_102' title='bbox 819 650 864 675; x_wconf 78' lang='grc' dir='ltr'><strong>καὶ</strong></span> <span class='ocrx_word' id='word_1_103' title='bbox 877 649 957 681; x_wconf 78' lang='grc' dir='ltr'>αὐτὸς</span> <span class='ocrx_word' id='word_1_104' title='bbox 967 652 1002 686; x_wconf 78' lang='grc' dir='ltr'>τῇ</span> 
     </span>
    </p>
   </div>
   <div class='ocr_carea' id='block_1_17' title="bbox 217 689 1002 731">
    <p class='ocr_par' dir='ltr' id='par_1_17' title="bbox 217 689 1002 731">
     <span class='ocr_line' id='line_1_17' title="bbox 217 689 1002 731; baseline 0.009 -16"><span class='ocrx_word' id='word_1_105' title='bbox 217 689 373 726; x_wconf 72' lang='grc' dir='ltr'>βαρϐαρικῇ</span> <span class='ocrx_word' id='word_1_106' title='bbox 391 691 463 716; x_wconf 76' lang='grc' dir='ltr'>ἑάλω</span> <span class='ocrx_word' id='word_1_107' title='bbox 479 692 561 726; x_wconf 79' lang='grc' dir='ltr'>χειρὶ,</span> <span class='ocrx_word' id='word_1_108' title='bbox 580 693 626 718; x_wconf 72' lang='grc' dir='ltr'><strong>καὶ</strong></span> <span class='ocrx_word' id='word_1_109' title='bbox 641 695 698 724; x_wconf 69' lang='lat'><strong>107.;</strong></span> <span class='ocrx_word' id='word_1_110' title='bbox 710 694 818 725; x_wconf 76' lang='grc' dir='ltr'><strong>οἰκείοις</strong></span> <span class='ocrx_word' id='word_1_111' title='bbox 834 697 1002 731; x_wconf 69' lang='grc' dir='ltr'><strong>συνανῃρέθη</strong></span> 
     </span>
    </p>
   </div>
   <div class='ocr_carea' id='block_1_18' title="bbox 216 735 1001 776">
    <p class='ocr_par' dir='ltr' id='par_1_18' title="bbox 216 735 1001 776">
     <span class='ocr_line' id='line_1_18' title="bbox 216 735 1001 776; baseline 0.008 -15"><span class='ocrx_word' id='word_1_112' title='bbox 216 735 310 762; x_wconf 72' lang='grc' dir='ltr'>παισίν</span> <span class='ocrx_word' id='word_1_113' title='bbox 323 744 330 751; x_wconf 71' lang='grc' dir='ltr'><strong><em>ο</em></strong></span> <span class='ocrx_word' id='word_1_114' title='bbox 348 736 380 762; x_wconf 77' lang='grc' dir='ltr'>οὐ</span> <span class='ocrx_word' id='word_1_115' title='bbox 396 736 497 770; x_wconf 79' lang='grc' dir='ltr'>μᾶλλον</span> <span class='ocrx_word' id='word_1_116' title='bbox 524 737 705 772; x_wconf 69' lang='grc' dir='ltr'>εὐθυμοῦντες</span> <span class='ocrx_word' id='word_1_117' title='bbox 722 739 768 765; x_wconf 71' lang='grc' dir='ltr'><strong>ἐπὶ</strong></span> <span class='ocrx_word' id='word_1_118' title='bbox 784 741 839 770; x_wconf 83' lang='grc' dir='ltr'>τοῖς</span> <span class='ocrx_word' id='word_1_119' title='bbox 860 741 1001 776; x_wconf 76' lang='grc' dir='ltr'>ἀνῃρημέ-</span> 
     </span>
    </p>
   </div>
   <div class='ocr_carea' id='block_1_19' title="bbox 215 781 1002 821">
    <p class='ocr_par' dir='ltr' id='par_1_19' title="bbox 215 781 1002 821">
     <span class='ocr_line' id='line_1_19' title="bbox 215 781 1002 821; baseline 0.008 -13"><span class='ocrx_word' id='word_1_120' title='bbox 215 790 281 821; x_wconf 67' lang='grc' dir='ltr'>νοις,</span> <span class='ocrx_word' id='word_1_121' title='bbox 300 781 316 818; x_wconf 80' lang='grc' dir='ltr'><strong>ἢ</strong></span> <span class='ocrx_word' id='word_1_122' title='bbox 337 783 484 818; x_wconf 79' lang='grc' dir='ltr'>ἀνιώμενοι</span> <span class='ocrx_word' id='word_1_123' title='bbox 499 784 545 810; x_wconf 76' lang='grc' dir='ltr'>ἐπὶ</span> <span class='ocrx_word' id='word_1_124' title='bbox 565 785 597 819; x_wconf 81' lang='grc' dir='ltr'>τῇ</span> <span class='ocrx_word' id='word_1_125' title='bbox 618 785 739 821; x_wconf 77' lang='grc' dir='ltr'><strong>σωτηρίᾳ</strong></span> <span class='ocrx_word' id='word_1_126' title='bbox 756 786 802 811; x_wconf 86' lang='grc' dir='ltr'>τοῦ</span> <span class='ocrx_word' id='word_1_127' title='bbox 817 786 931 814; x_wconf 85' lang='grc' dir='ltr'>δικαίου.</span> <span class='ocrx_word' id='word_1_128' title='bbox 947 788 1002 814; x_wconf 83' lang='grc' dir='ltr'>Καὶ</span> 
     </span>
    </p>
   </div>
   <div class='ocr_carea' id='block_1_20' title="bbox 1065 195 1845 239">
    <p class='ocr_par' dir='ltr' id='par_1_20' title="bbox 1065 195 1845 239">
     <span class='ocr_line' id='line_1_20' title="bbox 1065 195 1845 239; baseline 0.015 -18"><span class='ocrx_word' id='word_1_129' title='bbox 1065 195 1168 222; x_wconf 85' lang='lat' dir='ltr'><strong>nullam</strong></span> <span class='ocrx_word' id='word_1_130' title='bbox 1182 204 1197 223; x_wconf 89' lang='lat' dir='ltr'><strong>a</strong></span> <span class='ocrx_word' id='word_1_131' title='bbox 1214 197 1383 231; x_wconf 81' lang='lat' dir='ltr'><strong>principibus</strong></span> <span class='ocrx_word' id='word_1_132' title='bbox 1398 199 1511 226; x_wconf 77' lang='lat' dir='ltr'><strong>salutem</strong></span> <span class='ocrx_word' id='word_1_133' title='bbox 1529 206 1702 236; x_wconf 75' lang='lat' dir='ltr'><strong>exspectans,</strong></span> <span class='ocrx_word' id='word_1_134' title='bbox 1715 204 1845 239; x_wconf 88' lang='lat' dir='ltr'><strong>implora-</strong></span> 
     </span>
    </p>
   </div>
   <div class='ocr_carea' id='block_1_21' title="bbox 1061 239 1846 281">
    <p class='ocr_par' dir='ltr' id='par_1_21' title="bbox 1061 239 1846 281">
     <span class='ocr_line' id='line_1_21' title="bbox 1061 239 1846 281; baseline 0.014 -16"><span class='ocrx_word' id='word_1_135' title='bbox 1061 239 1118 266; x_wconf 77' lang='lat' dir='ltr'><strong>bat.</strong></span> <span class='ocrx_word' id='word_1_136' title='bbox 1131 240 1198 267; x_wconf 79' lang='lat' dir='ltr'><strong>Nam</strong></span> <span class='ocrx_word' id='word_1_137' title='bbox 1211 241 1260 274; x_wconf 87' lang='lat' dir='ltr'><strong>illi,</strong></span> <span class='ocrx_word' id='word_1_138' title='bbox 1278 242 1323 269; x_wconf 91' lang='lat' dir='ltr'><strong>ubi</strong></span> <span class='ocrx_word' id='word_1_139' title='bbox 1341 242 1413 271; x_wconf 84' lang='lat' dir='ltr'><strong>hunc</strong></span> <span class='ocrx_word' id='word_1_140' title='bbox 1434 245 1520 281; x_wconf 80' lang='lat' dir='ltr'><strong>tantis</strong></span> <span class='ocrx_word' id='word_1_141' title='bbox 1533 252 1694 279; x_wconf 83' lang='lat' dir='ltr'><strong>oppressum</strong></span> <span class='ocrx_word' id='word_1_142' title='bbox 1725 249 1803 276; x_wconf 89' lang='lat' dir='ltr'><strong>tnalis</strong></span> <span class='ocrx_word' id='word_1_143' title='bbox 1818 254 1846 277; x_wconf 91' lang='lat' dir='ltr'><strong>et</strong></span> 
     </span>
    </p>
   </div>
   <div class='ocr_carea' id='block_1_22' title="bbox 1060 287 1844 330">
    <p class='ocr_par' dir='ltr' id='par_1_22' title="bbox 1060 287 1844 330">
     <span class='ocr_line' id='line_1_22' title="bbox 1060 287 1844 330; baseline 0.013 -18"><span class='ocrx_word' id='word_1_144' title='bbox 1060 287 1190 314; x_wconf 61' lang='lat' dir='ltr'><strong>abrumnis</strong></span> <span class='ocrx_word' id='word_1_145' title='bbox 1208 287 1391 320; x_wconf 81' lang='lat' dir='ltr'><strong>audiverunt,</strong></span> <span class='ocrx_word' id='word_1_146' title='bbox 1419 292 1523 318; x_wconf 84' lang='lat' dir='ltr'><strong>tantum</strong></span> <span class='ocrx_word' id='word_1_147' title='bbox 1555 291 1631 319; x_wconf 79' lang='lat' dir='ltr'><strong>abest</strong></span> <span class='ocrx_word' id='word_1_148' title='bbox 1656 296 1685 319; x_wconf 91' lang='lat' dir='ltr'><strong>ut</strong></span> <span class='ocrx_word' id='word_1_149' title='bbox 1711 293 1844 330; x_wconf 86' lang='lat' dir='ltr'><strong>dolerent,</strong></span> 
     </span>
    </p>
   </div>
   <div class='ocr_carea' id='block_1_23' title="bbox 1060 331 1844 373">
    <p class='ocr_par' dir='ltr' id='par_1_23' title="bbox 1060 331 1844 373">
     <span class='ocr_line' id='line_1_23' title="bbox 1060 331 1844 373; baseline 0.014 -17"><span class='ocrx_word' id='word_1_150' title='bbox 1060 331 1100 358; x_wconf 84' lang='lat' dir='ltr'><strong>vel</strong></span> <span class='ocrx_word' id='word_1_151' title='bbox 1119 331 1246 359; x_wconf 85' lang='lat' dir='ltr'><strong>alllictum</strong></span> <span class='ocrx_word' id='word_1_152' title='bbox 1265 332 1429 365; x_wconf 84' lang='lat' dir='ltr'><strong>solarentur,</strong></span> <span class='ocrx_word' id='word_1_153' title='bbox 1450 338 1481 361; x_wconf 92' lang='lat' dir='ltr'><strong>ut</strong></span> <span class='ocrx_word' id='word_1_154' title='bbox 1499 335 1609 363; x_wconf 87' lang='lat' dir='ltr'><strong>moleste</strong></span> <span class='ocrx_word' id='word_1_155' title='bbox 1634 337 1716 365; x_wconf 85' lang='lat' dir='ltr'><strong>etiam</strong></span> <span class='ocrx_word' id='word_1_156' title='bbox 1732 338 1844 373; x_wconf 84' lang='lat' dir='ltr'><strong>ferrent,</strong></span> 
     </span>
    </p>
   </div>
   <div class='ocr_carea' id='block_1_24' title="bbox 1059 378 1843 419">
    <p class='ocr_par' dir='ltr' id='par_1_24' title="bbox 1059 378 1843 419">
     <span class='ocr_line' id='line_1_24' title="bbox 1059 378 1843 419; baseline 0.014 -17"><span class='ocrx_word' id='word_1_157' title='bbox 1059 384 1121 404; x_wconf 87' lang='lat' dir='ltr'><strong>eum</strong></span> <span class='ocrx_word' id='word_1_158' title='bbox 1138 385 1192 405; x_wconf 90' lang='lat' dir='ltr'><strong>non</strong></span> <span class='ocrx_word' id='word_1_159' title='bbox 1209 385 1270 404; x_wconf 92' lang='lat' dir='ltr'><strong>cum</strong></span> <span class='ocrx_word' id='word_1_160' title='bbox 1284 378 1443 407; x_wconf 76' lang='lat' dir='ltr'><strong>domesticis</strong></span> <span class='ocrx_word' id='word_1_161' title='bbox 1458 381 1515 408; x_wconf 89' lang='lat' dir='ltr'><strong>suis</strong></span> <span class='ocrx_word' id='word_1_162' title='bbox 1531 381 1673 410; x_wconf 82' lang='lat' dir='ltr'><strong>barbarica</strong></span> <span class='ocrx_word' id='word_1_163' title='bbox 1690 385 1715 411; x_wconf 89' lang='lat' dir='ltr'><strong>vi</strong></span> <span class='ocrx_word' id='word_1_164' title='bbox 1733 390 1843 419; x_wconf 86' lang='lat' dir='ltr'><strong>captum</strong></span> 
     </span>
    </p>
   </div>
   <div class='ocr_carea' id='block_1_25' title="bbox 1059 421 1843 463">
    <p class='ocr_par' dir='ltr' id='par_1_25' title="bbox 1059 421 1843 463">
     <span class='ocr_line' id='line_1_25' title="bbox 1059 421 1843 463; baseline 0.013 -16"><span class='ocrx_word' id='word_1_165' title='bbox 1059 421 1214 450; x_wconf 86' lang='lat' dir='ltr'><strong>interiisse:</strong></span> <span class='ocrx_word' id='word_1_166' title='bbox 1230 431 1283 449; x_wconf 86' lang='lat' dir='ltr'><strong>non</strong></span> <span class='ocrx_word' id='word_1_167' title='bbox 1306 424 1392 458; x_wconf 77' lang='lat' dir='ltr'><strong>magis</strong></span> <span class='ocrx_word' id='word_1_168' title='bbox 1416 423 1469 451; x_wconf 72' lang='lat' dir='ltr'><strong>lzeti</strong></span> <span class='ocrx_word' id='word_1_169' title='bbox 1495 425 1528 452; x_wconf 92' lang='lat' dir='ltr'><strong>de</strong></span> <span class='ocrx_word' id='word_1_170' title='bbox 1555 426 1737 462; x_wconf 80' lang='lat' dir='ltr'><strong>interemptis,</strong></span> <span class='ocrx_word' id='word_1_171' title='bbox 1762 437 1843 463; x_wconf 85' lang='lat' dir='ltr'><strong>quam</strong></span> 
     </span>
    </p>
   </div>
   <div class='ocr_carea' id='block_1_26' title="bbox 1059 468 1844 503">
    <p class='ocr_par' dir='ltr' id='par_1_26' title="bbox 1059 468 1844 503">
     <span class='ocr_line' id='line_1_26' title="bbox 1059 468 1844 503; baseline 0.01 -10"><span class='ocrx_word' id='word_1_172' title='bbox 1059 468 1149 495; x_wconf 81' lang='lat' dir='ltr'><strong>tristes</strong></span> <span class='ocrx_word' id='word_1_173' title='bbox 1169 470 1203 495; x_wconf 86' lang='lat' dir='ltr'><strong>de</strong></span> <span class='ocrx_word' id='word_1_174' title='bbox 1215 469 1301 496; x_wconf 88' lang='lat' dir='ltr'><strong>salute</strong></span> <span class='ocrx_word' id='word_1_175' title='bbox 1316 469 1381 503; x_wconf 85' lang='lat' dir='ltr'><strong>justi</strong></span> <span class='ocrx_word' id='word_1_176' title='bbox 1400 469 1525 498; x_wconf 80' lang='lat' dir='ltr'><strong>viventis.</strong></span> <span class='ocrx_word' id='word_1_177' title='bbox 1542 471 1618 503; x_wconf 82' lang='lat' dir='ltr'><strong>Quod</strong></span> <span class='ocrx_word' id='word_1_178' title='bbox 1634 473 1734 500; x_wconf 86' lang='lat' dir='ltr'><strong>mirum</strong></span> <span class='ocrx_word' id='word_1_179' title='bbox 1757 475 1844 502; x_wconf 79' lang='lat' dir='ltr'><strong>videri</strong></span> 
     </span>
    </p>
   </div>
   <div class='ocr_carea' id='block_1_27' title="bbox 1058 514 1845 552">
    <p class='ocr_par' dir='ltr' id='par_1_27' title="bbox 1058 514 1845 552">
     <span class='ocr_line' id='line_1_27' title="bbox 1058 514 1845 552; baseline 0.01 -13"><span class='ocrx_word' id='word_1_180' title='bbox 1058 521 1111 539; x_wconf 91' lang='lat' dir='ltr'><strong>non</strong></span> <span class='ocrx_word' id='word_1_181' title='bbox 1119 514 1215 540; x_wconf 85' lang='lat' dir='ltr'><strong>debet:</strong></span> <span class='ocrx_word' id='word_1_182' title='bbox 1228 522 1304 541; x_wconf 89' lang='lat' dir='ltr'><strong>mens</strong></span> <span class='ocrx_word' id='word_1_183' title='bbox 1313 514 1384 541; x_wconf 84' lang='lat' dir='ltr'><strong>enim</strong></span> <span class='ocrx_word' id='word_1_184' title='bbox 1393 516 1464 541; x_wconf 91' lang='lat' dir='ltr'><strong>omni</strong></span> <span class='ocrx_word' id='word_1_185' title='bbox 1474 516 1608 544; x_wconf 87' lang='lat' dir='ltr'><strong>charitate</strong></span> <span class='ocrx_word' id='word_1_186' title='bbox 1618 517 1755 552; x_wconf 83' lang='lat' dir='ltr'><strong>destituta,</strong></span> <span class='ocrx_word' id='word_1_187' title='bbox 1768 519 1845 547; x_wconf 79' lang='lat' dir='ltr'><strong>odio-</strong></span> 
     </span>
    </p>
   </div>
   <div class='ocr_carea' id='block_1_28' title="bbox 1057 559 1843 599">
    <p class='ocr_par' dir='ltr' id='par_1_28' title="bbox 1057 559 1843 599">
     <span class='ocr_line' id='line_1_28' title="bbox 1057 559 1843 599; baseline 0.011 -15"><span class='ocrx_word' id='word_1_188' title='bbox 1057 566 1109 592; x_wconf 85' lang='lat' dir='ltr'><strong>que</strong></span> <span class='ocrx_word' id='word_1_189' title='bbox 1125 559 1232 593; x_wconf 79' lang='lat' dir='ltr'><strong>penitus</strong></span> <span class='ocrx_word' id='word_1_190' title='bbox 1248 559 1360 591; x_wconf 84' lang='lat' dir='ltr'><strong>imbuta,</strong></span> <span class='ocrx_word' id='word_1_191' title='bbox 1374 560 1447 588; x_wconf 85' lang='lat' dir='ltr'><strong>velut</strong></span> <span class='ocrx_word' id='word_1_192' title='bbox 1458 561 1520 596; x_wconf 75' lang='lat' dir='ltr'><strong>igne</strong></span> <span class='ocrx_word' id='word_1_193' title='bbox 1535 562 1656 596; x_wconf 84' lang='lat' dir='ltr'><strong>subjecto</strong></span> <span class='ocrx_word' id='word_1_194' title='bbox 1669 571 1843 599; x_wconf 70' lang='lat' dir='ltr'><strong>consumpta.</strong></span> 
     </span>
    </p>
   </div>
   <div class='ocr_carea' id='block_1_29' title="bbox 1056 604 1844 644">
    <p class='ocr_par' dir='ltr' id='par_1_29' title="bbox 1056 604 1844 644">
     <span class='ocr_line' id='line_1_29' title="bbox 1056 604 1844 644; baseline 0.011 -14"><span class='ocrx_word' id='word_1_195' title='bbox 1056 604 1115 638; x_wconf 88' lang='lat' dir='ltr'><strong>ejus</strong></span> <span class='ocrx_word' id='word_1_196' title='bbox 1128 612 1207 639; x_wconf 83' lang='lat' dir='ltr'><strong>quem</strong></span> <span class='ocrx_word' id='word_1_197' title='bbox 1226 605 1293 637; x_wconf 91' lang='lat' dir='ltr'><strong>odit,</strong></span> <span class='ocrx_word' id='word_1_198' title='bbox 1312 606 1437 640; x_wconf 76' lang='lat' dir='ltr'><strong>exitium,</strong></span> <span class='ocrx_word' id='word_1_199' title='bbox 1463 607 1571 635; x_wconf 87' lang='lat' dir='ltr'><strong>unicum</strong></span> <span class='ocrx_word' id='word_1_200' title='bbox 1601 614 1678 644; x_wconf 83' lang='lat' dir='ltr'><strong>putat</strong></span> <span class='ocrx_word' id='word_1_201' title='bbox 1708 611 1772 638; x_wconf 81' lang='lat' dir='ltr'><strong>ntali</strong></span> <span class='ocrx_word' id='word_1_202' title='bbox 1800 612 1844 639; x_wconf 90' lang='lat' dir='ltr'><strong>sui</strong></span> 
     </span>
    </p>
   </div>
   <div class='ocr_carea' id='block_1_30' title="bbox 1055 649 1844 688">
    <p class='ocr_par' dir='ltr' id='par_1_30' title="bbox 1055 649 1844 688">
     <span class='ocr_line' id='line_1_30' title="bbox 1055 649 1844 688; baseline 0.01 -12"><span class='ocrx_word' id='word_1_203' title='bbox 1055 649 1248 677; x_wconf 76' lang='lat' dir='ltr'><strong>levamentum.</strong></span> <span class='ocrx_word' id='word_1_204' title='bbox 1262 650 1315 678; x_wconf 88' lang='lat' dir='ltr'><strong>Nec</strong></span> <span class='ocrx_word' id='word_1_205' title='bbox 1332 652 1447 679; x_wconf 88' lang='lat' dir='ltr'><strong>multum</strong></span> <span class='ocrx_word' id='word_1_206' title='bbox 1461 655 1591 688; x_wconf 89' lang='lat' dir='ltr'><strong>temporis</strong></span> <span class='ocrx_word' id='word_1_207' title='bbox 1605 654 1695 687; x_wconf 83' lang='lat' dir='ltr'><strong>ﬂuxit,</strong></span> <span class='ocrx_word' id='word_1_208' title='bbox 1722 661 1751 684; x_wconf 82' lang='lat' dir='ltr'><strong>et</strong></span> <span class='ocrx_word' id='word_1_209' title='bbox 1778 665 1844 684; x_wconf 88' lang='lat' dir='ltr'><strong>rur-</strong></span> 
     </span>
    </p>
   </div>
   <div class='ocr_carea' id='block_1_31' title="bbox 1056 697 1842 736">
    <p class='ocr_par' dir='ltr' id='par_1_31' title="bbox 1056 697 1842 736">
     <span class='ocr_line' id='line_1_31' title="bbox 1056 697 1842 736; baseline 0.011 -14"><span class='ocrx_word' id='word_1_210' title='bbox 1056 703 1116 722; x_wconf 89' lang='lat' dir='ltr'><strong>sum</strong></span> <span class='ocrx_word' id='word_1_211' title='bbox 1130 697 1321 730; x_wconf 79' lang='lat' dir='ltr'><strong>conciliabula,</strong></span> <span class='ocrx_word' id='word_1_212' title='bbox 1342 706 1439 726; x_wconf 80' lang='lat' dir='ltr'><strong>rursus</strong></span> <span class='ocrx_word' id='word_1_213' title='bbox 1464 699 1616 734; x_wconf 86' lang='lat' dir='ltr'><strong>principum</strong></span> <span class='ocrx_word' id='word_1_214' title='bbox 1637 706 1664 728; x_wconf 86' lang='lat' dir='ltr'><strong>ct</strong></span> <span class='ocrx_word' id='word_1_215' title='bbox 1683 702 1842 736; x_wconf 84' lang='lat' dir='ltr'><strong>pontiﬁcum</strong></span> 
     </span>
    </p>
   </div>
   <div class='ocr_carea' id='block_1_32' title="bbox 1055 741 1841 784">
    <p class='ocr_par' dir='ltr' id='par_1_32' title="bbox 1055 741 1841 784">
     <span class='ocr_line' id='line_1_32' title="bbox 1055 741 1841 784; baseline 0.013 -16"><span class='ocrx_word' id='word_1_216' title='bbox 1055 741 1187 770; x_wconf 81' lang='lat' dir='ltr'><strong>adversus</strong></span> <span class='ocrx_word' id='word_1_217' title='bbox 1215 748 1340 771; x_wconf 88' lang='lat' dir='ltr'><strong>sanctum</strong></span> <span class='ocrx_word' id='word_1_218' title='bbox 1365 746 1564 773; x_wconf 84' lang='lat' dir='ltr'><strong>conventicula.</strong></span> <span class='ocrx_word' id='word_1_219' title='bbox 1601 747 1690 782; x_wconf 84' lang='lat' dir='ltr'><strong>Atque</strong></span> <span class='ocrx_word' id='word_1_220' title='bbox 1720 749 1841 784; x_wconf 69' lang='lat' dir='ltr'><strong>lgltatius</strong></span> 
     </span>
    </p>
   </div>
   <div class='ocr_carea' id='block_1_33' title="bbox 1055 787 1843 829">
    <p class='ocr_par' dir='ltr' id='par_1_33' title="bbox 1055 787 1843 829">
     <span class='ocr_line' id='line_1_33' title="bbox 1055 787 1843 829; baseline 0.013 -17"><span class='ocrx_word' id='word_1_221' title='bbox 1055 787 1165 821; x_wconf 81' lang='lat' dir='ltr'><strong>quidem</strong></span> <span class='ocrx_word' id='word_1_222' title='bbox 1183 788 1209 814; x_wconf 94' lang='lat' dir='ltr'><strong>in</strong></span> <span class='ocrx_word' id='word_1_223' title='bbox 1226 788 1330 816; x_wconf 69' lang='lat' dir='ltr'><strong>uadibus</strong></span> <span class='ocrx_word' id='word_1_224' title='bbox 1344 789 1446 817; x_wconf 87' lang='lat' dir='ltr'><strong>Poscos</strong></span> <span class='ocrx_word' id='word_1_225' title='bbox 1457 791 1626 824; x_wconf 82' lang='lat' dir='ltr'><strong>morabatur,</strong></span> <span class='ocrx_word' id='word_1_226' title='bbox 1639 792 1843 829; x_wconf 82' lang='lat' dir='ltr'><strong>insidiosasque</strong></span> 
     </span>
    </p>
   </div>
   <div class='ocr_carea' id='block_1_34' title="bbox 214 822 1001 875">
    <p class='ocr_par' dir='ltr' id='par_1_34' title="bbox 214 827 1001 868">
     <span class='ocr_line' id='line_1_34' title="bbox 214 827 1001 868; baseline 0.01 -16"><span class='ocrx_word' id='word_1_227' title='bbox 214 827 246 852; x_wconf 72' lang='grc' dir='ltr'>οὐ</span> <span class='ocrx_word' id='word_1_228' title='bbox 261 827 427 861; x_wconf 77' lang='grc' dir='ltr'>θαυμαστόν.</span> <span class='ocrx_word' id='word_1_229' title='bbox 457 829 537 864; x_wconf 80' lang='grc' dir='ltr'><strong>Ψυχὴ</strong></span> <span class='ocrx_word' id='word_1_230' title='bbox 557 830 613 864; x_wconf 81' lang='grc' dir='ltr'><strong>γὰρ</strong></span> <span class='ocrx_word' id='word_1_231' title='bbox 638 831 713 856; x_wconf 83' lang='grc' dir='ltr'>πᾶσα</span> <span class='ocrx_word' id='word_1_232' title='bbox 737 831 787 865; x_wconf 78' lang='grc' dir='ltr'>τῆς</span> <span class='ocrx_word' id='word_1_233' title='bbox 811 832 920 866; x_wconf 78' lang='grc' dir='ltr'><strong>ἀγάπης</strong></span> <span class='ocrx_word' id='word_1_234' title='bbox 953 833 1001 868; x_wconf 81' lang='grc' dir='ltr'><strong>μὲν</strong></span> 
     </span>
    </p>
   </div>
   <div class='ocr_carea' id='block_1_35' title="bbox 1052 822 1841 875">
    <p class='ocr_par' dir='ltr' id='par_1_35' title="bbox 1055 834 1841 875">
     <span class='ocr_line' id='line_1_35' title="bbox 1055 834 1841 875; baseline 0.013 -17"><span class='ocrx_word' id='word_1_235' title='bbox 1055 837 1149 859; x_wconf 83' lang='lat' dir='ltr'><strong>contra</strong></span> <span class='ocrx_word' id='word_1_236' title='bbox 1163 841 1192 860; x_wconf 86' lang='lat' dir='ltr'><strong>sc</strong></span> <span class='ocrx_word' id='word_1_237' title='bbox 1203 834 1419 875; x_wconf 75' lang='lat' dir='ltr'><strong>machinationes</strong></span> <span class='ocrx_word' id='word_1_238' title='bbox 1434 836 1606 864; x_wconf 87' lang='lat' dir='ltr'><strong>observabat.</strong></span> <span class='ocrx_word' id='word_1_239' title='bbox 1623 838 1736 866; x_wconf 79' lang='lat' dir='ltr'><strong>Photius</strong></span> <span class='ocrx_word' id='word_1_240' title='bbox 1749 845 1841 868; x_wconf 76' lang='lat' dir='ltr'><strong>autem</strong></span> 
     </span>
    </p>
   </div>
   <div class='ocr_carea' id='block_1_36' title="bbox 216 871 1002 912">
    <p class='ocr_par' dir='ltr' id='par_1_36' title="bbox 216 871 1002 912">
     <span class='ocr_line' id='line_1_36' title="bbox 216 871 1002 912; baseline 0.009 -14"><span class='ocrx_word' id='word_1_241' title='bbox 216 871 426 908; x_wconf 79' lang='grc' dir='ltr'>ἀλλοτριωθεῖσα</span> <span class='ocrx_word' id='word_1_242' title='bbox 436 894 443 906; x_wconf 88' lang='grc'><strong>,</strong></span> <span class='ocrx_word' id='word_1_243' title='bbox 458 874 504 900; x_wconf 85' lang='grc' dir='ltr'>τοῦ</span> <span class='ocrx_word' id='word_1_244' title='bbox 516 875 544 901; x_wconf 85' lang='grc' dir='ltr'>δὲ</span> <span class='ocrx_word' id='word_1_245' title='bbox 561 875 655 909; x_wconf 80' lang='grc' dir='ltr'><strong>μίσους</strong></span> <span class='ocrx_word' id='word_1_246' title='bbox 670 876 884 912; x_wconf 82' lang='grc' dir='ltr'>ἁναπλησθεῖσα,</span> <span class='ocrx_word' id='word_1_247' title='bbox 901 879 948 905; x_wconf 82' lang='grc' dir='ltr'><strong>καὶ</strong></span> <span class='ocrx_word' id='word_1_248' title='bbox 965 880 1002 912; x_wconf 82' lang='grc' dir='ltr'><strong>ὡς</strong></span> 
     </span>
    </p>
   </div>
   <div class='ocr_carea' id='block_1_37' title="bbox 215 917 1001 958">
    <p class='ocr_par' dir='ltr' id='par_1_37' title="bbox 215 917 1001 958">
     <span class='ocr_line' id='line_1_37' title="bbox 215 917 1001 958; baseline 0.01 -15"><span class='ocrx_word' id='word_1_249' title='bbox 215 917 303 952; x_wconf 74' lang='grc' dir='ltr'>πυρὸς</span> <span class='ocrx_word' id='word_1_250' title='bbox 315 917 361 944; x_wconf 79' lang='grc' dir='ltr'><strong>ὑπ’</strong></span> <span class='ocrx_word' id='word_1_251' title='bbox 376 919 459 945; x_wconf 77' lang='grc' dir='ltr'>αὑτοῦ</span> <span class='ocrx_word' id='word_1_252' title='bbox 475 919 655 956; x_wconf 79' lang='grc' dir='ltr'>δαπανωμένη</span> <span class='ocrx_word' id='word_1_253' title='bbox 665 941 672 953; x_wconf 87' lang='grc'><strong>,</strong></span> <span class='ocrx_word' id='word_1_254' title='bbox 693 922 757 956; x_wconf 87' lang='grc' dir='ltr'>μίαν</span> <span class='ocrx_word' id='word_1_255' title='bbox 774 922 877 958; x_wconf 81' lang='grc' dir='ltr'>ταύτης</span> <span class='ocrx_word' id='word_1_256' title='bbox 891 925 1001 958; x_wconf 81' lang='grc' dir='ltr'>ἡγεῖται</span> 
     </span>
    </p>
   </div>
   <div class='ocr_carea' id='block_1_38' title="bbox 214 962 1001 1004">
    <p class='ocr_par' dir='ltr' id='par_1_38' title="bbox 214 962 1001 1004">
     <span class='ocr_line' id='line_1_38' title="bbox 214 962 1001 1004; baseline 0.011 -16"><span class='ocrx_word' id='word_1_257' title='bbox 214 962 262 988; x_wconf 84' lang='grc' dir='ltr'><strong>τοῦ</strong></span> <span class='ocrx_word' id='word_1_258' title='bbox 278 963 379 996; x_wconf 75' lang='grc' dir='ltr'>πάθους</span> <span class='ocrx_word' id='word_1_259' title='bbox 391 965 543 1000; x_wconf 70' lang='grc' dir='ltr'>ἀναψυχὴν,</span> <span class='ocrx_word' id='word_1_260' title='bbox 555 966 605 1000; x_wconf 85' lang='grc' dir='ltr'>τὴν</span> <span class='ocrx_word' id='word_1_261' title='bbox 621 967 756 994; x_wconf 82' lang='grc' dir='ltr'>ἀπώλειαν</span> <span class='ocrx_word' id='word_1_262' title='bbox 766 969 811 994; x_wconf 81' lang='grc' dir='ltr'>τοῦ</span> <span class='ocrx_word' id='word_1_263' title='bbox 825 971 1001 1004; x_wconf 84' lang='grc' dir='ltr'>μισουμένου.</span> 
     </span>
    </p>
   </div>
   <div class='ocr_carea' id='block_1_39' title="bbox 215 1009 1000 1052">
    <p class='ocr_par' dir='ltr' id='par_1_39' title="bbox 215 1009 1000 1052">
     <span class='ocr_line' id='line_1_39' title="bbox 215 1009 1000 1052; baseline 0.011 -18"><span class='ocrx_word' id='word_1_264' title='bbox 215 1009 252 1034; x_wconf 83' lang='grc' dir='ltr'><strong>Οὐ</strong></span> <span class='ocrx_word' id='word_1_265' title='bbox 270 1009 338 1035; x_wconf 79' lang='grc' dir='ltr'>πολὺ</span> <span class='ocrx_word' id='word_1_266' title='bbox 355 1010 385 1036; x_wconf 81' lang='grc' dir='ltr'><strong>τὸ</strong></span> <span class='ocrx_word' id='word_1_267' title='bbox 404 1010 432 1036; x_wconf 81' lang='grc' dir='ltr'><strong>ἐν</strong></span> <span class='ocrx_word' id='word_1_268' title='bbox 447 1011 532 1046; x_wconf 83' lang='grc' dir='ltr'><strong>μέσῳ,</strong></span> <span class='ocrx_word' id='word_1_269' title='bbox 549 1012 594 1038; x_wconf 77' lang='grc' dir='ltr'><strong>καὶ</strong></span> <span class='ocrx_word' id='word_1_270' title='bbox 609 1012 689 1039; x_wconf 85' lang='grc' dir='ltr'>πάλιν</span> <span class='ocrx_word' id='word_1_271' title='bbox 706 1015 842 1049; x_wconf 70' lang='grc' dir='ltr'>συνέδρια,</span> <span class='ocrx_word' id='word_1_272' title='bbox 859 1016 939 1042; x_wconf 74' lang='grc' dir='ltr'>πάλιν</span> <span class='ocrx_word' id='word_1_273' title='bbox 949 1018 1000 1052; x_wconf 83' lang='grc' dir='ltr'><strong>ἀρ-</strong></span> 
     </span>
    </p>
   </div>
   <div class='ocr_carea' id='block_1_40' title="bbox 214 1053 998 1097">
    <p class='ocr_par' dir='ltr' id='par_1_40' title="bbox 214 1053 998 1097">
     <span class='ocr_line' id='line_1_40' title="bbox 214 1053 998 1097; baseline 0.013 -18"><span class='ocrx_word' id='word_1_274' title='bbox 214 1053 315 1088; x_wconf 81' lang='grc' dir='ltr'>χόντων</span> <span class='ocrx_word' id='word_1_275' title='bbox 332 1055 378 1081; x_wconf 75' lang='grc' dir='ltr'><strong>καὶ</strong></span> <span class='ocrx_word' id='word_1_276' title='bbox 392 1056 542 1091; x_wconf 74' lang='grc' dir='ltr'>ἀρχιερέων</span> <span class='ocrx_word' id='word_1_277' title='bbox 559 1058 628 1084; x_wconf 79' lang='grc' dir='ltr'>κατὰ</span> <span class='ocrx_word' id='word_1_278' title='bbox 643 1059 689 1085; x_wconf 79' lang='grc' dir='ltr'>τοῦ</span> <span class='ocrx_word' id='word_1_279' title='bbox 708 1059 796 1086; x_wconf 78' lang='grc' dir='ltr'>ἀοὼου</span> <span class='ocrx_word' id='word_1_280' title='bbox 811 1061 998 1097; x_wconf 80' lang='grc' dir='ltr'>βουλευτήρια·</span> 
     </span>
    </p>
   </div>
   <div class='ocr_carea' id='block_1_41' title="bbox 214 1098 999 1142">
    <p class='ocr_par' dir='ltr' id='par_1_41' title="bbox 214 1098 999 1142">
     <span class='ocr_line' id='line_1_41' title="bbox 214 1098 999 1142; baseline 0.013 -17"><span class='ocrx_word' id='word_1_281' title='bbox 214 1099 289 1134; x_wconf 78' lang='grc' dir='ltr'>ὁμὲν</span> <span class='ocrx_word' id='word_1_282' title='bbox 308 1098 356 1127; x_wconf 76' lang='grc' dir='ltr'><strong>οὖν</strong></span> <span class='ocrx_word' id='word_1_283' title='bbox 376 1102 416 1130; x_wconf 79' lang='grc' dir='ltr'>εἰς</span> <span class='ocrx_word' id='word_1_284' title='bbox 431 1102 464 1128; x_wconf 82' lang='grc' dir='ltr'>τὰ</span> <span class='ocrx_word' id='word_1_285' title='bbox 490 1103 599 1134; x_wconf 86' lang='grc' dir='ltr'>Ποσέως</span> <span class='ocrx_word' id='word_1_286' title='bbox 619 1104 746 1139; x_wconf 76' lang='grc' dir='ltr'>ἐκάθητο,</span> <span class='ocrx_word' id='word_1_287' title='bbox 767 1106 816 1142; x_wconf 79' lang='grc' dir='ltr'><strong>τὴν</strong></span> <span class='ocrx_word' id='word_1_288' title='bbox 832 1109 893 1134; x_wconf 79' lang='grc' dir='ltr'>κατ’</span> <span class='ocrx_word' id='word_1_289' title='bbox 917 1109 999 1135; x_wconf 76' lang='grc' dir='ltr'>αὐτοῦ</span> 
     </span>
    </p>
   </div>
   <div class='ocr_carea' id='block_1_42' title="bbox 216 1145 1000 1186">
    <p class='ocr_par' dir='ltr' id='par_1_42' title="bbox 216 1145 1000 1186">
     <span class='ocr_line' id='line_1_42' title="bbox 216 1145 1000 1186; baseline 0.014 -16"><span class='ocrx_word' id='word_1_290' title='bbox 216 1145 370 1180; x_wconf 79' lang='grc' dir='ltr'><strong>σκευωρίαν</strong></span> <span class='ocrx_word' id='word_1_291' title='bbox 384 1145 572 1181; x_wconf 63' lang='grc' dir='ltr'>ὑφορώμενος.</span> <span class='ocrx_word' id='word_1_292' title='bbox 597 1148 697 1180; x_wconf 81' lang='grc' dir='ltr'>Φώτιος</span> <span class='ocrx_word' id='word_1_293' title='bbox 713 1150 741 1177; x_wconf 80' lang='grc' dir='ltr'>δὲ</span> <span class='ocrx_word' id='word_1_294' title='bbox 758 1151 807 1186; x_wconf 82' lang='grc' dir='ltr'>τὴν</span> <span class='ocrx_word' id='word_1_295' title='bbox 835 1153 895 1178; x_wconf 77' lang='grc' dir='ltr'>κατ’</span> <span class='ocrx_word' id='word_1_296' title='bbox 919 1154 1000 1180; x_wconf 75' lang='grc' dir='ltr'>αὑτὸν</span> 
     </span>
    </p>
   </div>
   <div class='ocr_carea' id='block_1_43' title="bbox 214 1190 999 1232">
    <p class='ocr_par' dir='ltr' id='par_1_43' title="bbox 214 1190 999 1232">
     <span class='ocr_line' id='line_1_43' title="bbox 214 1190 999 1232; baseline 0.014 -17"><span class='ocrx_word' id='word_1_297' title='bbox 214 1190 363 1225; x_wconf 75' lang='grc' dir='ltr'>ἐκκλησίαν</span> <span class='ocrx_word' id='word_1_298' title='bbox 379 1192 426 1218; x_wconf 72' lang='grc' dir='ltr'><strong>καὶ</strong></span> <span class='ocrx_word' id='word_1_299' title='bbox 441 1193 503 1224; x_wconf 86' lang='grc' dir='ltr'>τοὺς</span> <span class='ocrx_word' id='word_1_300' title='bbox 517 1193 571 1219; x_wconf 81' lang='grc' dir='ltr'><strong>ἀπὸ</strong></span> <span class='ocrx_word' id='word_1_301' title='bbox 585 1194 635 1228; x_wconf 80' lang='grc' dir='ltr'><strong>’τῆς</strong></span> <span class='ocrx_word' id='word_1_302' title='bbox 654 1195 762 1231; x_wconf 86' lang='grc' dir='ltr'>Ῥώμης</span> <span class='ocrx_word' id='word_1_303' title='bbox 777 1197 893 1232; x_wconf 75' lang='grc' dir='ltr'>ἥκοντας</span> <span class='ocrx_word' id='word_1_304' title='bbox 910 1199 999 1227; x_wconf 76' lang='grc' dir='ltr'>λαϐὼν</span> 
     </span>
    </p>
   </div>
   <div class='ocr_carea' id='block_1_44' title="bbox 214 1238 999 1280">
    <p class='ocr_par' dir='ltr' id='par_1_44' title="bbox 214 1238 999 1280">
     <span class='ocr_line' id='line_1_44' title="bbox 214 1238 999 1280; baseline 0.014 -19"><span class='ocrx_word' id='word_1_305' title='bbox 214 1238 414 1272; x_wconf 78' lang='grc' dir='ltr'>τοποτηρητὰς,</span> <span class='ocrx_word' id='word_1_306' title='bbox 432 1238 477 1280; x_wconf 60' lang='grc' dir='ltr'><strong>τδν</strong></span> <span class='ocrx_word' id='word_1_307' title='bbox 495 1239 566 1274; x_wconf 79' lang='grc' dir='ltr'>ἱερὸν</span> <span class='ocrx_word' id='word_1_308' title='bbox 581 1239 635 1266; x_wconf 84' lang='grc' dir='ltr'>τῶν</span> <span class='ocrx_word' id='word_1_309' title='bbox 655 1241 825 1269; x_wconf 82' lang='grc' dir='ltr'>Ἀποστὸλων</span> <span class='ocrx_word' id='word_1_310' title='bbox 841 1245 999 1280; x_wconf 79' lang='grc' dir='ltr'>κατειλήφει</span> 
     </span>
    </p>
   </div>
   <div class='ocr_carea' id='block_1_45' title="bbox 214 1278 999 1324">
    <p class='ocr_par' dir='ltr' id='par_1_45' title="bbox 214 1278 999 1324">
     <span class='ocr_line' id='line_1_45' title="bbox 214 1278 999 1324; baseline 0.014 -17"><span class='ocrx_word' id='word_1_311' title='bbox 214 1281 287 1309; x_wconf 80' lang='grc' dir='ltr'>ναόν.</span> <span class='ocrx_word' id='word_1_312' title='bbox 306 1283 436 1318; x_wconf 79' lang='grc' dir='ltr'><strong>Παρῆσαν</strong></span> <span class='ocrx_word' id='word_1_313' title='bbox 450 1278 498 1310; x_wconf 67' lang='grc' dir='ltr'><strong>καὶ</strong></span> <span class='ocrx_word' id='word_1_314' title='bbox 510 1286 534 1311; x_wconf 86' lang='grc' dir='ltr'><strong>οἱ</strong></span> <span class='ocrx_word' id='word_1_315' title='bbox 549 1286 682 1321; x_wconf 75' lang='grc' dir='ltr'><strong>βασιλεῖς,</strong></span> <span class='ocrx_word' id='word_1_316' title='bbox 701 1290 826 1323; x_wconf 84' lang='grc' dir='ltr'>παρῆσαν</span> <span class='ocrx_word' id='word_1_317' title='bbox 839 1291 885 1316; x_wconf 81' lang='grc' dir='ltr'>καὶ</span> <span class='ocrx_word' id='word_1_318' title='bbox 900 1292 999 1324; x_wconf 85' lang='grc' dir='ltr'>πάντες</span> 
     </span>
    </p>
   </div>
   <div class='ocr_carea' id='block_1_46' title="bbox 212 1327 997 1370">
    <p class='ocr_par' dir='ltr' id='par_1_46' title="bbox 212 1327 997 1370">
     <span class='ocr_line' id='line_1_46' title="bbox 212 1327 997 1370; baseline 0.011 -18"><span class='ocrx_word' id='word_1_319' title='bbox 212 1327 238 1352; x_wconf 82' lang='grc' dir='ltr'>οἱ</span> <span class='ocrx_word' id='word_1_320' title='bbox 253 1327 391 1362; x_wconf 80' lang='grc' dir='ltr'>ἄρχοντες,</span> <span class='ocrx_word' id='word_1_321' title='bbox 405 1331 452 1356; x_wconf 71' lang='grc' dir='ltr'><strong>καὶ</strong></span> <span class='ocrx_word' id='word_1_322' title='bbox 467 1331 542 1357; x_wconf 80' lang='grc' dir='ltr'>πᾶσα</span> <span class='ocrx_word' id='word_1_323' title='bbox 559 1332 652 1366; x_wconf 78' lang='grc' dir='ltr'>σχεδὸν</span> <span class='ocrx_word' id='word_1_324' title='bbox 667 1333 682 1366; x_wconf 88' lang='grc' dir='ltr'>ἡ</span> <span class='ocrx_word' id='word_1_325' title='bbox 699 1333 774 1365; x_wconf 78' lang='grc' dir='ltr'>πόλις</span> <span class='ocrx_word' id='word_1_326' title='bbox 788 1335 913 1370; x_wconf 80' lang='grc' dir='ltr'>παρῆσαν</span> <span class='ocrx_word' id='word_1_327' title='bbox 930 1337 997 1364; x_wconf 80' lang='grc' dir='ltr'>ἐκεῖ.</span> 
     </span>
    </p>
   </div>
   <div class='ocr_carea' id='block_1_47' title="bbox 220 1372 999 1419">
    <p class='ocr_par' dir='ltr' id='par_1_47' title="bbox 220 1372 999 1419">
     <span class='ocr_line' id='line_1_47' title="bbox 220 1372 999 1419; baseline 0.014 -21"><span class='ocrx_word' id='word_1_328' title='bbox 220 1373 328 1408; x_wconf 84' lang='grc' dir='ltr'>Ἐπειδὴ</span> <span class='ocrx_word' id='word_1_329' title='bbox 351 1372 397 1401; x_wconf 73' lang='grc' dir='ltr'><strong>οὖν</strong></span> <span class='ocrx_word' id='word_1_330' title='bbox 424 1376 663 1411; x_wconf 83' lang='grc' dir='ltr'>συνεληλύθεισαν,</span> <span class='ocrx_word' id='word_1_331' title='bbox 691 1379 799 1415; x_wconf 77' lang='grc' dir='ltr'>πρῶτον</span> <span class='ocrx_word' id='word_1_332' title='bbox 823 1382 872 1416; x_wconf 81' lang='grc' dir='ltr'>μὲν</span> <span class='ocrx_word' id='word_1_333' title='bbox 892 1382 999 1419; x_wconf 83' lang='grc' dir='ltr'>Βαάνην</span> 
     </span>
    </p>
   </div>
   <div class='ocr_carea' id='block_1_48' title="bbox 213 1420 999 1461">
    <p class='ocr_par' dir='ltr' id='par_1_48' title="bbox 213 1420 999 1461">
     <span class='ocr_line' id='line_1_48' title="bbox 213 1420 999 1461; baseline 0.015 -18"><span class='ocrx_word' id='word_1_334' title='bbox 213 1420 403 1453; x_wconf 83' lang='grc' dir='ltr'>πραιπόσιτον,</span> <span class='ocrx_word' id='word_1_335' title='bbox 421 1420 465 1447; x_wconf 79' lang='grc' dir='ltr'>τὸν</span> <span class='ocrx_word' id='word_1_336' title='bbox 484 1422 617 1458; x_wconf 79' lang='grc' dir='ltr'><strong>Ἀγγορὴν</strong></span> <span class='ocrx_word' id='word_1_337' title='bbox 640 1425 864 1461; x_wconf 73' lang='grc' dir='ltr'><strong>ἐπικαλούμενον,</strong></span> <span class='ocrx_word' id='word_1_338' title='bbox 890 1429 937 1454; x_wconf 78' lang='grc' dir='ltr'><strong>καὶ</strong></span> <span class='ocrx_word' id='word_1_339' title='bbox 952 1429 999 1455; x_wconf 85' lang='grc' dir='ltr'><strong>ἄλ-</strong></span> 
     </span>
    </p>
   </div>
   <div class='ocr_carea' id='block_1_49' title="bbox 212 1462 998 1508">
    <p class='ocr_par' dir='ltr' id='par_1_49' title="bbox 212 1462 998 1508">
     <span class='ocr_line' id='line_1_49' title="bbox 212 1462 998 1508; baseline 0.014 -19"><span class='ocrx_word' id='word_1_340' title='bbox 212 1462 274 1495; x_wconf 83' lang='grc' dir='ltr'>λους</span> <span class='ocrx_word' id='word_1_341' title='bbox 288 1464 316 1491; x_wconf 79' lang='grc' dir='ltr'><strong>δέ</strong></span> <span class='ocrx_word' id='word_1_342' title='bbox 330 1474 405 1495; x_wconf 78' lang='grc' dir='ltr'>τινας</span> <span class='ocrx_word' id='word_1_343' title='bbox 420 1466 646 1503; x_wconf 78' lang='grc' dir='ltr'><strong>ἐξουθενημένους</strong></span> <span class='ocrx_word' id='word_1_344' title='bbox 664 1470 815 1504; x_wconf 78' lang='grc' dir='ltr'>Ῥωμαίους</span> <span class='ocrx_word' id='word_1_345' title='bbox 829 1473 895 1508; x_wconf 75' lang='grc' dir='ltr'>πρὸς</span> <span class='ocrx_word' id='word_1_346' title='bbox 914 1474 998 1508; x_wconf 81' lang='grc' dir='ltr'><strong>Ἰγνά-</strong></span> 
     </span>
    </p>
   </div>
   <div class='ocr_carea' id='block_1_50' title="bbox 212 1498 1035 1554">
    <p class='ocr_par' dir='ltr' id='par_1_50' title="bbox 212 1498 1035 1554">
     <span class='ocr_line' id='line_1_50' title="bbox 539 1498 985 1508; baseline 0.013 -6"><span class='ocrx_word' id='word_1_347' title='bbox 539 1498 555 1503; x_wconf 84' lang='grc'>..</span> <span class='ocrx_word' id='word_1_348' title='bbox 636 1498 643 1500; x_wconf 90' lang='grc'>.</span> <span class='ocrx_word' id='word_1_349' title='bbox 719 1498 724 1504; x_wconf 97' lang='grc'>.</span> <span class='ocrx_word' id='word_1_350' title='bbox 805 1498 814 1503; x_wconf 87' lang='grc'><strong>-</strong></span> <span class='ocrx_word' id='word_1_351' title='bbox 851 1498 856 1508; x_wconf 74' lang='grc' dir='ltr'><strong>ι</strong></span> <span class='ocrx_word' id='word_1_352' title='bbox 885 1498 894 1505; x_wconf 82' lang='lat'><strong>.</strong></span> <span class='ocrx_word' id='word_1_353' title='bbox 922 1498 985 1508; x_wconf 60' lang='grc' dir='ltr'><strong>ημ-</strong></span> 
     </span>
     <span class='ocr_line' id='line_1_51' title="bbox 212 1498 1035 1554; baseline 0.016 -20"><span class='ocrx_word' id='word_1_354' title='bbox 212 1517 270 1535; x_wconf 69' lang='grc' dir='ltr'>τιον</span> <span class='ocrx_word' id='word_1_355' title='bbox 286 1510 510 1547; x_wconf 82' lang='grc' dir='ltr'>ἀποκρισιαρίους</span> <span class='ocrx_word' id='word_1_356' title='bbox 536 1515 764 1550; x_wconf 78' lang='grc' dir='ltr'>προχειρίζονται.</span> <span class='ocrx_word' id='word_1_357' title='bbox 789 1517 820 1543; x_wconf 76' lang='grc' dir='ltr'><strong>Οἳ</strong></span> <span class='ocrx_word' id='word_1_358' title='bbox 838 1519 885 1545; x_wconf 79' lang='grc' dir='ltr'>καὶ</span> <span class='ocrx_word' id='word_1_359' title='bbox 908 1529 998 1554; x_wconf 81' lang='grc' dir='ltr'>παρα·</span> <span class='ocrx_word' id='word_1_360' title='bbox 1012 1498 1035 1529; x_wconf 80' lang='lat' dir='ltr'><strong><em>C</em></strong></span> 
     </span>
    </p>
   </div>
   <div class='ocr_carea' id='block_1_51' title="bbox 211 1555 1000 1596">
    <p class='ocr_par' dir='ltr' id='par_1_51' title="bbox 211 1555 1000 1596">
     <span class='ocr_line' id='line_1_52' title="bbox 211 1555 1000 1596; baseline 0.014 -16"><span class='ocrx_word' id='word_1_361' title='bbox 211 1555 372 1590; x_wconf 83' lang='grc' dir='ltr'>γενόμενοι,</span> <span class='ocrx_word' id='word_1_362' title='bbox 398 1557 429 1583; x_wconf 85' lang='grc' dir='ltr'><em>Ἦ</em></span> <span class='ocrx_word' id='word_1_363' title='bbox 446 1558 562 1592; x_wconf 83' lang='grc' dir='ltr'>μεγάλη,</span> <span class='ocrx_word' id='word_1_364' title='bbox 578 1561 653 1592; x_wconf 65' lang='grc' dir='ltr'>φασὶ,</span> <span class='ocrx_word' id='word_1_365' title='bbox 666 1561 713 1590; x_wconf 73' lang='grc' dir='ltr'><strong>καὶ</strong></span> <span class='ocrx_word' id='word_1_366' title='bbox 729 1561 789 1596; x_wconf 73' lang='grc' dir='ltr'>ἱερὰ</span> <span class='ocrx_word' id='word_1_367' title='bbox 802 1563 909 1595; x_wconf 78' lang='grc' dir='ltr'>σύνοδος</span> <span class='ocrx_word' id='word_1_368' title='bbox 922 1565 1000 1591; x_wconf 85' lang='grc' dir='ltr'>καλεῖ</span> 
     </span>
    </p>
   </div>
   <div class='ocr_carea' id='block_1_52' title="bbox 212 1600 998 1642">
    <p class='ocr_par' dir='ltr' id='par_1_52' title="bbox 212 1600 998 1642">
     <span class='ocr_line' id='line_1_53' title="bbox 212 1600 998 1642; baseline 0.011 -17"><span class='ocrx_word' id='word_1_369' title='bbox 212 1607 243 1625; x_wconf 83' lang='grc' dir='ltr'><strong>σε</strong></span> <span class='ocrx_word' id='word_1_370' title='bbox 257 1600 325 1634; x_wconf 74' lang='grc' dir='ltr'>πρὸς</span> <span class='ocrx_word' id='word_1_371' title='bbox 345 1601 443 1636; x_wconf 80' lang='grc' dir='ltr'>ἑαυτήν</span> <span class='ocrx_word' id='word_1_372' title='bbox 455 1610 462 1617; x_wconf 78' lang='lat'>&#39;</span> <span class='ocrx_word' id='word_1_373' title='bbox 478 1602 538 1628; x_wconf 78' lang='grc' dir='ltr'>ἐλθὲ</span> <span class='ocrx_word' id='word_1_374' title='bbox 561 1605 654 1638; x_wconf 76' lang='grc' dir='ltr'>τάχιον</span> <span class='ocrx_word' id='word_1_375' title='bbox 673 1605 910 1641; x_wconf 70' lang='grc' dir='ltr'>ἀπολογησόμενος</span> <span class='ocrx_word' id='word_1_376' title='bbox 930 1609 998 1642; x_wconf 66' lang='grc' dir='ltr'>προς</span> 
     </span>
    </p>
   </div>
   <div class='ocr_carea' id='block_1_53' title="bbox 212 1644 996 1683">
    <p class='ocr_par' dir='ltr' id='par_1_53' title="bbox 212 1644 996 1683">
     <span class='ocr_line' id='line_1_54' title="bbox 212 1644 996 1683; baseline 0.011 -13"><span class='ocrx_word' id='word_1_377' title='bbox 212 1644 247 1670; x_wconf 81' lang='grc' dir='ltr'>τὰ</span> <span class='ocrx_word' id='word_1_378' title='bbox 262 1645 403 1681; x_wconf 84' lang='grc' dir='ltr'>δικαίωςῆ</span> <span class='ocrx_word' id='word_1_379' title='bbox 418 1646 518 1678; x_wconf 76' lang='grc' dir='ltr'>ἀδίκως</span> <span class='ocrx_word' id='word_1_380' title='bbox 543 1647 730 1683; x_wconf 73' lang='grc' dir='ltr'>θρυλλούμενα</span> <span class='ocrx_word' id='word_1_381' title='bbox 755 1651 825 1677; x_wconf 78' lang='grc' dir='ltr'>κατὰ</span> <span class='ocrx_word' id='word_1_382' title='bbox 843 1651 900 1678; x_wconf 84' lang='grc' dir='ltr'>σοῦ.</span> <span class='ocrx_word' id='word_1_383' title='bbox 921 1653 949 1679; x_wconf 82' lang='grc'><strong>’0</strong></span> <span class='ocrx_word' id='word_1_384' title='bbox 968 1653 996 1679; x_wconf 84' lang='grc' dir='ltr'>δὲ</span> 
     </span>
    </p>
   </div>
   <div class='ocr_carea' id='block_1_54' title="bbox 213 1690 997 1731">
    <p class='ocr_par' dir='ltr' id='par_1_54' title="bbox 213 1690 997 1731">
     <span class='ocr_line' id='line_1_55' title="bbox 213 1690 997 1731; baseline 0.011 -16"><span class='ocrx_word' id='word_1_385' title='bbox 213 1690 358 1724; x_wconf 77' lang='grc' dir='ltr'>μακάριος,</span> <span class='ocrx_word' id='word_1_386' title='bbox 373 1691 485 1724; x_wconf 75' lang='grc' dir='ltr'>Εἴπατε,</span> <span class='ocrx_word' id='word_1_387' title='bbox 500 1693 594 1727; x_wconf 73' lang='grc' dir='ltr'>φησὶν,</span> <span class='ocrx_word' id='word_1_388' title='bbox 611 1693 689 1726; x_wconf 82' lang='grc' dir='ltr'>ἀξιῶ,</span> <span class='ocrx_word' id='word_1_389' title='bbox 704 1695 761 1726; x_wconf 83' lang='grc' dir='ltr'>πῶς</span> <span class='ocrx_word' id='word_1_390' title='bbox 776 1696 920 1731; x_wconf 77' lang='grc' dir='ltr'>ἐλεύσομαι</span> <span class='ocrx_word' id='word_1_391' title='bbox 933 1707 940 1731; x_wconf 87' lang='lat'><strong>;</strong></span> <span class='ocrx_word' id='word_1_392' title='bbox 960 1698 997 1730; x_wconf 86' lang='grc' dir='ltr'>ὡς</span> 
     </span>
    </p>
   </div>
   <div class='ocr_carea' id='block_1_55' title="bbox 211 1735 998 1778">
    <p class='ocr_par' dir='ltr' id='par_1_55' title="bbox 211 1735 998 1778">
     <span class='ocr_line' id='line_1_56' title="bbox 211 1735 998 1778; baseline 0.013 -18"><span class='ocrx_word' id='word_1_393' title='bbox 211 1735 370 1767; x_wconf 74' lang='grc' dir='ltr'>ἐπίσκοπος.</span> <span class='ocrx_word' id='word_1_394' title='bbox 386 1737 402 1771; x_wconf 84' lang='grc' dir='ltr'>ἢ</span> <span class='ocrx_word' id='word_1_395' title='bbox 419 1737 517 1772; x_wconf 85' lang='grc' dir='ltr'>ἱερεὺς,</span> <span class='ocrx_word' id='word_1_396' title='bbox 531 1738 547 1773; x_wconf 83' lang='grc' dir='ltr'><strong>ἥ</strong></span> <span class='ocrx_word' id='word_1_397' title='bbox 566 1738 754 1775; x_wconf 84' lang='grc' dir='ltr'>θεραπευτὴς;</span> <span class='ocrx_word' id='word_1_398' title='bbox 771 1742 801 1767; x_wconf 83' lang='grc' dir='ltr'><strong>Οἱ</strong></span> <span class='ocrx_word' id='word_1_399' title='bbox 821 1742 859 1774; x_wconf 80' lang='grc' dir='ltr'><strong>δὲ,</strong></span> <span class='ocrx_word' id='word_1_400' title='bbox 878 1743 915 1778; x_wconf 82' lang='grc' dir='ltr'>μὴ</span> <span class='ocrx_word' id='word_1_401' title='bbox 930 1744 998 1770; x_wconf 83' lang='grc' dir='ltr'>εἰδέ-</span> 
     </span>
    </p>
   </div>
   <div class='ocr_carea' id='block_1_56' title="bbox 211 1781 997 1819">
    <p class='ocr_par' dir='ltr' id='par_1_56' title="bbox 211 1781 997 1819">
     <span class='ocr_line' id='line_1_57' title="bbox 211 1781 997 1819; baseline 0.013 -14"><span class='ocrx_word' id='word_1_402' title='bbox 211 1788 256 1806; x_wconf 82' lang='grc' dir='ltr'>ναι</span> <span class='ocrx_word' id='word_1_403' title='bbox 272 1781 298 1806; x_wconf 87' lang='grc' dir='ltr'>τί</span> <span class='ocrx_word' id='word_1_404' title='bbox 321 1781 389 1816; x_wconf 82' lang='grc' dir='ltr'>πρὸς</span> <span class='ocrx_word' id='word_1_405' title='bbox 411 1782 497 1808; x_wconf 81' lang='grc' dir='ltr'>ταῦτα</span> <span class='ocrx_word' id='word_1_406' title='bbox 523 1783 718 1819; x_wconf 70' lang='grc' dir='ltr'><strong>ἀποκριθῶσιν,</strong></span> <span class='ocrx_word' id='word_1_407' title='bbox 744 1784 833 1813; x_wconf 79' lang='grc' dir='ltr'>εἷπον·</span> <span class='ocrx_word' id='word_1_408' title='bbox 855 1788 935 1815; x_wconf 78' lang='grc' dir='ltr'>Ἀλλὰ</span> <span class='ocrx_word' id='word_1_409' title='bbox 950 1789 997 1815; x_wconf 77' lang='grc' dir='ltr'>νῦν</span> 
     </span>
    </p>
   </div>
   <div class='ocr_carea' id='block_1_57' title="bbox 211 1825 997 1867">
    <p class='ocr_par' dir='ltr' id='par_1_57' title="bbox 211 1825 997 1867">
     <span class='ocr_line' id='line_1_58' title="bbox 211 1825 997 1867; baseline 0.013 -16"><span class='ocrx_word' id='word_1_410' title='bbox 211 1825 339 1858; x_wconf 75' lang='grc' dir='ltr'>ἀπιόντες</span> <span class='ocrx_word' id='word_1_411' title='bbox 364 1827 432 1862; x_wconf 78' lang='grc' dir='ltr'>πρὸς</span> <span class='ocrx_word' id='word_1_412' title='bbox 455 1828 520 1858; x_wconf 75' lang='grc' dir='ltr'>τοὺς</span> <span class='ocrx_word' id='word_1_413' title='bbox 545 1829 769 1863; x_wconf 84' lang='grc' dir='ltr'>ἀποστείλαντας,</span> <span class='ocrx_word' id='word_1_414' title='bbox 794 1832 906 1867; x_wconf 79' lang='grc' dir='ltr'>βεϐαίαν</span> <span class='ocrx_word' id='word_1_415' title='bbox 929 1834 997 1860; x_wconf 83' lang='grc' dir='ltr'>ἀπό-</span> 
     </span>
    </p>
   </div>
   <div class='ocr_carea' id='block_1_58' title="bbox 211 1871 996 1914">
    <p class='ocr_par' dir='ltr' id='par_1_58' title="bbox 211 1871 996 1914">
     <span class='ocr_line' id='line_1_59' title="bbox 211 1871 996 1914; baseline 0.011 -17"><span class='ocrx_word' id='word_1_416' title='bbox 211 1879 303 1906; x_wconf 81' lang='grc' dir='ltr'>κρισιν</span> <span class='ocrx_word' id='word_1_417' title='bbox 327 1871 404 1904; x_wconf 79' lang='grc' dir='ltr'>αὖθις</span> <span class='ocrx_word' id='word_1_418' title='bbox 433 1873 518 1904; x_wconf 75' lang='grc' dir='ltr'>ἰόντες</span> <span class='ocrx_word' id='word_1_419' title='bbox 534 1874 694 1909; x_wconf 81' lang='grc' dir='ltr'>κομιοῦμεν.</span> <span class='ocrx_word' id='word_1_420' title='bbox 709 1877 747 1912; x_wconf 82' lang='grc' dir='ltr'><strong>Τῇ</strong></span> <span class='ocrx_word' id='word_1_421' title='bbox 764 1877 809 1904; x_wconf 79' lang='grc' dir='ltr'>οὖν</span> <span class='ocrx_word' id='word_1_422' title='bbox 823 1878 953 1914; x_wconf 80' lang='grc' dir='ltr'>ἐπαύριον</span> <span class='ocrx_word' id='word_1_423' title='bbox 973 1880 996 1906; x_wconf 75' lang='grc' dir='ltr'>οἱ</span> 
     </span>
    </p>
   </div>
   <div class='ocr_carea' id='block_1_59' title="bbox 211 1921 996 1960">
    <p class='ocr_par' dir='ltr' id='par_1_59' title="bbox 211 1921 996 1960">
     <span class='ocr_line' id='line_1_60' title="bbox 211 1921 996 1960; baseline 0.006 -14"><span class='ocrx_word' id='word_1_424' title='bbox 211 1921 290 1948; x_wconf 75' lang='grc' dir='ltr'>αὐτοὶ</span> <span class='ocrx_word' id='word_1_425' title='bbox 316 1922 543 1958; x_wconf 78' lang='grc' dir='ltr'>παραγενόμενοι,</span> <span class='ocrx_word' id='word_1_426' title='bbox 561 1924 592 1949; x_wconf 77' lang='lat' dir='ltr'><strong>Ol</strong></span> <span class='ocrx_word' id='word_1_427' title='bbox 612 1925 796 1959; x_wconf 73' lang='grc' dir='ltr'>τοποτηρηταὶ</span> <span class='ocrx_word' id='word_1_428' title='bbox 811 1923 861 1958; x_wconf 77' lang='grc' dir='ltr'>τῆς</span> <span class='ocrx_word' id='word_1_429' title='bbox 878 1925 996 1960; x_wconf 73' lang='grc' dir='ltr'>πρεσϐυ-</span> 
     </span>
    </p>
   </div>
   <div class='ocr_carea' id='block_1_60' title="bbox 210 1966 995 2004">
    <p class='ocr_par' dir='ltr' id='par_1_60' title="bbox 210 1966 995 2004">
     <span class='ocr_line' id='line_1_61' title="bbox 210 1966 995 2004; baseline 0.005 -12"><span class='ocrx_word' id='word_1_430' title='bbox 210 1966 304 2001; x_wconf 81' lang='grc' dir='ltr'>τέρας,</span> <span class='ocrx_word' id='word_1_431' title='bbox 322 1966 436 2002; x_wconf 72' lang='grc' dir='ltr'>ἔφασαν,</span> <span class='ocrx_word' id='word_1_432' title='bbox 460 1967 577 2004; x_wconf 80' lang='grc' dir='ltr'>Ῥώμης,</span> <span class='ocrx_word' id='word_1_433' title='bbox 603 1969 757 2001; x_wconf 78' lang='grc' dir='ltr'>Ῥοδόαλδος</span> <span class='ocrx_word' id='word_1_434' title='bbox 780 1969 827 1995; x_wconf 75' lang='grc' dir='ltr'><strong>καὶ</strong></span> <span class='ocrx_word' id='word_1_435' title='bbox 849 1970 995 2004; x_wconf 82' lang='grc' dir='ltr'>Ζαχαρίας,</span> 
     </span>
    </p>
   </div>
   <div class='ocr_carea' id='block_1_61' title="bbox 208 2011 996 2049">
    <p class='ocr_par' dir='ltr' id='par_1_61' title="bbox 208 2011 996 2049">
     <span class='ocr_line' id='line_1_62' title="bbox 208 2011 996 2049; baseline 0.005 -12"><span class='ocrx_word' id='word_1_436' title='bbox 208 2011 244 2038; x_wconf 77' lang='grc' dir='ltr'>δι’</span> <span class='ocrx_word' id='word_1_437' title='bbox 353 2013 407 2039; x_wconf 76' lang='grc' dir='ltr'>τῶν</span> <span class='ocrx_word' id='word_1_438' title='bbox 428 2013 545 2045; x_wconf 79' lang='grc' dir='ltr'>ἀναξίων</span> <span class='ocrx_word' id='word_1_439' title='bbox 564 2013 673 2049; x_wconf 75' lang='grc' dir='ltr'>δηλοῦσι</span> <span class='ocrx_word' id='word_1_440' title='bbox 696 2014 773 2040; x_wconf 68' lang='grc' dir='ltr'>τάδε·</span> <span class='ocrx_word' id='word_1_441' title='bbox 793 2015 838 2046; x_wconf 75' lang='grc' dir='ltr'><strong>Εἰς</strong></span> <span class='ocrx_word' id='word_1_442' title='bbox 851 2015 901 2049; x_wconf 82' lang='grc' dir='ltr'>τὴν</span> <span class='ocrx_word' id='word_1_443' title='bbox 916 2015 996 2049; x_wconf 80' lang='grc' dir='ltr'>ἁγίαν</span> 
     </span>
    </p>
   </div>
   <div class='ocr_carea' id='block_1_62' title="bbox 209 2058 995 2096">
    <p class='ocr_par' dir='ltr' id='par_1_62' title="bbox 209 2058 995 2096">
     <span class='ocr_line' id='line_1_63' title="bbox 209 2058 995 2096; baseline 0.004 -12"><span class='ocrx_word' id='word_1_444' title='bbox 209 2058 259 2084; x_wconf 71' lang='grc' dir='ltr'>καὶ</span> <span class='ocrx_word' id='word_1_445' title='bbox 272 2059 463 2094; x_wconf 77' lang='grc' dir='ltr'>οἰκουμενικην</span> <span class='ocrx_word' id='word_1_446' title='bbox 488 2059 594 2086; x_wconf 85' lang='grc' dir='ltr'>σύνοδον</span> <span class='ocrx_word' id='word_1_447' title='bbox 618 2060 809 2095; x_wconf 79' lang='grc' dir='ltr'>ἀνυπερθέτως</span> <span class='ocrx_word' id='word_1_448' title='bbox 831 2061 995 2096; x_wconf 83' lang='grc' dir='ltr'>ἀπάντησον,</span> 
     </span>
    </p>
   </div>
   <div class='ocr_carea' id='block_1_63' title="bbox 209 2103 998 2142">
    <p class='ocr_par' dir='ltr' id='par_1_63' title="bbox 209 2103 998 2142">
     <span class='ocr_line' id='line_1_64' title="bbox 209 2103 998 2142; baseline 0.004 -13"><span class='ocrx_word' id='word_1_449' title='bbox 209 2103 248 2135; x_wconf 80' lang='grc' dir='ltr'>ὡς</span> <span class='ocrx_word' id='word_1_450' title='bbox 261 2103 317 2138; x_wconf 78' lang='grc' dir='ltr'>ἔχει</span> <span class='ocrx_word' id='word_1_451' title='bbox 333 2113 381 2130; x_wconf 89' lang='grc' dir='ltr'><strong>σου</strong></span> <span class='ocrx_word' id='word_1_452' title='bbox 395 2105 411 2139; x_wconf 86' lang='grc' dir='ltr'>ἡ</span> <span class='ocrx_word' id='word_1_453' title='bbox 428 2105 590 2140; x_wconf 84' lang='grc' dir='ltr'>συνείδησις.</span> <span class='ocrx_word' id='word_1_454' title='bbox 607 2105 694 2137; x_wconf 70' lang='grc' dir='ltr'>Εὐθὺς</span> <span class='ocrx_word' id='word_1_455' title='bbox 710 2104 756 2132; x_wconf 84' lang='grc' dir='ltr'><strong>οὖν</strong></span> <span class='ocrx_word' id='word_1_456' title='bbox 772 2106 821 2142; x_wconf 78' lang='grc' dir='ltr'><strong>τὴν</strong></span> <span class='ocrx_word' id='word_1_457' title='bbox 840 2107 998 2142; x_wconf 76' lang='grc' dir='ltr'>ἀρχιερατι-</span> 
     </span>
    </p>
   </div>
   <div class='ocr_carea' id='block_1_64' title="bbox 210 2149 1033 2194">
    <p class='ocr_par' dir='ltr' id='par_1_64' title="bbox 210 2149 1033 2194">
     <span class='ocr_line' id='line_1_65' title="bbox 210 2149 1033 2194; baseline 0.004 -18"><span class='ocrx_word' id='word_1_458' title='bbox 210 2150 262 2185; x_wconf 84' lang='grc' dir='ltr'>κὴν</span> <span class='ocrx_word' id='word_1_459' title='bbox 279 2149 374 2186; x_wconf 84' lang='grc' dir='ltr'>στολὴν</span> <span class='ocrx_word' id='word_1_460' title='bbox 389 2151 492 2182; x_wconf 80' lang='grc' dir='ltr'>ἐκεῖνος</span> <span class='ocrx_word' id='word_1_461' title='bbox 510 2152 700 2186; x_wconf 78' lang='grc' dir='ltr'>ἐνδυσάμενος,</span> <span class='ocrx_word' id='word_1_462' title='bbox 718 2151 765 2178; x_wconf 85' lang='grc' dir='ltr'><strong>σὺν</strong></span> <span class='ocrx_word' id='word_1_463' title='bbox 781 2153 939 2184; x_wconf 79' lang='grc' dir='ltr'>ἐπισκόποις</span> <span class='ocrx_word' id='word_1_464' title='bbox 949 2153 995 2179; x_wconf 79' lang='grc' dir='ltr'>καὶ</span> <span class='ocrx_word' id='word_1_465' title='bbox 1013 2167 1033 2194; x_wconf 82' lang='lat' dir='ltr'><strong>D</strong></span> 
     </span>
    </p>
   </div>
   <div class='ocr_carea' id='block_1_65' title="bbox 210 2194 995 2232">
    <p class='ocr_par' dir='ltr' id='par_1_65' title="bbox 210 2194 995 2232">
     <span class='ocr_line' id='line_1_66' title="bbox 210 2194 995 2232; baseline 0.005 -12"><span class='ocrx_word' id='word_1_466' title='bbox 210 2194 418 2230; x_wconf 74' lang='grc' dir='ltr'>πρεσϐυτέροις,</span> <span class='ocrx_word' id='word_1_467' title='bbox 443 2196 490 2223; x_wconf 62' lang='grc' dir='ltr'><strong>καὶΙ</strong></span> <span class='ocrx_word' id='word_1_468' title='bbox 506 2196 602 2232; x_wconf 70' lang='grc' dir='ltr'>πλήθει</span> <span class='ocrx_word' id='word_1_469' title='bbox 631 2196 720 2232; x_wconf 85' lang='grc' dir='ltr'>πολλῷ</span> <span class='ocrx_word' id='word_1_470' title='bbox 749 2197 874 2232; x_wconf 85' lang='grc' dir='ltr'>μοναχῶν</span> <span class='ocrx_word' id='word_1_471' title='bbox 896 2206 925 2224; x_wconf 82' lang='grc' dir='ltr'><strong>τε</strong></span> <span class='ocrx_word' id='word_1_472' title='bbox 949 2198 995 2225; x_wconf 73' lang='grc' dir='ltr'>καὶ</span> 
     </span>
    </p>
   </div>
   <div class='ocr_carea' id='block_1_66' title="bbox 209 2239 997 2279">
    <p class='ocr_par' dir='ltr' id='par_1_66' title="bbox 209 2239 997 2279">
     <span class='ocr_line' id='line_1_67' title="bbox 209 2239 997 2279; baseline 0.005 -13"><span class='ocrx_word' id='word_1_473' title='bbox 209 2239 323 2273; x_wconf 81' lang='grc' dir='ltr'>λαῑκῶν,</span> <span class='ocrx_word' id='word_1_474' title='bbox 339 2241 422 2276; x_wconf 75' lang='grc' dir='ltr'>ἀπῄει</span> <span class='ocrx_word' id='word_1_475' title='bbox 434 2241 603 2277; x_wconf 78' lang='grc' dir='ltr'>πεξοπορῶν.</span> <span class='ocrx_word' id='word_1_476' title='bbox 616 2242 733 2278; x_wconf 82' lang='grc' dir='ltr'>Πλησίον</span> <span class='ocrx_word' id='word_1_477' title='bbox 745 2243 772 2269; x_wconf 82' lang='grc' dir='ltr'>δὲ</span> <span class='ocrx_word' id='word_1_478' title='bbox 787 2243 833 2269; x_wconf 84' lang='grc' dir='ltr'>τοῦ</span> <span class='ocrx_word' id='word_1_479' title='bbox 849 2243 911 2270; x_wconf 78' lang='grc' dir='ltr'>ναοῦ</span> <span class='ocrx_word' id='word_1_480' title='bbox 924 2244 997 2279; x_wconf 87' lang='grc' dir='ltr'>Γρη-</span> 
     </span>
    </p>
   </div>
   <div class='ocr_carea' id='block_1_67' title="bbox 210 2286 997 2326">
    <p class='ocr_par' dir='ltr' id='par_1_67' title="bbox 210 2286 997 2326">
     <span class='ocr_line' id='line_1_68' title="bbox 210 2286 997 2326; baseline 0.004 -14"><span class='ocrx_word' id='word_1_481' title='bbox 210 2286 304 2321; x_wconf 81' lang='grc' dir='ltr'>γορίου</span> <span class='ocrx_word' id='word_1_482' title='bbox 323 2287 370 2313; x_wconf 78' lang='grc' dir='ltr'>τοῦ</span> <span class='ocrx_word' id='word_1_483' title='bbox 393 2288 535 2322; x_wconf 79' lang='grc' dir='ltr'>Θεολόγου,</span> <span class='ocrx_word' id='word_1_484' title='bbox 553 2287 619 2314; x_wconf 84' lang='grc' dir='ltr'>ὅπου</span> <span class='ocrx_word' id='word_1_485' title='bbox 636 2289 752 2324; x_wconf 78' lang='grc' dir='ltr'>σταυρὸς</span> <span class='ocrx_word' id='word_1_486' title='bbox 777 2290 805 2315; x_wconf 81' lang='grc' dir='ltr'><strong>ὲν</strong></span> <span class='ocrx_word' id='word_1_487' title='bbox 832 2290 997 2326; x_wconf 81' lang='grc' dir='ltr'>μαρμαρίνῳ</span> 
     </span>
    </p>
   </div>
   <div class='ocr_carea' id='block_1_68' title="bbox 211 2333 997 2371">
    <p class='ocr_par' dir='ltr' id='par_1_68' title="bbox 211 2333 997 2371">
     <span class='ocr_line' id='line_1_69' title="bbox 211 2333 997 2371; baseline 0.005 -12"><span class='ocrx_word' id='word_1_488' title='bbox 211 2334 282 2360; x_wconf 84' lang='grc' dir='ltr'>κίονι</span> <span class='ocrx_word' id='word_1_489' title='bbox 304 2333 376 2360; x_wconf 80' lang='grc' dir='ltr'>κατὰ</span> <span class='ocrx_word' id='word_1_490' title='bbox 391 2334 474 2370; x_wconf 85' lang='grc' dir='ltr'>μέσον</span> <span class='ocrx_word' id='word_1_491' title='bbox 486 2334 670 2369; x_wconf 77' lang='grc' dir='ltr'>ἀνεστήλωται</span> <span class='ocrx_word' id='word_1_492' title='bbox 686 2335 733 2370; x_wconf 82' lang='grc' dir='ltr'>τῆς</span> <span class='ocrx_word' id='word_1_493' title='bbox 748 2335 899 2371; x_wconf 83' lang='grc' dir='ltr'>λεωφόρου,</span> <span class='ocrx_word' id='word_1_494' title='bbox 920 2345 997 2371; x_wconf 85' lang='grc' dir='ltr'>γενο-</span> 
     </span>
    </p>
   </div>
   <div class='ocr_carea' id='block_1_69' title="bbox 212 2378 996 2417">
    <p class='ocr_par' dir='ltr' id='par_1_69' title="bbox 212 2378 996 2417">
     <span class='ocr_line' id='line_1_70' title="bbox 212 2378 996 2417; baseline 0.004 -11"><span class='ocrx_word' id='word_1_495' title='bbox 212 2378 296 2414; x_wconf 82' lang='grc' dir='ltr'>μένῳ,</span> <span class='ocrx_word' id='word_1_496' title='bbox 318 2379 445 2415; x_wconf 82' lang='grc' dir='ltr'>Ἰωάννης</span> <span class='ocrx_word' id='word_1_497' title='bbox 461 2380 615 2415; x_wconf 76' lang='grc' dir='ltr'>πατρίκιος,</span> <span class='ocrx_word' id='word_1_498' title='bbox 637 2382 651 2406; x_wconf 84' lang='grc' dir='ltr'>ὁ</span> <span class='ocrx_word' id='word_1_499' title='bbox 666 2380 756 2416; x_wconf 77' lang='grc' dir='ltr'>Κόξης</span> <span class='ocrx_word' id='word_1_500' title='bbox 769 2381 924 2417; x_wconf 81' lang='grc' dir='ltr'>λεγόμενος,</span> <span class='ocrx_word' id='word_1_501' title='bbox 942 2383 996 2409; x_wconf 83' lang='grc' dir='ltr'><strong>ἀπ-</strong></span> 
     </span>
    </p>
   </div>
   <div class='ocr_carea' id='block_1_70' title="bbox 211 2424 995 2461">
    <p class='ocr_par' dir='ltr' id='par_1_70' title="bbox 211 2424 995 2461">
     <span class='ocr_line' id='line_1_71' title="bbox 211 2424 995 2461; baseline 0.005 -11"><span class='ocrx_word' id='word_1_502' title='bbox 211 2424 329 2461; x_wconf 83' lang='grc' dir='ltr'>ήντησεν</span> <span class='ocrx_word' id='word_1_503' title='bbox 346 2424 431 2460; x_wconf 84' lang='grc' dir='ltr'>αὐτῷ,</span> <span class='ocrx_word' id='word_1_504' title='bbox 444 2425 530 2460; x_wconf 83' lang='grc' dir='ltr'>λέγων</span> <span class='ocrx_word' id='word_1_505' title='bbox 544 2427 598 2453; x_wconf 80' lang='grc' dir='ltr'>ἀπὸ</span> <span class='ocrx_word' id='word_1_506' title='bbox 614 2425 660 2452; x_wconf 80' lang='grc' dir='ltr'>τοῦ</span> <span class='ocrx_word' id='word_1_507' title='bbox 675 2425 807 2461; x_wconf 83' lang='grc' dir='ltr'>βασιλέως</span> <span class='ocrx_word' id='word_1_508' title='bbox 817 2427 995 2460; x_wconf 83' lang='grc' dir='ltr'>ἀπεστάλθαι,</span> 
     </span>
    </p>
   </div>
   <div class='ocr_carea' id='block_1_71' title="bbox 211 2469 996 2508">
    <p class='ocr_par' dir='ltr' id='par_1_71' title="bbox 211 2469 996 2508">
     <span class='ocr_line' id='line_1_72' title="bbox 211 2469 996 2508; baseline 0.003 -12"><span class='ocrx_word' id='word_1_509' title='bbox 211 2470 260 2496; x_wconf 84' lang='grc' dir='ltr'><strong>καὶ</strong></span> <span class='ocrx_word' id='word_1_510' title='bbox 277 2469 409 2503; x_wconf 82' lang='grc' dir='ltr'>ἀπειλῶν,</span> <span class='ocrx_word' id='word_1_511' title='bbox 426 2470 463 2502; x_wconf 84' lang='grc' dir='ltr'>ὡς</span> <span class='ocrx_word' id='word_1_512' title='bbox 479 2471 503 2497; x_wconf 79' lang='grc' dir='ltr'>εἰ</span> <span class='ocrx_word' id='word_1_513' title='bbox 521 2471 558 2506; x_wconf 77' lang='grc' dir='ltr'><strong>μὴ</strong></span> <span class='ocrx_word' id='word_1_514' title='bbox 574 2471 737 2505; x_wconf 83' lang='grc' dir='ltr'>παγανεύων</span> <span class='ocrx_word' id='word_1_515' title='bbox 759 2472 786 2497; x_wconf 80' lang='grc' dir='ltr'><strong>ὲν</strong></span> <span class='ocrx_word' id='word_1_516' title='bbox 801 2472 940 2508; x_wconf 81' lang='grc' dir='ltr'>μοναχικῷ</span> <span class='ocrx_word' id='word_1_517' title='bbox 959 2472 996 2508; x_wconf 83' lang='grc' dir='ltr'>τῷ</span> 
     </span>
    </p>
   </div>
   <div class='ocr_carea' id='block_1_72' title="bbox 211 2514 996 2554">
    <p class='ocr_par' dir='ltr' id='par_1_72' title="bbox 211 2514 996 2554">
     <span class='ocr_line' id='line_1_73' title="bbox 211 2514 996 2554; baseline 0.005 -14"><span class='ocrx_word' id='word_1_518' title='bbox 211 2514 322 2550; x_wconf 83' lang='grc' dir='ltr'>συνήθει</span> <span class='ocrx_word' id='word_1_519' title='bbox 346 2516 465 2552; x_wconf 75' lang='grc' dir='ltr'>σχήματι</span> <span class='ocrx_word' id='word_1_520' title='bbox 481 2517 616 2552; x_wconf 82' lang='grc' dir='ltr'>προέλθοι,</span> <span class='ocrx_word' id='word_1_521' title='bbox 632 2516 747 2543; x_wconf 80' lang='grc' dir='ltr'>θάνατον</span> <span class='ocrx_word' id='word_1_522' title='bbox 761 2517 932 2552; x_wconf 77' lang='grc' dir='ltr'>ἐπηρτῆσθαι</span> <span class='ocrx_word' id='word_1_523' title='bbox 947 2518 996 2554; x_wconf 91' lang='grc' dir='ltr'>τὴν</span> 
     </span>
    </p>
   </div>
   <div class='ocr_carea' id='block_1_73' title="bbox 210 2560 996 2599">
    <p class='ocr_par' dir='ltr' id='par_1_73' title="bbox 210 2560 996 2599">
     <span class='ocr_line' id='line_1_74' title="bbox 210 2560 996 2599; baseline 0.003 -11"><span class='ocrx_word' id='word_1_524' title='bbox 210 2560 323 2596; x_wconf 79' lang='grc' dir='ltr'>ζημίαν.</span> <span class='ocrx_word' id='word_1_525' title='bbox 341 2562 373 2590; x_wconf 89' lang='lat'><strong>&#39;0</strong></span> <span class='ocrx_word' id='word_1_526' title='bbox 390 2563 436 2590; x_wconf 79' lang='grc' dir='ltr'>καὶ</span> <span class='ocrx_word' id='word_1_527' title='bbox 461 2564 630 2598; x_wconf 82' lang='grc' dir='ltr'>πεποιηκότα</span> <span class='ocrx_word' id='word_1_528' title='bbox 658 2563 703 2590; x_wconf 84' lang='grc' dir='ltr'><strong>τδν</strong></span> <span class='ocrx_word' id='word_1_529' title='bbox 729 2563 851 2598; x_wconf 81' lang='grc' dir='ltr'>ἀοίδιμον</span> <span class='ocrx_word' id='word_1_530' title='bbox 876 2564 914 2599; x_wconf 84' lang='grc' dir='ltr'>τῷ</span> <span class='ocrx_word' id='word_1_531' title='bbox 932 2573 996 2591; x_wconf 84' lang='grc' dir='ltr'>συν-</span> 
     </span>
    </p>
   </div>
   <div class='ocr_carea' id='block_1_74' title="bbox 210 2606 996 2645">
    <p class='ocr_par' dir='ltr' id='par_1_74' title="bbox 210 2606 996 2645">
     <span class='ocr_line' id='line_1_75' title="bbox 210 2606 996 2645; baseline 0.005 -13"><span class='ocrx_word' id='word_1_532' title='bbox 210 2606 291 2643; x_wconf 86' lang='grc' dir='ltr'>εδρίῳ</span> <span class='ocrx_word' id='word_1_533' title='bbox 303 2609 520 2644; x_wconf 79' lang='grc' dir='ltr'>παρεστήσαντο.</span> <span class='ocrx_word' id='word_1_534' title='bbox 537 2609 592 2635; x_wconf 76' lang='grc' dir='ltr'><strong>Καὶ</strong></span> <span class='ocrx_word' id='word_1_535' title='bbox 607 2608 639 2644; x_wconf 84' lang='grc' dir='ltr'>δὴ</span> <span class='ocrx_word' id='word_1_536' title='bbox 655 2609 866 2643; x_wconf 85' lang='grc' dir='ltr'>παριστὰνουσιν</span> <span class='ocrx_word' id='word_1_537' title='bbox 881 2609 996 2645; x_wconf 76' lang='grc' dir='ltr'><strong>ἐϐδομή-</strong></span> 
     </span>
    </p>
   </div>
   <div class='ocr_carea' id='block_1_75' title="bbox 209 2653 996 2691">
    <p class='ocr_par' dir='ltr' id='par_1_75' title="bbox 209 2653 996 2691">
     <span class='ocr_line' id='line_1_76' title="bbox 209 2653 996 2691; baseline 0.005 -13"><span class='ocrx_word' id='word_1_538' title='bbox 209 2660 293 2680; x_wconf 81' lang='grc' dir='ltr'>κοντα</span> <span class='ocrx_word' id='word_1_539' title='bbox 316 2654 363 2680; x_wconf 77' lang='grc' dir='ltr'><strong>καὶ</strong></span> <span class='ocrx_word' id='word_1_540' title='bbox 384 2653 431 2680; x_wconf 84' lang='grc' dir='ltr'>δύο</span> <span class='ocrx_word' id='word_1_541' title='bbox 454 2654 691 2690; x_wconf 79' lang='grc' dir='ltr'>ψευδομάρτνρας,</span> <span class='ocrx_word' id='word_1_542' title='bbox 709 2654 755 2686; x_wconf 83' lang='grc' dir='ltr'>οὒς</span> <span class='ocrx_word' id='word_1_543' title='bbox 767 2655 799 2681; x_wconf 82' lang='grc' dir='ltr'>ἐκ</span> <span class='ocrx_word' id='word_1_544' title='bbox 814 2655 911 2682; x_wconf 82' lang='grc' dir='ltr'>πολλοῦ</span> <span class='ocrx_word' id='word_1_545' title='bbox 929 2665 996 2691; x_wconf 82' lang='grc' dir='ltr'>προ-</span> 
     </span>
    </p>
   </div>
   <div class='ocr_carea' id='block_1_76' title="bbox 209 2698 995 2735">
    <p class='ocr_par' dir='ltr' id='par_1_76' title="bbox 209 2698 995 2735">
     <span class='ocr_line' id='line_1_77' title="bbox 209 2698 995 2735; baseline 0.005 -12"><span class='ocrx_word' id='word_1_546' title='bbox 209 2698 406 2734; x_wconf 81' lang='grc' dir='ltr'>ητοιμάσαντο,</span> <span class='ocrx_word' id='word_1_547' title='bbox 419 2700 578 2734; x_wconf 81' lang='grc' dir='ltr'>ἀνθρώπους</span> <span class='ocrx_word' id='word_1_548' title='bbox 594 2699 701 2732; x_wconf 78' lang='grc' dir='ltr'>ἀσεϐεῖς</span> <span class='ocrx_word' id='word_1_549' title='bbox 719 2701 833 2732; x_wconf 85' lang='grc' dir='ltr'>πάντας,</span> <span class='ocrx_word' id='word_1_550' title='bbox 850 2700 995 2735; x_wconf 76' lang='grc' dir='ltr'>ἀγελαίους</span> 
     </span>
    </p>
   </div>
   <div class='ocr_carea' id='block_1_77' title="bbox 209 2742 994 2781">
    <p class='ocr_par' dir='ltr' id='par_1_77' title="bbox 209 2742 994 2781">
     <span class='ocr_line' id='line_1_78' title="bbox 209 2742 994 2781; baseline 0.004 -11"><span class='ocrx_word' id='word_1_551' title='bbox 209 2744 257 2770; x_wconf 82' lang='grc' dir='ltr'><strong>καὶ</strong></span> <span class='ocrx_word' id='word_1_552' title='bbox 271 2744 479 2780; x_wconf 73' lang='grc' dir='ltr'>συγκλητικοὺς,</span> <span class='ocrx_word' id='word_1_553' title='bbox 496 2742 534 2773; x_wconf 78' lang='grc' dir='ltr'><strong>ὧν</strong></span> <span class='ocrx_word' id='word_1_554' title='bbox 551 2747 643 2780; x_wconf 78' lang='grc' dir='ltr'>ἡγεῖτο</span> <span class='ocrx_word' id='word_1_555' title='bbox 657 2745 734 2773; x_wconf 83' lang='grc' dir='ltr'>Λέων</span> <span class='ocrx_word' id='word_1_556' title='bbox 760 2746 906 2781; x_wconf 83' lang='grc' dir='ltr'>πατρίκιος</span> <span class='ocrx_word' id='word_1_557' title='bbox 921 2747 994 2773; x_wconf 80' lang='grc' dir='ltr'>ἐκεῖ·</span> 
     </span>
    </p>
   </div>
   <div class='ocr_carea' id='block_1_78' title="bbox 209 2789 994 2826">
    <p class='ocr_par' dir='ltr' id='par_1_78' title="bbox 209 2789 994 2826">
     <span class='ocr_line' id='line_1_79' title="bbox 209 2789 994 2826; baseline 0.001 -11"><span class='ocrx_word' id='word_1_558' title='bbox 209 2796 265 2822; x_wconf 80' lang='grc' dir='ltr'>νος,</span> <span class='ocrx_word' id='word_1_559' title='bbox 283 2789 298 2815; x_wconf 86' lang='grc' dir='ltr'>ὑ</span> <span class='ocrx_word' id='word_1_560' title='bbox 311 2789 448 2825; x_wconf 80' lang='grc' dir='ltr'>Κρητικδς</span> <span class='ocrx_word' id='word_1_561' title='bbox 461 2790 674 2826; x_wconf 74' lang='grc' dir='ltr'>ὀνομαζόμενος,</span> <span class='ocrx_word' id='word_1_562' title='bbox 695 2791 741 2817; x_wconf 73' lang='grc' dir='ltr'>καὶ</span> <span class='ocrx_word' id='word_1_563' title='bbox 758 2790 932 2822; x_wconf 79' lang='grc' dir='ltr'>Θεοδοτάκιος</span> <span class='ocrx_word' id='word_1_564' title='bbox 943 2799 994 2816; x_wconf 80' lang='grc' dir='ltr'>πα-</span> 
     </span>
    </p>
   </div>
   <div class='ocr_carea' id='block_1_79' title="bbox 1055 879 1842 919">
    <p class='ocr_par' dir='ltr' id='par_1_79' title="bbox 1055 879 1842 919">
     <span class='ocr_line' id='line_1_80' title="bbox 1055 879 1842 919; baseline 0.01 -14"><span class='ocrx_word' id='word_1_565' title='bbox 1055 887 1117 906; x_wconf 87' lang='lat' dir='ltr'><strong>cum</strong></span> <span class='ocrx_word' id='word_1_566' title='bbox 1141 887 1188 906; x_wconf 85' lang='lat' dir='ltr'><strong>sua</strong></span> <span class='ocrx_word' id='word_1_567' title='bbox 1214 879 1341 911; x_wconf 81' lang='lat' dir='ltr'><strong>factione,</strong></span> <span class='ocrx_word' id='word_1_568' title='bbox 1371 885 1398 908; x_wconf 86' lang='lat' dir='ltr'><strong>et</strong></span> <span class='ocrx_word' id='word_1_569' title='bbox 1425 882 1516 909; x_wconf 84' lang='lat' dir='ltr'><strong>missis</strong></span> <span class='ocrx_word' id='word_1_570' title='bbox 1546 883 1579 909; x_wconf 85' lang='lat' dir='ltr'><strong>ab</strong></span> <span class='ocrx_word' id='word_1_571' title='bbox 1605 884 1670 911; x_wconf 91' lang='lat' dir='ltr'><strong>urbe</strong></span> <span class='ocrx_word' id='word_1_572' title='bbox 1704 886 1842 919; x_wconf 73' lang='lat' dir='ltr'><strong>pontiﬁcis</strong></span> 
     </span>
    </p>
   </div>
   <div class='ocr_carea' id='block_1_80' title="bbox 1055 925 1843 965">
    <p class='ocr_par' dir='ltr' id='par_1_80' title="bbox 1055 925 1843 965">
     <span class='ocr_line' id='line_1_81' title="bbox 1055 925 1843 965; baseline 0.009 -13"><span class='ocrx_word' id='word_1_573' title='bbox 1055 925 1160 958; x_wconf 75' lang='lat' dir='ltr'><strong>legatis,</strong></span> <span class='ocrx_word' id='word_1_574' title='bbox 1176 933 1282 953; x_wconf 86' lang='lat' dir='ltr'><strong>sacram</strong></span> <span class='ocrx_word' id='word_1_575' title='bbox 1297 927 1492 961; x_wconf 82' lang='lat' dir='ltr'><strong>Apostolorum</strong></span> <span class='ocrx_word' id='word_1_576' title='bbox 1507 930 1590 956; x_wconf 70' lang='lat' dir='ltr'><strong>aedem</strong></span> <span class='ocrx_word' id='word_1_577' title='bbox 1604 935 1760 965; x_wconf 84' lang='lat' dir='ltr'><strong>occuparat.</strong></span> <span class='ocrx_word' id='word_1_578' title='bbox 1775 932 1843 959; x_wconf 84' lang='lat' dir='ltr'><strong>Ade-</strong></span> 
     </span>
    </p>
   </div>
   <div class='ocr_carea' id='block_1_81' title="bbox 1055 971 1839 1009">
    <p class='ocr_par' dir='ltr' id='par_1_81' title="bbox 1055 971 1839 1009">
     <span class='ocr_line' id='line_1_82' title="bbox 1055 971 1839 1009; baseline 0.011 -13"><span class='ocrx_word' id='word_1_579' title='bbox 1055 975 1119 997; x_wconf 77' lang='lat' dir='ltr'><strong>rant</strong></span> <span class='ocrx_word' id='word_1_580' title='bbox 1146 971 1336 1006; x_wconf 85' lang='lat' dir='ltr'><strong>imperatores,</strong></span> <span class='ocrx_word' id='word_1_581' title='bbox 1351 973 1463 1000; x_wconf 84' lang='lat' dir='ltr'><strong>aderant</strong></span> <span class='ocrx_word' id='word_1_582' title='bbox 1479 979 1506 1000; x_wconf 84' lang='lat' dir='ltr'><strong>et</strong></span> <span class='ocrx_word' id='word_1_583' title='bbox 1525 976 1661 1009; x_wconf 71' lang='lat' dir='ltr'><strong>principes</strong></span> <span class='ocrx_word' id='word_1_584' title='bbox 1677 978 1779 1008; x_wconf 83' lang='lat' dir='ltr'><strong>cuncti.</strong></span> <span class='ocrx_word' id='word_1_585' title='bbox 1795 982 1839 1004; x_wconf 93' lang='lat' dir='ltr'><strong>to-</strong></span> 
     </span>
    </p>
   </div>
   <div class='ocr_carea' id='block_1_82' title="bbox 1055 1018 1841 1057">
    <p class='ocr_par' dir='ltr' id='par_1_82' title="bbox 1055 1018 1841 1057">
     <span class='ocr_line' id='line_1_83' title="bbox 1055 1018 1841 1057; baseline 0.009 -14"><span class='ocrx_word' id='word_1_586' title='bbox 1055 1021 1136 1049; x_wconf 84' lang='lat' dir='ltr'><strong>taque</strong></span> <span class='ocrx_word' id='word_1_587' title='bbox 1149 1024 1232 1051; x_wconf 84' lang='lat' dir='ltr'><strong>prope</strong></span> <span class='ocrx_word' id='word_1_588' title='bbox 1254 1018 1349 1045; x_wconf 76' lang='lat' dir='ltr'><strong>civitas</strong></span> <span class='ocrx_word' id='word_1_589' title='bbox 1375 1019 1552 1046; x_wconf 80' lang='lat' dir='ltr'><strong>conﬂuxerat.</strong></span> <span class='ocrx_word' id='word_1_590' title='bbox 1581 1019 1744 1055; x_wconf 80' lang='lat' dir='ltr'><strong>Frequentes</strong></span> <span class='ocrx_word' id='word_1_591' title='bbox 1773 1030 1841 1057; x_wconf 83' lang='lat' dir='ltr'><strong>ergo</strong></span> 
     </span>
    </p>
   </div>
   <div class='ocr_carea' id='block_1_83' title="bbox 1055 1064 1839 1102">
    <p class='ocr_par' dir='ltr' id='par_1_83' title="bbox 1055 1064 1839 1102">
     <span class='ocr_line' id='line_1_84' title="bbox 1055 1064 1839 1102; baseline 0.009 -13"><span class='ocrx_word' id='word_1_592' title='bbox 1055 1071 1116 1090; x_wconf 91' lang='lat' dir='ltr'><strong>eum</strong></span> <span class='ocrx_word' id='word_1_593' title='bbox 1132 1064 1270 1092; x_wconf 83' lang='lat' dir='ltr'><strong>adessent.</strong></span> <span class='ocrx_word' id='word_1_594' title='bbox 1285 1064 1400 1097; x_wconf 88' lang='lat' dir='ltr'><strong>primum</strong></span> <span class='ocrx_word' id='word_1_595' title='bbox 1416 1064 1532 1092; x_wconf 84' lang='lat' dir='ltr'><strong>Baanem</strong></span> <span class='ocrx_word' id='word_1_596' title='bbox 1549 1067 1723 1100; x_wconf 67' lang='lat' dir='ltr'><strong>prmpositum</strong></span> <span class='ocrx_word' id='word_1_597' title='bbox 1737 1075 1839 1102; x_wconf 79' lang='lat' dir='ltr'><strong>cogno—</strong></span> 
     </span>
    </p>
   </div>
   <div class='ocr_carea' id='block_1_84' title="bbox 1055 1110 1838 1145">
    <p class='ocr_par' dir='ltr' id='par_1_84' title="bbox 1055 1110 1838 1145">
     <span class='ocr_line' id='line_1_85' title="bbox 1055 1110 1838 1145; baseline 0.004 -8"><span class='ocrx_word' id='word_1_598' title='bbox 1055 1115 1148 1138; x_wconf 87' lang='lat' dir='ltr'><strong>mento</strong></span> <span class='ocrx_word' id='word_1_599' title='bbox 1165 1110 1312 1144; x_wconf 71' lang='lat' dir='ltr'><strong>Angoram,</strong></span> <span class='ocrx_word' id='word_1_600' title='bbox 1332 1110 1454 1145; x_wconf 82' lang='lat' dir='ltr'><strong>aliosque</strong></span> <span class='ocrx_word' id='word_1_601' title='bbox 1471 1111 1618 1139; x_wconf 86' lang='lat' dir='ltr'><strong>nonnullos</strong></span> <span class='ocrx_word' id='word_1_602' title='bbox 1647 1121 1679 1139; x_wconf 78' lang='lat' dir='ltr'><strong>ex</strong></span> <span class='ocrx_word' id='word_1_603' title='bbox 1697 1114 1838 1140; x_wconf 77' lang='lat' dir='ltr'><strong>vilioribus</strong></span> 
     </span>
    </p>
   </div>
   <div class='ocr_carea' id='block_1_85' title="bbox 1054 1154 1838 1192">
    <p class='ocr_par' dir='ltr' id='par_1_85' title="bbox 1054 1154 1838 1192">
     <span class='ocr_line' id='line_1_86' title="bbox 1054 1154 1838 1192; baseline 0.005 -11"><span class='ocrx_word' id='word_1_604' title='bbox 1054 1154 1199 1186; x_wconf 84' lang='lat' dir='ltr'><strong>Romanis.</strong></span> <span class='ocrx_word' id='word_1_605' title='bbox 1223 1155 1413 1188; x_wconf 78' lang='lat' dir='ltr'><strong>apocrisiarius</strong></span> <span class='ocrx_word' id='word_1_606' title='bbox 1429 1155 1460 1181; x_wconf 87' lang='lat' dir='ltr'><strong>ad</strong></span> <span class='ocrx_word' id='word_1_607' title='bbox 1477 1155 1607 1190; x_wconf 68' lang='lat' dir='ltr'><strong>lgnatium</strong></span> <span class='ocrx_word' id='word_1_608' title='bbox 1623 1156 1768 1184; x_wconf 86' lang='lat' dir='ltr'><strong>destinant.</strong></span> <span class='ocrx_word' id='word_1_609' title='bbox 1785 1158 1838 1192; x_wconf 83' lang='lat' dir='ltr'><strong>Qui</strong></span> 
     </span>
    </p>
   </div>
   <div class='ocr_carea' id='block_1_86' title="bbox 1053 1199 1830 1238">
    <p class='ocr_par' dir='ltr' id='par_1_86' title="bbox 1053 1199 1830 1238">
     <span class='ocr_line' id='line_1_87' title="bbox 1053 1199 1830 1238; baseline 0.003 -10"><span class='ocrx_word' id='word_1_610' title='bbox 1053 1208 1146 1228; x_wconf 83' lang='lat' dir='ltr'><strong>coram</strong></span> <span class='ocrx_word' id='word_1_611' title='bbox 1164 1200 1276 1234; x_wconf 78' lang='lat' dir='ltr'><strong>lgnatio,</strong></span> <span class='ocrx_word' id='word_1_612' title='bbox 1292 1199 1399 1234; x_wconf 72' lang='lat' dir='ltr'><strong>Magna,</strong></span> <span class='ocrx_word' id='word_1_613' title='bbox 1420 1201 1556 1235; x_wconf 83' lang='lat' dir='ltr'><strong>inquiunt,</strong></span> <span class='ocrx_word' id='word_1_614' title='bbox 1575 1205 1601 1228; x_wconf 89' lang='lat' dir='ltr'><strong>et</strong></span> <span class='ocrx_word' id='word_1_615' title='bbox 1617 1209 1694 1228; x_wconf 69' lang='lat' dir='ltr'><strong>sacra</strong></span> <span class='ocrx_word' id='word_1_616' title='bbox 1710 1204 1830 1238; x_wconf 74' lang='lat' dir='ltr'><strong>synodus</strong></span> 
     </span>
    </p>
   </div>
   <div class='ocr_carea' id='block_1_87' title="bbox 1054 1246 1836 1283">
    <p class='ocr_par' dir='ltr' id='par_1_87' title="bbox 1054 1246 1836 1283">
     <span class='ocr_line' id='line_1_88' title="bbox 1054 1246 1836 1283; baseline 0.005 -10"><span class='ocrx_word' id='word_1_617' title='bbox 1054 1252 1079 1273; x_wconf 87' lang='lat' dir='ltr'><strong>te</strong></span> <span class='ocrx_word' id='word_1_618' title='bbox 1091 1247 1166 1274; x_wconf 80' lang='lat' dir='ltr'><strong>citat.</strong></span> <span class='ocrx_word' id='word_1_619' title='bbox 1187 1246 1394 1282; x_wconf 82' lang='lat' dir='ltr'><strong>Quamprimum</strong></span> <span class='ocrx_word' id='word_1_620' title='bbox 1409 1254 1474 1281; x_wconf 81' lang='lat' dir='ltr'><strong>ergo</strong></span> <span class='ocrx_word' id='word_1_621' title='bbox 1488 1247 1564 1280; x_wconf 85' lang='lat' dir='ltr'><strong>ades,</strong></span> <span class='ocrx_word' id='word_1_622' title='bbox 1585 1256 1696 1275; x_wconf 84' lang='lat' dir='ltr'><strong>causam</strong></span> <span class='ocrx_word' id='word_1_623' title='bbox 1715 1249 1748 1276; x_wconf 84' lang='lat' dir='ltr'><strong>de</strong></span> <span class='ocrx_word' id='word_1_624' title='bbox 1759 1250 1836 1283; x_wconf 84' lang='lat' dir='ltr'><strong>obje-</strong></span> 
     </span>
    </p>
   </div>
   <div class='ocr_carea' id='block_1_88' title="bbox 1051 1293 1834 1324">
    <p class='ocr_par' dir='ltr' id='par_1_88' title="bbox 1051 1293 1834 1324">
     <span class='ocr_line' id='line_1_89' title="bbox 1051 1293 1834 1324; baseline 0.003 -4"><span class='ocrx_word' id='word_1_625' title='bbox 1051 1293 1104 1320; x_wconf 87' lang='lat' dir='ltr'><strong>ctis</strong></span> <span class='ocrx_word' id='word_1_626' title='bbox 1123 1294 1171 1320; x_wconf 87' lang='lat' dir='ltr'><strong>tibi</strong></span> <span class='ocrx_word' id='word_1_627' title='bbox 1182 1293 1240 1320; x_wconf 86' lang='lat' dir='ltr'><strong>sive</strong></span> <span class='ocrx_word' id='word_1_628' title='bbox 1253 1293 1335 1324; x_wconf 88' lang='lat' dir='ltr'><strong>veris,</strong></span> <span class='ocrx_word' id='word_1_629' title='bbox 1351 1294 1408 1320; x_wconf 86' lang='lat' dir='ltr'><strong>sive</strong></span> <span class='ocrx_word' id='word_1_630' title='bbox 1420 1293 1495 1320; x_wconf 80' lang='lat' dir='ltr'><strong>falsis</strong></span> <span class='ocrx_word' id='word_1_631' title='bbox 1511 1294 1671 1321; x_wconf 85' lang='lat' dir='ltr'><strong>criminibus</strong></span> <span class='ocrx_word' id='word_1_632' title='bbox 1699 1295 1834 1322; x_wconf 87' lang='lat' dir='ltr'><strong>dicturus.</strong></span> 
     </span>
    </p>
   </div>
   <div class='ocr_carea' id='block_1_89' title="bbox 1052 1337 1839 1374">
    <p class='ocr_par' dir='ltr' id='par_1_89' title="bbox 1052 1337 1839 1374">
     <span class='ocr_line' id='line_1_90' title="bbox 1052 1337 1839 1374; baseline 0.004 -10"><span class='ocrx_word' id='word_1_633' title='bbox 1052 1337 1102 1365; x_wconf 77' lang='lat' dir='ltr'><strong>llic</strong></span> <span class='ocrx_word' id='word_1_634' title='bbox 1122 1338 1217 1365; x_wconf 85' lang='lat' dir='ltr'><strong>beatus</strong></span> <span class='ocrx_word' id='word_1_635' title='bbox 1236 1347 1242 1365; x_wconf 93' lang='lat'><strong>:</strong></span> <span class='ocrx_word' id='word_1_636' title='bbox 1258 1338 1347 1372; x_wconf 81' lang='lat' dir='ltr'><strong>Agite,</strong></span> <span class='ocrx_word' id='word_1_637' title='bbox 1373 1339 1472 1373; x_wconf 84' lang='lat' dir='ltr'><strong>inquit,</strong></span> <span class='ocrx_word' id='word_1_638' title='bbox 1496 1339 1620 1371; x_wconf 79' lang='lat' dir='ltr'><strong>obsecro,</strong></span> <span class='ocrx_word' id='word_1_639' title='bbox 1642 1342 1780 1374; x_wconf 89' lang='lat' dir='ltr'><strong>quomodo</strong></span> <span class='ocrx_word' id='word_1_640' title='bbox 1791 1349 1839 1367; x_wconf 77' lang='lat' dir='ltr'><strong>ve-</strong></span> 
     </span>
    </p>
   </div>
   <div class='ocr_carea' id='block_1_90' title="bbox 1053 1381 1836 1416">
    <p class='ocr_par' dir='ltr' id='par_1_90' title="bbox 1053 1381 1836 1416">
     <span class='ocr_line' id='line_1_91' title="bbox 1053 1381 1836 1416; baseline 0.004 -8"><span class='ocrx_word' id='word_1_641' title='bbox 1053 1381 1147 1408; x_wconf 82' lang='lat' dir='ltr'><strong>niam?</strong></span> <span class='ocrx_word' id='word_1_642' title='bbox 1163 1389 1197 1408; x_wconf 87' lang='lat' dir='ltr'><strong>an</strong></span> <span class='ocrx_word' id='word_1_643' title='bbox 1216 1386 1245 1408; x_wconf 89' lang='lat' dir='ltr'><strong>ut</strong></span> <span class='ocrx_word' id='word_1_644' title='bbox 1259 1383 1412 1416; x_wconf 85' lang='lat' dir='ltr'><strong>episcopus.</strong></span> <span class='ocrx_word' id='word_1_645' title='bbox 1425 1390 1458 1409; x_wconf 89' lang='lat' dir='ltr'><strong>an</strong></span> <span class='ocrx_word' id='word_1_646' title='bbox 1475 1382 1613 1415; x_wconf 81' lang='lat' dir='ltr'><strong>sacerdos,</strong></span> <span class='ocrx_word' id='word_1_647' title='bbox 1623 1391 1656 1410; x_wconf 83' lang='lat' dir='ltr'><strong>an</strong></span> <span class='ocrx_word' id='word_1_648' title='bbox 1669 1385 1836 1411; x_wconf 82' lang='lat' dir='ltr'><strong>monachus?</strong></span> 
     </span>
    </p>
   </div>
   <div class='ocr_carea' id='block_1_91' title="bbox 1052 1427 1836 1462">
    <p class='ocr_par' dir='ltr' id='par_1_91' title="bbox 1052 1427 1836 1462">
     <span class='ocr_line' id='line_1_92' title="bbox 1052 1427 1836 1462; baseline 0.005 -9"><span class='ocrx_word' id='word_1_649' title='bbox 1052 1427 1091 1455; x_wconf 93' lang='lat' dir='ltr'><strong>llli</strong></span> <span class='ocrx_word' id='word_1_650' title='bbox 1110 1427 1244 1454; x_wconf 67' lang='lat' dir='ltr'><strong>haerentes</strong></span> <span class='ocrx_word' id='word_1_651' title='bbox 1264 1436 1271 1454; x_wconf 87' lang='lat'>:</span> <span class='ocrx_word' id='word_1_652' title='bbox 1291 1427 1378 1457; x_wconf 86' lang='lat' dir='ltr'><strong>Nunc.</strong></span> <span class='ocrx_word' id='word_1_653' title='bbox 1396 1428 1532 1462; x_wconf 85' lang='lat' dir='ltr'><strong>inquiunt,</strong></span> <span class='ocrx_word' id='word_1_654' title='bbox 1558 1428 1677 1461; x_wconf 72' lang='lat' dir='ltr'><strong>abimus,</strong></span> <span class='ocrx_word' id='word_1_655' title='bbox 1690 1437 1751 1456; x_wconf 82' lang='lat' dir='ltr'><strong>cras</strong></span> <span class='ocrx_word' id='word_1_656' title='bbox 1763 1431 1795 1456; x_wconf 90' lang='lat' dir='ltr'><strong>ad</strong></span> <span class='ocrx_word' id='word_1_657' title='bbox 1810 1435 1836 1457; x_wconf 84' lang='lat' dir='ltr'><strong>te</strong></span> 
     </span>
    </p>
   </div>
   <div class='ocr_carea' id='block_1_92' title="bbox 1052 1472 1836 1507">
    <p class='ocr_par' dir='ltr' id='par_1_92' title="bbox 1052 1472 1836 1507">
     <span class='ocr_line' id='line_1_93' title="bbox 1052 1472 1836 1507; baseline 0.003 -8"><span class='ocrx_word' id='word_1_658' title='bbox 1052 1478 1124 1500; x_wconf 83' lang='lat' dir='ltr'><strong>certa</strong></span> <span class='ocrx_word' id='word_1_659' title='bbox 1140 1473 1260 1500; x_wconf 88' lang='lat' dir='ltr'><strong>relaturi.</strong></span> <span class='ocrx_word' id='word_1_660' title='bbox 1276 1472 1410 1499; x_wconf 84' lang='lat' dir='ltr'><strong>Postridie</strong></span> <span class='ocrx_word' id='word_1_661' title='bbox 1431 1474 1514 1507; x_wconf 85' lang='lat' dir='ltr'><strong>igitur</strong></span> <span class='ocrx_word' id='word_1_662' title='bbox 1530 1473 1610 1500; x_wconf 87' lang='lat' dir='ltr'><strong>iidem</strong></span> <span class='ocrx_word' id='word_1_663' title='bbox 1631 1475 1733 1502; x_wconf 79' lang='lat' dir='ltr'><strong>reversi</strong></span> <span class='ocrx_word' id='word_1_664' title='bbox 1759 1482 1766 1501; x_wconf 87' lang='lat'><strong>:</strong></span> <span class='ocrx_word' id='word_1_665' title='bbox 1782 1475 1836 1501; x_wconf 77' lang='lat' dir='ltr'><strong>Le-</strong></span> 
     </span>
    </p>
   </div>
   <div class='ocr_carea' id='block_1_93' title="bbox 1050 1518 1836 1554">
    <p class='ocr_par' dir='ltr' id='par_1_93' title="bbox 1050 1518 1836 1554">
     <span class='ocr_line' id='line_1_94' title="bbox 1050 1518 1836 1554; baseline 0.003 -8"><span class='ocrx_word' id='word_1_666' title='bbox 1050 1520 1115 1554; x_wconf 81' lang='lat' dir='ltr'><strong>gati,</strong></span> <span class='ocrx_word' id='word_1_667' title='bbox 1136 1519 1272 1554; x_wconf 87' lang='lat' dir='ltr'><strong>inquiunt,</strong></span> <span class='ocrx_word' id='word_1_668' title='bbox 1288 1519 1388 1546; x_wconf 83' lang='lat' dir='ltr'><strong>veteris</strong></span> <span class='ocrx_word' id='word_1_669' title='bbox 1415 1518 1507 1546; x_wconf 65' lang='lat' dir='ltr'><strong>Romm</strong></span> <span class='ocrx_word' id='word_1_670' title='bbox 1519 1539 1526 1551; x_wconf 93' lang='lat'><strong>,</strong></span> <span class='ocrx_word' id='word_1_671' title='bbox 1557 1519 1729 1547; x_wconf 71' lang='lat' dir='ltr'><strong>llbodoaldus</strong></span> <span class='ocrx_word' id='word_1_672' title='bbox 1745 1525 1772 1547; x_wconf 87' lang='lat' dir='ltr'><strong>et</strong></span> <span class='ocrx_word' id='word_1_673' title='bbox 1783 1521 1836 1548; x_wconf 83' lang='lat' dir='ltr'><strong>Za-</strong></span> 
     </span>
    </p>
   </div>
   <div class='ocr_carea' id='block_1_94' title="bbox 1049 1563 1836 1598">
    <p class='ocr_par' dir='ltr' id='par_1_94' title="bbox 1049 1563 1836 1598">
     <span class='ocr_line' id='line_1_95' title="bbox 1049 1563 1836 1598; baseline 0.004 -9"><span class='ocrx_word' id='word_1_674' title='bbox 1049 1563 1169 1595; x_wconf 87' lang='lat' dir='ltr'><strong>charias,</strong></span> <span class='ocrx_word' id='word_1_675' title='bbox 1188 1570 1236 1598; x_wconf 86' lang='lat' dir='ltr'><strong>per</strong></span> <span class='ocrx_word' id='word_1_676' title='bbox 1246 1570 1296 1589; x_wconf 89' lang='lat' dir='ltr'><strong>nos</strong></span> <span class='ocrx_word' id='word_1_677' title='bbox 1309 1563 1436 1597; x_wconf 76' lang='lat' dir='ltr'><strong>indignos</strong></span> <span class='ocrx_word' id='word_1_678' title='bbox 1446 1564 1501 1590; x_wconf 74' lang='lat' dir='ltr'><strong>lnec</strong></span> <span class='ocrx_word' id='word_1_679' title='bbox 1515 1565 1641 1591; x_wconf 89' lang='lat' dir='ltr'><strong>nuntiant</strong></span> <span class='ocrx_word' id='word_1_680' title='bbox 1654 1565 1710 1597; x_wconf 73' lang='lat' dir='ltr'><strong>tibi,</strong></span> <span class='ocrx_word' id='word_1_681' title='bbox 1724 1566 1761 1592; x_wconf 92' lang='lat' dir='ltr'><strong>uti</strong></span> <span class='ocrx_word' id='word_1_682' title='bbox 1776 1567 1836 1593; x_wconf 86' lang='lat' dir='ltr'><strong>sine</strong></span> 
     </span>
    </p>
   </div>
   <div class='ocr_carea' id='block_1_95' title="bbox 1049 1609 1834 1644">
    <p class='ocr_par' dir='ltr' id='par_1_95' title="bbox 1049 1609 1834 1644">
     <span class='ocr_line' id='line_1_96' title="bbox 1049 1609 1834 1644; baseline 0.005 -10"><span class='ocrx_word' id='word_1_683' title='bbox 1049 1616 1124 1635; x_wconf 87' lang='lat' dir='ltr'><strong>mora</strong></span> <span class='ocrx_word' id='word_1_684' title='bbox 1134 1609 1167 1635; x_wconf 90' lang='lat' dir='ltr'><strong>ad</strong></span> <span class='ocrx_word' id='word_1_685' title='bbox 1183 1613 1304 1636; x_wconf 81' lang='lat' dir='ltr'><strong>sanctam</strong></span> <span class='ocrx_word' id='word_1_686' title='bbox 1318 1613 1344 1636; x_wconf 91' lang='lat' dir='ltr'><strong>et</strong></span> <span class='ocrx_word' id='word_1_687' title='bbox 1366 1609 1563 1636; x_wconf 81' lang='lat' dir='ltr'><strong>cecumenicam</strong></span> <span class='ocrx_word' id='word_1_688' title='bbox 1588 1610 1722 1644; x_wconf 76' lang='lat' dir='ltr'><strong>synodum</strong></span> <span class='ocrx_word' id='word_1_689' title='bbox 1747 1611 1834 1642; x_wconf 84' lang='lat' dir='ltr'><strong>adsis,</strong></span> 
     </span>
    </p>
   </div>
   <div class='ocr_carea' id='block_1_96' title="bbox 1049 1653 1836 1691">
    <p class='ocr_par' dir='ltr' id='par_1_96' title="bbox 1049 1653 1836 1691">
     <span class='ocr_line' id='line_1_97' title="bbox 1049 1653 1836 1691; baseline 0.004 -10"><span class='ocrx_word' id='word_1_690' title='bbox 1049 1659 1079 1681; x_wconf 89' lang='lat' dir='ltr'><strong>ut</strong></span> <span class='ocrx_word' id='word_1_691' title='bbox 1093 1658 1136 1681; x_wconf 86' lang='lat' dir='ltr'><strong>tua</strong></span> <span class='ocrx_word' id='word_1_692' title='bbox 1152 1653 1320 1682; x_wconf 79' lang='lat' dir='ltr'><strong>conscientia</strong></span> <span class='ocrx_word' id='word_1_693' title='bbox 1337 1654 1384 1681; x_wconf 85' lang='lat' dir='ltr'><strong>tibi</strong></span> <span class='ocrx_word' id='word_1_694' title='bbox 1402 1654 1495 1681; x_wconf 77' lang='lat' dir='ltr'><strong>dictat.</strong></span> <span class='ocrx_word' id='word_1_695' title='bbox 1529 1654 1598 1690; x_wconf 79' lang='lat' dir='ltr'><strong>Ergo</strong></span> <span class='ocrx_word' id='word_1_696' title='bbox 1616 1656 1769 1691; x_wconf 86' lang='lat' dir='ltr'><strong>(lguatius)</strong></span> <span class='ocrx_word' id='word_1_697' title='bbox 1787 1665 1836 1684; x_wconf 82' lang='lat' dir='ltr'><strong>ex-</strong></span> 
     </span>
    </p>
   </div>
   <div class='ocr_carea' id='block_1_97' title="bbox 1049 1701 1834 1735">
    <p class='ocr_par' dir='ltr' id='par_1_97' title="bbox 1049 1701 1834 1735">
     <span class='ocr_line' id='line_1_98' title="bbox 1049 1701 1834 1735; baseline 0.004 -8"><span class='ocrx_word' id='word_1_698' title='bbox 1049 1701 1150 1735; x_wconf 89' lang='lat' dir='ltr'><strong>templo</strong></span> <span class='ocrx_word' id='word_1_699' title='bbox 1166 1708 1274 1727; x_wconf 81' lang='lat' dir='ltr'><strong>sacrum</strong></span> <span class='ocrx_word' id='word_1_700' title='bbox 1290 1701 1453 1735; x_wconf 66' lang='lat' dir='ltr'><strong>patriarchae</strong></span> <span class='ocrx_word' id='word_1_701' title='bbox 1479 1706 1605 1727; x_wconf 87' lang='lat' dir='ltr'><strong>ornatum</strong></span> <span class='ocrx_word' id='word_1_702' title='bbox 1631 1702 1751 1734; x_wconf 79' lang='lat' dir='ltr'><strong>indutus,</strong></span> <span class='ocrx_word' id='word_1_703' title='bbox 1773 1711 1834 1730; x_wconf 87' lang='lat' dir='ltr'><strong>cum</strong></span> 
     </span>
    </p>
   </div>
   <div class='ocr_carea' id='block_1_98' title="bbox 1048 1747 1835 1783">
    <p class='ocr_par' dir='ltr' id='par_1_98' title="bbox 1048 1747 1835 1783">
     <span class='ocr_line' id='line_1_99' title="bbox 1048 1747 1835 1783; baseline 0.003 -9"><span class='ocrx_word' id='word_1_704' title='bbox 1048 1747 1184 1782; x_wconf 82' lang='lat' dir='ltr'><strong>episcopis</strong></span> <span class='ocrx_word' id='word_1_705' title='bbox 1195 1751 1219 1774; x_wconf 86' lang='lat' dir='ltr'><strong>el</strong></span> <span class='ocrx_word' id='word_1_706' title='bbox 1233 1747 1317 1779; x_wconf 88' lang='lat' dir='ltr'><strong>clero,</strong></span> <span class='ocrx_word' id='word_1_707' title='bbox 1334 1754 1486 1781; x_wconf 74' lang='lat' dir='ltr'><strong>magnaque</strong></span> <span class='ocrx_word' id='word_1_708' title='bbox 1502 1747 1692 1782; x_wconf 71' lang='lat' dir='ltr'><strong>religiosorum</strong></span> <span class='ocrx_word' id='word_1_709' title='bbox 1708 1748 1835 1783; x_wconf 79' lang='lat' dir='ltr'><strong>frequen-</strong></span> 
     </span>
    </p>
   </div>
   <div class='ocr_carea' id='block_1_99' title="bbox 1049 1793 1835 1828">
    <p class='ocr_par' dir='ltr' id='par_1_99' title="bbox 1049 1793 1835 1828">
     <span class='ocr_line' id='line_1_100' title="bbox 1049 1793 1835 1828; baseline 0.003 -9"><span class='ocrx_word' id='word_1_710' title='bbox 1049 1793 1096 1825; x_wconf 84' lang='lat' dir='ltr'><strong>tia,</strong></span> <span class='ocrx_word' id='word_1_711' title='bbox 1121 1793 1277 1826; x_wconf 76' lang='lat' dir='ltr'><strong>civiumque</strong></span> <span class='ocrx_word' id='word_1_712' title='bbox 1303 1800 1438 1819; x_wconf 88' lang='lat' dir='ltr'><strong>concursu</strong></span> <span class='ocrx_word' id='word_1_713' title='bbox 1454 1797 1480 1820; x_wconf 87' lang='lat' dir='ltr'><strong>et</strong></span> <span class='ocrx_word' id='word_1_714' title='bbox 1503 1793 1644 1825; x_wconf 79' lang='lat' dir='ltr'><strong>comitatu,</strong></span> <span class='ocrx_word' id='word_1_715' title='bbox 1669 1794 1738 1820; x_wconf 86' lang='lat' dir='ltr'><strong>viam</strong></span> <span class='ocrx_word' id='word_1_716' title='bbox 1755 1796 1835 1828; x_wconf 86' lang='lat' dir='ltr'><strong>pedes</strong></span> 
     </span>
    </p>
   </div>
   <div class='ocr_carea' id='block_1_100' title="bbox 1048 1837 1833 1874">
    <p class='ocr_par' dir='ltr' id='par_1_100' title="bbox 1048 1837 1833 1874">
     <span class='ocr_line' id='line_1_101' title="bbox 1048 1837 1833 1874; baseline 0.003 -10"><span class='ocrx_word' id='word_1_717' title='bbox 1048 1837 1199 1872; x_wconf 83' lang='lat' dir='ltr'><strong>ingressus,</strong></span> <span class='ocrx_word' id='word_1_718' title='bbox 1216 1845 1277 1865; x_wconf 89' lang='lat' dir='ltr'><strong>cum</strong></span> <span class='ocrx_word' id='word_1_719' title='bbox 1294 1838 1326 1864; x_wconf 86' lang='lat' dir='ltr'><strong>ad</strong></span> <span class='ocrx_word' id='word_1_720' title='bbox 1345 1839 1429 1864; x_wconf 64' lang='lat' dir='ltr'><strong>aedem</strong></span> <span class='ocrx_word' id='word_1_721' title='bbox 1446 1838 1535 1865; x_wconf 86' lang='lat' dir='ltr'><strong>sancti</strong></span> <span class='ocrx_word' id='word_1_722' title='bbox 1553 1838 1674 1874; x_wconf 78' lang='lat' dir='ltr'><strong>Gregorii</strong></span> <span class='ocrx_word' id='word_1_723' title='bbox 1693 1839 1833 1873; x_wconf 81' lang='lat' dir='ltr'><strong>Theologi.</strong></span> 
     </span>
    </p>
   </div>
   <div class='ocr_carea' id='block_1_101' title="bbox 1048 1883 1834 1917">
    <p class='ocr_par' dir='ltr' id='par_1_101' title="bbox 1048 1883 1834 1917">
     <span class='ocr_line' id='line_1_102' title="bbox 1048 1883 1834 1917; baseline 0.001 -7"><span class='ocrx_word' id='word_1_724' title='bbox 1048 1885 1093 1911; x_wconf 95' lang='lat' dir='ltr'><strong>ubi</strong></span> <span class='ocrx_word' id='word_1_725' title='bbox 1110 1892 1176 1910; x_wconf 82' lang='lat' dir='ltr'><strong>crux</strong></span> <span class='ocrx_word' id='word_1_726' title='bbox 1189 1883 1215 1910; x_wconf 94' lang='lat' dir='ltr'><strong>in</strong></span> <span class='ocrx_word' id='word_1_727' title='bbox 1241 1884 1326 1910; x_wconf 81' lang='lat' dir='ltr'><strong>media</strong></span> <span class='ocrx_word' id='word_1_728' title='bbox 1343 1884 1447 1917; x_wconf 86' lang='lat' dir='ltr'><strong>publica</strong></span> <span class='ocrx_word' id='word_1_729' title='bbox 1463 1884 1503 1910; x_wconf 87' lang='lat' dir='ltr'><strong>via</strong></span> <span class='ocrx_word' id='word_1_730' title='bbox 1526 1892 1686 1911; x_wconf 69' lang='lat' dir='ltr'><strong>marmorea:</strong></span> <span class='ocrx_word' id='word_1_731' title='bbox 1701 1885 1834 1912; x_wconf 71' lang='lat' dir='ltr'><strong>columna:</strong></span> 
     </span>
    </p>
   </div>
   <div class='ocr_carea' id='block_1_102' title="bbox 1049 1929 1835 1964">
    <p class='ocr_par' dir='ltr' id='par_1_102' title="bbox 1049 1929 1835 1964">
     <span class='ocr_line' id='line_1_103' title="bbox 1049 1929 1835 1964; baseline 0.001 -9"><span class='ocrx_word' id='word_1_732' title='bbox 1049 1929 1177 1964; x_wconf 82' lang='lat' dir='ltr'><strong>imposita</strong></span> <span class='ocrx_word' id='word_1_733' title='bbox 1204 1933 1255 1961; x_wconf 86' lang='lat' dir='ltr'><strong>est,</strong></span> <span class='ocrx_word' id='word_1_734' title='bbox 1280 1929 1410 1961; x_wconf 84' lang='lat' dir='ltr'><strong>venisset,</strong></span> <span class='ocrx_word' id='word_1_735' title='bbox 1435 1929 1554 1956; x_wconf 79' lang='lat' dir='ltr'><strong>Joannes</strong></span> <span class='ocrx_word' id='word_1_736' title='bbox 1578 1930 1718 1964; x_wconf 85' lang='lat' dir='ltr'><strong>patricius,</strong></span> <span class='ocrx_word' id='word_1_737' title='bbox 1746 1930 1835 1957; x_wconf 85' lang='lat' dir='ltr'><strong>Coxes</strong></span> 
     </span>
    </p>
   </div>
   <div class='ocr_carea' id='block_1_103' title="bbox 1049 1975 1834 2010">
    <p class='ocr_par' dir='ltr' id='par_1_103' title="bbox 1049 1975 1834 2010">
     <span class='ocr_line' id='line_1_104' title="bbox 1049 1975 1834 2010; baseline 0.003 -10"><span class='ocrx_word' id='word_1_738' title='bbox 1049 1979 1238 2009; x_wconf 69' lang='lat' dir='ltr'><strong>nuncupatus,</strong></span> <span class='ocrx_word' id='word_1_739' title='bbox 1269 1975 1306 2001; x_wconf 88' lang='lat' dir='ltr'><strong>illi</strong></span> <span class='ocrx_word' id='word_1_740' title='bbox 1336 1976 1471 2008; x_wconf 84' lang='lat' dir='ltr'><strong>occurrit;</strong></span> <span class='ocrx_word' id='word_1_741' title='bbox 1501 1983 1584 2009; x_wconf 80' lang='lat' dir='ltr'><strong>seque</strong></span> <span class='ocrx_word' id='word_1_742' title='bbox 1610 1976 1644 2002; x_wconf 91' lang='lat' dir='ltr'><strong>ab</strong></span> <span class='ocrx_word' id='word_1_743' title='bbox 1669 1977 1834 2010; x_wconf 79' lang='lat' dir='ltr'><strong>imperatore</strong></span> 
     </span>
    </p>
   </div>
   <div class='ocr_carea' id='block_1_104' title="bbox 1049 2020 1833 2054">
    <p class='ocr_par' dir='ltr' id='par_1_104' title="bbox 1049 2020 1833 2054">
     <span class='ocr_line' id='line_1_105' title="bbox 1049 2020 1833 2054; baseline 0 -7"><span class='ocrx_word' id='word_1_744' title='bbox 1049 2023 1163 2047; x_wconf 76' lang='lat' dir='ltr'><strong>missum</strong></span> <span class='ocrx_word' id='word_1_745' title='bbox 1181 2020 1266 2053; x_wconf 86' lang='lat' dir='ltr'><strong>dicit;</strong></span> <span class='ocrx_word' id='word_1_746' title='bbox 1283 2028 1314 2046; x_wconf 87' lang='lat' dir='ltr'><strong>ac</strong></span> <span class='ocrx_word' id='word_1_747' title='bbox 1333 2021 1384 2047; x_wconf 82' lang='lat' dir='ltr'><strong>nisi</strong></span> <span class='ocrx_word' id='word_1_748' title='bbox 1402 2022 1506 2054; x_wconf 86' lang='lat' dir='ltr'><strong>privata</strong></span> <span class='ocrx_word' id='word_1_749' title='bbox 1524 2026 1550 2047; x_wconf 85' lang='lat' dir='ltr'><strong>et</strong></span> <span class='ocrx_word' id='word_1_750' title='bbox 1572 2021 1671 2047; x_wconf 83' lang='lat' dir='ltr'><strong>usitata</strong></span> <span class='ocrx_word' id='word_1_751' title='bbox 1703 2021 1833 2047; x_wconf 83' lang='lat' dir='ltr'><strong>tnunachi</strong></span> 
     </span>
    </p>
   </div>
   <div class='ocr_carea' id='block_1_105' title="bbox 1048 2063 1831 2099">
    <p class='ocr_par' dir='ltr' id='par_1_105' title="bbox 1048 2063 1831 2099">
     <span class='ocr_line' id='line_1_106' title="bbox 1048 2063 1831 2099; baseline -0.001 -8"><span class='ocrx_word' id='word_1_752' title='bbox 1048 2071 1124 2091; x_wconf 82' lang='lat' dir='ltr'><strong>veste</strong></span> <span class='ocrx_word' id='word_1_753' title='bbox 1146 2064 1278 2099; x_wconf 81' lang='lat' dir='ltr'><strong>prodiret,</strong></span> <span class='ocrx_word' id='word_1_754' title='bbox 1298 2064 1321 2090; x_wconf 86' lang='lat' dir='ltr'><strong>ei</strong></span> <span class='ocrx_word' id='word_1_755' title='bbox 1344 2064 1440 2097; x_wconf 83' lang='lat' dir='ltr'><strong>capitis</strong></span> <span class='ocrx_word' id='word_1_756' title='bbox 1455 2064 1604 2098; x_wconf 88' lang='lat' dir='ltr'><strong>periculum</strong></span> <span class='ocrx_word' id='word_1_757' title='bbox 1624 2071 1656 2090; x_wconf 88' lang='lat' dir='ltr'><strong>ac</strong></span> <span class='ocrx_word' id='word_1_758' title='bbox 1670 2063 1831 2098; x_wconf 79' lang='lat' dir='ltr'><strong>supplicium</strong></span> 
     </span>
    </p>
   </div>
   <div class='ocr_carea' id='block_1_106' title="bbox 1048 2108 1829 2143">
    <p class='ocr_par' dir='ltr' id='par_1_106' title="bbox 1048 2108 1829 2143">
     <span class='ocr_line' id='line_1_107' title="bbox 1048 2108 1829 2143; baseline -0.004 -7"><span class='ocrx_word' id='word_1_759' title='bbox 1048 2110 1200 2136; x_wconf 87' lang='lat' dir='ltr'><strong>imminere.</strong></span> <span class='ocrx_word' id='word_1_760' title='bbox 1217 2109 1295 2135; x_wconf 77' lang='lat' dir='ltr'><strong>Paret</strong></span> <span class='ocrx_word' id='word_1_761' title='bbox 1315 2108 1356 2134; x_wconf 92' lang='lat' dir='ltr'><strong>vir</strong></span> <span class='ocrx_word' id='word_1_762' title='bbox 1385 2113 1507 2140; x_wconf 80' lang='lat' dir='ltr'><strong>sanctus,</strong></span> <span class='ocrx_word' id='word_1_763' title='bbox 1531 2109 1690 2143; x_wconf 79' lang='lat' dir='ltr'><strong>synodoque</strong></span> <span class='ocrx_word' id='word_1_764' title='bbox 1716 2108 1829 2134; x_wconf 75' lang='lat' dir='ltr'><strong>sistitur.</strong></span> 
     </span>
    </p>
   </div>
   <div class='ocr_carea' id='block_1_107' title="bbox 1049 2153 1832 2189">
    <p class='ocr_par' dir='ltr' id='par_1_107' title="bbox 1049 2153 1832 2189">
     <span class='ocr_line' id='line_1_108' title="bbox 1049 2153 1832 2189; baseline -0.003 -8"><span class='ocrx_word' id='word_1_765' title='bbox 1049 2154 1276 2189; x_wconf 75' lang='lat' dir='ltr'><strong>Apponuntdtws</strong></span> <span class='ocrx_word' id='word_1_766' title='bbox 1291 2161 1372 2188; x_wconf 84' lang='lat' dir='ltr'><strong>supra</strong></span> <span class='ocrx_word' id='word_1_767' title='bbox 1396 2153 1564 2187; x_wconf 65' lang='lat' dir='ltr'><strong>septuaginta</strong></span> <span class='ocrx_word' id='word_1_768' title='bbox 1591 2154 1715 2187; x_wconf 85' lang='lat' dir='ltr'><strong>perjuros</strong></span> <span class='ocrx_word' id='word_1_769' title='bbox 1739 2158 1832 2186; x_wconf 84' lang='lat' dir='ltr'><strong>testes,</strong></span> 
     </span>
    </p>
   </div>
   <div class='ocr_carea' id='block_1_108' title="bbox 1048 2200 1831 2236">
    <p class='ocr_par' dir='ltr' id='par_1_108' title="bbox 1048 2200 1831 2236">
     <span class='ocr_line' id='line_1_109' title="bbox 1048 2200 1831 2236; baseline -0.006 -8"><span class='ocrx_word' id='word_1_770' title='bbox 1048 2209 1118 2236; x_wconf 88' lang='lat' dir='ltr'><strong>quos</strong></span> <span class='ocrx_word' id='word_1_771' title='bbox 1133 2201 1189 2235; x_wconf 87' lang='lat' dir='ltr'><strong>jam</strong></span> <span class='ocrx_word' id='word_1_772' title='bbox 1214 2200 1277 2227; x_wconf 90' lang='lat' dir='ltr'><strong>olim</strong></span> <span class='ocrx_word' id='word_1_773' title='bbox 1304 2201 1400 2234; x_wconf 86' lang='lat' dir='ltr'><strong>impios</strong></span> <span class='ocrx_word' id='word_1_774' title='bbox 1417 2207 1510 2226; x_wconf 84' lang='lat' dir='ltr'><strong>omnes</strong></span> <span class='ocrx_word' id='word_1_775' title='bbox 1527 2202 1717 2230; x_wconf 71' lang='lat' dir='ltr'><strong>Slll&#39;ul&#39;llal&#39;utll,</strong></span> <span class='ocrx_word' id='word_1_776' title='bbox 1737 2206 1831 2233; x_wconf 76' lang='lat' dir='ltr'><strong>grega-</strong></span> 
     </span>
    </p>
   </div>
   <div class='ocr_carea' id='block_1_109' title="bbox 1049 2243 1832 2281">
    <p class='ocr_par' dir='ltr' id='par_1_109' title="bbox 1049 2243 1832 2281">
     <span class='ocr_line' id='line_1_110' title="bbox 1049 2243 1832 2281; baseline -0.008 -7"><span class='ocrx_word' id='word_1_777' title='bbox 1049 2247 1194 2281; x_wconf 76' lang='lat' dir='ltr'><strong>riosjuxta</strong></span> <span class='ocrx_word' id='word_1_778' title='bbox 1211 2253 1242 2272; x_wconf 86' lang='lat' dir='ltr'><strong>ac</strong></span> <span class='ocrx_word' id='word_1_779' title='bbox 1267 2245 1440 2277; x_wconf 86' lang='lat' dir='ltr'><strong>senatorios;</strong></span> <span class='ocrx_word' id='word_1_780' title='bbox 1470 2252 1586 2278; x_wconf 89' lang='lat' dir='ltr'><strong>quorum</strong></span> <span class='ocrx_word' id='word_1_781' title='bbox 1614 2244 1668 2271; x_wconf 80' lang='lat' dir='ltr'><strong>dux</strong></span> <span class='ocrx_word' id='word_1_782' title='bbox 1695 2248 1753 2270; x_wconf 89' lang='lat' dir='ltr'><strong>erat</strong></span> <span class='ocrx_word' id='word_1_783' title='bbox 1779 2243 1832 2268; x_wconf 81' lang='lat' dir='ltr'><strong>Leo</strong></span> 
     </span>
    </p>
   </div>
   <div class='ocr_carea' id='block_1_110' title="bbox 1049 2288 1831 2326">
    <p class='ocr_par' dir='ltr' id='par_1_110' title="bbox 1049 2288 1831 2326">
     <span class='ocr_line' id='line_1_111' title="bbox 1049 2288 1831 2326; baseline -0.006 -8"><span class='ocrx_word' id='word_1_784' title='bbox 1049 2291 1178 2326; x_wconf 68' lang='lat' dir='ltr'><strong>patricius</strong></span> <span class='ocrx_word' id='word_1_785' title='bbox 1191 2295 1369 2325; x_wconf 71' lang='lat' dir='ltr'><strong>cognomento</strong></span> <span class='ocrx_word' id='word_1_786' title='bbox 1387 2289 1520 2320; x_wconf 81' lang='lat' dir='ltr'><strong>Creticus,</strong></span> <span class='ocrx_word' id='word_1_787' title='bbox 1538 2293 1564 2315; x_wconf 88' lang='lat' dir='ltr'><strong>et</strong></span> <span class='ocrx_word' id='word_1_788' title='bbox 1586 2289 1734 2315; x_wconf 77' lang='lat' dir='ltr'><strong>secundum</strong></span> <span class='ocrx_word' id='word_1_789' title='bbox 1755 2288 1831 2314; x_wconf 88' lang='lat' dir='ltr'><strong>illutn</strong></span> 
     </span>
    </p>
   </div>
   <div class='ocr_carea' id='block_1_111' title="bbox 1048 2334 1830 2369">
    <p class='ocr_par' dir='ltr' id='par_1_111' title="bbox 1048 2334 1830 2369">
     <span class='ocr_line' id='line_1_112' title="bbox 1048 2334 1830 2369; baseline -0.006 -6"><span class='ocrx_word' id='word_1_790' title='bbox 1048 2336 1248 2363; x_wconf 79' lang='lat' dir='ltr'><strong>Theodotacius</strong></span> <span class='ocrx_word' id='word_1_791' title='bbox 1260 2337 1325 2362; x_wconf 88' lang='lat' dir='ltr'><strong>item</strong></span> <span class='ocrx_word' id='word_1_792' title='bbox 1335 2335 1476 2369; x_wconf 83' lang='lat' dir='ltr'><strong>patricius,</strong></span> <span class='ocrx_word' id='word_1_793' title='bbox 1487 2334 1530 2359; x_wconf 76' lang='lat' dir='ltr'><strong>cui</strong></span> <span class='ocrx_word' id='word_1_794' title='bbox 1544 2338 1571 2360; x_wconf 91' lang='lat' dir='ltr'><strong>et</strong></span> <span class='ocrx_word' id='word_1_795' title='bbox 1587 2334 1699 2367; x_wconf 82' lang='lat' dir='ltr'><strong>pcrjurii</strong></span> <span class='ocrx_word' id='word_1_796' title='bbox 1715 2334 1830 2367; x_wconf 87' lang='lat' dir='ltr'><strong>pretium</strong></span> 
     </span>
    </p>
   </div>
   <div class='ocr_carea' id='block_1_112' title="bbox 1049 2379 1830 2417">
    <p class='ocr_par' dir='ltr' id='par_1_112' title="bbox 1049 2379 1830 2417">
     <span class='ocr_line' id='line_1_113' title="bbox 1049 2379 1830 2417; baseline -0.01 -7"><span class='ocrx_word' id='word_1_797' title='bbox 1049 2382 1170 2417; x_wconf 77' lang='lat' dir='ltr'><strong>magistri</strong></span> <span class='ocrx_word' id='word_1_798' title='bbox 1188 2381 1309 2415; x_wconf 73' lang='lat' dir='ltr'><strong>dignitas</strong></span> <span class='ocrx_word' id='word_1_799' title='bbox 1332 2380 1420 2406; x_wconf 82' lang='lat' dir='ltr'><strong>delata</strong></span> <span class='ocrx_word' id='word_1_800' title='bbox 1436 2384 1488 2406; x_wconf 88' lang='lat' dir='ltr'><strong>cst.</strong></span> <span class='ocrx_word' id='word_1_801' title='bbox 1511 2379 1557 2406; x_wconf 91' lang='lat' dir='ltr'><strong>llis</strong></span> <span class='ocrx_word' id='word_1_802' title='bbox 1575 2380 1694 2412; x_wconf 83' lang='lat' dir='ltr'><strong>reliquos</strong></span> <span class='ocrx_word' id='word_1_803' title='bbox 1709 2387 1741 2405; x_wconf 85' lang='lat' dir='ltr'><strong>ex</strong></span> <span class='ocrx_word' id='word_1_804' title='bbox 1762 2387 1830 2404; x_wconf 86' lang='lat' dir='ltr'><strong>unn-</strong></span> 
     </span>
    </p>
   </div>
   <div class='ocr_carea' id='block_1_113' title="bbox 1048 2423 1830 2461">
    <p class='ocr_par' dir='ltr' id='par_1_113' title="bbox 1048 2423 1830 2461">
     <span class='ocr_line' id='line_1_114' title="bbox 1048 2423 1830 2461; baseline -0.003 -9"><span class='ocrx_word' id='word_1_805' title='bbox 1048 2427 1159 2461; x_wconf 75' lang='lat' dir='ltr'><strong>quuque’</strong></span> <span class='ocrx_word' id='word_1_806' title='bbox 1171 2427 1255 2460; x_wconf 73' lang='lat' dir='ltr'><strong>gradu</strong></span> <span class='ocrx_word' id='word_1_807' title='bbox 1271 2429 1398 2458; x_wconf 81' lang='lat' dir='ltr'><strong>sorteque</strong></span> <span class='ocrx_word' id='word_1_808' title='bbox 1411 2425 1450 2451; x_wconf 89' lang='lat' dir='ltr'><strong>\el</strong></span> <span class='ocrx_word' id='word_1_809' title='bbox 1462 2424 1623 2450; x_wconf 87' lang='lat' dir='ltr'><strong>deterrituos</strong></span> <span class='ocrx_word' id='word_1_810' title='bbox 1638 2423 1830 2457; x_wconf 72' lang='lat' dir='ltr'><strong>adjunxcrunl.</strong></span> 
     </span>
    </p>
   </div>
   <div class='ocr_carea' id='block_1_114' title="bbox 1047 2467 1831 2505">
    <p class='ocr_par' dir='ltr' id='par_1_114' title="bbox 1047 2467 1831 2505">
     <span class='ocr_line' id='line_1_115' title="bbox 1047 2467 1831 2505; baseline -0.006 -7"><span class='ocrx_word' id='word_1_811' title='bbox 1047 2471 1139 2505; x_wconf 82' lang='lat' dir='ltr'><strong>Neque</strong></span> <span class='ocrx_word' id='word_1_812' title='bbox 1155 2470 1204 2497; x_wconf 87' lang='lat' dir='ltr'><strong>lIOS</strong></span> <span class='ocrx_word' id='word_1_813' title='bbox 1221 2474 1335 2500; x_wconf 84' lang='lat' dir='ltr'><strong>tantum,</strong></span> <span class='ocrx_word' id='word_1_814' title='bbox 1350 2469 1396 2495; x_wconf 88' lang='lat' dir='ltr'><strong>scd</strong></span> <span class='ocrx_word' id='word_1_815' title='bbox 1415 2476 1482 2502; x_wconf 80' lang='lat' dir='ltr'><strong>qttos</strong></span> <span class='ocrx_word' id='word_1_816' title='bbox 1497 2469 1658 2502; x_wconf 86' lang='lat' dir='ltr'><strong>dibaptistas</strong></span> <span class='ocrx_word' id='word_1_817' title='bbox 1675 2467 1831 2502; x_wconf 82' lang='lat' dir='ltr'><strong>appellitaut</strong></span> 
     </span>
    </p>
   </div>
   <div class='ocr_carea' id='block_1_115' title="bbox 1048 2514 1828 2550">
    <p class='ocr_par' dir='ltr' id='par_1_115' title="bbox 1048 2514 1828 2550">
     <span class='ocr_line' id='line_1_116' title="bbox 1048 2514 1828 2550; baseline -0.006 -6"><span class='ocrx_word' id='word_1_818' title='bbox 1048 2517 1200 2544; x_wconf 77' lang='lat' dir='ltr'><strong>luerctieos.</strong></span> <span class='ocrx_word' id='word_1_819' title='bbox 1217 2517 1315 2550; x_wconf 85' lang='lat' dir='ltr'><strong>Atque,</strong></span> <span class='ocrx_word' id='word_1_820' title='bbox 1336 2515 1411 2542; x_wconf 89' lang='lat' dir='ltr'><strong>utila</strong></span> <span class='ocrx_word' id='word_1_821' title='bbox 1431 2515 1531 2545; x_wconf 82' lang='lat' dir='ltr'><strong>dicam,</strong></span> <span class='ocrx_word' id='word_1_822' title='bbox 1546 2522 1578 2540; x_wconf 87' lang='lat' dir='ltr'><strong>ex</strong></span> <span class='ocrx_word' id='word_1_823' title='bbox 1598 2515 1671 2540; x_wconf 90' lang='lat' dir='ltr'><strong>omni</strong></span> <span class='ocrx_word' id='word_1_824' title='bbox 1689 2514 1828 2540; x_wconf 76' lang='lat' dir='ltr'><strong>hominum</strong></span> 
     </span>
    </p>
   </div>
   <div class='ocr_carea' id='block_1_116' title="bbox 1048 2558 1830 2595">
    <p class='ocr_par' dir='ltr' id='par_1_116' title="bbox 1048 2558 1830 2595">
     <span class='ocr_line' id='line_1_117' title="bbox 1048 2558 1830 2595; baseline -0.005 -6"><span class='ocrx_word' id='word_1_825' title='bbox 1048 2563 1112 2589; x_wconf 58' lang='lat' dir='ltr'><strong>faece</strong></span> <span class='ocrx_word' id='word_1_826' title='bbox 1126 2566 1154 2588; x_wconf 89' lang='lat' dir='ltr'><strong>et</strong></span> <span class='ocrx_word' id='word_1_827' title='bbox 1165 2561 1279 2588; x_wconf 79' lang='lat' dir='ltr'><strong>colluvie</strong></span> <span class='ocrx_word' id='word_1_828' title='bbox 1295 2558 1466 2595; x_wconf 77' lang='lat' dir='ltr'><strong>turpissimos</strong></span> <span class='ocrx_word' id='word_1_829' title='bbox 1482 2567 1605 2594; x_wconf 74' lang='lat' dir='ltr'><strong>qttOSquc</strong></span> <span class='ocrx_word' id='word_1_830' title='bbox 1633 2560 1830 2594; x_wconf 46' lang='lat' dir='ltr'><strong>nequissimos-</strong></span> 
     </span>
    </p>
   </div>
   <div class='ocr_carea' id='block_1_117' title="bbox 1047 2605 1827 2642">
    <p class='ocr_par' dir='ltr' id='par_1_117' title="bbox 1047 2605 1827 2642">
     <span class='ocr_line' id='line_1_118' title="bbox 1047 2605 1827 2642; baseline -0.005 -9"><span class='ocrx_word' id='word_1_831' title='bbox 1047 2614 1099 2642; x_wconf 85' lang='lat' dir='ltr'><strong>que</strong></span> <span class='ocrx_word' id='word_1_832' title='bbox 1115 2615 1182 2634; x_wconf 86' lang='lat' dir='ltr'><strong>auro</strong></span> <span class='ocrx_word' id='word_1_833' title='bbox 1200 2607 1418 2641; x_wconf 78' lang='lat' dir='ltr'><strong>dignitatumque</strong></span> <span class='ocrx_word' id='word_1_834' title='bbox 1433 2605 1677 2640; x_wconf 68' lang='lat' dir='ltr'><strong>pollicitationibus</strong></span> <span class='ocrx_word' id='word_1_835' title='bbox 1693 2606 1827 2633; x_wconf 58' lang='lat' dir='ltr'><strong>inductos,</strong></span> 
     </span>
    </p>
   </div>
   <div class='ocr_carea' id='block_1_118' title="bbox 1047 2651 1827 2686">
    <p class='ocr_par' dir='ltr' id='par_1_118' title="bbox 1047 2651 1827 2686">
     <span class='ocr_line' id='line_1_119' title="bbox 1047 2651 1827 2686; baseline -0.006 -8"><span class='ocrx_word' id='word_1_836' title='bbox 1047 2651 1204 2686; x_wconf 78' lang='lat' dir='ltr'><strong>singillatim</strong></span> <span class='ocrx_word' id='word_1_837' title='bbox 1235 2651 1433 2685; x_wconf 76' lang='lat' dir='ltr'><strong>produxerunt,</strong></span> <span class='ocrx_word' id='word_1_838' title='bbox 1464 2651 1510 2686; x_wconf 86' lang='lat' dir='ltr'><strong>qui</strong></span> <span class='ocrx_word' id='word_1_839' title='bbox 1535 2651 1620 2683; x_wconf 84' lang='lat' dir='ltr'><strong>jurati</strong></span> <span class='ocrx_word' id='word_1_840' title='bbox 1654 2653 1827 2678; x_wconf 86' lang='lat' dir='ltr'><strong>testarentur,</strong></span> 
     </span>
    </p>
   </div>
   <div class='ocr_carea' id='block_1_119' title="bbox 1045 2696 1827 2733">
    <p class='ocr_par' dir='ltr' id='par_1_119' title="bbox 1045 2696 1827 2733">
     <span class='ocr_line' id='line_1_120' title="bbox 1045 2696 1827 2733; baseline -0.009 -8"><span class='ocrx_word' id='word_1_841' title='bbox 1045 2698 1191 2733; x_wconf 79' lang='lat' dir='ltr'><strong>lgnatium,</strong></span> <span class='ocrx_word' id='word_1_842' title='bbox 1211 2697 1258 2731; x_wconf 91' lang='lat' dir='ltr'><strong>qui</strong></span> <span class='ocrx_word' id='word_1_843' title='bbox 1278 2697 1432 2731; x_wconf 87' lang='lat' dir='ltr'><strong>patriarcha</strong></span> <span class='ocrx_word' id='word_1_844' title='bbox 1446 2696 1501 2731; x_wconf 86' lang='lat' dir='ltr'><strong>jam</strong></span> <span class='ocrx_word' id='word_1_845' title='bbox 1527 2697 1616 2724; x_wconf 80' lang='lat' dir='ltr'><strong>fuerat</strong></span> <span class='ocrx_word' id='word_1_846' title='bbox 1639 2703 1725 2722; x_wconf 89' lang='lat' dir='ltr'><strong>annos</strong></span> <span class='ocrx_word' id='word_1_847' title='bbox 1745 2700 1827 2728; x_wconf 76' lang='lat' dir='ltr'><strong>prope</strong></span> 
     </span>
    </p>
   </div>
   <div class='ocr_carea' id='block_1_120' title="bbox 1045 2739 1826 2775">
    <p class='ocr_par' dir='ltr' id='par_1_120' title="bbox 1045 2739 1826 2775">
     <span class='ocr_line' id='line_1_121' title="bbox 1045 2739 1826 2775; baseline -0.009 -5"><span class='ocrx_word' id='word_1_848' title='bbox 1045 2743 1198 2775; x_wconf 87' lang='lat' dir='ltr'><strong>duodecim,</strong></span> <span class='ocrx_word' id='word_1_849' title='bbox 1216 2750 1269 2769; x_wconf 91' lang='lat' dir='ltr'><strong>non</strong></span> <span class='ocrx_word' id='word_1_850' title='bbox 1287 2743 1338 2770; x_wconf 87' lang='lat' dir='ltr'><strong>rite</strong></span> <span class='ocrx_word' id='word_1_851' title='bbox 1353 2747 1380 2770; x_wconf 87' lang='lat' dir='ltr'><strong>ct</strong></span> <span class='ocrx_word' id='word_1_852' title='bbox 1399 2742 1494 2770; x_wconf 80' lang='lat' dir='ltr'><strong>ordine</strong></span> <span class='ocrx_word' id='word_1_853' title='bbox 1508 2746 1641 2773; x_wconf 85' lang='lat' dir='ltr'><strong>creatum,</strong></span> <span class='ocrx_word' id='word_1_854' title='bbox 1669 2739 1826 2767; x_wconf 78' lang='lat' dir='ltr'><strong>cathedram</strong></span> 
     </span>
    </p>
   </div>
   <div class='ocr_carea' id='block_1_121' title="bbox 1045 2783 1829 2824">
    <p class='ocr_par' dir='ltr' id='par_1_121' title="bbox 1045 2783 1829 2824">
     <span class='ocr_line' id='line_1_122' title="bbox 1045 2783 1829 2824; baseline -0.008 -8"><span class='ocrx_word' id='word_1_855' title='bbox 1045 2789 1171 2818; x_wconf 70' lang='lat' dir='ltr'><strong>Ecclesiae</strong></span> <span class='ocrx_word' id='word_1_856' title='bbox 1185 2795 1344 2824; x_wconf 77' lang='lat' dir='ltr'><strong>occupasse.</strong></span> <span class='ocrx_word' id='word_1_857' title='bbox 1371 2788 1441 2822; x_wconf 85' lang='lat' dir='ltr'><strong>Quid</strong></span> <span class='ocrx_word' id='word_1_858' title='bbox 1464 2796 1527 2817; x_wconf 86' lang='lat' dir='ltr'><strong>vero</strong></span> <span class='ocrx_word' id='word_1_859' title='bbox 1541 2787 1630 2816; x_wconf 89' lang='lat' dir='ltr'><strong>stolidi</strong></span> <span class='ocrx_word' id='word_1_860' title='bbox 1648 2786 1743 2813; x_wconf 86' lang='lat' dir='ltr'><strong>horum</strong></span> <span class='ocrx_word' id='word_1_861' title='bbox 1755 2783 1829 2820; x_wconf 37' lang='lat' dir='ltr'><strong>judi‘</strong></span> 
     </span>
    </p>
   </div>
  </div>
