2092 3156
267 98 322 131 519

863 97 1010 129 NICET/E
1029 97 1293 129 PAPHLAGONIS

1848 97 1901 132 520

266 164 322 187 ees,
340 155 368 182 in
380 162 492 190 quorum
509 153 630 181 manibus
646 153 799 189 iniquitates
817 160 888 188 sunt,
904 161 929 182 et
945 156 1056 183 dextera

1112 156 1213 192 τρίκιος
1229 156 1289 191 μετ’
1303 155 1396 189 αὐτὸν,
1411 151 1433 190 ᾧ
1446 155 1493 183 καὶ
1507 156 1556 190 τῆς
1578 154 1720 190 ἐπιορκίας
1740 154 1834 190 μισθὸν
1849 157 1897 192 τὴν

264 209 356 228 eorum
365 200 464 235 repleta
477 205 514 228 est
528 200 677 228 muneribus
689 201 700 228 ?
715 200 785 233 Quid
798 205 894 228 contra
905 201 1056 236 perjurium

266 247 320 274 hoc
331 247 532 274 decreverunt?
545 246 725 274 ’l‘ricesimum
739 247 832 274 subito
848 254 981 274 canonem
995 247 1059 275 sub-

263 295 373 328 jiciunt,
392 294 438 328 qui
456 293 496 320 sic
524 293 603 320 habet
620 301 628 320 :
645 292 674 320 Si
689 293 748 327 quis
768 293 904 326 episcopus
919 292 1058 320 swculari-

265 340 314 367 bus
329 339 503 374 potestatibus
525 346 600 370 usus,
616 346 661 372 per
680 338 750 372 ipsos
769 337 914 365 Ecclesium
932 338 1057 372 obtineat,

265 387 413 420 deponatur
425 385 474 420 (6).
495 384 573 417 Quod
589 389 679 411 autem
709 385 834 419 sequitur
856 385 882 411 in
899 385 994 412 eodem
1012 392 1058 412 ca-

266 434 343 466 pite:
363 437 391 458 ut
420 437 443 458 et
469 439 556 458 omne;
588 432 810 458 communicantes
834 439 893 458 cum
917 431 976 465 illo,
1004 436 1056 458 etc.

265 478 435 505 l'randulenti
456 478 593 504 malitiose
613 481 769 504 tacuerunt.
801 477 951 512 Oportebat
973 477 1057 510 enim,

266 524 399 558 siquidem
416 531 465 557 pro
493 522 634 550 saueliorne
661 523 812 557 aposmlica
839 523 1057 558 propugnabant.

266 577 322 597 non
344 574 459 604 partem,
477 568 525 596 sed
546 573 633 595 totum
649 576 781 595 canonem
797 569 947 595 observare
961 577 967 595 :
984 572 1012 595 ct
1031 568 1055 595 si

265 616 470 643 accusationem
493 614 682 646 admisissent,
700 618 730 641 ut
746 613 890 649 Ignatium,
906 614 942 641 ita
963 614 997 641 ab
1011 614 1058 641 illo

266 661 398 693 initiatos,
416 665 444 687 et
456 668 520 687 cum
536 659 582 686 illo
599 660 835 687 communicantes
853 665 1031 687 exauctorare
1047 669 1054 687 :

266 707 365 741 sicque
390 706 419 733 in
446 706 578 741 operibus
603 713 734 732 manuum
763 713 875 732 suarum
900 710 1057 740 peccatores

266 750 410 777 manifeste
424 750 586 784 deprehensi
605 754 707 777 essent.
725 750 826 777 Contra
839 749 886 785 jus
898 757 990 778 autem
1003 750 1058 778 l'as-

266 802 319 829 que
331 794 520 826 decernentes,
537 794 589 821 hoc
612 795 826 828 pronuntiarunt
843 799 960 828 tantum,
984 795 1056 830 quod

267 848 316 875 pro
335 840 401 874 ipsis
411 840 444 866 ad
457 840 633 867 evertendum
647 841 783 875 lgnatium
797 840 896 868 abillis
908 841 966 868 sine
976 848 1057 868 causa

266 886 372 918 laesum,
393 885 521 913 faciebat.
542 885 620 919 Quod
634 891 724 913 autem
742 886 871 921 sequitur
896 887 923 914 in
939 894 1057 920 canone.

266 940 322 967 quo
338 932 374 958 illi
389 932 439 966 ipsi
456 931 544 958 eidem
565 931 749 966 subjiciuntur
765 940 897 965 censurae,
927 933 1058 960 dissimu-

268 978 380 1004 larunt:
398 978 423 1004 id
445 977 518 1012 quod
532 977 586 1005 illis
603 978 757 1006 tacentibus
773 983 928 1013 opportune
941 979 1058 1013 patriar-

267 1024 318 1050 cha
331 1024 388 1058 ipse
398 1024 587 1050 sueclamavit.
602 1024 622 1050 0
635 1021 853 1058 improbitate‘ml
871 1031 887 1051 ο
899 1029 1037 1059 stuporem
1049 1024 1058 1052 l

266 1067 334 1099 Quis
347 1067 418 1093 enim
435 1068 544 1102 ignorat
567 1068 700 1102 lgnatium
727 1068 918 1104 episcoporum
935 1070 1058 1097 omnium

267 1112 381 1139 calculis
398 1118 426 1139 et
451 1113 536 1151 totius
552 1113 644 1148 populi
662 1114 796 1149 applausu
815 1115 934 1149 legitime
947 1115 1061 1142 canoni-

267 1165 354 1192 eeque
364 1163 487 1185 creatum
506 1159 590 1186 fuisse
610 1168 617 1186 :
641 1159 730 1194 ipsum
755 1164 845 1188 autem
867 1160 994 1189 Photium
1011 1169 1059 1197 po-

267 1203 322 1230 tius
346 1204 380 1230 ab
395 1209 537 1232 exsecrato
556 1204 653 1239 Barda,
677 1211 704 1234 et
725 1206 903 1234 szccularibus
924 1212 1060 1234 armatum

268 1249 448 1284 principibus,
458 1255 552 1277 contra
566 1251 649 1285 leges.
661 1252 803 1287 magisque
817 1260 865 1287 per
875 1253 1058 1288 tyrannidem,

269 1303 352 1328 quam
380 1296 595 1324 ecclesiasticum
628 1298 722 1331 ritum,
749 1299 877 1326 thronum
903 1299 1061 1327 invasisse?

267 1338 321 1366 Sed
337 1347 395 1382 non
415 1346 610 1376 cognoverunt,
639 1351 728 1377 neque
753 1343 958 1377 intellexerunt,
973 1346 1018 1380 qui
1033 1345 1060 1373 in

267 1385 390 1412 avaritiae
404 1391 430 1413 et
446 1387 605 1415 ambitionis
618 1388 739 1416 tenebris
754 1389 908 1423 ambulant,
920 1398 950 1418 se
962 1390 1058 1418 iisdem

267 1431 446 1458 consiliorum
461 1432 577 1468 laqueis,
592 1432 662 1469 ques
679 1434 740 1462 aliis
753 1439 1061 1471 paraverant,eompre-

270 1476 362 1504 hendi.

1109 202 1189 234 ἀξίαν
1205 201 1357 237 μαγίστρου
1371 201 1556 237 προετείνατο.
1579 200 1637 235 Ἐφ’
1651 198 1690 232 οἷς
1705 202 1751 227 καὶ
1765 201 1829 232 τοὺς
1844 202 1899 228 λοι-

1110 248 1179 279 ποὺς
1203 248 1249 282 ἀφ’
1274 247 1389 274 ἑκάστου
1414 246 1520 282 βαθμοῦ
1545 246 1593 273 καὶ
1618 246 1666 272 τοῦ
1683 246 1900 274 καταδεεστάτου

1113 293 1222 320 πάντων
1241 292 1442 328 συλλεξάμενοι,
1468 292 1498 319 οὐ
1523 292 1602 327 μόνον
1618 292 1657 325 δὲ,
1683 291 1750 318 ἀλλὰ
1773 293 1821 319 καὶ
1843 293 1900 319 ἀπὸ

1109 339 1164 365 τῶν
1181 338 1337 373 λεγομένοιν
1353 338 1549 370 διϐαπτιστῶν,
1577 338 1626 364 κα)⁵
1652 338 1706 364 ἀπὸ
1724 338 1843 372 παντὸς,
1864 339 1902 370 ὡς

1108 385 1206 415 εἰπεῖν,
1222 384 1362 417 τάγματος
1380 383 1443 414 τοὺς
1458 382 1614 417 αἰσχίστους
1645 383 1693 408 καὶ
1711 384 1902 418 μιαρωτάτους

1108 430 1162 457 τῶν
1175 429 1327 465 ἀνθρώπων
1347 428 1450 464 χρυσοῦ
1466 437 1495 455 τε
1518 429 1566 455 καὶ
1585 429 1750 463 ἀξιωμάτων
1765 429 1902 465 ἐξαγορα-

1110 477 1234 510 σάμενοι,
1261 474 1311 502 ἕνα
1345 474 1406 500 καθ’
1431 474 1480 501 ἕνα
1503 470 1653 509 προσῆγον,
1681 474 1842 510 ὀμνύοντας,
1865 475 1902 507 ὡς

1113 523 1145 549 '0
1152 521 1305 557 δωδεκαετῆ
1318 530 1365 556 μικ
1371 520 1416 556 ροῦ
1427 520 1482 547 δεῖν
1491 521 1585 556 χρόνον
1595 519 1811 555 ἀρχιερατεύσας
1823 520 1904 554 Ἰγνά-

1108 576 1164 599 τιος
1179 566 1340 602 ἁψηφίστως
1356 566 1566 601 χειροτονηθεὶς,
1586 566 1722 600 ἐκράτησε
1740 565 1791 600 τῆς
1807 565 1903 601 ὲκκλη-

1109 612 1179 644 σίας.
1200 612 1232 638 Τί
1248 609 1296 639 οὖν
1309 613 1333 638 οί
1350 612 1460 647 μάταιοι
1474 610 1528 637 τῶν
1547 610 1676 637 τοιούτων
1690 609 1793 645 κριταὶ,
1810 607 1854 636 ὧν·
1868 611 1904 637 ἐν

1109 658 1216 693 χερσὶν
1224 659 1254 685 αἱ
1263 657 1395 692 ἀνομίαι,
1408 654 1451 684 ὦν
1461 657 1479 690 ἠ
1491 656 1576 688 δεξιὰ
1588 656 1689 684 αὐτῶν
1698 656 1838 691 ἐπλήσθη
1849 656 1904 684 δώ-

1104 713 1186 739 ρων;
1204 704 1230 730 τί
1245 700 1318 731 οὗτοι
1333 703 1400 739 πρὸς
1417 703 1466 738 τὴν
1482 703 1647 738 ψευδορκίαν
1666 703 1770 738 ταύτην
1800 703 1903 730 ἀνθυπ-

1108 751 1245 786 ήνεγκαν;
1262 749 1314 776 Τὸν
1323 749 1484 784 τριακοστὸν
1497 748 1576 780 εὐθὺς
1583 748 1837 782 ὑπαναγινώσκουσι
1851 757 1904 775 κα-

1108 797 1191 829 νόνα,
1208 796 1244 823 Et
1259 804 1304 828 τις
1331 795 1510 828 ἐπίσκοπος,
1534 795 1658 828 λέγοντα,
1680 795 1837 829 κοσμικοῒς
1857 795 1905 829 ἅρ-

1072 834 1095 864 Β
1109 850 1199 878 χουσι
1205 842 1407 877 χρησάμενος,
1419 841 1456 868 δι’
1469 840 1569 868 αὐτῶν
1576 841 1724 876 ἐγκρατὴς
1735 842 1903 876 ἐκκλησίας

1110 888 1249 924 γένηται,
1266 888 1474 921 καθαιρείσθω.
1490 887 1526 913 Th
1546 887 1610 921 ἑξῆς
1628 887 1656 913 δὲ
1670 887 1718 914 τοῦ
1741 887 1902 922 κεφαλαίου,

1109 935 1150 962 ὅτι
1160 935 1214 962 Καὶ
1224 935 1252 960 οι
1261 933 1478 966 κοινωνοῦντες
1487 933 1567 966 αὐτῷ
1574 933 1697 967 πάντες,
1708 933 1869 969 κακούργως
1878 934 1903 960 οἰ

1110 980 1194 1007 δόλιοι
1208 980 1439 1015 παρεσιώπησαν·
1459 979 1514 1005 ἔδει
1531 979 1559 1006 δὲ
1581 979 1708 1012 πάντως,
1724 980 1804 1014 εἴπερ
1833 980 1902 1006 ἁπο-

1111 1026 1234 1052 στολικδν
1251 1026 1333 1060 νόμον
1347 1024 1514 1060 ἠγωνίζοντο
1530 1027 1635 1061 τηρεῖν,
1651 1027 1700 1052 οὐκ
1726 1026 1758 1057 ὲκ
1791 1025 1902 1061 μέρους,

1111 1071 1181 1099 ἀλλὰ
1195 1072 1305 1104 τελείως
1318 1072 1412 1107 τηρεῖν
1421 1079 1428 1087 ⁸
1445 1072 1492 1098 καὶ
1505 1073 1530 1098 εί
1545 1071 1654 1106 ἀληθῶς
1668 1069 1741 1107 εἶχεν
1785 1080 1905 1106 κατηγο-

1113 1117 1169 1153 ρία,
1184 1118 1279 1153 ὥσπερ
1294 1119 1408 1150 ἐκεῖνον,
1423 1117 1495 1144 οὕτω
1507 1118 1554 1144 καὶ
1569 1118 1633 1149 τοὺς
1648 1118 1695 1144 ὑπ’
1717 1118 1822 1144 ἐκείνου
1848 1126 1905 1153 χει-

1114 1163 1318 1198 ροτονηθέντας,
1333 1163 1380 1190 καὶ
1400 1162 1475 1198 αὑτῷ
1495 1163 1723 1198 κοινωνήσαντας,
1742 1163 1902 1198 καθαιρεῖν·

1112 1208 1161 1235 καὶ
1178 1208 1265 1240 οὕτως
1289 1207 1322 1235 ἄν
1340 1209 1368 1234 ὲν
1386 1209 1442 1239 τοῖς
1457 1207 1550 1243 ἔργοις
1565 1207 1620 1234 τῶν
1647 1208 1747 1242 χειρῶν
1768 1207 1859 1234 αὐτῶν
1879 1208 1904 1233 οἱ

1113 1254 1272 1290 ἁμαρτω).οὶ
1305 1253 1398 1288 σαφῶς
1423 1253 1668 1288 συνελαμϐάνοντο.
1690 1253 1858 1280 Ἄδικώτατα
1876 1253 1906 1279 δὲ

1112 1299 1309 1335 διανοούμενοι,
1323 1299 1386 1326 ὅσον
1401 1299 1450 1334 μὲν
1463 1299 1554 1330 αὐτοῖς
1570 1299 1637 1334 πρὸς
1656 1298 1758 1334 βλάϐην
1771 1297 1819 1325 τοῦ
1839 1297 1905 1332 παρ⁹

1114 1345 1204 1372 αὐτῶν
1220 1345 1443 1380 ὲπηρεαζομένου
1460 1344 1607 1377 συνετέλει,
1622 1345 1701 1371 τοῦτο
1717 1344 1903 1379 ἐξεφώνησαν,

1112 1391 1144 1419 τὸ
1160 1391 1222 1427 ἑξῆς
1233 1391 1272 1422 δὲ,
1288 1391 1327 1422 ὡς
1342 1391 1389 1417 καὶ
1404 1390 1504 1422 αὐτοὺς
1521 1391 1554 1426 τῇ
1576 1391 1645 1425 αὐτῇ
1675 1389 1824 1417 ὐποϐάλλον
1844 1389 1905 1415 ἐπι-

1112 1437 1203 1473 τιμία,
1220 1435 1426 1471 κατεκρύψαντο
1438 1443 1445 1450 ·
1461 1435 1476 1461 ὃ
1489 1434 1520 1470 δὴ
1534 1435 1582 1462 καὶ
1596 1436 1610 1462 ὁ
1624 1435 1799 1472 πατριάρχης
1814 1435 1906 1466 αὐτοῖς

1113 1481 1173 1508 τότε
1198 1481 1448 1516 παρασιωπήσας-ιν
1472 1480 1609 1515 εὐστόχως
1632 1481 1775 1514 ὲπιφωνεί.
1799 1480 1831 1505 Ὢ
1855 1479 1906 1515 τῆς

269 1523 438 1559 κακουργίας
447 1525 453 1551 ἓ
468 1524 492 1551 ὦ
507 1525 556 1561 τῆς
579 1527 756 1562 σκαιότητοςί
784 1528 833 1561 Τίς
845 1528 899 1564 γὰρ
915 1529 964 1555 οὐκ
980 1526 1062 1562 οἶδεν,
1083 1528 1121 1560 ὡς
1142 1527 1270 1562 Ἰγνάτιος
1284 1528 1333 1562 μὲν
1345 1526 1428 1563 ψήφῳ
1439 1527 1549 1554 πάντων
1561 1525 1630 1562 ὁμοῦ
1660 1526 1715 1553 τῶν
1743 1526 1904 1561 ἀρχιερέων,

269 1570 318 1597 καὶ
331 1571 381 1606 τῆς
399 1572 564 1607 Ἐκκληοίας
579 1573 643 1609 ὅλης
659 1575 830 1609 συναινέσει,
845 1576 996 1608 κανονικῶς
1030 1576 1079 1603 καὶ
1099 1575 1240 1611 ὲνθέσμως
1269 1575 1495 1611 προκεχείρισται
1505 1583 1512 1590 ·
1529 1574 1610 1605 αὐτὸς
1625 1573 1653 1600 δὲ
1664 1574 1678 1600 ό
1690 1573 1790 1604 Φώτιος
1805 1573 1906 1608 μᾶλλον

269 1616 350 1651 τῷτε
361 1617 441 1652 δεινῷ
456 1618 547 1654 Βάρδᾳ
562 1619 610 1645 καὶ
643 1621 701 1652 τοῖς
733 1622 876 1656 κοσμικαῖς
910 1622 1029 1658 ἄρχουσι.
1063 1622 1237 1658 χρησάμενος
1267 1621 1418 1656 συνεργοῖς,
1453 1620 1637 1652 ὰκανονὶστως
1665 1620 1712 1646 καὶ
1736 1618 1906 1654 τυραννικῶς

272 1663 373 1697 μᾶλλον
399 1663 415 1698 ἢ
443 1664 679 1699 ὲκκλησιαστικῶς
700 1665 747 1692 τοῦ
773 1666 868 1702 Θρόνου
900 1668 1134 1703 καταδράττεται;
1159 1667 1228 1694 Ἀλλ’
1266 1667 1316 1694 οὐκ
1350 1667 1483 1701 ἔγνωσαν,
1518 1666 1577 1693 οὐδὲ
1604 1666 1724 1701 συνῆκαν
1746 1666 1771 1692 οἱ
1794 1665 1833 1700 τῷ
1857 1665 1908 1700 τῆς

271 1710 456 1745 φιλαργυρίας
469 1713 516 1737 καὶ
530 1711 690 1746 δοξομανίας
705 1713 793 1749 σκότῳ
806 1713 1041 1751 διαπορευόμενοι,
1062 1715 1100 1747 ὡς
1113 1716 1141 1742 ὲν
1153 1712 1193 1747 οἷς
1209 1714 1372 1746 διαϐουλίοις
1381 1714 1409 1748 ’⁸,
1426 1714 1670 1750 συλλαμϐάνονται.

309 1757 376 1784 Post
389 1758 497 1793 longam
511 1767 575 1794 ergo
591 1762 737 1788 verborum
754 1763 970 1796 altercationem,
987 1764 1061 1791 labo-

1151 1764 1228 1791 Μετὰ
1244 1763 1345 1799 πολλὴν
1360 1762 1406 1790 οὖν
1422 1763 1471 1798 τὴν
1487 1763 1516 1789 ὲν
1532 1763 1589 1794 τοῖς
1612 1761 1701 1796 λόγοις
1725 1761 1841 1796 ἆμιλλαν
1860 1761 1908 1789 καὶ

271 1810 340 1834 rem,
359 1807 386 1830 et
399 1804 613 1837 cunctationem,
629 1805 686 1832 sola
698 1806 838 1841 impotenti
851 1806 912 1835 [reti
928 1808 1061 1842 potentia,

271 1848 425 1883 prasterjns
440 1848 535 1883 fasque
549 1857 641 1882 omne,
654 1851 804 1885 pontiﬁcali
814 1852 886 1879 cultu
902 1860 1024 1888 pannoso
1037 1858 1065 1881 et

271 1894 392 1922 sordenti
418 1896 507 1930 primo
532 1896 616 1932 [μου.
632 1902 658 1925 et
673 1899 749 1926 sord.
771 1899 872 1934 primo,
889 1904 947 1927 tum
964 1900 1062 1935 pontii.

272 1938 367 1974 cultu]
386 1940 512 1972 induunt,
531 1949 683 1976 rursusque
704 1947 798 1977 postea
812 1951 827 1970 a
843 1948 920 1979 tergo
947 1950 1061 1973 exuunt.

273 1982 339 2010 Erat
356 1990 446 2012 autem
471 1985 678 2020 hypodiaconus
705 1987 815 2022 quidam
835 1988 984 2024 Procopius
1010 1997 1062 2017 no-

273 2031 359 2064 mine,
374 2031 409 2058 ab
422 2031 544 2059 Ecclesia
559 2032 682 2067 ejeclus;
700 2033 800 2068 quippe
816 2042 898 2069 quem
918 2040 1009 2063 mente
1024 2036 1066 2063 in-

273 2084 371 2105 sanum
395 2077 573 2113 moribusque
594 2078 738 2113 profanum
757 2081 913 2114 patriarcha
937 2089 992 2108 non
1026 2081 1064 2109 ita

272 2124 377 2158 pridem
393 2125 478 2159 gradu
496 2131 630 2152 moverat.
649 2125 699 2153 Hic
713 2126 819 2161 primus
834 2127 925 2155 ablato
943 2135 957 2155 a
976 2129 1064 2163 patri-

275 2170 358 2196 archa
376 2170 469 2204 pallio.
488 2174 619 2205 vesteque
631 2171 734 2206 reliqua
747 2180 837 2205 sacra,
854 2173 926 2200 istud
945 2174 1067 2202 solemne

272 2216 461 2250 proclamabat
477 2225 484 2243 :
505 2216 646 2252 Indignus.
668 2217 817 2247 Zacharias
834 2223 861 2246 et
874 2219 1062 2254 Rhodoaldus,

274 2262 454 2296 nonnullique
468 2262 513 2288 alii
528 2262 625 2289 nefarii
638 2263 764 2291 homines
782 2265 852 2292 idem
870 2265 1064 2298 vociferantes,

274 2307 359 2340 impio
375 2306 485 2333 decreto
502 2306 734 2341 suil‘ragabantur.
763 2309 838 2342 Quos
855 2313 945 2337 tamen
970 2318 1065 2339 omnes

275 2351 351 2378 brevi
370 2351 491 2378 ctelestis
517 2351 638 2379 vindicta
666 2358 815 2381 consecuta
835 2359 887 2386 est,
914 2363 975 2382 cum
1006 2355 1067 2384 illos

275 2397 362 2423 sancti
378 2397 447 2424 vatis
465 2396 605 2424 Zachariae
621 2397 676 2424 falx
693 2398 737 2425 illa
750 2398 813 2434 jure
829 2401 933 2434 optimo
961 2401 1066 2429 demes-

1116 1810 1235 1846 σπουδὴν
1249 1810 1296 1837 καὶ
1311 1809 1418 1845 τριϐὴν,
1433 1809 1494 1836 κατ’
1509 1808 1605 1836 οὐδένα
1619 1808 1793 1843 δικαιοσύνης
1811 1808 1906 1842 νόμον,

1117 1857 1186 1893 μόνῃ
1207 1857 1235 1883 δὲ
1260 1858 1293 1892 τῇ
1311 1856 1421 1892 ἐξουσία
1451 1855 1574 1891 μανικῶς
1601 1854 1750 1891 χρώμενοι,
1781 1855 1907 1881 ἐνδύουσι

1115 1902 1210 1930 τοῦτον
1226 1902 1322 1937 ἱμάτια
1348 1902 1516 1937 διερρωγότα
1541 1901 1589 1928 καὶ
1616 1902 1766 1936 ῥυπῶντα,
1789 1901 1835 1927 καὶ
1854 1900 1903 1935 τὴν

1117 1947 1259 1982 ἱερατικὴν
1277 1945 1374 1982 στολὴν
1388 1945 1595 1982 περιϐαλόντες,
1610 1946 1642 1972 ἐκ
1653 1945 1707 1972 τῶν
1721 1945 1832 1972 ὄπισθεν
1850 1947 1906 1972 ἀπ’

1116 1990 1378 2028 αμφιάζουσιν.Ἦν
1403 1992 1432 2019 δέ
1458 2001 1500 2024 τις
1528 1993 1697 2028 ὲκκήρυκτος
1720 1992 1908 2024 ὑποδιάκονος,

1117 2038 1270 2073 Προκόπιος
1289 2037 1419 2073 τοῦνομα,
1434 2037 1480 2065 τὺν
1494 2037 1573 2072 λόγον
1587 2038 1702 2071 ἄλογος,
1723 2037 1769 2064 τὸν
1789 2037 1846 2072 βίον
1865 2037 1909 2072 βέ-

1117 2084 1209 2119 βηλος,
1223 2084 1252 2111 δν
1262 2085 1275 2111 ό
1289 2084 1460 2120 πατριάρχης
1475 2085 1572 2119 πρώην
1588 2084 1633 2110 διὰ
1649 2083 1730 2110 τοῦτο
1746 2083 1842 2118 ἔρριψε
1855 2082 1903 2109 τοῦ

1118 2129 1234 2165 βαθμοῦ.
1251 2126 1336 2161 Οὗτος
1355 2129 1461 2165 πρῶτος
1477 2128 1673 2164 ἀναιρούμενος
1702 2128 1732 2154 τὺ
1753 2128 1908 2163 ὠμοφόριον

1117 2175 1165 2200 καὶ
1180 2174 1228 2210 τὴν
1239 2174 1335 2210 λοιπὴν
1348 2173 1462 2207 ἐσθῆτα,
1479 2172 1543 2198 ἐϐόα
1558 2171 1598 2205 τὺ,
1608 2170 1749 2203 Ἀνάειος.
1768 2170 1908 2204 Ζαχαρίας

1117 2229 1146 2247 τε
1171 2208 1219 2248 καλ.
1235 2208 1388 2251 ’Ϊὶοδόαλδος
1401 2239 1410 2252 ,
1437 2218 1484 2245 καί
1502 2227 1573 2249 τινες
1597 2217 1672 2244 ἄλλοι
1701 2217 1796 2251 μιαροὶ
1811 2215 1844 2242 τὰ
1863 2215 1909 2242 ἴσα

1119 2265 1322 2300 κραυγάξοντες
1334 2283 1341 2295 ,
1359 2265 1393 2299 τῇ
1418 2262 1514 2298 ἀνοσία
1533 2262 1616 2297 ψήφῳ
1642 2260 1907 2297 συνεπεψηφίζοντο·

1119 2311 1165 2342 οὓς
1180 2311 1282 2342 πάντας
1302 2311 1333 2336 οὺ
1351 2310 1419 2345 μετὰ
1435 2309 1502 2335 πολὺ
1518 2308 1652 2344 μετῆλθεν
1675 2309 1692 2344 η
1716 2308 1777 2343 δίκη
1795 2328 1802 2340 ,
1818 2308 1865 2334 καὶ
1880 2307 1910 2334 τὺ

1120 2357 1167 2383 τοῦ
1186 2356 1319 2391 Ζαχαρίου
1336 2356 1382 2382 τοῦ
1398 2355 1470 2382 θείου
1486 2355 1620 2390 δρέπανον
1633 2354 1801 2381 ὲκδικώτατα
1822 2362 1907 2381 κατα-

1119 2403 1222 2428 κτεῖναι
1248 2401 1416 2427 συνετέλεσε.
1435 2399 1538 2431 Φὼτιος
1555 2400 1604 2434 μὲν
1619 2398 1665 2425 οὖν
1679 2399 1727 2434 τὴν
1745 2398 1909 2434 ὲνδομυχοῦ-

275 2443 341 2469 suit.
359 2442 476 2471 Photius
487 2449 578 2471 autem
595 2452 650 2479 quo
665 2450 746 2480 pacto
769 2453 850 2473 suum
876 2447 1007 2475 adversus
1027 2447 1061 2474 ini

1122 2457 1171 2475 σαν
1198 2449 1228 2474 ὲν
1252 2447 1328 2482 αὐτῷ
1354 2447 1425 2474 κατὰ
1442 2446 1488 2473 τοῦ
1512 2445 1679 2480 ὰνεγκλήτου
1705 2445 1784 2480 μῆνιν
1804 2444 1861 2474 πῶς
1876 2443 1910 2470 ἂν

276 2494 381 2516 sontem
398 2491 536 2518 occultum
552 2490 632 2518 aliter
647 2491 740 2518 odium
755 2491 882 2519 universo
897 2493 956 2519 orbi
973 2492 1069 2527 prode-

276 2539 334 2567 ret,
370 2536 548 2571 seipsumque
584 2537 742 2570 longissime
768 2545 783 2565 a
813 2538 927 2572 paciﬁeo
957 2539 1070 2574 mitique

276 2587 384 2615 pastore
400 2582 464 2610 Jesu
490 2583 587 2611 abesse
610 2584 777 2617 ostenderet,
799 2593 881 2620 quam
906 2593 950 2613 res
966 2585 1072 2619 ejusce-

277 2626 350 2653 modi
381 2628 578 2660 machinando,
606 2628 737 2664 justoque
759 2630 818 2657 viro
838 2630 952 2665 injurias
981 2635 1072 2658 tantas

277 2672 424 2707 irrogando
438 2673 450 2700 ?
468 2673 670 2709 llocjudicium
687 2683 767 2704 nemo
783 2675 833 2703 fuit
849 2676 894 2711 qui
909 2684 962 2704 non
978 2684 1069 2711 repre-

277 2718 416 2753 henderet,
432 2725 514 2755 atque
531 2721 723 2757 indignitatem
751 2722 801 2756 rei,
828 2727 876 2750 aut
900 2723 990 2758 potius
1020 2723 1069 2751 im-

314 2808 352 2842 (6)
366 2809 456 2837 Canon
469 2811 585 2845 apostol.
600 2811 645 2845 29,
665 2811 732 2840 alias
746 2811 792 2839 3l.

1119 2494 1207 2525 ἄλλως
1222 2495 1255 2529 τῇ
1269 2493 1417 2529 οἰκουμένῃ
1430 2493 1506 2529 πάσῃ
1519 2491 1706 2525 κατεστήσατο
1719 2490 1848 2525 φανερὰν,
1860 2489 1910 2515 καὶ

1120 2539 1179 2571 πῶς
1194 2539 1227 2566 ἂν
1244 2539 1339 2566 ἑαυτὸν
1362 2538 1400 2570 ὡς
1424 2537 1592 2573 πορρωτάτω
1615 2536 1663 2562 τοῦ
1694 2535 1832 2571 είρηνικοῦ
1863 2535 1910 2561 καὶ

1122 2585 1210 2619 πράου
1227 2584 1353 2618 ποιμένος
1368 2584 1507 2618 ἀπέφηνεν
1527 2581 1625 2618 Ἰησοῦ,
1642 2581 1658 2616 ἢ
1675 2580 1789 2608 τοιαῦτα
1803 2581 1910 2615 διανοη-

1122 2630 1189 2662 Θεὶς,
1203 2631 1251 2657 καὶ
1265 2630 1352 2662 οὕτως
1378 2629 1533 2656 ἀδικώτατα
1558 2628 1599 2664 τῷ
1620 2628 1718 2663 δικαίῳ
1733 2626 1909 2661 ὲπιθέμενος;

1123 2675 1233 2710 Ταύτην
1250 2675 1300 2709 τὴν
1315 2675 1404 2710 κρίσιν
1419 2675 1469 2700 οὐκ
1484 2672 1517 2709 ἦν
1534 2674 1607 2705 ὅστις
1623 2673 1672 2699 οὐκ
1686 2672 1840 2707 ἐμέμψατο,
1861 2671 1910 2696 καὶ

1122 2721 1170 2757 τῆς
1194 2721 1359 2756 ἀλογιστίας,
1380 2721 1479 2755 μᾶλλον
1509 2719 1537 2746 δὲ
1553 2718 1761 2755 μισανθρωπίας
1778 2717 1808 2744 τὸ
1824 2717 1905 2751 ὑπερ-
