2092 3156
203 148 252 181 521

737 150 824 180 \‘ITA
845 151 873 180 S.
894 150 1042 180 IGNATII
1062 150 1115 179 CP.
1133 150 1311 180 ARCHlEP.

1787 151 1838 182 522

202 204 300 230 ϐάλλον
316 203 493 239 ἀπεστράφη.
510 203 577 231 Οὐδὲ
590 204 644 240 γάρ
662 205 685 231 οἱ
703 205 741 240 τῷ
754 206 834 241 μέρει
854 205 934 240 μόνον
945 205 992 233 τοῦ

1051 205 1204 233 inanitatem
1225 213 1278 232 non
1294 207 1480 232 aversaretur.
1507 203 1602 239 Neque
1618 204 1691 231 enim
1711 205 1750 232 illi
1772 208 1838 241 soli,

200 249 283 285 ὀρθοῦ
302 249 382 284 λόγου
405 250 555 285 τιθέμενοι,
573 251 643 278 ἀλλὰ
669 251 718 278 καὶ
738 252 815 278 αὐτοὶ
838 252 941 279 Φωτίου
970 254 994 278 οἱ

203 298 344 330 συγγενεῖς
360 297 407 323 καὶ
424 298 520 324 οἰκεῖοι
533 298 734 331 κατεστέναξαν
755 298 811 325 τῶν
828 299 995 334 γενομένων,

202 343 246 370 καὶ
271 344 312 375 είς
331 343 417 370 κακὸν
440 343 526 370 ταῦτα
543 344 733 380 προϐήσεσθαι
762 345 803 380 τῷ
823 345 872 380 τῆς
889 345 996 377 ἀδικίας

201 390 361 418 οίωνίσαντο
374 391 467 426 κριτῇ.
480 391 513 416 Τί
527 391 554 417 δὲ
570 392 691 424 ἐκεῖνος;
704 390 749 426 ἆρ’
763 392 864 427 ¹ᾐδέσθη
874 393 938 424 τοὺς
951 393 997 419 άν·

202 436 338 473 θρώπους,
359 436 376 472 ἢ
402 437 447 463 τὸν
471 436 648 472 δικαιοσύνην
663 437 814 472 ἀγαπῶντα
835 439 882 465 καὶ
904 439 996 473 κρίσιν

200 484 267 511 Θεὸν
290 483 430 519 φοϐηθεὶς,
455 483 486 516 ἐξ
511 484 618 511 ἐκείνου
642 484 798 512 κατέπαυσε
828 485 876 520 τὴν
891 485 995 521 ὀργήν;

201 530 350 566 Οὐδαμῶς·
365 530 409 557 ἀεὶ
423 530 451 556 δὲ
467 530 564 564 φθόνον
584 530 686 566 φθόνῳ,
705 531 752 558 καὶ
769 531 870 558 κακίαν
886 533 996 559 ἐπισυν-

202 577 297 605 άπτων
311 578 345 612 τῇ
362 577 458 613 κακίᾳ,
484 577 635 611 ἠγωνίζετο
663 578 765 613 σπουδῇ
781 579 858 614 πάσῃ
878 579 925 605 καὶ
942 586 996 613 μη-

202 624 270 658 χανῇ
285 623 315 649 ού
333 622 490 650 θανατῶσαι
507 623 598 658 μόνον,
621 622 689 650 ἀλλὰ
708 622 740 649 τὸ
763 622 860 650 τούτου
892 624 995 658 χεῖρον,

202 670 249 696 καὶ
263 669 299 700 ὡς
317 668 433 695 θανάτου
449 668 524 701 ἄξιον
542 669 625 695 αὑτὸν
640 668 758 695 ἀνελεῖν.
774 668 842 695 Τότε
866 669 915 703 μὲν
936 666 994 702 οὖν,

202 714 239 746 ὡς
255 714 402 747 ὑπέλαϐον,
418 714 639 750 καθαιρήσαντες
649 714 697 741 καὶ
713 714 927 750 ἑκκηρύξαντες,
947 715 995 741 ἀνα

203 761 323 798 θρώποις
343 762 426 789 αὑτὸν
448 762 602 797 ὼμοτάτοις
616 762 665 789 καὶ
690 762 885 794 ἀσεϐεστάτοις
907 771 994 796 τιμω-

204 809 309 844 ρεῖσθαι
335 809 442 844 πικρῶς
470 808 708 844 παραδεδώκασιν,
738 808 819 844 ἄχρις
845 808 878 835 ἂν
905 808 995 843 οἰκείᾳ

201 856 274 892 χειρὶ
285 856 335 891 τὴν
349 856 417 883 ῑδὶαν
432 855 594 891 καθαίρεσιν
609 856 834 892 ύποσημήνηται.
848 854 941 883 Ἦσαν
966 857 995 883 δὲ

202 904 228 930 οἱ
243 901 437 937 κολαφίζοντες
449 902 497 929 καὶ
510 901 751 937 ταλαιπωροῦντες
769 901 862 934 αὐτὸν,
878 903 926 929 καὶ
940 902 994 937 πή-

205 949 272 982 ξεως
283 948 369 985 οὔσης
383 948 510 984 δριμείας
520 969 527 981 ,
552 948 593 975 ἐνὶ¹
610 948 765 984 χιτωνίσκῳ
780 949 932 981 πιέζοντες,
947 948 995 975 καὶ

205 994 387 1031 σταυροῦντες
400 994 497 1028 αὑτὸν,
512 994 558 1022 καὶ
574 994 776 1029 πυρπολοῦντες
786 1015 794 1027 ,
808 995 855 1022 καὶ
871 996 899 1022 έν
918 995 995 1021 δυσὶν

207 1040 355 1075 ἑϐδομάσιν
367 1040 537 1076 ἐμφρούριον
549 1040 718 1076 συνέχοντες,
733 1040 781 1067 καὶ
796 1040 891 1075 ἀσιτίᾳ
904 1039 996 1075 τελείᾳ

204 1087 421 1121 κατατήκοντες·
437 1087 468 1113 οὺ
485 1086 565 1122 μόνον
577 1087 618 1120 δὲ,
635 1086 704 1114 ἀλλὰ
718 1086 765 1113 καλ¹
781 1086 826 1113 ἐπ’
842 1087 928 1123 αὐτῆς
946 1087 994 1114 αύ-

204 1133 250 1160 τδν
264 1132 310 1160 τοῦ
324 1133 516 1169 Κοπρωνύμου
533 1134 583 1168 τῆς
597 1133 734 1168 λάρνακος
757 1133 885 1165 ἐκάθιζον
899 1133 996 1160 ἀναϐι-

205 1179 344 1212 ϐάζοντες,
359 1180 407 1207 καὶ
423 1179 478 1207 τῶν
492 1180 579 1206 ποδῶν
598 1179 683 1206 αὑτοῦ
704 1179 830 1207 κάτωθεν
846 1180 937 1212 λίθους
953 1180 996 1213 ἐξ·

205 1226 343 1261 αρτῶντες
373 1226 477 1261 βαρεῖς,
503 1225 551 1252 καὶ
567 1225 614 1252 ἐπὶ
630 1225 723 1252 πλεῖον
738 1226 771 1261 τῇ
783 1225 830 1252 τοῦ
849 1226 996 1262 μαρμάρου

205 1273 254 1307 τὴν
267 1272 349 1308 ἐδραν
362 1271 472 1306 ὀξύτητι
487 1271 595 1307 πικρῶς
610 1271 682 1305 ἄγαν
698 1271 868 1306 πλήσσοντες
884 1273 995 1308 ἐπέτρι-

206 1318 264 1345 ϐον.
280 1318 312 1344 Oi
323 1317 370 1344 οὖν
385 1317 472 1344 ταῦτά
492 1325 523 1344 τε
547 1317 595 1344 καὶ
612 1317 681 1344 ἄλλα
705 1317 792 1344 πλείω
807 1318 998 1353 ἐνυϐρίζοντες

208 1365 248 1396 εἰς
265 1363 312 1390 τὸν
329 1363 550 1399 μακαριώτατον,
577 1363 625 1390 καὶ
645 1362 735 1397 λόγοις
761 1363 809 1390 καὶ
831 1363 922 1398 ἔργοις
947 1365 998 1399 ἑμ-

208 1410 402 1446 παροινοῦντες
416 1410 456 1442 είς
472 1409 564 1442 αὐτὸν,
576 1409 687 1444 σπέρμα
702 1409 832 1445 πονηρὸν,
846 1409 884 1441 ὡς
899 1411 996 1443 εἰπεῖν,

208 1458 261 1484 utet
276 1457 383 1491 ἄνομοι,
396 1457 410 1483 ό
425 1454 641 1491 Μωροθεόδωρος
662 1456 777 1488 ἐκεῖνος,
798 1455 845 1482 καὶ
866 1456 880 1481 ό
898 1455 999 1491 Γοργο·

208 1502 284 1537 νίτης
303 1501 441 1537 Ἰωάννης,
458 1501 507 1528 καὶ
522 1501 536 1527 ό
546 1499 694 1527 Θεοδούλου
710 1500 846 1532 Νικόλαος
858 1501 872 1527 ὁ
882 1500 998 1527 Σκουτε-

208 1547 283 1582 λόψις
296 1545 342 1583 ἦν.

243 1593 321 1620 Μετὰ
332 1592 398 1627 γοῦν
410 1593 459 1625 τὰς
481 1593 617 1626 κολάσεις,
629 1593 661 1625 ἃς
677 1588 752 1620 οὗτοι
766 1593 942 1628 προσήγαγον
959 1591 999 1627 τῷ
1013 1588 1034 1603 “

207 1639 361 1674 ὸμολογητῇ
387 1638 435 1665 τοῦ
450 1639 583 1674 Χριστοῦ,
611 1638 681 1674 μετὰ
706 1637 756 1670 τὰς
777 1638 905 1670 ἀπειλὰς,
929 1637 1000 1672 μετὰ

207 1686 256 1718 τὰς
269 1685 379 1717 ἁλύσεις
390 1706 397 1719 ,
414 1685 448 1717 ἃς
462 1685 534 1712 κατὰ
556 1685 612 1712 τῶν
627 1685 727 1719 τιμίων
743 1685 877 1711 ἐπέϐαλον
899 1685 999 1717 ποδῶν,

211 1731 282 1766 μετὰ
298 1731 333 1758 τὰ
352 1731 524 1767 ῥαπίσματα,
543 1732 611 1766 μετὰ
627 1732 658 1758 τὸ
671 1730 836 1766 σταυρωδῶς
851 1731 897 1757 ἐπὶ
915 1731 1002 1765 πρόσ-

208 1786 283 1804 ωπον
301 1778 372 1804 κατὰ
386 1778 440 1804 τῶν
455 1777 611 1813 μαρμάρων
624 1777 796 1811 ὲφαπλῶσαι,
814 1778 860 1804 καὶ
875 1777 941 1812 ὃλην
951 1777 1001 1813 τὴν

209 1824 295 1851 νύκτα
313 1823 455 1858 δεδεμένον
469 1824 690 1859 τιμωρήσασθαι,
707 1822 777 1858 μετὰ
797 1823 829 1849 τὸ
841 1823 1002 1850 ἐπιϐιϐάσαι

209 1873 245 1907 τῇ
257 1871 374 1906 λάρνακι
391 1871 432 1903 είς
451 1870 501 1905 τὴν
518 1869 583 1905 ἑξῆς
599 1869 685 1896 νύκτα
710 1869 820 1899 πᾶσαν,
848 1866 898 1895 εἷθ’
915 1868 1002 1900 οὕτως

211 1917 346 1944 ἀπολῦσαι
359 1917 415 1943 τῶν
435 1916 554 1952 δεσμῶν,
572 1915 619 1942 καὶ
635 1915 705 1942 κατὰ
726 1914 774 1941 τοῦ
790 1914 906 1949 ἐδάφους
921 1915 1002 1941 αὑτὸν

212 1963 355 1990 ἀκοντίσαι
374 1963 422 1990 καὶ
439 1961 595 1998 συντρίψαι,
608 1960 702 1997 καὶτῷ
712 1961 809 1996 αἵματι
824 1960 941 1996 φοινίξαι
953 1961 1002 1996 τὴν

211 2010 280 2045 γῆν·
301 2009 370 2045 μετὰ
387 2008 476 2036 ταῦτα
501 2009 590 2036 πάντα
611 2008 711 2043 μικρὺν
737 1999 833 2034 τοῦτον
850 2008 1004 2043 ἐμπνέοντα

212 2057 330 2091 (συνεῖχε
343 2056 398 2091 γὰρ
420 2055 538 2090 μάλιστα
551 2054 688 2089 λελυμένη
706 2054 754 2081 καὶ
769 2055 784 2089 ἡ
802 2054 940 2090 γαστὴρ),
956 2054 1002 2090 βίᾳ.

210 2101 262 2136 τῆς
276 2100 324 2127 τοῦ
338 2101 417 2135 άγίου
432 2100 523 2136 χειρὸς
538 2099 779 2135 όΜωροθεόδωρος
794 2100 946 2135 κρατήσας,
957 2101 1004 2126 καὶ

212 2148 316 2184 χάρτην
333 2147 436 2179 λαϐὼν,
455 2146 557 2182 ἔπηξεν
569 2146 606 2178 ὡς
621 2146 656 2173 δι’
673 2145 756 2173 αὐτοῦ
768 2146 897 2181 σταυρὸν,
910 2146 940 2173 ὃν
953 2146 1002 2173 καὶ

213 2193 360 2228 ἀναγαγὼν
374 2193 520 2220 ἐπιδέδωκε
535 2191 642 2228 Φωτίῳ.
670 2192 699 2218 '0
712 2192 741 2219 δὲ
760 2192 805 2218 τὸν
825 2192 941 2228 σταυρὸν
954 2192 1002 2219 λα-

1048 253 1095 287 qui
1107 256 1210 280 rectam
1221 252 1354 279 rationem
1363 251 1560 286 sequebamur,
1569 251 1616 279 sed
1630 251 1718 286 ipsius
1729 260 1840 288 quoque

1048 298 1144 336 Photii_
1158 298 1304 333 propinqui
1320 302 1348 325 et
1366 298 1518 325 familiares
1535 298 1569 325 ad
1584 298 1656 326 hane
1682 306 1774 326 rerum
1792 308 1840 335 ge-

1047 348 1152 372 starum
1167 343 1308 370 infantiam
1324 343 1551 377 ingemiscebant,
1563 343 1838 379 augurabanturque,

1047 391 1119 418 hanc
1139 398 1247 418 onmem
1265 390 1468 424 improbitatem
1485 390 1512 416 in
1531 389 1618 423 ipsius
1633 390 1771 424 quondam
1788 391 1843 417 ini-

1047 438 1093 471 qui
1113 436 1216 472 judicis
1232 441 1315 471 caput
1326 439 1354 463 et
1381 435 1495 463 exitium
1512 435 1740 462 redundaturum.
1771 436 1841 469 Quid

1048 491 1114 511 vero
1134 483 1201 510 ille?
1214 490 1248 510 an
1262 482 1389 509 homines
1406 486 1448 509 est
1462 481 1619 509 reveritus?
1638 489 1672 508 an
1695 482 1787 509 timuit
1799 483 1843 510 di-

1049 529 1180 565 ligentem
1195 528 1328 564 justitiam
1343 532 1371 555 et
1390 527 1538 563 judicium,
1557 527 1642 555 Deum
1656 528 1668 555 ?
1682 528 1783 563 illoque
1807 536 1841 557 ex

1048 581 1170 611 tempore
1188 576 1256 603 iram
1272 575 1384 610 posuit?
1399 573 1512 602 Minime
1521 582 1596 602 vero.
1606 574 1735 608 Quinimo
1748 575 1842 603 odium

1048 623 1123 656 odio,
1139 622 1270 650 invidiam
1289 622 1403 655 invidia,
1430 621 1521 649 scelus
1551 622 1657 650 scelere
1686 622 1842 655 cuniulans,

1047 669 1122 696 illum
1144 669 1220 696 omni
1252 669 1361 696 ratione
1373 668 1455 702 rique
1482 667 1635 695 conabatur
1660 676 1713 696 non
1738 673 1842 696 tantum

1046 715 1235 751 pessumdare,
1253 715 1313 747 sed,
1327 714 1402 750 quod
1416 719 1460 742 est
1473 714 1606 748 atrocius,
1629 714 1714 742 veluti
1729 715 1843 743 noxium

1046 762 1200 797 ultiquue
1214 762 1351 797 supplicio
1359 762 1472 797 dignum
1485 770 1501 790 e
1517 762 1608 790 medio
1624 763 1732 790 tollere.
1747 763 1843 798 Itaque

1046 813 1119 842 tunc,
1129 813 1158 836 ut
1169 813 1319 844 ceperant,
1328 813 1536 837 exauctoratum
1549 806 1712 846 publicoque
1736 818 1842 846 prmco-

1045 856 1092 882 nio
1100 855 1490 888 damnatum,immanissimis
1513 856 1774 892 scelestissimisque
1793 858 1844 886 bo-

1013 904 1033 931 Β
1050 901 1171 928 minibus
1194 901 1407 929 excruciandum
1431 902 1575 936 tradidere,
1600 904 1689 938 quoad
1699 912 1748 932 sua
1762 912 1843 932 manu

1046 954 1104 974 sua;
1114 947 1198 982 ipsius
1213 947 1380 975 abdicationi
1392 948 1587 975 subscriberet.
1598 948 1669 984 Ergo
1681 949 1755 976 illum
1771 951 1845 977 cola-
1894 964 1896 970 ι

1046 994 1109 1026 phis
1128 993 1260 1028 plectunt,
1283 993 1437 1029 misereque
1452 994 1597 1023 divexant:
1612 999 1640 1022 et
1657 1003 1720 1022 cum
1744 996 1845 1032 frigore

1048 1047 1132 1074 prope
1140 1039 1356 1073 contabesceret,
1368 1041 1448 1067 unica
1465 1046 1569 1068 tantum
1585 1040 1708 1069 tunicula
1719 1042 1844 1070 indutum

1047 1091 1196 1118 macerant,
1211 1091 1304 1119 urunt,
1325 1091 1408 1121 atque
1428 1087 1609 1115 discruciant.
1632 1087 1846 1123 Cumquebinas

1048 1131 1125 1158 illum
1141 1131 1328 1160 hebdomadas
1350 1133 1377 1159 in
1395 1140 1506 1160 carcere
1532 1130 1699 1167 "tenuissent,
1719 1139 1843 1162 extrema

1049 1185 1132 1213 prope
1152 1171 1225 1205 fame
1238 1178 1430 1206 conficiebant.
1449 1178 1507 1206 lmo
1522 1185 1548 1207 et
1565 1180 1733 1215 Coprouymi
1749 1181 1843 1216 sepul-

1048 1232 1125 1251 crum
1143 1232 1190 1252 scu
1207 1232 1298 1253 arcam
1316 1225 1503 1253 conscendere
1531 1227 1676 1262 cogebant,
1702 1227 1729 1254 in
1757 1235 1845 1262 eaque

1049 1270 1195 1303 collocato,
1227 1271 1377 1306 ingentiaa
1395 1272 1510 1306 pedibus
1537 1280 1603 1300 saxa
1627 1274 1843 1308 suspendebant,

1050 1324 1176 1354 saepeque
1187 1317 1334 1344 marmoris
1346 1318 1472 1345 acumine
1487 1318 1579 1345 sedem
1595 1326 1758 1346 concussam
1775 1324 1845 1347 atte-

1051 1363 1157 1390 rebanl.
1174 1362 1238 1391 "me
1254 1368 1282 1391 et
1297 1364 1340 1390 bis
1364 1364 1442 1398 plura
1460 1368 1609 1398 tormenta,
1637 1372 1748 1399 sannas,
1776 1374 1842 1394 con-

1052 1409 1236 1443 tumeliasque
1248 1409 1362 1444 impium
1376 1417 1481 1442 semen,
1494 1414 1524 1437 ut
1536 1410 1576 1438 sic
1591 1411 1699 1446 loquar,
1716 1417 1743 1439 et
1756 1412 1839 1446 impia

1051 1455 1195 1489 progenies
1210 1455 1269 1482 viro
1283 1455 1459 1495 sanctissimo
1473 1456 1553 1484 dictis
1568 1456 1711 1492 factisque,
1725 1463 1751 1485 et
1767 1459 1843 1485 stoli-

1051 1500 1103 1528 dus
1119 1500 1164 1527 ille
1177 1499 1351 1533 Theodorus,
1368 1505 1395 1528 et
1413 1501 1577 1536 Gorgonites
1605 1502 1737 1536 Joannes.
1760 1509 1843 1539 atque

1051 1546 1179 1575 Nieolaus
1199 1546 1334 1575 Tbeoduli
1352 1547 1532 1583 Scutelopsis,
1550 1549 1717 1585 irrogabant.

1089 1593 1158 1628 Ergo
1173 1597 1234 1628 post
1253 1594 1451 1627 cruciamenta,
1465 1595 1565 1630 quibus
1581 1596 1683 1623 Christi
1699 1597 1843 1626 confesso-

1053 1647 1109 1666 rem
1126 1639 1293 1674 afflixerant,
1311 1646 1371 1675 post
1390 1642 1632 1674 comminationcs,
1653 1648 1715 1678 post
1733 1649 1844 1672 catenas

1052 1689 1079 1712 ct
1105 1685 1252 1720 compedes
1290 1685 1453 1713 venerandis
1476 1686 1594 1721 pedibus
1623 1687 1748 1721 injectas,
1781 1695 1845 1724 post

1052 1731 1155 1765 alapas,
1165 1735 1191 1758 et
1200 1736 1346 1766 postquam
1358 1739 1420 1758 eum
1434 1731 1467 1758 ad
1481 1731 1597 1760 formam
1606 1735 1695 1762 crucis
1707 1734 1733 1761 in
1748 1734 1844 1762 faciem

1055 1777 1082 1804 in
1102 1784 1239 1804 marmore
1260 1782 1428 1812 prostratum
1451 1785 1483 1805 ac
1497 1778 1661 1813 distentum,
1682 1785 1737 1807 tota
1766 1787 1846 1810 nocte

1054 1823 1176 1850 vinctum
1193 1823 1306 1858 insuper
1328 1824 1485 1857 torsissent,
1516 1829 1598 1860 atque
1610 1826 1712 1854 tumba;
1732 1827 1846 1862 imposi-

1054 1873 1110 1895 tum
1132 1874 1217 1896 totam
1247 1869 1436 1904 insequentem
1461 1876 1570 1898 noctem
1591 1872 1770 1904 cruciassent,
1784 1879 1846 1901 tan—

1054 1913 1172 1948 demque
1186 1914 1307 1941 solutum
1324 1915 1399 1942 humi
1416 1915 1602 1950 projecissent
1613 1917 1845 1953 fodicassentqne,

1054 1965 1084 1986 ut
1107 1960 1240 1995 sanguine
1255 1960 1337 1987 etiam
1362 1966 1462 1988 teriam
1492 1968 1656 1996 purpuraret
1672 1972 1679 1990 :
1697 1968 1759 1998 post
1777 1965 1846 1998 haec,

1054 2006 1178 2040 inquam,
1194 2005 1297 2037 omnia,
1316 2015 1377 2034 cum
1393 2007 1483 2034 adlmc
1509 2008 1617 2035 modice
1639 2009 1756 2043 spiraret
1786 2011 1846 2043 (ur-

1055 2052 1248 2087 gebaturenim
1262 2057 1290 2080 et
1302 2053 1355 2080 alvi
1370 2053 1512 2081 solutioris
1526 2053 1684 2090 proﬂuvio),
1699 2060 1756 2083 tum
1770 2056 1846 2083 insa-

1055 2106 1108 2126 nus
1123 2097 1286 2125 Theodorus
1301 2106 1380 2126 sacra
1398 2099 1451 2126 viri
1480 2107 1564 2126 manu
1583 2108 1632 2135 per
1644 2101 1697 2128 vim
1725 2108 1846 2137 arrepta,

1055 2143 1207 2179 chartaque
1233 2144 1367 2178 subjecta,
1384 2145 1463 2179 quasi
1491 2152 1539 2180 per
1567 2146 1644 2173 illum
1666 2154 1775 2175 crucem
1794 2149 1846 2176 int-

1056 2190 1168 2225 pressit,
1182 2190 1349 2225 allatamque
1371 2190 1469 2218 Photio
1486 2192 1620 2225 porrexit.
1636 2191 1688 2225 Qui
1707 2193 1785 2228 signo
1799 2202 1846 2221 ac-

213 2238 279 2270 6ὼν,
298 2238 327 2270 ἐξ
351 2237 448 2264 ἑαυτοῦ
472 2236 633 2272 ὑπέγραψεν
653 2236 758 2269 οὕτως·
775 2246 785 2263 ι
810 2237 941 2272 Ἰγνάτιος
955 2238 1000 2265 άν-

1058 2240 1148 2271 cepto,
1173 2244 1223 2264 sua
1240 2236 1299 2271 ipse
1317 2244 1399 2264 manu
1417 2238 1584 2273 subscripsit
1603 2247 1610 2265 :
1631 2248 1641 2264 ι
1657 2239 1779 2274 lgnatius
1801 2240 1846 2267 in-

214 2284 287 2316 dito:
305 2282 618 2319 Κωνσταντινουπόλεως
628 2283 752 2318 ὁμολογῶ
763 2282 926 2318 άψηιρίστως
946 2284 1004 2309 εἰσ-

214 2331 313 2363 ελθεῖν,
336 2330 382 2356 καὶ
395 2330 428 2356 τὰ
443 2329 492 2364 ἐτη
507 2328 596 2355 ταῦτα
610 2329 659 2363 οὐχ
674 2329 798 2364 ήγίαζον,
813 2329 871 2356 ἀλλ’
892 2330 1005 2365 ἐτυράν-

213 2385 286 2404 νουν.
305 2386 314 2402 ι
331 2376 441 2411 Ταύτης
456 2375 506 2411 τῆς
521 2375 685 2410 ὑπογραφῆς
695 2374 734 2410 τῷ
751 2374 857 2410 βασιλεὶ
873 2376 1006 2410 πεμφθεί-

215 2431 277 2458 σης,
291 2422 403 2456 ἀφίεται
433 2421 484 2456 μὲν
510 2422 525 2447 ό
552 2421 689 2457 μακάριος
706 2421 815 2456 ἐκείνης
831 2421 882 2456 τῆς
897 2422 1004 2457 ἐνοχῆς.

213 2470 259 2496 τὸν
277 2469 409 2505 μητρικδν
428 2468 457 2495 δὲ
480 2466 553 2494 οἷκον
567 2467 602 2493 τὰ
629 2467 738 2499 Ποσέως
757 2467 938 2500 καταλαϐὼν,
958 2476 1006 2503 μι-

215 2517 281 2550 κρὸν
300 2515 370 2546 τέως
388 2514 443 2541 άπδ
468 2513 522 2541 τῶν
539 2513 645 2540 πολλῶν
667 2513 755 2541 πόνων
780 2514 912 2549 άνέψυχεν
935 2515 1004 2541 ἐκεῖ.

220 2563 251 2589 '0
265 2562 362 2598 ἐχθρὸς
384 2562 413 2588 δέ
425 2561 475 2588 ούκ
489 2560 607 2587 ἐπαύετο
625 2561 716 2592 δόλους
734 2562 763 2587 ἐν
777 2561 878 2596 καρδίᾳ
893 2569 1006 2587 τεκται-

214 2609 338 2644 νόμενος,
352 2608 399 2634 καὶ
420 2607 528 2642 πονηρὰ
552 2606 623 2633 κατὰ
638 2606 686 2633 τοῦ
701 2606 791 2632 ἀθὼου
817 2606 1007 2642 διαλογιζόμε-

215 2665 270 2688 νος.
287 2654 385 2682 Τοίνυν
409 2653 558 2680 ὑποϐάλλει
583 2654 640 2685 τοῖς
655 2652 804 2688 κρατοῦσιν
823 2653 870 2679 ἐπὶ
888 2653 934 2679 τὸν
952 2652 1007 2679 τῶν

222 2701 394 2728 ’Λποστόλων
410 2699 489 2731 αὖθις
505 2699 586 2726 αὑτὸν
599 2699 748 2733 ἀναγαγεῖν
763 2698 838 2731 ναὸν,
851 2698 898 2725 καὶ
913 2698 1007 2734 βιάζε-

216 2736 290 2778 σθαι,
305 2746 414 2781 πρῶτον
437 2745 487 2780 μὲν
505 2745 556 2780 τὴν
583 2744 685 2771 οἰκείαν
707 2745 869 2780 καθαίρεσιν
887 2745 1007 2779 ἀνεγνω-

216 2795 284 2820 Mra.
296 2794 344 2819 ἐπὶ
357 2793 405 2819 τοῦ
423 2791 551 2827 άμϐωνος
570 2790 785 2826 ἀναθεματίζειν
810 2791 922 2818 ἑαυτόν·
937 2792 1008 2826 μετὰ

215 2840 301 2868 ταῦτα
316 2840 344 2866 δὲ
360 2839 394 2872 (ὣ
404 2838 455 2873 τῆς
470 2837 613 2872 μιαιφόνου
630 2837 743 2872 βουλῆςι
766 2837 789 2864 ὦ
813 2838 864 2872 τῆς
888 2838 1007 2873 δεινότη-

216 2887 297 2922 τοςῑ)
323 2884 385 2916 τούς
414 2892 444 2910 τε
468 2883 626 2918 ὀφθαλμοὺς
651 2883 769 2918 ἐκκόψαι
798 2884 845 2911 καὶ
864 2883 913 2919 τὴν
928 2885 1008 2921 χεῖρα

378 2931 513 2961 Parnm.
536 2931 594 2962 GR.
618 2929 676 2960 CV.

1056 2281 1155 2316 dignus
1170 2282 1490 2317 Constantinopolitanus
1505 2284 1649 2317 conliteor,
1661 2292 1705 2311 me
1721 2293 1775 2312 non
1790 2286 1848 2321 lege

1055 2333 1082 2356 et
1098 2328 1241 2364 suffragiis
1263 2334 1386 2357 creatum
1403 2330 1527 2358 ecclesia:
1542 2330 1672 2358 thronum
1698 2332 1846 2365 invasisse,

1056 2382 1145 2410 neque
1160 2375 1204 2402 his
1216 2375 1296 2403 annis
1308 2376 1359 2403 rite
1375 2380 1403 2403 et
1414 2380 1509 2403 sancte
1520 2377 1665 2404 ecclesiam
1675 2379 1789 2410 rexisse,
1799 2379 1848 2407 sed

1057 2422 1229 2457 tyrannidem
1248 2423 1414 2450 exercuisse.
1437 2432 1446 2448 ι
1466 2422 1524 2450 Hoc
1540 2423 1848 2460 pseudo-chirographo

1057 2468 1216 2503 imperatori
1233 2469 1328 2501 misso,
1345 2469 1386 2495 vir
1402 2473 1513 2496 sanctus
1525 2476 1540 2495 e
1555 2470 1679 2496 custodia
1694 2475 1736 2497 est
1753 2471 1849 2498 dimis-

1057 2524 1117 2550 sus,
1133 2516 1321 2551 maternisque
1337 2516 1364 2543 in
1379 2516 1484 2543 aedibus
1501 2515 1605 2544 Poseos
1626 2517 1767 2551 paululum
1783 2526 1796 2544 a
1810 2523 1849 2545 tot

1057 2562 1188 2590 aerumnis
1212 2562 1374 2597 respirabat.
1403 2562 1456 2589 Sed
1482 2562 1555 2590 enim
1583 2563 1668 2591 hostis
1692 2572 1746 2591 non
1767 2564 1850 2592 desiit

1058 2608 1168 2636 fraudes
1184 2608 1278 2636 animo
1289 2615 1411 2640 versare,
1429 2608 1604 2644 pessimaque
1618 2609 1750 2637 adversus
1766 2609 1848 2636 inno-

1058 2659 1164 2682 centem
1182 2655 1297 2682 consilia
1320 2662 1450 2689 coquere.
1473 2655 1567 2690 Itaque
1593 2657 1713 2691 suggerit
1731 2656 1850 2690 impera-

1058 2700 1176 2734 toribus,
1193 2706 1225 2728 ut
1242 2700 1364 2736 lgnatius
1394 2700 1428 2728 ad
1443 2701 1528 2728 aadem
1552 2701 1739 2736 apostolorum
1769 2701 1850 2728 redu-

1060 2753 1133 2781 ctus,
1157 2748 1275 2783 primum
1292 2747 1546 2775 exauctorationem
1563 2755 1639 2774 suam
1660 2747 1717 2781 ipse
1739 2747 1848 2781 publice

1058 2802 1109 2829 pro
1123 2795 1239 2822 amboue
1255 2795 1336 2828 legat,
1352 2800 1434 2830 atque
1463 2794 1569 2828 sibiipsi
1598 2793 1744 2819 anathema
1764 2793 1848 2820 dicat.

1059 2840 1172 2873 Deinde,
1188 2848 1205 2868 ο
1219 2840 1328 2868 crudele
1343 2841 1500 2872 consilium,
1523 2848 1540 2866 ο
1556 2839 1721 2873 singularem
1750 2839 1848 2867 imma-

1060 2887 1190 2923 nitatem!
1225 2887 1306 2915 ambo
1336 2886 1376 2914 illi
1401 2886 1519 2914 eﬂ'odere
1548 2886 1666 2917 lumina,
1685 2893 1850 2923 manumque

1615 2931 1647 2963 17
