2092 3156
253 145 308 178 5Ξ3

849 143 995 173 ΝΙΕΕΤίΕ
1015 142 1280 173 PAPHLAGONIS

1836 146 1889 180 524

251 201 402 238 przeeidere
418 200 464 228 illa
484 199 554 228 furia
568 199 762 228 meditabatur.
778 199 845 227 Tam
862 199 949 227 altum
967 199 1042 235 impii

1098 199 1240 234 μανιωδῶς
1255 199 1479 235 ἐϐυσσοδόμευεν.
1491 199 1584 232 Οὕτως
1595 200 1685 228 αὐτῶν
1698 201 1740 233 εἰς
1756 201 1839 237 βάθος
1858 204 1890 230 τδ

251 248 346 276 odium
363 251 550 282 conceperant
562 265 570 278 .
586 251 617 274 ut
631 246 731 274 divinat
756 245 885 273 vindictae
906 246 1041 273 rationem

251 294 384 322 ducerent
400 293 513 321 nullam.
531 293 634 320 Aberat
645 291 733 320 onmis
752 291 800 319 Dei
813 296 913 324 metus,
938 297 966 330 et
979 292 1042 327 qui-

250 341 312 369 dem
326 340 428 368 diaboli
444 339 521 367 furor
535 339 596 367 illos
614 339 744 374 agitabat.
761 338 935 366 Pentecostes
945 342 1041 366 saneta

250 387 310 415 dies
329 385 529 421 complebatur,
545 393 607 412 cum
621 392 685 412 ecce
698 384 734 412 ibi
749 389 920 412 armatorum
943 391 1041 412 manus

250 432 420 460 domicilium
436 432 464 458 in
479 438 533 465 quo
545 430 676 465 degebat,
690 438 792 458 corona
815 435 915 466 printer
930 437 1040 458 omnem

250 478 483 513 exspectationem
504 481 614 513 repente
625 477 721 512 cingit.
735 477 782 504 Vir
795 483 907 504 sanctus
923 477 970 503 ubi
981 477 1040 503 atti-

250 525 399 553 madvertit
413 532 443 552 se
457 524 523 560 peti,
542 529 570 551 et
588 524 731 559 parricidae
752 523 823 551 Esau
841 523 961 551 furorem
979 530 1042 550 sen-

250 572 296 603 sit,
313 571 459 600 consilium
479 575 574 598 contra
595 575 749 605 temporum
771 570 972 606 improbitatem
992 577 1041 604 op-

249 623 412 653 portunum,
445 624 551 652 suaque
566 617 699 652 sapientia
713 622 739 644 ct
752 616 855 652 Spiritu
873 620 968 644 sancto
981 615 1041 651 ejus

251 668 357 692 rectore
381 664 493 698 dignum
523 663 607 698 capit.
634 662 777 696 Quodnam
804 662 890 689 illud?
920 660 1007 688 Vilem
1024 668 1040 687 a

249 709 337 737 servis
363 714 390 737 et
414 709 573 737 saecularem
599 709 684 736 sumit
713 712 828 740 vestem,
862 707 1042 742 geminasque

249 759 358 790 sportas
370 755 404 782 ab
417 754 541 781 humeris
561 761 616 781 una
632 761 646 780 a
664 753 767 788 pertica
789 760 941 787 snspensas
958 751 1041 787 baiuli

249 801 302 829 ritu
319 805 440 836 gestans,
458 800 580 836 deceptis
596 808 645 835 per
663 805 769 828 noctem
785 799 959 832 custodibus,
983 806 1040 826 uno

248 847 397 875 comitatus
411 846 548 882 Cypriane
560 845 694 881 discipulo
705 853 768 878 suo,
783 845 915 880 profugit,
932 845 985 872 iter
997 844 1041 871 in-

247 900 359 929 gressus
376 899 423 927 per
433 877 577 920 embolum
597 877 638 919 ad-
657 877 839 927 Sybaiticum,
851 877 946 918 saucio
962 894 987 918 et
999 890 1040 917 af-
1057 877 1078 904 Β

249 940 323 968 ilicto
335 945 454 974 pectore,
467 938 541 966 velut
555 938 624 966 alter
643 937 738 971 David,
766 945 827 966 cum
855 937 1040 973 prol‘ugereta

248 985 317 1014 facie
331 984 407 1013 Saul.
428 985 574 1012 Enimvero
593 992 640 1019 per
667 984 794 1012 tenebras
814 983 890 1011 eunti
908 984 1040 1012 divinitus

249 1031 370 1061 occurrit
385 1031 426 1058 vir
437 1036 552 1066 augusta
566 1030 713 1058 admodum
733 1030 801 1058 faeie
818 1029 945 1062 decorus,
961 1037 1040 1057 corna

247 1076 390 1111 barbaque
415 1075 544 1103 decenter
558 1075 704 1110 promissa,
717 1079 792 1102 veste
807 1075 933 1106 candida,
949 1074 1041 1102 niveo-

247 1129 300 1157 que
311 1125 406 1148 vectus
419 1128 500 1156 equo,
517 1121 595 1155 quasi
621 1119 788 1147 Blaehernas
805 1119 937 1148 tenderet.
958 1118 1040 1154 lgno.

247 1173 292 1196 tus
305 1172 396 1195 autem
423 1167 468 1195 ille
492 1168 544 1200 vir,
558 1175 622 1195 cum
648 1171 765 1202 propter
790 1165 902 1193 luminis
919 1165 1039 1200 inopiam

246 1221 309 1241 eum
323 1212 415 1240 videre
425 1212 498 1239 clare
513 1220 568 1239 non
584 1216 688 1247 posset,
698 1210 784 1238 nihilo
801 1210 902 1241 secius,
915 1209 1040 1245 quisquis

247 1258 292 1285 ille
307 1261 382 1289 erat,
410 1257 504 1284 divino
533 1255 638 1291 Spiritu
671 1255 806 1290 impulsus
828 1255 1038 1289 pronuntiavit:

249 1305 330 1337 Deus,
345 1303 444 1339 inquit,
454 1308 481 1331 ct
493 1303 664 1331 sanctissima
680 1303 728 1330 Dei
743 1301 840 1334 Mater,
853 1301 1040 1329 sacratissime

247 1351 370 1382 domine,
395 1355 421 1378 te
436 1354 464 1378 et
486 1350 602 1377 comites
620 1354 683 1377 tuos
701 1353 819 1376 tueatur.
835 1347 922 1380 Quam
941 1354 1037 1374 vocem

247 1397 292 1425 ille
304 1404 366 1425 cum
390 1401 518 1431 tanquam
537 1395 680 1423 oraculum
697 1403 712 1422 e
728 1395 799 1422 uelo
822 1393 935 1426 missum
962 1400 1040 1420 acce-

247 1444 345 1478 pisset,
371 1447 398 1469 et
420 1443 479 1470 loco
506 1441 640 1469 ilinerarii
665 1441 792 1473 subsidii,
814 1439 893 1475 quasi
909 1439 1039 1467 viaticum

247 1489 299 1516 sibi
312 1488 407 1516 datum
420 1489 538 1522 putaret,
550 1486 637 1514 multo
655 1486 772 1514 alacrius
787 1485 839 1512 iter
852 1484 983 1519 carpebat
994 1493 1002 1518 ;
1013 1487 1040 1511 et

249 1533 323 1561 tenui
347 1532 392 1561 illo
408 1540 439 1560 ac
455 1532 546 1560 servili
572 1531 666 1559 habitu
692 1531 802 1566 ignotus
815 1530 954 1565 navigium
973 1537 1040 1556 eon-

249 1580 368 1611 scendit,
385 1584 412 1606 et
430 1578 584 1612 Principes,
598 1577 804 1610 Prmconesum,
821 1576 944 1610 aliasque
971 1574 1041 1602 Pro-

249 1626 372 1662 pontidis
386 1625 501 1658 insulas,
517 1624 598 1651 aliam
615 1632 646 1651 ex
663 1623 716 1650 alia
728 1622 922 1658 permutando,
939 1629 986 1657 per
999 1629 1043 1648 so-

249 1671 378 1699 litudines
387 1671 414 1697 in
425 1670 564 1698 mentibus
571 1674 596 1696 et
605 1669 753 1705 speluncis,
767 1668 946 1702 cavernisque
955 1673 1041 1698 terrm,

251 1721 281 1743 ut
303 1724 365 1743 cum
385 1715 515 1751 Apostolo
531 1715 640 1750 loquar,
656 1715 833 1742 absconditus
848 1714 967 1746 errabat,
980 1721 1044 1748 ege-

251 1770 313 1795 nus,
334 1762 469 1794 amictus,
511 1761 694 1795 angustialus,
723 1761 881 1795 victumque
911 1759 1044 1794 rogatoris

251 1809 339 1835 instar
353 1817 367 1834 a
396 1809 448 1843 piis
462 1808 627 1835 Christianis
650 1806 850 1834 emendicabat.
870 1806 906 1833 At
930 1805 1044 1833 Pbotius

251 1854 364 1886 amissa,
384 1861 467 1888 quam
497 1861 544 1887 spe
561 1854 714 1884 devorarat,
732 1852 822 1886 praeda
844 1851 935 1878 omnia
951 1858 1039 1878 emno-

252 1899 307 1932 bia,
321 1899 473 1934 urbemque
484 1903 570 1926 totam
583 1906 615 1926 ac
629 1898 760 1926 subnrbia
774 1897 938 1932 vestigabat,
957 1896 1044 1924 sicubi

251 1946 327 1973 velut
341 1945 404 1981 igne
428 1945 573 1973 evanidum
590 1945 721 1980 reperiret
737 1944 871 1972 titionem.
887 1943 955 1971 Cum
979 1951 1044 1979 ergo

252 1993 321 2020 nihil
334 1999 430 2019 eorum
455 2000 515 2027 qum
539 1992 676 2026 cupiebat,
694 1991 876 2018 succederet:
899 1994 1044 2025 procurato

249 2039 340 2066 edicto
355 2039 442 2073 regio,
454 2038 591 2074 Orypham
607 2038 682 2065 illum
694 2045 755 2065 cum
765 2044 812 2064 sex
825 2036 986 2064 cursoribus
1010 2035 1044 2062 ad

250 2090 349 2112 cuncta
363 2084 421 2111 loca
433 2084 582 2117 maritima,
596 2082 877 2118 cunelasqueinsulas
889 2082 1045 2109 lustrandas

251 2131 390 2163 amandat,
410 2131 448 2157 uti
473 2137 638 2165 quocunque
657 2130 717 2156 loco
733 2128 945 2164 deprehensum,
959 2128 1043 2155 veluti

251 2176 468 2210 pet-turbatorem
478 2183 688 2211 eversoremque
699 2175 817 2210 imperii,
826 2175 859 2202 de
868 2174 958 2201 medio
965 2174 1044 2201 tolle-

1100 246 1180 280 μῖσος
1195 245 1350 281 καθήψατο,
1368 246 1416 273 καὶ
1431 246 1480 281 τῆς
1504 246 1551 273 τοῦ
1569 247 1638 274 Θεοῦ
1656 247 1831 284 δικαιοσύνης
1843 249 1889 277 λό-

1095 301 1142 326 γος
1155 291 1220 328 παρ’
1236 292 1329 324 αὐτοῖς
1344 292 1441 324 οὐδεὶς,
1458 292 1505 320 καὶ
1521 293 1535 320 ὁ
1550 293 1597 320 τοῦ
1616 293 1685 320 Θεοῦ
1701 294 1783 328 φόϐος
1800 295 1886 330 ἀπῆν,

1095 339 1142 365 καὶ
1167 339 1181 365 ὁ
1212 337 1259 365 τοῦ
1280 337 1404 366 διαϐόλου
1425 337 1505 374 ζῆλος
1524 339 1717 371 ἐσπουδάζετο.
1734 340 1808 375 Αὐτὴ
1829 349 1892 367 συν-

1095 384 1280 420 επληροῦτοὴ
1303 384 1354 420 τῆς
1370 385 1451 419 ἁγίας
1483 385 1677 421 Πεντηκοστῆς
1706 386 1814 421 ἡμέρα,
1843 387 1891 413 καὶ

1093 431 1152 458 ἰδοὺ
1168 430 1271 466 πλῆθος
1287 430 1465 466 στρατιωτῶν
1479 431 1639 466 ὁπλοφόρων
1654 431 1699 458 τὸν
1727 430 1801 459 οἶκον
1815 431 1889 465 ἐξαί-

1094 485 1173 512 φνης,
1185 477 1213 503 ἐν
1224 473 1247 510 ᾧ
1263 477 1409 512 κατήγετο,
1428 476 1618 512 περιεκύκλου.
1639 477 1712 504 Ἰδὼν
1724 474 1770 505 οὖν
1785 479 1799 504 ὁ
1811 477 1889 512 ἅγιος

1094 523 1200 555 ἐκεῖνος
1214 522 1247 550 τὰ
1265 523 1402 559 ἐρχόμενα
1414 523 1457 550 ἐπ’
1471 523 1565 555 αὐτὸν,
1584 523 1632 550 καὶ
1662 523 1712 557 τὴν
1728 524 1890 558 ἀδελφοκτό-

1097 578 1142 597 νον
1171 570 1271 605 μανίαν
1297 571 1457 607 αἰσθόμενος
1474 571 1571 604 Ἡσαῦ,
1598 571 1696 607 βουλὴν
1718 572 1886 607 βουλεύεται,

1094 616 1260 652 ἀντίρροπον
1276 617 1326 654 μὲν
1338 617 1388 653 τῆς
1402 618 1449 645 τοῦ
1467 618 1564 654 καιροῦ
1579 618 1689 651 κακίας,
1700 619 1750 654 τῆς
1762 619 1844 646 αὑτοῦ
1854 619 1885 646 δὲ

1094 663 1230 696 συνέσεως
1245 664 1293 691 καὶ
1306 665 1352 692 τοῦ
1363 665 1462 700 ὁδηγοῦ
1468 673 1526 697 vro;
1540 665 1622 691 αὐτὸν
1636 665 1709 692 θείου
1726 665 1887 700 Πνεῦματος

1092 708 1214 741 ἐπάξιον.
1235 710 1283 742 Τις
1302 710 1332 737 δὲ
1351 712 1368 746 ἡ
1386 711 1486 746 βουλής
1510 710 1627 738 ’Δλλοιοτ
1651 711 1701 747 μὲν
1716 711 1824 744 ἑαυτὸν,
1844 713 1886 739 οἰ-

1092 756 1180 791 κτρὰν
1197 757 1242 784 καὶ
1265 757 1363 794 λαῖκὴν
1387 758 1464 793 παρὰ
1478 758 1533 785 τῶν
1547 758 1662 785 οἰκετῶν
1684 758 1886 794 ἀνειλημμένος

1094 802 1200 838 στολὴν,
1219 804 1266 830 δύο
1280 804 1308 831 δὲ
1331 804 1464 840 σπυρίδας
1479 804 1522 839 ἐφ’
1543 803 1602 835 ένδς
1627 803 1707 837 ξύλου
1727 804 1782 831 τῶν
1811 804 1886 831 ἰδίων

1094 850 1277 886 ἁπαιωρήσας
1293 850 1386 886 ὤμων,
1403 850 1558 886 ἀχθοφόρου
1569 849 1642 882 τινὸς
1655 850 1757 886 τρόπον
1767 851 1884 886 ἀπέδρα,

1093 897 1154 929 τοὺς
1170 896 1293 932 φύλακας
1317 896 1388 923 κατὰ
1408 895 1501 931 μέσας.
1511 895 1612 927 νύκτας
1628 895 1730 923 λαθών.
1752 896 1885 923 Ἐσπευδε

1092 945 1120 972 δὲ
1133 945 1191 981 ἅμα
1205 944 1243 979 τῷ
1255 943 1362 979 μαθητῇ
1376 941 1537 979 Κυπριανῷ,
1553 943 1603 978 τὴν
1616 943 1661 970 ἐπὶ
1676 943 1706 970 τὸ
1722 943 1885 971 Συϐαἲτικον

1091 991 1136 1018 διὰ
1151 991 1198 1017 τοῦ
1214 989 1330 1026 ἐμϐόλου
1351 988 1512 1024 ποιούμενος
1526 989 1649 1025 πορείαν.
1670 989 1726 1024 Τὴν
1748 989 1836 1025 ψυχὴν
1855 989 1883 1016 δὲ

1094 1036 1315 1073 συντριϐόμενος,
1335 1035 1384 1062 καὶ
1408 1036 1465 1067 τοῖς
1487 1035 1603 1072 δάκρυσι
1628 1036 1883 1072 περιρραινόμενος,
1909 1052 1916 1055 ι

1091 1081 1140 1108 καὶ
1159 1081 1261 1117 σφόδρα
1275 1080 1447 1116 κατάπικρος
1466 1080 1516 1115 τὴν
1532 1080 1646 1116 καρδίαν
1662 1082 1710 1108 καὶ
1729 1081 1884 1114 κατώδυνος

1091 1128 1141 1161 ὣν,
1169 1127 1279 1164 ἔτρεχεν
1295 1126 1391 1163 ὣσπερ
1416 1126 1498 1153 Δαυῒδ
1519 1127 1623 1160 ἐκεῖνος
1651 1128 1705 1154 ἀπὸ
1732 1128 1882 1164 προσώπου

1091 1173 1232 1208 διαδρᾶναι
1262 1172 1359 1199 Σαούλ.
1386 1171 1530 1207 Κρείττονι
1556 1172 1585 1198 δὲ
1618 1173 1732 1209 προνοίᾳ
1761 1174 1882 1209 συναντᾷ

1091 1220 1180 1255 τούτῳ
1190 1219 1234 1246 διὰ
1246 1218 1297 1252 τῆς
1307 1218 1404 1250 νυκτὸς
1419 1218 1486 1244 ίόντι
1502 1218 1571 1254 ἁνήρ
1584 1227 1626 1250 τις
1642 1219 1714 1246 πάνυ
1729 1219 1779 1254 τὴν
1796 1220 1883 1252 πρόσ-

1092 1267 1153 1301 οψιν
1169 1266 1320 1301 εὐπρεπὴς,
1337 1265 1383 1292 τόν
1400 1273 1430 1291 τε
1447 1263 1565 1298 πώγωνα
1589 1264 1637 1291 καὶ
1659 1265 1709 1300 τὴν
1728 1265 1826 1301 κώμην
1843 1266 1885 1293 εὖ·

1093 1311 1200 1343 σταλῶς
1215 1309 1379 1346 καθειμένος
1399 1309 1450 1343 τῆς
1465 1309 1604 1344 κεφαλῆς·
1620 1310 1667 1336 καὶ
1687 1310 1767 1341 αὐτὸς
1786 1310 1884 1345 στολὴν

1091 1357 1192 1392 λευκὴν
1205 1355 1382 1391 ἐσταλμένος,
1398 1355 1445 1382 καὶ
1460 1355 1536 1390 ἵππῳ
1549 1355 1697 1382 ἐπιϐαίνων
1714 1356 1816 1391 λευκῷ,
1831 1356 1883 1391 τὴν

1091 1403 1128 1434 ὼς
1144 1402 1191 1429 ἐπὶ
1204 1401 1360 1437 Βλαχέρνας
1375 1400 1498 1433 ἐϐάδιζεν
1511 1400 1581 1428 ὁδόν.
1602 1401 1705 1435 ’Δγνὼς
1719 1401 1749 1427 δὲ
1764 1402 1778 1427 ό
1799 1402 1881 1436 ἀνὴρ,

1091 1449 1133 1476 ὅτι
1149 1447 1253 1483 πυρσὸς
1270 1445 1400 1482 οὐδαμοῦ,
1417 1446 1465 1472 καὶ
1479 1446 1588 1481 τρανῶς
1613 1447 1672 1473 ἐκεῖ
1695 1446 1790 1474 τοῦτον
1817 1447 1882 1474 ἰδεῖν

1091 1494 1141 1521 οὐκ
1154 1492 1201 1529 ἦν·
1217 1493 1298 1528 πλὴν,
1323 1492 1399 1523 ὅστις
1421 1492 1485 1518 ποτὲ
1502 1490 1547 1528 ἦν,
1567 1492 1707 1528 Πνεύματι
1724 1491 1789 1528 θείῳ
1804 1501 1882 1527 κινη-

1054 1552 1075 1581 c
1093 1540 1160 1572 θεὶς,
1180 1539 1248 1575 ἔφη·
1270 1539 1298 1565 '0
1311 1538 1377 1570 Θεὸς
1390 1537 1436 1565 καὶ
1461 1538 1478 1574 ἡ
1504 1538 1651 1573 ὐπεραγία,
1667 1537 1764 1573 λέγων,
1786 1538 1883 1565 Θεοτό-

1094 1594 1142 1617 κος
1155 1585 1298 1612 ἀκίνδυνόν
1319 1593 1359 1617 σε,
1380 1583 1493 1618 πανίερε
1516 1584 1644 1616 δέσποτα,
1671 1585 1717 1611 καὶ
1735 1585 1797 1616 τοὺς
1815 1585 1884 1620 μετὰ

1096 1631 1143 1658 σοῦ
1167 1630 1341 1665 διαφυλάξαι.
1367 1629 1454 1656 Τοῦτο
1470 1630 1500 1657 ’τὸ
1516 1629 1605 1665 ῥῆμα,
1634 1628 1744 1666 οἷάπερ,
1774 1630 1880 1664 ἑφόδιον

1094 1677 1198 1712 ἀγαθον
1215 1676 1318 1704 ἄνωθεν
1332 1673 1401 1711 ἦκον
1424 1675 1467 1701 ἐπ’
1486 1675 1578 1708 αὑτὸν,
1597 1677 1612 1702 ὁ
1628 1676 1764 1710 μακάριος
1785 1676 1883 1702 ὑποδεσ

1095 1722 1223 1757 ξάμενος,
1234 1721 1441 1756 προθυμότερον
1457 1720 1564 1752 ἐϐάδιζε
1576 1729 1584 1735 ·
1598 1721 1646 1747 καὶ
1661 1720 1701 1756 τῷ
1711 1720 1827 1756 δουλικῷ
1837 1721 1884 1747 καὶ

1095 1767 1216 1803 πενιχρῷ
1231 1766 1351 1803 σχήματι
1378 1767 1484 1798 πάντας
1515 1766 1616 1799 λαθὼν,
1643 1766 1691 1793 καὶ
1720 1767 1762 1798 εἰς
1790 1766 1884 1793 πλοῖον

1095 1814 1192 1850 ἐμϐὰς,
1204 1814 1252 1840 καί
1269 1813 1317 1845 τὰς
1333 1812 1541 1849 Πριγκιπείους,
1556 1813 1604 1839 καὶ⁸
1615 1812 1834 1848 Προικονησίους,
1850 1812 1882 1838 οὺ

1096 1860 1177 1895 μόνον
1193 1859 1232 1893 δὲ,
1251 1860 1319 1887 ἀλλὰ
1335 1860 1383 1886 καὶ
1406 1859 1592 1894 Προποντίους
1615 1860 1734 1893 νήσους,
1749 1857 1832 1892 ἄλλην
1853 1858 1885 1890 ἐξ

1094 1906 1179 1941 ἄλλης
1199 1905 1331 1941 ἀμείϐων,
1348 1906 1396 1932 καὶ
1408 1906 1437 1931 ἐν
1452 1904 1583 1940 ἐρημίαις
1598 1903 1786 1939 πλανώμενος,
1806 1903 1883 1938 δρεσί

1094 1961 1124 1979 τε
1155 1952 1202 1979 καὶ
1226 1951 1380 1987 σπηλαίοις,
1400 1951 1448 1990 καὶ
1472 1951 1532 1982 ταῖς
1549 1951 1599 1985 τῆς
1613 1950 1677 1984 γῆς,
1697 1948 1884 1980 ἁποστολικῶς

1095 1999 1188 2032 φάναι,
1214 1997 1475 2033 κατακρυπτόμενος
1489 1996 1586 2029 ὀπαῖς,
1602 1996 1810 2032 ὑστερούμενος,
1827 1995 1882 2022 0).:-

1095 2044 1222 2079 ϐόμενος,
1239 2042 1472 2078 κακουχούμενος,
1492 2041 1542 2073 τὰς
1556 2042 1624 2077 πρὸς
1641 2041 1670 2068 τὺ
1687 2042 1740 2077 ζῇν
1756 2041 1884 2076 ἀφορμὰς

1095 2089 1209 2116 ἐπαίτου
1235 2089 1337 2124 τρόπον
1364 2087 1410 2114 διὰ
1433 2088 1486 2114 τῶν
1518 2086 1702 2122 φιλοχρίστων
1727 2087 1882 2121 ὴρανίζετο.

1094 2134 1194 2166 Φὼτιος
1209 2134 1238 2160 δὲ
1255 2134 1305 2169 τῆς
1320 2133 1407 2168 θήρας
1434 2132 1603 2168 διαμαρτὼν,
1622 2131 1711 2159 πάντα
1735 2132 1783 2166 μὲν
1803 2140 1884 2166 μονα-

1097 2180 1206 2215 στήρια,
1220 2180 1310 2206 πᾶσαν
1327 2178 1355 2204 δὲ
1375 2177 1424 2212 τὴν
1438 2177 1526 2209 πόλιν,
1542 2177 1587 2203 καὶ
1604 2177 1640 2202 τὰ
1653 2176 1717 2210 περὶ
1734 2175 1820 2210 αὐτὴν
1833 2176 1884 2202 ἁν-

251 2227 301 2250 ret.
320 2223 414 2257 Itaque
422 2222 538 2250 venatici
550 2222 589 2248 illi
604 2229 686 2249 canes
696 2229 758 2249 cum
768 2221 868 2256 smpius
882 2225 907 2248 et
920 2219 1042 2254 pluribus

1097 2225 1242 2260 ηρευνᾶτο,
1257 2224 1284 2251 et
1299 2231 1351 2250 που
1366 2222 1419 2258 ἄρα
1443 2222 1592 2249 καταλάϐοι
1615 2221 1661 2248 τὸν
1685 2221 1780 2255 ὥσπερ
1803 2221 1884 2248 δαλὸν

251 2269 278 2295 in
289 2267 356 2296 locis
366 2268 392 2295 in
406 2268 539 2303 lgnalium
552 2268 641 2302 ipsutn
654 2267 824 2298 incidissent,
833 2265 924 2293 servili
934 2265 1044 2293 tunicu-

247 2314 276 2342 la
291 2313 396 2348 decepti
410 2321 463 2340 non
476 2317 656 2348 agnoverunt.
666 2312 717 2345 Qui
729 2316 756 2339 et
768 2311 855 2346 ipsum
865 2310 933 2338 alias
940 2310 1045 2338 medios

250 2364 438 2387 transeuntem
454 2359 641 2394 quaeritantes,
651 2359 724 2385 velut
732 2357 835 2393 Assyrii
848 2356 970 2384 caecitate
981 2362 1042 2390 per-

250 2405 337 2439 cussi,
356 2413 410 2433 non
431 2409 589 2433 senserunt.
613 2406 747 2432 Abierunt
762 2411 837 2439 ergo,
853 2403 925 2438 quod
946 2407 987 2429 est
1014 2402 1041 2428 in

250 2452 393 2487 parmmia,
404 2451 561 2479 utfrustrati
570 2451 660 2487 pra-da
670 2449 848 2485 ltianteslupi.
856 2448 1043 2484 lgnatiuspcr-

249 2498 347 2526 solutis
361 2496 495 2525 Salvatori
508 2505 557 2533 pro
567 2497 650 2524 tutela
664 2497 746 2529 votis,
756 2503 803 2531 per
814 2495 914 2523 multas
929 2494 1043 2522 tribula-

251 2543 341 2570 tiunes
359 2542 393 2570 ad
405 2551 518 2578 regnum
535 2543 668 2570 cmlorum
686 2541 877 2569 contendebat.
898 2541 986 2575 Atque
1004 2539 1044 2567 illi

247 2588 358 2624 quidem
369 2589 426 2616 haec
432 2588 560 2624 agebant.
570 2588 640 2621 Quid
654 2595 717 2615 vero
729 2588 785 2615 haec
795 2587 848 2614 illis
857 2586 1044 2618 molientibus,

247 2635 424 2671 longanimis,
438 2634 540 2670 justus,
561 2639 587 2661 et
597 2633 677 2661 fortis
696 2633 776 2667 Deus,
792 2634 839 2668 qui
851 2641 903 2660 non
916 2632 1044 2659 irascitur

246 2690 295 2718 per
310 2682 432 2717 singulos
447 2681 524 2709 dies?
537 2689 570 2708 an
581 2681 684 2708 diutius
693 2685 830 2708 extremas
847 2680 897 2707 has
908 2679 1042 2706 malorum

247 2738 385 2758 aerumnas
400 2730 490 2766 potuit
504 2729 681 2757 dissimulare
698 2729 709 2755 ’ί
723 2728 835 2755 Minime
854 2736 929 2755 vero.

1097 2269 1302 2306 ὲξηπτασμένον
1317 2267 1373 2304 [Im
1388 2266 1616 2303 ἐξηφανισμένον]
1630 2267 1663 2293 ὲκ
1677 2265 1825 2302 προσώπου
1837 2275 1885 2293 πυ-

1098 2316 1155 2351 ρός.
1164 2314 1255 2348 Μηδὲν
1269 2313 1315 2340 οὖν
1330 2314 1422 2340 ἀνύειν
1436 2313 1585 2348 δυνάμενος
1598 2309 1635 2340 ὧν
1650 2312 1785 2345 ἐϐούλετο,
1793 2321 1884 2347 παρα-

1097 2362 1226 2394 σκευάζει
1247 2360 1441 2396 προστάγματι
1454 2359 1597 2395 βασιλικῷ,
1613 2360 1659 2386 τὴν
1674 2359 1792 2395 χαλεπὸν
1809 2360 1883 2386 ἐκεῖ·

1096 2416 1142 2434 νον
1160 2406 1282 2441 Ὠρύφαν
1296 2406 1344 2432 σὺν
1356 2405 1386 2438 ἐξ
1401 2405 1532 2441 δρομεῦσι
1549 2406 1639 2438 πάσας
1652 2405 1703 2437 τὰς
1717 2406 1816 2440 νήσους
1837 2405 1885 2431 καὶ

1097 2454 1147 2489 τὴν
1161 2453 1294 2489 παράλιον
1309 2451 1517 2488 ἁνερευνᾶσθαι,
1535 2453 1582 2480 καὶ
1596 2453 1623 2480 εἴ
1638 2461 1689 2480 που
1706 2451 1827 2487 συμϐαίη
1840 2451 1885 2486 λη-

1096 2499 1199 2535 φθῆναι
1216 2499 1261 2526 τὸν
1278 2498 1419 2533 Ἰγνάτιον,
1439 2499 1520 2530 εὐθὺς
1537 2498 1709 2534 ἀναιρεῖσθαι
1723 2498 1830 2529 τοῦτον,
1846 2497 1884 2528 ὡς

1096 2546 1161 2581 ὅλην
1177 2545 1367 2580 ἀνατρέποντα
1389 2547 1440 2581 τὴν
1455 2545 1604 2581 βασιλείαν.
1621 2544 1754 2575 Πολλάκις
1775 2543 1822 2571 οὖν
1836 2544 1884 2570 καὶ

1096 2592 1167 2619 κατὰ
1179 2591 1288 2623 πλειους
1302 2592 1402 2623 τόπους
1412 2591 1487 2626 αὖτῷ
1498 2590 1708 2626 περιπίπτοντες
1718 2590 1743 2616 οἱ
1755 2589 1883 2625 Θηραταὶ,

1096 2638 1140 2664 διὰ
1150 2637 1276 2673 δουλικὴν
1289 2637 1340 2664 οὐκ
1356 2637 1515 2672 ἐπέγνωσαν
1530 2636 1638 2671 στολήν.
1650 2636 1706 2663 Καὶ
1722 2635 1818 2663 ἄλλοτε
1833 2635 1885 2661 πά-

1096 2684 1138 2710 λιν
1158 2684 1203 2711 διὰ
1229 2684 1313 2718 μέσον
1341 2684 1422 2710 αὑτὸν
1452 2683 1668 2719 παρερχόμενον,
1693 2683 1810 2717 ἀορασίᾳ
1837 2681 1885 2716 λη-

1095 2729 1217 2765 φθέντες,
1227 2729 1264 2761 ὠς
1281 2730 1304 2756 οἱ
1319 2730 1382 2764 περὶ
1396 2729 1442 2756 τὸν
1455 2729 1607 2755 Ἐλισσαῖον
1625 2728 1773 2763 Ἀσσύριοι,
1793 2727 1887 2753 τοῦτον

246 2776 298 2803 οὐκ
311 2776 482 2812 ἠδυνήθησαν
499 2776 573 2803 ἰδεῖν.
594 2775 648 2802 Καὶ
664 2775 741 2802 αὐτοὶ
759 2775 825 2810 μὲν.
849 2773 886 2806 ὡς
901 2774 978 2801 λύκοι
1001 2775 1089 2811 μάτην
1105 2775 1270 2811 κεχηνότες,
1292 2775 1426 2810 ἀπῄεσαν,
1456 2774 1525 2802 κατὰ
1545 2775 1595 2810 τὴν
1621 2774 1782 2810 παροιμίαν.
1804 2772 1833 2799 '0
1855 2771 1884 2798 δὲ

247 2821 297 2854 τὰς
316 2823 541 2859 εὐχαριστηρίους
556 2822 639 2858 εὐχὰς
656 2823 825 2858 ἀναπέμπων
842 2822 881 2857 τῷ
897 2822 1016 2857 Σωτῆρι,
1030 2823 1075 2850 διὰ
1091 2823 1195 2850 πολλῶν
1224 2823 1341 2858 θλίψεων
1364 2824 1413 2856 ’τὴν
1439 2824 1487 2850 τοῦ
1509 2823 1576 2850 Θεοῦ
1592 2823 1731 2858 βασιλείαν
1750 2821 1884 2853 ἐξωνείτο.

248 2869 281 2895 0i
296 2869 345 2903 μὲν
365 2870 393 2896 ὲν
412 2869 517 2901 τούτοις
534 2867 615 2905 ἦσαν.
630 2869 662 2894 Τί
679 2869 706 2895 δὲ
739 2869 754 2894 ὁ
785 2867 961 2903 μακρόθυμος
977 2868 1089 2903 Κύριος,
1119 2870 1133 2894 ό
1157 2868 1271 2900 δίκαιος,
1297 2870 1312 2896 ὁ
1330 2869 1450 2905 ἰσχυρὸς,
1467 2870 1481 2896 ὁ
1497 2869 1535 2904 μὴ
1567 2869 1617 2904 τὴν
1647 2867 1733 2903 ὀργὴν
1769 2865 1882 2898 ἐπάγων

248 2913 310 2942 καθ’
334 2915 452 2950 ἑκάστην
479 2915 602 2951 ἡμέραν,
634 2913 679 2950 ἆρ’
702 2914 748 2941 ἐπὶ
774 2913 842 2940 πολὺ
869 2912 918 2945 τὰς
936 2913 1090 2947 ὑπερϐολὰς
1115 2913 1169 2939 τῶν
1186 2913 1277 2941 κακῶν
1306 2914 1406 2946 ταύτας
1431 2915 1561 2950 ἠνέσχετο
1586 2914 1719 2948 καθορᾷν;
1742 2911 1874 2946 Οὐδαμῶς
