2092 3156
198 160 255 191 525

739 161 826 191 νιΤΑ
841 161 871 190 S.
895 160 1043 190 IGNATII
1060 161 1112 191 (ΞΡ.
1135 161 1310 192 ARCHIEP.

1771 164 1824 197 526

231 215 387 248 Αὔγουστος
404 215 529 242 ἐνίστατο
542 215 605 250 μὴν,
622 216 669 242 καὶ
683 217 805 252 σεισμοῖς
821 216 950 248 ἐξαισίοις
964 217 981 250 ἡ

1068 215 1208 250 Augustus
1220 215 1339 243 instabat
1351 215 1462 247 mensis,
1477 219 1503 242 et
1516 216 1680 244 tremoribus
1692 216 1715 243 h.
1730 219 1827 246 rritieis

197 261 379 298 βασιλεύουσα
400 262 569 289 κατεδονεῖτο
580 271 587 279 ο
607 263 655 289 καὶ
677 263 731 294 πᾶς
747 261 820 294 οἶκος
833 262 979 295 ὲκλονεῖτο,

195 309 243 335 καὶ
260 310 333 334 πᾶσα
347 308 445 343 καρδία
461 308 500 342 τῷ
514 309 589 343 φόὸῳ
615 308 788 335 κατεσείετο·
804 309 852 335 καὶ
866 309 919 340 πᾶς
935 308 982 335 ἄν·

195 354 304 390 ορωπος
317 353 356 388 τῷ
370 353 417 379 τοῦ
435 353 550 380 θανάτου
566 353 622 380 δέει
640 354 821 389 συνεχόμενος
833 354 908 386 ὲόόα,
919 354 983 388 μίαν

195 399 284 425 αἰτίαν
299 397 369 425 εἶναι
381 398 428 425 τοῦ
445 399 571 434 σεισμοῦ,
600 399 665 434 μίαν
684 400 733 434 τὴν
753 400 793 431 είς
814 400 859 426 τὸν
882 408 983 434 πατρι-

196 445 283 479 άρχην
302 445 431 477 Ίγνάτιον
451 444 556 472 ἀδικίαν
580 446 627 472 καὶ
648 445 834 481 παρανομίαν.
856 446 900 472 Ἐν
915 445 984 480 ὴμέ-

197 498 258 525 put;
274 489 302 516 δὲ
319 490 526 525 τεσσαράκοντα
553 491 741 526 μηκυνόμενος
764 492 777 518 ό
800 491 911 526 σεισμὸς
938 491 984 517 ἐπὶ

195 535 322 562 τοσοῦτον
337 535 427 562 αὐτῶν
451 535 501 570 τὴν
517 535 648 571 ὡμότητα
675 537 722 563 καὶ
746 537 896 571 ἰταμότητα
917 545 984 563 κατ-

197 580 335 615 έκαμψεν,
362 581 400 612 ὡς
427 582 475 607 καὶ
501 581 564 613 τοὺς
590 581 759 617 κρατοῦντας
788 583 886 613 αὐτοὺς
903 583 984 618 ὅρκον

197 626 338 661 προθεῖναι
365 626 493 661 δημοσίᾳ,
514 627 576 661 μήτ’
599 627 681 654 αὑτὸν
707 629 811 655 ἐκεῖνον
836 627 881 654 τὸν
913 628 985 664 ἱερὸν

197 673 314 708 φυγάδα,
327 673 396 708 μήτε
412 674 478 707 παρ’
493 670 515 706 ᾧ
530 674 682 708 κρύπτεται
698 674 912 710 φανερούμενον,
930 675 984 702 ὑπ-

196 719 309 746 εύθυνον
326 719 492 746 καθεστάναι
508 720 612 753 λοιπὸν,
638 720 812 756 ἀθωούμενον
835 721 863 747 δὲ
878 722 918 752 είς
935 722 984 757 τὴν

196 765 300 792 οἰκείαν
314 765 499 801 ἀνενοχλήτως
517 766 755 793 ἀποκαθίστασθαι
771 768 866 803 μονήν.
888 768 985 794 Τοίνυν

195 810 282 843 οὕτως
303 811 424 843 ἀκούσας
438 812 451 838 ό
464 812 594 847 ἀθλητὴς,
610 812 759 848 καταδηλοῑ
773 813 870 839 ἑαυτὸν
885 813 984 840 αὐτίκα

196 856 235 891 τῷ
249 857 387 892 πατρικίῳ
410 858 557 893 Πετρωνᾷ·
577 858 606 889 ὃς
632 857 679 884 τοῦ
698 859 898 895 αὐτοκράτορος
914 859 984 891 Θεῐος

197 903 266 937 πρὸς
285 902 388 937 μητρὸς
404 901 452 934 ὢν,
473 892 580 930 καιτοῦ
600 903 731 938 βασιλέως
748 892 818 939 ἄρας
829 892 985 938 ὲῆκόλπιον,
1003 892 1023 920 Β

199 948 238 978 εἰς
249 947 377 982 ἐνέχυρον
388 947 479 981 φέρων
489 947 581 974 δίδωσι
595 948 633 983 τῷ
648 949 817 984 πατριάρχῃ.
826 948 855 975 Ὀ
870 949 897 975 δὲ
908 947 987 975 τοῦτο

197 993 244 1019 τοῦ
266 992 404 1028 τραχήλου
426 994 628 1028 ἀπαιωρήσας,
646 994 693 1021 καὶ
719 994 788 1030 πρὸς
814 994 859 1021 τὸν
881 994 988 1030 Βάρδαν

199 1039 338 1074 ἀναχθεὶς,
354 1039 430 1074 ἔστη.
447 1039 519 1074 Πρὸς
532 1039 562 1065 ὃν
577 1041 692 1072 ἐκεῖνος,
706 1040 766 1067 Ἵνα
782 1040 819 1073 τί,
834 1042 912 1076 φησι,
925 1040 988 1076 τρό-

201 1093 252 1111 πον
266 1084 403 1120 δραπέτου
418 1085 610 1121 μιμησάμενος
623 1106 631 1119 ,
648 1086 731 1121 ἄλλην
745 1086 774 1118 ἐξ
795 1086 879 1122 ἄλλης
896 1087 988 1121 χώραν

199 1131 322 1165 ἀμείϐων
336 1133 525 1166 περινοστεῖς;
546 1131 576 1158 '0
590 1132 628 1164 δὲ,
643 1132 773 1168 Χριστὸς,
787 1131 850 1167 ἔφη,
864 1134 877 1159 ό
893 1133 989 1167 ἡμέτε-

201 1184 246 1211 ρος
258 1175 385 1210 βασιλεὺς
405 1177 452 1204 καὶ
478 1177 569 1212 πατὴρ
585 1178 755 1204 ἐνετείλατο·
779 1178 848 1204 Ἐὰν
863 1178 987 1205 διώκου-

197 1228 250 1247 σιν
265 1222 343 1256 ὑμᾶς
356 1222 390 1248 ὲκ
405 1221 462 1256 τῆς
474 1223 590 1255 πόλεως
603 1223 725 1256 ταύτης,
734 1223 858 1257 φεύγετε
877 1224 921 1256 εἰς
933 1224 991 1257 τὴν

197 1266 307 1300 ἄλλην.
323 1267 467 1303 Ἦττηθεὶς
487 1265 533 1294 οὖν
547 1268 597 1303 τῆς
610 1267 659 1295 τοῦ
689 1268 786 1305 ἀνδρὸς
800 1269 902 1304 ἀρετῆς
918 1270 991 1296 ἐκεῖ-

197 1323 252 1346 νος,
281 1312 429 1340 ἀνεύθυνον
455 1312 549 1339 τοῦτον
573 1313 621 1340 καὶ
648 1313 743 1340 ᾶνετον
768 1314 809 1345 είς
832 1314 882 1348 τὴν
906 1314 989 1340 αὑτοῦ

197 1358 368 1393 καταστῆναι
384 1358 489 1385 κελεύει
508 1359 604 1394 μονήν.
624 1359 712 1390 Εὐθὺς
726 1358 773 1385 οὖν
787 1359 833 1386 καὶ
848 1360 862 1385 ό
880 1359 990 1393 σεισμὸς

198 1405 275 1440 ἔστη.
303 1405 358 1432 Καὶ
370 1404 521 1440 Βούλγαροι
536 1404 565 1431 δὲ
584 1404 643 1431 τότε
659 1405 798 1439 προνοίαις
814 1405 893 1438 Θεοῦ,
911 1405 990 1440 βιαίῳ

198 1451 400 1483 κατατακέντες
424 1450 508 1486 λιμῷ,
536 1452 593 1486 ἃμα
615 1450 644 1477 δὲ
669 1451 717 1477 καὶ
742 1452 800 1483 τοῖς
823 1451 920 1486 δώροις
942 1451 990 1478 τοῦ

198 1497 398 1532 αὐτοκράτορος
413 1497 583 1532 θελχθέντες,
599 1498 633 1525 τὰ
647 1498 717 1525 ὅπλα
736 1497 918 1533 καταθέμενοι
931 1517 937 1530 ,
952 1498 991 1533 τῷ

200 1542 270 1576 ἁγίῳ
282 1543 439 1578 προσῄεσαν
455 1543 635 1578 βαπτίσματι.

1036 259 1286 296 Constantinopolis
1297 260 1469 296 quatiebatur
1479 269 1485 287 :
1495 260 1567 289 :edes
1577 261 1710 289 nutabant
1723 270 1830 298 omnes,

1034 307 1180 342 omniaque
1192 307 1346 334 mortalium
1362 312 1471 342 pectora
1484 312 1558 335 metu
1578 308 1757 342 palpitabant,
1786 317 1832 336 ne-

1035 360 1079 380 mo
1095 360 1147 379 non
1165 352 1262 379 mortis
1276 352 1391 379 horrore
1406 357 1556 386 occupatus
1576 350 1746 385 clamitabat,
1766 354 1828 381 uni-

1034 405 1094 426 cam
1111 398 1192 432 plane
1206 399 1289 433 hujus
1305 398 1420 434 prodigii
1441 405 1489 425 seu
1514 403 1604 425 motus
1630 406 1739 426 causam
1767 407 1829 428 esse

1036 445 1163 479 injuriam
1181 449 1207 471 el
1220 444 1395 479 sacrilegium
1421 445 1449 471 in
1473 444 1658 479 patriarcham
1687 444 1823 480 lgnatium

1036 491 1226 518 commissum.
1249 489 1323 517 Urbe
1341 493 1431 517 autem
1459 494 1531 517 totos
1561 491 1742 526 quadraginta
1766 491 1827 518 dies

1035 536 1165 564 continuo
1179 540 1320 566 tremente,
1335 543 1422 570 usque
1435 536 1503 564 adeo
1520 536 1620 564 ferocia
1633 541 1660 564 ct
1671 537 1832 565 immanitas

1036 583 1143 610 illorum
1159 582 1281 617 mitigata
1296 586 1346 613 est,
1361 587 1391 610 ut
1402 583 1452 618 ipsi
1463 582 1598 618 principes
1608 583 1830 619 publicejureju-

1039 629 1125 657 rando
1139 633 1370 662 conteslarcntur,
1386 637 1473 664 neque
1490 630 1580 663 fugam
1592 637 1671 657 sacro
1681 630 1717 656 illi
1729 631 1830 658 exsuli,

1036 681 1086 700 nec
1093 673 1192 708 hospiti
1200 673 1303 701 exsulis
1313 675 1384 708 apud
1394 681 1473 708 quem
1487 673 1651 707 delituisset,
1660 674 1747 702 fraudi
1759 674 1816 702 futu
1825 690 1832 695 -

1037 727 1094 745 ram
1111 728 1118 752 ;
1147 719 1194 747 sed
1209 720 1365 747 absolutum
1381 720 1507 752 crimine,
1525 720 1754 755 innocentemque
1772 729 1834 756 pro~

1037 765 1200 798 nuntiatum,
1218 765 1277 793 sine
1288 765 1450 800 cujusquam
1468 766 1592 793 molestia
1603 766 1629 793 in
1642 774 1692 794 suo
1708 766 1833 794 emnobio

1035 817 1132 838 secure
1165 819 1386 846 permansurum.
1408 810 1487 844 Quod
1509 819 1571 839 cum
1599 811 1701 839 Christi
1730 812 1832 840 athleta

1036 855 1198 890 accepisset,
1217 856 1339 883 Petronaz
1366 863 1395 883 se
1411 856 1537 891 patricio,
1550 861 1675 883 tnaterno
1689 857 1834 891 imperato-

1040 901 1078 928 ris
1116 901 1265 934 avunculo,
1292 901 1380 936 apcrit
1409 902 1477 936 :qui
1505 902 1652 937 pretiosum
1680 907 1833 939 gestamen,

1039 946 1112 980 quod
1139 946 1172 973 ad
1186 946 1276 974 sinum
1298 946 1472 980 imperatoris
1490 946 1635 981 pendebat,
1653 954 1703 981 pro
1720 947 1833 982 pignore

1039 990 1152 1017 allatum
1173 991 1256 1017 tradit
1271 991 1445 1025 patriarchae,
1462 999 1517 1025 quo
1542 991 1587 1018 ille
1616 991 1650 1018 de
1682 991 1753 1018 collo
1770 999 1833 1019 sus-

1039 1044 1124 1070 penso
1153 1036 1186 1064 ad
1213 1036 1331 1064 Bardam
1362 1037 1488 1070 accedit;
1505 1037 1552 1072 qui
1573 1038 1606 1065 ad
1624 1038 1831 1072 patriarcham:

1039 1081 1122 1114 Quid,
1137 1082 1237 1117 inquit,
1253 1081 1362 1118 fugitivi
1383 1091 1460 1111 more
1486 1077 1596 1111 ex'loco
1620 1085 1647 1112 in
1664 1083 1753 1112 locum
1768 1092 1834 1119 pro-

1041 1127 1120 1163 fugus
1136 1128 1268 1155 oberras?
1282 1129 1326 1156 cui
1341 1128 1462 1164 lgnatius
1484 1129 1643 1162 :Christus,
1660 1130 1759 1164 inquit.
1785 1137 1832 1158 rex

1041 1178 1133 1201 noster
1152 1182 1184 1201 ac
1213 1174 1293 1201 Pater
1317 1175 1446 1210 prmcepit
1463 1184 1469 1202 :
1487 1175 1517 1204 Si
1543 1181 1732 1210 persequentur
1747 1184 1790 1203 vos
1806 1176 1833 1203 in

1040 1228 1092 1246 una
1107 1220 1223 1253 civitate,
1238 1221 1322 1256 fugite
1337 1221 1365 1248 in
1381 1221 1464 1248 aliam
1481 1222 1501 1247 ⁵.
1519 1221 1614 1249 Victus
1631 1222 1789 1250 innocentia
1805 1227 1834 1250 et

1040 1266 1142 1293 virtute
1156 1266 1208 1293 viri
1222 1266 1336 1298 Bardas,
1350 1267 1489 1294 innoxium
1504 1267 1675 1303 liberumque
1691 1268 1718 1295 in
1736 1276 1833 1296 mona~

1041 1311 1154 1338 sterium
1175 1312 1276 1339 remitti
1290 1320 1370 1340 suum
1382 1313 1469 1347 jubet.
1482 1306 1635 1348 Statimque
1645 1314 1745 1341 moveri
1761 1318 1833 1341 terra

1041 1357 1133 1389 desiit,
1155 1361 1182 1384 et
1207 1356 1502 1393 Bulgariprmidentia
1523 1359 1581 1390 Dei,
1606 1360 1677 1387 fame
1709 1363 1832 1395 urgente,

1043 1403 1258 1437 muneribusque
1271 1404 1305 1431 ab
1321 1404 1486 1439 imperatore
1494 1405 1610 1438 deliniti,
1626 1406 1713 1434 armis
1725 1406 1831 1441 positis,

1041 1449 1162 1477 caelestis
1182 1449 1354 1484 baptismatis
1369 1451 1441 1478 un-la
1455 1456 1519 1478 sunt
1536 1451 1654 1479 lustrati.

233 1568 372 1615 Totam:
392 1589 417 1615 οί
661 1590 850 1625 τοποτηρηταὶ
879 1590 989 1625 Ῥώμης

1078 1579 1169 1615 Legati
1194 1587 1303 1615 quoque
1329 1581 1461 1616 pontificii
1485 1589 1501 1608 a
1518 1581 1616 1608 Photio
1632 1582 1712 1610 donis
1728 1583 1828 1610 blande

201 1633 372 1670 φιλοφρόνως
391 1634 443 1661 ὑπὸ
462 1634 571 1661 ’Φωτίου
591 1635 836 1671 δωροδοκηθέντες,
852 1635 902 1670 τὴν
924 1635 991 1662 Ῥώ-

201 1688 254 1714 μην
270 1679 518 1715 παλινοστήσαντες
536 1680 696 1709 κατέλαϐον,
708 1680 762 1712 Οὓς
781 1681 795 1707 ὁ
810 1681 905 1712 πάπας
926 1682 991 1708 ἁνα-

199 1725 294 1760 κρίνας
326 1725 481 1758 Νικόλαος,
509 1726 559 1753 καὶ
588 1726 622 1753 τὰ
650 1727 721 1754 κατὰ
746 1727 794 1753 τὸν
817 1728 990 1763 πατριάρχην

206 1769 336 1803 Ίγνάτιον
356 1770 530 1807 ὴκριὸωκὼς,
552 1772 599 1798 καὶ
628 1772 660 1798 ὲκ
680 1771 726 1798 τοῦ
748 1772 882 1807 στόματος
901 1774 990 1802 αὐτῶν

199 1815 465 1848 ὐπώίκουςιαὺτοὺς
489 1817 681 1852 πεφωρακὼς,
717 1818 755 1849 ὡς
787 1819 991 1851 ὲπισυστάσεως

199 1860 360 1897 λῃστρικῆς,
378 1862 436 1889 ἀλλ’
454 1863 484 1889 οὺ
504 1863 651 1898 κανονικῆς
665 1865 773 1891 συνόδου
791 1865 990 1899 κατὰρξαντας,

198 1907 320 1941 διηνεκεῖ
333 1907 494 1943 καθαιρέσει
513 1908 559 1934 καὶ
584 1908 801 1945 ἀναθεματισμῷ
815 1910 989 1936 καθυποϐάλ-

199 1951 252 1977 λειο
270 1951 318 1978 καὶ
342 1952 373 1978 οὺ
398 1952 497 1987 μόνους
516 1952 626 1984 αὐτοὺς,
642 1952 711 1979 ἀλλὰ
725 1953 772 1979 καὶ
783 1953 866 1979 αὑτὸν
878 1953 991 1985 Φώτιον,

199 1997 237 2028 ὼς
259 1997 410 2033 ἐπιϐήτορα
434 1998 480 2024 καὶ
507 1998 619 2033 μοιχὸν,
640 1998 839 2034 ἀποκηρύττει,
863 1999 911 2025 καὶ
937 1999 990 2025 ὑπὸ

201 2041 302 2076 συνόδῳ
318 2043 447 2078 κανονικῇ
465 2042 511 2069 καὶ
539 2043 623 2078 ψήφῳ
640 2043 732 2077 πάσης
758 2043 809 2078 τῆς
835 2044 881 2070 ὑπ’
911 2044 991 2070 αὐτὸν

206 2087 371 2121 Ἐκκλησίας
385 2088 582 2123 ἀναθεματίζει
597 2089 644 2115 καὶ
660 2089 797 2124 καθαιρεῖ·
817 2089 894 2126 ορδὲν
910 2089 991 2116 αὑτὸν

199 2131 340 2167 διαφέρειν
360 2133 486 2169 Μαξίμου
507 2133 553 2160 τοῦ
581 2133 702 2160 Κυνικοῦ
718 2154 725 2166 ,
744 2133 851 2169 τοῦ-τῷ
868 2135 991 2169 Θεολόγῳ

201 2171 345 2214 Γρηγορίῳ
379 2180 560 2214 ὲπιφυέντος,
596 2181 643 2207 καὶ
670 2181 719 2216 τὴν
740 2180 902 2215 Ἐκκλησίαν
925 2189 987 2215 συγ-

201 2224 312 2258 χέαντος
327 2244 334 2256 ,
357 2225 576 2261 ἀποφηνάμενος.
604 2226 686 2253 ’Ὀοεν
711 2227 793 2253 αὐτόν
812 2235 853 2258 τε,

202 2269 357 2296 σκανδὶλων
373 2272 469 2304 αἴτιον,
488 2273 534 2298 καὶ
553 2272 615 2302 τοὺς
633 2273 679 2299 ὑπ’
694 2272 776 2299 αὐτού
799 2281 989 2308 κεχειροτονη-

203 2315 312 2349 μένους,
334 2316 371 2346 ὡς
391 2317 546 2351 ὁμόφρονας
563 2318 650 2353 τούτῳ
669 2318 791 2353 δηλονότι
804 2318 991 2349 καθεστῶτας,

202 2361 370 2397 ἀποστολικῇ
387 2363 476 2398 κρίσει
492 2365 525 2399 τῇ
540 2364 609 2399 αὐτῇ
625 2364 771 2395 ὑποϐάλλει
789 2365 931 2400 καταδίκῃ.
954 2365 992 2390 Οὐ

200 2407 281 2434 τοῦτο
310 2408 338 2434 δὲ
363 2411 434 2435 ποιεῖ
451 2409 543 2444 μόνον,
558 2409 626 2437 ἀλλὰ
641 2411 688 2437 καὶ
709 2411 771 2441 τοὺς
791 2410 989 2442 κοινωνοῦντας

202 2453 308 2488 Φωτίῳ,
333 2455 414 2481 αὐτόν
433 2464 463 2482 τε
487 2456 533 2482 τὸν
556 2456 670 2492 βασιλέα
693 2458 738 2483 καὶ
761 2457 809 2490 τὴν
835 2457 880 2483 ὑπ’
910 2457 992 2483 αὑτὸν

1043 1625 1165 1660 corrupti
1177 1624 1291 1652 Romam
1312 1626 1461 1654 redierunt.
1475 1628 1548 1660 Quos
1566 1627 1693 1656 Nicolaus
1709 1629 1830 1663 pontifex

1043 1670 1076 1697 de
1091 1671 1245 1705 patriarcha
1261 1670 1366 1706 lgnatio
1382 1671 1573 1707 interrogatos,
1591 1678 1616 1701 et
1633 1682 1727 1702 severe
1742 1675 1832 1710 inqui-

1043 1717 1122 1749 sitos,
1142 1725 1204 1744 cum
1222 1717 1280 1745 suis
1296 1718 1355 1745 illos
1372 1718 1460 1746 verbis
1473 1725 1567 1754 captos
1581 1721 1754 1754 convieisset,
1772 1721 1834 1749 illos

1043 1762 1148 1790 sicariae
1176 1762 1267 1797 potius
1302 1762 1450 1795 factionis,
1478 1772 1559 1798 quam
1582 1765 1710 1800 legitima:
1737 1766 1834 1801 synodi

1043 1808 1173 1842 praesides
1190 1809 1288 1843 egisse,
1304 1814 1432 1844 perpetua
1447 1812 1672 1838 exauelomtione
1688 1812 1833 1840 damnatos

1043 1855 1217 1882 anathemate
1249 1855 1394 1890 percussit.
1426 1854 1480 1882 Nec
1501 1855 1605 1890 legatos
1637 1860 1756 1888 tantum,
1785 1857 1832 1885 sed

1043 1901 1130 1934 ipsum
1158 1908 1267 1936 quoque
1292 1900 1418 1928 Photium
1452 1907 1598 1937 tyrannum
1619 1906 1646 1929 et
1678 1903 1832 1930 adulterum

1042 1946 1211 1981 pronuntiat,
1227 1951 1253 1974 et
1271 1947 1397 1982 legitima:
1417 1947 1511 1982 synodi
1527 1948 1660 1974 sententia
1677 1949 1761 1975 totius
1782 1948 1833 1975 Ec-

1043 1992 1133 2019 clesia:
1148 2000 1204 2019 suae
1218 1993 1393 2020 anathemate
1413 1993 1475 2019 ferit
1492 1993 1670 2028 deponitque,
1688 1993 1833 2028 ipsumque

1025 2053 1027 2056 ‹
1042 2047 1057 2066 a
1070 2037 1189 2065 Maximi)
1201 2038 1313 2073 Cynico,
1327 2039 1372 2073 qui
1385 2038 1516 2073 Gregorio
1533 2037 1671 2073 Theologo
1684 2039 1831 2071 insultans,

1044 2085 1192 2112 Ecclesium
1208 2085 1296 2112 turbis
1311 2085 1439 2112 omnibus
1457 2084 1625 2119 permiscuit,
1639 2085 1706 2112 nihil
1721 2085 1832 2113 ditIcrrc

1042 2131 1173 2158 declarat.
1193 2131 1283 2164 Quare
1300 2131 1376 2157 illiilli
1390 2151 1397 2164 ,
1417 2135 1446 2157 ut
1461 2131 1653 2157 scandalorum
1677 2136 1830 2163 auctorem,

1042 2182 1068 2205 el
1083 2178 1117 2205 ab
1130 2177 1176 2204 illo
1196 2181 1385 2208 consecratos,
1402 2177 1549 2211 apostolica
1562 2177 1735 2208 auctoritate,
1747 2178 1830 2205 veluti

881 2227 918 2258 ὡς
935 2227 989 2253 τῶν
1006 2233 1028 2260 ι)
1042 2224 1211 2259 conjuratos,
1226 2223 1313 2250 cidem
1333 2224 1476 2250 sementim
1493 2223 1615 2258 subjicit.
1632 2223 1688 2251 Nec
1705 2224 1746 2251 his
1764 2232 1831 2253 ron-

1043 2275 1145 2302 tentus,
1162 2271 1282 2298 asscclas
1300 2270 1384 2303 illius,
1404 2271 1548 2305 ipsumque
1564 2271 1755 2306 imperatorem
1767 2279 1829 2298 cum

1043 2322 1137 2345 senatu
1155 2317 1215 2352 ejus
1239 2318 1313 2344 onmi
1336 2325 1385 2352 per
1405 2318 1509 2345 litteras
1526 2327 1539 2344 a
1557 2323 1629 2345 emtu
1646 2318 1766 2345 fidelium
1783 2326 1831 2346 ex-

1043 2364 1137 2392 cludit.
1152 2363 1218 2398 Qua:
1238 2363 1367 2391 Nicolaus
1383 2372 1445 2391 cum
1466 2363 1559 2391 divino
1574 2364 1632 2391 zelo
1645 2363 1832 2393 inflammatus

1043 2410 1165 2445 egisset,
1193 2409 1379 2444 a‘quissimam
1409 2409 1505 2444 judicii
1532 2409 1575 2436 sui
1605 2409 1770 2437 sententiam
1797 2409 1832 2437 ad

1045 2455 1164 2484 Orientis
1182 2457 1350 2491 patriam-has
1364 2456 1526 2482 transmisit.

203 2500 341 2527 ’πολιτείαν
364 2503 454 2528 πᾶσαν
475 2503 509 2529 δι’
528 2503 678 2530 ἐπιστολῶν
700 2504 838 2539 ἀφορίζει.
853 2504 945 2531 Ταῦτα
962 2505 990 2531 δὲ
1010 2504 1053 2540 ζὴ)
1061 2513 1083 2539 ῳ
1099 2504 1163 2539 θείῳ
1177 2506 1189 2531 ὁ
1204 2504 1335 2536 Νικόλαος
1351 2503 1608 2540 καταπραξάμενος,
1620 2504 1667 2530 καὶ
1699 2505 1755 2536 τοῖς
1783 2503 1832 2539 τῆς

209 2546 356 2581 ’Λνατολῆς
371 2548 556 2583 πατριάρχαις
569 2549 617 2583 τὴν
637 2549 769 2584 ἔνθεσμον
784 2549 874 2585 κρίσιν
887 2548 990 2584 ταύτην
1009 2549 1189 2584 διεπέμψατο.

239 2592 308 2618 Κατ’
322 2593 429 2624 ὲκείνας
445 2594 473 2620 δὲ
487 2595 535 2626 τὰς
547 2596 652 2630 ἡμέρας
669 2596 717 2623 καὶ
733 2596 897 2631 ἐμπρησμὸς
908 2595 994 2631 μέγας

204 2639 306 2673 σφόδρα
335 2640 375 2671 εἰς
393 2640 442 2671 τὰς
470 2641 570 2675 Σοφίας
588 2642 743 2676 γενόμενος,
769 2642 910 2677 ἀμύθητον
927 2643 993 2677 ὅσην

203 2685 381 2720 καταφθορὰν
398 2686 446 2712 καὶ
475 2687 564 2722 λύμην
581 2689 637 2720 τοῖς
658 2689 850 2723 προσοικοῦσιν
868 2690 993 2723 ἐνειργά-

203 2739 279 2758 σατο.
295 2731 378 2758 Οὐδὲν
389 2732 417 2758 δὲ
431 2732 534 2759 τούτων
546 2735 585 2764 είς
602 2734 759 2770 μετάμελον,
782 2732 834 2770 ἦγε
848 2737 911 2766 τους
926 2735 990 2761 ἀνο-

203 2778 265 2812 μεῖν
284 2778 478 2812 διεγνωκότας*
504 2779 604 2815 μᾶλλον
622 2780 671 2816 μὲν
695 2781 752 2815 οὖν,
767 2781 837 2809 κατὰ
855 2781 904 2809 τίεν
923 2782 991 2808 dm-

251 2869 263 2885 ‘
276 2869 371 2898 Matth.
394 2879 420 2904 x,
437 2870 483 2898 23.

1081 2596 1132 2624 Per
1148 2596 1218 2624 idem
1239 2595 1295 2623 fere
1312 2600 1419 2630 tempus
1440 2595 1535 2631 ingens
1558 2596 1584 2623 in
1601 2596 1706 2624 ardibus
1724 2595 1832 2631 Sophim

1021 2671 1033 2679 ε
1046 2643 1202 2670 incendium
1227 2643 1342 2675 exstitit,
1363 2651 1412 2670 nec
1428 2647 1561 2678 quantutn
1578 2643 1673 2670 vicinis
1690 2643 1831 2670 calamita-

1045 2693 1111 2720 tem,
1125 2696 1312 2724 quantumque
1335 2689 1448 2716 exiliunt
1466 2689 1596 2721 attulerit,
1612 2689 1726 2716 dicendo
1744 2688 1832 2723 expli-

1044 2735 1100 2762 cari
1115 2739 1211 2769 potest.
1229 2734 1295 2767 Quae
1311 2738 1402 2761 tamen
1419 2741 1460 2761 res
1477 2742 1525 2762 eos
1542 2735 1588 2769 qui
1608 2741 1734 2769 perverse
1750 2740 1831 2768 agere

1045 2781 1233 2814 decreverant,
1260 2780 1292 2808 ad
1318 2780 1459 2809 meliorem
1477 2785 1595 2808 tuentem
1622 2788 1676 2808 non
1700 2779 1830 2812 reduxit;
