2092 3156
265 137 316 170 527

855 146 1002 177 ΝΙΟΕΤίΕ
1017 147 1281 178 PAPHLAGONIS

1838 152 1892 185 528

263 196 309 223 sed
329 203 360 223 ex
382 197 532 232 apostolico
557 199 683 233 oraculo,
707 201 736 228 in
761 202 835 237 pejus
859 203 1046 238 proﬁciebant,

1107 204 1233 240 στολικὴν
1245 204 1416 240 πρόρρησιν,
1438 204 1503 232 Ἐπί
1523 206 1555 232 τὸ
1574 205 1675 241 χεῖρον
1693 207 1892 240 προέκοπτον,

262 247 390 276 errantes,
407 249 432 270 et
444 245 471 271 in
485 253 599 272 errarent
615 248 746 274 mittentes
766 249 786 275 ‘.

298 288 400 317 Bardas
414 290 488 317 enim
510 291 654 326 imperium
678 293 818 327 atTectans,
832 294 951 329 primum
970 302 1050 322 curo-

262 334 375 367 palates.
392 343 454 362 mox
466 336 557 364 Caesar
573 339 756 373 renuntiatus,
771 340 956 375 imperatoris,
971 349 1050 369 soro-

262 379 300 406 ris
313 379 373 413 tilii,
389 381 502 408 stultitia
520 382 691 416 abutebatur,
711 384 885 420 seipsumque
900 386 989 414 omnis
1010 387 1050 413 in-

257 427 445 460 temperantia:
463 427 610 462 effusaeque
636 429 759 458 libidinis
795 432 961 466 mancipium
989 440 1052 468 pro-

260 470 348 498 debat.
377 471 490 499 Michael
519 481 584 501 vero
614 475 709 502 animo
723 476 892 510 juvenilibus
906 478 1051 505 desideriis

259 521 400 551 cerrupto,
417 526 472 545 rem
489 519 608 547 divinant
625 529 673 556 pro
688 521 778 549 fabula
799 531 848 550 seu
867 523 986 551 ludibrio
1001 525 1050 551 du-

259 563 355 596 cebat,
373 564 520 592 ludibrium
548 566 605 601 ipse
626 567 715 595 factus
744 569 835 596 omnis
866 569 998 597 foeditatis
1023 575 1050 597 et

258 610 374 643 peccati,
398 610 537 646 ipsiusque
563 614 666 647 peccati
687 614 782 648 patris.
803 613 908 642 Etenim
935 615 1051 642 homun-

258 655 351 682 eiones
365 656 498 690 quosdam
524 657 726 693 impurissimos
746 664 773 687 et
788 660 1009 695 profanissimos,
1023 666 1051 688 et

258 708 377 734 scurras,
399 702 483 729 divini
500 704 609 738 quidem
635 704 752 739 Spiritus
765 706 940 741 ctelcstisque
955 708 1050 741 gratiae

258 747 370 775 omnino
395 754 530 783 expertes,
555 751 738 787 pessimisque
780 752 913 780 dazmonis
941 753 1047 781 artibus

258 791 498 826 instructissimos,
515 795 648 830 sacrilege
671 796 899 832 impudenterque
920 798 1049 825 sacerdo-

261 840 303 864 tes
321 841 347 864 et
361 838 496 866 antistites
519 840 552 867 ad
570 840 697 868 Ecclesiae
715 841 856 876 profanam
873 842 1049 870 imitationem

1104 249 1279 283 πλανῶντες
1293 250 1343 277 καὶ
1357 250 1556 285 πλανώμενοι.

1140 295 1246 330 Βάρδας
1263 295 1312 329 μὲν
1327 295 1382 330 γὰρ
1398 295 1441 329 ἐφ’
1453 295 1548 322 ἑαυτὸν
1565 296 1614 331 τὴν
1632 295 1792 332 Ῥωμαϊκὴν
1804 297 1892 334 ἀρχὴν

1103 339 1330 375 ὑποποιούμενος,
1350 339 1460 375 πρῶτον
1489 340 1539 375 μὲν
1571 341 1791 376 κουροπαλάτης,
1822 343 1892 377 μετὰ

1104 386 1200 420 μικρὸν
1224 386 1251 412 δέ
1278 386 1387 421 Καῖσαρ
1413 386 1615 422 ἀναγορευθεὶς,
1631 387 1680 421 τῆς
1707 387 1754 413 τοῦ
1779 388 1890 423 ἀνεψιοῦ

1102 431 1230 467 εὐηθείας
1252 431 1421 467 κατετρύφα,
1438 432 1521 464 αὐτὸς
1540 433 1675 467 ἀκρασίας
1689 441 1719 459 τε
1734 434 1825 468 πάσης
1844 435 1891 460 καὶ

1102 476 1191 512 πάσης
1205 476 1301 512 ἡδονῆς
1316 476 1447 510 ἀσελγοῦς
1463 476 1628 512 ἀνδράποδον
1648 477 1888 513 ἀποδεικνύμενος·

1101 523 1114 548 ὁ
1131 523 1241 557 Μιχαὴλ
1252 522 1279 548 δὲ
1295 523 1472 558 νεωτερικαῖς
1490 522 1648 557 ἐπιθυμίαις
1664 523 1724 554 ὃλος
1740 523 1891 559 κατεφθαρ-

1102 567 1182 601 μένος
1200 568 1245 594 τὸν
1262 567 1336 601 νοῦν,
1355 568 1480 602 παίγνιον
1501 567 1578 593 ἔθετο
1601 568 1636 593 τὰ
1656 568 1734 599 θεῖα,
1763 569 1890 601 παίγνιον

1102 611 1183 642 αὐτὸς
1211 612 1345 647 ἀκρασίας
1367 620 1397 638 τε
1419 612 1509 647 πάσης
1536 612 1582 638 καὶ
1608 612 1753 648 ἁμαρτίας.
1778 614 1890 640 καὶτοῦ

1099 659 1149 693 τῆς
1169 659 1307 694 ἁμαρτίας
1324 659 1508 694 γεγενημένου
1529 659 1647 694 πατρός,-⁸
1667 659 1714 685 καὶ
1733 659 1765 694 δὴ
1782 668 1888 694 μιαρω-

1099 704 1197 734 τάτους
1213 704 1288 734 τινὰς
1307 704 1527 738 ἀνθρωπίσκους,
1546 704 1594 730 καὶ
1615 703 1824 739 βεϐηλοτάτους,
1842 706 1889 732 κα)⁹

1099 749 1282 785 εὐτραπέλους
1301 749 1493 783 ἐκλεξάμενος,
1513 750 1643 785 ἀμοίρους
1658 750 1708 785 μὲν
1725 750 1803 785 ἁγίου
1821 760 1889 778 παν-

1100 794 1203 821 τάπασι
1223 795 1391 828 Πνεύματος,
1409 794 1456 821 τοῦ
1479 795 1600 822 ἐναντίου
1623 795 1650 821 δέ
1673 796 1826 831 πνεύματος
1839 798 1889 830 τῆς

1100 840 1240 875 ἐνεργείας
1252 840 1473 876 πεπλησμένους,
1499 841 1655 873 ἀνευλαόὦς
1672 851 1701 869 τε
1720 842 1767 868 καὶ
1782 843 1889 878 ἀπηρν-

261 881 485 912 detinentissimus
516 886 704 918 consecravit,
732 886 839 922 illisque
869 887 1046 922 Theophilum

1101 885 1253 920 θριακότως
1278 887 1360 922 ἱερεῖς
1381 887 1431 914 καὶ
1448 887 1588 922 ἀρχιερεῖς
1602 887 1673 914 κατά
1693 887 1743 923 τὴν
1759 888 1808 923 τῆς
1826 888 1889 915 Ἐκ-

257 928 404 962 quemdam
431 931 698 965 protospalharium,
726 940 850 960 scurram
875 938 902 961 et
923 934 1049 968 mimum,

258 974 383 1009 interque
414 976 543 1010 profanos
583 977 832 1012 profanissimum,
866 980 1048 1015 patriarcham

258 1019 389 1053 praefecit,
411 1021 496 1049 risum
524 1023 575 1049 sibi
597 1029 623 1050 et
639 1025 802 1052 cachinnum
829 1026 983 1061 improbum
1000 1027 1048 1055 de-

259 1066 400 1094 testandth
423 1071 449 1094 et
463 1067 629 1097 deridendus
643 1071 805 1105 quaeritans.
826 1073 879 1100 Per
896 1081 957 1108 quae
973 1074 1049 1101 obla-

259 1110 326 1138 tioni
342 1117 442 1140 sancta:
456 1113 536 1141 [iebat
552 1115 662 1150 injuria,
681 1124 780 1145 nomen
803 1125 867 1146 vero
884 1118 930 1145 Dei
948 1123 1047 1146 contu.

258 1157 347 1185 meliis
366 1158 492 1187 all'cctuin
505 1161 576 1188 inter
595 1166 689 1197 gentes
708 1163 960 1199 blasphemabatur.

295 1291 348 1319 Sed
367 1291 480 1320 Michael
497 1297 638 1329 tantopere
662 1295 775 1323 infamia
797 1296 848 1324 hac
863 1297 1044 1332 gloriabatur,

262 1336 303 1364 uti
321 1344 371 1364 nec
390 1337 497 1372 publice
514 1340 622 1374 quidem
649 1341 706 1368 haec
725 1341 899 1369 erubesceret
912 1342 1019 1377 jactare
1036 1350 1044 1369 :

204 1380 208 1384 ’
259 1382 321 1410 Mihi
336 1382 514 1418 Theophilus,
526 1385 628 1413 CmSari
644 1386 768 1421 Photius,
785 1388 949 1417 Christianis
966 1389 1045 1424 Igna-

1101 931 1215 964 κλησίας
1235 933 1320 967 ἐναγῆ
1346 932 1463 968 μίμησιν
1485 933 1499 958 ὁ
1518 932 1683 965 ἀνθύπατος
1712 934 1886 969 ἐχειροτόνει·

1100 977 1147 1003 καὶ
1164 978 1193 1003 ἐν
1206 977 1299 1008 αὐτοῖς
1314 977 1443 1012 Θεόφιλόν
1456 986 1517 1005 τινα
1530 978 1786 1014 πρωτοσπαθάριον,
1802 980 1886 1015 ἄνδρα

1099 1023 1280 1057 γελωτοποιὸν
1298 1024 1345 1050 καὶ
1368 1025 1462 1059 μῖμον,
1477 1024 1525 1051 καὶ
1545 1024 1653 1051 πάντων
1669 1025 1774 1059 ἐναγῶν
1790 1025 1887 1059 ἐναγέ-

1100 1078 1206 1101 στατον,
1237 1070 1413 1105 πατριάρχην
1438 1070 1483 1096 ἐπ’
1508 1070 1623 1102 ἐκείνοις
1646 1070 1886 1105 προχειριζόμενος

1098 1116 1249 1151 ὠνόμαζεν,
1267 1116 1374 1151 γέλωτα
1390 1116 1480 1152 ἐαυτῷ
1495 1117 1541 1144 καὶ
1566 1117 1728 1152 καγχασμὺν
1745 1118 1846 1153 ἀσελγῆ
1871 1118 1888 1144 ὁ

1098 1162 1287 1193 κατάπτυστος
1310 1162 1582 1197 κατασκευαζόμενος
1601 1163 1649 1190 καὶ
1670 1163 1884 1197 καταγέλαστος·

1096 1208 1130 1235 δί’
1148 1205 1185 1235 ὦν
1200 1208 1325 1243 ὑϐρίζετο
1352 1209 1401 1244 μέν
1416 1210 1432 1244 ἡ
1452 1209 1519 1243 ἁγία
1541 1209 1694 1249 προσφορὰ,
1716 1209 1841 1245 ὑϐρίζετο
1857 1209 1886 1236 δὲ

1097 1254 1142 1280 καὶ
1167 1253 1371 1288 ἐϐλασφημεῖτο
1389 1255 1445 1285 τοῖς
1462 1253 1550 1280 ἔθνεσι
1566 1254 1598 1280 τὸ
1611 1254 1696 1290 ονομα
1710 1254 1757 1281 τοῦ
1769 1253 1847 1281 Θεοῦ.

1138 1301 1200 1328 Ἐπὶ
1215 1300 1341 1327 τοσοῦτον
1354 1301 1381 1327 δὲ
1393 1302 1425 1336 τῇ
1440 1300 1583 1336 ἀλογιστία
1592 1301 1727 1336 ὲνετρύφα
1739 1300 1825 1336 ταύτῃ
1838 1301 1886 1327 καὶ

1096 1345 1338 1379 ἐνεκαλλωπίζετο,
1363 1346 1432 1373 ὥστε
1450 1347 1516 1382 μηδὲ
1536 1347 1614 1373 τοῦτο
1638 1346 1780 1382 παρρησίᾳ
1794 1346 1885 1380 λέγειν

1100 1391 1290 1426 αἰσχύνεσθαι,
1306 1392 1348 1419 ὅτι
1365 1392 1441 1426 Ἐμοὶ
1460 1392 1509 1427 μὲν
1526 1392 1699 1427 πατριάρχης
1716 1392 1729 1418 ὁ
1743 1391 1886 1425 Θεόφιλος,

262 1429 315 1456 tius
332 1435 373 1456 est
393 1431 557 1464 patriarcha.
577 1433 604 1459 ln
627 1433 679 1461 hoc
707 1436 868 1462 amentiame
889 1436 990 1468 dicam,
1009 1444 1043 1463 an

1096 1439 1110 1464 ὸ
1131 1437 1233 1469 Φώτιος
1257 1437 1285 1464 δὲ
1313 1437 1353 1472 τῷ
1374 1437 1515 1472 Καίσαρι,
1539 1437 1585 1464 καὶ
1604 1438 1659 1468 τοῖς
1676 1437 1849 1472 Χριστιανοῐς
1870 1438 1887 1462 ὁ

257 1474 403 1509 impietatis
418 1477 519 1511 potius,
547 1479 655 1505 tandem
672 1479 756 1507 chaos
773 1487 815 1508 est
830 1481 993 1509 devolutus?
1007 1481 1043 1508 ita

1103 1484 1235 1518 Ἰγνάτιος
1253 1483 1439 1518 καθέστηκεν·
1456 1484 1496 1515 είς
1518 1482 1677 1517 τηλικοῦτον
1696 1482 1776 1509 αὑτὸν
1801 1482 1886 1517 ἀφρο-

255 1519 405 1554 sacrilegus
421 1521 464 1548 ille
479 1529 585 1554 scurra.
609 1528 639 1549 ut
653 1524 720 1556 dixi,
736 1523 914 1560 Theophilus,
934 1531 1040 1553 exserta

1100 1529 1181 1564 σύνης
1197 1529 1295 1564 μᾶλλον
1313 1529 1329 1564 ἢ
1349 1529 1477 1564 ἀσεβείας
1498 1528 1697 1563 κατενεχθῆναι
1721 1527 1828 1563 βόθρον.
1851 1528 1882 1554 Ὀ

256 1573 304 1592 sua
319 1565 469 1599 petulantia
493 1567 570 1594 aulas
583 1568 706 1595 lambens
728 1570 829 1604 regias,
846 1570 969 1598 nefandis
986 1578 1044 1598 sce-

1098 1561 1167 1613 pév—
1187 1561 1233 1604 οὖν
1256 1561 1403 1612 εἰρημένος
1440 1561 1727 1611 βωμολόχοςῂὲιιεῖνος
1757 1561 1886 1609 omne;

257 1610 369 1644 leribus,
388 1612 500 1639 lascivia
519 1617 549 1640 et
571 1613 688 1647 facetiis,
713 1616 871 1649 turpissima
894 1617 1046 1644 imitatione

1096 1610 1168 1648 ὀῦτω
1182 1610 1328 1656 παρρησία
1353 1614 1412 1652 ταῖς
1439 1610 1584 1656 βασιλείοις
1610 1620 1749 1655 κωμάζων
1778 1619 1887 1651 αὐλαῖς,

256 1662 304 1688 per
331 1659 517 1691 contemptum
547 1665 640 1684 rerum
676 1659 841 1694 divinarum,
863 1663 992 1697 mysteria
1017 1666 1044 1689 et

256 1705 428 1728 sacramenta
444 1703 602 1730 traducebat
624 1708 650 1731 ct
666 1705 815 1739 illudehat;
835 1707 908 1741 quod
927 1714 960 1734 ne
973 1715 1040 1742 gen-

257 1750 296 1773 tes
316 1746 423 1780 quidem
446 1749 573 1782 quamvis
590 1749 679 1784 impize
703 1758 779 1778 ausae
794 1756 859 1779 sunt
883 1752 1042 1787 aliquando.

257 1791 323 1824 Qua:
335 1791 450 1819 Photius
474 1801 536 1820 cum
554 1802 644 1822 coram
665 1802 694 1823 se
709 1796 766 1831 geri
779 1802 912 1830 cerneret,
927 1806 984 1825 rem
1001 1798 1044 1825 in-

256 1836 442 1871 dignissimam
469 1845 518 1865 nec
546 1840 737 1874 reprehendit,
759 1849 808 1869 nec
825 1843 925 1869 restitit
945 1843 1042 1878 impie-

255 1881 315 1913 tati,
339 1889 438 1916 neque,
454 1884 525 1918 quod
554 1892 598 1911 res
629 1885 721 1913 divina
748 1887 866 1914 ludibrio
886 1887 1043 1921 haberetur,

257 1928 370 1954 verbum
385 1928 472 1955 ullum
498 1933 594 1957 contra
618 1938 665 1958 seu
689 1939 770 1966 grave
794 1940 842 1960 seu
865 1933 924 1960 leve
946 1933 1040 1961 edidit.

255 1971 332 2005 Quod
353 1973 451 2000 mirum
472 1975 558 2002 videri
581 1983 633 2003 non
655 1976 734 2004 debet
751 1985 758 2003 :
774 1982 833 2005 erat
847 1979 919 2005 enim
936 1986 1042 2006 merce-

255 2017 349 2045 narius
363 2018 458 2053 opilio,
475 2027 528 2047 non
547 2027 694 2055 germanus
717 2027 811 2056 pastor
831 2031 839 2049 :
861 2023 989 2057 quocirca
1005 2023 1043 2050 illi

256 2062 289 2090 de
309 2068 440 2097 pereunte
453 2072 534 2099 grege
548 2073 614 2092 cura
634 2066 720 2093 nulla.
737 2067 777 2094 Ad
792 2067 850 2094 haec
865 2067 919 2095 duo
938 2072 1042 2095 tantum

255 2111 311 2134 toto
327 2112 436 2141 pectore
462 2109 581 2137 intentus
601 2119 608 2137 :
625 2111 740 2138 alterum
770 2115 798 2139 ut
826 2112 858 2139 iis
881 2112 927 2146 qui
952 2119 1043 2139 rerum

254 2153 336 2187 potiri
353 2153 531 2188 videbantur,
548 2155 722 2189 blandiendo,
749 2157 893 2191 modisque
915 2157 1043 2185 omnibus

254 2198 435 2232 graliticando
449 2205 477 2226 et.
495 2200 681 2235 obSequendo,
700 2202 912 2236 patriarchatum
929 2203 980 2230 sibi
996 2203 1043 2230 tir-
1058 2228 1080 2256 υ

255 2249 341 2271 maret
360 2252 366 2270 :
383 2245 509 2277 alterum,
535 2250 565 2273 ut
580 2246 725 2281 lgnatium,
747 2248 770 2275 si
792 2256 847 2283 qua
866 2248 972 2276 ratione
985 2249 1042 2276 ﬁeri

255 2292 360 2323 posset,
378 2290 462 2316 etiam
485 2291 541 2318 vita
557 2297 679 2319 exueret.
700 2294 789 2328 Atque
805 2293 863 2321 haec
887 2294 924 2321 ita
949 2301 978 2321 se
993 2294 1042 2322 ha-

256 2335 330 2368 bere,
348 2344 403 2363 non
417 2344 478 2364 esse
497 2342 587 2365 autem
608 2339 691 2366 verba
704 2340 807 2373 inania,
827 2339 897 2367 facta
913 2340 971 2375 ipsa
986 2341 1042 2368 cla.

256 2385 341 2410 mam.
360 2381 460 2417 Ecquis
474 2384 546 2410 enim
573 2385 678 2413 technis
699 2386 771 2413 illius
786 2386 897 2420 auditis,
922 2392 1041 2415 atrocem

256 2428 376 2455 animum
405 2437 458 2456 non
477 2429 548 2457 illico
567 2432 728 2466 perspexit?
754 2431 821 2460 Nam
845 2433 889 2460 die
915 2434 1042 2468 quapiam

256 2474 359 2501 advena
373 2475 485 2509 quidam
513 2477 588 2510 prius
614 2478 723 2512 ignotus
749 2479 887 2512 omnibus,
913 2479 1041 2506 monachi

256 2520 349 2547 habitu
371 2520 493 2555 indutus,
509 2522 664 2550 Eustratius
688 2523 807 2556 nomine,
832 2529 905 2551 recta
930 2524 963 2550 ad
993 2532 1042 2558 pa—

255 2564 415 2591 triarchium
431 2566 603 2601 properabat,
629 2567 822 2603 ingressusque
846 2568 924 2596 binas
938 2569 1042 2596 litteras

255 2610 332 2636 lictas
360 2610 449 2644 palam
475 2617 614 2646 promptas
642 2614 813 2649 porrigebat;
842 2622 911 2650 quas
930 2615 1040 2649 quidem

253 2655 472 2691 sapientissimus
496 2657 547 2685 iste
560 2657 674 2686 Photius
694 2667 742 2694 per
751 2660 845 2687 dolum
860 2661 1038 2696 excogitarat,

255 2707 283 2729 ut
299 2703 469 2737 postmodum
484 2704 628 2733 manifeste
642 2707 729 2741 patuit
744 2715 750 2733 :
769 2707 868 2735 alteras
880 2707 976 2743 lgnatii
991 2715 1040 2734 no-

254 2748 327 2777 minc
342 2749 375 2777 ad
388 2749 529 2778 Nicolaum
551 2754 707 2787 pontiﬁcem
721 2754 812 2789 datas,
825 2755 924 2791 quibus
938 2760 1040 2784 statum

307 2841 317 2856 ⁸
333 2840 353 2866 ll
371 2840 443 2868 Tim.
456 2849 496 2874 ιιι,
514 2842 558 2869 15.

1095 1666 1302 1702 ἀρρητοποιίαις
1333 1674 1363 1692 τε
1398 1665 1519 1697 πάσαις,
1554 1665 1599 1692 κα)
1636 1665 1811 1699 ἀσελγείαις,
1839 1664 1888 1690 καὶ

1093 1711 1303 1746 εὐτραπελίαις,
1329 1711 1363 1737 δι’
1388 1711 1532 1746 αἰσχίστης
1564 1711 1707 1746 μιμήσεως
1731 1710 1785 1737 τῶν
1803 1709 1884 1745 ἱερῶν

1096 1758 1253 1793 μυστηρίων
1279 1758 1448 1792 κατωρχεῖτο
1473 1756 1544 1792 [καὶ]
1569 1755 1720 1788 κατέπαιζε
1734 1764 1742 1771 ·
1764 1756 1883 1792 πρᾶγμα

1096 1801 1164 1836 μηδέ
1180 1803 1233 1833 τοῖς
1249 1801 1441 1832 ἀσεϐεστάτοις
1464 1802 1518 1828 τῶν
1535 1801 1668 1836 Ἑλλήνων
1687 1801 1798 1827 πώποτε
1823 1800 1886 1827 τολ-

1096 1847 1192 1882 μηθὲν.
1221 1847 1250 1873 Ὀ
1265 1846 1367 1878 Φώτιος
1381 1847 1410 1873 δὲ
1422 1847 1526 1874 τούτων
1541 1846 1738 1882 τολμωμένων,
1756 1845 1803 1873 καὶ
1818 1845 1884 1881 ξκατ¹

1094 1891 1252 1927 ὀφθαλμοὺς
1275 1891 1357 1918 αὑτοῦ
1376 1892 1581 1927 πραττομένων,
1608 1892 1657 1918 οὐκ
1675 1890 1772 1926 ἡλεγξε
1788 1890 1820 1917 τὺ
1836 1890 1885 1917 τοῦ

1093 1937 1310 1972 ἐπιτηδεύματος
1325 1937 1437 1968 ἄτοπον.
1454 1937 1504 1964 οὐκ
1524 1937 1640 1972 ἀντέστη
1664 1938 1698 1972 τῇ
1715 1936 1883 1972 παρανομίᾳ,

1093 1984 1123 2010 οὺ
1155 1984 1278 2019 μικρὰν,
1305 1983 1335 2010 οὐ
1370 1983 1493 2018 μεγάλην
1522 1982 1593 2018 ὑπὲρ
1616 1982 1670 2009 τῶν
1695 1982 1885 2018 ὑϐριζομένων

1094 2029 1174 2056 θείων
1189 2029 1289 2065 ὀργίων
1310 2029 1399 2064 ἀφῆκε
1416 2029 1518 2064 φωνήν.
1535 2029 1591 2055 Καὶ
1609 2029 1640 2055 οὐ
1667 2029 1835 2064 θαυμαστόν·
1850 2027 1885 2063 ἦν

1093 2075 1148 2110 γὰρ
1164 2075 1309 2110 μισθωτὸς.
1327 2076 1373 2102 καὶ
1393 2075 1423 2102 οὐ
1451 2075 1564 2110 ποιμήν·
1592 2075 1632 2101 διὸ
1654 2075 1769 2110 οὐδεμία
1794 2075 1882 2109 τούτῳ

1094 2120 1231 2154 περὶτῶν
1254 2119 1449 2155 ἀπολλυμένων
1470 2119 1614 2155 προϐάτων
1632 2119 1737 2153 ἐγίνετο
1762 2119 1885 2154 φροντίς.

1094 2166 1167 2201 Πρὶς
1200 2165 1247 2192 δύο
1275 2166 1303 2192 δὲ
1335 2166 1415 2201 μόνον
1441 2165 1509 2197 ὅλως
1543 2164 1618 2200 αὐτῷ
1650 2164 1811 2191 συνετέτατο
1831 2166 1883 2199 τῆς

1094 2211 1182 2246 ψυχῆς
1199 2211 1213 2236 ὁ
1234 2211 1333 2242 σκοπός
1343 2219 1351 2227 ·
1367 2211 1396 2236 ἓν
1414 2210 1474 2245 μὲν,
1490 2210 1565 2241 ὅπως
1581 2210 1616 2236 τὰ
1631 2210 1719 2236 πάντα
1732 2209 1880 2244 χαριζόμε-

1094 2265 1137 2288 νος
1153 2258 1209 2288 τοῖς
1232 2256 1341 2291 κρατεῖν
1367 2255 1486 2287 δοκοῦσι,
1503 2255 1533 2281 τὸ
1546 2255 1596 2289 τῆς
1614 2255 1800 2291 πατριαρχίας
1816 2255 1884 2290 κρά-

1092 2310 1138 2333 τος
1156 2302 1268 2337 μόνιμον
1287 2301 1375 2336 ἐαυτῷ
1394 2301 1521 2336 διατηρῇ’
1539 2300 1666 2336 δεύτερον
1682 2301 1710 2327 δὲ
1721 2321 1728 2334 ,
1746 2301 1819 2333 ὅπως
1835 2301 1883 2328 καὶ

1093 2347 1178 2382 αὐτῆς
1202 2347 1389 2381 ἀποστερήσαι
1414 2346 1460 2372 τὸν
1491 2345 1633 2380 Ἰγνάτιον,
1655 2347 1679 2373 εἰ
1695 2347 1816 2379 δυνατὸν,
1832 2346 1883 2380 τῆς

1093 2391 1177 2425 ζωῆς.
1199 2391 1254 2417 Καὶ
1273 2391 1314 2417 ὅτι
1338 2390 1426 2425 ἀληθῆ
1457 2390 1558 2423 ταῦτα,
1574 2391 1622 2418 καὶ
1650 2392 1680 2418 οὐ
1705 2391 1781 2426 λόγοι
1796 2392 1880 2423 κενοὶ,

1093 2437 1164 2463 αὺτά
1186 2436 1236 2471 βοᾷ
1250 2436 1283 2462 τὰ
1298 2437 1459 2471 πράγματα.
1477 2437 1525 2468 Τίς
1542 2437 1597 2472 γὰρ
1615 2436 1736 2469 ἀκούσας
1749 2438 1837 2464 ἐκεῖνο
1852 2437 1884 2462 τὸ

1094 2482 1273 2518 σκευώρημα,
1294 2483 1325 2508 οὺ
1356 2482 1405 2518 τὴν
1429 2482 1544 2518 φονικὴν
1565 2483 1688 2518 παρευθὺ
1716 2482 1763 2509 τοῦ
1784 2482 1880 2517 ἀνδρὸς

1093 2528 1201 2562 ἐπέγνω
1227 2527 1408 2563 προαίρεσιν;
1435 2528 1490 2554 Καὶ
1511 2528 1563 2563 γὰρ
1585 2528 1613 2553 ἐν
1635 2528 1684 2562 μιᾷ
1704 2527 1757 2554 τῶν
1771 2527 1884 2562 ἡμερῶν

1095 2573 1168 2605 ξένος
1192 2581 1232 2604 τις
1263 2573 1405 2608 ἄνθρωπος
1436 2573 1516 2608 ἄχρις
1546 2573 1652 2599 ἐκείνου
1679 2573 1746 2607 πρὸς
1772 2573 1882 2599 πάντων

1092 2619 1285 2654 ἀγνοούμενος,
1303 2619 1396 2654 σχῆμα
1418 2618 1446 2644 δὲ
1464 2618 1582 2654 μοναχοῦ
1609 2618 1812 2652 περικείμενος,
1828 2617 1881 2643 Εὑ-

1092 2668 1218 2702 στράτιος
1237 2666 1265 2693 δέ
1280 2666 1457 2701 καλούμενος,
1474 2666 1520 2692 τὸν
1538 2665 1736 2700 πατριαρχικὸν
1749 2664 1881 2698 ἐξαπίνης

1091 2711 1165 2740 οἷκον
1191 2713 1301 2745 ἐπιῆἀς,
1325 2713 1371 2739 καὶ
1395 2711 1534 2743 εἰσελθὼν,
1551 2711 1597 2738 δύο
1613 2709 1880 2746 πλασματογραφίας

1091 2757 1206 2785 ἐνώπιον
1228 2758 1336 2785 πάντων
1357 2757 1537 2792 ἀποκαλύψας
1557 2757 1680 2785 ἐπεδίδου
1705 2757 1749 2793 (ἃς
1771 2757 1850 2788 αὐτὸς
1867 2757 1880 2783 ὁ
