2092 3156
199 188 250 221 529

729 197 817 227 VITA
836 197 866 228 S.
888 197 1037 228 IGNATII
1058 197 1111 228 ΟΡ.
1132 198 1306 229 ARCHIEP.

1774 202 1826 234 53η

198 247 353 280 σοφώτατος
369 247 482 282 Φὼτιος,
506 250 544 282 ὡς
564 252 648 286 σαφὲς
671 252 787 289 ὕστερον
810 254 932 288 ἐγένετο,
949 255 981 281 δο

1041 255 1244 289 patriarchatus
1265 256 1498 292 sui_immutatum
1511 279 1517 290 ,
1538 263 1564 286 et
1580 259 1694 295 injurias
1710 261 1829 296 impera-

197 294 356 328 λιευόμενος
374 295 589 332 κατεσκεύαστο)
603 306 610 313 ·
629 299 696 332 μίαν
720 300 770 334 μὲν
787 301 819 327 ἐκ
842 301 988 336 προσώπου

195 340 243 367 τοῦ
265 341 398 375 Ἰγνατίου
416 342 483 377 πρὸς
499 343 635 371 Νικόλαον
654 345 699 372 τὸν
719 346 814 373 πάπαν
829 347 988 383 ἐπιστολὴν,

195 386 243 421 τὴν
261 386 324 422 περὶ
350 387 433 414 αὑτὸν
448 389 600 425 γενομένην
626 392 804 426 καινοτομίαν
820 393 869 419 καὶ
881 394 990 421 ἀδικίαν

195 432 242 458 τοῦ
264 432 398 466 βασιλέως
419 433 514 467 σαφῶς
539 435 762 472 διαγορεὺουσαν·
785 439 830 474 ἣν,
848 439 884 472 ὡς
901 439 989 474 ἐλεγε,

194 477 241 505 τοῦ
259 479 337 505 πάῖτα
352 479 419 514 μηδὲ
434 481 602 516 προσϐλέψαι
621 484 859 519 καταδεξαμένου,
884 487 990 514 ἐκεῖθεν

196 523 279 549 αὐτὸν
307 523 386 556 αὖθις
409 525 575 560 ἀνενεγκεῖν·
593 527 658 563 μίαν
680 528 709 555 δὲ
734 530 801 566 πρὸς
817 532 863 559 τὶν
888 532 990 560 Φὼτιον

194 569 277 595 αὐτὸν
296 569 405 602 τοῦτον,
422 570 460 603 ὡς
478 572 532 598 ἀπὸ
547 572 593 599 τοῦ
611 574 747 602 Νικολάου
768 576 850 603 αὐτοῦ
870 578 990 613 διεκομί-

194 615 266 647 ζετο,
284 614 399 648 δύναμιν
422 615 538 651 ἔχουσαν
559 618 706 654 ἀπολογίας
726 621 797 657 ὑπὲρ
820 622 868 649 τοῦ
887 624 988 658 μεταξὺ

193 659 282 686 αὐτῶν
296 660 392 696 πρώην
407 664 701 699 παρακολουθήσαντος
712 668 900 704 παροξυσμοῦ,
917 670 988 704 ἁγά-

193 714 246 743 πης
262 706 290 732 δὲ
306 706 353 733 τοῦ
377 707 471 735 λοιποῦ
497 710 545 736 καὶ
574 712 718 745 κοινωνίας
743 714 823 750 δῆθεν
847 716 988 752 άρῤήκτου

192 754 359 788 κυρωτικήν.
375 753 469 782 Ταῦτα
484 756 498 782 6
513 758 694 792 ταραχοποιὺς
716 759 819 792 ἐκεῖνος
841 761 989 796 δεξάμενος

191 799 272 834 ἀνὴρ,
300 799 383 832 εὐθὺς
405 801 444 837 τῷ
461 811 498 829 ,τε
513 802 620 838 βασιλεί
645 805 691 832 καὶ
712 806 751 841 τῷ
771 807 892 842 Καίσαρι
917 808 988 835 κατὰ

190 845 237 870 τοῦ
253 845 375 872 ἀναιτίου
398 848 553 882 ἐμφανίζει,
571 850 617 876 καὶ
643 851 790 887 παροξύνει
808 854 870 879 κατ’
893 853 987 886 αὑτοῦ,

191 890 392 926 Πονηρεὺεται,
410 892 508 927 λέγων,
533 895 604 922 κατὰ
628 897 676 931 τῆς
695 898 832 933 ὑμετέρας
847 898 988 933 βασιλείας

196 936 346 970 Ἰγνάτιος,
371 939 420 965 καὶ
440 939 580 968 διαϐάλλει
604 942 672 978 πρὸς
697 944 758 976 τοὺς
775 944 837 976 ἔξω,
852 945 899 971 καὶ
922 954 987 972 κατ-

187 983 295 1017 ηγορεῖ,
312 984 359 1010 καὶ
380 984 411 1011 τὸ
426 985 477 1021 τῆς
496 986 632 1023 ὑμετέρας
647 988 772 1021 ἐξουσίας
787 991 887 1026 κράτος
904 1000 985 1018 συκο-

187 1029 293 1061 φαντεῖ·
310 1030 356 1056 καὶ
377 1031 401 1056 εί
426 1031 495 1066 πρὸς
510 1032 615 1060 δίκαιον
629 1032 712 1069 εἶχεν,
729 1035 783 1062 οὐδ¹
801 1036 834 1063 ἂν
857 1037 907 1073 ζῇν
923 1046 985 1064 συν-

188 1075 329 1109 εχωρεῖτο,
343 1076 457 1103 τοιαῦτα
474 1079 544 1105 κατὰ
562 1079 612 1114 τῆς
629 1080 706 1115 ὑμῶν
722 1081 913 1117 διανοούμενος
928 1092 986 1117 γα-

186 1119 350 1155 ληνότητος·
366 1123 412 1149 καὶ
426 1124 442 1159 ἡ
457 1123 507 1158 τῆς
527 1127 707 1161 κακουργίας,
726 1128 819 1163 φησὶν,
835 1128 984 1162 ἀπόδειξις.

188 1164 242 1191 ἰδοὺ
257 1166 305 1191 καὶ
321 1167 391 1193 αὐτὰ
405 1169 577 1204 μαρτυροῦσι
589 1170 624 1197 τὰ
638 1171 801 1207 γράμματα,
823 1173 896 1209 ἅπερ
909 1175 983 1210 ἡμᾶς

187 1211 237 1244 μὲν
249 1211 365 1246 ἐὸλαψεν
378 1213 465 1246 οὐδὲν,
484 1214 611 1251 ὠφέλησε
625 1216 654 1243 δὲ
675 1218 788 1252 μᾶλλον,
805 1219 983 1257 πληροφορη-

185 1257 281 1289 Θέντος
293 1258 339 1284 τοῦ
360 1259 440 1286 πάπα
456 1260 573 1296 τάληθῆ,
597 1263 644 1288 καὶ
665 1264 776 1299 ἀγάπην
791 1266 984 1300 κεκυρωκότος

183 1303 224 1334 είς
237 1304 322 1338 ἡμᾶς.
346 1304 402 1339 Οὐχ
419 1305 584 1340 ἡγοῦμαιδέ
603 1307 707 1335 δίκαιον
735 1307 805 1336 εἶναι
830 1310 879 1346 τὴν
905 1311 983 1346 ὑμῶν

186 1349 324 1383 βασιλείαν
346 1350 433 1383 οὕτως
458 1351 656 1384 ἐξουδενεῖσοαι
690 1356 755 1390 παρ’
771 1355 864 1383 αὑτοῦ.
888 1357 982 1384 Ταῦτα

184 1395 235 1429 μὲν
245 1395 259 1421 6
275 1397 458 1432 συκοφάντης·
474 1398 594 1431 φύλακες
603 1400 631 1426 δὲ
641 1401 706 1436 παρ’
718 1401 798 1433 αὐτὰ,
814 1403 861 1429 καὶ
873 1405 981 1439 φρουρὰ

182 1441 248 1476 περὶ
260 1442 306 1469 τὸν
321 1443 449 1475 ἀναιτίως
465 1446 703 1482 κατηγορούμενον
723 1448 861 1484 ἀσφαλὴς,
882 1449 982 1486 ἐρευνά

181 1495 212 1513 τε
229 1487 315 1523 πολλὴ
335 1489 438 1525 σφόδρα
455 1491 501 1517 καὶ
516 1491 638 1524 ἐξέτασις
652 1493 693 1525 εις
706 1494 794 1521 ταῦτα
822 1495 918 1523 τοῦτον
933 1496 979 1530 γέ-

182 1541 245 1567 γονε
265 1534 311 1560 τὸν
324 1536 434 1570 τρόπον.
449 1537 594 1573 Παρὴγετο
611 1539 702 1565 τοίνυν
715 1540 755 1572 είς
767 1541 850 1576 μέσον
866 1542 880 1568 6
893 1551 981 1578 γραμ-

1041 303 1108 330 toris
1121 303 1291 338 exponebat;
1306 311 1374 338 quas
1397 305 1489 332 aiebat
1513 306 1669 340 poutificetn
1695 315 1728 334 ne
1754 309 1829 342 aspi-

1039 355 1101 375 cere
1118 348 1228 383 quidem
1248 349 1379 382 voluisse,
1394 357 1425 377 ac
1437 351 1550 385 proinde
1572 360 1586 378 a
1609 359 1638 379 se
1654 357 1805 387 reportalas
1821 362 1827 379 :

1039 394 1139 422 alteras
1155 395 1233 429 quasi
1250 403 1264 422 a
1281 395 1392 422 Nicolao
1407 397 1439 422 ad
1464 396 1552 431 ipsum
1570 398 1694 425 Photium
1719 399 1829 431 missas,

1039 440 1138 474 quibus
1152 441 1286 475 purgabat
1309 441 1429 476 priorem
1450 443 1521 469 inter
1537 442 1664 470 Photium
1680 448 1707 470 et
1721 445 1829 478 pontifi—

1039 492 1097 511 cem
1123 485 1333 517 dissensionem,
1351 491 1377 513 et
1405 486 1565 514 charitatcm
1584 488 1787 523 amicitiamque
1803 490 1830 516 in

1039 537 1122 557 omne
1148 530 1281 565 reliqttum
1295 534 1401 566 tempus
1418 533 1585 559 stabiliebat.
1604 533 1657 560 llas
1676 534 1720 561 ille
1736 535 1831 562 turba—

1040 583 1100 602 rum
1126 576 1225 603 artifex
1249 581 1373 611 arreptas
1390 585 1404 604 e
1421 578 1534 613 vestigio
1557 578 1715 614 imperatori
1732 584 1756 606 et
1771 579 1830 607 Cie-

1039 622 1094 649 sari
1111 623 1204 655 tradit,
1220 627 1371 658 contraque
1384 624 1558 651 innocentem
1574 625 1681 660 egregie
1695 626 1831 653 mentien-

1039 669 1074 695 (Io
1089 669 1228 704 principes
1240 669 1364 697 accendit
1385 677 1392 697 :
1412 670 1555 703 Vestram,
1581 671 1681 706 inquit,
1700 671 1824 707 majesta-

1039 720 1092 742 tem
1108 714 1230 750 lgnatius
1249 716 1282 743 ad
1297 721 1405 744 exteras
1425 717 1506 744 etiam
1525 721 1618 752 gentes
1633 717 1759 750 traducit,
1783 726 1831 745 ve-

1039 760 1145 795 strique
1169 761 1275 796 imperii
1301 762 1450 796 potentiam
1478 762 1698 797 improbissimus
1724 764 1830 791 calum-

1039 806 1130 833 niator
1150 807 1176 833 in
1193 807 1296 834 crimen
1310 813 1398 835 vocat.
1413 807 1464 841 Qui
1482 809 1589 835 tametsi
1605 808 1704 843 justam
1719 809 1831 836 haberet

1039 860 1162 885 causam,
1178 857 1270 880 tamen
1284 853 1339 881 vita
1356 854 1394 880 illi
1414 853 1476 888 jure
1497 854 1675 888 adimeretur,
1693 855 1756 882 dum
1774 856 1830 884 haec

1040 897 1068 924 in
1091 903 1209 926 vestram
1237 899 1412 926 serenitatem
1441 900 1615 927 machinatur
1635 911 1642 928 :
1661 901 1707 929 sed
1724 910 1768 935 en,
1786 902 1829 929 in-

1038 944 1109 980 quit,
1127 949 1210 972 testes
1230 945 1349 980 perfidim
1361 945 1475 977 litteras,
1488 950 1515 973 ct
1527 946 1606 973 fidem
1620 947 1702 974 dictis
1716 947 1828 980 faciant,

1037 999 1098 1026 qua:
1114 991 1192 1018 nobis
1215 991 1284 1018 nihil
1302 991 1427 1024 obfuere,
1446 992 1492 1019 sed
1511 993 1641 1028 profuere
1663 1002 1743 1021 :cum
1761 1001 1828 1028 papa

1036 1037 1076 1064 rei
1093 1037 1236 1064 veritatem
1249 1038 1285 1064 sit
1298 1038 1421 1071 edoctus,
1444 1043 1471 1066 et
1486 1040 1557 1068 inter
1569 1049 1619 1068 nos
1636 1041 1785 1068 amicitiam
1798 1050 1831 1070 ac

1036 1083 1255 1110 benevolentiam
1283 1084 1365 1111 etiam
1390 1085 1564 1113 confirment.
1601 1086 1654 1114 Sed
1686 1087 1828 1123 indignum

1032 1129 1154 1164 judicavi
1169 1134 1287 1157 vestram
1317 1131 1488 1166 majestatem
1511 1140 1559 1167 per
1581 1133 1656 1160 illum
1684 1134 1752 1160 adeo
1764 1141 1830 1161 con-

1035 1175 1150 1202 culcari.
1170 1175 1232 1203 llaec
1258 1177 1429 1212 sycophanta
1455 1178 1584 1206 Photius.
1609 1179 1767 1207 Accersitur
1786 1188 1831 1207 sa-

1035 1221 1181 1254 tellitium;
1209 1221 1331 1256 lgnatius
1354 1231 1402 1257 pcr
1429 1224 1595 1252 calumniam
1625 1226 1830 1253 circumventus

1034 1270 1111 1293 arcta
1126 1266 1253 1294 custodia
1269 1273 1405 1300 servatur,
1419 1268 1570 1304 inquiritur
1583 1271 1693 1304 acriter,
1712 1275 1740 1298 et
1755 1279 1830 1306 quaa-

1034 1311 1147 1344 stioncs,
1169 1319 1204 1337 an
1231 1311 1268 1338 ita
1291 1319 1321 1339 se
1345 1320 1388 1340 res
1413 1313 1521 1348 habeat,
1548 1319 1721 1343 exercentur.
1735 1316 1830 1343 Addu-

1034 1359 1094 1383 ctus
1114 1365 1224 1392 quoque
1246 1357 1274 1384 in
1306 1358 1427 1386 medium
1453 1359 1626 1388 Tabellarius
1645 1361 1692 1387 ille
1717 1361 1830 1394 jubetur

1033 1403 1169 1436 indicare,
1198 1411 1214 1430 a
1240 1412 1295 1438 quo
1313 1405 1419 1434 litteras
1444 1407 1478 1434 ad
1508 1406 1650 1434 Nicolaum
1672 1407 1827 1442 pontificem

1032 1451 1181 1485 acceperit.
1195 1450 1368 1480 Tabellarius
1382 1460 1397 1479 a
1414 1453 1551 1489 Cypriano
1571 1454 1619 1482 illo
1631 1454 1728 1490 lgnatii
1745 1454 1830 1482 disci-

1032 1496 1095 1530 pulo
1110 1496 1186 1530 prius
1200 1505 1229 1523 sc
1251 1497 1356 1525 litteras
1371 1502 1399 1525 et
1413 1499 1544 1526 viaticum
1562 1501 1702 1535 accepisse
1717 1509 1831 1535 respou-

1031 1540 1087 1568 det.
1100 1540 1151 1568 Sed
1172 1549 1236 1568 cum
1257 1550 1306 1569 nec
1323 1543 1501 1578 Cyprianum,
1515 1545 1597 1572 etiam
1617 1550 1672 1574 toto
1689 1554 1783 1574 mense
1795 1547 1828 1574 ad

183 1581 339 1616 ματοφόρος
355 1583 469 1614 ἐκεῖνος,
487 1584 534 1610 καὶ
549 1585 682 1620 ἀπῃτεῖτο
700 1586 797 1619 δεῖξαι,
817 1587 886 1624 πρὸς
906 1588 979 1621 τίνος

1032 1586 1249 1622 investigandum
1268 1589 1341 1621 dato,
1361 1589 1506 1618 ostendere
1528 1596 1631 1626 posset,
1659 1600 1709 1619 nec
1732 1600 1830 1627 quem.

184 1625 292 1659 εἰλήφει
301 1626 350 1661 τὴν
360 1626 429 1661 πρὸς
440 1627 485 1654 τὸν
496 1627 589 1655 πάπαν
599 1630 756 1665 ἐπιστολήν.
765 1630 794 1657 '0
803 1631 831 1657 δὲ
842 1631 975 1667 πρότερον

181 1671 314 1707 εἰρηκὼς,
330 1673 368 1704 ὡς
388 1674 548 1708 Κυπριανὸς
570 1675 674 1707 ἐκεῖνος
695 1677 709 1703 ὁ
727 1676 774 1703 τοῦ
798 1677 930 1711 Ἰγνατίου
945 1678 979 1705 τά

179 1725 209 1742 τε
221 1717 374 1752 γράμματα
384 1718 470 1746 ταῦτα
488 1720 535 1747 καὶ
551 1720 645 1754 ἐφόδια
660 1722 867 1758 ἐχειροδότησεν
883 1724 975 1757 ἱκανὰ,

179 1760 258 1794 οὗτος
281 1763 330 1789 ἐπὶ
359 1764 433 1799 μῆνα
463 1765 557 1800 σχεδὸν
576 1765 636 1792 ὅλον
658 1766 859 1802 ἀπαιτούμενος
883 1768 978 1796 τοῦτον

180 1809 324 1842 ἐπιδεῖξαι,
338 1810 470 1845 ἠλέγχετο
483 1811 549 1846 μήτ’
565 1811 647 1838 αὑτὸν
663 1812 740 1844 εἰδὼς
752 1813 797 1840 τὸν
809 1814 978 1849 Κυπριανδν,

182 1854 253 1889 μήτε
277 1854 328 1881 τιν’
354 1856 435 1882 ἄλλον
454 1857 509 1883 τῶν
524 1857 679 1892 ἀνθρώπων
698 1858 841 1893 Ἰγνατίου.
859 1860 938 1887 Οὕτω
951 1861 978 1888 δὲ

179 1899 231 1933 τῆς
248 1901 403 1936 σκευωρίας
429 1903 617 1940 φωραθείσης,
637 1905 762 1939 μάστιξιν
782 1906 836 1932 ὑπὸ
849 1906 896 1932 τοῦ
910 1907 979 1933 Καί-

180 1955 264 1982 σαρος
279 1948 459 1984 πικροτάταις
469 1950 573 1982 ἐκεῖνος
586 1951 751 1986 κατῃκίσοη.
767 1952 816 1978 Ὃν
829 1953 877 1978 καὶ
890 1953 976 1980 πολλὰ

1033 1641 1115 1667 quant
1130 1642 1162 1660 ex
1185 1633 1281 1668 lgnatii
1299 1635 1431 1662 comitatu
1461 1644 1542 1664 nosse
1569 1637 1719 1671 videretur,
1735 1638 1830 1666 fraude

1033 1679 1213 1714 deprehensa,
1228 1680 1297 1708 loris
1314 1689 1329 1708 a
1343 1681 1451 1709 Czcsare
1467 1683 1601 1710 acerrime
1617 1688 1659 1711 est
1672 1684 1805 1712 multatus
1820 1694 1828 1712 :

1014 1732 1082 1759 .pro
1096 1733 1153 1760 quo
1173 1726 1316 1754 liberando
1341 1728 1449 1756 tametsi
1466 1729 1559 1756 omnia
1579 1729 1681 1757 faceret
1703 1729 1828 1762 Photius,

1034 1770 1101 1797 nihil
1125 1775 1214 1798 tamen
1228 1773 1341 1806 perinde
1358 1774 1485 1808 profecit.
1503 1774 1624 1802 Tandem
1646 1781 1676 1803 ut
1691 1776 1827 1804 solaretur

1035 1816 1185 1849 hominem,
1210 1817 1336 1846 lictorum
1354 1821 1514 1855 prmfectum
1531 1822 1647 1849 creavit.
1670 1821 1725 1849 llac
1738 1822 1830 1850 Photii

1033 1862 1146 1896 perfidia
1160 1862 1276 1896 detecta,
1294 1872 1375 1893 nemo
1389 1865 1450 1899 fuit,
1465 1867 1512 1901 qui
1534 1867 1674 1902 improbas
1688 1868 1738 1896 has
1756 1873 1829 1896 artes

1033 1915 1087 1934 non
1104 1908 1297 1943 indignissime
1319 1910 1413 1939 ferret.

1013 1954 1116 1986 Φώτιος
1153 1955 1345 1992 λυτρώσασθαι
1375 1957 1588 1991 διεσπουδακὼς,
1617 1960 1668 1987 οὐκ
1694 1961 1825 1996 ἡδυνήοψ

180 1995 221 2024 εἰς
243 1993 423 2030 παραμυθίαν
457 1995 486 2022 δέ
525 1996 595 2031 μετὰ
619 1997 706 2023 ταῦτα
731 1998 896 2033 διωγμητῶν
916 1999 1012 2027 τοῦτον
1031 2001 1151 2036 ἄρχοντα
1178 2002 1339 2040 καοίστησι,
1368 2004 1471 2038 πλῆθος
1503 2005 1658 2040 ῥαϐδούχων
1689 1993 1829 2040 ὑποτάξας

180 2042 268 2077 αὐτῷ.
285 2043 396 2079 Ταύτης
414 2045 589 2080 καταφανοῦς
606 2047 758 2082 γενομένης
777 2047 827 2082 τῆς
846 2049 1041 2085 κακοτροπίας,
1057 2050 1107 2079 οὐχ
1122 2049 1155 2087 ἦν
1190 2052 1266 2084 ὅστις
1295 2053 1325 2078 οὺ
1361 2053 1531 2088 προσώχθισε
1546 2054 1584 2088 τῷ
1616 2058 1826 2092 κατασκευαστῇ

180 2088 236 2114 τῶν
253 2090 356 2117 κακῶν.

217 2135 293 2162 Μετὰ
306 2135 393 2163 ταῦτα
404 2137 454 2172 τῆς
465 2138 584 2174 Χριστοῦ
597 2140 647 2174 μέν
666 2140 842 2177 Ἀναλήψεως
857 2141 976 2169 ἐτελεῖτο

182 2182 366 2216 μνημόσυνον,
385 2184 454 2219 πρὸς
472 2186 591 2221 ἐσπέραν
610 2187 639 2213 δὲ
662 2189 774 2224 σεισμὺς
798 2190 903 2223 γίνεται
923 2191 978 2217 τῶν

181 2227 292 2254 πώποτε
306 2229 461 2263 γενομένων
471 2231 485 2257 6
497 2232 724 2266 φρικωδέστατος.
739 2234 778 2260 Δι’
792 2234 856 2269 ὅλης
874 2236 903 2262 δὲ
923 2236 975 2271 τῆς

180 2273 311 2308 ἐπιούσης
329 2275 476 2310 ἐπεκράτει
492 2278 599 2310 νυκτός·
615 2278 663 2314 βοὴ
682 2279 712 2306 δέ
735 2289 777 2312 τις
799 2281 846 2307 καὶ
868 2281 976 2316 ἄσημος

181 2318 265 2354 θροῦς
279 2319 311 2346 ἐκ
327 2329 358 2346 τε
372 2321 436 2356 γῆς,
452 2322 484 2349 ἔκ
501 2331 530 2349 τε
557 2323 697 2359 θαλάσσης
717 2326 839 2362 σφοδρῶς
855 2315 977 2354 ἀναδιδό-
994 2315 1016 2342 D

183 2374 274 2400 μενος,
291 2368 400 2395 πάντων
418 2368 570 2405 ἀνορώπων
591 2372 651 2403 ταῖς
678 2372 804 2407 καρδίαις
826 2374 978 2409 παράλυσιν

182 2412 301 2440 ἐνεποίει
322 2414 369 2440 καὶ
385 2414 537 2451 θραυσμόν.
555 2417 622 2444 Τότε
638 2418 670 2453 δὴ
686 2419 733 2445 καὶ
760 2420 776 2454 ὴ
801 2420 886 2455 στήλη
910 2421 977 2447 Ἰου-

184 2459 273 2486 στὶνου
291 2461 322 2487 ἐκ
334 2461 390 2488 τῶν
403 2462 525 2496 γονάτων
540 2465 655 2490 κοπεῖσα
673 2466 844 2501 κατερῤάγψ
856 2466 917 2492 τότε
931 2467 977 2493 καὶ

181 2505 322 2538 Βασίλειος
346 2508 449 2540 ἐκεῖνος
467 2509 481 2535 6
506 2509 639 2546 πρότερον
656 2511 705 2545 μὲν
723 2511 837 2548 Κρήτης
861 2512 974 2539 ἐπίσκο-

180 2560 232 2583 πος
246 2552 453 2587 γενόμενος,διὰ
463 2554 491 2581 δὲ
506 2555 555 2591 τὴν
567 2556 621 2582 τῶν
642 2556 802 2592 ’Δγαρηνῶν
817 2557 911 2591 ἔφοδον
933 2559 974 2590 εἰς

180 2596 382 2634 Θεσσαλονίκην
403 2599 562 2634 μετατεθεὶς
589 2600 646 2636 (εἰς
668 2601 801 2637 αἰσχύνην
827 2603 875 2629 καὶ
894 2603 974 2629 τοῦτο

180 2641 228 2668 τοῦ
269 2643 319 2678 τῆς
355 2643 491 2679 βασιλίδος
520 2647 790 2683 προκαθεζομένου),
834 2649 974 2684 τολμήσας

179 2687 261 2719 αὐτὸς
278 2689 402 2724 πρόσεισι
427 2691 465 2725 τῷ
484 2691 604 2726 Μιχαὴλ,
632 2692 836 2728 παραινετικῶς
853 2693 912 2729 ἅμα
927 2695 974 2720 καὶ

179 2733 382 2767 διδασκαλικῶς
398 2736 568 2772 ἀποσχέσθαι
584 2737 635 2772 τῆς
649 2738 704 2765 τῶν
720 2739 867 2774 ίερατικῶν
886 2739 974 2775 ἔργων

180 2779 299 2815 αἰσχρᾶς
311 2781 359 2807 καὶ
372 2782 480 2809 ἀνοσίου
496 2784 639 2819 μιμήσεως
655 2784 834 2819 παρακαλῶν
850 2785 974 2812 ἐντεῦθεν

179 2825 236 2860 γὰρ
253 2827 302 2861 τὴν
325 2827 410 2863 ὀργὴν
426 2828 472 2856 τοῦ
488 2829 556 2856 Θεοῦ
582 2831 762 2858 ἀνακαίεσθαι
779 2831 973 2868 διισχυρίζετο.

185 2872 217 2898 Ὀ
236 2872 266 2899 δὲ
280 2874 336 2906 τοῖς
352 2874 474 2909 ἐλέγχοις
497 2876 724 2912 ὑπερϐαλλόντως
746 2878 872 2914 πληγεὶς,
892 2878 974 2914 ῥαπί·

183 2927 268 2955 σμασι
283 2921 331 2955 μὲν
344 2922 464 2958 ἰσχυροῖς
490 2923 537 2950 τοῦ
558 2923 649 2959 τιμίου
672 2924 800 2961 γέροντος
816 2925 879 2958 τοὺς
898 2925 971 2952 ὀδόν-

1065 2142 1204 2177 Agebatur
1216 2150 1270 2170 non
1283 2143 1371 2170 multo
1380 2147 1441 2178 post
1451 2143 1705 2172 sacerasccusionis
1723 2144 1826 2172 Christi

1027 2188 1086 2217 dies
1113 2189 1333 2222 anniversarius,
1358 2197 1421 2216 cum
1438 2190 1490 2216 sub
1508 2197 1649 2224 vesperam
1663 2194 1735 2217 terra
1750 2195 1826 2219 tanto

1026 2240 1114 2270 motu,
1129 2240 1231 2270 quanto
1246 2244 1386 2271 nunquam
1402 2240 1482 2267 ante,
1501 2236 1584 2270 coepit
1600 2237 1824 2264 eontremiseere.

1031 2290 1120 2318 neque
1145 2287 1200 2310 tota
1219 2282 1372 2317 insequenti
1394 2287 1473 2309 nocte
1488 2281 1623 2309 consulit.
1638 2281 1670 2309 Et
1689 2281 1826 2310 obscurus

1032 2329 1144 2363 quidam
1167 2329 1258 2364 fragor
1282 2337 1314 2356 ac
1333 2330 1454 2364 mugitus
1471 2337 1486 2356 e
1502 2334 1573 2356 terra
1589 2329 1713 2364 marique
1730 2329 1826 2364 ingens

1031 2375 1123 2402 editus
1146 2375 1288 2402 hominum
1317 2379 1427 2409 pectora
1447 2375 1484 2402 ita
1500 2380 1573 2402 metu
1599 2374 1690 2410 fregit,
1708 2379 1738 2402 ut
1755 2383 1825 2411 pene

1032 2419 1261 2446 dissolverentur.
1279 2419 1380 2446 Justini
1413 2427 1524 2455 quoque
1551 2425 1642 2448 statua
1669 2428 1683 2446 a
1707 2421 1824 2455 genibus

1032 2466 1164 2493 convulsa
1180 2466 1311 2493 concidit.
1335 2465 1405 2492 Tum
1423 2466 1542 2494 Basilius
1567 2466 1707 2493 Cretensis
1742 2471 1823 2494 antea

1030 2509 1192 2544 episcopus,
1212 2510 1344 2544 Agarenis
1358 2515 1450 2538 autem
1478 2510 1586 2537 Cretam
1609 2510 1800 2538 invadentibus
1813 2531 1821 2542 ,

1031 2554 1255 2583 Thessalonicam
1269 2556 1417 2583 translatus
1433 2555 1443 2590 (
1457 2563 1510 2582 non
1524 2555 1583 2583 sine
1596 2555 1686 2583 Photii
1703 2560 1759 2583 tum
1775 2564 1822 2584 ca-

1031 2601 1154 2628 thedram
1165 2601 1498 2635 Constantinopolitanam
1508 2602 1666 2636 occupantis
1675 2601 1785 2629 infamia
1797 2602 1818 2636 ),

1029 2655 1116 2675 ausus
1138 2647 1196 2682 ipse
1213 2647 1370 2675 Michaelem
1383 2648 1450 2680 adit,
1463 2655 1582 2683 eumque
1601 2649 1700 2683 partim
1721 2648 1819 2674 admo-

1030 2693 1119 2720 nentis
1136 2690 1310 2726 auctoritate,
1327 2694 1427 2729 partim
1442 2694 1574 2726 docentis,
1593 2701 1608 2721 a
1625 2698 1678 2720 tam
1697 2692 1778 2726 impia
1793 2696 1820 2720 et

1025 2739 1159 2774 sacrilega
1187 2747 1278 2766 rerum
1307 2747 1448 2766 sacrarunt
1472 2739 1584 2767 inimica
1615 2737 1768 2765 imitatione
1791 2741 1819 2764 et

1026 2785 1155 2813 irrisione
1172 2785 1332 2813 dehortatur
1349 2794 1355 2813 :
1373 2785 1437 2814 inde
1457 2785 1529 2812 enim
1544 2783 1668 2812 Numinis
1684 2783 1753 2810 iram
1771 2790 1818 2810 ac-

1024 2832 1101 2860 cendi
1116 2832 1277 2860 afﬁrmabat.
1294 2832 1352 2866 Qua
1366 2831 1578 2867 reprehensione
1588 2829 1699 2858 Michael
1711 2830 1817 2865 gravis-

1024 2878 1093 2906 sime
1107 2877 1240 2910 offensus,
1253 2877 1374 2912 colaphis
1392 2876 1572 2904 alrocissimis
1587 2875 1741 2904 venerando
1757 2877 1816 2904 seni

1024 2924 1119 2952 dentes
1135 2924 1261 2960 stirpitus
1275 2923 1356 2958 elisit,
1371 2928 1531 2958 tergumque
1541 2922 1679 2958 flagrisita
1692 2923 1814 2956 laniavit,
