2092 3156
259 172 310 204 531

858 173 1006 204 NlCETrE
1027 173 1293 204 PAPllLAGONlS

1840 166 1892 198 532

258 236 289 259 ιιι
304 231 370 258 nihil
383 232 495 267 propius
522 231 623 259 factum
634 231 678 264 sit,
693 239 773 266 quam
787 235 815 258 ut
825 231 896 259 inter
905 235 1044 269 tormenta

1098 239 1144 262 τας
1154 228 1344 265 ὲξεῤῥίζωσεν,
1362 225 1434 252 οὕτω
1448 224 1476 252 δὲ
1491 225 1538 252 καὶ
1550 224 1596 251 τὸν
1611 223 1696 250 νῶτον
1706 222 1890 259 κατῃκίσατο,

258 279 378 305 animam
395 279 495 305 ederet.
515 278 552 305 De
570 285 624 312 quo
642 278 708 304 nihil
725 278 856 305 sollicitus
871 283 928 306 erat
944 286 1046 305 nterce-

259 324 353 351 narius
370 323 462 358 opilio,
489 324 554 358 quin
575 323 632 358 ipse
656 323 784 358 paulatim
813 324 963 359 sacrilegiis
991 324 1046 352 illis

258 369 359 404 pariter
367 370 565 401 oblectabatur,
576 374 602 396 et
612 377 664 396 una
672 377 733 396 cum
743 369 858 404 impuris
867 370 1045 398 histrionibus

258 424 397 451 pueroque
413 416 609 443 consuescebat
625 420 651 443 et
668 417 891 449 comessabatur,
905 425 992 452 neque
1013 418 1046 444 ab

257 470 351 489 eorum
375 462 572 489 consuetudine
585 467 612 489 et
625 463 742 490 ludibrio
758 463 851 497 procul
872 464 976 490 aderat.
991 462 1045 491 Ve-

257 514 317 532 rum
337 506 396 538 ejus
419 513 483 532 cura
506 507 595 534 omnis
618 506 652 534 ad
679 507 810 541 lguatium
835 508 1045 542 opprimendum

257 551 414 579 vertebatur
432 561 438 578 :
456 553 554 580 avebat
586 553 658 580 enim
686 553 789 588 aliquid
807 553 940 581 adversus
968 554 1045 581 ilium

257 595 361 627 audire,
384 602 410 622 et
434 597 593 631 pruriebant
610 598 647 625 illi
663 606 754 625 aures.
770 597 820 625 Ubi
837 599 917 626 etiam
937 607 1001 626 casu
1019 599 1045 626 in

256 640 481 667 calumniatorcm
508 641 581 668 illius
594 641 731 669 incidebat
744 661 750 673 ,
768 642 814 676 qui
830 643 870 669 vel
889 647 997 669 tenuem
1014 643 1048 669 de

255 686 303 713 illo
316 686 458 713 obviamvc
469 687 633 714 calumniam
649 693 799 722 spargeret,
812 688 884 716 hunc
902 696 966 715 vero
985 696 1045 716 mox

257 731 283 758 in
301 732 392 759 album
417 733 568 760 amicorum
594 740 706 760 suortnn
723 733 857 761 referebat
869 755 875 765 ,
893 741 1047 768 magnaque

256 784 317 802 eum
336 777 473 811 voluptate
491 776 687 804 obtrectantcm
708 777 845 815 audiebat.
862 776 934 803 Nihil
948 777 1048 812 quippe

256 823 291 849 ita
309 823 382 857 capit
396 823 503 850 animos
522 823 622 850 invidia
647 823 765 858 odioque
782 826 950 858 occupatos,
964 830 1046 858 quam

255 869 364 896 sinistra
387 869 419 897 de
441 877 473 897 eo
490 877 569 904 quem
594 869 712 901 oderint,
729 869 861 896 narratio.
879 868 972 904 Itaque
1000 876 1047 902 per

256 915 405 942 familiares
417 921 443 943 et
458 915 598 951 subjectos
611 915 718 950 lgnatii,
728 919 864 950 quotquot
875 922 906 941 ex
920 914 954 942 iis
967 914 1046 942 donis

255 967 282 988 et
291 962 441 990 honoribus
452 967 557 997 poterat
568 962 713 995 eblandiri,
724 962 832 997 sibique
840 961 972 989 obnoxios
984 961 1047 988 red-

255 1007 328 1038 dere,
346 1014 453 1041 semper
464 1006 656 1041 iurestigabat,
674 1011 827 1040 contraque
842 1006 908 1040 justi
924 1003 1047 1032 animam

255 1060 365 1079 causam
384 1052 533 1088 quaerebat.
556 1052 592 1079 Ex
613 1052 714 1087 quibus
732 1052 855 1088 lgnatius
875 1073 882 1084 ,
898 1051 943 1079 ille
965 1051 1046 1087 hujus

255 1098 341 1125 sancti
357 1097 452 1132 lgnatii
470 1098 633 1133 discipulus,
650 1102 719 1130 erat,
733 1098 792 1133 qui,
810 1103 839 1125 ut
855 1097 953 1125 Demas
969 1097 1045 1130 olim,

255 1144 385 1171 szeculum
402 1144 517 1179 diligens
534 1145 567 1172 ad
597 1144 687 1172 Pltotii
704 1150 792 1172 castra
809 1144 938 1177 transiit;
955 1148 981 1171 et
996 1144 1048 1171 ali-

254 1190 375 1224 quandiu
387 1189 531 1224 praefectus
541 1190 730 1217 emnohiorum
745 1190 930 1225 Proper-tidis,
943 1194 999 1216 tum
1012 1189 1046 1216 ab

255 1236 301 1263 iilo
322 1236 544 1271 archiepiscopus
562 1236 713 1272 llierapolis
736 1241 846 1264 creatus
862 1241 913 1264 est.
939 1236 991 1269 Qui
1018 1241 1047 1264 ut

255 1283 417 1310 beneﬁrium
435 1287 646 1318 compensarct:
668 1283 760 1310 Mirari
774 1283 858 1315 subit,
878 1283 977 1318 inquit,
998 1283 1046 1309 do-

254 1328 327 1356 mine
341 1349 348 1361 ,
364 1337 485 1364 quonam
502 1333 581 1364 pacto
597 1333 703 1356 tantum
719 1329 815 1364 lgnatii
832 1328 961 1355 delictum
978 1327 1046 1355 faci-

254 1381 362 1407 nusque
380 1373 421 1400 vel
448 1374 569 1409 ignores,
586 1374 628 1401 vel
643 1374 758 1401 omnino
783 1374 913 1409 negligas.
929 1373 997 1400 Nam
1019 1374 1045 1400 in

255 1419 342 1446 media
356 1419 450 1446 insula:
464 1419 551 1454 platea
569 1420 640 1447 aedes
653 1427 730 1447 sacra
750 1419 928 1455 quadraginta
946 1423 1047 1454 marty-

254 1465 331 1492 ribus
343 1470 385 1492 est
400 1465 517 1493 excitata
531 1474 538 1498 ;
550 1465 677 1501 junctum
699 1474 764 1492 vero
776 1470 817 1492 est
833 1465 870 1492 illi
887 1465 932 1492 Dei
952 1464 1047 1491 Matris

253 1512 416 1543 oratorium,
430 1502 510 1547 ciijus
526 1519 602 1538 aram
618 1512 718 1539 llhussi
733 1519 832 1546 nuper,
848 1519 910 1539 eum
927 1511 1045 1538 insulam

1097 277 1135 306 ὡς
1160 275 1252 309 ὀλίγου
1280 273 1336 300 δεῖν
1362 271 1443 298 αὐτὸν
1470 271 1530 302 ταῖς
1558 269 1686 305 βασάνοις
1703 267 1890 295 ὲναποθανεῖψ

1097 321 1199 348 τούτοιν
1216 320 1245 346 δὲ
1267 319 1344 346 οὐδὲν
1362 317 1442 353 ἔμελε
1470 317 1509 351 τῷ
1539 315 1676 351 μισθωτῷ.
1700 314 1808 350 Ὴρέμα
1836 314 1891 350 γὰρ

1097 367 1145 394 καὶ
1168 366 1249 397 αὐτὸς
1266 365 1394 399 συνήδετο
1409 365 1464 394 τοῖς
1485 361 1669 395 τελουμένοις,
1686 361 1733 387 καὶ
1757 361 1815 396 ἅμα
1835 362 1892 393 τοῖς

1099 413 1207 448 μιαροῖς
1230 411 1324 446 μίμοις
1346 409 1461 440 ἐκείνοις
1486 408 1681 443 συνεχέστερον
1698 406 1736 442 τῷ
1757 407 1892 442 μειρακίῳ

1099 458 1294 493 συνερχόμενος
1318 456 1364 483 καὶ
1388 453 1654 490 συμποσιαζὸμενος,
1679 453 1740 479 οὐδὲ
1765 452 1814 487 τῆς
1833 452 1892 478 δια-

1097 504 1196 539 τριϐῆς
1233 502 1347 529 ἐκείνων
1371 501 1418 528 καὶ
1445 499 1678 535 καταφρονήσεως
1709 498 1820 534 μακρὰν
1842 495 1892 533 ἦν·

1100 550 1220 585 μέριμνα
1234 549 1262 575 δὲ
1283 547 1357 582 αὺτῷ
1374 546 1421 574 καὶ
1442 545 1527 582 πολλὴ
1543 545 1644 580 σφόδρα
1657 544 1780 578 περὶτοῦ
1801 544 1891 577 Ἰγνα-

1097 596 1155 622 τίου
1180 595 1300 621 ἐνέκειτο
1326 595 1456 630 φροντὶς,
1483 592 1530 618 καὶ
1562 590 1688 626 ἐγλίχετο
1715 590 1776 616 κατ’
1808 589 1892 616 αὑτοῦ

1098 641 1220 673 ἀκούειν,
1248 641 1296 667 καὶ
1321 639 1451 674 ἐκνήθετο
1477 638 1526 673 τὴν
1541 638 1636 672 ἀκοήν·
1654 637 1700 663 καὶ
1714 635 1742 662 εί
1756 645 1817 662 τινα
1832 635 1891 662 δια-

1097 687 1302 723 λοιδοροὺμενον
1319 686 1379 720 είκῆ
1402 685 1485 720 ἐώρα,
1502 684 1519 719 ἦ
1536 692 1597 710 τινα
1610 683 1692 718 ψιλὴν
1710 683 1771 710 κατ’
1785 682 1892 708 ἐκείνου

1098 734 1146 761 καὶ
1167 733 1287 768 ματαίαν
1302 731 1472 767 κατηγορίαν
1495 730 1683 765 ἐνιστάμενον,
1698 729 1775 764 φίλον
1797 728 1893 755 τοῦτον

1097 780 1202 807 ἐτίθετο
1217 779 1325 811 πιστὸν,
1356 779 1403 805 καὶ
1432 778 1531 814 ’ήκουεν
1555 776 1635 812 ἡδονῇ
1651 775 1746 810 πολλῇ·
1762 775 1809 801 καὶ
1837 773 1893 809 γὰρ

1098 827 1174 854 οὐδὲν
1202 825 1288 858 οὕτως
1312 825 1404 861 ἡδύνει
1429 823 1519 859 ψυχὴν
1546 821 1633 858 ἔχθρᾳ
1649 822 1722 857 κακῇ
1746 821 1794 848 καὶ
1818 819 1893 856 μίσει

1098 872 1386 909 προκατειλημμένην,
1403 870 1440 901 ὡς
1461 870 1478 903 ἡ
1501 868 1574 895 κατὰ
1594 867 1641 895 τοῦ
1661 867 1826 903 μισουμένου
1844 866 1895 893 λα-

1098 917 1151 945 λιά.
1174 917 1229 944 Ἀεὶ
1245 915 1292 943 οὖν
1312 916 1344 942 ὲκ
1363 915 1418 942 τῶν
1441 914 1490 940 τοῦ
1517 913 1688 949 πατριάρχου
1707 912 1831 947 συνήθων
1847 911 1894 938 καὶ

1098 963 1237 999 ὑπηκόων,
1252 963 1331 993 ὅσους
1343 961 1470 996 ὴδύνατο,
1489 959 1588 995 δώροις
1606 958 1653 985 καὶ
1669 957 1807 993 ἀξιώμασι
1831 957 1894 984 κλέ-

1098 1018 1173 1036 πτων
1197 1009 1244 1035 καὶ⁸
1265 1006 1498 1042 ὑποποιούμενος,
1516 1005 1550 1031 δι’
1567 1004 1657 1031 αὐτῶν
1679 1003 1825 1039 ὲΕιχνίαζε,
1845 1003 1894 1030 καὶ

1102 1056 1148 1082 ἐπὶ
1165 1055 1214 1090 τὴν
1233 1054 1280 1081 τοῦ
1308 1053 1413 1080 δικαίου
1452 1051 1566 1087 ἐθήρευε
1594 1050 1693 1086 ψυχήν.
1720 1049 1830 1076 Τούτων
1854 1047 1894 1081 εἷς

1098 1102 1145 1129 καὶ
1167 1101 1296 1135 Ἰγνάτιος
1319 1097 1353 1135 ἦν
1378 1099 1483 1129 ἐκεῖνος
1504 1099 1518 1125 ὁ
1542 1096 1590 1124 τοῦ
1606 1098 1686 1131 ἁγίου
1710 1096 1846 1132 μαθητὴς,
1864 1094 1894 1127 ὃς

1097 1147 1168 1175 κατὰ
1183 1147 1278 1181 Δημᾶν
1293 1146 1396 1172 ἐκεῖνον
1422 1145 1467 1171 τον
1491 1144 1585 1176 πάλαι,
1609 1144 1655 1170 τὸν
1679 1143 1726 1170 νῦν
1742 1141 1895 1180 ἠγαπηκὼς

1097 1194 1192 1225 αίῶνα,
1210 1193 1305 1227 Φωτίῳ
1322 1191 1502 1227 προσφεύγει·
1523 1190 1569 1217 καὶ
1579 1190 1672 1225 ἄρχων
1689 1189 1739 1223 μὲν
1752 1189 1822 1219 τέως
1837 1187 1894 1214 τῶν

1102 1238 1293 1276 μοναστηρίων
1307 1238 1362 1264 τῶν
1383 1237 1454 1264 κατὰ
1471 1237 1520 1272 τὴν
1535 1236 1718 1272 Προποντίδα.
1736 1235 1832 1261 ἔπειτα
1847 1234 1895 1262 καὶ

1099 1285 1303 1321 μητροπολίτης
1327 1283 1372 1310 ὑπ“
1388 1283 1470 1310 αὑτοῦ
1492 1284 1541 1318 τῆς
1559 1281 1737 1317 Ἰεραπόλεως
1761 1280 1894 1313 καθίστα-

1097 1341 1152 1360 ται.
1168 1328 1252 1362 Uitta;
1265 1331 1315 1366 τῆς
1329 1329 1414 1364 τιμῆς
1430 1329 1511 1356 αὐτὸν
1530 1323 1722 1363 ἀμειϐόμενος,
1735 1324 1770 1352 Ὦ
1792 1326 1891 1353 δέσπο-

1097 1388 1142 1412 τα,
1159 1379 1223 1413 ἔφη,
1241 1375 1385 1412 θαυμάζω,
1399 1376 1458 1408 πῶς
1472 1374 1634 1411 τηλικοῦτόν
1648 1382 1677 1400 σε
1689 1373 1736 1400 τοῦ
1758 1373 1890 1407 Ἰγνατίον

1097 1425 1221 1452 διέλαθεν
1251 1424 1404 1459 ἁτόπημα,
1432 1423 1480 1449 καὶ
1503 1421 1668 1457 ἀδιόρθωτον
1695 1419 1892 1456 παρημελήθη”

1100 1470 1183 1506 μέσον
1203 1470 1258 1505 γὰρ
1281 1470 1411 1500 πλατείας
1437 1468 1486 1504 τῆς
1507 1468 1590 1503 νήσου
1613 1466 1676 1498 ναὸς
1690 1467 1748 1497 τοῖς
1762 1464 1895 1500 τεσσαρά-

1101 1524 1183 1542 κοντα
1197 1515 1316 1551 μάρτυσι
1332 1514 1480 1549 ἐνίδρυται,
1494 1512 1576 1539 αὐτοῦ
1589 1512 1617 1539 δὲ
1636 1511 1753 1547 ἐχόμενα
1766 1511 1816 1545 τῆς
1830 1510 1896 1536 Θεο-

254 1557 496 1592 depopularentur,
512 1562 680 1591 everterunt,
697 1566 777 1593 quam
795 1557 957 1584 instauravit
971 1557 1045 1592 lgna-

1104 1563 1221 1598 μήτορος
1235 1561 1391 1597 εὐκτήριον.
1406 1560 1508 1587 Τούτου
1527 1560 1576 1594 τὴν
1593 1558 1734 1594 τράπεζαν
1755 1556 1851 1593 πρώην
1866 1556 1894 1582 οἱ

255 1604 309 1630 tius
328 1609 355 1631 et
377 1604 508 1638 reposuit.
529 1604 598 1637 Quid
616 1604 662 1631 hic
677 1603 810 1631 Photius?
826 1611 859 1630 an
876 1603 984 1638 culpam
1002 1607 1050 1629 aut

254 1657 363 1683 parvam
378 1650 535 1676 autnullam
549 1653 625 1676 ratus
634 1649 823 1676 subticuitiau
836 1649 892 1676 leve
906 1649 1048 1676 turbarum

254 1694 408 1720 incendium
425 1695 496 1722 hanc
512 1695 547 1722 ob
570 1702 681 1722 causam
703 1695 850 1722 excitavit?
872 1694 1047 1729 Nequaquam

254 1746 336 1772 vero;
360 1739 405 1766 sed
421 1747 477 1767 rem
495 1741 566 1775 apud
584 1741 787 1775 imperatorem,
803 1741 877 1767 velut
889 1740 1008 1766 immane
1022 1743 1049 1766 et

255 1784 420 1818 inexpiabile
448 1784 569 1818 facinus,
588 1786 769 1821 exaggerabat
795 1790 901 1821 :atque
931 1786 1049 1814 consilio

255 1837 316 1856 cum
332 1830 449 1858 factione
464 1839 513 1859 sua
527 1832 742 1865 communicato,
757 1832 978 1867 Amphilochium
994 1833 1047 1867 Cy-

255 1876 317 1909 ziei,
333 1881 360 1904 et
374 1876 546 1905 Theodorum
565 1877 718 1911 Patrarum,
732 1878 963 1913 archiepiscopos,
980 1879 1046 1914 quin

253 1928 279 1949 ct
294 1921 486 1950 Pantaleonem
502 1928 655 1951 senatorem
675 1929 855 1960 cognomento
871 1924 1001 1950 Bothrum
1020 1924 1047 1951 in

254 1969 370 1996 insulam
392 1969 514 2004 ablegat,
537 1970 583 2004 qtti
607 1969 748 2004 sacrilegis
771 1969 897 1998 manibus
922 1974 1046 1997 sanetam

252 2013 327 2041 illam
344 2015 447 2042 arulam
461 2015 626 2043 disturbent.
642 2014 784 2042 Mandarat
796 2015 908 2050 insuper
922 2015 1046 2048 Photius,

252 2065 283 2088 ut
293 2068 340 2088 ara
357 2061 390 2088 ad
403 2061 469 2089 litus
485 2062 566 2089 maris
580 2061 722 2096 deportata
731 2061 780 2097 (6),
791 2061 954 2096 quadragies
974 2061 1047 2088 unda

253 2107 402 2142 tingerelur
414 2128 421 2139 ,
436 2112 517 2143 atque
533 2108 569 2134 ita
589 2108 698 2135 demum
719 2107 830 2135 reducta
856 2111 1045 2142 reponeretur.

252 2153 323 2186 Quid
338 2157 374 2185 te,
391 2154 427 2180 mi
443 2153 524 2180 homo
537 2173 544 2186 ,
567 2161 620 2181 non
652 2153 818 2181 demiremdr
843 2153 925 2189 (nam
939 2161 1047 2181 summa

253 2206 297 2226 me
321 2199 509 2233 perversitatis
531 2204 585 2226 tuae
610 2199 769 2235 indignitas,
779 2200 905 2235 quamvis
928 2200 1044 2227 invitum

1108 1607 1176 1640 Ῥὼς
1199 1608 1249 1642 τὴν
1274 1608 1354 1643 νῆσον
1378 1605 1543 1642 πορθοῦντες
1557 1604 1708 1632 κατέϐαλον
1730 1604 1771 1635 είς
1798 1602 1861 1637 γῆν,
1880 1603 1894 1628 ὁ

1106 1653 1235 1687 Ἰγνάτιος
1248 1653 1276 1679 δὲ
1293 1653 1397 1687 ταύτην
1419 1651 1497 1683 αὖθις
1517 1650 1684 1686 ἀνεθρόνισε.
1702 1649 1735 1676 Τί
1757 1646 1803 1675 οὖν
1823 1649 1895 1674 ὲκείο

1099 1707 1161 1731 νος;
1184 1696 1238 1734 ἆρα
1255 1697 1353 1733 μικρὸν
1369 1697 1458 1729 τοῦτο,
1475 1697 1492 1731 ἢ
1507 1696 1583 1723 οὐδὲν
1599 1696 1698 1722 ἄτοπον
1721 1695 1895 1731 ἡγησάμενος

1101 1741 1329 1778 παρεσιώπησεν,
1352 1742 1369 1776 ἦ
1388 1741 1490 1776 μικρὰν
1509 1741 1579 1776 ὑπὲρ
1590 1741 1687 1767 τούτου
1709 1739 1832 1775 ταραχὴν
1846 1739 1894 1766 ἀν-

1100 1787 1188 1822 ῆψεν;
1205 1787 1355 1822 Οῦμενουν·
1375 1787 1442 1814 ἀλλὰ
1469 1787 1588 1819 καὶτοῖς
1613 1785 1763 1822 κρατοῦσιν
1785 1785 1823 1816 ὡς
1847 1784 1894 1820 μέ-

1101 1842 1136 1868 γα
1160 1842 1187 1860 τι
1212 1833 1260 1860 καὶ
1283 1833 1370 1860 δεινὸν
1386 1831 1442 1860 οἷον
1468 1833 1589 1862 ἀνέθετο.
1604 1833 1659 1859 Kal.
1681 1833 1714 1868 τῇ
1740 1832 1800 1858 κατ’
1812 1830 1894 1857 αὑτὸν

1099 1879 1234 1915 ἐκκλησίᾳ
1263 1880 1466 1914 κοινωσάμενος
1481 1899 1488 1912 ,
1512 1878 1688 1914 Ἀμφιλόχιόν
1706 1887 1737 1905 τε
1759 1877 1892 1909 Κυζίκου,

1099 1927 1146 1953 καὶ
1160 1926 1300 1962 Θεόδωρον
1315 1926 1370 1953 τῶν
1385 1925 1513 1961 Πατρῶν,
1532 1924 1746 1961 μητροπολίτας,
1761 1923 1792 1950 οὺ
1811 1923 1893 1958 μόνον

1098 1973 1137 2006 δὲ,
1151 1973 1219 2000 ἀλλὰ
1236 1972 1283 1999 Kal.
1300 1971 1488 1999 Πανταλέοντα
1514 1971 1696 2006 συγκλητικὸν
1719 1970 1766 1997 τον
1792 1970 1892 1996 ἐπικα-

1098 2019 1231 2054 λούμενον
1259 2018 1380 2054 Βόθρον,
1406 2018 1446 2049 είς
1473 2016 1523 2052 τὴν
1552 2017 1704 2052 είρημένην
1729 2015 1893 2046 ἀποστείλας

1098 2065 1192 2100 νῆσον,
1208 2063 1332 2100 βεϐήλων
1344 2063 1423 2099 χερσὶ
1436 2063 1466 2090 τὸ
1478 2062 1552 2098 ἱερὸν
1565 2063 1653 2089 ἐκεῖνο
1664 2061 1812 2096 τραπέζιον
1825 2059 1892 2087 καθ-

1099 2111 1179 2138 εῖλεν.
1199 2110 1367 2137 Ὲνετείλατο
1390 2109 1419 2136 δὲ
1440 2109 1507 2144 πρὸς
1526 2108 1566 2144 τῷ
1582 2107 1700 2143 αίγιαλῷ
1716 2108 1767 2142 τῇς
1792 2106 1893 2133 θαλάσ-

1099 2166 1149 2192 σης
1162 2156 1333 2190 καταγαγεῖν
1358 2155 1408 2190 (6),
1421 2155 1469 2181 καὶ
1482 2154 1689 2189 τεσσαράκοντα
1703 2152 1816 2182 πλύσεις
1831 2151 1893 2177 δοῦ-

1097 2212 1153 2236 ναι,
1179 2203 1226 2230 καὶ
1247 2202 1335 2233 οὕτως
1359 2201 1508 2235 ἀναγαγεῖν
1532 2200 1579 2227 καὶ
1601 2198 1776 2234 καθιδρῦσαι.
1792 2197 1825 2224 Τί
1844 2205 1891 2223 σου

253 2250 278 2272 et
295 2245 424 2279 alienum,
435 2245 507 2280 cogit
521 2250 546 2273 te
560 2245 693 2273 conviciis
702 2245 887 2281 proscindere)
897 2246 909 2273 ?
920 2245 974 2273 imo
981 2254 1045 2274 vero

1101 2249 1305 2284 θαυμάσωμεν,
1317 2247 1445 2282 ἄνθρωπε
1459 2246 1586 2282 (προάγει
1599 2245 1652 2281 γάρ
1665 2253 1698 2280 με
1711 2243 1893 2280 λοιδορεῖσθαί

251 2290 316 2325 quid
325 2291 453 2325 primum,
466 2292 531 2326 quid
546 2296 714 2327 postremum
728 2292 938 2320 subsannemus‘?
950 2292 1044 2319 animi-

253 2345 287 2365 ne
303 2338 342 2365 tni
369 2343 508 2374 stuporem
519 2359 526 2372 ,
541 2347 575 2366 an
592 2340 693 2367 mentis
709 2347 844 2375 perversae
860 2340 1046 2375 pravitatem?

251 2383 406 2412 invidentia:
419 2386 644 2420 magnitudinem,
656 2394 689 2414 an
702 2387 823 2414 studium
833 2386 983 2414 ambitiosa
995 2387 1045 2414 im—

251 2431 413 2466 probitatis?
441 2431 565 2461 llazccine
584 2437 610 2460 te
629 2433 709 2461 docet
737 2433 864 2461 diuturna
892 2433 1044 2461 litterarum

253 2475 394 2503 meditatio
408 2482 434 2504 et
450 2477 566 2513 vigilatre
580 2483 684 2512 noctes,
701 2479 882 2514 codicumque
898 2487 982 2514 prope
1003 2479 1044 2506 in-

253 2521 465 2549 numerabilium
487 2524 585 2559 copia?
601 2524 748 2560 legentium
772 2525 835 2551 item
858 2529 886 2552 et
903 2525 1045 2560 disputan-

254 2567 322 2594 tium
349 2567 522 2600 vicissitudo,
539 2577 642 2604 proque
657 2569 820 2597 eruditionis
830 2569 911 2597 laude
931 2570 1043 2598 assidua

252 2614 440 2641 concertatio?
458 2614 562 2643 lstosne
582 2615 628 2642 tibi
647 2615 752 2643 fructus
770 2624 802 2644 ex
819 2617 918 2644 litteris
936 2617 1044 2651 expien-

252 2659 302 2687 dos
315 2661 414 2688 veteris
430 2668 561 2695 novaeque
575 2661 642 2697 legis
657 2661 765 2694 tabulae,
782 2662 934 2696 sapientum
949 2662 1042 2696 profa-

252 2713 349 2734 norum
365 2707 448 2742 dicta,
463 2711 676 2743 sanctorumque
694 2707 804 2736 Patrum
822 2708 929 2736 decreta
942 2716 1042 2744 propo-

252 2757 330 2784 nunt,
348 2754 713 2789 utiperscquarishon'iinem
723 2755 1042 2790 inopemctmendicum,

252 2802 280 2824 et
293 2800 389 2834 spiritu
403 2805 430 2828 et
444 2801 526 2828 corde
540 2805 736 2836 compunctum
753 2809 861 2836 qumras
873 2801 906 2828 ad
921 2808 1044 2829 mactan-

293 2889 330 2923 (li)
343 2889 410 2917 (led.
429 2890 444 2917 ϐ
457 2890 534 2926 legit,
552 2891 597 2917 ml.
612 2891 695 2926 ἄλλην
708 2890 881 2926 καθιδρῦσαι,
900 2890 1052 2924 deportata,

1100 2305 1141 2323 σοι
1157 2295 1195 2330 μὴ
1215 2293 1407 2330 βουλόμενονὴ
1427 2291 1476 2326 τῆς
1490 2291 1588 2323 κακίας
1603 2290 1770 2326 ὑπερδολή);
1791 2290 1893 2325 μᾶλλον

1098 2341 1126 2368 δὲ
1145 2341 1170 2367 τί
1186 2348 1232 2366 σου
1252 2339 1370 2374 πρῶτον,
1387 2337 1404 2372 ἢ
1417 2337 1444 2363 τί
1465 2336 1580 2364 ὕστατον
1596 2336 1868 2372 ὲπιμυκτηρίσαιμεν
1882 2341 1890 2368 ;

1098 2387 1148 2423 τὴν
1173 2385 1344 2422 ματαιότητα
1358 2383 1413 2411 τῶν
1436 2383 1588 2418 λογισμῶν,
1606 2384 1622 2419 ἢ
1643 2383 1691 2419 τὴν
1706 2383 1755 2418 τῆς
1771 2382 1892 2413 διανοίας

1098 2432 1284 2469 δυστροπίαν;
1309 2432 1359 2467 τὴν
1388 2431 1438 2466 τῆς
1464 2431 1649 2466 μνησικακίας
1676 2428 1843 2465 ὑπερΰολὴν,
1873 2427 1889 2462 ἢ

1098 2481 1147 2517 τῆς
1165 2480 1270 2511 ἀδικίας
1282 2479 1331 2514 τὴν
1345 2478 1516 2513 φιλοτιμίαν;
1533 2477 1654 2512 Ταῦταὴ
1670 2476 1764 2512 μακρὰ
1779 2475 1889 2510 μελέτην

1099 2526 1146 2553 καὶ
1163 2525 1260 2557 νύκτες
1272 2526 1380 2558 summ,
1393 2524 1442 2551 καὶ
1463 2525 1476 2550 ὸ
1495 2523 1697 2559 δυσαρίθμητος
1710 2521 1764 2547 τῶν
1779 2519 1890 2555 βιϐλίων

1097 2571 1192 2607 ἐσμὸς,
1206 2572 1254 2598 καὶ
1271 2571 1325 2598 τῶν
1341 2570 1493 2605 ἀμοιϐαίων
1514 2567 1697 2602 ἀναγνωστῶν
1713 2567 1761 2593 καὶ
1777 2573 1890 2600 συνομι-

1098 2618 1198 2654 λητῶν.
1219 2617 1248 2644 αἱ
1262 2617 1383 2644 ποικίλαι
1398 2616 1462 2651 περὶ
1478 2615 1541 2646 τοὺς
1567 2615 1664 2648 λόγους
1677 2611 1827 2648 φιλοτιμίαι
1843 2611 1889 2638 καὶ

1097 2663 1313 2700 διαπαρατριϐαί
1328 2671 1336 2696 ;
1351 2661 1463 2688 τοιαῦτά
1475 2670 1504 2687 σε
1525 2660 1711 2695 καρποφορεῖν
1727 2658 1754 2685 αἱ
1772 2656 1888 2684 Παλαιαὶ

1098 2709 1232 2744 Διαθῆκαι
1245 2709 1290 2736 καὶ
1303 2707 1411 2740 Καιναὶ,
1426 2707 1454 2733 αἱ
1469 2706 1523 2732 τῶν
1541 2705 1641 2739 ἔξωθεν
1664 2705 1755 2738 σοφῶν
1770 2703 1889 2738 γνῶμαι,

1099 2755 1217 2782 καὶτῶν
1233 2755 1318 2790 ἁγίων
1341 2755 1366 2780 οί
1389 2753 1468 2788 νόμοι
1492 2753 1539 2779 καὶ
1564 2751 1638 2786 λόγοι
1659 2750 1887 2786 παροτρύνουσιν,

1098 2801 1167 2828 ὥστε
1186 2800 1366 2827 καταδιώκειν
1382 2799 1524 2835 ἄνθρωπον
1540 2798 1643 2833 πένητα
1664 2796 1712 2824 καὶ
1728 2795 1834 2830 πτωχὸν
1850 2795 1890 2830 τῷ

1071 2890 1124 2918 alia
1147 2895 1324 2924 reponeretur.
