2092 3156
216 165 269 198 533

739 167 827 197 VlTA
845 167 876 198 s.
897 166 1045 197 IGNATII
1059 167 1113 198 ορ.
1131 154 1310 198 menter.

1786 168 1839 200 534

209 222 356 257 πνεύματι,
378 221 424 248 καὶ
436 221 675 256 κατανενυγμένον
691 222 726 257 τῇ
751 221 859 257 καρδίᾳ,
885 221 932 248 τοῦ
946 221 996 248 θα-

1068 224 1131 251 um?
1145 223 1202 251 Non
1219 218 1328 251 satiavit
1351 222 1544 258 implicabilcm
1565 222 1648 250 animi
1671 222 1709 250 tui
1726 223 1845 252 furorem

209 269 351 301 νατῶσαι;
368 267 425 294 Οὐκ
444 267 546 304 ἤρκεσέ
562 276 609 293 σου
632 267 679 293 τὸν
703 268 823 302 ἄμετρον
844 267 1001 303 ἀποπλῆσαι

211 315 296 350 θυμὸν
310 315 326 350 ἡ
345 313 421 349 βιαία
437 313 485 340 τοῦ
497 313 592 348 θρὸνου
608 313 692 348 ρίψις,
705 314 731 340 αἱ
741 313 923 348 ἁθεσμὸταται
936 313 1004 340 καθ⁶

210 361 348 396 αιρέσεις,
374 360 401 386 αἰ
435 359 603 386 ἀδικώταται
630 359 774 395 ὐπερορίαι
799 359 827 385 αἰ
852 359 922 385 κατὰ
948 359 1004 385 τῶν

211 406 298 433 ποδῶν
306 405 427 436 ἁλύσεις,
441 405 468 431 αί
485 404 582 440 μυρίαι
599 406 695 439 φυγαὶ,
709 405 758 431 καὶ
775 404 890 440 θλίψεις,
903 405 949 432 καί
957 413 1003 431 συ-

211 451 367 486 κοφαντίαι,
392 451 439 478 καὶ
462 450 594 482 διαϐολαὶ,
624 448 668 482 αἷς
693 450 773 477 αὑτὸν
795 450 934 484 ἐπλυνας;
956 450 1004 478 καὶ

210 498 265 532 γὰρ
282 496 400 528 ἔπλυνας
414 495 523 530 ἀληθῶς
535 495 674 527 τοσοῦτον,
688 496 750 522 ὅσον
765 495 923 532 ὲρρύπανας
938 504 1004 522 σαυ-

210 545 266 569 τόν.
285 543 342 569 Οὐκ
366 543 468 578 ἤρκεσε
496 542 583 569 ταῦτα
597 562 604 573 ,
619 542 687 569 ἀλλὰ
707 542 756 569 καὶ
777 542 817 569 ἐτι
839 542 922 578 βιάζῃ
939 541 1004 576 ῥοῦν

212 589 336 624 ποταμοῦ
357 589 449 624 μάτην
476 588 609 616 ἀπολέσαι
625 588 799 623 φιλονεικῶν,
819 588 866 614 καὶ
879 588 925 614 τὸν
953 588 1006 614 ὑπὸ

211 636 258 662 τοῦ
279 636 347 662 Θεοῦ
369 635 562 671 δικαιούμενον
578 636 765 671 κατακρίνειν,
783 636 830 662 καὶ
851 636 1006 662 ἀδικώτατα

213 681 406 712 καταδικάζειν
431 681 632 716 ἐπιτιθέμενος,
654 683 701 708 καὶ
723 681 811 716 ταύτῃ
827 681 872 708 τὸν
896 681 1007 716 ἔλεγχον

213 726 267 754 τῶν
301 726 375 754 ἰδίων
401 728 588 762 ἀνομημάτων
624 727 767 762 διαδρᾶναι
792 727 853 754 λίαν
886 727 1008 762 ἀνοήτως

215 773 417 807 διανοούμενος,
435 773 529 808 ὥσπερ
548 773 599 800 οὐκ
616 773 775 808 ἐφεστώσης
793 773 860 799 Θεοῦ
879 773 1008 808 προνοίας

212 818 270 850 τοῖς
287 818 468 854 πράγμασιν,
493 818 510 853 ἢ
540 820 648 854 καιροῖς
671 819 747 850 ἰδίοις
770 819 878 854 ἑκάστῳ
899 819 1008 850 πάντως

213 864 262 899 τὴν
281 864 349 891 ίδίαν
359 864 496 891 ἀποδώσει
512 863 611 900 πρᾶξιν
625 873 632 898 ;
654 864 725 899 Ἐγὼ
738 864 891 900 λογίζομαι,
905 865 947 892 ὅτι
962 865 1008 892 καὶ

1054 269 1197 303 tyrannica
1212 269 1244 297 de
1260 268 1363 296 throno
1376 268 1492 303 dejectio
1503 289 1511 301 ,
1525 267 1627 296 illicitae
1649 268 1846 303 depositiones,

1055 314 1232 350 iniquissima:
1240 315 1464 349 proscriptiones,
1474 314 1620 349 compedes
1631 318 1658 341 et
1666 315 1775 343 vincula
1785 336 1793 348 ,
1804 316 1845 343 in-

1055 359 1130 386 iinita
1143 359 1250 391 exsilia,
1260 360 1415 391 calumniae,
1424 367 1564 391 aerumnae,
1572 360 1742 392 vexationes,
1750 361 1850 395 quibus

1056 404 1131 432 illum
1147 404 1278 433 abluisti?
1290 412 1383 433 revera
1393 406 1465 433 enim
1481 409 1622 440 tantopere
1635 406 1710 432 illum
1720 407 1829 434 abluisti
1841 428 1849 440 ,

1055 456 1224 487 quantopere
1232 451 1574 487 teipsuminquinasti.Nec
1586 452 1629 479 his
1640 457 1796 485 contentus,
1807 454 1850 481 in-

1057 503 1138 530 super
1154 496 1357 530 l'ontemipsum
1379 495 1500 523 ﬂuminis
1520 496 1678 524 altercando
1690 497 1784 525 studes
1804 505 1852 524 ex-

1057 541 1178 574 haurire,
1186 545 1213 569 et
1223 542 1258 569 ab
1281 541 1341 576 ipso
1353 542 1508 569 absolutum
1523 541 1640 570 Numine
1655 543 1849 576 condemnare,

1058 587 1201 623 modisque
1216 588 1415 623 indignissimis
1432 588 1649 616 circumventum
1666 589 1748 616 veluti
1773 597 1850 617 reum

1059 633 1205 661 uoxiumve
1221 634 1352 669 perdere?
1366 639 1396 662 ut
1412 634 1465 662 hoc
1479 635 1646 662 stultissimo
1660 635 1780 662 consilio
1792 643 1852 662 sce-

1058 678 1144 707 larum
1162 684 1271 707 tuorum
1295 680 1427 715 judicium
1453 681 1543 715 possis
1571 680 1725 714 declinare,
1740 680 1853 716 perinde

1059 726 1137 758 Quasi
1151 727 1234 754 rebus
1247 726 1378 754 humanis
1394 726 1486 754 nullus
1496 727 1640 762 praesideat
1650 727 1732 758 Deus,
1745 731 1792 754 aut
1807 727 1854 754 ille

1059 781 1111 801 suo
1124 777 1247 807 tempore
1260 780 1314 800 non
1328 773 1363 800 sit
1376 772 1523 808 unicuique
1532 773 1689 801 redditurus
1701 773 1852 801 secundum

1059 828 1142 856 opera
1156 828 1218 848 sua.
1233 820 1290 854 Ego
1304 827 1368 847 vero
1381 819 1498 847 arbitror
1514 825 1539 847 te
1552 827 1662 855 quoque
1682 820 1709 848 in
1728 820 1771 848 die
1785 820 1854 848 visi—

1060 867 1174 894 tationis
1199 871 1252 894 tum
1269 873 1285 893 a
1310 865 1365 894 Deo
1390 866 1497 894 dicente
1521 866 1678 894 auditurum
1698 866 1809 899 :Quurc
1825 871 1854 893 tu

214 898 296 941 αὗτδς
307 910 335 936 ἐν
347 910 440 946 ἡμέρᾳ
454 898 609 945 ἐπισκοπῆς
624 898 695 947 πρὸς
705 910 752 937 τοῦ
766 898 892 946 λέγοντος
904 910 1009 947 ἀκούσῃ

1065 919 1170 939 ειιανναδ
1178 911 1302 946 justitias
1315 919 1396 942 meas,
1405 914 1430 937 et
1444 912 1557 938 assumis
1572 915 1755 937 testamentum
1769 918 1855 937 meum

215 955 283 982 Θεοῦ
297 964 304 970 ·
320 956 387 984 Ἵνα
403 956 433 983 τί
459 956 500 983 σὺ
523 956 647 992 ἐκδιηγῇ
674 956 710 984 τὰ
730 957 911 991 δικαιώματὰ
936 966 1008 991 μου,

215 1000 264 1026 καί
282 1000 505 1035 ἀναλαμϐάνεις
533 1000 591 1034 τὴν
618 999 765 1035 διαθήκην
783 1010 844 1035 μου
869 1001 918 1029 διὰ
942 1002 1011 1029 στό-

213 1045 308 1080 ματός
319 1052 378 1072 σου
388 1053 398 1078 ;
411 1045 457 1072 καί
474 1045 524 1071 ὅσα
540 1045 591 1080 τῆς
610 1045 762 1080 ἱερολογίας
789 1045 1012 1081 ἑξῆς.⁴Κρεῖττον

215 1091 270 1126 γὰρ
298 1088 375 1126 οἶμαι
403 1090 481 1126 ἀνδρὶ
507 1090 691 1126 ἁναλφαῦήτῳ
718 1090 806 1126 πάντη
827 1091 887 1117 ικαὶ
909 1090 1012 1126 ἀμαθεῖ

219 1137 288 1171 μετὰ
308 1136 488 1172 συνειδήσεως
516 1136 624 1172 ἀγαθῆς
649 1136 843 1172 ἀνεπιλήπτως
871 1136 964 1172 βιοῦν,
993 1137 1009 1172 ἢ

217 1183 321 1215 πάντας
339 1183 429 1215 θείους
453 1183 500 1210 καὶ
524 1183 711 1219 ἀνθρωπίνους
727 1183 823 1217 λόγους
844 1183 940 1218 σοφίας
964 1183 1012 1210 ἀν-

217 1229 348 1256 ιλῖττοντι
361 1229 405 1256 διὰ
418 1228 554 1264 γλώσσης,
568 1229 614 1256 καὶ
628 1230 742 1265 μακροῖς
755 1229 844 1263 λόγων
855 1230 1012 1264 συντάγμα-

219 1285 262 1302 σιν
284 1275 485 1311 ὲπαινουμένῳ,
514 1275 628 1310 φονικὴν
653 1275 844 1311 ἀναρριπίζειν
864 1275 936 1302 κατὰ
963 1274 1011 1301 τοῦ

218 1321 332 1356 πλησίον
356 1321 465 1357 βουλήν.
484 1321 547 1353 Πῶς
573 1321 634 1348 οὐδὲ
651 1321 699 1347 τοῦ
728 1321 847 1357 μεγάλου
869 1320 1012 1347 Βασιλείου

217 1367 272 1393 τῶν
286 1367 374 1402 λόγων
396 1367 555 1394 κατακούων
578 1367 617 1403 (7)
633 1367 805 1403 ηὐλαϐήθης,
830 1368 859 1394 ἐν
882 1367 1012 1402 ἐκπλήξει

219 1412 284 1447 περί
299 1421 372 1445 τινος
390 1413 523 1446 εἰπόντος,
540 1413 582 1439 ὅτι
598 1413 730 1440 πλειόνων
744 1412 927 1448 ἀκμασάντων
942 1413 1015 1448 αἰρε-

219 1455 340 1492 σιαρχῶν
363 1456 435 1483 κατὰ
459 1457 510 1492 τὴν
530 1457 696 1492 οἰκουμένην
711 1457 832 1489 ἅπασαν,
848 1457 936 1489 οὐδεὶς
949 1457 1015 1484 ἁνα-

219 1503 403 1538 ορονιασμοὺς
418 1502 527 1529 τελέσαι
550 1503 717 1538 ἐθάρρησεν,
733 1504 757 1530 εἰ
781 1502 819 1538 μὴ
840 1504 854 1529 δ
882 1503 1015 1538 ’Λγκυρο-

219 1549 341 1582 γαλάτης
359 1548 518 1582 Εὑστάθιος,
534 1545 639 1581 οὗτινος
669 1549 719 1584 τὴν
746 1549 922 1584 μυσαρότητα
936 1549 953 1584 ὴ
984 1549 1014 1575 ὲν

1062 965 1108 992 per
1126 965 1154 984 οε
1167 961 1240 983 tuum
1256 957 1287 983 7?
1301 961 1328 984 et
1344 964 1404 991 qua:
1418 956 1548 990 deinceps
1563 955 1588 982 in
1604 963 1683 983 sacra
1696 955 1794 991 pagina
1812 963 1856 983 sc-

1062 1005 1195 1037 quuntur.
1212 1001 1344 1036 Equidem
1357 1001 1456 1028 meiius
1467 1005 1559 1028 actum
1575 1000 1608 1027 iri
1617 1007 1715 1028 censeo
1727 1008 1789 1027 cum
1804 999 1856 1027 hn-

1063 1047 1136 1074 Inine
1151 1047 1358 1082 imperitissimo
1371 1067 1379 1080 ,
1396 1047 1542 1081 omnisque
1554 1046 1712 1074 litteratura:
1730 1049 1758 1073 et
1773 1045 1857 1072 disci-

1063 1093 1144 1128 plinae
1159 1098 1280 1128 experte,
1299 1093 1322 1120 si
1340 1100 1402 1120 cum
1419 1100 1487 1128 pura
1503 1093 1670 1120 conscientia
1688 1092 1856 1127 inculpatam

1062 1140 1146 1166 vitam
1159 1140 1250 1174 degat,
1266 1147 1348 1174 quam
1363 1147 1426 1167 eum
1439 1146 1482 1171 eo,
1495 1139 1542 1174 qui
1556 1135 1647 1166 omnia
1660 1138 1759 1166 divinae
1769 1142 1796 1165 et
1807 1138 1859 1165 hu-

1064 1193 1151 1213 manm
1165 1186 1306 1221 sapientia:
1316 1186 1428 1213 oracula
1449 1193 1498 1213 ore
1514 1186 1605 1213 volvat
1616 1186 1745 1221 jactetre,
1755 1185 1860 1221 longis~

1063 1239 1115 1266 que
1125 1231 1192 1266 legis
1202 1236 1229 1259 et
1238 1232 1362 1266 logorum
1379 1231 1565 1258 voluminibus
1574 1231 1711 1263 laudatus,
1721 1231 1853 1258 adversus

1063 1279 1178 1305 alterum
1195 1278 1332 1306 exitialem
1349 1277 1462 1305 nocendi
1481 1277 1571 1305 foveat
1584 1277 1763 1305 voluntatem.
1778 1276 1810 1303 Et
1820 1281 1860 1310 tu,

1063 1323 1156 1350 audita
1168 1322 1260 1357 magni
1275 1321 1368 1349 Basilii
1386 1322 1520 1349 sententia
1537 1321 1586 1357 (7),
1602 1321 1670 1348 nihil
1685 1320 1856 1354 reformidas,

1063 1376 1125 1396 eum
1138 1368 1171 1396 de
1183 1367 1310 1402 quopiam
1324 1366 1539 1394 admirabundus
1548 1366 1626 1399 dixit,
1643 1365 1748 1393 nullum
1760 1373 1792 1393 ex
1801 1372 1860 1392 om-

1065 1413 1146 1440 nibus
1164 1412 1248 1439 totius
1277 1411 1353 1439 orbis
1371 1411 1582 1443 harcsiarchis,
1600 1411 1648 1446 qui
1672 1410 1748 1438 fuere
1776 1417 1860 1445 quam

1065 1458 1158 1492 plures
1171 1476 1179 1489 ,
1191 1464 1289 1484 ausum
1304 1456 1390 1484 fuisse
1404 1463 1555 1488 resecrare,
1571 1459 1670 1490 prreter
1684 1454 1861 1482 Eustathium

1065 1503 1303 1538 Ancyrogalatam,
1312 1502 1392 1537 cujns
1403 1501 1540 1529 nefarium
1553 1501 1643 1529 scelus
1654 1501 1774 1537 synodus
1786 1500 1862 1529 Gan-

1067 1548 1172 1581 grensis
1184 1545 1361 1581 exponit.Sed
1382 1546 1417 1574 ob
1432 1546 1490 1573 lure
1504 1545 1727 1580 sapientissimus
1743 1544 1753 1580 (
1768 1549 1862 1573 noster

219 1594 360 1629 Γάγγραις
384 1594 449 1628 ἁγία
466 1593 617 1629 παρίστησι
634 1593 761 1626 σύνοδος;
783 1593 864 1620 ’Λλλὰ
882 1593 988 1626 τούτοις
1003 1595 1013 1620 c’

1069 1590 1201 1624 Photius)
1222 1598 1276 1617 non
1308 1589 1388 1617 modo
1415 1589 1491 1617 nullo
1510 1589 1614 1624 Pudore
1639 1589 1859 1621 suﬂ'undehatur,

221 1639 376 1674 σηφὼτατος
397 1640 428 1665 οὐ
453 1639 543 1675 μόνον
557 1639 609 1666 οὐκ
624 1639 835 1672 ἐνεκαλύπτετο,
857 1639 927 1666 ἀλλὰ
954 1639 1018 1666 τού-

222 1686 328 1713 ναντίον
346 1686 394 1712 καὶ
409 1685 643 1721 ἐνελαμπρύνετο,
667 1685 746 1717 δόξαν
775 1685 875 1721 μᾶλλον
891 1686 925 1712 τὰ
949 1685 1018 1721 ἔργα

221 1731 271 1766 τῆς
286 1731 417 1767 αἰσχύνης
447 1731 495 1759 καί
521 1731 589 1758 ἰδίαν
602 1731 686 1766 τιμὴν
701 1732 864 1767 ἡγούμενος,
885 1731 943 1765 εῐγε
959 1740 1019 1758 και-

222 1777 346 1813 νοπρεπῆ
369 1777 417 1804 καὶ
442 1777 493 1813 τῆς
524 1777 757 1813 ὲκκλησιαστικῆς
772 1778 948 1813 παραδόσεως
971 1778 1019 1805 ἁλ-

223 1822 318 1857 λότρια
333 1823 502 1857 τεχνᾶζοιτο.
527 1822 598 1849 Ἀλλ’
612 1824 626 1849 ὁ
644 1823 694 1858 μὲν
706 1822 805 1854 οὓτως.

265 1867 303 1893 Οὐ
320 1867 498 1902 κατασιγήσω
512 1867 540 1893 δὲ
557 1866 613 1901 ἐγὼ
623 1867 669 1893 τὸν
682 1867 728 1894 τοῦ
739 1868 877 1904 Καίσαρος
892 1868 996 1904 ὖνειρον
1010 1877 1017 1884 ·

224 1912 284 1938 οὐδὲ
313 1912 428 1939 δίκαιον.
448 1913 478 1938 Εἰ
503 1913 558 1949 γὰρ
584 1914 632 1940 καὶ
656 1914 680 1940 οἰ
703 1914 796 1940 πολλοὶ
820 1914 870 1949 μὲν
886 1915 975 1942 αὐτῶν
987 1915 1020 1942 ὲκ

224 1958 280 1985 τῶν
315 1958 508 1994 μεθημερινῶν
550 1959 700 1995 φροντίδων
735 1960 783 1986 καὶ
817 1961 1020 1996 ἐνθυμημάτων

226 2004 319 2039 ἔχουσι
334 2004 383 2036 τὰς
399 2005 496 2040 ἀρχὰς,
516 2004 610 2031 πολλοὶ
622 2005 652 2032 δὲ
669 2005 716 2032 καὶ
736 2005 788 2032 ὑπὸ
801 2005 936 2040 δαιμόνων
953 2007 1020 2033 καθ-

225 2050 349 2077 εύδουσιν
385 2050 612 2077 ὑποτυποῦνται·
639 2051 708 2078 ἀλλὰ
739 2051 786 2078 καὶ
814 2051 867 2078 ὑπὸ
895 2052 1020 2086 ἀγγέλων

225 2094 294 2121 Θεοῦ
313 2095 387 2122 ἔστιν
399 2096 443 2123 ὅτε
465 2096 657 2131 προστάγματι
678 2096 893 2132 σχηματίζονται
911 2096 1020 2133 [Θεοῦ],

226 2141 274 2168 καὶ
286 2141 333 2167 ἐπὶ
351 2143 409 2173 τοῖς
425 2142 540 2177 ἄρχουσι
557 2142 585 2168 δὲ
602 2142 720 2177 μάλιστα
746 2142 793 2169 καὶ
814 2142 981 2178 βασιλεῦσιν,
995 2143 1020 2170 εἰ

226 2187 273 2213 καὶ
284 2187 321 2222 μὴ
331 2187 454 2220 εὐσεὸεἰς
466 2186 530 2215 εἶεν.
550 2188 620 2214 Ἀλλ’
631 2187 678 2215 οὖν
690 2188 720 2214 τὸ
731 2187 841 2223 πνεῦμα
855 2190 905 2224 τῆς
916 2197 1022 2224 προφη-

225 2233 311 2266 τείας,
331 2234 385 2260 εἴτε
414 2235 482 2270 πρὸς
505 2235 536 2261 τὺ
559 2235 650 2266 αὐτοῖς
671 2235 787 2266 ἐκείνοις
810 2235 864 2261 εῐτε
891 2236 947 2266 τοῖς
971 2235 1022 2261 ὐπ-

225 2279 319 2313 ηκόοις
335 2279 504 2313 λυσιτελοῦν,
520 2280 648 2310 πολλάκις
664 2281 787 2316 ἐνεργεῖν
806 2277 877 2307 οἶδεν
889 2288 897 2295 '
913 2280 952 2312 ὡς
973 2281 1021 2307 ἐπὶ

226 2322 274 2349 τοῦ
287 2323 388 2358 Φαραὼ
411 2323 459 2350 καὶ
479 2323 528 2350 τοῦ
550 2324 788 2359 Ναϐουχοδονόσορ
805 2324 1019 2360 μεμαθήκαμεν.

227 2368 306 2394 Οὕτω
319 2369 366 2395 καὶ
383 2369 491 2404 Βάρδας
516 2370 529 2395 ὁ
552 2370 662 2404 Καῖσαρ
688 2365 765 2401 οὗτος
779 2369 906 2397 Φιλόθεον
917 2370 1020 2396 ἐκεῖνον

227 2414 346 2446 γενικῶν
363 2424 428 2441 ποτε
440 2415 597 2450 λογοθέτην,
613 2415 745 2450 καὶφίλον
761 2415 835 2450 αὺτῷ
851 2416 945 2442 πιστὸν
956 2416 1021 2443 ὅντα

228 2461 500 2496 προσκαλεσάμενος,
530 2460 590 2488 λίαν
624 2461 704 2496 ἐῴκει
726 2461 956 2497 τεθορυϐημένω·
972 2462 1020 2488 καὶ

227 2505 346 2540 ἄσθματι
361 2506 457 2541 πυκνῷ
470 2507 661 2541 συνεχόμενος,
676 2506 709 2532 Ὢ
724 2506 843 2538 Φιλόθεε,
853 2506 914 2542 ἔφη,
929 2507 1021 2542 ὅραμα

228 2549 308 2584 εἶδον,
320 2553 368 2578 καὶ
385 2553 474 2580 πάντα
505 2561 557 2588 μου
590 2552 735 2588 συνέτριψε
751 2552 785 2579 τὰ
800 2553 877 2584 ὀστᾶ,
892 2553 939 2579 καὶ
955 2552 1019 2584 τοὺς

227 2598 332 2633 ἁρμοῦς
343 2601 392 2634 τῆς
407 2599 508 2634 ὀσφύος
521 2609 571 2634 μου
585 2599 689 2627 ἔλυσεν.
705 2600 795 2635 ’ῼμην
805 2599 860 2634 γὰρ
875 2599 1018 2626 κατὰταύ-

227 2649 279 2677 την
291 2644 340 2677 τὴν
353 2643 449 2676 νύκτα,
468 2644 505 2676 ὡς
516 2645 596 2679 δῆθεν
608 2644 795 2680 προελεύσεως
809 2643 903 2679 οὔσης,
918 2644 958 2676 εἰς
971 2644 1019 2680 τὴν

227 2688 357 2724 Μεγάλην
376 2690 540 2726 Ἐκκλησίαν
557 2691 627 2726 μετὰ
649 2690 697 2717 τοῦ
729 2690 862 2726 βασιλέως
886 2691 1022 2718 εἰσιέναι·

264 2779 274 2794 ⁷
286 2779 357 2806 Psal.
374 2787 446 2813 λιιι,
463 2780 505 2807 16.

265 2867 303 2903 (7)
317 2867 384 2897 Vide
399 2869 526 2898 Basiliam
546 2871 608 2907 Iw,
623 2871 657 2900 ad
676 2871 847 2900 Theodotum.

1068 1631 1113 1658 sed
1124 1630 1266 1665 magniﬁce
1277 1629 1358 1656 etiam
1368 1636 1398 1656 se
1409 1629 1572 1661 ostentabat,
1585 1633 1660 1656 ratus
1673 1637 1705 1656 ex
1721 1629 1825 1656 honore
1835 1630 1862 1656 id

1068 1685 1118 1704 suo
1129 1676 1316 1712 dignitateque
1331 1675 1399 1707 fore,
1416 1676 1438 1703 si
1455 1683 1509 1711 qua
1524 1683 1592 1703 nova
1607 1679 1634 1702 et
1647 1676 1681 1703 ab
1695 1675 1863 1703 erclesiasth

1068 1731 1098 1750 ca
1113 1722 1258 1757 disciplina
1281 1722 1369 1748 aliena
1388 1721 1569 1756 excogitaret.
1587 1721 1677 1756 Atque
1689 1721 1727 1748 ita
1750 1721 1862 1756 quidem

1069 1777 1098 1797 sc
1110 1770 1221 1804 gerebat
1237 1768 1362 1796 Pbotius.

1105 1857 1157 1885 Sed
1175 1865 1190 1884 ιι
1210 1864 1263 1889 me,
1291 1864 1340 1892 per
1362 1863 1490 1884 somnum
1508 1856 1603 1883 Bardae
1626 1855 1727 1884 Cresari
1751 1855 1858 1890 objecta

1070 1904 1176 1939 species
1194 1903 1295 1938 (neque
1310 1903 1381 1931 enim
1396 1903 1437 1930 fas
1448 1904 1510 1938 est),
1534 1902 1644 1930 silentio
1661 1902 1793 1937 praeteriri
1808 1909 1863 1929 non

1070 1951 1160 1978 debet.
1186 1949 1319 1983 Quamvis
1349 1949 1421 1976 cnim
1451 1949 1536 1976 multa
1561 1956 1576 1975 a
1599 1947 1716 1983 negotiis
1731 1955 1778 1982 per
1792 1947 1863 1975 diem

1071 1996 1138 2024 actis
1153 1996 1194 2023 vel
1209 1996 1334 2031 cogitalis
1350 2003 1462 2022 causam
1476 1994 1599 2027 trahant,
1618 2001 1668 2021 nec
1681 2001 1769 2028 pauca
1784 2000 1798 2019 a
1810 1993 1865 2020 da:-

1071 2042 1198 2070 monibus
1210 2049 1258 2075 per
1273 2041 1406 2077 imagines
1423 2040 1623 2075 subiiciantur;
1640 2045 1682 2067 est
1695 2044 1785 2066 tamen
1800 2047 1863 2066 cum

1071 2088 1153 2116 etiam
1168 2096 1183 2115 a
1199 2088 1278 2116 bonis
1291 2087 1395 2123 angelis
1407 2087 1488 2122 jussu
1512 2086 1558 2114 Dei
1583 2090 1779 2121 suggeruntur,
1793 2093 1864 2120 pra:-

1073 2134 1167 2162 sertim
1194 2133 1402 2169 magistratibus
1428 2137 1454 2160 et
1475 2132 1594 2168 regibus,
1619 2131 1745 2166 quamvis
1762 2131 1862 2165 impiis.

1072 2180 1140 2208 Nam
1153 2181 1267 2216 spiritus
1279 2180 1428 2216 prophetiae
1437 2180 1491 2207 vim
1514 2186 1603 2211 suam,
1618 2179 1675 2206 sive
1691 2177 1724 2205 ad
1741 2177 1863 2213 ipsorum

1073 2228 1239 2262 principum,
1272 2227 1330 2254 sive
1352 2227 1406 2254 illis
1434 2226 1622 2261 subjectorum
1647 2225 1760 2252 salutem
1788 2225 1864 2253 novit

1074 2281 1145 2309 smpe
1159 2281 1289 2301 exerere:
1305 2273 1331 2300 id
1355 2273 1428 2308 quod
1443 2271 1578 2299 Pharaoni
1597 2276 1623 2299 et
1646 2271 1865 2298 Nabuchodono-

1074 2320 1130 2347 sori
1144 2320 1277 2347 accidisse
1292 2319 1450 2346 didicimus.
1467 2319 1506 2345 Ita
1522 2318 1623 2345 Bardas
1640 2318 1732 2345 Caesar
1749 2317 1864 2344 [aliiilia-

1074 2375 1132 2393 rcm
1145 2374 1226 2394 suum
1243 2370 1403 2401 certumque
1427 2364 1545 2392 amicum
1574 2364 1758 2396 Philotheum,
1774 2370 1864 2398 quon-

1074 2413 1136 2440 dam
1157 2412 1316 2447 genicorum
1347 2412 1525 2445 logothetam,
1542 2409 1796 2445 perturbatissimus
1816 2416 1863 2436 ac—

1074 2459 1184 2486 cersivit
1195 2479 1202 2490 ,
1219 2458 1389 2492 multumque
1401 2457 1550 2485 anhelans:
1565 2456 1599 2482 Mi
1617 2455 1752 2488 Philothc,
1765 2455 1864 2490 inquit.

1074 2505 1210 2532 somnium
1234 2503 1301 2535 vidi,
1329 2503 1401 2538 quod
1430 2503 1521 2530 omnia
1552 2509 1616 2529 ossa
1635 2509 1695 2529 mea
1724 2500 1864 2532 contrivit,

1075 2557 1226 2584 omnesque
1256 2550 1381 2584 corporis
1410 2556 1512 2576 nervos
1539 2547 1674 2576 dissolvit.
1703 2546 1760 2574 llac
1784 2551 1865 2573 nocte

1076 2595 1149 2622 enim
1167 2595 1277 2622 videbar
1302 2599 1430 2630 tanquam
1447 2594 1474 2620 in
1491 2593 1600 2629 publica
1619 2600 1715 2629 pompa
1733 2599 1795 2619 eum
1813 2591 1863 2617 im-

1074 2647 1199 2677 peratore
1214 2641 1247 2668 ad
1261 2649 1385 2676 magnam
1403 2640 1544 2668 basilicam
1566 2639 1693 2675 prodire,
1718 2636 1864 2670 Videreque

1074 2689 1301 2724 archangclorum
1316 2689 1416 2725 eﬂigics
1448 2697 1496 2725 per
1521 2688 1655 2717 fenestras
1670 2691 1765 2714 omnes
1781 2690 1864 2719 supe-
