2092 3156
226 151 278 183 535

830 156 974 187 ΝΙΟΕΤΑΕ
993 158 1259 190 PAPHIAGONIS

1807 162 1858 194 536

224 207 313 236 tiores
327 212 353 235 et
370 207 513 236 inferiores
529 209 555 236 in
584 209 715 245 templum
740 212 876 247 respicere
894 221 901 239 :
916 218 1014 241 etcum

1072 215 1138 242 κατὰ
1151 216 1240 247 πάσας
1251 215 1279 242 δὲ
1290 215 1400 250 θυρίδας
1412 216 1460 248 τὰς
1478 216 1534 244 ἄνω
1544 216 1591 244 καὶ
1602 216 1653 250 τὰς
1666 216 1741 245 κάτω
1751 218 1858 251 εῐκόνας

224 254 257 280 ad
274 255 418 282 ambonem
442 255 611 283 venissemus
622 277 629 289 ,
650 258 764 292 spectati
783 264 846 286 sunt
863 260 944 287 veluti
960 260 1014 287 duo

225 306 240 326 a
258 300 403 332 cubiculis,
419 300 506 327 severi
516 308 547 327 ac
561 306 651 329 truces
668 312 674 329 :
693 310 810 338 quorum
835 305 905 332 alter
925 306 1012 340 ipsum

225 345 416 379 imperatorem
444 345 565 373 vinctum
589 348 710 382 capiens,
735 349 768 376 ad
795 349 919 377 dextrum
943 351 1014 378 latus

225 393 353 422 tractum,
383 397 399 418 e
423 391 580 424 pavimento
619 392 747 421 cancellis
788 395 913 429 proximo
941 396 1015 423 velut

170 448 173 454 κ
226 436 338 462 noxium
371 435 587 472 damnatumque
608 438 749 473 pellebat:
772 440 841 467 alter
877 449 942 468 vero
971 449 1015 469 me

224 481 280 514 pari
299 480 379 508 modo
392 480 425 507 ad
442 482 581 509 sinistram
593 487 697 517 partem
717 484 878 512 abducebat.
901 484 934 512 Et
949 485 1012 512 dum

224 532 334 561 repente
354 527 561 563 circumspicio,
590 529 779 558 animadverto
794 531 821 558 in
848 532 948 559 throno
966 539 1010 567 pa~

224 573 363 600 triarchali
391 575 417 600 in
445 574 534 609 adytis
563 575 653 602 virum
678 576 794 611 principi
828 578 1014 612 apostolorum

222 618 301 645 Petro
317 618 403 646 forma
423 619 603 655 simillimum,
617 622 795 657 geminosque
807 623 845 650 illi
857 624 1016 651 assistentes

222 672 289 692 sane
321 664 517 698 formidabiles,
545 666 591 700 qui
617 668 826 702 praepositorum
856 668 1014 703 dignitatem

223 718 277 745 pra:
292 709 323 738 se
331 710 462 739 ferebant.
480 712 520 740 Ad
537 712 656 740 sedentis
678 721 761 748 porro
776 722 865 749 genua
889 722 1016 749 procum-

222 758 330 786 bentem
351 766 434 786 cerno
458 758 593 794 lgnatium
626 760 788 795 supplicem,
805 761 953 796 multisque
973 761 1015 789 la-

221 803 324 838 crymis
352 803 514 839 perfusum;
549 804 618 833 adeo
644 811 674 833 ut
697 806 756 841 ipse
787 815 897 842 quoque
918 807 1016 835 Petrus

221 849 317 885 lgnatii
336 851 421 878 vicem
433 851 579 879 miseratus
595 853 768 887 ingemuerit.
791 853 877 881 Porro
894 854 1015 890 lgnatius

223 896 380 924 clamitabat
398 897 541 933 :Claviger
555 898 676 926 cmlestis
693 899 780 934 regni.
799 903 827 927 et
842 905 917 935 petra
935 907 1017 934 super
1033 895 1055 924 Β

223 949 305 976 quam
335 942 462 971 Christus
481 943 551 971 Deus
572 943 726 971 Ecclesiam
744 952 820 972 suam
847 944 975 975 ﬁrmavit.
996 941 1019 972 si

223 989 333 1023 quidem
349 989 396 1016 tibi
413 990 532 1024 ignotum
552 998 607 1017 non
626 997 677 1024 est,
698 999 780 1026 quam
801 991 895 1025 inique
910 986 1018 1018 mecum

223 1040 314 1063 actum
331 1035 378 1068 sit,
402 1036 492 1063 solare
519 1036 726 1064 alllictissimam
755 1041 892 1064 senectam
917 1043 1018 1063 meam.

222 1079 274 1107 Cui
294 1080 391 1107 beatus
417 1080 516 1108 Petrus
535 1080 673 1108 :Ostende
707 1085 864 1108 vexatorem
886 1084 974 1110 tuum,
992 1083 1020 1106 et

223 1125 295 1153 Deus
320 1125 401 1154 faciet
429 1134 491 1154 cum
520 1126 671 1154 tentatione
696 1129 879 1162 proventum;
908 1130 935 1152 et
955 1132 1020 1152 con-

224 1180 320 1200 versus
343 1173 464 1208 lgnatius
486 1181 568 1200 manu
587 1181 629 1200 me
656 1173 815 1204 indicabat;
835 1176 882 1199 et:
899 1171 959 1202 Hic,
978 1171 1019 1198 in‘

222 1219 294 1252 quit,
314 1219 374 1254 plus
389 1219 519 1247 omnibus
540 1227 583 1246 me
604 1219 708 1252 amixit,
729 1223 757 1246 ut
774 1226 855 1254 quem
883 1219 958 1245 nulla
978 1225 1021 1245 sa-

226 1264 305 1292 tietas
332 1265 384 1292 mei
414 1265 555 1293 cruciandi
573 1265 684 1300 ceperit.
709 1265 778 1292 Tum
801 1264 848 1300 qui
872 1265 899 1292 in
920 1264 1019 1291 throno

223 1310 392 1342 considebat,
408 1318 471 1338 cum
489 1311 631 1339 annuisset
657 1311 695 1338 illi
717 1311 763 1346 qui
781 1311 814 1338 ad
832 1311 957 1337 dextram
973 1316 1019 1336 as-

223 1357 348 1390 sistebat,
362 1357 459 1385 educta
478 1358 575 1390 sicula.
592 1358 681 1393 palam
698 1357 826 1385 omnibus
845 1356 1019 1384 audientibus

223 1405 389 1432 sententiam
424 1406 621 1440 pronuntiavit.
656 1404 744 1438 Hunc,
770 1405 872 1439 inquit,
900 1403 1017 1430 invisum

225 1449 279 1477 Deo
308 1449 425 1477 Bardam
440 1451 587 1485 prehende,
606 1455 633 1478 et
646 1450 711 1478 foris
731 1450 757 1477 in
784 1450 854 1477 atrio
881 1449 1017 1476 frustatim

223 1496 348 1523 concide.
380 1496 522 1531 Extemplo
540 1504 606 1531 ergo
628 1497 662 1525 ad
688 1496 852 1531 supplicium
879 1495 1018 1530 abreptus,

225 1542 382 1578 vidi_quod
413 1547 441 1570 et
462 1543 622 1577 imperatori
649 1543 749 1570 minaci
780 1549 863 1569 manu
890 1542 1016 1569 diceret:

225 1589 369 1624 Exspecta,
391 1589 473 1624 impie
496 1589 546 1616 Illi.
575 1589 664 1623 Atque
683 1588 721 1615 ita
744 1587 810 1615 mihi
824 1588 900 1615 visus
914 1595 975 1615 sum
992 1595 1021 1614 re

225 1643 291 1662 vera
307 1635 425 1662 concidi.
442 1634 505 1662 Haec
524 1634 625 1662 Caesari
644 1634 759 1662 attonito
773 1638 799 1661 et
815 1641 876 1661 cum
892 1633 1021 1668 lacrymis

226 1682 361 1715 narranti,
378 1681 547 1716 Theophilus
565 1682 681 1713 :Paree,
702 1681 801 1716 inquit,
817 1681 937 1713 domine,
951 1679 1022 1707 infe-

227 1728 362 1755 licissimo
375 1727 445 1761 seni,
464 1731 492 1754 et
511 1727 544 1754 ad
569 1728 616 1755 Dei
632 1727 750 1755 tribunal
771 1727 934 1762 respiciens,
959 1733 1020 1753 eum

227 1774 401 1809 nequejure,
416 1781 505 1808 neque
524 1773 623 1809 injuria
637 1774 730 1801 lrcdas.
744 1772 797 1801 Sed
813 1772 915 1801 Bardas
932 1780 966 1800 ne
982 1773 1022 1800 sic

226 1819 337 1854 quidem
359 1819 445 1846 voluit
470 1819 631 1854 intelligere.
647 1824 678 1846 ut
689 1819 758 1846 bene
780 1822 889 1854 ageret;
903 1817 950 1846 sed
966 1817 1022 1845 for-

227 1865 365 1893 midandis
378 1865 454 1893 hisce
468 1865 731 1893 comminationibus
745 1865 883 1892 oblivione
896 1864 1021 1900 sepultis,

230 1912 389 1947 properavit
410 1916 522 1947 peccata
551 1920 600 1939 sua
625 1912 786 1947 adimplere,
813 1911 956 1947 utjustam
975 1910 1022 1937 Dei

227 1957 378 1985 vindictam
406 1958 433 1985 in
466 1966 496 1985 se
525 1958 687 1985 concitaret.
715 1958 812 1985 Statim
837 1958 946 1993 quippe,
963 1957 1023 1992 ipso

227 2002 463 2038 solemnisjejunii
480 2003 604 2037 exordio,
621 2003 740 2031 Leonem
757 2003 832 2031 illum
841 2008 1023 2040 cognomento

227 2049 397 2082 Ptaolemen,
411 2055 571 2085 ~cognatum
588 2050 688 2081 Photii,
706 2057 768 2078 cum
785 2050 915 2078 satellitio
936 2051 963 2077 in
978 2050 1021 2078 in-

228 2095 315 2123 sulam
327 2095 421 2129 mittit,
436 2096 559 2132 adeoque
571 2101 645 2124 arcte
660 2096 793 2124 custodiri
812 2097 934 2132 prmcipit
945 2097 1024 2132 lgna—

227 2142 306 2173 tium,
323 2147 352 2169 ut
374 2150 408 2169 ne
432 2142 519 2169 sacris
533 2142 644 2177 quidem
673 2143 783 2177 operari
807 2147 910 2177 posset,
936 2151 1024 2178 neque

227 2187 355 2223 cuiquam
381 2188 460 2223 copia
490 2188 567 2215 ﬁeret
591 2188 664 2216 illius
687 2189 880 2222 conveniendi,
907 2197 957 2217 nec
984 2190 1022 2217 illi

1067 262 1133 297 όρᾷν
1153 261 1262 288 ἐδόκουν
1284 262 1488 298 ἀρχαγγελικὰς
1509 263 1576 297 πρὸς
1602 264 1649 290 τὸν
1662 263 1726 290 ναὸν
1743 263 1858 298 βλεπού-

1068 315 1133 338 σας·
1150 308 1199 334 κα)⁵
1215 308 1259 334 ὅτε
1277 308 1392 344 πλησίον
1421 306 1492 344 ἦμεν
1505 309 1552 335 τοῦ
1569 309 1708 344 ἄμϐωνος,
1727 309 1858 345 ὤφθησαν
1873 315 1876 319 “

1066 353 1161 387 ὥσπερ
1177 353 1396 389 κουϐικουλάριοι
1411 353 1457 380 δύο
1472 355 1606 390 ἀπότομοι
1633 355 1680 381 καὶ
1695 355 1836 390 ἐμϐριθεῖς
1849 365 1856 373 ·

1067 395 1104 425 ὧν
1136 399 1150 424 6
1174 398 1224 433 μὲν
1251 399 1360 434 δέσμιον
1375 401 1422 426 τὸν
1447 399 1559 434 βασιλέα
1578 400 1679 432 λαϐὼν,
1700 401 1747 427 καὶ
1762 401 1807 427 ἐπὶ
1823 401 1857 428 τὰ

1067 443 1143 476 δεξιὰ
1158 444 1333 480 κατασύρων,
1356 445 1484 477 ὲξωθείτο
1496 445 1546 480 τῆς
1564 446 1669 479 σολέας,
1683 447 1857 482 κατακρῖνιον

1067 491 1104 522 ὼς
1119 490 1269 516 ὑπεύθυνον
1285 499 1292 505 ·
1309 491 1359 526 ἐμὲ
1383 492 1396 517 6
1423 491 1517 527 ἕτερος
1537 492 1725 528 ὁμοιοτρόπως
1745 492 1790 519 διὰ
1802 493 1856 519 τῶν

1067 535 1223 571 ἀριστερῶν
1250 536 1369 572 ἀπῆγεν.
1383 537 1477 572 Ἀφνω
1501 537 1529 564 δὲ
1547 538 1791 574 περιϐλεψάμενος,
1803 538 1858 574 ὁρῶ

1067 582 1096 607 ἐν
1107 581 1146 618 τῷ
1166 582 1306 618 συνθρόνῳ
1321 583 1368 609 τοῦ
1385 583 1484 610 ἀδύτου
1501 584 1656 619 καθήμενον
1673 584 1759 620 ἄνδρα
1771 593 1859 620 γηρα-

1067 626 1138 660 λέον,
1149 627 1367 662 ἀπαραλλάκτως
1381 629 1491 656 ἐοικότα
1500 630 1532 665 τῇ
1546 629 1630 656 εἰκόνι
1642 629 1689 656 τοῦ
1707 629 1857 665 κορυφαίου

1068 672 1124 698 τῶν
1147 673 1304 699 ἀποστόλων
1330 674 1446 710 Πέτρου,
1471 674 1519 701 καὶ
1533 673 1608 709 αὐτῷ
1633 674 1681 701 δύο
1696 675 1768 706 τινὲς
1787 683 1859 710 παρ-

1066 718 1240 752 ειστήκεισαν
1247 718 1368 754 σοϐαροὶ,
1377 719 1565 754 πραιποσίτων
1572 720 1648 752 τάξιν
1656 720 1858 755 ἐπιφαίνοντες.

1074 763 1145 799 Ὀρῶ
1158 764 1186 790 δὲ
1203 764 1271 799 πρὸς
1279 765 1336 796 τοῖς
1358 764 1455 798 γόνασι
1476 765 1522 792 τοῦ
1537 765 1694 800 καθημένου
1705 766 1751 792 τὸν
1769 766 1858 800 ’ῐγνά-

1065 818 1123 836 τιον
1142 810 1307 843 ἱκετεύοντα,
1322 811 1369 837 καὶ
1385 811 1493 843 πολλοῖς
1513 811 1628 847 δάκρυσι
1641 812 1858 848 περιρραινόμε-

1068 865 1113 883 νον
1127 856 1224 889 οὖτως,
1240 857 1310 884 ὥστε
1331 859 1458 885 κάκεῖνον
1473 858 1548 894 αὐτῷ
1565 859 1784 895 συλλυπούμενον
1798 868 1859 886 στε-

1068 902 1158 934 νάξαι.
1187 903 1243 929 Καὶ
1265 903 1346 934 αὐτδς
1368 903 1450 930 ἐϐόα-
1472 904 1619 939 Κλιειδοῦχε
1648 905 1698 940 τῆς
1722 905 1859 941 βασιλείας

1069 948 1123 974 τῶν
1137 949 1270 984 οὐρανῶν,
1295 950 1343 976 καὶ
1373 949 1462 986 πέτρα
1484 951 1512 977 ὲν
1567 951 1685 985 Χριστὸς
1700 953 1713 978 6
1727 951 1794 983 Θεὸς
1809 951 1859 987 τὴν

1069 993 1152 1020 αὑτοῦ
1181 995 1347 1031 Ἐκκλησίαν
1369 996 1539 1031 ἐστηρίξατο,
1557 997 1582 1023 εί
1602 994 1687 1030 οἴδας,
1707 997 1748 1024 ὅτι
1763 997 1859 1033 ἠδική-

1070 1039 1130 1074 θην,
1149 1039 1414 1076 παραμύθησόνμου
1429 1040 1460 1067 τὸ
1474 1040 1655 1067 πολύθλιπτον
1676 1042 1776 1076 γῆρας.
1795 1042 1824 1068 Ὀ
1832 1042 1860 1068 δὲ

1069 1084 1138 1119 πρὸς
1153 1084 1245 1115 αὐτὸν,
1271 1084 1375 1118 Δεῖξον,
1391 1085 1455 1121 ἔφη,
1480 1085 1526 1112 τὸν
1547 1086 1715 1121 ἀδικήσαντά.
1734 1095 1774 1118 σε,
1790 1087 1835 1113 καὶ
1846 1088 1861 1113 6

1069 1130 1134 1162 Θεὸς
1151 1130 1200 1157 σὺν
1224 1131 1262 1165 τῷ
1289 1131 1436 1166 πειρασμῷ
1458 1133 1566 1167 ποιήσει
1590 1133 1638 1158 καὶ
1659 1131 1708 1167 τὴν
1734 1132 1858 1159 ἔκϐασιν.

1069 1176 1124 1202 Καὶ
1140 1176 1271 1212 στραφεὶς
1295 1177 1309 1202 ὁ
1334 1177 1464 1211 Ἰγνάτιος
1490 1178 1522 1212 τῇ
1541 1177 1616 1212 δεξιᾷ
1630 1178 1703 1212 χειρὶ
1722 1177 1860 1210 ἐπέδειξεν

1069 1223 1130 1258 ἐμὲ,
1149 1223 1236 1257 λέγων
1247 1231 1254 1238 ·
1269 1221 1354 1255 Οὗτος
1369 1225 1562 1260 περισσότερον
1579 1224 1688 1251 πάντων
1706 1224 1861 1259 ἐλυμήνατό

1071 1269 1184 1303 its-mi
1200 1269 1281 1303 κόρον
1309 1269 1359 1304 τῆς
1386 1270 1446 1296 κατ’
1472 1269 1540 1304 ἐμοῦ
1565 1269 1671 1305 ὕϐρεως
1697 1270 1748 1296 οὐκ
1770 1270 1858 1304 ἔσχεν.

1069 1314 1177 1346 Νεύσας
1197 1313 1244 1341 οὖν
1265 1316 1278 1341 6
1303 1315 1349 1341 ἐπὶ
1372 1315 1420 1341 τοῦ
1440 1315 1537 1350 Θρόνου
1565 1316 1634 1351 πρὸς
1651 1315 1696 1342 τὸν
1718 1316 1751 1342 ὲκ
1765 1315 1860 1348 δεξιῶν

1069 1360 1154 1387 αὐτοῦ
1187 1360 1389 1395 καθεστηκότα,
1422 1361 1470 1387 καὶ
1501 1361 1603 1396 μικρὰν
1622 1361 1693 1388 πάνυ
1723 1361 1861 1396 μάχαιραν

1070 1405 1201 1437 ἐκϐαλὼν,
1219 1407 1258 1437 εἰς
1271 1406 1389 1441 ἐπήκοον
1404 1406 1514 1432 πάντων
1523 1407 1700 1442 ὰπεφήνατο’
1716 1407 1768 1433 Τὸν
1784 1406 1862 1441 θεόρ-

1070 1457 1162 1480 γιστον
1190 1449 1296 1484 Βάρδαν
1324 1450 1487 1485 παράλαϐε,
1510 1450 1558 1477 καὶ
1582 1451 1635 1487 πρὸ
1658 1450 1704 1477 τοῦ
1725 1451 1861 1486 νάρθηκος

1071 1495 1123 1527 ἔξω
1152 1496 1308 1530 κατάκοψον
1335 1496 1459 1532 μεληδόν.
1475 1497 1580 1523 Αὐτίκα
1596 1497 1695 1529 τοίνυν,
1715 1497 1862 1532 ἑλκόμενος

1071 1541 1152 1575 δῆθεν
1166 1541 1234 1576 πρὸς
1259 1542 1384 1575 θάνατον,
1405 1541 1485 1576 εἶδον,
1503 1543 1543 1569 ὅτι
1565 1543 1666 1578 καὶτῷ
1688 1543 1792 1578 βασιλεί
1812 1542 1862 1578 τὴν

1074 1589 1153 1623 χεῖρα
1172 1588 1310 1622 ἐπισείων,
1330 1589 1470 1622 Ἔκδεξαι,
1500 1590 1563 1625 ἔφη,
1588 1590 1786 1617 ἁσεϐότεκνον·
1816 1590 1863 1616 καὶ

1073 1633 1159 1664 οὕτως
1181 1634 1298 1668 ἐμαυτὸν
1331 1632 1402 1660 εἶδον
1437 1635 1475 1666 ὡς
1501 1635 1576 1671 ὕπαρ
1600 1635 1860 1670 καταμελιζόμενον.

1073 1679 1166 1706 Ταῦτα
1186 1680 1236 1714 μὲν
1255 1681 1269 1707 ὁ
1295 1681 1405 1716 Καῖσαρ
1421 1680 1612 1716 θαμϐούμενος
1632 1681 1690 1716 ἅμα
1704 1681 1751 1708 καὶ
1762 1680 1863 1708 κλαίων

1072 1726 1204 1761 ἐξηγεῖτο.
1221 1726 1292 1761 Πρὸς
1320 1727 1349 1753 ὃν
1369 1728 1481 1759 ἐκεῖνος,
1509 1728 1614 1760 Φεῖσαι,
1630 1723 1652 1754 ὦ
1668 1727 1797 1758 δέσποτα,
1812 1726 1860 1753 τοῦ

1074 1772 1222 1800 παναθλίου
1238 1773 1377 1809 γέροντος,
1387 1772 1458 1804 εἷπε.
1478 1774 1526 1800 καὶ
1536 1774 1603 1809 πρὶς
1615 1774 1645 1800 τὸ
1660 1773 1707 1800 τοῦ
1719 1773 1787 1800 Θεοῦ
1800 1781 1862 1809 κρι-

1073 1819 1167 1855 τήριον
1183 1819 1304 1854 ἀφορῶν,
1330 1820 1398 1854 μήτε
1420 1819 1543 1852 δικαίως,
1564 1819 1628 1854 μήτ’
1649 1819 1695 1846 οὖν
1708 1819 1806 1850 ἀδίκως
1823 1819 1864 1846 ἔτι

1074 1864 1223 1898 πονηρεύου
1238 1865 1298 1891 κατ’
1316 1863 1408 1891 αὑτοῦ.
1427 1864 1496 1890 Ἀλλ’
1509 1865 1585 1900 ὅμως
1600 1866 1704 1896 ἐκεῖνος
1717 1864 1864 1896 οὐδὀὖτως

1072 1910 1210 1946 ἠϐουλήθη
1226 1911 1345 1937 συνιέναι
1364 1910 1411 1936 τοῦ
1427 1910 1563 1944 ἁγαοῦναι
1574 1919 1580 1925 ·
1596 1911 1748 1946 ἀμνηστείᾳ
1763 1910 1792 1937 δὲ
1815 1909 1864 1945 τὴν

1074 1957 1197 1993 φρικώδη
1230 1957 1333 1991 ταύτην
1362 1957 1502 1993 παραδοὺς
1529 1957 1655 1992 ἀπειλὴν,
1675 1956 1789 1983 ἔσπευδε
1815 1955 1864 1987 τὰς

1073 2003 1177 2034 οἰκείας
1203 2003 1402 2039 ἀναπληρῶσαι
1428 2004 1578 2039 ἁμαρτίας,
1595 2003 1628 2030 ἵν’
1645 2003 1747 2030 ἔνδικον
1761 2001 1865 2029 ἄνωθεν

1074 2049 1117 2084 ἐφ’
1130 2049 1226 2076 ἑαυτὸν
1238 2050 1426 2086 ἐπισπάσηται
1439 2050 1488 2085 τὴν
1509 2050 1606 2085 ὀργήν.
1626 2049 1714 2081 Εὐθὺς
1728 2048 1783 2084 γὰρ
1796 2048 1865 2084 πρὸς

1073 2095 1170 2126 αὐταῖς
1181 2095 1235 2122 τῶν
1248 2095 1380 2131 νηστειῶν
1394 2096 1456 2127 ταῖς
1477 2095 1628 2126 είσϐάσεσι,
1642 2094 1746 2121 Λέοντα
1760 2095 1865 2120 ἐκεῖνον

1075 2141 1310 2177 τὸνἹιταολήμην
1341 2140 1588 2176 ἐπονομαζόμενον,
1615 2140 1735 2174 συγγενῆ
1760 2139 1864 2166 Φωτίου

1075 2188 1256 2222 τυγχάνοντα,
1276 2188 1345 2222 μετὰ
1370 2185 1547 2223 στρατιωτῶν
1568 2186 1608 2217 εἰς
1627 2187 1677 2220 τὴν
1699 2185 1780 2220 νῆσον
1795 2185 1865 2212 ἀπο-

227 2234 356 2261 exeundi.
373 2233 441 2261 Cum
455 2235 488 2262 ad
505 2235 614 2261 tertium
627 2243 750 2263 mensem
769 2235 806 2263 ita
823 2236 1019 2264 circumclusus

1078 2233 1192 2266 στέλλει,
1210 2233 1257 2260 καὶ
1270 2233 1456 2269 παραγγέλλει
1473 2231 1544 2259 οὕτω
1561 2230 1704 2267 τηρεῖσθαι
1718 2231 1765 2258 τὸν
1778 2231 1866 2266 Ἰγνά-

229 2280 388 2312 mansisset,
406 2280 506 2307 somnii
516 2280 655 2315 praedictio
675 2281 875 2309 maturabatur.
891 2281 1022 2310 Michaele

228 2332 348 2359 namque
366 2324 568 2359 expeditionem
585 2324 612 2351 in
635 2324 744 2351 Cretam
761 2325 937 2360 suscipiente,
954 2323 1020 2352 Bar—

229 2371 279 2398 das
303 2378 365 2397 cum
401 2370 447 2397 illo
469 2369 526 2405 jam
553 2370 587 2398 ad
603 2369 750 2397 Hortorum
776 2370 866 2398 locum
883 2371 930 2406 qui
950 2370 1020 2398 dici-

229 2421 275 2444 tur
285 2424 466 2451 progressus,
494 2417 568 2451 quod
595 2416 711 2445 insidias
733 2417 892 2452 imperatori
915 2422 1022 2445 struere

229 2463 367 2490 diceretur
377 2462 490 2497 (cmlesti
500 2470 596 2497 nempe
603 2463 722 2491 vindicta
733 2463 808 2490 illum
816 2464 1021 2499 prosequente),

230 2508 341 2536 ultimas
356 2507 410 2535 Deo
423 2515 519 2543 poenas
532 2508 658 2542 exsolvit,
675 2508 826 2545 gladiisque
837 2509 1022 2536 illiset-aridum

230 2556 258 2582 in
294 2555 404 2582 modum
427 2555 598 2583 membratim
614 2560 656 2583 est
678 2555 823 2584 dissectus.
845 2555 912 2583 Tam
928 2555 1023 2583 infami

231 2601 305 2628 letho
322 2601 485 2629 exstinctus-
496 2605 549 2633 est,
565 2606 595 2628 ut
611 2601 698 2636 ipsius
712 2609 821 2638 quoque
841 2601 1024 2629 familiarissi-

231 2654 294 2673 mus
309 2646 335 2673 in
350 2654 412 2673 eum
441 2646 627 2679 inveheretur,
653 2647 779 2681 quamvis
801 2647 836 2674 ab
856 2655 889 2674 eo
907 2647 1023 2674 summis

231 2691 371 2720 beneficiis
396 2692 521 2725 alfcctus,
537 2693 738 2727 patriarcliatus
763 2693 923 2729 dignitatem
947 2701 1024 2721 acce-

232 2737 327 2772 pisset.
340 2737 392 2765 Sed
406 2738 479 2765 hunc
494 2738 538 2765 ille
552 2738 642 2765 vivum
656 2739 765 2773 quidem
778 2739 892 2766 mirilice
906 2739 1022 2772 colebat,

233 2790 370 2817 suumque
380 2784 459 2818 quasi
487 2784 548 2811 \itae
574 2783 716 2819 prmsidem
734 2784 862 2812 omnibus
882 2784 1024 2819 praeconiis

234 2828 364 2856 ell‘erebat
379 2837 386 2855 :
403 2834 544 2865 perempto
569 2838 632 2858 vero
659 2830 824 2866 palinodiam
850 2830 966 2864 cecinit,
993 2838 1025 2857 ac

235 2873 309 2901 velut
322 2875 521 2903 exsecrandum
533 2877 670 2906 quoddam
687 2877 822 2908 piaculum
840 2876 952 2910 dignum
977 2876 1024 2904 tali

1076 2288 1144 2311 τιον,
1157 2280 1195 2311 ὡς
1208 2279 1244 2314 μὴ
1261 2278 1362 2311 ἐξεῖναι
1376 2278 1450 2314 αὐτῷ
1465 2278 1624 2305 παντάπασι
1641 2277 1691 2313 τὴν
1707 2277 1784 2313 ἱερὰν
1797 2278 1865 2304 ἀνα-

1078 2325 1170 2361 φέρειν
1203 2324 1385 2360 λειτουργίαν,
1420 2324 1482 2360 μήτ’
1513 2324 1559 2351 οὖν
1590 2324 1703 2351 εἰσιέναι
1716 2324 1777 2350 τινὰ
1799 2324 1867 2358 πρὸς

1077 2371 1170 2405 αὑτὸν,
1195 2370 1257 2406 μήτ’
1289 2370 1390 2402 ἐξιέναι
1419 2370 1630 2406 συγχωρεῖσθαι.
1664 2370 1726 2397 Ἐπὶ
1746 2371 1820 2405 τρεῖς
1838 2369 1867 2396 δὲ

1079 2417 1167 2452 μῆνας
1197 2417 1213 2452 ή
1240 2416 1353 2451 τοιαύτη
1375 2417 1439 2452 περὶ
1463 2417 1545 2443 αὐτὸν
1568 2415 1726 2452 ἐστερεοῦτο
1748 2415 1866 2450 φυλακὴ,

1078 2463 1125 2490 καὶ
1139 2462 1226 2494 οὕτως
1240 2463 1256 2497 ὴ
1273 2461 1320 2488 τοῦ
1337 2462 1475 2498 ὀνείρατος
1484 2461 1601 2496 ἔφθασεν
1612 2461 1758 2495 ἀπόφασις.
1778 2460 1868 2486 Ἐπει⁴

1078 2508 1185 2545 γομένῳ
1203 2508 1257 2543 γὰρ
1269 2507 1340 2534 κατὰ
1358 2508 1408 2542 τῆς
1424 2507 1537 2543 Κρήτης
1548 2507 1586 2542 τῷ
1600 2506 1711 2542 Μιχαὴλ
1726 2505 1773 2533 καὶ
1786 2504 1866 2536 αὐτὸς

1078 2556 1092 2582 6
1105 2555 1210 2590 Βάρδας
1226 2554 1289 2589 ἄχρι
1304 2553 1358 2581 τῶν
1372 2554 1527 2589 λεγομένων
1543 2553 1648 2588 Κήπων
1665 2551 1866 2587 συστρατεύων,

1078 2601 1139 2627 ὲκεῐ
1154 2600 1187 2635 δὴ
1211 2600 1260 2635 τὴν
1277 2599 1396 2635 ἐσχάτην
1413 2599 1486 2626 έτισε
1501 2599 1589 2633 δίκην.
1610 2598 1749 2633 Πρόφασιν
1764 2597 1818 2632 γὰρ
1829 2595 1868 2627 ὡς

1079 2646 1291 2674 ἐπιϐουλεύοντα
1315 2646 1354 2681 τῷ
1381 2645 1486 2680 βασιλεί
1515 2645 1532 2680 ἡ
1552 2643 1682 2679 Θεήλατος
1705 2643 1788 2671 αὐτὸν
1805 2650 1869 2678 μετ-

1078 2692 1159 2727 ῆλθεν
1171 2691 1251 2727 ὀργὴ,
1267 2691 1315 2718 καὶ
1337 2691 1426 2726 ξίφεσι
1445 2690 1561 2725 μεληδὸν
1584 2690 1685 2721 ἀθλίως
1696 2687 1868 2716 κατακοπτό-

1080 2747 1172 2772 μενος,
1188 2739 1258 2765 οὖτω
1279 2737 1407 2769 δυσκλεὲς
1434 2737 1510 2768 τέλος
1531 2736 1718 2772 ἀπηνέγκατο,
1733 2735 1803 2762 ὥστε
1821 2734 1867 2761 καὶ

1079 2785 1124 2811 ὑπ’
1151 2784 1234 2811 αὐτοῦ
1267 2783 1473 2819 στηλιτευθῆναι
1490 2783 1536 2810 τοῦ
1558 2782 1697 2817 φιλτάτου.
1719 2782 1748 2808 Ὁ
1765 2781 1819 2816 γὰρ
1833 2781 1868 2807 τὰ

1081 2831 1188 2867 μεγάλα
1213 2830 1416 2866 εὑεργετηθεὶς,
1443 2830 1490 2857 καὶ
1513 2829 1562 2865 τὴν
1590 2828 1793 2864 πατριαρχικὴν
1822 2827 1867 2854 ὑπ’

1079 2877 1183 2906 ἐκείνου
1209 2877 1292 2913 τιμὴν
1322 2877 1483 2912 κληρωοεὶς,
1510 2875 1598 2908 ζῶντα
1628 2875 1679 2911 μὲν
1702 2873 1867 2909 ὐπερετίμα,
