2092 3156
224 152 277 184 537

764 156 852 187 VITA
873 158 903 189 S.
925 159 1074 193 IGNATII
1089 161 1142 192 CP.
1161 161 1339 192 ARCHIEP.

1813 169 1868 202 538

224 206 271 234 καὶ
287 206 444 242 προστάτην
459 203 516 242 εἶχε
533 207 580 234 τοῦ
605 207 674 243 βίου,
697 210 837 243 παντοίαις
862 212 1013 248 εὐφημίαις

1074 219 1154 242 n0rte
1167 214 1320 243 dictitabat.
1336 215 1391 243 Iloc
1402 216 1509 251 ingenio
1523 217 1665 253 improbus
1676 219 1720 247 ille
1734 225 1868 252 veterator

224 253 431 288 ὑπερεπαινῶν·
460 253 623 280 ἀποθανόντι
651 254 680 281 δέ
702 254 869 290 παλινῳδίας
893 256 951 294 ᾖδε,
968 260 1016 285 καὶ

210 299 261 342 ἰῦς
276 298 416 335 ἀλιτήριον
430 299 525 326 τοῦτον
549 300 597 326 καὶ
617 302 847 336 τρισκατάρατον,
869 303 945 336 ἀξιον
961 313 1018 332 τοι-

223 345 308 380 αύτης
321 346 485 382 ἀπεφήνατο
497 346 637 382 τελευτῆς.
648 347 775 379 Τοιοῦτος
786 349 800 374 ὁ
815 348 900 381 δεινὸς
914 351 1018 383 ἐκεῖνος

223 389 258 426 ἦν
276 392 416 427 σοφιστὴς,
431 392 475 419 ἀεὶ
491 393 560 428 πρὸς
576 393 641 424 τοὺς
652 393 767 429 καιροὺς
782 395 1018 430 μεταϐαλλόμενος

224 439 321 465 καὶτὰ
335 439 497 475 πράγματα,
524 440 570 466 καὶ
595 441 651 472 τοῖς
671 440 726 466 τῶν
748 443 923 476 κρατούντων
947 451 1018 478 συμ-

223 485 424 522 περιαγόμενος
439 484 601 520 θελήμασιν.
620 485 649 512 '0
661 485 716 521 γὰρ
730 486 781 520 τῆς
795 486 942 523 Θεαρχικῆς
959 488 1018 523 βου-

223 529 272 564 λῆς
291 531 337 556 καὶ
352 531 439 565 ῥοπῆς
452 530 485 557 δι’
502 531 621 567 ἔλλειψιν
638 532 757 564 πίστεως
779 532 950 568 διαμαρτὼν,
969 535 1017 562 καὶ

223 578 279 608 τοῖς
291 577 447 612 ἀνθρώποις
475 577 646 613 ἐπηλτιικὼς,
675 579 770 615 ἐπειδὴ
790 580 884 616 σαθρῷ
897 581 1016 618 θεμελίῳ

223 624 269 650 τὸν
283 624 345 651 νοῦν
359 625 540 660 ἐπερείδεται,
567 626 682 659 ἄπιστός
708 636 738 654 τε
763 628 831 664 πρὸς
853 629 958 661 πάντας
989 633 1037 658 καὶ.

1066 265 1093 288 et
1099 260 1222 295 sophista
1231 259 1292 293 fuit,
1304 264 1333 287 ut
1344 268 1452 296 semper
1461 261 1520 289 foro
1527 268 1554 290 et
1562 265 1689 298 tempori,
1699 265 1868 302 principum-

1072 313 1124 340 que
1143 306 1243 333 studiis
1256 305 1466 340 obsequeretur.
1489 307 1540 340 Qui
1555 309 1628 336 enim
1644 310 1747 338 cmlesti
1769 313 1867 346 spiritu

1071 353 1222 387 ductuque,
1235 353 1287 380 [ide
1302 353 1461 384 destitutus.
1478 362 1530 382 non
1555 356 1657 391 agitur,
1676 362 1703 384 et
1717 365 1780 392 spes
1802 367 1868 387 suas

1069 398 1095 425 in
1111 399 1274 427 mortalibus
1289 400 1356 427 sitas
1370 400 1461 433 habet,
1474 407 1535 428 cum
1548 401 1647 429 vitioso
1659 403 1787 438 putrique
1803 404 1868 432 fun-

1070 445 1201 474 damento
1217 451 1308 474 mente
1324 447 1438 480 nitatur,
1452 448 1560 475 tandem
1573 448 1732 477 inconstans
1742 455 1769 477 et
1787 453 1868 486 perli-

1069 491 1120 519 dns
1136 491 1163 518 in
1180 499 1277 520 omnes
1302 492 1537 528 deprehenditur:
1555 495 1708 528 potentium
1732 496 1866 531 palpator,

1068 540 1254 569 calumniator
1272 549 1336 570 vero
1352 550 1520 577 pauperum;
1544 543 1591 582 qui
1608 544 1634 571 id
1654 552 1739 572 unum
1764 546 1867 578 studet,

1068 592 1098 614 ut
1110 587 1215 622 placeat
1231 589 1398 623 potentibus,
1414 596 1448 616 ne
1463 588 1595 624 dignitate
1609 591 1754 625 spolietur.

1072 635 1201 669 ἀὸέὸαιος
1226 638 1385 673 ἐλέγχεται*
1421 639 1584 674 ὑψουμένοις
1619 636 1670 675 μὲν
1699 642 1865 678 συνήγορος,

223 671 414 722 κξτῇγοροςξὲ
429 671 571 722 γινόμενος
585 674 826 709 ταπεινουμένοις·
850 675 898 701 καὶ
923 675 991 711 πρὸς
1006 676 1035 704 ἓν
1056 680 1136 715 μόνον
1156 682 1226 717 ὁρῶν
1240 671 1338 718 ἀρέσαι
1365 684 1422 715 τοῖς
1445 671 1579 717 δυνατοῖς,
1598 671 1645 712 τοῦ
1668 686 1706 722 μὴ
1805 671 1868 714 κατέ

225 717 310 744 αὑτὸν
326 717 415 759 ἀρχῆς
429 719 568 745 ἐκπεσεῖν.

259 765 327 792 Τότε
354 766 403 800 μὲν
419 765 466 792 οὖν
493 767 508 792 ὁ
533 766 713 803 αὐτοκράτωρ
731 770 874 805 παρευθὺς
890 771 959 806 πρὸς
969 771 1019 807 τὴν

224 812 422 846 βασιλεύουσαν
436 812 602 840 παλινοστεῖ.
621 814 797 850 Πεντηκοστὴ
816 816 839 843 δ’
854 818 898 852 ἄρ’
911 815 957 853 ἦν,
972 819 1020 844 καὶ⁹

1106 772 1257 809 Imperator
1279 779 1337 803 tum
1363 781 1475 811 repente
1501 784 1636 805 converso
1664 778 1762 806 itinere
1794 778 1867 807 Cou-

1070 820 1277 856 stantinopolim
1306 823 1413 857 repetit.
1440 823 1504 850 Erat
1524 828 1615 850 autem
1641 823 1814 857 Pentecoste,
1841 830 1867 852 et

224 857 366 884 Βασίλειον
401 858 548 894 πατρίκιον
583 859 647 887 ὄντα
673 861 721 887 καὶ
754 863 1015 899 παρακοιμώμενον,

1075 865 1205 894 Basilium
1219 867 1364 902 patricium
1376 868 1495 896 cubiculi
1507 870 1577 896 sacri
1593 870 1762 904 praefectum,
1774 871 1867 898 Caesa-

224 903 359 938 στέμματι
370 905 596 940 κατακοσμήσας,
612 906 904 943 ἀναγορεύειβασιλέα.
924 909 954 936 Ὀ
970 919 1019 937 πο-

224 949 337 985 λύφρων
350 950 378 977 δὲ
387 950 489 983 Φώτιος
499 951 647 986 πάμπολλα
655 953 726 980 κατά
739 954 875 982 Νικολάου
881 955 929 982 τοῦ
942 957 1021 984 πάπα

225 998 455 1033 μηχανορραφῶν,
483 999 578 1035 ἐπειδὴ
593 999 669 1027 σέιδὲν
685 999 757 1036 εἶχεν
776 1001 841 1028 ἄλλο
865 1001 933 1038 δρᾷν
957 1003 1020 1030 κατ’

225 1044 320 1076 αὐτοῦ,
338 1044 426 1072 πείθει
441 1044 553 1077 πολλαῖς
570 1045 750 1081 παραινέσεσι
768 1047 814 1074 τὸν
834 1047 947 1082 βασιλέα
959 1057 1022 1075 συν-

222 1090 339 1122 αινέσαι,
359 1090 469 1117 σύνοδον
482 1091 680 1126 συγκροτῆσαι,
690 1091 736 1118 καὶ
746 1092 841 1119 τοῦτον
852 1094 1021 1130 καθαιρῆσαι

223 1136 272 1163 καὶ
288 1137 347 1168 τοῖς
364 1136 438 1171 αὐτῷ
452 1136 629 1163 κοινωνοῦσιν
649 1137 803 1173 ἀφορισμδν
819 1139 1022 1174 ἀντισηκοῦντα

223 1183 263 1217 τῷ
291 1183 359 1218 παρ⁹
385 1183 494 1210 ἐκείνου
509 1182 605 1219 πρώην
629 1183 784 1219 πεμφθέντι
800 1185 1021 1220 διαπέμψασθαι.

223 1229 389 1264 Συναγαγὼν
402 1228 449 1256 οὖν
466 1229 571 1262 πάντας
587 1230 651 1262 τοὺς
680 1230 726 1257 ὑπ’
751 1231 833 1258 αὐτὸν
854 1232 1022 1264 ἐπισκόπους

221 1277 236 1303 ὁ
251 1276 394 1310 γεννάδας,
418 1275 465 1302 καί
494 1284 571 1308 τινας
604 1277 719 1312 μιαροὺς
741 1277 950 1313 ἀνθρωπίσκους
974 1278 1022 1305 καὶ

223 1322 348 1358 ἀσήμους
373 1323 405 1349 ἐκ
435 1322 490 1350 τῶν
507 1323 675 1350 ἀνατολικῶν
707 1323 789 1359 δῆθεν
812 1326 1018 1360 πατριαρχείων

222 1368 413 1404 τοποτηρητὰς
428 1368 608 1404 ἐπαγόμενος,
630 1369 677 1396 καὶ
693 1369 908 1406 ψευδοσύλλογον
927 1371 1021 1398 ποιού-

226 1422 317 1448 μενος,
336 1413 511 1450 καθαίρεσιν,
533 1414 571 1446 ὡς
594 1414 714 1450 ἐνόμιζε,
732 1416 779 1442 καὶ
796 1416 1022 1452 ἀναθεματισμὸν

224 1460 268 1486 ἐπ’
282 1459 370 1487 οὐδενὶ⁵
383 1460 456 1496 λόγῳ
472 1461 592 1488 ποιεῖται
603 1461 751 1489 Νικολάου.
763 1461 866 1497 Δώροις
883 1462 939 1498 γὰρ
950 1462 1020 1497 λαμ-

225 1507 305 1541 προϊς
317 1506 358 1533 ὅτι
374 1506 491 1541 μάλιστα
502 1506 549 1534 τὸν
563 1508 635 1542 ρῆγα
656 1507 797 1542 Φραγγίας
814 1508 959 1543 Λοδόηχον,
974 1508 1021 1535 καὶ

231 1551 415 1588 Ἦγγισέργαν
431 1552 461 1579 δὲ
479 1553 529 1589 τὴν
550 1552 632 1580 αὑτοῦ
651 1554 774 1590 γαμετὴν
790 1554 1016 1590 ὑποποιούμενος,
1032 1551 1053 1579 C

226 1598 347 1634 βασιλεῖς
363 1599 475 1632 τούτους
489 1600 658 1635 ἀνευφημείν
679 1601 708 1627 ἐν
732 1601 1019 1629 Κωνσταντινουπόλει

224 1645 419 1681 ἐπηγγέλλετο,
437 1646 495 1680 εἴγε
510 1647 707 1682 συνεργήσαιεν
723 1647 799 1682 αὐτῷ
811 1647 880 1683 πρὸς
890 1647 940 1683 τὴν
956 1647 1020 1675 ἄτο-

225 1700 277 1718 πον
288 1692 391 1727 ταύτην
404 1693 452 1718 καὶ
468 1693 588 1728 ἄθεσμον
608 1692 769 1728 ἐπιθυμίαν,
787 1693 834 1720 καὶ
849 1694 894 1720 τὸν
918 1694 1022 1721 δίκαιον

225 1739 311 1774 ἄνδρα
320 1739 369 1774 τῆς
381 1739 443 1766 κατ’
455 1739 537 1766 αὐτὸν
557 1738 720 1774 Ἐκκλησίας
737 1739 832 1774 βιαίως
844 1740 1020 1774 ἐξωθήσαιεν.

226 1785 337 1812 Τούτων
362 1785 391 1812 δὲ
417 1785 645 1820 ὑπισχνουμένων
665 1785 746 1820 λόγου
763 1785 870 1819 θᾶττον,
891 1786 996 1820 ἀλόγως
1008 1786 1022 1812 ὁ

228 1833 343 1866 μάταιος
362 1832 451 1867 μάτην
482 1831 662 1866 ἀπεφαίνετο.
690 1832 831 1859 Ἐντεῦθεν
864 1833 1023 1868 ὑπογραφαὶ

227 1878 276 1905 καὶ
296 1878 386 1912 φωναὶ
404 1878 556 1905 κανονικῶν
577 1887 607 1905 τε
628 1877 785 1914 προσώπων
801 1878 848 1905 καὶ
863 1878 1021 1910 πολιτικῶν,

228 1924 436 1961 μητροπολιτῶν
448 1925 496 1951 καὶ
520 1925 675 1961 πατρικίων
686 1933 694 1941 ⁸
720 1925 809 1952 πάντα
829 1925 920 1958 καινὰ,
935 1925 1024 1952 πάντα

226 1971 282 1998 τῶν
299 1971 344 1998 ἐπὶ
363 1973 465 2007 σκηνῆς
475 1971 685 2007 θρυλλουμένων
696 1971 863 2008 ματαιότερα
880 1971 928 1998 καὶ
938 1979 1024 1998 κατα-

227 2018 412 2054 γελαστότερα
423 2027 429 2034 ·
443 2019 460 2054 ἡ
472 2019 527 2054 γὰρ
538 2019 569 2046 ὲκ
579 2019 674 2050 παιδὸς
685 2018 760 2054 αὐτῷ
780 2018 960 2054 παρεπομένη
973 2018 1024 2053 τῆς

219 2062 318 2100 ψυχῆς
332 2063 432 2099 οἴησις,
451 2065 491 2096 είς
504 2064 698 2100 ὑπερηφανίαν
706 2073 736 2091 τε
744 2064 840 2091 τοῦτον
851 2064 968 2099 ἐσχάτην
979 2064 1026 2090 καὶ

229 2110 359 2136 ἀπόνοιαν
369 2110 568 2145 μετεωρισασα,
582 2110 668 2142 ἀδεῶς
679 2119 708 2136 τε
717 2110 765 2137 καὶ
773 2109 889 2141 ἀναιδῶς
897 2109 1025 2136 ἀνέπειθε

228 2156 263 2182 τὰ
274 2156 386 2182 τοιαῦτα
394 2155 508 2191 τολμᾷν.
517 2156 546 2183 '0
560 2155 609 2191 μὲν
622 2153 668 2183 οὖν
681 2155 767 2183 ταῦτα
778 2155 1027 2191 κατασκευασάμε-

230 2210 286 2234 νος,
297 2201 340 2228 διὰ
352 2202 444 2237 χειρὸς
472 2202 609 2238 Ζαχαρίου
631 2202 679 2229 τοῦ
705 2201 817 2237 κωφοῦ,
841 2202 870 2234 ὃς
885 2202 930 2228 ὑπ’
943 2202 1027 2229 αὐτοῦ

1072 921 1129 940 rem
1154 914 1283 948 imposito
1306 914 1451 942 stemmate
1478 915 1626 943 renuntiat.
1656 915 1709 942 Sed
1739 921 1867 944 vorsutus

1073 960 1187 988 Photius
1210 961 1329 996 plurima
1352 961 1379 988 in
1397 961 1539 988 Nicolaum
1566 962 1722 996 pontilicem
1740 962 1867 995 moliens,

1072 1015 1135 1035 cum
1149 1015 1260 1042 operam
1276 1007 1397 1040 lusisset,
1414 1008 1572 1043 imperatori
1596 1008 1689 1036 multis
1712 1008 1803 1036 verbis
1826 1008 1868 1035 in-

1071 1051 1154 1078 citato
1165 1051 1195 1078 tit
1207 1056 1302 1078 auctor
1318 1052 1446 1086 cogenda
1467 1052 1574 1087 synodi,
1587 1060 1639 1087 qua
1655 1052 1786 1080 Nicotaus
1800 1060 1869 1088 pon-

1072 1095 1139 1123 tifex
1164 1095 1269 1131 (eadem
1294 1097 1431 1124 sententia
1455 1098 1481 1124 in
1500 1097 1574 1124 illum
1594 1097 1658 1128 lata,
1676 1105 1758 1132 quam
1782 1106 1869 1133 nuper

1072 1141 1118 1169 ille
1133 1141 1160 1169 in
1178 1141 1304 1169 Photium
1322 1142 1431 1178 tulerat)
1457 1147 1661 1170 exauctoretur.
1680 1142 1784 1170 Evocat
1803 1151 1869 1178 ergo

1071 1188 1220 1223 praeclarus
1245 1188 1291 1215 ille
1318 1188 1433 1216 Photius
1447 1189 1593 1224 episcopos
1616 1197 1712 1217 omnes
1734 1189 1786 1216 sibi
1803 1189 1869 1216 sub—

1071 1234 1169 1270 iectos,
1200 1234 1325 1269 aliosque
1345 1235 1494 1263 nonnullos
1520 1235 1608 1263 ftedos
1626 1239 1654 1262 et
1677 1234 1804 1263 sordidos
1818 1235 1869 1261 ho-

1073 1282 1250 1314 munciones,
1268 1281 1346 1316 quasi
1378 1282 1596 1316 patriarcharum
1620 1281 1735 1308 orientis
1751 1281 1868 1315 legatos,

1073 1328 1233 1363 pseudoque
1248 1327 1383 1362 synodum
1396 1327 1537 1360 instituit,
1553 1331 1580 1354 et
1605 1326 1868 1358 exauctorationem,

1074 1378 1104 1401 ut
1116 1374 1239 1408 putabat,
1251 1377 1335 1408 atque
1350 1373 1497 1399 anathema
1517 1373 1620 1399 nullatn
1637 1372 1673 1400 ob
1688 1371 1823 1399 rationem
1840 1372 1870 1398 in

1072 1419 1216 1447 Nicolaum
1234 1426 1332 1454 papam
1351 1419 1512 1454 pronuntiat
1530 1426 1639 1453 :regem
1661 1425 1772 1453 quoque
1781 1417 1869 1444 Fran-

1072 1467 1121 1494 ciae
1132 1466 1303 1494 Lodoechum
1316 1465 1373 1502 (seu
1384 1465 1564 1501 Ludovicum)
1575 1470 1602 1492 et
1612 1465 1791 1499 lngelbertam
1801 1464 1871 1498 regi-

1074 1518 1136 1538 nam
1144 1510 1289 1545 conjugem
1304 1510 1445 1542 sollicitat,
1452 1514 1479 1537 et
1487 1510 1665 1544 imperatores
1673 1509 1870 1537 Constantino-

1070 1557 1123 1592 poli
1134 1562 1255 1584 creatum
1268 1557 1300 1584 iri
1312 1556 1464 1591 pollicetur,
1477 1557 1499 1584 si
1509 1564 1618 1591 operam
1629 1560 1761 1583 navarent
1771 1555 1804 1582 ad
1816 1555 1868 1582 im-

1071 1603 1145 1639 pium
1162 1611 1241 1631 suum
1258 1607 1385 1631 conatum
1398 1603 1616 1638 exsequendum,
1627 1607 1653 1630 et
1669 1602 1870 1638 virumjustum

1071 1658 1105 1678 ex
1120 1650 1234 1677 ecclesia
1252 1657 1300 1677 sua
1310 1650 1484 1685 exigendum.
1501 1649 1537 1677 lis
1553 1656 1620 1677 vero
1636 1649 1709 1676 dicto
1718 1648 1799 1676 citius
1811 1647 1870 1683 pol-

1071 1696 1228 1728 llcentibus,
1249 1695 1351 1723 frustra
1378 1695 1479 1723 stultus
1510 1702 1588 1722 suam
1611 1693 1756 1721 stultitiam
1776 1698 1871 1720 osten-

1073 1742 1157 1768 tabat.
1177 1741 1246 1768 llinc
1260 1740 1489 1775 subscriptiones,
1502 1743 1529 1767 et
1543 1743 1606 1766 vola
1622 1738 1764 1766 hominum
1779 1745 1872 1765 sacro-

1073 1795 1133 1814 rum
1144 1791 1172 1814 et
1185 1786 1377 1822 profanorum,
1401 1785 1671 1820 archiepiscoporum
1690 1788 1718 1811 et
1741 1783 1872 1819 patricio-

1074 1841 1135 1860 rum
1160 1842 1168 1860 :
1192 1840 1262 1860 vana
1286 1832 1378 1859 omnia
1395 1851 1403 1864 ,
1432 1831 1526 1859 omnia
1557 1830 1739 1858 theatralibus
1771 1829 1872 1857 fabulis

1074 1879 1219 1914 ineptiora.
1232 1878 1300 1905 Nam
1315 1886 1376 1913 quae
1389 1877 1426 1905 illi
1439 1885 1454 1904 a
1471 1884 1556 1912 puero
1567 1876 1722 1903 adhaeserat
1736 1882 1872 1909 arrogans

1075 1925 1118 1954 sui
1137 1924 1318 1955 existimatio,
1331 1923 1426 1951 eadem
1452 1923 1486 1950 ad
1504 1929 1640 1950 summam
1656 1921 1732 1948 illum
1748 1921 1872 1947 insolen-

1075 1972 1140 1999 tiam
1152 1975 1359 2004 extremamque
1382 1969 1547 1996 dementiam
1566 1971 1690 1995 evectum
1706 1966 1871 1997 adducebat.

1075 2021 1105 2044 ut
1121 2016 1186 2043 talia
1203 2020 1258 2042 tam
1286 2014 1420 2041 audenter
1434 2017 1461 2040 et
1478 2012 1651 2047 impudenter
1673 2011 1797 2038 auderet.
1825 2009 1873 2037 His

1076 2063 1123 2090 ille
1134 2061 1262 2089 omnibus
1276 2059 1440 2095 procuratis,
1456 2059 1553 2085 insana
1569 2062 1596 2085 et
1618 2057 1751 2091 sacrilega
1764 2055 1869 2091 (conci-

1077 2108 1172 2136 liabuli
1189 2107 1244 2142 sui)
1262 2111 1323 2134 acta
1340 2113 1387 2141 per
1400 2104 1562 2132 Zachariam
1580 2103 1705 2138 Cophum
1720 2110 1734 2128 a
1749 2109 1779 2130 se
1787 2101 1870 2129 Chal—

1078 2155 1262 2183 eedonensem
1277 2152 1478 2187 metropolitam
1502 2156 1624 2178 creatum
1637 2168 1645 2182 ,
1660 2154 1686 2177 et
1698 2148 1873 2176 Theodorum

1080 2201 1242 2229 translatum
1262 2207 1278 2227 a
1301 2199 1382 2227 Caria
1399 2198 1433 2226 ad
1445 2197 1642 2225 Laodicensem
1668 2195 1872 2230 episcopatum,

229 2248 279 2283 τῆς
287 2248 462 2283 Χαλκηδόνος
472 2249 675 2284 κεχειροτόνητο
688 2257 741 2284 μητ
746 2247 899 2284 ροπολίτης,
909 2249 954 2275 καὶ
962 2248 1023 2275 ego.

1081 2249 1108 2275 in
1133 2247 1237 2275 Italiam
1266 2245 1430 2273 transmisit.
1456 2243 1518 2278 lpse
1547 2251 1613 2270 vero
1642 2242 1754 2269 insitum
1778 2247 1873 2268 contra

229 2293 316 2331 δώρου
332 2294 378 2320 τοῦ
393 2294 446 2321 ἀπὸ
460 2295 568 2329 Καρίας
590 2295 630 2326 εἰς
647 2295 807 2322 Λαοδίκειαν
820 2295 1025 2330 μετατεθέντος,

229 2340 281 2372 τὰς
294 2340 468 2374 παραλόγους
476 2340 560 2367 αὑτοῦ
572 2341 620 2367 καὶ
628 2342 736 2375 ἐναγεῖς
748 2341 862 2376 πράξεις
877 2341 947 2377 πρὸς
959 2342 1029 2369 Ἰτα-

229 2385 291 2412 λίαν
311 2385 516 2418 ἐξαπέστειλεν,
540 2386 626 2418 Αὐτὸς
641 2386 670 2413 δὲ
688 2387 737 2422 τῆς
756 2386 879 2422 ἐμφύτου
894 2387 966 2414 κατὰ
980 2387 1028 2414 τοῦ

231 2431 311 2467 ἁγίου
333 2432 442 2468 μήνιδος
457 2433 556 2468 εἴχετο,
579 2433 627 2460 καὶ
644 2432 699 2459 τῶν
714 2432 836 2468 γνησίων
847 2433 930 2459 αὑτοῦ
946 2432 1027 2468 θερα-

232 2479 352 2511 πευτῶν,
370 2479 472 2514 μᾶλλον
494 2479 523 2505 δὲ
539 2478 634 2512 νόθων,
656 2478 735 2510 ὅσους
747 2478 873 2514 ἠδύνατο,
887 2478 1026 2512 κλέπτων,

232 2526 280 2551 καὶ
295 2526 357 2556 ταῖς
383 2524 548 2560 ματαιότησι
570 2524 625 2550 τῶν
647 2524 812 2559 ἀξιωμάτων
834 2524 980 2557 δελεάζων,
993 2524 1027 2550 δι’

231 2571 321 2598 αὐτῶν
333 2571 383 2606 τὴν
400 2571 519 2606 πτέρναν
533 2570 579 2597 τοῦ
587 2570 708 2598 ἀναιτίου
720 2571 849 2605 ἐπετήρει
860 2580 868 2586 -
884 2569 1029 2606 ἡμάρτανε

233 2621 262 2648 δὲ
272 2620 327 2647 τῶν
342 2621 460 2647 ἐλπίδων
470 2629 477 2635 ·
494 2620 585 2656 πάσης
601 2621 655 2656 γὰρ
676 2619 842 2656 ὑψηλότερος
859 2620 1029 2655 κατηγορίας

234 2666 248 2692 ό
263 2666 398 2701 μακάριος
411 2663 445 2702 ἦν
458 2674 465 2682 ’
482 2667 511 2693 ἐν
534 2667 592 2698 τοῖς
610 2666 703 2702 ἔργοις
717 2666 746 2692 δὲ
760 2665 815 2692 τῶν
831 2665 931 2701 χειρῶν
947 2665 1029 2693 αὐτοῦ

233 2712 398 2748 κακουργῶν
424 2713 654 2749 συνελαμϐάνετο.
681 2713 800 2747 Ἀγνοῶν
813 2712 842 2739 δὲ
859 2712 969 2747 ἀληθῶς
986 2713 1028 2745 εἰς

233 2758 294 2785 τίνα
307 2759 338 2785 τὸ
355 2758 455 2794 κράτος
472 2759 520 2794 τῆς
537 2759 677 2794 βασιλείας
696 2758 884 2794 περιίσταται,
902 2759 966 2786 ποτέ
981 2759 1030 2794 μὲν

235 2806 304 2840 πρὸς
316 2806 363 2831 τὸν
376 2805 487 2841 Μιχαὴλ
502 2805 626 2832 διέϐαλλε
642 2805 793 2837 Βασίλειον,
806 2804 884 2836 αὖθις
899 2804 927 2831 δὲ
936 2805 1030 2832 τοῦτον

236 2850 304 2886 πρὸς
319 2851 434 2885 ἐκεῖνον,
451 2852 563 2886 ἀμφοῖν,
578 2851 616 2884 ὡς
630 2851 748 2888 ἐνόμιζε,
767 2851 860 2886 φιλίαν
874 2860 1030 2885 καταπρατ-

235 2897 360 2932 τόμενος,
384 2898 398 2925 δ
429 2898 592 2934 ἀμφοτέρων
617 2897 666 2934 τὴν
687 2897 780 2933 φιλίαν
799 2897 848 2924 οὐκ
872 2897 901 2923 ὲν
916 2896 1030 2933 ἀληθείᾳ

1079 2299 1204 2323 sanctum
1224 2292 1423 2321 virum-odium
1440 2291 1547 2322 alebat,
1567 2297 1599 2317 ac
1614 2292 1750 2324 quotquot
1765 2295 1798 2315 ex
1814 2287 1874 2322 ejus

1079 2341 1229 2376 germanis,
1257 2342 1304 2366 aut
1332 2337 1435 2373 spnriis
1452 2337 1543 2371 potius
1556 2335 1738 2364 sectatoribus
1757 2337 1874 2369 poterat,

1078 2386 1172 2414 furtim
1188 2386 1221 2413 ad
1238 2393 1268 2414 se
1285 2385 1419 2417 trahebat,
1436 2382 1673 2418 dignitatibusque
1686 2381 1805 2408 vesania;
1819 2388 1876 2407 suae

1078 2432 1217 2463 illiciebat,
1234 2439 1282 2466 per
1294 2438 1364 2466 quos
1377 2429 1532 2457 innocentis
1560 2428 1692 2455 calcaneo
1724 2426 1876 2454 insidiaba—

1079 2483 1134 2506 tur.
1156 2477 1209 2505 Sed
1225 2478 1298 2505 en‘im
1323 2482 1371 2511 spe
1399 2475 1598 2506 frustrabatur,
1616 2473 1691 2509 quod
1719 2473 1816 2500 beatus
1833 2472 1877 2499 ille

1077 2526 1134 2560 jam
1149 2529 1224 2552 extra
1249 2530 1358 2550 omnem
1374 2526 1446 2549 esset
1458 2521 1544 2548 aleam
1556 2521 1760 2547 calumniarum
1777 2528 1784 2545 :
1799 2518 1874 2545 Pho-

1080 2572 1134 2600 tius
1148 2575 1239 2598 autem
1257 2569 1283 2596 in
1300 2568 1430 2604 operibus
1445 2574 1575 2594 manuum
1592 2574 1704 2594 suarum
1722 2564 1877 2599 malignans

1080 2616 1250 2652 capiebatur.
1270 2614 1321 2648 Qui
1337 2621 1399 2641 eum
1412 2613 1513 2640 dubius
1528 2613 1653 2644 haereret,
1668 2611 1701 2638 ad
1717 2617 1798 2645 quem
1813 2614 1876 2635 tan-

1081 2663 1143 2690 dem
1155 2668 1263 2689 summa
1279 2659 1386 2694 imperii
1397 2662 1471 2686 esset
1487 2663 1660 2693 perventura,
1676 2654 1793 2682 subinde
1806 2653 1876 2688 apud

1083 2707 1242 2736 Michaelem
1279 2704 1408 2740 carpebat
1435 2703 1579 2734 Basilium,
1610 2709 1638 2729 et
1656 2700 1776 2728 vicissim
1804 2699 1876 2732 apud

1082 2754 1216 2782 Basiliam
1245 2751 1417 2780 obtrectabat
1433 2749 1570 2780 Michaeli,
1589 2751 1668 2775 ratus
1685 2745 1830 2773 amborum
1848 2752 1878 2771 se

1083 2801 1120 2828 ita
1133 2798 1283 2827 amicitiam
1302 2796 1354 2825 sihi
1370 2792 1678 2830 comparaturum,dum
1692 2799 1755 2826 erga
1768 2796 1877 2818 utrum-

1082 2854 1136 2883 que
1152 2844 1369 2874 benevolentiam
1387 2841 1549 2872 simularet,
1576 2843 1605 2866 ut
1632 2843 1694 2865 uter
1718 2837 1828 2864 tandem
1843 2844 1877 2863 ex

1082 2895 1136 2923 illis
1155 2893 1230 2922 solus
1245 2889 1389 2926 imperium
1405 2887 1550 2919 obtineret,
1566 2885 1642 2914 illum
1657 2885 1709 2913 sibi
1726 2883 1877 2913 devinctis-
