2092 3156
224 138 286 187 .539

828 138 975 169 NICETtE
995 139 1261 171 PAPHLAGONIS

1818 141 1871 174 540

235 195 336 220 simum
356 191 477 220 haberet.
489 192 570 227 Atqui
586 199 641 219 non
660 191 785 227 probavit
799 199 828 219 se
843 193 954 226 Basilio,
977 195 1024 229 qui

1087 195 1306 231 inoxptvépsvog,
1333 195 1382 223 καὶ
1406 195 1542 231 οἰόμενος,
1564 195 1601 228 ὡς
1615 196 1707 229 ὁποῖος
1721 197 1754 223 ἂν
1770 198 1875 226 τούτων

235 239 382 267 admodum
400 239 562 267 veteratoris
586 239 658 266 illius
688 239 808 273 strophis
824 240 1024 268 ollendebatur.

237 285 291 313 Nec
308 287 344 314 ita
361 287 446 313 multo
461 289 523 321 post
546 286 603 321 ipse
616 285 731 313 Michael
744 286 778 313 ad
795 286 883 317 sancti
903 286 1027 314 Maman-

202 336 205 339 '
237 333 271 360 tis
287 333 414 368 martyris
442 333 526 359 :rdem
553 339 602 367 per
626 331 740 359 insidias
767 336 912 366 mactatur,
931 334 1028 361 merito

236 379 373 414 dignoque
391 387 439 406 sua
465 379 595 411 amentia,
609 379 713 406 scelere
743 384 770 407 et
796 380 946 415 impietate,
971 380 1028 407 l‘ato

237 425 412 460 perfunctus;
430 433 492 453 cum
509 424 657 459 imperium
683 433 737 453 una
752 433 814 453 cum
841 430 927 453 matre
941 433 1028 455 annos

186 506 190 511 .
235 472 403 508 quindecim,
426 479 533 500 menses
551 477 623 506 octo,
643 473 717 500 solus
731 481 828 500 novem
844 480 927 507 prope
940 481 1028 501 annos

193 524 198 532 ‘
236 518 617 553 administrasset:cumque
646 519 747 546 malum
776 518 888 546 fecisset
916 519 942 546 in
963 527 1029 547 con—

237 570 330 599 spectu
350 564 479 592 Ecclesia:
493 564 650 599 Dei,periit.
666 564 747 592 Initio
762 570 852 592 autem
868 565 1026 594 indictionis

236 610 340 645 primm,
358 618 384 636 Ix
413 609 473 637 Kal.
502 609 638 643 Octobris,
653 610 771 638 Basilius
794 610 868 644 regia
896 615 1028 646 occupata

238 657 387 691 imperator
404 662 446 684 est
461 657 651 684 consalutatus
662 647 741 691 {qui
771 657 864 684 missis
890 658 924 684 ad
951 664 1029 684 revo-

235 703 352 730 candum
367 710 399 730 ex
418 703 515 730 itinere
530 702 704 734 Zachariam,
735 702 811 729 illum
838 710 854 730 e
882 702 971 730 media
985 702 1027 729 via

237 748 360 775 retraxit.
391 747 560 782 Posteroque
586 747 630 774 die
661 755 743 782 quam
769 747 945 774 renuntiatus
969 751 1029 774 erat

237 794 394 828 imperator,
412 792 539 820 Photium
552 792 586 820 de
601 793 701 820 throno
716 792 889 820 deturbatum
902 813 909 826 ,
928 792 955 819 in
970 799 1028 819 cae-

237 841 350 867 nobium
389 840 493 875 Seepcn
524 839 690 875 appellatum
717 839 809 874 cjicit;
842 839 1030 874 postridieque

1083 241 1262 276 μονοκράτωρ
1287 242 1444 277 ἀναδειχθῇ,
1460 242 1554 269 τοῦτον
1570 243 1610 274 εἰς
1629 243 1784 279 οἰκειότητα
1805 254 1874 280 προ-

1082 288 1221 322 στήσεται.
1235 288 1291 314 Οὐκ
1307 289 1407 324 ἤρεσκε
1429 289 1457 315 δὲ
1479 288 1518 324 τῷ
1534 289 1666 326 Βασιλείῳ
1685 291 1782 323 ταῦτα,
1801 292 1872 318 πάνυ

1080 333 1109 359 δὲ
1127 334 1187 366 ταῖς
1205 334 1384 370 πανουργίαις
1396 335 1568 371 προσώχθισε
1583 336 1629 363 τοῦ
1654 337 1748 371 σοφοῦ.
1768 339 1875 374 Μικρὸν

1082 379 1112 406 τὸ
1132 380 1161 406 ἐν
1177 379 1263 415 μέσῳ,
1290 380 1337 407 καὶ
1364 381 1445 413 αὐτὸς
1461 383 1475 408 ὁ
1494 382 1603 417 Μιχαὴλ
1625 383 1692 419 πρὸς
1711 383 1751 418 τῷ
1767 385 1874 419 τεμένει

1081 425 1128 452 τοῦ
1151 426 1301 462 Μάρτυρος
1318 427 1468 462 Μάμαντος
1497 428 1691 463 δολοφονεῖται,
1723 429 1802 462 ἀξίαν
1824 431 1874 466 τῆς

1081 472 1182 504 ἀνοίας,
1197 473 1285 499 εῖτουν
1304 473 1411 505 ἀδικίας
1424 473 1507 500 αὐτοῦ
1523 475 1571 500 καὶ
1584 475 1711 507 ἀσεϐείας
1723 475 1873 511 δεξάμενος

1081 517 1225 552 τελευτήνο
1252 518 1364 553 χρόνους
1391 519 1442 554 μὲν
1470 519 1667 546 πεντεκαίδεκα
1704 521 1751 547 καὶ
1783 521 1874 556 μῆνας

1082 562 1154 589 ὀκτὼ
1177 563 1438 598 συμὸεὸασιλευκὼς
1462 565 1494 600 τῇ
1525 564 1620 600 μητρὶ,
1645 565 1725 592 ἐννέα
1748 565 1776 591 δὲ
1797 565 1874 600 παρὰ

1083 608 1169 643 βραχὺ
1200 608 1279 644 μόνος
1311 608 1358 643 ἐτη
1382 609 1580 644 κεκρατηκὼς,
1609 610 1657 637 καὶ
1684 610 1715 637 τὸ
1753 611 1874 646 πονηρὸν

1082 654 1197 681 ἐνώπιον
1207 655 1258 689 τῆς
1271 654 1434 689 Ἐκκλησιας
1444 656 1546 691 Κυρίου
1569 656 1740 690 πεποιηκὼς,
1750 657 1873 692 τελευτᾷ.

1083 701 1183 736 Πρώτη
1214 701 1264 736 μὲν
1287 701 1422 727 ἰνδικτιὼν
1452 700 1525 737 εἶχεν
1541 702 1639 737 ἀρχὴν,
1661 703 1758 730 εἰκάδα
1782 703 1810 729 δὲ
1827 703 1876 730 καὶ

1082 745 1216 781 τετάρτην
1235 747 1249 773 ὁ
1273 746 1477 782 Σεπτέμὸριος,
1502 747 1551 774 καὶ
1570 749 1583 774 ὁ
1603 742 1743 780 Βασίλειος
1759 749 1828 785 πρδς
1840 749 1876 776 τὰ

1084 793 1207 828 βασίλεια
1222 793 1465 829 κατευθυνόμενος,
1479 795 1659 831 αὐτοκράτωρ
1680 797 1875 831 ἀνηγορεύετο.

1083 840 1211 875 Παρευθὺ
1225 839 1253 866 δὲ
1271 839 1382 875 πέμψας
1407 842 1447 872 εις
1464 841 1649 877 καταδρομὴν,
1668 843 1732 874 τοὺς
1755 843 1819 878 περὶ
1830 843 1877 870 τὸν

238 887 324 914 Eliam
354 886 608 921 splendidissimum
636 887 716 921 regna
735 885 832 913 classis
847 885 1027 921 drungarium

1087 885 1218 921 ιαχαρίαν
1235 886 1412 921 Καλχηδόνος
1422 887 1455 913 ὲκ
1469 887 1555 922 μέσης
1567 888 1724 923 ἀπέστρεψε
1739 889 1790 924 τῆς
1802 889 1874 916 ὁδοῦ.

236 939 299 958 cum
314 931 446 958 drotnone
460 931 545 966 regio,
564 938 615 958 seu
641 930 745 963 celoce,
770 930 803 957 ad
822 931 1029 958 sanctissimum

236 978 421 1013 patriarcham
435 985 468 1005 ex
484 978 573 1005 insula
581 977 849 1012 Constantinopolim
865 984 896 1004 ea
912 984 966 1011 qua
981 984 1030 1011 par

236 1028 278 1050 est
294 1023 406 1051 honoris
422 1032 520 1059 pompa
540 1024 728 1051 reducendum
749 1023 853 1050 mittit:
873 1023 919 1058 qui
950 1023 1028 1050 illum

237 1070 371 1105 tantisper
397 1070 423 1097 in
447 1070 570 1105 paternis
585 1069 690 1097 aedibus
708 1069 778 1102 suis,
799 1076 868 1103 quas
893 1069 1028 1103 Mangana

237 1115 386 1150 appellant,
401 1117 529 1144 collocat.

239 1170 308 1197 μωνι
333 1163 401 1198 πρὸς
431 1163 477 1189 τὸν
495 1162 646 1197 ἁγιώτατον
660 1161 819 1189 ἀποστέλλει
840 1162 1026 1197 πατριάρχην,
1046 1161 1121 1193 ὅπως
1151 1161 1233 1188 αὑτὸν
1260 1163 1293 1188 ὲκ
1315 1162 1365 1197 τῆς
1389 1163 1472 1198 νήσου
1491 1163 1560 1199 πρὸς
1593 1165 1643 1199 τὴν

1083 931 1123 966 Τῇ
1139 930 1201 965 ἑξῆς
1212 930 1240 957 δὲ
1257 931 1328 966 μετὰ
1342 931 1392 966 τὴν
1403 931 1594 967 ἀναγόρευσιν,
1611 933 1658 960 τοῦ
1675 934 1876 970 πατριαρχικοῦ

1082 975 1179 1011 Θρόνου
1197 975 1242 1002 τὸν
1261 975 1364 1002 Φώτιον
1381 977 1572 1010 καταὸιῆάζει,
1597 978 1645 1005 καὶ
1659 979 1687 1005 ὲν
1701 980 1876 1014 μοναστηρίῳ

1083 1023 1138 1049 τινὶ
1170 1022 1332 1058 καλουμένῳ
1363 1023 1458 1059 Σκὲπῃ
1482 1024 1577 1051 τοῦτον
1595 1024 1675 1056 εὐθὺς
1699 1026 1876 1061 ὑπερορίζει·

1080 1068 1128 1094 καὶ
1152 1069 1185 1103 τῇ
1214 1068 1346 1104 ἐπαύριον
1375 1069 1468 1097 Ἠλίαν
1498 1070 1544 1097 τὸν
1571 1071 1805 1107 περιφανέστατον
1827 1071 1876 1099 τοῦ

1081 1114 1222 1150 βασιλικοῦ
1235 1115 1329 1142 στόλου
1352 1115 1533 1152 δρουγγάριον
1550 1118 1599 1143 σὺν
1616 1118 1656 1153 τῷ
1670 1118 1802 1154 βασιλικῷ
1815 1119 1878 1154 δρό-

1682 1164 1877 1199 βασιλεύουσαν

238 1209 308 1243 μετὰ
323 1209 373 1244 τῆς
386 1209 545 1244 πρεπούσης
560 1209 695 1244 ἁνενέγκῃ
712 1208 814 1252 τιμῆς·
828 1209 877 1235 καὶ
892 1208 960 1240 τέως
977 1208 1026 1243 μὲν
1045 1209 1074 1235 ὲν
1105 1209 1161 1239 τοῖς
1192 1210 1312 1243 γονικοίς
1342 1209 1425 1236 αὑτοῦ
1455 1210 1598 1242 παλατίοις
1621 1212 1678 1244 τοῖς
1695 1212 1874 1248 καλουμένοις

236 1257 394 1291 Μαγκάνοις
412 1256 627 1290 ἀποκαθίστησιν
639 1256 731 1282 αὐτόν.

274 1305 308 1333 Ut
323 1313 387 1332 vero
403 1305 534 1340 improbae
545 1310 618 1333 artes
632 1313 728 1333 omnes
744 1310 840 1333 contra
860 1306 947 1334 virum
964 1313 1030 1333 san-

236 1357 311 1380 ctum
339 1352 471 1379 omnibus
485 1356 606 1387 pateant,
626 1352 672 1386 qui
696 1351 876 1386 apprehendit
892 1352 1030 1387 sapientes

237 1399 264 1426 in
281 1398 382 1426 astutia
398 1405 505 1430 eorum,
527 1402 555 1425 et
577 1398 723 1425 consilium
740 1406 886 1433 pravorum
904 1399 1030 1433 dissipat,

237 1445 283 1472 ille
312 1444 393 1471 etiam
417 1444 574 1479 imperatori
602 1444 694 1479 injecit
720 1452 780 1472 eam
806 1449 936 1478 mentem,
954 1449 984 1472 ιιι
998 1445 1032 1472 ad

236 1490 363 1518 Photium
392 1490 524 1523 mitteret,
547 1489 721 1525 juberetque,
747 1490 839 1517 omnia
859 1498 920 1526 quae
948 1499 963 1518 a
984 1499 1033 1526 pa-

237 1536 368 1563 triarchio
383 1536 556 1570 sumpsisset,
583 1543 666 1563 manu
696 1543 746 1563 sua
767 1535 879 1570 scripta,
897 1537 1033 1571 quampri—
1049 1546 1071 1576 ρ

236 1590 312 1609 mum
330 1582 382 1609 sibi
407 1582 565 1609 transmitti.
591 1581 644 1609 Sed
676 1582 815 1617 pejerabat
843 1582 898 1615 ille,
922 1583 989 1609 nihil
1005 1590 1035 1610 se

237 1636 271 1655 ex
287 1628 455 1663 patriarchio
480 1635 572 1655 secum
603 1628 753 1662 accepisse,
775 1636 808 1655 eo
829 1629 902 1663 quod
928 1637 1036 1664 urgere-

238 1679 283 1700 tur
299 1674 332 1701 ad
358 1674 524 1701 discessum.
549 1674 618 1701 Dum
645 1675 702 1701 hate
717 1675 750 1702 ad
769 1675 885 1702 Baanetn
907 1675 1037 1710 prwposi-

237 1725 296 1747 tum
323 1719 492 1750 dicerentur,
511 1719 607 1747 famuli
623 1721 762 1755 praapositi
777 1729 792 1748 a
807 1721 1036 1750 tumultuantibus

239 1766 310 1793 inter
325 1773 354 1793 se
366 1765 455 1793 Pholii
471 1765 568 1797 servis,
582 1770 685 1800 septem
702 1774 798 1795 saccos
814 1767 938 1801 refertos,
951 1768 1037 1802 plum-

238 1811 330 1846 boque
358 1811 491 1846 signatos,
510 1811 535 1838 in
566 1811 722 1846 proximum
749 1813 943 1840 arundinetum
972 1821 1037 1841 cott-

239 1857 344 1884 dcndos
368 1856 434 1884 ferri
453 1857 684 1890 animadvertunt,
703 1866 842 1894 manuque
859 1859 958 1893 injecta
976 1867 1036 1887 cre-

239 1911 301 1940 ptos
324 1905 358 1932 ad
372 1905 564 1939 imperatorem
580 1906 736 1941 deportant.
757 1906 788 1934 Et
803 1907 867 1934 dum
883 1908 1035 1943 resignant,

239 1952 295 1980 duo
322 1952 467 1979 'volumina
491 1959 559 1979 auro
575 1957 745 1987 argentoque
762 1953 912 1987 braetcata,
932 1955 1036 1982 serico-

239 2005 292 2033 qne
313 2002 468 2026 extrorsum
496 1998 595 2032 velata,
627 1999 776 2026 introrsum
809 2007 874 2027 vero
897 2001 1037 2036 eleganter

240 2050 266 2071 et
279 2044 348 2072 scite
362 2044 460 2072 litteris
475 2045 598 2072 venustis
611 2050 723 2073 exarata
741 2047 891 2081 reperiunt.
912 2046 1035 2075 Alterum

239 2090 399 2118 continebat
419 2092 545 2119 actiones
561 2096 665 2126 septem
687 2091 833 2126 synodieas
846 2097 941 2120 contra
959 2092 1038 2127 Igna-

241 2136 320 2169 tium,
348 2144 410 2171 quae
421 2144 472 2164 nec
486 2141 561 2169 sunt,
577 2144 628 2164 nec
650 2136 761 2164 fuerunt
778 2145 898 2172 unquam
914 2137 1037 2165 celebra-

241 2187 285 2213 tae,
299 2182 346 2209 sed
362 2181 446 2217 gratis
468 2187 560 2209 astuta
582 2182 716 2209 duntaxat
745 2187 835 2210 mente
857 2182 990 2211 conﬁctae.
1006 2183 1035 2210 ln

1121 1302 1182 1329 Ἵνα
1194 1301 1222 1328 δὲ
1238 1302 1313 1329 πᾶσα
1339 1303 1356 1338 ἡ
1383 1302 1453 1329 κατὰ
1472 1302 1519 1329 τοῦ
1533 1303 1612 1337 ἁγίου
1632 1303 1745 1338 γένηται
1759 1304 1879 1339 πονηρία

1084 1348 1276 1384 καταφανὴς,ὁ
1287 1348 1471 1384 δρασσόμενος
1485 1350 1549 1381 τοὺς
1563 1349 1662 1385 σοφοὺς
1670 1350 1698 1376 ὲν
1713 1351 1745 1385 τῇ
1757 1359 1878 1387 πανουρ-

1085 1394 1132 1430 γίᾳ
1147 1394 1249 1428 αὐτῶν,
1279 1394 1458 1421 πολυπλόκων
1484 1394 1512 1420 δὲ
1529 1394 1626 1429 βουλὰς
1652 1394 1774 1427 ἐξιστῶν.
1797 1396 1879 1429 αὐτὸς

1086 1440 1217 1476 ἐμϐάλλει
1239 1441 1287 1468 καὶ
1313 1440 1351 1476 τῷ
1376 1441 1558 1476 αὐτοκράτορι
1580 1441 1712 1477 Βασιλείῳ
1736 1441 1878 1477 λογισμόν.

1086 1487 1142 1513 Καὶ
1157 1487 1317 1513 ἀποστέλλει
1348 1487 1417 1522 πρὸς
1431 1487 1545 1520 Φώτιον,
1573 1487 1608 1514 τὰ
1624 1488 1755 1523 ίδιόχειρα
1777 1490 1877 1521 πάντα,

1087 1533 1137 1559 ὅσα
1148 1533 1202 1560 ἀπὸ
1221 1532 1267 1560 τοῦ
1285 1533 1482 1569 πατριαρχείου
1507 1534 1609 1562 κατιὼν
1628 1534 1734 1566 ἔλαϐεν,
1758 1535 1879 1571 ἀνυπερ-

1089 1579 1177 1611 Θέτως
1192 1578 1267 1614 αὑτῷ
1282 1579 1390 1615 πέμψαι
1415 1580 1675 1615 παρεκελευόμενος.
1694 1580 1723 1608 '0
1741 1581 1769 1608 δὲ
1787 1581 1879 1617 ὅρκοις

1087 1625 1225 1659 ἐψεύδετο,
1239 1626 1322 1661 μηδὲν
1333 1625 1455 1652 τοιοῦτον
1467 1626 1572 1653 ἐκεῖθεν
1583 1627 1693 1658 λαϐεῖν,
1702 1626 1740 1662 τῷ
1756 1626 1882 1654 κατεπεί-

1086 1671 1184 1706 γεσοαι
1200 1672 1269 1707 πρὸς
1283 1671 1334 1706 τὴν
1350 1671 1512 1699 κατάϐασιν.
1539 1671 1582 1703 Ὠς
1595 1670 1642 1698 οὖν
1658 1671 1746 1698 ταῦτα
1761 1672 1881 1707 παράύ-

1086 1717 1133 1744 τοῦ
1154 1717 1222 1753 πρὸς
1244 1717 1291 1744 τὸν
1303 1718 1483 1753 πραιπὸσιτον
1500 1717 1607 1753 Βαάνην
1624 1717 1744 1752 ἐλέγετο,
1759 1718 1784 1744 οἱ
1796 1716 1880 1743 αὑτοῦ

1087 1763 1284 1799 θορυϐούμενοι
1304 1763 1493 1798 θεραπευταὶ,
1520 1763 1590 1790 ἑπτὰ
1617 1764 1736 1795 σάκκους
1766 1763 1880 1798 πλήρεις

1086 1809 1325 1846 ἐσφραγισμένους
1347 1809 1465 1845 μολίϐδῳ
1497 1809 1538 1841 εἰς
1567 1809 1613 1836 τὸν
1640 1809 1756 1844 πλησίον
1775 1809 1882 1837 ἐνίεσαν

1087 1857 1239 1892 καλαμῶνα
1259 1855 1479 1891 κατακρύϐοντες
1492 1864 1498 1872 ⁸
1516 1855 1563 1887 οὒς
1581 1856 1675 1892 οἱπερὶ
1692 1856 1738 1883 τὸν
1757 1855 1883 1891 πραιπό-

1087 1912 1162 1930 σιτον
1177 1903 1287 1935 ἰδόντες,
1304 1903 1352 1929 καὶ
1376 1903 1426 1938 τῆς
1449 1902 1542 1938 χειρὸς
1560 1903 1787 1938 ὰφαρπάσαντες,
1812 1902 1882 1936 πρὸς

1087 1950 1133 1977 τὸν
1159 1949 1273 1985 βασιλέα
1295 1949 1479 1984 ἀπεκόμισαν.
1513 1948 1681 1981 Ἀνοίξαντες
1708 1948 1736 1975 δὲ
1758 1947 1881 1979 τούτους,

1087 1996 1134 2022 δύο
1156 1996 1314 2031 εὑρίσκουσι
1341 1986 1432 2030 ξιὸλία
1453 1994 1547 2030 χρυσῷ
1564 1995 1611 2021 καὶ
1628 1993 1741 2029 ἀργύρῳ
1758 1994 1882 2028 σηρικοῖς

1088 2042 1148 2068 ὲνδύ
1153 2050 1236 2078 μασιν
1245 2041 1345 2074 ἔξωθεν
1358 2040 1566 2076 κεκοσμημένα,
1582 2039 1683 2067 ἔσωθεν
1692 2039 1720 2065 δὲ
1731 2038 1884 2074 φιλοκάλως
1901 2075 1904 2078 Δ

1088 2087 1137 2115 καὶ
1147 2087 1286 2123 ἐπιμελῶς
1299 2087 1446 2123 γράμμασι
1456 2086 1637 2122 γεγραμμένα
1650 2086 1788 2120 τερπνοῖς.
1801 2085 1884 2119 Περι-

1089 2136 1144 2170 εῖχε
1162 2135 1190 2161 δὲ
1213 2134 1292 2161 τὺίέν
1311 2134 1424 2170 πράξεις
1440 2133 1510 2160 ἑπτὰ
1519 2131 1676 2163 συνοδικὰς,
1687 2131 1735 2163 τὰς
1747 2131 1884 2166 μηδέποτε

1089 2181 1183 2215 οὔσας,
1199 2181 1216 2217 ῆ
1230 2181 1391 2216 γενομένας,
1422 2179 1494 2207 κατὰ
1515 2178 1562 2205 τοῦ
1589 2178 1731 2212 Ίγνατίου,
1749 2177 1839 2212 μάτην
1854 2176 1883 2202 δὲ

242 2236 356 2262 quarum
382 2229 499 2264 singulis
527 2228 623 2262 initiis,
645 2237 727 2256 manu
763 2230 849 2264 ipsius
873 2229 1035 2265 Syracusani

1091 2228 1272 2262 κακοδαίμονι
1285 2227 1364 2262 μόνον
1376 2225 1626 2260 ἀναπεπλασμένας
1645 2223 1760 2259 διανοίᾳ.
1770 2223 1815 2250 Ἐν
1824 2224 1885 2254 ταῖς

243 2274 368 2302 Asbcstae
392 2274 512 2309 (egregie
537 2275 622 2306 enim,
639 2275 671 2302 ad
690 2275 843 2308 cumulum,
860 2283 933 2308 reor,
955 2276 1041 2303 malo-

243 2327 316 2352 rum.
339 2325 367 2348 et
395 2320 524 2356 pingendi
555 2321 702 2349 artiﬁcium
730 2322 876 2355 didicerat)
903 2322 1042 2350 coloribus

243 2365 401 2393 artiﬁciosis
419 2374 568 2401 expressus
583 2372 642 2395 erat
657 2367 790 2403 lgnatins.
810 2367 833 2395 0
847 2368 984 2395 rabiosmn
998 2368 1042 2395 lu-

245 2418 347 2444 rorem,
364 2420 379 2439 o
405 2411 536 2441 furiosam
563 2412 679 2446 rabiem,
695 2413 739 2441 cui
757 2413 825 2440 nihil
855 2413 917 2440 addi
942 2412 1040 2448 possit!

245 2458 333 2492 Atque
361 2459 388 2486 in
410 2459 499 2494 prima
525 2459 636 2494 quidem
656 2460 766 2487 actione
787 2464 924 2495 raptatum
942 2463 969 2487 et.
985 2467 1043 2487 ver-

246 2506 369 2532 beratum
385 2506 518 2540 lgnatium
535 2506 649 2538 etllnxit,
663 2514 803 2541 supraque
837 2511 918 2542 caput
943 2506 1043 2534 inscri-

245 2553 315 2588 psit:
333 2552 472 2580 Diabolus.
489 2553 617 2589 Nunquid
633 2561 686 2581 non
694 2553 830 2582 maledicti
846 2553 1042 2581 exhorrescitis

246 2599 414 2626 atrocitatem
430 2599 442 2626 ’ἶ
457 2598 510 2628 Sed
528 2606 581 2627 non
599 2605 650 2632 est,
668 2600 741 2634 quod
757 2599 907 2626 miremini.
932 2599 1000 2626 Nam
1018 2599 1042 2626 si

247 2645 475 2679 patremfamilias
490 2646 661 2681 appellarunt
686 2645 848 2677 Beelzebub,
871 2645 1042 2673 domesticos

247 2691 308 2725 ejus
322 2691 461 2727 quomodo
478 2692 649 2727 appellarent
664 2692 715 2719 iln
730 2692 815 2719 altera
831 2691 939 2719 actione
956 2691 1043 2727 sputis

249 2737 393 2769 foedatum,
416 2746 572 2773 magnaque
591 2738 617 2764 vi
644 2743 761 2766 tractum
787 2737 953 2770 ell'ormavit,
978 2744 1041 2764 cum

249 2784 305 2812 hoc
346 2785 436 2820 elogio
471 2794 478 2812 :
519 2784 686 2820 Principium
723 2783 838 2819 peccati.
870 2782 900 2810 ln
937 2783 1040 2816 tertia,

248 2830 282 2858 de
317 2831 416 2858 throno
453 2832 640 2863 deturbatum,
680 2838 742 2859 cum
782 2829 833 2857 hoc
873 2830 953 2857 titulo
973 2839 978 2856 :
998 2829 1042 2856 Fi-

249 2876 304 2904 lius
326 2878 497 2912 perditionis.
529 2878 558 2906 lu
585 2882 694 2914 quarta,
718 2876 836 2904 vinculis
873 2875 1040 2912 colligatum,

1092 2275 1190 2309 ἀρχαῖς
1204 2274 1232 2301 δὲ
1248 2273 1351 2300 τούτων
1373 2272 1415 2307 ἐφ’
1433 2272 1551 2306 ἑκάστης
1578 2270 1715 2306 πράξεως,
1733 2267 1885 2304 αὐτουργία

1092 2321 1139 2348 τοῦ
1153 2318 1337 2355 Συρακουσίου
1354 2318 1487 2345 ’Λσϐεστᾶ
1510 2315 1561 2352 (ἦν
1576 2317 1631 2353 γὰρ
1647 2316 1694 2344 καὶ
1709 2315 1856 2351 ζωγράφος
1871 2314 1885 2340 ὸ

1094 2366 1236 2401 γεννάδας,
1258 2365 1298 2396 είς
1319 2363 1481 2399 προσθήκην
1501 2363 1555 2390 τῶν
1572 2361 1656 2389 αὐτοῦ
1669 2360 1772 2391 κακῶν,
1787 2358 1884 2394 οἶμαι)

1093 2411 1137 2439 διὰ
1150 2410 1330 2447 χρωματικῆς
1356 2409 1517 2445 ζωγραφίας
1537 2408 1724 2443 ἐνεγέγραπτο
1744 2406 1885 2440 Ἰγνάτιος.

1093 2459 1149 2485 Καὶ
1165 2457 1198 2493 (ὦ
1219 2457 1269 2492 τῆς
1293 2455 1448 2484 ἀκσθέκτου
1466 2455 1586 2490 λύσσηςῑ
1609 2453 1632 2480 ὣ
1647 2453 1744 2489 μανίας
1758 2450 1887 2490 οὐδεμίαν

1094 2504 1250 2540 ὑπερϐολὴν
1278 2502 1478 2538 ἀπολειπούσης
1490 2501 1509 2537 ι)
1525 2500 1595 2528 κατὰ
1620 2501 1670 2535 τὴν
1698 2498 1810 2534 πρώτην
1837 2496 1887 2532 μὲν

1094 2550 1194 2586 πρᾶξιν
1209 2549 1360 2585 συρόμενον
1376 2556 1407 2575 τε
1426 2547 1507 2574 αὑτὸν
1523 2546 1570 2572 καὶ
1590 2544 1784 2581 ῥαϐδιζόμενον
1801 2542 1886 2577 ἐμόρ-

1095 2605 1200 2632 φωσεν,
1213 2595 1317 2622 ἄνωθεν
1333 2594 1361 2621 δὲ
1375 2594 1423 2630 τῆς
1437 2593 1558 2627 κεφαλῆς
1571 2590 1727 2626 ἐπέγραψεν
1738 2597 1745 2605 °
1763 2599 1772 2616 ι
1793 2589 1821 2615 ’0
1830 2588 1888 2615 διά-

1094 2643 1182 2674 ϐολος.
1195 2639 1330 2677 »τΑρόύκ
1342 2639 1470 2676 ὲιρρίξατε
1481 2639 1530 2674 τὴν
1541 2636 1694 2672 ὑπερϐολὴν
1705 2636 1754 2671 τῆς
1763 2635 1886 2671 βλασφη-

1096 2689 1176 2725 μίας;
1193 2688 1274 2716 Ἀλλὰ
1290 2688 1327 2722 μὴ
1343 2685 1555 2722 θαυμάσητε,Εἰ
1568 2684 1622 2719 γὰρ
1633 2683 1678 2710 τὸν
1694 2681 1887 2716 οἰκοδεσπότην

1094 2736 1259 2769 Βεελζεὸοὺλ
1274 2735 1417 2767 ἐκάλεσαν,
1434 2734 1460 2760 τί
1474 2733 1541 2769 πρὸς
1550 2732 1613 2764 τοὺς
1630 2731 1769 2762 οἰκιακοὺς
1785 2727 1886 2761 αὐτοῦς

1095 2783 1175 2810 Κατὰ
1185 2781 1234 2817 τὴν
1250 2781 1380 2815 δευτέραν
1387 2780 1415 2806 δὲ
1428 2779 1628 2814 ἐμπτυόμενον,
1643 2777 1690 2803 καὶ
1701 2775 1795 2812 βιαίως
1811 2774 1888 2800 ὲλχὼ

1096 2837 1175 2864 μενον
1184 2827 1276 2860 αὑτὸν,
1285 2827 1333 2854 καὶ
1346 2826 1526 2862 ὴὲπιγραφή·
1538 2834 1547 2851 t
1560 2823 1643 2859 Ἀρχὴ
1655 2823 1703 2858 τῆς
1712 2821 1860 2858 ἁμαρτίας.
1873 2828 1884 2846 ι

1095 2875 1173 2903 Κατ-ἂι
1189 2874 1237 2911 τὴν
1252 2873 1382 2910 τρίτηνδξ
1396 2871 1622 2908 καθαιρούμενον,
1636 2870 1693 2904 καὶ,
1709 2879 1717 2895 ι
1729 2869 1758 2895 'U
1768 2868 1825 2899 υἱὸς
1838 2867 1888 2901 τῆς
