2092 3156
250 138 299 172 541

251 240 411 276 οριζόμενον
424 240 493 267 κατὰ
507 241 558 275 τὴν
571 241 706 275 τετάρτην
729 240 829 276 πρᾶξιν
846 241 980 268 είκὸνισεν
995 242 1044 268 αὐ-

249 288 305 320 τὸν,
328 287 376 314 καὶ
398 287 555 320 πλεονεξίαν
575 287 622 314 τοῦ
639 287 728 322 μάγου
744 288 866 322 Σίμωνος
889 287 1042 323 ἐπέγραψε.

250 334 328 361 Κατὰ
346 333 395 368 τὴν
411 334 498 369 ἀρχὴν
511 334 538 360 δὲ
552 335 601 369 τῆς
619 335 747 370 πέμπτης
761 334 868 366 κλοιούς
886 335 967 361 αὐτὸν
980 343 1044 369 σχη-

253 379 359 413 ματίζει
373 379 574 414 περικείμενον,
587 380 659 414 καὶὴ
673 380 791 417 λοιδορία
800 389 807 396 ·
821 390 830 406 ι
855 381 884 407 Ὀ
893 380 1043 416 ὑπεραιρό-

251 433 331 459 μενος
347 425 393 451 ἐπὶ
408 425 496 451 πάντα
503 425 569 451 Θεὸν
584 425 629 452 καὶ
640 425 774 461 σέϐασμα.
787 435 796 451 ι
813 425 894 453 Κατὰ
901 425 950 461 τὴν
960 425 1043 460 ἕκτην

250 470 279 497 δὲ
293 471 333 501 είς
352 470 503 505 καταδίκην
529 471 611 498 αὐτὸν
627 471 829 507 ἐμϐαλλόμενον
846 473 990 499 είκόνισεν.
1010 471 1044 497 Ἦ

249 515 278 542 δὲ
295 517 354 542 κατ’
367 516 450 542 αὐτοῦ
463 516 612 551 ἀργολογία
631 516 681 553 [aL
695 517 840 553 ἀπολογία]
853 525 857 531 ·
869 526 879 543 ι
899 517 1043 552 Βδέλυγμα

249 562 298 596 τῆς
314 562 490 597 ἐρημώσεως.
507 572 515 588 ι
531 562 611 589 Κατὰ
633 563 682 598 τὴν
701 563 819 599 ἑϐδόμην
840 564 869 590 δὲ
885 564 932 591 καὶ
947 564 1041 590 τελευ-

250 608 329 634 ταίαν
349 607 459 642 πρᾶξιν,
478 607 628 643 συρόμενον
643 608 725 635 αὐτὸν
740 609 788 635 καὶ
799 607 1043 644 παρατομούμενον

249 652 472 688 διεξωγράφησε·
496 653 573 689 καὶὴ
589 654 730 689 ἐπιγραφὴ
749 653 844 686 αὐτοῦ,
861 654 894 689 ἢν
912 653 1042 689 ἔγραψεν,

249 696 283 734 ἦν
293 708 300 715 ·
318 708 327 725 ι
350 699 543 735 Ἀντίχριστος.
560 709 569 726 ι
584 699 676 727 Ταῦτα
691 700 746 733 ἐγὼ
759 701 807 735 μὲν
817 699 994 736 αἰσχύνομαι,
1012 699 1044 736 νὴ

249 744 300 780 τὴν
327 744 467 780 ἀλήθειαν,
490 746 538 772 ἐπὶ
560 745 688 781 γλώσσης
709 746 796 780 ἄγων,
811 746 859 773 καὶ
878 746 918 777 είς
934 746 1044 781 μνήμην

248 790 352 818 τούτων
386 791 450 818 ίώνο
470 792 518 818 καὶ
549 791 594 818 διὰ
613 791 693 819 τοῦτο
713 792 897 823 παντάπασιν,
923 789 953 818 εὖ
975 792 1042 825 ἴστε,

250 837 420 873 κατεσίγησα
434 837 478 870 ἂν,
497 839 522 865 ει
538 838 576 874 μὴ
594 838 688 873 ἐώρων
707 839 771 870 τοὺς
790 837 880 865 ταῦτα
898 846 1040 873 καταπραι

786 140 872 171 VITA
888 140 918 170 S.
933 139 1083 170 IGNATII
1103 140 1147 170 (ΞΡ
1178 140 1345 171 ARCHIEP

250 194 401 225 ἀπωλείας,
421 204 430 220 ι
445 195 674 230 ἐπιγραφόμενον.
687 194 877 230 Δεσμούμενον
897 195 983 222 δὲκαὶ
1001 195 1043 228 ἐξ·

1094 199 1122 223 et
1151 197 1376 229 csterminatum,
1408 196 1502 232 itaque
1535 197 1698 233 inscriptum
1723 206 1730 225 :

1827 144 1880 175 542

1761 198 1882 229 Avaritia

1095 242 1217 269 Simonis
1242 241 1322 277 Magi.
1339 242 1367 269 ln
1383 243 1490 276 quinta,
1516 243 1610 270 collari
1634 243 1710 271 l'urca
1735 244 1882 278 inclusum,

1093 294 1156 314 cutn
1176 287 1228 315 hac
1245 288 1383 315 calumnia
1406 297 1412 315 :
1430 287 1482 321 Qui
1496 295 1526 316 se
1542 289 1648 316 extollit
1662 297 1744 324 supra
1763 298 1844 318 omne
1856 290 1883 318 id

1094 334 1167 369 quod
1187 333 1288 361 dicitur
1303 339 1351 362 aut
1373 334 1471 362 colitur
1499 335 1581 362 Deus.
1606 335 1635 362 In
1662 340 1738 364 sexta
1761 337 1886 371 depinxit

1094 380 1172 414 quasi
1186 379 1243 414 jam
1258 380 1431 413 damnatum,
1447 388 1508 408 eum
1526 381 1599 408 dicto
1616 390 1623 408 :
1637 382 1812 409 Abominatio
1835 383 1884 410 de-

1095 422 1248 450 solationis.
1267 423 1297 450 1n
1315 425 1430 458 septitna
1457 429 1484 451 et
1508 425 1605 452 ultima
1631 426 1710 453 ﬁnxit
1735 431 1883 461 raptatum,

1094 468 1239 503 capiteque
1265 469 1410 496 multatum
1436 474 1489 502 ;et
1515 470 1659 505 inscriptio
1690 475 1749 499 erat
1774 481 1781 499 :
1806 472 1884 500 Anti-

1095 513 1226 541 christus.
1244 514 1310 547 Quae
1321 522 1371 550 ego
1386 523 1434 549 per
1446 515 1587 543 veritatem
1600 516 1659 543 sine
1680 517 1784 551 pudore
1796 526 1885 553 neque

1094 561 1256 595 pronuntio,
1273 568 1362 596 neque
1381 561 1408 588 in
1430 567 1550 589 mentem
1575 570 1696 591 revoco;
1716 563 1750 590 ob
1770 571 1886 599 eamque

1095 614 1206 634 causam
1229 607 1335 640 sciatis,
1358 608 1451 639 velim,
1481 615 1523 635 me
1549 608 1658 636 silentio
1682 611 1884 644 ptaateriturum

1093 652 1191 685 fuisse,
1210 653 1264 681 nisi
1290 653 1410 681 viderem
1434 654 1533 681 borum
1562 659 1701 688 auctores,
1728 653 1886 684 auctorum;

1094 705 1148 733 qtte
1165 698 1286 725 asseclas
1304 698 1362 725 hazc
1381 706 1436 725 non
1451 699 1540 726 solum
1565 707 1620 726 non
1637 700 1809 735 erubescere,
1837 702 1885 729 sed

1095 743 1122 771 in
1139 743 1182 771 his
1199 744 1288 778 palam
1308 744 1389 778 etiam
1406 744 1527 779 gloriari.
1553 744 1705 780 Pltotioque
1730 748 1885 776 sanctitatis

1094 789 1251 824 opinionem
1267 789 1336 818 falso
1353 790 1484 818 tribuere.
1503 790 1554 818 Sed
1573 799 1655 819 verax
1677 793 1723 820 ille
1738 800 1792 820 non
1810 801 1886 820 tuen-

1096 836 1173 868 titur,
1187 836 1234 871 qui
1247 836 1315 864 dixit
1331 845 1337 864 :
1355 836 1458 871 Impius
1474 845 1533 865 cum
1550 838 1577 864 in
1591 838 1753 872 profundum
1775 840 1883 872 venerit,

250 882 392 917 ξαμένους,
406 883 454 909 καὶ
468 884 532 915 τοὺς
543 883 634 911 αὐτῶν
648 883 774 916 οἰκείους,
793 883 823 910 οὐ
841 883 921 918 μόνον
936 884 965 910 ὲν
980 883 1041 909 τού-

1094 882 1284 910 contemnit":
1303 883 1349 910 sed
1362 883 1483 918 sequitur
1495 890 1557 911 eum
1574 884 1724 919 ignOminia
1740 889 1767 912 et
1783 893 1885 920 oppro-

249 935 305 958 τοις
316 927 375 966 οὐκ
394 928 662 963 ὲγκαλυπτομένους,
685 928 754 955 ἀλλὰ
771 928 819 955 καὶ
834 928 1040 962 ὲγκαλλωπιζο-

251 973 359 1008 μένους,
376 974 423 1000 καὶ
437 973 516 1006 δόξαν
532 974 688 1009 ἁγιωσύνης
703 974 933 1010 ὲπιψευδομένους
946 974 1021 1010 αὐτῷ
1033 981 1040 990 ·

248 1018 366 1054 ἀψευδὴς
379 1019 433 1054 γὰρ
444 1020 458 1045 ὁ
471 1019 556 1046 εἰπών
568 1027 575 1035 ·
588 1020 681 1047 Ὅταν
689 1020 763 1054 ἔλθῃ
775 1019 887 1053 ἀσεϐὴς
898 1019 1043 1053 είςβιίθος

248 1064 360 1097 κακῶν,
394 1065 596 1100 καταφρονεῖ·
622 1066 769 1101 ἐπέρχεται
797 1066 826 1093 δὲ
847 1065 921 1101 αὐτῷ
945 1066 1042 1101 ἀτιμία

249 1111 296 1138 καὶ
317 1111 429 1143 ὄνειδος.
447 1112 571 1147 Ὠμοσαν
591 1112 664 1138 κατὰ
684 1112 732 1138 τοῦ
751 1111 834 1146 φόϐου
856 1112 971 1147 Κυρίου,
995 1114 1042 1138 καὶ

249 1156 320 1183 κατὰ
335 1156 385 1190 τῆς
398 1156 476 1191 ἰόξης
490 1157 542 1191 τῆς
559 1157 652 1192 ισχύος
665 1156 760 1189 αὐτοῦ,
773 1158 797 1184 οι
813 1158 859 1184 ἐπὶ
872 1158 905 1193 τῇ
922 1157 1043 1191 ἀναγνώ-

249 1210 291 1229 σει
305 1202 360 1229 τῶν
376 1202 481 1236 ἐναγῶν
495 1202 623 1238 πράξεων
635 1202 749 1230 ἐκείνων
762 1203 930 1239 εὐρεοὲντες,
947 1203 1043 1238 πεντή-

249 1257 332 1275 κοντα
351 1248 460 1275 καὶδύο
476 1249 650 1284 ἀναμφίϐολα
679 1249 727 1276 καὶ
744 1250 828 1276 πᾶσιν
842 1249 1043 1284 ὡμολογημένα

248 1294 333 1330 ψευδῆ
358 1295 496 1329 κεφάλαια
522 1295 694 1330 γεγράφθαι,
720 1296 750 1327 ἐξ
771 1295 886 1327 ἀσεϐοῦς
912 1295 1041 1331 μᾶλλονῆ

251 1342 370 1377 μανικῆς
380 1341 500 1372 διανοίας
511 1342 552 1373 είς
564 1341 733 1377 κατηγορίαν
748 1341 795 1368 τοῦ
815 1342 938 1377 μάκαρος
956 1342 1043 1375 Ἰγνα-

248 1387 307 1413 τίου
340 1387 564 1422 προσφερόμενα.
584 1387 720 1422 Ἐκάστης
744 1387 773 1414 δὲ
793 1388 963 1423 κατηγορίας
974 1388 1044 1423 πρὸς

249 1433 288 1468 τῷ
300 1433 373 1460 τέλει
385 1434 509 1470 ἄγραφον
522 1435 614 1469 στίχον
629 1435 843 1470 κατελίμπανον,
859 1434 885 1460 ετ
903 1434 965 1460 τινά
978 1442 1043 1460 ποτε

247 1479 303 1506 τῶν
332 1479 416 1512 ἀξὶων
442 1480 561 1515 ἀγχόνης
580 1479 677 1515 δώροις
695 1480 712 1516 ἢ
734 1479 887 1515 ἀξιώμασιν
903 1479 1043 1513 ἀπατῆσαι
1059 1515 1062 1516 ν

248 1524 398 1559 δυνηθεῖεν,
428 1526 461 1552 ἵν’
494 1526 544 1562 ἔχῃ
570 1527 653 1553 τόπον
674 1526 868 1561 ἐγγράψασθαι
883 1525 922 1560 τῷ
938 1525 1040 1560 ψεύδει.

249 1571 305 1597 Καὶ
320 1572 406 1598 ταῦτα
419 1572 468 1607 μὲν
489 1574 506 1608 ἡ
524 1572 574 1608 μία
588 1573 635 1600 τοῦ
652 1573 777 1600 διαϐόλου
799 1573 922 1607 περιεῖχε
939 1572 1041 1606 βίϐλος.

255 1617 288 1644 Ἦ
299 1618 379 1653 ἑτέρα
395 1619 421 1645 δὲ
439 1619 565 1654 συνοδικὴ
581 1620 653 1646 κατὰ
664 1619 798 1647 Νικολάου
812 1619 860 1646 τοῦ
878 1619 957 1646 πάπα
974 1619 1042 1645 Ῥώ-

251 1671 304 1697 μης
315 1663 529 1696 κατεσκεύαστο,
546 1664 637 1690 πᾶσιν
657 1663 841 1698 συκοφαντίαν
853 1664 901 1690 καὶ
919 1663 1042 1698 βλασφη-

252 1707 316 1742 μίαν
330 1708 430 1735 ἄτοπον
439 1710 479 1740 εἰς
497 1708 659 1744 καθαίρεσιν
680 1708 777 1744 ἀνδρὸς
789 1709 868 1743 ἁγίου
885 1707 932 1735 καὶ
949 1708 1043 1735 ἀναθε-

253 1755 387 1789 ματισμον
418 1754 508 1787 ἀθέως
535 1756 583 1781 καὶ
615 1754 744 1790 πονηρῶς
779 1753 1041 1790 δραματουργοῦσα,

251 1800 315 1833 ἀξία
330 1800 378 1828 καὶ
393 1801 462 1837 αὐτὴ
477 1802 525 1835 τῆς
540 1809 570 1827 τε
594 1800 642 1827 τοῦ
663 1801 782 1836 πονηροῦ
802 1800 929 1836 δαίμονος
940 1801 1044 1835 ὑπαγο-

253 1847 324 1881 ρίας,
333 1847 381 1874 καὶ
395 1847 446 1881 τῆς
458 1847 505 1874 τοῦ
518 1847 622 1874 Φωτίου
638 1847 802 1882 ὑπουργίας.
812 1847 1043 1881 Ἀπαραλλάκτως

250 1891 278 1917 δὲ
290 1891 391 1923 ταύτας
406 1892 420 1918 ὁ
434 1892 584 1928 τολμητίας
604 1892 645 1924 δὶς
670 1892 913 1927 ἀναγραψάμενος,
930 1892 979 1924 τὰς
997 1892 1044 1919 δύο

253 1937 303 1972 μὲν
318 1937 442 1973 Ζαχαρία
455 1937 610 1973 παρέσχετο
633 1937 681 1964 καὶ
695 1937 826 1972 Θεοδώρῳ
840 1938 896 1969 τοῖς
912 1945 1045 1973 προειρη-

250 1983 352 2019 μένοις,
370 1984 438 2019 μετὰ
451 1983 597 2019 εὐφημιῶν
620 1983 668 2010 καὶ
682 1983 777 2018 δώρων
792 1982 898 2010 πολλῶν
917 1983 964 2009 καὶ
974 1983 1045 2018 λαμ-

249 2029 326 2065 πρῶν
339 2029 407 2064 πρὸς
419 2030 482 2062 τοὺς
496 2029 546 2065 τῆς
565 2029 706 2064 Φραγκίας
724 2029 846 2065 βασιλεῖς
870 2030 1043 2063 ἀπενεγκεῖν,

248 2075 297 2102 τοῦ
310 2076 355 2102 τὸν
368 2076 463 2103 πάπαν
477 2076 613 2103 Νικόλαον
628 2075 666 2107 ὡς
679 2075 874 2112 καθῃρημένον
890 2075 1045 2108 ὲξώσασθαι

248 2121 297 2148 τοῦ
314 2122 421 2158 θρόνου.
436 2123 492 2154 Τὰς
506 2122 552 2150 δύο
566 2123 595 2150 δὲ
609 2123 674 2158 παρ’
695 2123 783 2158 ἑαυτῷ
797 2124 918 2158 κατεῖχε.
935 2123 1044 2150 Τούτων

247 2168 303 2195 τῶν
322 2169 465 2204 τεσσάρων
485 2169 595 2205 βιϐλίων
619 2169 789 2204 δραξάμενος
805 2170 819 2196 ὸ
835 2169 975 2204 βασιλεὺς,
997 2169 1044 2195 καὶ

1097 928 1199 955 brium.
1215 928 1382 956 Juiaverunt
1393 937 1442 964 per
1451 929 1578 958 timorem
1592 930 1712 964 Domini,
1728 936 1755 958 et
1770 931 1884 965 gloriam

1094 974 1264 1002 fortitudinis
1297 974 1368 1010 ejus,
1399 975 1446 1010 qui
1473 975 1499 1002 in
1523 975 1719 1011 sacrilegarum
1744 977 1884 1004 actionum

1096 1019 1205 1046 illarum
1232 1019 1349 1047 lectione
1373 1019 1532 1052 adfuerunt.
1560 1020 1616 1047 duo
1641 1027 1724 1054 supra
1746 1020 1885 1055 quinqua-

1095 1065 1169 1099 ginta
1188 1064 1277 1099 capita
1297 1064 1331 1092 ad
1348 1064 1419 1091 beati
1434 1065 1531 1100 lgnatii
1546 1065 1715 1092 calumniam
1730 1066 1883 1100 perscripta

1093 1110 1179 1138 fuisse
1205 1111 1327 1139 omnium
1346 1111 1525 1139 consessione
1549 1112 1627 1144 falsa,
1647 1117 1674 1140 ct
1695 1119 1727 1139 ex
1746 1112 1827 1147 impia
1843 1111 1883 1139 vel

1093 1157 1184 1191 potius
1229 1157 1331 1185 furiosa
1383 1162 1476 1185 mente
1520 1158 1647 1185 conﬁcta.
1686 1157 1887 1192 ltelinqoebant

1093 1207 1121 1229 et
1150 1202 1178 1229 in
1208 1203 1324 1237 singulis
1353 1203 1576 1231 accusationibus
1602 1210 1714 1231 versum
1743 1204 1776 1231 ad
1804 1204 1885 1230 ﬁnem

1092 1256 1221 1281 vacuum,
1243 1254 1271 1276 ut
1286 1249 1310 1276 si
1330 1257 1412 1284 quem
1435 1249 1533 1284 laqueo
1563 1249 1675 1285 dignum
1701 1250 1836 1278 donorum
1861 1254 1888 1276 rt

1093 1295 1258 1329 dignitatum
1274 1295 1418 1330 largitione
1432 1296 1596 1329 irretissent,
1611 1296 1757 1323 mendacio
1786 1296 1809 1322 is
1827 1296 1888 1322 sul)-

1093 1341 1239 1368 scribendo
1260 1341 1373 1369 haberet
1390 1341 1489 1369 locum.
1507 1341 1538 1368 Et
1553 1341 1610 1368 haec
1622 1341 1732 1377 quidem
1744 1341 1813 1369 alter
1831 1341 1889 1368 dia-

1094 1387 1148 1414 boli
1181 1387 1339 1414 continebat
1367 1387 1447 1415 liber.
1477 1387 1554 1415 Alter
1586 1395 1650 1415 vero
1686 1388 1834 1423 synodicus
1859 1387 1886 1414 in

1093 1432 1236 1460 Nicolaum
1271 1433 1427 1468 pontiﬁcem
1460 1433 1614 1460 Romanum
1643 1434 1695 1460 tela
1728 1433 1883 1468 torquebat,

1094 1479 1241 1514 omnisque
1258 1479 1367 1514 generis
1384 1479 1537 1507 calumnias
1560 1484 1586 1507 ct
1609 1481 1714 1507 atrocia
1742 1480 1887 1507 maledicta

1096 1525 1123 1553 in
1148 1525 1223 1553 illius
1248 1525 1336 1552 sancti
1357 1526 1611 1553 exauctorationem
1629 1531 1658 1553 et
1679 1525 1887 1553 damnationem

1095 1571 1341 1607 complectebatur,
1358 1571 1441 1606 impie
1459 1576 1487 1599 et
1502 1571 1605 1606 tragico
1618 1579 1704 1606 prope
1719 1571 1802 1599 modo
1819 1579 1885 1599 con-

1095 1618 1246 1650 cinnatus;
1268 1625 1334 1644 sane
1350 1617 1409 1652 ipse
1423 1624 1534 1652 quoque
1564 1617 1694 1644 dictantis
1721 1617 1808 1652 Stygii
1832 1616 1888 1644 do-

1094 1664 1181 1692 ctoris
1206 1664 1364 1699 magisterio
1387 1668 1414 1690 et
1433 1662 1686 1691 Pbotiiministcrio
1703 1662 1812 1698 dignus.
1832 1662 1888 1690 Hos

1093 1710 1189 1738 eodem
1203 1710 1329 1744 exemplo
1356 1709 1441 1736 libros
1461 1712 1524 1736 c'um
1551 1709 1696 1744 impudens
1719 1709 1761 1736 bis
1783 1709 1888 1737 descri-

1094 1756 1199 1783 bendas
1213 1759 1348 1787 curasset,
1369 1755 1493 1791 geminos
1508 1756 1618 1791 quidem
1634 1755 1723 1784 libros
1747 1756 1888 1783 Zachariae

1093 1807 1122 1830 et
1147 1802 1294 1830 Theodoro
1325 1799 1406 1837 supra
1441 1802 1580 1835 indicatis,
1605 1810 1670 1830 cum
1700 1803 1888 1836 singularibus

1094 1850 1206 1877 laudum
1240 1850 1387 1881 cncomiis,
1419 1849 1570 1884 multisque
1596 1856 1628 1876 ac
1656 1848 1888 1884 splendidissimis

1095 1896 1256 1923 muneribus
1282 1895 1315 1922 ad
1341 1895 1515 1922 Ludovicum
1542 1894 1667 1922 Francia:
1694 1902 1786 1929 regem
1814 1893 1889 1921 defc-

1095 1942 1197 1969 rendos
1213 1942 1297 1974 dedit,
1313 1945 1342 1968 ut
1358 1941 1381 1968 is
1398 1941 1544 1969 Nicolaum
1568 1940 1726 1975 pontilicem
1753 1940 1826 1966 velut
1841 1947 1889 1966 ex-

1094 1991 1270 2015 auctoratum
1295 1987 1328 2014 de
1351 1987 1452 2014 throno
1477 1986 1638 2014 deturbaret
1653 1995 1659 2013 :
1673 1986 1744 2013 duos
1762 1992 1844 2020 penes
1860 1992 1889 2012 se

1095 2033 1218 2062 retinuit.
1236 2032 1297 2060 ilice
1315 2038 1435 2068 quatuor
1449 2032 1588 2059 volumina
1604 2032 1756 2066 imperator
1772 2031 1815 2058 illa
1829 2038 1889 2057 ere-

1095 2086 1153 2114 pta,
1170 2079 1246 2113 prius
1266 2079 1299 2106 ad
1317 2083 1444 2106 senatum
1465 2083 1608 2113 totamque
1625 2077 1777 2105 Ecclesiam
1796 2076 1885 2111 palam

1095 2125 1194 2153 detulit
1211 2134 1218 2153 :
1239 2129 1322 2160 atque
1347 2125 1383 2152 ita
1403 2132 1500 2152 omnes
1516 2124 1606 2151 Photii
1625 2123 1844 2151 machinationes
1861 2127 1890 2149 et

1095 2171 1207 2206 impiam
1225 2170 1425 2199 conscientiam
1450 2170 1573 2197 omnium
1593 2169 1680 2197 oculis
1704 2170 1808 2203 totique
1833 2168 1889 2195 rei-

248 2215 282 2249 τῇ
302 2214 446 2250 συγκλήτῳ
475 2215 607 2250 πρότερον
634 2215 681 2241 καὶ
705 2216 738 2250 τῇ
759 2213 908 2250 Ἐκκλησία
927 2214 1043 2249 ποιήσας

1097 2218 1213 2254 publica:
1238 2217 1415 2252 spectandam
1442 2215 1595 2251 proposuit.
1622 2214 1729 2248 Quibus
1764 2214 1830 2241 visis
1862 2217 1889 2240 et

247 2262 428 2294 καταφανεῖς,
448 2261 498 2296 τὴν
513 2262 577 2296 ὅλην
595 2260 666 2288 οὕτω
688 2261 791 2288 Φωτίου
815 2260 970 2297 σκευωρίαν
995 2261 1042 2287 καὶ

249 2308 383 2342 κακίστην
414 2307 567 2342 συνείδησιν
597 2307 643 2334 ὑπ’
673 2307 735 2343 δψιν
758 2307 853 2344 ἁπάσῃ
865 2308 900 2343 τῇ
918 2307 1043 2342 πολιτείᾳ

248 2353 449 2388 κατεστήσατο.
485 2353 600 2388 Ἐξέστη
635 2355 689 2385 πᾶς
724 2354 868 2388 ἄνθρωπος
895 2353 967 2389 ὁρῶν
994 2353 1043 2380 καὶ

249 2398 358 2425 ἀκούων
377 2398 475 2432 ταῦτα,
499 2400 528 2426 οὐ
549 2399 629 2435 μόνον
654 2400 702 2426 ἐπὶ
723 2400 757 2436 τῇ
773 2399 904 2435 κακονοίᾳ
923 2399 971 2426 καὶ
994 2407 1043 2426 κα-

249 2445 446 2481 κορῤημοσύνῃ
472 2445 520 2473 τοῦ
545 2446 685 2480 σοφιστοῦ,
706 2445 774 2473 ἀλλὰ
793 2446 839 2473 καὶ
851 2446 884 2481 τῇ
905 2445 1042 2481 ὑπερϐολῇ

248 2490 299 2525 τῆς
316 2491 508 2526 μακροθυμίας
522 2491 570 2518 καὶ
583 2492 682 2527 ἀνοχῆς
692 2491 740 2518 τοῦ
756 2491 834 2518 Θεοῦ.
851 2491 933 2518 Ἀλλὰ
942 2491 1044 2523 ταύτας

250 2535 301 2570 μὲν
310 2536 359 2568 τὰς
376 2536 484 2571 βίϐλους
498 2536 611 2573 ὕστερον
630 2537 788 2571 ἐνεγκόντες
799 2537 844 2563 ὲπὶ
859 2537 909 2572 τῆς
923 2536 1043 2568 συνόδου,

247 2582 297 2608 καὶ
311 2583 382 2609 κατὰ
397 2583 542 2618 πρόσωπον
551 2583 590 2618 τῷ
604 2583 747 2618 αὐτουργῷ
763 2583 853 2610 αὐτῶν
868 2583 1093 2618 παραστήσαντες

285 2628 352 2655 Τότε
365 2629 393 2655 δὲ
410 2629 457 2655 καὶ
469 2630 483 2655 ό
502 2629 681 2664 αὐτοκράτωρ
696 2629 834 2661 Βασίλειος
848 2629 979 2656 σιλέντιον
995 2628 1042 2655 ἐπὶ

248 2675 289 2710 τῷ
314 2675 438 2710 παλατίῳ
455 2675 623 2711 Μαγναύρας
650 2675 821 2710 ποιούμενος,
844 2676 892 2702 καὶ
914 2675 960 2706 τὸν
988 2684 1040 2701 πα-

249 2722 384 2758 τριάρχην
395 2722 517 2757 ἀγαγὼν,
529 2721 600 2758 [καὶ]
609 2722 717 2753 πολλοῖς
729 2721 825 2749 τοῦτον
840 2721 961 2753 ἐπαίνοις
973 2729 1040 2748 κατ-

250 2767 357 2802 έστεψε.
384 2768 512 2803 Κυριακὴ
536 2768 585 2804 μὲν
611 2767 667 2795 τῶν
693 2768 805 2803 ἡμερῶν
823 2765 868 2802 ἦν,
889 2767 986 2794 εἰκάδα
1011 2767 1041 2793 δὲ

249 2814 296 2841 καὶ
313 2813 409 2849 τρίτην
426 2811 483 2849 εῐχε
499 2813 664 2850 Νοέμϐριος,
689 2812 784 2849 ὥσπερ
808 2813 856 2842 καὶ
870 2813 915 2841 ὅτε
929 2812 1037 2850 πρῶτον

286 2869 306 2885 "
324 2869 404 2897 Prov.
418 2877 492 2897 xvtn.

1096 2264 1197 2292 auditis
1234 2263 1343 2290 attoniti
1373 2270 1469 2290 omnes
1499 2262 1678 2296 Obstupuere,
1711 2268 1765 2288 non
1798 2259 1888 2286 solum

1095 2313 1205 2344 propter
1220 2315 1375 2343 perversam
1395 2308 1523 2343 sophista!
1544 2312 1673 2338 mentem,
1696 2311 1890 2340 versutamque

1096 2354 1301 2385 verbositatem.
1322 2354 1370 2382 sed
1396 2353 1477 2381 etiam
1503 2353 1539 2380 ob
1560 2352 1748 2380 incredibilem
1775 2351 1821 2379 Dei
1841 2358 1892 2386 pa-

1099 2400 1222 2427 tientiam
1239 2403 1266 2426 et
1282 2399 1439 2427 diuturnam
1460 2398 1588 2426 vindicta:
1604 2397 1777 2424 dilationem.
1800 2395 1894 2424 llosw

1097 2445 1182 2473 libros
1207 2445 1242 2472 ad
1265 2438 1464 2473 mcumenicam
1490 2450 1585 2479 postea
1612 2444 1748 2479 synodum
1772 2443 1892 2475 delatos,

1097 2491 1258 2525 auctorique
1290 2490 1418 2525 praesenti
1442 2497 1504 2517 cum
1523 2489 1625 2524 probro
1640 2489 1676 2516 ob
1691 2497 1723 2517 os
1746 2488 1892 2520 obtrusos,

1098 2537 1153 2572 igni
1172 2536 1354 2564 tradiderunt.
1427 2539 1430 2542 ’

1109 2583 1157 2610 καὶ
1167 2582 1479 2618 παραδειγματίσαντες,
1491 2580 1562 2608 οὕτω
1573 2581 1735 2616 παρέδωκαν
1753 2579 1792 2614 τῷ
1807 2576 1889 2612 πυρί.

1134 2629 1213 2656 Tunc
1229 2636 1295 2656 vero
1310 2629 1428 2656 Basilius
1444 2629 1593 2663 imperator
1604 2627 1751 2654 adductum
1770 2625 1798 2651 in
1824 2623 1884 2650 Ma-

1095 2682 1206 2710 guaura:
1220 2675 1349 2710 palatium
1375 2674 1519 2710 Ignatium,
1537 2674 1647 2701 silentio
1665 2671 1775 2702 indicto,
1791 2669 1890 2697 multis.

1095 2720 1221 2748 laudibus
1231 2721 1428 2748 cohonestavit.
1442 2720 1506 2747 Dies
1516 2724 1576 2747 erat
1590 2718 1741 2748 Dominica,
1761 2715 1840 2743 tertia
1855 2719 1884 2742 et

1093 2765 1224 2794 vicesima
1259 2764 1449 2798 Novembris;
1478 2771 1533 2799 quo
1559 2762 1640 2790 etiam
1665 2761 1730 2788 anni
1758 2764 1882 2795 tempore

1092 2812 1170 2847 prius
1186 2812 1213 2840 in
1227 2811 1354 2840 exsilium
1373 2810 1467 2846 pulsus
1482 2813 1550 2841 erat,
1565 2808 1612 2843 qui
1628 2807 1675 2834 Dci
1701 2806 1828 2842 ιιι·ωείύἱο
1851 2809 1883 2833 et
