2092 3156
215 157 267 188 M3

801 157 948 188 NICET/E
967 156 1191 187 PAPHLAGON
1195 157 1231 186 IS

1797 153 1850 187 5H

216 214 360 241 clementia
376 213 473 246 frctus,
490 214 670 241 novennalem
688 222 720 242 ac
737 214 886 249 perfectam
902 222 935 242 ex
947 214 1001 241 vir-

1060 213 1214 248 ὲξωρίζετοο
1239 212 1286 239 καὶ
1302 212 1382 244 αὐτὸς
1397 211 1599 247 ὑπερασπισμῷ
1613 210 1660 238 καὶ
1685 211 1850 247 χρηστότητι

219 261 284 287 tutis
292 261 442 287 certamine
453 261 572 301 lauream
583 261 835 295 adeptus,ecclesim
844 269 899 289 sua:
907 261 1005 288 throno

219 306 373 332 restituitur
389 315 396 332 :
412 310 439 332 et
450 306 555 340 lampas
565 306 652 340 magis
668 314 796 340 accensa,
808 306 908 334 clarior
922 314 1003 341 quam

217 355 308 382 antea,
332 351 498 378 candelabro
529 352 678 386 imponitur
700 361 706 379 z
737 356 883 387 pastorque
909 360 1005 380 rursus

217 404 280 423 oves
307 397 430 432 agnoscit
447 404 523 428 suas,
545 401 571 424 et
586 404 600 423 ιι
617 398 675 425 suis
693 397 813 426 vicissim
838 398 935 426 ovibus
949 398 1006 426 cla—

217 442 275 469 rius
291 443 460 477 agnoscitur.
481 443 552 477 Ergo
569 448 624 470 tota
637 444 715 478 quasi
729 445 795 472 urbe
807 444 1004 479 triumphante,

218 487 346 522 illumque
355 488 387 514 ad
399 488 531 522 templum
546 489 739 516 ascendentem
754 498 767 516 a
786 495 861 525 tergo
876 495 903 517 et
914 489 1005 518 fronte

218 538 410 568 prosequente,
427 534 575 569 laetitiaque
591 535 737 570 gestiente,
755 543 816 562 cum
833 544 881 570 per
895 544 1004 564 sacrum

217 583 326 612 puteum
343 578 376 605 ad
392 578 536 613 superiora
552 580 646 614 templi
657 580 813 612 duceretur,
825 580 918 607 dextra
929 586 1006 616 parte

218 624 414 658 ingredientem
432 625 500 652 ordo
522 625 653 659 patricius
667 633 817 653 occursans
835 626 1005 653 venerabun-

216 671 268 697 dus
281 670 389 704 excepit
409 679 416 697 :
435 677 479 697 res
495 671 560 698 vero
575 677 640 698 tunc
650 671 742 698 divina
759 671 850 698 ﬁebat.
877 671 931 699 Nec
955 680 1005 707 par

216 720 267 748 est,
281 720 311 743 ut
327 723 434 743 sacrum
449 724 542 750 omen,
562 717 634 751 quod
658 717 685 743 in
702 717 826 752 ingressu
849 716 944 752 lgnalii
959 725 1006 746 ac-

216 761 292 793 cidit,
308 762 561 796 praetermittamus.
578 762 727 789 Intrantem
740 770 858 798 namque
869 763 1004 798 lgnatium

218 807 336 842 populus
351 807 462 842 quidem
476 807 590 842 supplex
603 807 798 839 venerabatur,
814 809 943 836 sacerdos
958 817 1006 836 au-

218 858 271 880 tem
285 854 310 880 in
331 853 420 888 adytis
442 854 608 881 oblationem
638 854 753 881 Domino
776 853 879 881 faciens
904 854 1005 881 clama-

218 899 284 926 bat:
301 898 409 927 Gratias
423 907 537 934 agamus
556 899 673 927 Domino
688 899 742 927 Deo
760 904 856 928 nostro
876 909 883 926 :
899 905 926 928 et
943 909 1006 928 mox

219 944 338 979 populus
359 945 561 979 respondebat;
583 945 698 979 Dignum
712 951 738 973 et
754 946 859 981 justum
892 951 944 975 est.
968 947 1007 974 Ita

218 998 296 1017 sacer
318 990 437 1025 lgnatius
451 990 532 1017 bonis
550 991 679 1018 omnibus
695 991 795 1019 throno
818 999 869 1020 suo
888 996 1006 1027 recepto,

220 1041 247 1062 et
263 1036 456 1071 gubernaculis
479 1036 608 1064 Ecclesia:
626 1037 783 1071 resumptis,
801 1043 876 1065 arcet
891 1046 904 1066 a
922 1038 1008 1066 sacris

220 1089 275 1108 non
300 1080 430 1108 Photium
459 1086 576 1113 tantum,
599 1086 626 1109 et
637 1089 733 1109 omnes
749 1082 782 1110 ab
799 1083 848 1110 illo
872 1083 1007 1116 initiatos,

219 1127 267 1154 sed
279 1135 374 1155 omnes
389 1128 471 1155 etiam
483 1128 557 1155 illius
571 1132 721 1155 sectatores
737 1136 798 1155 eum
810 1129 859 1156 illo
883 1136 1009 1156 commu-

220 1173 365 1201 nicantes:
387 1179 515 1208 precatur
528 1174 640 1208 insuper
656 1174 858 1209 imperatorem,
878 1179 907 1202 ut
932 1183 1009 1202 mcu-

221 1219 355 1247 mcnicam
374 1219 507 1254 synodum
524 1224 615 1254 cogat.
630 1227 683 1253 qua
698 1220 790 1246 omnia
803 1220 934 1248 Ecclesiae
948 1221 1010 1248 vul-

224 1271 289 1291 nera
305 1265 396 1291 sanari
418 1265 614 1293 arbitrabatur.
633 1265 774 1300 Extemplo
789 1266 872 1301 igitur
889 1266 1010 1294 Joannes

220 1308 313 1343 Perga:
337 1309 493 1344 episcopus,
509 1309 607 1345 lgnatii
620 1311 646 1337 in
662 1318 758 1338 omnes
771 1319 853 1339 casus
866 1316 893 1339 et
910 1320 1010 1339 terum-

221 1361 272 1381 nas
292 1361 397 1386 centes,
418 1360 447 1383 et
464 1356 598 1383 malorum
611 1357 747 1390 omnium,
763 1362 896 1392 quantum
909 1358 936 1385 in
952 1358 1011 1393 ipso

220 1404 292 1431 erat,
309 1401 400 1428 socius
416 1409 423 1427 :
441 1409 474 1428 ex
491 1400 581 1429 Photii
598 1409 661 1430 vero
681 1402 801 1431 factione
821 1404 919 1431 Petrus
945 1403 1011 1431 Sar-

221 1447 329 1474 diensis
341 1448 525 1483 metropolita,
548 1449 581 1476 ad
595 1448 736 1476 Nicolaum
757 1450 914 1484 pontiﬁcem
930 1450 1012 1485 legati

222 1493 387 1527 mittuntur;
406 1494 506 1529 quibus
531 1495 664 1529 allegatur
687 1495 806 1523 Basilius
828 1502 1012 1531 cognomento

1055 260 1103 286 τοῦ
1117 259 1184 286 Θεοῦ
1206 259 1240 286 δι’
1258 259 1336 285 ἐννέα
1351 258 1461 287 τελείων
1474 259 1579 293 χρόνων
1605 257 1712 284 τελείαν
1733 257 1849 292 ἄθλησιν

1057 306 1127 341 ὑπὲρ
1145 305 1245 341 ἀρετῆς
1262 305 1477 340 ἐπιδειξάμενος,
1495 304 1713 331 ἀποκαθίσταται
1728 305 1762 339 τῇ
1785 305 1849 331 Ἐκ-

1056 351 1174 386 κλησίᾳ·
1195 351 1242 378 καὶ
1256 351 1270 377 6
1285 351 1381 386 λύχνος
1406 351 1596 386 λαμπρότερον
1618 350 1750 384 ἀναφθεὶς
1772 358 1852 385 περι-

1056 397 1223 432 φανέστερον
1248 397 1264 432 ἢ
1289 396 1385 432 πρώην
1402 398 1434 432 τῇ
1460 397 1556 431 λυχνίᾳ
1578 396 1742 428 ἐπιτίθεται,
1770 396 1818 422 καὶ
1837 397 1851 422 ὁ

1055 442 1158 478 ποιμὴν
1173 443 1281 477 ἐπέγνω
1299 443 1334 469 τὰ
1357 443 1493 478 πρόῧατα,
1510 443 1558 469 καὶ
1578 442 1660 473 αὐτὸς
1675 443 1730 473 τοῖς
1745 442 1850 477 προϐά-

1056 497 1112 520 τοις
1125 489 1293 523 σαφέστερον
1309 489 1488 522 ὲπέγνωσται.
1510 488 1605 523 Πάσης
1619 485 1665 515 οὖν
1687 488 1780 523 σχεδὸν
1798 488 1850 522 φά-

1056 543 1100 561 ναι
1117 534 1164 569 τῆς
1180 534 1284 565 πόλεως
1295 534 1549 569 ἐπευφραινομένης
1563 533 1645 560 αὐτοῦ
1657 535 1690 569 τῇ
1705 527 1848 564 ἀναϐάσει,

1057 580 1231 616 προαγούσης
1254 589 1283 606 τε
1299 580 1346 606 καὶ
1372 579 1510 615 ἑπομένης
1528 580 1556 606 ὲν
1575 579 1752 613 ἀγαλλιάσει,
1769 579 1850 611 αὐτὸς

1058 625 1108 660 μὲν
1121 625 1164 652 διὰ
1174 626 1220 652 τοῦ
1232 625 1315 659 ἁγίου
1327 626 1444 660 Φρέατος
1459 625 1604 658 ἀνάγεται·
1621 625 1690 660 πρὸς
1704 626 1760 656 τοῖς
1772 625 1853 660 ὑπερο

1057 670 1122 706 ᾠοις
1139 671 1168 697 δὲ
1193 672 1240 697 τοῦ
1259 670 1378 706 μεγάλου
1395 670 1467 697 Ναοῦ
1492 670 1538 697 διὰ
1564 670 1615 705 τῆς
1640 670 1729 703 δεξιᾶς
1763 671 1851 706 πύλης

1056 717 1165 743 εἰσιόντι
1182 717 1358 751 προσυπαντᾷ
1385 715 1459 751 αὑτῷ
1485 715 1540 742 τῶν
1557 716 1711 751 πατρικίων
1737 717 1754 752 ἠ
1773 716 1851 750 τάξις

1057 762 1248 798 προσκυνοῦσα
1276 763 1324 789 καὶ
1346 762 1507 797 δεξιουμένη
1522 769 1529 777 ·
1557 762 1574 797 ἡ
1589 762 1650 797 ίερὰ
1669 762 1698 789 δὲ
1717 762 1778 789 τότε
1794 762 1851 789 λει-

1055 809 1170 844 τουργία
1190 808 1260 836 κατὰ
1278 808 1309 835 τὸ
1323 808 1383 840 ἔθος
1411 808 1541 836 ἐτελεῖτο.
1568 808 1661 840 Ἄξιον
1675 808 1703 834 δὲ
1720 809 1788 847 μηδὲ
1802 809 1852 843 τὴν

1057 855 1103 881 ἐπὶ
1120 856 1153 890 τῇ
1171 854 1266 890 είσόδῳ
1281 853 1476 889 συμπεσοῦσαν
1503 853 1580 889 ῑερὰν
1594 853 1712 889 κληδόνα
1736 854 1852 889 παραλι-

1059 902 1133 927 πεῖν·
1151 901 1165 927 6
1181 901 1231 934 μὲν
1241 900 1295 936 γὰρ
1307 901 1392 936 ἐσῄει,
1414 900 1438 926 οἱ
1454 900 1482 926 δὲ
1503 899 1691 935 προσεκύνουν
1701 907 1708 914 ·
1730 901 1744 926 6
1759 901 1850 935 ἱερεὺς

1058 946 1096 978 δὲ,
1107 946 1355 982 Εὑχαριστήσωμεν
1368 945 1406 981 τῷ
1419 946 1525 981 Κυρίῳ,
1534 946 1583 980 τὴν
1596 945 1735 981 ἀναφορὰν
1748 946 1776 972 ἐν
1790 947 1849 977 τοῖς

1059 992 1168 1024 ἀδύτοις
1182 992 1342 1028 ποιούμενος
1354 992 1506 1028 ἀνέκραγεν
1516 999 1523 1007 ·
1542 992 1556 1018 6
1570 991 1632 1024 λαὸς
1645 991 1683 1024 δὲ,
1699 991 1791 1025 ’Ἄξιον
1801 991 1850 1018 καὶ

1058 1039 1171 1071 δίκαιον,
1191 1039 1369 1074 ἀπεκρίνατο.
1399 1038 1494 1070 Οὕτως
1509 1039 1523 1065 6
1553 1038 1625 1073 ἱερὸς
1653 1037 1784 1072 Ἰγνάτιος
1802 1038 1848 1064 ὑπ’

1060 1083 1171 1118 ἀγαθοῖς
1200 1083 1343 1118 συμϐόλοις
1365 1084 1411 1109 τὸν
1435 1083 1536 1109 οἰκεῖον
1560 1081 1656 1117 θρόνον
1679 1080 1851 1116 ἀπειληφὼς,

1060 1130 1106 1156 καὶ
1122 1128 1185 1160 τοὺς
1198 1128 1293 1159 οἴακας
1311 1126 1388 1159 αὗθις
1405 1128 1456 1162 τῆς
1477 1127 1641 1163 Ἐκκλησίας
1660 1127 1852 1163 ἐγχειρισθεὶς,

1061 1175 1148 1209 εἴργει
1163 1174 1210 1209 μὲν
1229 1174 1278 1209 τῆς
1300 1174 1375 1209 ἱερᾶς
1392 1173 1563 1209 λειτουργίας
1581 1173 1612 1200 οὐ
1638 1172 1741 1200 Φώτιον
1756 1173 1847 1208 μόνον,

1061 1221 1108 1246 καὶ
1123 1220 1186 1251 τοὺς
1198 1218 1439 1254 χειροτονηθέντας
1464 1219 1511 1245 ὑπ’
1527 1219 1622 1250 αὑτοῦ,
1640 1219 1709 1246 ἀλλὰ
1725 1219 1773 1245 καὶ
1786 1218 1855 1245 πάν-

1060 1274 1110 1297 τας
1124 1266 1187 1297 τοὺς
1216 1266 1450 1301 κεκοινωνηκότας
1477 1265 1566 1300 αὐτῷ·
1587 1265 1732 1300 ὲκλιπαρεῐ
1751 1265 1781 1291 δὲ
1803 1264 1849 1291 τὸν

1062 1311 1174 1346 βασιλέα
1191 1311 1384 1346 οίκουμενικὴν
1409 1311 1518 1337 σύνοδον
1533 1311 1677 1346 κρατῆσαι,
1694 1310 1727 1337 δι’
1744 1307 1778 1346 ἧς
1791 1310 1852 1336 ἐσε-

1063 1358 1124 1384 σθαι
1141 1357 1195 1384 τῶν
1211 1357 1366 1384 σκανδάλων
1381 1357 1488 1384 πάντων
1504 1356 1679 1391 ὑπελὰμὸανε
1695 1355 1745 1391 τὴν
1769 1356 1851 1382 τασιν.

1062 1401 1170 1433 Εὐθέως
1193 1401 1284 1427 τοίνυν
1311 1400 1438 1436 Ἰωάννης
1456 1400 1504 1435 μὲν
1522 1401 1536 1426 6
1559 1400 1609 1434 τῆς
1627 1400 1746 1435 Πέργης,
1772 1399 1810 1431 ὡς
1823 1400 1854 1426 ἐν

1063 1447 1165 1478 πάσαις
1187 1447 1247 1478 ταῖς
1263 1445 1384 1481 θλίψεσιν
1413 1445 1535 1480 Ἰγνατίῳ
1556 1444 1794 1480 συγκακοπαθῶν,
1821 1445 1854 1471 ὲκ

1063 1492 1109 1518 τοῦ
1127 1492 1226 1526 μέρους
1244 1491 1291 1518 τοῦ
1309 1492 1370 1517 κατ’
1385 1491 1477 1522 αὐτὸν,
1493 1491 1525 1517 ὲκ
1539 1490 1586 1517 τοῦ
1605 1490 1676 1517 κατὰ
1690 1489 1736 1516 τδν
1751 1489 1855 1517 Φώτιον

221 1538 348 1573 Pinaeas,
365 1541 412 1575 qui
429 1541 561 1575 spatharii
575 1541 732 1576 dignitatem
745 1542 884 1570 obtinebat
898 1552 904 1570 :
920 1543 1009 1578 usiqut

1066 1538 1094 1564 δὲ
1108 1539 1210 1573 Πέτρος
1224 1538 1238 1564 ὁ
1251 1538 1305 1564 τῶν
1319 1537 1453 1572 Σάρδεων,
1468 1538 1537 1572 πρὸς
1553 1537 1599 1564 τὸν
1611 1537 1704 1564 πάπαν
1721 1536 1854 1563 Νικόλαον

219 1590 285 1613 sunt
299 1586 408 1624 gemino
419 1586 564 1620 dromone,
582 1595 643 1614 cum
657 1588 802 1615 solverent.
820 1587 873 1615 Sed
903 1588 1010 1623 Petrus,

220 1631 267 1666 qui
286 1631 397 1663 Dilmus,
411 1631 462 1658 hoc
474 1635 528 1664 est,
545 1632 629 1659 miser
641 1632 839 1667 appellabatur,
857 1634 884 1660 in
901 1633 1010 1662 Dalma-

221 1676 276 1703 tico
291 1677 352 1704 slnu
363 1677 542 1711 periclitatus,
554 1677 638 1704 miser
649 1677 792 1713 naufragio
804 1679 884 1712 periit
904 1687 911 1706 :
924 1679 1011 1707 Joan-

222 1728 270 1748 ues
289 1729 353 1747 vero
371 1728 432 1747 cum
450 1720 553 1748 Basilio
574 1721 725 1748 incolumis
737 1721 832 1755 evasit,
854 1726 882 1749 et
895 1723 1011 1750 Nicolao

220 1766 277 1800 jam
294 1766 349 1793 vita
374 1766 479 1799 functo,
498 1765 667 1794 Hadrianum
695 1774 791 1802 papam
818 1767 931 1795 invenit.
957 1768 1012 1796 Nec

222 1811 270 1839 diu
284 1811 405 1839 cunctati
421 1812 559 1846 pontificis
571 1812 666 1839 vicarii
682 1813 951 1847 Constantinopolim
963 1821 1011 1842 ve-

221 1861 321 1884 nerunt
337 1856 495 1892 Stephanus
511 1862 539 1885 et
558 1857 680 1886 Donatus
691 1859 826 1894 episcopi,
849 1859 955 1887 Marino
977 1868 1010 1888 ex

223 1905 327 1936 septem
344 1902 468 1930 diacottis
480 1904 620 1938 adjuncto.
635 1904 674 1930 Ex
689 1905 804 1932 orientis
816 1913 879 1932 vero
892 1906 1012 1940 patriar-

221 1947 292 1975 chiis
307 1947 492 1983 (imperatore
507 1949 658 1984 principem
681 1950 768 1985 Syriae
776 1951 856 1978 donis
869 1959 901 1978 ac
914 1951 1012 1979 litteris

222 1994 405 2029 propitiante)
423 1993 560 2030 Iosephus
586 1996 800 2024 archidiaconus
820 2001 848 2024 et
875 1998 1011 2032 syncellus

221 2047 255 2066 ex
268 2038 398 2074 Egypto,
415 2039 521 2074 legatus
537 2040 678 2068 Michaelis
702 2040 867 2075 patriarcha:
892 2041 1012 2068 Alexan-

221 2086 292 2113 drini
308 2094 315 2118 ;
332 2086 455 2114 Thomas
469 2087 643 2122 metropolita
662 2087 738 2123 Tyri,
756 2087 876 2116 vicarius
890 2087 1011 2115 Michae-

222 2132 256 2159 lis
271 2132 436 2167 patriarcha:
449 2133 612 2161 Antiocheni
631 2133 726 2169 Syriae,
742 2133 816 2161 Elias
831 2134 972 2169 presbyter
985 2138 1013 2161 et

1062 1583 1265 1618 ἀποκρισιάριοι
1289 1582 1530 1617 προεχειρίζοντοθ
1558 1582 1606 1608 σὺν
1630 1582 1721 1614 αὐτοῖς
1748 1581 1777 1608 δὲ
1806 1581 1854 1608 καὶ

1063 1628 1199 1659 Βασίλειος
1223 1628 1237 1653 ό
1251 1627 1420 1661 καλούμενος
1435 1627 1557 1657 Πινακᾶς
1579 1626 1673 1661 ἀπῄει,
1703 1625 1854 1661 σπαθάριος

1062 1674 1111 1709 τὴν
1124 1673 1203 1706 ἀξίαν
1222 1672 1361 1703 καθεστώς
1375 1680 1383 1687 ⁶
1401 1672 1449 1698 καὶ
1471 1671 1595 1707 ἀπῄεσαν
1610 1673 1639 1699 ὲν
1654 1670 1715 1698 δυσὶ
1728 1671 1850 1706 δρόμωσι

1062 1719 1233 1754 στελλόμενοι
1247 1719 1293 1745 τὸν
1308 1717 1401 1745 πλοῦν.
1425 1717 1504 1744 Ἀλλὰ
1530 1718 1634 1753 Πέτρος
1649 1718 1698 1753 μὲν
1717 1717 1732 1743 6
1754 1716 1855 1744 καλού-

1064 1775 1144 1801 μενος
1175 1765 1305 1796 Δείλαιος,
1336 1764 1365 1790 έν
1387 1763 1426 1799 τῷ
1450 1763 1543 1798 κόλπῳ
1560 1763 1716 1798 Δαλματίας
1738 1763 1854 1800 κινδύνῳ

1063 1810 1229 1846 περιπεσὼν,
1256 1809 1372 1840 δείλαιος
1394 1808 1489 1835 ὤλετο.
1510 1809 1637 1844 Ἰωάννης
1653 1809 1682 1835 δὲ
1707 1809 1756 1836 σὺν
1771 1809 1854 1836 Βασι-

1062 1857 1127 1892 λείῳ
1143 1856 1287 1887 διασωθεὶς
1306 1855 1446 1890 Ἀδριανὸν
1456 1852 1520 1889 εὗρε
1535 1855 1638 1888 πάπαν,
1653 1854 1701 1882 τοῦ
1718 1855 1853 1883 Νικολάου

1062 1902 1112 1938 ἢδη
1125 1901 1173 1937 τὴν
1189 1902 1216 1928 ὲν
1237 1901 1343 1935 σώματι
1369 1900 1569 1932 καταλιπόντος
1592 1901 1676 1935 ζωήν.
1700 1901 1738 1928 Οὐ
1769 1902 1853 1933 πολὺς

1062 1947 1109 1974 οὖν
1126 1947 1155 1974 ὲν
1172 1946 1211 1982 τῷ
1225 1946 1301 1982 μέσῳ
1316 1946 1422 1982 χρόνος,
1436 1946 1482 1973 καὶ
1504 1947 1633 1982 παρῆσαν
1653 1948 1851 1983 τοποτηρηταὶ,

1063 1993 1198 2027 Στέφανος
1216 1992 1266 2026 μὲν
1280 1992 1327 2019 καὶ
1337 1993 1453 2024 Δονᾶτος
1469 1992 1614 2020 ἐπίσκοποι
1627 1993 1673 2020 τοῦ
1689 1994 1768 2021 πάπα
1787 1994 1854 2021 Ῥώ-

1064 2047 1128 2073 μης.
1143 2038 1191 2065 καὶ
1203 2038 1323 2073 Μαρῖνος
1337 2036 1376 2070 εἷς
1387 2038 1440 2064 τῶν
1452 2039 1523 2065 ἑπτὰ
1537 2039 1669 2066 διακόνων
1683 2041 1732 2067 σὺν
1746 2041 1851 2073 αὐτοῖς.

1069 2085 1118 2111 Ἐκ
1128 2085 1157 2111 δὲ
1172 2085 1226 2111 τῶν
1244 2085 1293 2120 τῆς
1315 2084 1460 2120 Ἀνατολῆς
1481 2086 1692 2121 πατριαρχείων,
1715 2086 1761 2112 τοῦ
1774 2087 1853 2113 αὺτο-

1063 2130 1196 2166 κράτορος
1213 2130 1310 2165 δώροις
1329 2131 1375 2158 καὶ
1391 2131 1537 2166 γράμμασι
1553 2131 1598 2157 τὸν
1614 2131 1663 2165 τῆς
1682 2131 1781 2167 Συρίας
1801 2132 1851 2168 ἄρα

222 2177 359 2212 syneellus
373 2177 458 2204 vicem
475 2177 621 2206 Theodosii
633 2179 795 2213 patriarcha:
815 2179 1009 2215 Hierosolymi-

1063 2185 1146 2211 χοντα
1159 2177 1412 2212 παρακαλέσαντος,
1433 2176 1531 2212 Ἰωσὴφ
1544 2177 1593 2212 μὲν
1604 2177 1789 2214 ἀρχιδιάκονος
1807 2178 1853 2204 καὶ

223 2223 280 2249 tani
294 2223 432 2257 explebat.
453 2222 485 2249 Hi
500 2231 597 2251 omnes
615 2228 764 2258 praesentes
780 2224 858 2251 fuere
871 2232 933 2252 cum
947 2232 1009 2253 san-

1065 2222 1222 2256 σύγκελλος,
1238 2223 1428 2257 τοποτηρητὴς
1441 2223 1550 2257 Μιχαὴλ
1569 2220 1634 2257 ἦλθε
1649 2222 1695 2249 τοῦ
1713 2223 1792 2250 πάπα
1804 2223 1854 2259 τῆς

223 2269 349 2296 clissimo
365 2270 522 2304 patriarcha
534 2269 640 2304 lgnatio
655 2269 972 2305 Constantinopolitano,
986 2275 1009 2298 el

1067 2268 1128 2296 κατ’
1152 2270 1290 2302 Αἴγυπτον
1312 2268 1532 2303 Ἀλεξανδρείας·
1547 2268 1649 2303 Θωμᾶς
1671 2269 1700 2295 δὲ
1716 2278 1855 2305 μητροπο-

221 2314 356 2348 episcopis
375 2314 674 2350 duodenis,perpetnis
696 2315 723 2342 in
749 2316 824 2343 omni
852 2315 961 2343 fortuna
988 2320 1009 2343 el

1066 2314 1142 2350 λίτης
1160 2314 1249 2350 Τύρου
1263 2314 1346 2341 τόπον
1357 2314 1467 2350 Μιχαὴλ
1486 2314 1606 2350 ἐπλήρου
1620 2314 1666 2341 τοῦ
1681 2315 1730 2348 τῆς
1752 2316 1854 2342 Ἀντιο-

223 2360 356 2387 aerumnis
375 2361 477 2394 sociis;
502 2360 549 2395 qui
570 2360 603 2387 ad
622 2360 774 2394 dexteram,
794 2362 840 2389 ubi
869 2361 944 2389 locus
968 2369 1009 2389 ca-

1066 2360 1143 2396 χείας
1159 2360 1208 2394 τῆς
1221 2359 1291 2386 κατὰ
1302 2359 1402 2394 Συρίαν
1416 2360 1598 2394 πατριάρχου,
1621 2359 1714 2391 Ἠλίας
1737 2360 1766 2386 δὲ
1790 2368 1854 2394 πρε-

223 2403 450 2433 techumenorum
463 2410 516 2438 est,
533 2406 625 2441 templi
646 2407 719 2441 quod
734 2415 748 2433 a
760 2407 892 2442 sapientia
909 2414 1008 2434 nomen

1063 2404 1191 2440 σϐύτερος
1200 2404 1246 2430 καὶ
1260 2403 1406 2437 σύγκελλος
1419 2405 1459 2436 είς
1474 2403 1555 2430 τόπον
1567 2404 1707 2431 Θεοδοσίου
1722 2406 1855 2441 πατριάρ-

224 2451 333 2485 Sophia:
347 2452 462 2487 accepit,
477 2453 614 2480 assidente
634 2452 735 2480 Basilio
746 2453 920 2487 imperatore,
937 2460 1006 2488 prae-

1064 2459 1113 2486 χου
1133 2449 1186 2476 τῶν
1214 2448 1408 2484 Ἰεροσολύμων
1434 2450 1544 2484 παρῆν·
1570 2447 1642 2476 οὗτοι
1669 2449 1769 2481 πάντες
1796 2449 1855 2485 ἅμα.

223 2498 364 2525 sederunt.
1072 2495 1194 2530 Ἰγνατίῳ
1207 2495 1246 2529 τῷ
1261 2495 1405 2530 ἁγιωτάτῳ
1424 2495 1580 2532 πατριάρχῃ
1594 2496 1853 2523 Κωνσταντινουπό-

221 2543 300 2576 λεως,
320 2543 365 2570 καὶ
385 2543 442 2575 τοῖς
456 2545 503 2570 σὺν
528 2544 601 2579 αὐτῷ
616 2543 720 2571 δώδεκα
742 2543 786 2571 τὸν
803 2543 919 2579 ἀριθμὸν
937 2542 1097 2573 ἐπισκόποις
1130 2542 1185 2572 τοῖς
1209 2542 1450 2575 συγκεκοπιακόσι,
1486 2541 1533 2568 καὶ
1566 2541 1615 2568 ἀπ’
1646 2542 1734 2577 ἀρχῆς
1770 2542 1852 2578 μέχρι

222 2591 314 2623 τέλους
331 2591 526 2627 συνηθληκόσιν
552 2592 636 2627 αὐτῷ,
664 2593 693 2618 ὲν
710 2593 767 2623 τοῖς
795 2591 893 2624 δεξιοῖς
912 2592 1008 2627 μέρεσι
1027 2590 1081 2616 τῶν
1105 2589 1343 2625 κατηχουμενείων
1363 2588 1411 2616 τοῦ
1430 2588 1604 2624 περιωνύμου
1642 2588 1705 2614 ναοῦ
1726 2588 1773 2623 τῆς
1806 2591 1853 2619 τοῦ

221 2637 288 2664 Θεοῦ
320 2638 436 2671 Σοφίας,
463 2639 532 2673 μετὰ
560 2639 607 2665 τοῦ
637 2639 837 2674 αὐτοκράτορος
863 2639 1003 2665 Βασιλείου
1024 2637 1220 2673 προεκάθισαν.

260 2683 413 2718 Propositis
430 2691 496 2719 ergo
510 2684 672 2712 venerandis
690 2685 804 2712 vivificae
813 2685 904 2712 crucis
921 2685 1009 2719 lignis.

1102 2683 1163 2716 Τῶν
1174 2683 1272 2718 τιμίων
1291 2682 1319 2708 δὲ
1333 2682 1378 2709 καὶ
1394 2681 1532 2714 ζωοποιῶν
1550 2681 1646 2715 ξύλων,
1661 2681 1716 2708 τῶν
1728 2690 1758 2707 τε
1774 2682 1854 2717 ιερῶν

222 2729 378 2764 sanctisque
386 2729 538 2764 Evangeliis
546 2730 696 2765 explicatis,
708 2735 840 2765 praesente
847 2731 927 2757 etiam
938 2737 1009 2757 sacrt

1067 2728 1241 2763 Εὐαγγελίων
1257 2728 1456 2763 προκειμένων,
1472 2729 1670 2763 συμπαρούσης
1695 2727 1723 2753 δὲ
1743 2729 1790 2754 καὶ
1806 2728 1855 2762 τῆς

223 2778 335 2807 senatu,
351 2775 467 2809 primum
484 2775 593 2810 quidem
615 2775 706 2802 missae
726 2776 761 2802 ab
780 2775 900 2803 Adriano
918 2775 1018 2803 veteris

227 2818 320 2847 Romae
335 2821 469 2855 pontiﬁce,
486 2826 512 2848 et
525 2821 740 2856 patriarcharum
756 2828 788 2848 ex
802 2820 911 2848 Oriente
923 2821 1018 2848 littera:

223 2872 257 2892 ex
276 2866 370 2894 ordine
384 2867 470 2901 lectaz,
488 2875 594 2895 omnem
605 2874 684 2895 sacro
697 2867 758 2902 jure
773 2867 935 2902 requisitum
945 2867 1018 2895 ordi-

1067 2775 1143 2809 ίερᾶς
1157 2773 1324 2808 συγκλήτου,
1341 2772 1448 2808 πρῶτον
1471 2773 1521 2808 μὲν
1543 2773 1572 2798 al.
1595 2773 1762 2807 πεμφθεῖσαι
1781 2774 1855 2807 παρὰ

1066 2821 1113 2847 τοῦ
1125 2821 1203 2847 πάπα
1215 2820 1265 2854 τῆς
1283 2819 1473 2854 πρεσὸυτέρας
1497 2818 1606 2854 Ῥώμης
1630 2819 1769 2854 Ἀδριανοῦ
1792 2820 1854 2844 ὲπι-

1068 2866 1170 2900 στολαὶ,
1195 2866 1240 2893 καὶ
1264 2866 1292 2892 αί
1314 2865 1391 2900 παρὰ
1408 2864 1462 2891 τῶν
1485 2863 1652 2892 ἀνατολικῶν
1680 2863 1855 2900 πατριαρχῶν
