2092 3156
223 162 276 194 545

751 154 839 185 VITA
860 154 892 184 S.
913 153 1062 183 lGNATII
1077 153 1131 183 CP.
1144 152 1320 183 ARCHIEP.

1799 158 1854 191 546

222 219 294 246 κατά
309 217 390 250 τάξιν
406 213 672 249 ἀναγινωσκόμεναι,
689 212 791 242 πᾶσαν,
807 211 855 237 καὶ
873 209 950 246 ίερὰν
971 209 1012 236 εύ-

1067 216 1140 242 nem,
1156 208 1248 241 (idem,
1273 208 1471 241 innocentiam,
1489 208 1726 246 integritatemque
1748 212 1852 248 legato—

222 263 389 299 οημοσύνην,
404 262 435 289 τό
456 269 485 287 τε
499 259 593 286 πιστὸν
608 259 655 284 καὶ
679 257 806 292 ἄμωμον,
819 257 867 282 καὶ
889 255 1015 290 ἀνεπίλη-

221 316 288 341 πτον
303 306 358 333 τῶν
371 303 590 336 ἀπεσταλμένων
606 300 810 337 τοποτηρητῶν,
824 300 854 327 τό
867 308 897 327 τε
909 307 1015 326 κανονιι

221 355 269 381 κὺν
278 353 326 380 καὶ
335 352 468 386 ἔνθεσμον
479 350 532 377 τῶν
545 348 764 376 ἀποστειλάντων
777 346 886 378 αὐτοὺς,
899 345 1014 372 ἐνώπιον

223 400 334 426 πάντων
348 397 559 425 ἀπεδείκνυσαν.

259 444 374 470 Ἔπειτα
387 443 420 477 τῇ
437 441 501 476 ἑξῆς
525 441 607 475 ίερεῖς
622 447 652 466 τε
673 439 721 466 καὶ
739 439 878 474 ἀρχιερεῖς
901 437 1013 469 πάντες,

220 491 277 516 ὅσοι
306 487 439 516 Μεθοδίου
466 486 515 521 μὲν
545 485 592 512 καὶ
628 484 757 519 Ίγνατίου
785 483 939 519 χειροτονίᾳ
959 482 1014 508 τῶν

221 535 380 570 ἁγιωτάτων
406 532 554 567 ἐτύγχανον
578 529 767 566 πατριαρχῶν,
791 528 969 564 πανουργίαις
987 528 1014 554 δὲ

222 579 417 610 παντοδαπαῖς,
436 577 482 603 καὶ
504 575 640 607 ποικίλαις
661 575 790 602 κολάσεσι
809 574 855 601 καὶ
869 572 1013 605 ἐπινοίαις,

221 624 323 651 Φωτίου
338 624 371 658 τῇ
385 622 513 658 κοινωνίᾳ
526 621 750 657 συναπήχθησαν,
769 618 841 647 οὗτοι
857 620 956 650 πάντες
972 619 1015 645 λι·

221 670 330 700 ϐέλλους
350 668 495 703 μετανοίας
509 666 717 699 ὲπιδεδωκότες,
732 666 780 692 καὶ
801 665 870 701 μετά
888 664 1015 700 δακρύων

220 717 253 751 τῇ
264 715 329 751 ἁγίᾳ
345 714 446 749 συνόδῳ
463 713 682 749 προσπίπτοντες
699 713 745 740 καὶ
759 711 1013 747 ἐξομολογούμενοι,

221 762 269 788 καὶ
296 761 387 796 μέντοι
416 760 463 787 καὶ
488 759 665 794 συγγνώμης,
684 759 753 786 κατά
774 757 823 793 τὴν
841 757 910 792 ὑπὲρ
925 757 1015 784 αὐτῶν

220 806 267 833 τοῦ
286 805 416 841 βασιλέως
441 804 626 840 παράκλησιν,
658 803 706 830 καὶ
720 803 770 838 τὴν
790 802 845 829 τῶν
869 801 1014 837 Ῥωμαίων

220 844 328 887 ψῆφον,
348 851 386 883 ὡς
402 851 570 886 βιασθέντες,
598 849 769 884 ἀξιούμενοι,
783 847 828 875 να¹ι
848 848 881 883 δὴ
904 848 952 873 καὶ
975 846 1014 882 τῷ

1065 262 1137 287 rum,
1170 261 1275 282 necnon
1298 254 1344 290 jus
1358 259 1385 282 et
1400 255 1590 283 auctoritatem
1618 257 1784 286 mittentium
1809 262 1856 288 de-

1065 300 1218 328 clarabant.

1102 432 1202 460 Deinde
1214 436 1322 467 postero
1331 432 1374 460 die
1384 433 1540 460 sacerdotes
1558 438 1583 461 et
1594 433 1731 462 antistites
1748 442 1856 469 omnes,

1064 480 1111 514 qui
1131 487 1146 506 a
1161 478 1296 506 Methodio
1311 483 1337 506 et
1361 479 1466 513 lgnatio
1493 480 1676 508 sanctissimis
1694 482 1857 516 patriarcltis

1066 526 1222 553 consecrati
1250 531 1339 557 erant,
1365 526 1525 561 artibusque
1539 531 1565 554 et
1591 527 1707 559 insidiis,
1728 529 1859 563 omnique

1065 579 1165 606 genere
1181 575 1382 599 tormentorum
1396 572 1429 598 ad
1448 571 1537 599 Pltotii
1559 573 1782 600 communionem
1808 574 1860 600 ab-

1066 618 1133 652 repti
1151 622 1240 650 erant,
1264 617 1362 645 libellis
1381 618 1548 652 puznitentim
1566 620 1711 654 porrectis,
1735 628 1798 647 cutn
1819 621 1859 647 la—

1065 663 1167 699 crymis
1182 664 1320 698 supplices
1335 664 1368 691 ad
1386 668 1488 692 sancta
1499 666 1594 700 synodi
1610 666 1691 701 pedes
1702 667 1859 701 procubue-

1067 702 1151 743 runt;
1175 715 1202 737 et
1224 710 1373 744 deprecatu
1395 710 1580 745 imperatoris,
1605 712 1676 746 quod
1700 712 1754 738 vim
1784 714 1858 747 passi

1066 761 1168 787 essent,
1187 755 1220 783 de
1245 757 1381 784 sententia
1400 757 1550 792 legatorum
1577 758 1717 792 pontiﬁcis
1741 758 1857 786 Romani

1066 802 1145 828 venia
1162 801 1277 837 dignati,
1296 803 1485 837 praescriptum
1501 804 1551 831 sibi
1567 804 1718 838 epitirnium
1735 812 1783 832 seu
1801 813 1860 839 poe-

1067 851 1130 871 nam
1159 851 1364 881 susceperunt,
1393 847 1560 881 perindeque
1584 855 1616 875 ac
1636 848 1682 875 alii
1711 849 1857 884 iuculpati,

220 886 392 934 διωρισμένῳ
408 897 516 933 θέμενοι
531 896 673 931 ἐπιτιμίῳ,
690 894 762 921 οὕτω
773 894 823 929 τῆς
835 893 890 920 τῶν
903 893 1012 920 ἐπισκό-

1066 890 1256 925 episcoporum
1267 892 1360 919 sedem
1381 892 1526 927 locumque
1543 898 1717 928 receperunt.

222 953 280 970 πων
293 943 426 978 καθέδρας
451 944 509 975 τοῖς
535 941 712 976 ἀνεγκλήτοις
736 940 837 976 ὁμοίως
866 940 913 966 καὶ
938 939 1015 966 αὐτοὶ

221 989 410 1025 κατηξιοῦντο.

264 1035 406 1062 Ἐντεῦθεν
419 1035 458 1067 είς
473 1035 572 1062 ἑκατὸν
586 1033 632 1060 δύο
645 1033 690 1059 τὸν
707 1031 824 1068 ἀριθμὺν
848 1030 1015 1062 ἐπισκόπους

220 1082 237 1116 ἡ
257 1081 362 1112 σύνοδος
378 1081 470 1116 ἐκείνη
493 1079 728 1116 συγκροτουμὲνη.
745 1079 792 1104 καὶ
806 1077 896 1104 πάντα
912 1077 1014 1111 εὐσχη-

223 1128 312 1162 μόνως
325 1127 371 1153 καὶ
391 1126 462 1153 κατά
477 1125 565 1158 τάξιν,
595 1125 642 1152 καὶ
657 1125 747 1151 πάντα
765 1124 814 1150 σὺν
828 1123 900 1158 λόγῳ
915 1123 1015 1158 καιρίῳ

221 1173 268 1200 καὶ
288 1174 444 1204 κανονικαίς
458 1171 596 1204 διατάξεσι
613 1171 703 1206 λέγειν
716 1171 765 1197 καὶ
779 1170 912 1205 πράττειν
924 1169 1014 1196 διαλο-

221 1222 371 1257 γιζόμενοι,
388 1221 435 1248 τὸν
448 1220 599 1248 ὑπεύθυνον
611 1219 714 1246 Φώτιον
727 1219 882 1254 παράγουσι
898 1216 936 1252 μὴ
954 1217 1015 1251 βου-

220 1268 333 1303 λόμενον
345 1276 352 1283 ·
368 1268 415 1295 καὶ
431 1266 599 1302 διελέγχουσι
619 1265 669 1301 μὲν
694 1264 841 1299 ἀποτόμως
864 1264 915 1298 τῆς
941 1271 1015 1297 φονι-

220 1314 271 1348 κῆς
288 1312 358 1339 κατά
375 1312 507 1346 ἰγνατίου
526 1311 574 1338 τοῦ
592 1310 721 1346 ίεράρχου
739 1308 937 1345 προαιρέσεως,
964 1309 1012 1334 καὶ

219 1359 269 1394 τῆς
282 1357 437 1393 παραλόγου
446 1356 494 1383 καὶ
505 1355 654 1391 μανιώδους
668 1354 856 1388 καθαιρέσεως
866 1361 872 1367 ·
888 1353 1015 1387 ἐλέγχου-

220 1412 247 1431 σι
262 1404 290 1430 δὲ
305 1403 352 1430 καὶ
365 1404 415 1433 τὰς
427 1402 606 1438 ψευδοεπείας
623 1400 707 1427 αὑτοῦ
724 1401 772 1427 καὶ
784 1399 951 1434 δυσφημίας,
965 1399 1013 1425 καὶ

219 1450 270 1476 ὅσα
285 1450 355 1476 κατα
371 1449 504 1475 Νικολάου
520 1448 567 1474 τοῦ
586 1447 666 1474 πάπα
683 1447 845 1482 πεφώραται
865 1445 1012 1482 δεδρακώς.

219 1493 286 1522 Εἶτα
313 1495 494 1522 πυνθάνονται
517 1494 582 1529 παρ’
607 1493 702 1525 αὑτοῦ,
718 1493 745 1519 εἴ
758 1501 783 1519 τι
798 1493 854 1527 ἔχει
875 1492 1014 1526 δικαίωμα

220 1542 287 1576 πρδς
309 1541 358 1576 τὴν
376 1542 436 1568 κατ’
469 1540 552 1567 αὐτοῦ
581 1540 664 1567 πάλαι
682 1538 833 1574 γενομένην
862 1538 937 1573 παρὰ
959 1537 1013 1564 τῶν

1101 1032 1237 1068 Deinceps
1253 1033 1301 1061 illa
1312 1034 1436 1070 synodus
1451 1042 1502 1070 per
1521 1035 1667 1071 episcopos
1689 1036 1760 1065 duos
1774 1045 1858 1072 supra

1065 1084 1174 1107 cetttum
1188 1080 1336 1114 celebrata,
1347 1081 1439 1108 omnia
1457 1082 1555 1109 ordine
1570 1082 1761 1118 deeenterque,
1774 1089 1801 1111 et
1815 1092 1859 1110 rn-

1065 1126 1140 1153 tione
1155 1126 1257 1161 optima
1272 1134 1304 1153 ex
1319 1126 1410 1162 legum
1428 1131 1455 1154 et
1464 1127 1661 1156 canonicorum
1683 1129 1855 1158 decretorum

1065 1172 1225 1207 praescripto
1256 1172 1373 1200 dicendo
1407 1173 1588 1208 agendoque,
1621 1182 1698 1202 reum
1731 1175 1857 1203 Photium

1065 1217 1190 1252 quamvis
1206 1217 1396 1251 reluctantem,
1411 1223 1571 1254 praesentem
1601 1220 1700 1248 adesse
1722 1221 1805 1256 cogit.
1823 1220 1857 1249 Et

1065 1271 1160 1290 severe
1172 1263 1210 1290 illi
1225 1263 1362 1298 objiciunt
1374 1264 1490 1292 consilia
1501 1265 1624 1292 exitialia
1636 1267 1766 1294 adversus
1782 1266 1858 1302 lgna;

1065 1309 1133 1336 tium
1150 1309 1231 1341 inita,
1249 1309 1348 1337 factam
1366 1315 1463 1345 praeter
1485 1311 1620 1338 rationem
1649 1313 1745 1340 insana
1768 1317 1858 1340 mente

1065 1356 1125 1392 eius
1139 1356 1359 1390 depositionem;
1377 1356 1519 1384 mendacia
1541 1357 1615 1390 item,
1638 1362 1666 1384 et
1692 1358 1857 1388 calumnias.

1066 1403 1172 1437 aliaque
1188 1402 1291 1435 omnia,
1305 1409 1366 1437 qua:
1381 1403 1451 1429 clam
1470 1402 1602 1429 adversus
1617 1402 1757 1430 Nicolaum
1768 1404 1859 1438 ponti-

1065 1449 1143 1476 ﬁcem
1162 1448 1252 1476 fuerat
1264 1448 1385 1476 molitus.
1400 1447 1503 1475 Deinde
1517 1454 1643 1483 quaerunt
1658 1456 1692 1476 ex
1717 1456 1760 1481 eo,
1789 1448 1856 1483 quid

1065 1494 1230 1529 respondeat
1241 1494 1274 1520 ad
1292 1493 1366 1520 illam
1384 1493 1449 1520 olim
1474 1492 1567 1520 Romae
1592 1493 1675 1520 latam
1705 1498 1798 1521 contra
1828 1501 1858 1520 se

1065 1538 1248 1566 damnationis
1263 1539 1438 1566 sententiam.
1466 1538 1534 1566 Cum
1551 1538 1766 1571 obmutesccrct,
1783 1539 1858 1573 quod

226 1573 369 1622 Ῥωμαίων
405 1587 568 1621 κατάκρισιν
606 1585 829 1619 ἀνθυπενεγκετν.
862 1585 949 1611 Αὑτοῦ
985 1585 1012 1611 δὲ

1068 1585 1170 1611 nullam
1184 1584 1330 1612 criminum
1352 1592 1465 1611 suorum
1489 1591 1579 1611 veram
1601 1584 1787 1612 defensionem
1814 1593 1858 1612 re-

219 1634 376 1665 σιωπῶντος
395 1634 434 1669 τῷ
456 1633 593 1668 μηδεμίαν
608 1633 647 1668 (8)
675 1632 786 1666 εὔλογον
815 1631 888 1666 ἔχειν
912 1631 1012 1658 ἀπολο-

219 1679 280 1713 γίαν
295 1679 362 1714 πρὸς
371 1680 405 1706 τά
420 1679 610 1715 ὲγκαλούμενα
620 1699 627 1711 ,
645 1678 740 1713 ἐπειδὴ
755 1678 808 1704 ὑπό
819 1686 849 1704 τε
864 1677 918 1704 τῶν
932 1685 1014 1703 τοπο-

217 1726 344 1760 τηρητῶν
357 1725 458 1758 αὐτῶν,
469 1725 522 1751 ὑπό
530 1733 559 1751 τε
570 1724 617 1751 τοῦ
629 1723 761 1759 βασιλέως
777 1723 824 1750 καὶ
836 1723 885 1758 τῆς
897 1722 1012 1757 συγκλή-

217 1779 264 1797 του
283 1770 503 1806 παραινούμενος
527 1769 694 1804 συγγνώμην
720 1769 842 1803 αἰτῆσαι,
870 1767 941 1794 ὥστε
961 1766 1012 1793 κᾶν

217 1815 267 1850 τῆς
293 1815 347 1842 τῶν
372 1815 476 1842 πιστῶν
493 1814 636 1846 κοινωνίας
664 1814 702 1845 ὡς
729 1813 823 1843 λαῖκὺς
847 1806 1009 1846 ἀξιωθῆναι,

218 1862 392 1888 παντάπασιν
420 1861 450 1893 ἐξ
474 1860 619 1892 αὐθαδείας
635 1858 799 1886 ἀπεσείσατο
822 1858 873 1892 τὴν
889 1857 1010 1892 συμϐου-

217 1908 278 1934 λίαν
289 1914 297 1922 ·
313 1908 391 1942 κοινῇ
415 1907 509 1933 λοιπδν
524 1907 608 1941 ψήφῳ
623 1905 671 1933 καὶ
694 1905 853 1940 δικαιοτάτῃ
875 1903 1010 1937 κατακρί-

219 1962 306 1988 νουσι,
333 1953 496 1989 καθαιροῦσι
517 1947 549 1980 ἶτε
563 1953 657 1979 τοῦτον
678 1951 725 1978 καὶ
751 1949 1011 1986 ἀναθεματίζουσιν,

219 2001 257 2031 ὡς
277 2000 428 2035 ὲπιὸήτορα
441 1999 488 2026 καὶ
506 1999 611 2034 μοιχὸν,
628 1999 676 2025 καὶ
696 1997 825 2032 διωγμῶν
850 1996 1012 2032 χαλεπωτά-

219 2055 273 2073 των
287 2047 333 2073 καὶ
349 2046 504 2072 σκανδάλων
531 2045 635 2080 μυρίων
657 2045 716 2076 ταῖς
734 2043 779 2069 τοῦ
804 2042 873 2069 Θεοῦ
897 2042 1012 2077 Ἐκκλη-

220 2092 292 2124 σίαις
309 2092 395 2118 αἴτιον
413 2091 568 2127 γενόμενον.
583 2091 637 2118 Καὶ
653 2089 851 2124 ἀποφαίνονται
878 2088 926 2115 σὺν
953 2088 1012 2123 ἅμα

219 2138 354 2165 Νικολάου
367 2137 417 2174 [aL
430 2137 574 2169 συνοδικῶς
583 2138 617 2172 τῇ
629 2136 710 2172 Νικ.]
723 2134 770 2162 τοῦ
787 2135 866 2162 πάπα
881 2134 1012 2169 καθαιρε-

217 2185 280 2219 τικῇ
294 2183 388 2219 ψήφῳ,
409 2185 443 2218 τῇ
460 2184 529 2218 μετὰ
547 2182 650 2217 πολλῆς
675 2181 818 2217 ἀκριῦείας
839 2180 948 2216 πρῶτον
962 2180 1009 2207 καὶ

1065 1630 1185 1665 periret,
1201 1638 1217 1657 a
1238 1630 1334 1666 legatis
1354 1629 1495 1663 Romanis,
1514 1630 1629 1665 ipsoque
1647 1630 1812 1665 imperatm'e
1831 1636 1858 1658 et

1065 1681 1121 1704 toto
1138 1681 1234 1704 senatu
1262 1677 1428 1708 admonitus,
1447 1681 1476 1704 ut
1504 1676 1612 1704 veniam
1643 1682 1810 1711 precaretur,
1830 1683 1858 1704 et

1063 1724 1159 1750 saltem
1190 1727 1321 1758 tanquam
1338 1723 1426 1751 laicus
1444 1723 1477 1750 ad
1491 1722 1611 1750 lidelinm
1636 1723 1858 1751 communionem

1063 1769 1241 1804 reciperetur,
1259 1769 1376 1804 superbo
1393 1775 1421 1796 et
1438 1769 1593 1796 contumaci
1611 1769 1704 1796 animo
1713 1770 1857 1796 consilium

1063 1815 1170 1849 penitus
1193 1814 1355 1848 repudiavit.
1374 1813 1445 1849 Ergo
1460 1814 1598 1841 communi
1614 1815 1737 1841 omnium
1756 1815 1857 1849 aequis-

1064 1861 1135 1888 simo
1156 1860 1261 1895 judicio
1279 1861 1435 1893 damnatur,
1464 1861 1618 1893 abdicatur,
1631 1861 1860 1896 anatltematequc

1063 1907 1228 1942 percellitur,
1239 1906 1320 1933 veluti
1332 1906 1448 1933 violator
1454 1911 1480 1934 et
1489 1907 1607 1939 adulter,
1622 1908 1860 1942 maximarumque

1063 1953 1251 1980 calamitatum
1269 1958 1296 1980 et
1311 1952 1481 1980 inﬁnitarum
1497 1952 1678 1980 oll‘ensionum
1693 1960 1725 1980 ac
1743 1955 1860 1980 scanda—

1063 1999 1152 2026 lorum
1166 1998 1193 2025 in
1209 1998 1330 2026 Ecclesia
1347 1997 1394 2025 Dei
1413 2002 1509 2025 auctor
1527 2007 1534 2030 ;
1551 2002 1578 2025 et
1591 1998 1750 2032 pronuntiat
1773 2005 1857 2033 syno-

1063 2047 1116 2073 dus
1127 2045 1206 2088 juxta
1232 2045 1338 2072 Nicolai
1365 2053 1442 2080 papae
1457 2045 1632 2076 sententiam,
1664 2053 1718 2080 qua
1739 2044 1857 2079 primum

1062 2090 1180 2118 Pltotius
1192 2094 1300 2117 maturo
1325 2097 1388 2117 ctttn
1406 2089 1524 2123 judicio,
1545 2090 1733 2124 canonicatsue
1750 2096 1799 2117 seu
1813 2096 1859 2124 sy-

1062 2137 1159 2164 nodica
1178 2136 1267 2163 fuerat
1289 2135 1462 2174 depositio‘ne
1485 2135 1642 2162 datnttatus.
1664 2134 1859 2169 Snbscripsere

1062 2182 1219 2218 (episcopi)
1231 2180 1396 2216 depositioni
1404 2180 1528 2212 calamis,
1540 2188 1593 2207 non
1605 2179 1679 2207 nudo
1690 2184 1858 2210 atramento,

218 2230 374 2264 xavovtxﬁg,
391 2230 450 2265 ἦτοι
465 2228 607 2263 συνοδικῆς
618 2227 735 2263 κρίσεως
748 2226 937 2262 ἀποφανθείσῃ
948 2226 1009 2253 κατ’

1064 2229 1120 2261 sed,
1139 2229 1167 2255 in
1179 2235 1234 2264 quo
1253 2228 1363 2264 penitus
1374 2227 1570 2255 contremiscas
1600 2226 1642 2261 (ut
1659 2232 1705 2252 eos
1731 2225 1778 2260 qui
1801 2232 1858 2252 rem

219 2274 313 2302 αὐτοῦ.
331 2274 537 2310 Ὑπογράφουσι
551 2273 579 2300 δὴ
594 2275 627 2309 τῇ
649 2272 820 2308 καθαιρέσει,
834 2273 863 2298 οὐ
884 2272 953 2307 ψιλῷ
970 2272 1009 2307 τῷ

1064 2279 1172 2308 norant,
1191 2278 1381 2302 asseverantes
1407 2272 1521 2308 audivi),
1538 2273 1598 2308 ipso
1616 2272 1767 2299 Salvatoris
1792 2279 1858 2299 san-

222 2320 317 2355 μέλανι
342 2320 376 2347 τὰ
393 2319 566 2356 χειρόγραφα
581 2319 749 2354 ποιούμενοι,
765 2318 844 2350 ἀλλὰ,
858 2317 888 2343 τδ
904 2326 1010 2352 φρικωα

219 2365 358 2398 δέστατον,
369 2365 406 2397 ὡς
418 2365 472 2392 τῶν
486 2365 595 2392 εἰδότων
617 2365 724 2400 ἀκήκοα
748 2363 1008 2398 διαϐεόαιουμένων,

219 2412 266 2438 καὶ
278 2412 308 2438 ἐν
319 2412 394 2446 αὐτῷ
408 2411 456 2438 τοῦ
470 2411 595 2447 Σωτῆρος
617 2410 656 2446 τῷ
677 2410 774 2446 αἵματι
790 2409 940 2445 βάπτοντες
962 2409 1010 2435 τὸν

1060 2320 1142 2355 guine
1156 2320 1264 2347 tinctis.
1283 2319 1334 2350 ita,
1354 2318 1480 2353 inquam,
1496 2318 1606 2345 demum
1622 2317 1749 2346 Pltotium
1772 2324 1858 2343 exau-

1058 2369 1202 2391 ctorarunt
1220 2364 1450 2398 damnaruntquc,
1467 2369 1575 2397 unaque
1590 2369 1685 2389 omnes
1699 2361 1733 2388 ab
1752 2361 1798 2388 illo
1810 2369 1857 2388 sa-

1061 2409 1117 2437 cris
1131 2410 1267 2437 initiatos.

218 2459 353 2495 κάλαμον,
380 2459 466 2492 οὕτως
491 2459 658 2495 ἐξεκήρυξαν
674 2458 786 2491 Φώτιον,
813 2457 899 2489 οὕτως
926 2457 1007 2484 αὐτὴν
1026 2457 1217 2492 κατεδίκασαν,
1231 2457 1279 2484 καὶ
1291 2456 1394 2488 πάντας
1410 2455 1474 2488 τοὺς
1502 2457 1780 2491 κεχειροτονημένους
1811 2455 1858 2482 ὑπ’

217 2515 313 2534 αυτου.

260 2555 392 2582 Ἐνταῦθα
407 2555 562 2590 γενόμενος,
580 2553 782 2588 κατηγορήσειν
799 2561 846 2588 μοι
863 2551 935 2579 δοκῶ
958 2551 1009 2587 τῆς

220 2602 330 2628 συνόδου
341 2610 348 2617 ·
366 2601 509 2636 μέμφομαι
525 2600 553 2626 δὲ
567 2599 614 2626 καὶ
629 2598 679 2633 τὴν
694 2598 785 2634 κρίσιν
799 2598 948 2634 ταύτην,εί
962 2598 1010 2625 καὶ

217 2647 363 2683 τολμηρόν.
378 2647 470 2678 Πάσάς
483 2646 536 2680 γὰρ
552 2645 601 2677 τὰς
625 2643 740 2678 πράξεις
765 2644 813 2670 καὶ
826 2644 890 2675 τοὺς
915 2644 1009 2679 διωρι-

218 2693 333 2729 σμένους
344 2694 374 2720 ὲν
387 2693 457 2728 αὐτῇ
472 2691 587 2723 κανόνας
602 2691 702 2726 ὁμοίως
714 2691 771 2721 τοῖς
783 2690 812 2716 ὲν
826 2690 886 2721 ταῖς
904 2690 1008 2724 προλα-

217 2738 328 2770 εούσαις
342 2738 412 2764 ἐπτά
425 2737 544 2769 συνόδοις
558 2736 772 2771 οίκουμενικαῖς,
786 2736 831 2761 καὶ
848 2734 960 2767 τούτους
972 2734 1010 2766 ὡς

1099 2550 1149 2578 Hic
1160 2557 1211 2586 ego
1222 2549 1288 2577 mihi
1305 2548 1442 2585 synodum
1460 2548 1525 2583 jure
1539 2547 1743 2582 quodammodo
1764 2554 1858 2580 repre-

1063 2597 1201 2625 ltensurus
1216 2596 1311 2623 videor
1325 2605 1332 2622 :
1349 2594 1548 2630 reprehendam
1559 2598 1662 2626 autem,
1674 2594 1725 2620 etsi
1741 2592 1856 2619 fortassc

1064 2643 1208 2675 audacius,
1223 2642 1275 2669 hoc
1293 2641 1381 2677 lpsutn
1393 2640 1541 2675 judicium.
1557 2639 1689 2667 Actiones
1705 2638 1777 2665 enim
1797 2644 1856 2663 om-

1065 2697 1113 2716 nes
1125 2693 1152 2716 et
1164 2687 1292 2715 delinitos
1313 2688 1339 2714 in
1359 2695 1392 2715 ea
1413 2693 1544 2719 canones,
1572 2685 1684 2719 perinde
1710 2691 1742 2711 ac
1752 2685 1780 2710 in
1795 2682 1857 2709 aliis

1064 2739 1167 2770 septem
1186 2733 1364 2762 meumcnicis
1385 2733 1509 2769 synodis,
1536 2732 1572 2760 ita
1594 2732 1621 2758 in
1636 2731 1687 2758 hac
1699 2736 1808 2765 quoque
1826 2735 1856 2756 ut

239 2835 291 2875 ,(8)
314 2837 390 2866 Alter
416 2837 502 2866 codex
529 2835 603 2873 legit,
629 2834 712 2864 αὐτοῦ
738 2834 767 2862 δὲ
787 2834 912 2866 εἰπόντος
931 2834 963 2862 τὸ
988 2843 1012 2870 μ·

1064 2832 1137 2870 μίαν,
1154 2841 1213 2861 cum
1229 2842 1289 2862 vero
1304 2833 1349 2862 ille
1361 2832 1574 2868 rctpondiuetse
1589 2829 1655 2858 nihil
1672 2828 1768 2857 habere
1785 2825 1855 2864 quod

217 2870 325 2899 diceret.
