  <div class='ocr_page' id='page_1' title='image "/cluster/home/n/w/nwhite01/storage/ocr_20150623/105/njp.32101077772893/327.png"; bbox 0 0 2092 3156; ppageno 0'>
   <div class='ocr_carea' id='block_1_1' title="bbox 234 164 286 197">
    <p class='ocr_par' dir='ltr' id='par_1_1' title="bbox 234 164 286 197">
     <span class='ocr_line' id='line_1_1' title="bbox 234 164 286 197; baseline -0.019 0"><span class='ocrx_word' id='word_1_1' title='bbox 234 164 286 197; x_wconf 63' lang='lat' dir='ltr'><strong>5t?</strong></span> 
     </span>
    </p>
   </div>
   <div class='ocr_carea' id='block_1_2' title="bbox 822 159 1241 193">
    <p class='ocr_par' dir='ltr' id='par_1_2' title="bbox 822 159 1241 193">
     <span class='ocr_line' id='line_1_2' title="bbox 822 159 1241 193; baseline -0.012 0"><span class='ocrx_word' id='word_1_2' title='bbox 822 162 967 193; x_wconf 76' lang='lat' dir='ltr'><strong>NICET/E</strong></span> <span class='ocrx_word' id='word_1_3' title='bbox 981 159 1241 191; x_wconf 80' lang='lat' dir='ltr'><strong>PAPHLAGONIS</strong></span> 
     </span>
    </p>
   </div>
   <div class='ocr_carea' id='block_1_3' title="bbox 1808 156 1861 189">
    <p class='ocr_par' dir='ltr' id='par_1_3' title="bbox 1808 156 1861 189">
     <span class='ocr_line' id='line_1_3' title="bbox 1808 156 1861 189; baseline 0 0"><span class='ocrx_word' id='word_1_4' title='bbox 1808 156 1861 189; x_wconf 68' lang='grc'><strong>548</strong></span> 
     </span>
    </p>
   </div>
   <div class='ocr_carea' id='block_1_4' title="bbox 233 214 1036 254">
    <p class='ocr_par' dir='ltr' id='par_1_4' title="bbox 233 218 1022 254">
     <span class='ocr_line' id='line_1_4' title="bbox 233 218 1022 254; baseline -0.006 -5"><span class='ocrx_word' id='word_1_5' title='bbox 233 224 344 249; x_wconf 82' lang='lat' dir='ltr'><strong>sanctos</strong></span> <span class='ocrx_word' id='word_1_6' title='bbox 369 224 397 247; x_wconf 84' lang='lat' dir='ltr'><strong>et</strong></span> <span class='ocrx_word' id='word_1_7' title='bbox 418 227 433 247; x_wconf 78' lang='grc' dir='ltr'><strong>ο</strong></span> <span class='ocrx_word' id='word_1_8' title='bbox 461 219 563 254; x_wconf 76' lang='lat' dir='ltr'><strong>Spiritu</strong></span> <span class='ocrx_word' id='word_1_9' title='bbox 583 224 678 248; x_wconf 85' lang='lat' dir='ltr'><strong>sancto</strong></span> <span class='ocrx_word' id='word_1_10' title='bbox 697 220 813 248; x_wconf 77' lang='lat' dir='ltr'><strong>dictatas</strong></span> <span class='ocrx_word' id='word_1_11' title='bbox 845 220 921 247; x_wconf 81' lang='lat' dir='ltr'><strong>valde</strong></span> <span class='ocrx_word' id='word_1_12' title='bbox 936 218 1022 254; x_wconf 85' lang='lat' dir='ltr'><strong>probo</strong></span> 
     </span>
    </p>
   </div>
   <div class='ocr_carea' id='block_1_5' title="bbox 1085 214 1860 254">
    <p class='ocr_par' dir='ltr' id='par_1_5' title="bbox 1085 214 1860 251">
     <span class='ocr_line' id='line_1_5' title="bbox 1085 214 1860 251; baseline 0.001 -10"><span class='ocrx_word' id='word_1_13' title='bbox 1085 215 1269 246; x_wconf 63' lang='grc' dir='ltr'>ιεοπνεύστους</span> <span class='ocrx_word' id='word_1_14' title='bbox 1283 215 1342 242; x_wconf 81' lang='grc' dir='ltr'>λίαν</span> <span class='ocrx_word' id='word_1_15' title='bbox 1353 214 1530 251; x_wconf 80' lang='grc' dir='ltr'>προσιέμενός</span> <span class='ocrx_word' id='word_1_16' title='bbox 1544 223 1574 241; x_wconf 84' lang='grc' dir='ltr'><strong>τε</strong></span> <span class='ocrx_word' id='word_1_17' title='bbox 1589 215 1636 242; x_wconf 76' lang='grc' dir='ltr'>καὶ</span> <span class='ocrx_word' id='word_1_18' title='bbox 1650 214 1860 250; x_wconf 80' lang='grc' dir='ltr'>ἀποδεχόμενος,</span> 
     </span>
    </p>
   </div>
   <div class='ocr_carea' id='block_1_6' title="bbox 235 265 1019 301">
    <p class='ocr_par' dir='ltr' id='par_1_6' title="bbox 235 265 1019 301">
     <span class='ocr_line' id='line_1_6' title="bbox 235 265 1019 301; baseline -0.003 -7"><span class='ocrx_word' id='word_1_19' title='bbox 235 267 414 301; x_wconf 84' lang='lat' dir='ltr'><strong>adrnittoque.</strong></span> <span class='ocrx_word' id='word_1_20' title='bbox 431 265 488 293; x_wconf 87' lang='lat' dir='ltr'><strong>lloc</strong></span> <span class='ocrx_word' id='word_1_21' title='bbox 503 271 610 293; x_wconf 89' lang='lat' dir='ltr'><strong>tantum</strong></span> <span class='ocrx_word' id='word_1_22' title='bbox 625 266 651 294; x_wconf 93' lang='lat' dir='ltr'><strong>in</strong></span> <span class='ocrx_word' id='word_1_23' title='bbox 670 267 721 294; x_wconf 85' lang='lat' dir='ltr'><strong>hac</strong></span> <span class='ocrx_word' id='word_1_24' title='bbox 735 273 832 294; x_wconf 86' lang='lat' dir='ltr'><strong>octava</strong></span> <span class='ocrx_word' id='word_1_25' title='bbox 850 273 905 293; x_wconf 93' lang='lat' dir='ltr'><strong>non</strong></span> <span class='ocrx_word' id='word_1_26' title='bbox 921 266 1019 299; x_wconf 89' lang='lat' dir='ltr'><strong>laudo,</strong></span> 
     </span>
    </p>
   </div>
   <div class='ocr_carea' id='block_1_7' title="bbox 235 312 1022 347">
    <p class='ocr_par' dir='ltr' id='par_1_7' title="bbox 235 312 1022 347">
     <span class='ocr_line' id='line_1_7' title="bbox 235 312 1022 347; baseline -0.003 -7"><span class='ocrx_word' id='word_1_27' title='bbox 235 321 289 340; x_wconf 91' lang='lat' dir='ltr'><strong>non</strong></span> <span class='ocrx_word' id='word_1_28' title='bbox 319 313 390 347; x_wconf 89' lang='lat' dir='ltr'><strong>quod</strong></span> <span class='ocrx_word' id='word_1_29' title='bbox 416 314 455 347; x_wconf 91' lang='lat' dir='ltr'><strong>(ut</strong></span> <span class='ocrx_word' id='word_1_30' title='bbox 473 312 556 346; x_wconf 83' lang='lat' dir='ltr'><strong>aliqui</strong></span> <span class='ocrx_word' id='word_1_31' title='bbox 585 312 707 346; x_wconf 88' lang='lat' dir='ltr'><strong>censent)</strong></span> <span class='ocrx_word' id='word_1_32' title='bbox 735 312 845 346; x_wconf 78' lang='lat' dir='ltr'><strong>gravius</strong></span> <span class='ocrx_word' id='word_1_33' title='bbox 874 316 1022 343; x_wconf 84' lang='lat' dir='ltr'><strong>commota,</strong></span> 
     </span>
    </p>
   </div>
   <div class='ocr_carea' id='block_1_8' title="bbox 236 358 1024 393">
    <p class='ocr_par' dir='ltr' id='par_1_8' title="bbox 236 358 1024 393">
     <span class='ocr_line' id='line_1_8' title="bbox 236 358 1024 393; baseline -0.003 -7"><span class='ocrx_word' id='word_1_34' title='bbox 236 359 332 386; x_wconf 87' lang='lat' dir='ltr'><strong>durius</strong></span> <span class='ocrx_word' id='word_1_35' title='bbox 345 359 372 386; x_wconf 90' lang='lat' dir='ltr'><strong>in</strong></span> <span class='ocrx_word' id='word_1_36' title='bbox 389 366 451 386; x_wconf 87' lang='lat' dir='ltr'><strong>reos</strong></span> <span class='ocrx_word' id='word_1_37' title='bbox 461 359 612 385; x_wconf 74' lang='lat' dir='ltr'><strong>decreverit</strong></span> <span class='ocrx_word' id='word_1_38' title='bbox 625 367 633 391; x_wconf 84' lang='lat'><strong>;</strong></span> <span class='ocrx_word' id='word_1_39' title='bbox 647 358 693 385; x_wconf 88' lang='lat' dir='ltr'><strong>sed</strong></span> <span class='ocrx_word' id='word_1_40' title='bbox 709 363 806 385; x_wconf 86' lang='lat' dir='ltr'><strong>contra</strong></span> <span class='ocrx_word' id='word_1_41' title='bbox 824 358 914 393; x_wconf 88' lang='lat' dir='ltr'><strong>potius</strong></span> <span class='ocrx_word' id='word_1_42' title='bbox 931 365 1024 393; x_wconf 79' lang='lat' dir='ltr'><strong>repre-</strong></span> 
     </span>
    </p>
   </div>
   <div class='ocr_carea' id='block_1_9' title="bbox 237 404 1023 439">
    <p class='ocr_par' dir='ltr' id='par_1_9' title="bbox 237 404 1023 439">
     <span class='ocr_line' id='line_1_9' title="bbox 237 404 1023 439; baseline -0.004 -6"><span class='ocrx_word' id='word_1_43' title='bbox 237 405 377 433; x_wconf 80' lang='lat' dir='ltr'><strong>hendenda</strong></span> <span class='ocrx_word' id='word_1_44' title='bbox 395 404 509 432; x_wconf 79' lang='lat' dir='ltr'><strong>forsitan</strong></span> <span class='ocrx_word' id='word_1_45' title='bbox 529 404 566 432; x_wconf 86' lang='lat' dir='ltr'><strong>sil</strong></span> <span class='ocrx_word' id='word_1_46' title='bbox 580 404 649 438; x_wconf 86' lang='lat' dir='ltr'><strong>apud</strong></span> <span class='ocrx_word' id='word_1_47' title='bbox 665 412 773 439; x_wconf 65' lang='lat' dir='ltr'><strong>aequum</strong></span> <span class='ocrx_word' id='word_1_48' title='bbox 789 404 934 436; x_wconf 86' lang='lat' dir='ltr'><strong>arbitrum,</strong></span> <span class='ocrx_word' id='word_1_49' title='bbox 950 404 1023 439; x_wconf 94' lang='lat' dir='ltr'><strong>quod</strong></span> 
     </span>
    </p>
   </div>
   <div class='ocr_carea' id='block_1_10' title="bbox 237 449 1025 484">
    <p class='ocr_par' dir='ltr' id='par_1_10' title="bbox 237 449 1025 484">
     <span class='ocr_line' id='line_1_10' title="bbox 237 449 1025 484; baseline 0 -8"><span class='ocrx_word' id='word_1_50' title='bbox 237 450 324 477; x_wconf 88' lang='lat' dir='ltr'><strong>multo</strong></span> <span class='ocrx_word' id='word_1_51' title='bbox 341 449 500 476; x_wconf 86' lang='lat' dir='ltr'><strong>clementius</strong></span> <span class='ocrx_word' id='word_1_52' title='bbox 527 456 610 483; x_wconf 91' lang='lat' dir='ltr'><strong>quam</strong></span> <span class='ocrx_word' id='word_1_53' title='bbox 632 449 784 484; x_wconf 85' lang='lat' dir='ltr'><strong>oportebat,</strong></span> <span class='ocrx_word' id='word_1_54' title='bbox 802 449 944 484; x_wconf 86' lang='lat' dir='ltr'><strong>judicaril,</strong></span> <span class='ocrx_word' id='word_1_55' title='bbox 969 449 1025 476; x_wconf 86' lang='lat' dir='ltr'><strong>ha—</strong></span> 
     </span>
    </p>
   </div>
   <div class='ocr_carea' id='block_1_11' title="bbox 236 495 1025 529">
    <p class='ocr_par' dir='ltr' id='par_1_11' title="bbox 236 495 1025 529">
     <span class='ocr_line' id='line_1_11' title="bbox 236 495 1025 529; baseline 0 -7"><span class='ocrx_word' id='word_1_56' title='bbox 236 496 293 522; x_wconf 89' lang='lat' dir='ltr'><strong>bita</strong></span> <span class='ocrx_word' id='word_1_57' title='bbox 311 502 407 528; x_wconf 86' lang='lat' dir='ltr'><strong>nempe</strong></span> <span class='ocrx_word' id='word_1_58' title='bbox 420 502 598 528; x_wconf 88' lang='lat' dir='ltr'><strong>personarum</strong></span> <span class='ocrx_word' id='word_1_59' title='bbox 613 495 706 529; x_wconf 87' lang='lat' dir='ltr'><strong>aliqua</strong></span> <span class='ocrx_word' id='word_1_60' title='bbox 721 495 837 526; x_wconf 76' lang='lat' dir='ltr'><strong>ratione,</strong></span> <span class='ocrx_word' id='word_1_61' title='bbox 851 502 905 522; x_wconf 92' lang='lat' dir='ltr'><strong>non</strong></span> <span class='ocrx_word' id='word_1_62' title='bbox 920 502 951 522; x_wconf 89' lang='lat' dir='ltr'><strong>ex</strong></span> <span class='ocrx_word' id='word_1_63' title='bbox 967 495 1025 529; x_wconf 80' lang='lat' dir='ltr'><strong>lege</strong></span> 
     </span>
    </p>
   </div>
   <div class='ocr_carea' id='block_1_12' title="bbox 238 538 1026 573">
    <p class='ocr_par' dir='ltr' id='par_1_12' title="bbox 238 538 1026 573">
     <span class='ocr_line' id='line_1_12' title="bbox 238 538 1026 573; baseline 0 -7"><span class='ocrx_word' id='word_1_64' title='bbox 238 538 389 573; x_wconf 89' lang='lat' dir='ltr'><strong>apostolica</strong></span> <span class='ocrx_word' id='word_1_65' title='bbox 416 538 522 565; x_wconf 86' lang='lat' dir='ltr'><strong>sincere</strong></span> <span class='ocrx_word' id='word_1_66' title='bbox 551 538 605 565; x_wconf 84' lang='lat' dir='ltr'><strong>lata</strong></span> <span class='ocrx_word' id='word_1_67' title='bbox 621 540 765 567; x_wconf 84' lang='lat' dir='ltr'><strong>sententia.</strong></span> <span class='ocrx_word' id='word_1_68' title='bbox 793 539 959 567; x_wconf 87' lang='lat' dir='ltr'><strong>Triccsimus</strong></span> <span class='ocrx_word' id='word_1_69' title='bbox 981 546 1026 566; x_wconf 91' lang='lat' dir='ltr'><strong>ca-</strong></span> 
     </span>
    </p>
   </div>
   <div class='ocr_carea' id='block_1_13' title="bbox 237 582 1027 618">
    <p class='ocr_par' dir='ltr' id='par_1_13' title="bbox 237 582 1027 618">
     <span class='ocr_line' id='line_1_13' title="bbox 237 582 1027 618; baseline 0.003 -9"><span class='ocrx_word' id='word_1_70' title='bbox 237 591 292 610; x_wconf 87' lang='lat' dir='ltr'><strong>non</strong></span> <span class='ocrx_word' id='word_1_71' title='bbox 317 582 356 618; x_wconf 84' lang='lat'><strong>(9)</strong></span> <span class='ocrx_word' id='word_1_72' title='bbox 383 582 553 610; x_wconf 91' lang='lat' dir='ltr'><strong>adhibendus</strong></span> <span class='ocrx_word' id='word_1_73' title='bbox 583 588 652 615; x_wconf 75' lang='lat' dir='ltr'><strong>erat,</strong></span> <span class='ocrx_word' id='word_1_74' title='bbox 682 591 737 618; x_wconf 93' lang='lat' dir='ltr'><strong>quo</strong></span> <span class='ocrx_word' id='word_1_75' title='bbox 768 584 937 611; x_wconf 77' lang='lat' dir='ltr'><strong>innocentem</strong></span> <span class='ocrx_word' id='word_1_76' title='bbox 964 589 1027 612; x_wconf 87' lang='lat' dir='ltr'><strong>ante</strong></span> 
     </span>
    </p>
   </div>
   <div class='ocr_carea' id='block_1_14' title="bbox 239 628 1027 667">
    <p class='ocr_par' dir='ltr' id='par_1_14' title="bbox 239 628 1027 667">
     <span class='ocr_line' id='line_1_14' title="bbox 239 628 1027 667; baseline 0 -12"><span class='ocrx_word' id='word_1_77' title='bbox 239 629 374 667; x_wconf 79' lang='lat' dir='ltr'><strong>lgnatium</strong></span> <span class='ocrx_word' id='word_1_78' title='bbox 388 628 502 656; x_wconf 86' lang='lat' dir='ltr'><strong>Pholius</strong></span> <span class='ocrx_word' id='word_1_79' title='bbox 526 629 693 664; x_wconf 78' lang='lat' dir='ltr'><strong>sycophanta</strong></span> <span class='ocrx_word' id='word_1_80' title='bbox 714 629 868 662; x_wconf 80' lang='lat' dir='ltr'><strong>damnarat,</strong></span> <span class='ocrx_word' id='word_1_81' title='bbox 885 630 962 664; x_wconf 85' lang='lat' dir='ltr'><strong>quasi</strong></span> <span class='ocrx_word' id='word_1_82' title='bbox 980 636 1027 663; x_wconf 89' lang='lat' dir='ltr'><strong>per</strong></span> 
     </span>
    </p>
   </div>
   <div class='ocr_carea' id='block_1_15' title="bbox 238 674 1028 709">
    <p class='ocr_par' dir='ltr' id='par_1_15' title="bbox 238 674 1028 709">
     <span class='ocr_line' id='line_1_15' title="bbox 238 674 1028 709; baseline 0.001 -8"><span class='ocrx_word' id='word_1_83' title='bbox 238 675 397 702; x_wconf 50' lang='lat' dir='ltr'><strong>saecularem</strong></span> <span class='ocrx_word' id='word_1_84' title='bbox 423 679 586 709; x_wconf 85' lang='lat' dir='ltr'><strong>potestatem</strong></span> <span class='ocrx_word' id='word_1_85' title='bbox 612 674 762 703; x_wconf 83' lang='lat' dir='ltr'><strong>Ecclesiam</strong></span> <span class='ocrx_word' id='word_1_86' title='bbox 790 676 945 703; x_wconf 79' lang='lat' dir='ltr'><strong>invasisset.</strong></span> <span class='ocrx_word' id='word_1_87' title='bbox 971 675 1028 702; x_wconf 84' lang='lat' dir='ltr'><strong>Hoc</strong></span> 
     </span>
    </p>
   </div>
   <div class='ocr_carea' id='block_1_16' title="bbox 240 720 1026 756">
    <p class='ocr_par' dir='ltr' id='par_1_16' title="bbox 240 720 1026 756">
     <span class='ocr_line' id='line_1_16' title="bbox 240 720 1026 756; baseline 0.001 -9"><span class='ocrx_word' id='word_1_88' title='bbox 240 721 327 755; x_wconf 78' lang='lat' dir='ltr'><strong>magis</strong></span> <span class='ocrx_word' id='word_1_89' title='bbox 338 728 412 747; x_wconf 86' lang='lat' dir='ltr'><strong>nunc</strong></span> <span class='ocrx_word' id='word_1_90' title='bbox 430 720 601 748; x_wconf 82' lang='lat' dir='ltr'><strong>innitendum</strong></span> <span class='ocrx_word' id='word_1_91' title='bbox 623 726 681 748; x_wconf 90' lang='lat' dir='ltr'><strong>erat</strong></span> <span class='ocrx_word' id='word_1_92' title='bbox 710 721 737 748; x_wconf 93' lang='lat' dir='ltr'><strong>in</strong></span> <span class='ocrx_word' id='word_1_93' title='bbox 753 729 827 753; x_wconf 91' lang='lat' dir='ltr'><strong>eum,</strong></span> <span class='ocrx_word' id='word_1_94' title='bbox 857 725 886 748; x_wconf 86' lang='lat' dir='ltr'><strong>ut</strong></span> <span class='ocrx_word' id='word_1_95' title='bbox 910 722 957 756; x_wconf 89' lang='lat' dir='ltr'><strong>qui</strong></span> <span class='ocrx_word' id='word_1_96' title='bbox 972 728 1026 748; x_wconf 91' lang='lat' dir='ltr'><strong>non</strong></span> 
     </span>
    </p>
   </div>
   <div class='ocr_carea' id='block_1_17' title="bbox 240 765 1029 804">
    <p class='ocr_par' dir='ltr' id='par_1_17' title="bbox 240 765 1029 804">
     <span class='ocr_line' id='line_1_17' title="bbox 240 765 1029 804; baseline 0.004 -12"><span class='ocrx_word' id='word_1_97' title='bbox 240 765 299 798; x_wconf 90' lang='lat' dir='ltr'><strong>Dei,</strong></span> <span class='ocrx_word' id='word_1_98' title='bbox 311 774 363 794; x_wconf 88' lang='lat' dir='ltr'><strong>non</strong></span> <span class='ocrx_word' id='word_1_99' title='bbox 379 771 529 801; x_wconf 86' lang='lat' dir='ltr'><strong>mystarum</strong></span> <span class='ocrx_word' id='word_1_100' title='bbox 545 767 690 800; x_wconf 85' lang='lat' dir='ltr'><strong>sententia,</strong></span> <span class='ocrx_word' id='word_1_101' title='bbox 707 767 754 795; x_wconf 88' lang='lat' dir='ltr'><strong>sed</strong></span> <span class='ocrx_word' id='word_1_102' title='bbox 772 768 925 795; x_wconf 87' lang='lat' dir='ltr'><strong>incredibili</strong></span> <span class='ocrx_word' id='word_1_103' title='bbox 935 768 1029 804; x_wconf 64' lang='lat' dir='ltr'><strong>gloriae</strong></span> 
     </span>
    </p>
   </div>
   <div class='ocr_carea' id='block_1_18' title="bbox 240 811 1028 849">
    <p class='ocr_par' dir='ltr' id='par_1_18' title="bbox 240 811 1028 849">
     <span class='ocr_line' id='line_1_18' title="bbox 240 811 1028 849; baseline 0.003 -11"><span class='ocrx_word' id='word_1_104' title='bbox 240 815 268 838; x_wconf 90' lang='lat' dir='ltr'><strong>et</strong></span> <span class='ocrx_word' id='word_1_105' title='bbox 283 811 439 839; x_wconf 87' lang='lat' dir='ltr'><strong>ambitionis</strong></span> <span class='ocrx_word' id='word_1_106' title='bbox 459 812 550 840; x_wconf 87' lang='lat' dir='ltr'><strong>furore</strong></span> <span class='ocrx_word' id='word_1_107' title='bbox 565 817 719 847; x_wconf 89' lang='lat' dir='ltr'><strong>correptus,</strong></span> <span class='ocrx_word' id='word_1_108' title='bbox 735 820 784 848; x_wconf 91' lang='lat' dir='ltr'><strong>per</strong></span> <span class='ocrx_word' id='word_1_109' title='bbox 800 813 959 842; x_wconf 66' lang='lat' dir='ltr'><strong>saecularem</strong></span> <span class='ocrx_word' id='word_1_110' title='bbox 978 821 1028 849; x_wconf 89' lang='lat' dir='ltr'><strong>po-</strong></span> 
     </span>
    </p>
   </div>
   <div class='ocr_carea' id='block_1_19' title="bbox 241 857 1029 894">
    <p class='ocr_par' dir='ltr' id='par_1_19' title="bbox 241 857 1029 894">
     <span class='ocr_line' id='line_1_19' title="bbox 241 857 1029 894; baseline 0.005 -11"><span class='ocrx_word' id='word_1_111' title='bbox 241 861 370 884; x_wconf 83' lang='lat' dir='ltr'><strong>testatem</strong></span> <span class='ocrx_word' id='word_1_112' title='bbox 384 857 482 884; x_wconf 86' lang='lat' dir='ltr'><strong>solium</strong></span> <span class='ocrx_word' id='word_1_113' title='bbox 496 857 522 884; x_wconf 92' lang='lat' dir='ltr'><strong>vi</strong></span> <span class='ocrx_word' id='word_1_114' title='bbox 543 858 686 893; x_wconf 85' lang='lat' dir='ltr'><strong>tyrannica</strong></span> <span class='ocrx_word' id='word_1_115' title='bbox 701 864 876 894; x_wconf 87' lang='lat' dir='ltr'><strong>occupasset.</strong></span> <span class='ocrx_word' id='word_1_116' title='bbox 894 859 969 887; x_wconf 87' lang='lat' dir='ltr'><strong>llanc</strong></span> <span class='ocrx_word' id='word_1_117' title='bbox 984 859 1029 887; x_wconf 85' lang='lat' dir='ltr'><strong>ille</strong></span> 
     </span>
    </p>
   </div>
   <div class='ocr_carea' id='block_1_20' title="bbox 1073 260 1861 296">
    <p class='ocr_par' dir='ltr' id='par_1_20' title="bbox 1073 260 1861 296">
     <span class='ocr_line' id='line_1_20' title="bbox 1073 260 1861 296; baseline 0.003 -10"><span class='ocrx_word' id='word_1_118' title='bbox 1073 260 1151 287; x_wconf 85' lang='grc' dir='ltr'>τοῦτο</span> <span class='ocrx_word' id='word_1_119' title='bbox 1169 260 1249 294; x_wconf 85' lang='grc' dir='ltr'>μόνον</span> <span class='ocrx_word' id='word_1_120' title='bbox 1263 260 1313 295; x_wconf 76' lang='grc' dir='ltr'>τῆς</span> <span class='ocrx_word' id='word_1_121' title='bbox 1328 260 1424 296; x_wconf 77' lang='grc' dir='ltr'>ὀγδόης</span> <span class='ocrx_word' id='word_1_122' title='bbox 1443 261 1554 287; x_wconf 83' lang='grc' dir='ltr'>συνόδου</span> <span class='ocrx_word' id='word_1_123' title='bbox 1578 260 1681 296; x_wconf 81' lang='grc' dir='ltr'><strong>ταύτης</strong></span> <span class='ocrx_word' id='word_1_124' title='bbox 1704 261 1861 296; x_wconf 54' lang='grc' dir='ltr'>ἐπιμέμφος</span> 
     </span>
    </p>
   </div>
   <div class='ocr_carea' id='block_1_21' title="bbox 1075 305 1862 342">
    <p class='ocr_par' dir='ltr' id='par_1_21' title="bbox 1075 305 1862 342">
     <span class='ocr_line' id='line_1_21' title="bbox 1075 305 1862 342; baseline 0.004 -10"><span class='ocrx_word' id='word_1_125' title='bbox 1075 314 1134 341; x_wconf 85' lang='grc' dir='ltr'>μαι,</span> <span class='ocrx_word' id='word_1_126' title='bbox 1149 305 1198 340; x_wconf 89' lang='grc' dir='ltr'>οὐχ</span> <span class='ocrx_word' id='word_1_127' title='bbox 1214 306 1254 332; x_wconf 74' lang='grc' dir='ltr'>ὅτι</span> <span class='ocrx_word' id='word_1_128' title='bbox 1271 306 1349 342; x_wconf 84' lang='grc' dir='ltr'>θυμῷ</span> <span class='ocrx_word' id='word_1_129' title='bbox 1377 306 1456 342; x_wconf 87' lang='grc' dir='ltr'><strong>βαρεῖ</strong></span> <span class='ocrx_word' id='word_1_130' title='bbox 1477 307 1524 333; x_wconf 79' lang='grc' dir='ltr'>καὶ</span> <span class='ocrx_word' id='word_1_131' title='bbox 1541 307 1721 342; x_wconf 76' lang='grc' dir='ltr'><strong>μνησικακίᾳ,</strong></span> <span class='ocrx_word' id='word_1_132' title='bbox 1735 308 1773 340; x_wconf 85' lang='grc' dir='ltr'>ὥς</span> <span class='ocrx_word' id='word_1_133' title='bbox 1789 317 1862 341; x_wconf 83' lang='grc' dir='ltr'>τινες</span> 
     </span>
    </p>
   </div>
   <div class='ocr_carea' id='block_1_22' title="bbox 1073 351 1864 389">
    <p class='ocr_par' dir='ltr' id='par_1_22' title="bbox 1073 351 1864 389">
     <span class='ocr_line' id='line_1_22' title="bbox 1073 351 1864 389; baseline 0.004 -11"><span class='ocrx_word' id='word_1_134' title='bbox 1073 352 1184 383; x_wconf 71' lang='grc' dir='ltr'>οἴονται,</span> <span class='ocrx_word' id='word_1_135' title='bbox 1196 351 1249 378; x_wconf 86' lang='grc' dir='ltr'><strong>τῶν</strong></span> <span class='ocrx_word' id='word_1_136' title='bbox 1263 352 1421 379; x_wconf 82' lang='grc' dir='ltr'><strong>ὑπευθύνων</strong></span> <span class='ocrx_word' id='word_1_137' title='bbox 1434 352 1556 388; x_wconf 80' lang='grc' dir='ltr'><strong>ἀνηλεῶς</strong></span> <span class='ocrx_word' id='word_1_138' title='bbox 1565 353 1778 388; x_wconf 74' lang='grc' dir='ltr'><strong>κατεψηφίσατο,</strong></span> <span class='ocrx_word' id='word_1_139' title='bbox 1796 355 1864 389; x_wconf 80' lang='grc' dir='ltr'>μᾶλ-</span> 
     </span>
    </p>
   </div>
   <div class='ocr_carea' id='block_1_23' title="bbox 1074 397 1864 436">
    <p class='ocr_par' dir='ltr' id='par_1_23' title="bbox 1074 397 1864 436">
     <span class='ocr_line' id='line_1_23' title="bbox 1074 397 1864 436; baseline 0.004 -12"><span class='ocrx_word' id='word_1_140' title='bbox 1074 397 1119 424; x_wconf 90' lang='grc' dir='ltr'><strong>λον</strong></span> <span class='ocrx_word' id='word_1_141' title='bbox 1133 398 1183 432; x_wconf 83' lang='grc' dir='ltr'>μὲν</span> <span class='ocrx_word' id='word_1_142' title='bbox 1193 397 1238 424; x_wconf 81' lang='grc' dir='ltr'>οὖν</span> <span class='ocrx_word' id='word_1_143' title='bbox 1252 399 1408 425; x_wconf 80' lang='grc' dir='ltr'>τούναντίον</span> <span class='ocrx_word' id='word_1_144' title='bbox 1428 399 1555 434; x_wconf 83' lang='grc' dir='ltr'>μεμπτέα</span> <span class='ocrx_word' id='word_1_145' title='bbox 1569 399 1649 435; x_wconf 83' lang='grc' dir='ltr'>τυχὸν</span> <span class='ocrx_word' id='word_1_146' title='bbox 1663 400 1732 435; x_wconf 74' lang='grc' dir='ltr'>αὕτη</span> <span class='ocrx_word' id='word_1_147' title='bbox 1746 401 1820 436; x_wconf 80' lang='grc' dir='ltr'>παρά</span> <span class='ocrx_word' id='word_1_148' title='bbox 1831 409 1864 435; x_wconf 90' lang='grc' dir='ltr'><strong>γε</strong></span> 
     </span>
    </p>
   </div>
   <div class='ocr_carea' id='block_1_24' title="bbox 1074 444 1862 482">
    <p class='ocr_par' dir='ltr' id='par_1_24' title="bbox 1074 444 1862 482">
     <span class='ocr_line' id='line_1_24' title="bbox 1074 444 1862 482; baseline 0.003 -11"><span class='ocrx_word' id='word_1_149' title='bbox 1074 444 1170 480; x_wconf 84' lang='grc' dir='ltr'>δικαίῳ</span> <span class='ocrx_word' id='word_1_150' title='bbox 1183 445 1237 471; x_wconf 88' lang='grc' dir='ltr'><strong>τῶν</strong></span> <span class='ocrx_word' id='word_1_151' title='bbox 1258 444 1386 471; x_wconf 80' lang='grc' dir='ltr'>τοιούτων</span> <span class='ocrx_word' id='word_1_152' title='bbox 1410 447 1503 481; x_wconf 83' lang='grc' dir='ltr'>κριτῇ,</span> <span class='ocrx_word' id='word_1_153' title='bbox 1519 446 1561 472; x_wconf 83' lang='grc' dir='ltr'>ὅτι</span> <span class='ocrx_word' id='word_1_154' title='bbox 1578 446 1862 482; x_wconf 84' lang='grc' dir='ltr'>φιλανθρωπότερονῆ</span> 
     </span>
    </p>
   </div>
   <div class='ocr_carea' id='block_1_25' title="bbox 1075 491 1864 528">
    <p class='ocr_par' dir='ltr' id='par_1_25' title="bbox 1075 491 1864 528">
     <span class='ocr_line' id='line_1_25' title="bbox 1075 491 1864 528; baseline 0.001 -10"><span class='ocrx_word' id='word_1_155' title='bbox 1075 491 1129 518; x_wconf 75' lang='grc' dir='ltr'>ἔδει</span> <span class='ocrx_word' id='word_1_156' title='bbox 1151 491 1200 526; x_wconf 85' lang='grc' dir='ltr'>τὴν</span> <span class='ocrx_word' id='word_1_157' title='bbox 1216 491 1306 527; x_wconf 83' lang='grc' dir='ltr'>κρίσιν</span> <span class='ocrx_word' id='word_1_158' title='bbox 1330 491 1497 526; x_wconf 79' lang='grc' dir='ltr'>ποιουμένη,</span> <span class='ocrx_word' id='word_1_159' title='bbox 1524 491 1573 517; x_wconf 81' lang='grc' dir='ltr'>οὐκ</span> <span class='ocrx_word' id='word_1_160' title='bbox 1599 491 1864 528; x_wconf 81' lang='grc' dir='ltr'>ἀπροσωπόληπτον,</span> 
     </span>
    </p>
   </div>
   <div class='ocr_carea' id='block_1_26' title="bbox 1076 537 1864 573">
    <p class='ocr_par' dir='ltr' id='par_1_26' title="bbox 1076 537 1864 573">
     <span class='ocr_line' id='line_1_26' title="bbox 1076 537 1864 573; baseline 0.003 -9"><span class='ocrx_word' id='word_1_161' title='bbox 1076 537 1135 564; x_wconf 70' lang='grc' dir='ltr'>οὐδὲ</span> <span class='ocrx_word' id='word_1_162' title='bbox 1168 537 1295 573; x_wconf 79' lang='grc' dir='ltr'><strong>καθαρῶς</strong></span> <span class='ocrx_word' id='word_1_163' title='bbox 1317 537 1499 572; x_wconf 83' lang='grc' dir='ltr'>ἀποστολικὴν</span> <span class='ocrx_word' id='word_1_164' title='bbox 1523 537 1648 572; x_wconf 76' lang='grc' dir='ltr'>ἐπήγαγε</span> <span class='ocrx_word' id='word_1_165' title='bbox 1673 538 1781 573; x_wconf 79' lang='grc' dir='ltr'>ψῆφον·</span> <span class='ocrx_word' id='word_1_166' title='bbox 1804 539 1864 566; x_wconf 77' lang='grc' dir='ltr'>δέον</span> 
     </span>
    </p>
   </div>
   <div class='ocr_carea' id='block_1_27' title="bbox 1076 579 1865 618">
    <p class='ocr_par' dir='ltr' id='par_1_27' title="bbox 1076 579 1865 618">
     <span class='ocr_line' id='line_1_27' title="bbox 1076 579 1865 618; baseline 0.001 -8"><span class='ocrx_word' id='word_1_167' title='bbox 1076 583 1115 618; x_wconf 87' lang='grc' dir='ltr'>τῷ</span> <span class='ocrx_word' id='word_1_168' title='bbox 1129 583 1281 618; x_wconf 84' lang='grc' dir='ltr'>τριακοστῷ</span> <span class='ocrx_word' id='word_1_169' title='bbox 1297 583 1446 618; x_wconf 78' lang='grc' dir='ltr'><strong>κεφαλαίῳ,</strong></span> <span class='ocrx_word' id='word_1_170' title='bbox 1502 582 1610 618; x_wconf 88' lang='grc' dir='ltr'>πρῶτον</span> <span class='ocrx_word' id='word_1_171' title='bbox 1623 583 1667 610; x_wconf 85' lang='grc' dir='ltr'><strong>τδν</strong></span> <span class='ocrx_word' id='word_1_172' title='bbox 1682 583 1826 618; x_wconf 78' lang='grc' dir='ltr'><strong>ἄμεμπτον</strong></span> <span class='ocrx_word' id='word_1_173' title='bbox 1851 585 1865 611; x_wconf 89' lang='grc' dir='ltr'><strong>ό</strong></span> 
     </span>
    </p>
   </div>
   <div class='ocr_carea' id='block_1_28' title="bbox 1078 628 1866 664">
    <p class='ocr_par' dir='ltr' id='par_1_28' title="bbox 1078 628 1866 664">
     <span class='ocr_line' id='line_1_28' title="bbox 1078 628 1866 664; baseline 0.001 -9"><span class='ocrx_word' id='word_1_174' title='bbox 1078 629 1249 664; x_wconf 81' lang='grc' dir='ltr'>συκοφάντης</span> <span class='ocrx_word' id='word_1_175' title='bbox 1263 628 1448 661; x_wconf 83' lang='grc' dir='ltr'>κατεδίκαζεν,</span> <span class='ocrx_word' id='word_1_176' title='bbox 1457 629 1494 660; x_wconf 85' lang='grc' dir='ltr'>ὼς</span> <span class='ocrx_word' id='word_1_177' title='bbox 1503 628 1547 655; x_wconf 85' lang='grc' dir='ltr'><strong>διὰ</strong></span> <span class='ocrx_word' id='word_1_178' title='bbox 1562 629 1698 663; x_wconf 84' lang='grc' dir='ltr'>κοσμικῆς</span> <span class='ocrx_word' id='word_1_179' title='bbox 1707 629 1866 662; x_wconf 75' lang='grc' dir='ltr'>δυναστείας</span> 
     </span>
    </p>
   </div>
   <div class='ocr_carea' id='block_1_29' title="bbox 1078 675 1867 712">
    <p class='ocr_par' dir='ltr' id='par_1_29' title="bbox 1078 675 1867 712">
     <span class='ocr_line' id='line_1_29' title="bbox 1078 675 1867 712; baseline 0.001 -10"><span class='ocrx_word' id='word_1_180' title='bbox 1078 676 1200 711; x_wconf 78' lang='grc' dir='ltr'>ἐγκρατῆ</span> <span class='ocrx_word' id='word_1_181' title='bbox 1225 676 1372 711; x_wconf 81' lang='grc' dir='ltr'>γενάμενον</span> <span class='ocrx_word' id='word_1_182' title='bbox 1384 676 1432 710; x_wconf 87' lang='grc' dir='ltr'>τῆς</span> <span class='ocrx_word' id='word_1_183' title='bbox 1455 675 1628 710; x_wconf 82' lang='grc' dir='ltr'>Ἐκκλησίας,</span> <span class='ocrx_word' id='word_1_184' title='bbox 1656 675 1743 710; x_wconf 84' lang='grc' dir='ltr'>τούτῳ</span> <span class='ocrx_word' id='word_1_185' title='bbox 1769 677 1867 712; x_wconf 80' lang='grc' dir='ltr'>μᾶλλον</span> 
     </span>
    </p>
   </div>
   <div class='ocr_carea' id='block_1_30' title="bbox 1080 721 1866 757">
    <p class='ocr_par' dir='ltr' id='par_1_30' title="bbox 1080 721 1866 757">
     <span class='ocr_line' id='line_1_30' title="bbox 1080 721 1866 757; baseline 0 -9"><span class='ocrx_word' id='word_1_186' title='bbox 1080 721 1271 757; x_wconf 66' lang='grc' dir='ltr'>ἰσχυρίσασθαι</span> <span class='ocrx_word' id='word_1_187' title='bbox 1300 721 1347 748; x_wconf 85' lang='grc' dir='ltr'><strong>νῦν</strong></span> <span class='ocrx_word' id='word_1_188' title='bbox 1368 721 1429 748; x_wconf 86' lang='grc' dir='ltr'>κατ’</span> <span class='ocrx_word' id='word_1_189' title='bbox 1455 721 1571 753; x_wconf 72' lang='grc' dir='ltr'>ἐκείνου,</span> <span class='ocrx_word' id='word_1_190' title='bbox 1594 721 1632 753; x_wconf 83' lang='grc' dir='ltr'><strong>ὡς</strong></span> <span class='ocrx_word' id='word_1_191' title='bbox 1644 721 1675 748; x_wconf 84' lang='grc' dir='ltr'>οὐ</span> <span class='ocrx_word' id='word_1_192' title='bbox 1697 722 1780 757; x_wconf 79' lang='grc' dir='ltr'>ψήφῳ</span> <span class='ocrx_word' id='word_1_193' title='bbox 1798 722 1866 749; x_wconf 87' lang='grc' dir='ltr'>Θεοῦ</span> 
     </span>
    </p>
   </div>
   <div class='ocr_carea' id='block_1_31' title="bbox 1080 767 1868 804">
    <p class='ocr_par' dir='ltr' id='par_1_31' title="bbox 1080 767 1868 804">
     <span class='ocr_line' id='line_1_31' title="bbox 1080 767 1868 804; baseline 0.001 -11"><span class='ocrx_word' id='word_1_194' title='bbox 1080 769 1125 794; x_wconf 69' lang='grc' dir='ltr'>καὶ</span> <span class='ocrx_word' id='word_1_195' title='bbox 1154 767 1260 804; x_wconf 84' lang='grc' dir='ltr'>ίερέων,</span> <span class='ocrx_word' id='word_1_196' title='bbox 1292 767 1349 794; x_wconf 87' lang='grc' dir='ltr'>ἀλλ’</span> <span class='ocrx_word' id='word_1_197' title='bbox 1374 767 1510 803; x_wconf 74' lang='grc' dir='ltr'>ὑπερϐολῇ</span> <span class='ocrx_word' id='word_1_198' title='bbox 1546 767 1692 802; x_wconf 85' lang='grc' dir='ltr'>φιλαρχίας</span> <span class='ocrx_word' id='word_1_199' title='bbox 1719 767 1767 794; x_wconf 78' lang='grc' dir='ltr'>καὶ</span> <span class='ocrx_word' id='word_1_200' title='bbox 1793 767 1868 800; x_wconf 77' lang='grc' dir='ltr'>δοξο-</span> 
     </span>
    </p>
   </div>
   <div class='ocr_carea' id='block_1_32' title="bbox 1081 813 1870 850">
    <p class='ocr_par' dir='ltr' id='par_1_32' title="bbox 1081 813 1870 850">
     <span class='ocr_line' id='line_1_32' title="bbox 1081 813 1870 850; baseline 0 -10"><span class='ocrx_word' id='word_1_201' title='bbox 1081 813 1196 849; x_wconf 88' lang='grc' dir='ltr'>μανίας,</span> <span class='ocrx_word' id='word_1_202' title='bbox 1235 813 1280 840; x_wconf 88' lang='grc' dir='ltr'><strong>διὰ</strong></span> <span class='ocrx_word' id='word_1_203' title='bbox 1315 813 1450 848; x_wconf 83' lang='grc' dir='ltr'>κοσμικῆς</span> <span class='ocrx_word' id='word_1_204' title='bbox 1489 814 1647 845; x_wconf 78' lang='grc' dir='ltr'>δυναστείας</span> <span class='ocrx_word' id='word_1_205' title='bbox 1685 815 1870 850; x_wconf 79' lang='grc' dir='ltr'>τυραννήσαν-</span> 
     </span>
    </p>
   </div>
   <div class='ocr_carea' id='block_1_33' title="bbox 1079 858 1870 895">
    <p class='ocr_par' dir='ltr' id='par_1_33' title="bbox 1079 858 1870 895">
     <span class='ocr_line' id='line_1_33' title="bbox 1079 858 1870 895; baseline 0.001 -10"><span class='ocrx_word' id='word_1_206' title='bbox 1079 867 1124 890; x_wconf 86' lang='grc' dir='ltr'><strong>τος</strong></span> <span class='ocrx_word' id='word_1_207' title='bbox 1149 859 1199 894; x_wconf 86' lang='grc' dir='ltr'>τῆς</span> <span class='ocrx_word' id='word_1_208' title='bbox 1219 858 1392 894; x_wconf 84' lang='grc' dir='ltr'>Ἐκκλησίας.</span> <span class='ocrx_word' id='word_1_209' title='bbox 1406 859 1490 886; x_wconf 76' lang='grc' dir='ltr'>Αὐτόν</span> <span class='ocrx_word' id='word_1_210' title='bbox 1505 868 1535 886; x_wconf 90' lang='grc' dir='ltr'><strong>τε</strong></span> <span class='ocrx_word' id='word_1_211' title='bbox 1557 859 1602 886; x_wconf 77' lang='grc' dir='ltr'>διὰ</span> <span class='ocrx_word' id='word_1_212' title='bbox 1623 859 1708 886; x_wconf 90' lang='grc' dir='ltr'>ταῦτα</span> <span class='ocrx_word' id='word_1_213' title='bbox 1728 859 1870 895; x_wconf 75' lang='grc' dir='ltr'>καθαιρεῖν</span> 
     </span>
    </p>
   </div>
   <div class='ocr_carea' id='block_1_34' title="bbox 242 889 1036 940">
    <p class='ocr_par' dir='ltr' id='par_1_34' title="bbox 242 903 1031 938">
     <span class='ocr_line' id='line_1_34' title="bbox 242 903 1031 938; baseline 0.004 -8"><span class='ocrx_word' id='word_1_214' title='bbox 242 903 278 930; x_wconf 93' lang='lat' dir='ltr'><strong>ob</strong></span> <span class='ocrx_word' id='word_1_215' title='bbox 286 911 409 936; x_wconf 89' lang='lat' dir='ltr'><strong>causam,</strong></span> <span class='ocrx_word' id='word_1_216' title='bbox 423 908 450 930; x_wconf 86' lang='lat' dir='ltr'><strong>et</strong></span> <span class='ocrx_word' id='word_1_217' title='bbox 459 909 599 938; x_wconf 74' lang='lat' dir='ltr'><strong>praeterea,</strong></span> <span class='ocrx_word' id='word_1_218' title='bbox 610 905 682 937; x_wconf 87' lang='lat' dir='ltr'><strong>quod</strong></span> <span class='ocrx_word' id='word_1_219' title='bbox 692 905 726 931; x_wconf 89' lang='lat' dir='ltr'><strong>ab</strong></span> <span class='ocrx_word' id='word_1_220' title='bbox 734 910 911 934; x_wconf 85' lang='lat' dir='ltr'><strong>exauctorato</strong></span> <span class='ocrx_word' id='word_1_221' title='bbox 922 913 951 933; x_wconf 89' lang='lat' dir='ltr'><strong>se</strong></span> <span class='ocrx_word' id='word_1_222' title='bbox 965 913 1031 933; x_wconf 87' lang='lat' dir='ltr'><strong>con-</strong></span> 
     </span>
    </p>
   </div>
   <div class='ocr_carea' id='block_1_35' title="bbox 1085 889 1870 940">
    <p class='ocr_par' dir='ltr' id='par_1_35' title="bbox 1085 889 1870 940">
     <span class='ocr_line' id='line_1_35' title="bbox 1085 889 1870 940; baseline 0.001 -11"><span class='ocrx_word' id='word_1_223' title='bbox 1085 889 1144 935; x_wconf 72' lang='grc' dir='ltr'>ἔδει,</span> <span class='ocrx_word' id='word_1_224' title='bbox 1159 889 1206 930; x_wconf 58' lang='grc' dir='ltr'><strong>κέι</strong></span> <span class='ocrx_word' id='word_1_225' title='bbox 1217 903 1256 930; x_wconf 77' lang='grc' dir='ltr'>ὅτι</span> <span class='ocrx_word' id='word_1_226' title='bbox 1269 889 1345 939; x_wconf 77' lang='grc' dir='ltr'>παρὰ</span> <span class='ocrx_word' id='word_1_227' title='bbox 1359 889 1552 940; x_wconf 82' lang='grc' dir='ltr'>καθῃρημένου</span> <span class='ocrx_word' id='word_1_228' title='bbox 1564 903 1776 939; x_wconf 80' lang='grc' dir='ltr'>χειροτονεῖσθαι</span> <span class='ocrx_word' id='word_1_229' title='bbox 1803 889 1870 930; x_wconf 64' lang='grc' dir='ltr'>κατ-</span> 
     </span>
    </p>
   </div>
   <div class='ocr_carea' id='block_1_36' title="bbox 243 949 1032 983">
    <p class='ocr_par' dir='ltr' id='par_1_36' title="bbox 243 949 1032 983">
     <span class='ocr_line' id='line_1_36' title="bbox 243 949 1032 983; baseline 0.003 -7"><span class='ocrx_word' id='word_1_230' title='bbox 243 949 345 976; x_wconf 89' lang='lat' dir='ltr'><strong>secrari</strong></span> <span class='ocrx_word' id='word_1_231' title='bbox 357 949 486 980; x_wconf 88' lang='lat' dir='ltr'><strong>voluerit,</strong></span> <span class='ocrx_word' id='word_1_232' title='bbox 497 949 529 976; x_wconf 86' lang='lat' dir='ltr'><strong>de</strong></span> <span class='ocrx_word' id='word_1_233' title='bbox 543 950 626 983; x_wconf 79' lang='lat' dir='ltr'><strong>gradu</strong></span> <span class='ocrx_word' id='word_1_234' title='bbox 642 950 829 978; x_wconf 87' lang='lat' dir='ltr'><strong>deturbandus</strong></span> <span class='ocrx_word' id='word_1_235' title='bbox 839 955 908 983; x_wconf 86' lang='lat' dir='ltr'><strong>erat,</strong></span> <span class='ocrx_word' id='word_1_236' title='bbox 924 958 1032 979; x_wconf 86' lang='lat' dir='ltr'><strong>omnes-</strong></span> 
     </span>
    </p>
   </div>
   <div class='ocr_carea' id='block_1_37' title="bbox 243 995 1032 1032">
    <p class='ocr_par' dir='ltr' id='par_1_37' title="bbox 243 995 1032 1032">
     <span class='ocr_line' id='line_1_37' title="bbox 243 995 1032 1032; baseline 0.006 -12"><span class='ocrx_word' id='word_1_237' title='bbox 243 1003 296 1029; x_wconf 87' lang='lat' dir='ltr'><strong>que</strong></span> <span class='ocrx_word' id='word_1_238' title='bbox 314 995 359 1029; x_wconf 91' lang='lat' dir='ltr'><strong>qui</strong></span> <span class='ocrx_word' id='word_1_239' title='bbox 377 1003 438 1022; x_wconf 86' lang='lat' dir='ltr'><strong>cum</strong></span> <span class='ocrx_word' id='word_1_240' title='bbox 466 995 512 1021; x_wconf 93' lang='lat' dir='ltr'><strong>illo</strong></span> <span class='ocrx_word' id='word_1_241' title='bbox 528 996 780 1029; x_wconf 89' lang='lat' dir='ltr'><strong>communicabant,</strong></span> <span class='ocrx_word' id='word_1_242' title='bbox 802 997 952 1024; x_wconf 89' lang='lat' dir='ltr'><strong>secundum</strong></span> <span class='ocrx_word' id='word_1_243' title='bbox 967 1005 1032 1032; x_wconf 91' lang='lat' dir='ltr'><strong>apo-</strong></span> 
     </span>
    </p>
   </div>
   <div class='ocr_carea' id='block_1_38' title="bbox 243 1040 1033 1077">
    <p class='ocr_par' dir='ltr' id='par_1_38' title="bbox 243 1040 1033 1077">
     <span class='ocr_line' id='line_1_38' title="bbox 243 1040 1033 1077; baseline 0.006 -11"><span class='ocrx_word' id='word_1_244' title='bbox 243 1040 367 1066; x_wconf 87' lang='lat' dir='ltr'><strong>stolicam</strong></span> <span class='ocrx_word' id='word_1_245' title='bbox 383 1040 554 1067; x_wconf 81' lang='lat' dir='ltr'><strong>sanctionem</strong></span> <span class='ocrx_word' id='word_1_246' title='bbox 572 1049 578 1066; x_wconf 90' lang='lat'><strong>:</strong></span> <span class='ocrx_word' id='word_1_247' title='bbox 594 1048 644 1068; x_wconf 88' lang='lat' dir='ltr'><strong>nec</strong></span> <span class='ocrx_word' id='word_1_248' title='bbox 656 1042 777 1076; x_wconf 87' lang='lat' dir='ltr'><strong>oportuit</strong></span> <span class='ocrx_word' id='word_1_249' title='bbox 790 1048 838 1069; x_wconf 92' lang='lat' dir='ltr'><strong>eos</strong></span> <span class='ocrx_word' id='word_1_250' title='bbox 854 1041 909 1070; x_wconf 92' lang='lat' dir='ltr'><strong>Deo</strong></span> <span class='ocrx_word' id='word_1_251' title='bbox 932 1042 1033 1077; x_wconf 83' lang='lat' dir='ltr'><strong>Deique</strong></span> 
     </span>
    </p>
   </div>
   <div class='ocr_carea' id='block_1_39' title="bbox 241 1085 1032 1124">
    <p class='ocr_par' dir='ltr' id='par_1_39' title="bbox 241 1085 1032 1124">
     <span class='ocr_line' id='line_1_39' title="bbox 241 1085 1032 1124; baseline 0.005 -12"><span class='ocrx_word' id='word_1_252' title='bbox 241 1085 344 1120; x_wconf 88' lang='lat' dir='ltr'><strong>judicio</strong></span> <span class='ocrx_word' id='word_1_253' title='bbox 362 1086 551 1114; x_wconf 83' lang='lat' dir='ltr'><strong>clementiores</strong></span> <span class='ocrx_word' id='word_1_254' title='bbox 569 1094 639 1120; x_wconf 87' lang='lat' dir='ltr'><strong>esse,</strong></span> <span class='ocrx_word' id='word_1_255' title='bbox 659 1092 686 1115; x_wconf 88' lang='lat' dir='ltr'><strong>et</strong></span> <span class='ocrx_word' id='word_1_256' title='bbox 713 1089 882 1116; x_wconf 81' lang='lat' dir='ltr'><strong>sacrosancti</strong></span> <span class='ocrx_word' id='word_1_257' title='bbox 914 1088 1032 1124; x_wconf 84' lang='lat' dir='ltr'><strong>Spiritus</strong></span> 
     </span>
    </p>
   </div>
   <div class='ocr_carea' id='block_1_40' title="bbox 243 1132 1031 1170">
    <p class='ocr_par' dir='ltr' id='par_1_40' title="bbox 243 1132 1031 1170">
     <span class='ocr_line' id='line_1_40' title="bbox 243 1132 1031 1170; baseline 0.006 -12"><span class='ocrx_word' id='word_1_258' title='bbox 243 1132 380 1159; x_wconf 82' lang='lat' dir='ltr'><strong>decretum</strong></span> <span class='ocrx_word' id='word_1_259' title='bbox 393 1133 545 1167; x_wconf 81' lang='lat' dir='ltr'><strong>antiquare.</strong></span> <span class='ocrx_word' id='word_1_260' title='bbox 556 1132 619 1161; x_wconf 64' lang='lat' dir='ltr'><strong>llaec</strong></span> <span class='ocrx_word' id='word_1_261' title='bbox 629 1134 729 1169; x_wconf 79' lang='lat' dir='ltr'><strong>quippe</strong></span> <span class='ocrx_word' id='word_1_262' title='bbox 741 1134 850 1162; x_wconf 88' lang='lat' dir='ltr'><strong>illorum</strong></span> <span class='ocrx_word' id='word_1_263' title='bbox 864 1135 1031 1170; x_wconf 77' lang='lat' dir='ltr'><strong>indulgentia</strong></span> 
     </span>
    </p>
   </div>
   <div class='ocr_carea' id='block_1_41' title="bbox 243 1178 1033 1215">
    <p class='ocr_par' dir='ltr' id='par_1_41' title="bbox 243 1178 1033 1215">
     <span class='ocr_line' id='line_1_41' title="bbox 243 1178 1033 1215; baseline 0.006 -11"><span class='ocrx_word' id='word_1_264' title='bbox 243 1178 336 1204; x_wconf 85' lang='lat' dir='ltr'><strong>omnia</strong></span> <span class='ocrx_word' id='word_1_265' title='bbox 353 1185 456 1212; x_wconf 82' lang='lat' dir='ltr'><strong>susque</strong></span> <span class='ocrx_word' id='word_1_266' title='bbox 474 1179 561 1213; x_wconf 87' lang='lat' dir='ltr'><strong>deque</strong></span> <span class='ocrx_word' id='word_1_267' title='bbox 574 1180 628 1214; x_wconf 74' lang='lat' dir='ltr'><strong>egit</strong></span> <span class='ocrx_word' id='word_1_268' title='bbox 645 1180 712 1215; x_wconf 79' lang='grc'><strong>(10).</strong></span> <span class='ocrx_word' id='word_1_269' title='bbox 741 1179 799 1208; x_wconf 84' lang='lat' dir='ltr'><strong>Hoc</strong></span> <span class='ocrx_word' id='word_1_270' title='bbox 827 1180 961 1215; x_wconf 82' lang='lat' dir='ltr'><strong>judicium</strong></span> <span class='ocrx_word' id='word_1_271' title='bbox 979 1181 1033 1209; x_wconf 89' lang='lat' dir='ltr'><strong>dici</strong></span> 
     </span>
    </p>
   </div>
   <div class='ocr_carea' id='block_1_42' title="bbox 243 1225 1034 1262">
    <p class='ocr_par' dir='ltr' id='par_1_42' title="bbox 243 1225 1034 1262">
     <span class='ocr_line' id='line_1_42' title="bbox 243 1225 1034 1262; baseline 0.006 -13"><span class='ocrx_word' id='word_1_272' title='bbox 243 1231 298 1250; x_wconf 90' lang='lat' dir='ltr'><strong>non</strong></span> <span class='ocrx_word' id='word_1_273' title='bbox 316 1228 406 1258; x_wconf 82' lang='lat' dir='ltr'><strong>pOIest</strong></span> <span class='ocrx_word' id='word_1_274' title='bbox 419 1230 552 1259; x_wconf 87' lang='lat' dir='ltr'><strong>quantum</strong></span> <span class='ocrx_word' id='word_1_275' title='bbox 566 1225 722 1258; x_wconf 82' lang='lat' dir='ltr'><strong>oll‘enderit,</strong></span> <span class='ocrx_word' id='word_1_276' title='bbox 734 1231 954 1262; x_wconf 82' lang='lat' dir='ltr'><strong>quantorumque</strong></span> <span class='ocrx_word' id='word_1_277' title='bbox 967 1235 1034 1254; x_wconf 90' lang='lat' dir='ltr'><strong>cau-</strong></span> 
     </span>
    </p>
   </div>
   <div class='ocr_carea' id='block_1_43' title="bbox 244 1270 1032 1306">
    <p class='ocr_par' dir='ltr' id='par_1_43' title="bbox 244 1270 1032 1306">
     <span class='ocr_line' id='line_1_43' title="bbox 244 1270 1032 1306; baseline 0.005 -10"><span class='ocrx_word' id='word_1_278' title='bbox 244 1277 302 1297; x_wconf 86' lang='lat' dir='ltr'><strong>sam</strong></span> <span class='ocrx_word' id='word_1_279' title='bbox 317 1270 462 1304; x_wconf 68' lang='lat' dir='ltr'><strong>prazbuerit</strong></span> <span class='ocrx_word' id='word_1_280' title='bbox 485 1272 629 1299; x_wconf 87' lang='lat' dir='ltr'><strong>malorum.</strong></span> <span class='ocrx_word' id='word_1_281' title='bbox 657 1272 822 1300; x_wconf 84' lang='lat' dir='ltr'><strong>Persuasum</strong></span> <span class='ocrx_word' id='word_1_282' title='bbox 847 1273 919 1300; x_wconf 88' lang='lat' dir='ltr'><strong>enim</strong></span> <span class='ocrx_word' id='word_1_283' title='bbox 936 1273 1032 1306; x_wconf 83' lang='lat' dir='ltr'><strong>habeo,</strong></span> 
     </span>
    </p>
   </div>
   <div class='ocr_carea' id='block_1_44' title="bbox 243 1315 1033 1350">
    <p class='ocr_par' dir='ltr' id='par_1_44' title="bbox 243 1315 1033 1350">
     <span class='ocr_line' id='line_1_44' title="bbox 243 1315 1033 1350; baseline 0.006 -9"><span class='ocrx_word' id='word_1_284' title='bbox 243 1315 266 1342; x_wconf 88' lang='lat' dir='ltr'><strong>si</strong></span> <span class='ocrx_word' id='word_1_285' title='bbox 284 1320 348 1342; x_wconf 91' lang='lat' dir='ltr'><strong>tunc</strong></span> <span class='ocrx_word' id='word_1_286' title='bbox 358 1323 391 1342; x_wconf 86' lang='lat' dir='ltr'><strong>ex</strong></span> <span class='ocrx_word' id='word_1_287' title='bbox 406 1316 592 1350; x_wconf 86' lang='lat' dir='ltr'><strong>apostolorum</strong></span> <span class='ocrx_word' id='word_1_288' title='bbox 607 1321 633 1344; x_wconf 87' lang='lat' dir='ltr'><strong>et</strong></span> <span class='ocrx_word' id='word_1_289' title='bbox 644 1325 780 1345; x_wconf 88' lang='lat' dir='ltr'><strong>canonutn</strong></span> <span class='ocrx_word' id='word_1_290' title='bbox 794 1319 957 1346; x_wconf 87' lang='lat' dir='ltr'><strong>auctoritate</strong></span> <span class='ocrx_word' id='word_1_291' title='bbox 971 1326 1033 1346; x_wconf 85' lang='lat' dir='ltr'><strong>sert-</strong></span> 
     </span>
    </p>
   </div>
   <div class='ocr_carea' id='block_1_45' title="bbox 245 1360 1034 1395">
    <p class='ocr_par' dir='ltr' id='par_1_45' title="bbox 245 1360 1034 1395">
     <span class='ocr_line' id='line_1_45' title="bbox 245 1360 1034 1395; baseline 0.006 -8"><span class='ocrx_word' id='word_1_292' title='bbox 245 1360 357 1387; x_wconf 78' lang='lat' dir='ltr'><strong>tentiain</strong></span> <span class='ocrx_word' id='word_1_293' title='bbox 369 1361 431 1395; x_wconf 87' lang='lat' dir='ltr'><strong>rite,</strong></span> <span class='ocrx_word' id='word_1_294' title='bbox 441 1366 468 1388; x_wconf 91' lang='lat' dir='ltr'><strong>et</strong></span> <span class='ocrx_word' id='word_1_295' title='bbox 487 1362 514 1388; x_wconf 92' lang='lat' dir='ltr'><strong>in</strong></span> <span class='ocrx_word' id='word_1_296' title='bbox 529 1369 668 1390; x_wconf 87' lang='lat' dir='ltr'><strong>auctorem</strong></span> <span class='ocrx_word' id='word_1_297' title='bbox 689 1363 846 1391; x_wconf 89' lang='lat' dir='ltr'><strong>schismatis</strong></span> <span class='ocrx_word' id='word_1_298' title='bbox 861 1369 889 1392; x_wconf 92' lang='lat' dir='ltr'><strong>et</strong></span> <span class='ocrx_word' id='word_1_299' title='bbox 904 1364 1034 1392; x_wconf 79' lang='lat' dir='ltr'><strong>oﬂ‘cnsio-</strong></span> 
     </span>
    </p>
   </div>
   <div class='ocr_carea' id='block_1_46' title="bbox 244 1407 1037 1442">
    <p class='ocr_par' dir='ltr' id='par_1_46' title="bbox 244 1407 1037 1442">
     <span class='ocr_line' id='line_1_46' title="bbox 244 1407 1037 1442; baseline 0.006 -9"><span class='ocrx_word' id='word_1_300' title='bbox 244 1414 321 1438; x_wconf 92' lang='lat' dir='ltr'><strong>num,</strong></span> <span class='ocrx_word' id='word_1_301' title='bbox 332 1411 359 1434; x_wconf 89' lang='lat' dir='ltr'><strong>et</strong></span> <span class='ocrx_word' id='word_1_302' title='bbox 374 1407 402 1434; x_wconf 92' lang='lat' dir='ltr'><strong>in</strong></span> <span class='ocrx_word' id='word_1_303' title='bbox 413 1411 500 1435; x_wconf 88' lang='lat' dir='ltr'><strong>totam</strong></span> <span class='ocrx_word' id='word_1_304' title='bbox 516 1408 574 1442; x_wconf 76' lang='lat' dir='ltr'><strong>eius</strong></span> <span class='ocrx_word' id='word_1_305' title='bbox 586 1408 731 1436; x_wconf 73' lang='lat' dir='ltr'><strong>factionem</strong></span> <span class='ocrx_word' id='word_1_306' title='bbox 748 1417 808 1437; x_wconf 92' lang='lat' dir='ltr'><strong>cum</strong></span> <span class='ocrx_word' id='word_1_307' title='bbox 822 1410 868 1438; x_wconf 93' lang='lat' dir='ltr'><strong>illo</strong></span> <span class='ocrx_word' id='word_1_308' title='bbox 883 1411 1037 1438; x_wconf 86' lang='lat' dir='ltr'><strong>communi-</strong></span> 
     </span>
    </p>
   </div>
   <div class='ocr_carea' id='block_1_47' title="bbox 243 1454 1035 1489">
    <p class='ocr_par' dir='ltr' id='par_1_47' title="bbox 243 1454 1035 1489">
     <span class='ocr_line' id='line_1_47' title="bbox 243 1454 1035 1489; baseline 0.006 -10"><span class='ocrx_word' id='word_1_309' title='bbox 243 1457 362 1485; x_wconf 86' lang='lat' dir='ltr'><strong>cantem,</strong></span> <span class='ocrx_word' id='word_1_310' title='bbox 377 1454 507 1481; x_wconf 90' lang='lat' dir='ltr'><strong>omnibus</strong></span> <span class='ocrx_word' id='word_1_311' title='bbox 535 1456 730 1488; x_wconf 80' lang='lat' dir='ltr'><strong>exauctoratis,</strong></span> <span class='ocrx_word' id='word_1_312' title='bbox 761 1456 897 1489; x_wconf 84' lang='lat' dir='ltr'><strong>tulissent,</strong></span> <span class='ocrx_word' id='word_1_313' title='bbox 912 1456 1035 1484; x_wconf 83' lang='lat' dir='ltr'><strong>futurum</strong></span> 
     </span>
    </p>
   </div>
   <div class='ocr_carea' id='block_1_48' title="bbox 244 1497 1036 1536">
    <p class='ocr_par' dir='ltr' id='par_1_48' title="bbox 244 1497 1036 1536">
     <span class='ocr_line' id='line_1_48' title="bbox 244 1497 1036 1536; baseline 0.006 -12"><span class='ocrx_word' id='word_1_314' title='bbox 244 1497 340 1531; x_wconf 73' lang='lat' dir='ltr'><strong>fuisse,</strong></span> <span class='ocrx_word' id='word_1_315' title='bbox 358 1498 396 1526; x_wconf 88' lang='lat' dir='ltr'><strong>uti</strong></span> <span class='ocrx_word' id='word_1_316' title='bbox 411 1499 500 1526; x_wconf 92' lang='lat' dir='ltr'><strong>omnis</strong></span> <span class='ocrx_word' id='word_1_317' title='bbox 511 1499 545 1526; x_wconf 91' lang='lat' dir='ltr'><strong>ab</strong></span> <span class='ocrx_word' id='word_1_318' title='bbox 568 1499 687 1527; x_wconf 86' lang='lat' dir='ltr'><strong>Ecclesia</strong></span> <span class='ocrx_word' id='word_1_319' title='bbox 705 1500 829 1534; x_wconf 85' lang='lat' dir='ltr'><strong>impietas</strong></span> <span class='ocrx_word' id='word_1_320' title='bbox 854 1501 881 1528; x_wconf 93' lang='lat' dir='ltr'><strong>in</strong></span> <span class='ocrx_word' id='word_1_321' title='bbox 898 1506 1036 1536; x_wconf 83' lang='lat' dir='ltr'><strong>posterum</strong></span> 
     </span>
    </p>
   </div>
   <div class='ocr_carea' id='block_1_49' title="bbox 244 1544 1072 1586">
    <p class='ocr_par' dir='ltr' id='par_1_49' title="bbox 244 1544 1072 1586">
     <span class='ocr_line' id='line_1_49' title="bbox 244 1544 1072 1586; baseline 0.006 -16"><span class='ocrx_word' id='word_1_322' title='bbox 244 1544 446 1572; x_wconf 76' lang='lat' dir='ltr'><strong>excluderetur.</strong></span> <span class='ocrx_word' id='word_1_323' title='bbox 468 1545 519 1572; x_wconf 85' lang='lat' dir='ltr'><strong>Sed</strong></span> <span class='ocrx_word' id='word_1_324' title='bbox 537 1546 766 1579; x_wconf 82' lang='lat' dir='ltr'><strong>quemadmodum</strong></span> <span class='ocrx_word' id='word_1_325' title='bbox 784 1551 857 1579; x_wconf 86' lang='lat' dir='ltr'><strong>ante,</strong></span> <span class='ocrx_word' id='word_1_326' title='bbox 879 1547 973 1575; x_wconf 90' lang='lat' dir='ltr'><strong>divino</strong></span> <span class='ocrx_word' id='word_1_327' title='bbox 986 1547 1037 1575; x_wconf 85' lang='lat' dir='ltr'><strong>Ta-</strong></span> <span class='ocrx_word' id='word_1_328' title='bbox 1050 1558 1072 1586; x_wconf 72' lang='grc' dir='ltr'>ο</span> 
     </span>
    </p>
   </div>
   <div class='ocr_carea' id='block_1_50' title="bbox 245 1589 1037 1626">
    <p class='ocr_par' dir='ltr' id='par_1_50' title="bbox 245 1589 1037 1626">
     <span class='ocr_line' id='line_1_50' title="bbox 245 1589 1037 1626; baseline 0.006 -11"><span class='ocrx_word' id='word_1_329' title='bbox 245 1589 319 1616; x_wconf 87' lang='lat' dir='ltr'><strong>rasio</strong></span> <span class='ocrx_word' id='word_1_330' title='bbox 345 1589 511 1623; x_wconf 85' lang='lat' dir='ltr'><strong>patriarcha,</strong></span> <span class='ocrx_word' id='word_1_331' title='bbox 545 1596 572 1618; x_wconf 90' lang='lat' dir='ltr'><strong>et</strong></span> <span class='ocrx_word' id='word_1_332' title='bbox 591 1592 695 1626; x_wconf 83' lang='lat' dir='ltr'><strong>synodo</strong></span> <span class='ocrx_word' id='word_1_333' title='bbox 723 1597 819 1619; x_wconf 84' lang='lat' dir='ltr'><strong>contra</strong></span> <span class='ocrx_word' id='word_1_334' title='bbox 843 1591 1037 1621; x_wconf 87' lang='lat' dir='ltr'><strong>lconomachos</strong></span> 
     </span>
    </p>
   </div>
   <div class='ocr_carea' id='block_1_51' title="bbox 245 1634 1037 1673">
    <p class='ocr_par' dir='ltr' id='par_1_51' title="bbox 245 1634 1037 1673">
     <span class='ocr_line' id='line_1_51' title="bbox 245 1634 1037 1673; baseline 0.008 -13"><span class='ocrx_word' id='word_1_335' title='bbox 245 1634 394 1668; x_wconf 77' lang='lat' dir='ltr'><strong>celebrata,</strong></span> <span class='ocrx_word' id='word_1_336' title='bbox 421 1642 482 1662; x_wconf 89' lang='lat' dir='ltr'><strong>cum</strong></span> <span class='ocrx_word' id='word_1_337' title='bbox 509 1635 693 1670; x_wconf 72' lang='lat' dir='ltr'><strong>indulgentius</strong></span> <span class='ocrx_word' id='word_1_338' title='bbox 715 1644 796 1671; x_wconf 87' lang='lat' dir='ltr'><strong>quam</strong></span> <span class='ocrx_word' id='word_1_339' title='bbox 822 1644 855 1664; x_wconf 77' lang='lat' dir='ltr'><strong>ex</strong></span> <span class='ocrx_word' id='word_1_340' title='bbox 880 1639 1037 1673; x_wconf 66' lang='lat' dir='ltr'><strong>praescripto</strong></span> 
     </span>
    </p>
   </div>
   <div class='ocr_carea' id='block_1_52' title="bbox 244 1679 1038 1718">
    <p class='ocr_par' dir='ltr' id='par_1_52' title="bbox 244 1679 1038 1718">
     <span class='ocr_line' id='line_1_52' title="bbox 244 1679 1038 1718; baseline 0.008 -12"><span class='ocrx_word' id='word_1_341' title='bbox 244 1679 357 1714; x_wconf 72' lang='lat' dir='ltr'><strong>iustitiae</strong></span> <span class='ocrx_word' id='word_1_342' title='bbox 377 1680 519 1708; x_wconf 71' lang='lat' dir='ltr'><strong>haereticos</strong></span> <span class='ocrx_word' id='word_1_343' title='bbox 531 1685 704 1715; x_wconf 84' lang='lat' dir='ltr'><strong>tractassem,</strong></span> <span class='ocrx_word' id='word_1_344' title='bbox 719 1683 757 1710; x_wconf 92' lang='lat' dir='ltr'><strong>illi</strong></span> <span class='ocrx_word' id='word_1_345' title='bbox 771 1687 880 1718; x_wconf 88' lang='lat' dir='ltr'><strong>arrepta</strong></span> <span class='ocrx_word' id='word_1_346' title='bbox 894 1685 1038 1712; x_wconf 86' lang='lat' dir='ltr'><strong>occasione</strong></span> 
     </span>
    </p>
   </div>
   <div class='ocr_carea' id='block_1_53' title="bbox 247 1724 1037 1762">
    <p class='ocr_par' dir='ltr' id='par_1_53' title="bbox 247 1724 1037 1762">
     <span class='ocr_line' id='line_1_53' title="bbox 247 1724 1037 1762; baseline 0.009 -12"><span class='ocrx_word' id='word_1_347' title='bbox 247 1724 414 1758; x_wconf 89' lang='lat' dir='ltr'><strong>impietatem</strong></span> <span class='ocrx_word' id='word_1_348' title='bbox 433 1733 510 1752; x_wconf 86' lang='lat' dir='ltr'><strong>suam</strong></span> <span class='ocrx_word' id='word_1_349' title='bbox 525 1727 610 1754; x_wconf 91' lang='lat' dir='ltr'><strong>multo</strong></span> <span class='ocrx_word' id='word_1_350' title='bbox 627 1727 715 1762; x_wconf 81' lang='lat' dir='ltr'><strong>magis</strong></span> <span class='ocrx_word' id='word_1_351' title='bbox 739 1727 940 1756; x_wconf 78' lang='lat' dir='ltr'><strong>confirmarunt</strong></span> <span class='ocrx_word' id='word_1_352' title='bbox 957 1737 963 1755; x_wconf 86' lang='lat'><strong>:</strong></span> <span class='ocrx_word' id='word_1_353' title='bbox 999 1729 1037 1757; x_wconf 87' lang='lat' dir='ltr'><strong>ita</strong></span> 
     </span>
    </p>
   </div>
   <div class='ocr_carea' id='block_1_54' title="bbox 248 1771 1037 1808">
    <p class='ocr_par' dir='ltr' id='par_1_54' title="bbox 248 1771 1037 1808">
     <span class='ocr_line' id='line_1_54' title="bbox 248 1771 1037 1808; baseline 0.009 -12"><span class='ocrx_word' id='word_1_354' title='bbox 248 1777 322 1797; x_wconf 89' lang='lat' dir='ltr'><strong>nunc</strong></span> <span class='ocrx_word' id='word_1_355' title='bbox 337 1771 441 1805; x_wconf 82' lang='lat' dir='ltr'><strong>synodo</strong></span> <span class='ocrx_word' id='word_1_356' title='bbox 453 1771 504 1799; x_wconf 84' lang='lat' dir='ltr'><strong>hac</strong></span> <span class='ocrx_word' id='word_1_357' title='bbox 519 1772 663 1800; x_wconf 81' lang='lat' dir='ltr'><strong>remissius</strong></span> <span class='ocrx_word' id='word_1_358' title='bbox 676 1777 782 1808; x_wconf 73' lang='lat' dir='ltr'><strong>agente,</strong></span> <span class='ocrx_word' id='word_1_359' title='bbox 796 1782 847 1802; x_wconf 85' lang='lat' dir='ltr'><strong>nec</strong></span> <span class='ocrx_word' id='word_1_360' title='bbox 859 1775 918 1802; x_wconf 87' lang='lat' dir='ltr'><strong>sine</strong></span> <span class='ocrx_word' id='word_1_361' title='bbox 929 1774 1037 1808; x_wconf 81' lang='lat' dir='ltr'><strong>aﬂectu,</strong></span> 
     </span>
    </p>
   </div>
   <div class='ocr_carea' id='block_1_55' title="bbox 248 1818 1037 1852">
    <p class='ocr_par' dir='ltr' id='par_1_55' title="bbox 248 1818 1037 1852">
     <span class='ocr_line' id='line_1_55' title="bbox 248 1818 1037 1852; baseline 0.009 -10"><span class='ocrx_word' id='word_1_362' title='bbox 248 1823 336 1850; x_wconf 86' lang='lat' dir='ltr'><strong>neque</strong></span> <span class='ocrx_word' id='word_1_363' title='bbox 349 1824 381 1844; x_wconf 84' lang='lat' dir='ltr'><strong>ex</strong></span> <span class='ocrx_word' id='word_1_364' title='bbox 399 1818 550 1852; x_wconf 88' lang='lat' dir='ltr'><strong>apostolico</strong></span> <span class='ocrx_word' id='word_1_365' title='bbox 561 1826 665 1847; x_wconf 86' lang='lat' dir='ltr'><strong>canone</strong></span> <span class='ocrx_word' id='word_1_366' title='bbox 678 1820 862 1848; x_wconf 84' lang='lat' dir='ltr'><strong>damnationis</strong></span> <span class='ocrx_word' id='word_1_367' title='bbox 876 1821 1037 1849; x_wconf 86' lang='lat' dir='ltr'><strong>sententiam</strong></span> 
     </span>
    </p>
   </div>
   <div class='ocr_carea' id='block_1_56' title="bbox 249 1862 1040 1895">
    <p class='ocr_par' dir='ltr' id='par_1_56' title="bbox 249 1862 1040 1895">
     <span class='ocr_line' id='line_1_56' title="bbox 249 1862 1040 1895; baseline 0.008 -7"><span class='ocrx_word' id='word_1_368' title='bbox 249 1862 360 1894; x_wconf 85' lang='lat' dir='ltr'><strong>lerente.</strong></span> <span class='ocrx_word' id='word_1_369' title='bbox 392 1863 493 1891; x_wconf 87' lang='lat' dir='ltr'><strong>malitia</strong></span> <span class='ocrx_word' id='word_1_370' title='bbox 520 1872 615 1892; x_wconf 85' lang='lat' dir='ltr'><strong>rursus</strong></span> <span class='ocrx_word' id='word_1_371' title='bbox 641 1870 737 1893; x_wconf 84' lang='lat' dir='ltr'><strong>contra</strong></span> <span class='ocrx_word' id='word_1_372' title='bbox 754 1865 906 1894; x_wconf 79' lang='lat' dir='ltr'><strong>Ecclesiam</strong></span> <span class='ocrx_word' id='word_1_373' title='bbox 935 1867 1040 1895; x_wconf 90' lang='lat' dir='ltr'><strong>invenit</strong></span> 
     </span>
    </p>
   </div>
   <div class='ocr_carea' id='block_1_57' title="bbox 248 1906 1038 1946">
    <p class='ocr_par' dir='ltr' id='par_1_57' title="bbox 248 1906 1038 1946">
     <span class='ocr_line' id='line_1_57' title="bbox 248 1906 1038 1946; baseline 0.009 -13"><span class='ocrx_word' id='word_1_374' title='bbox 248 1906 350 1934; x_wconf 87' lang='lat' dir='ltr'><strong>locum.</strong></span> <span class='ocrx_word' id='word_1_375' title='bbox 365 1907 432 1934; x_wconf 84' lang='lat' dir='ltr'><strong>Nam</strong></span> <span class='ocrx_word' id='word_1_376' title='bbox 448 1916 496 1943; x_wconf 86' lang='lat' dir='ltr'><strong>per</strong></span> <span class='ocrx_word' id='word_1_377' title='bbox 511 1909 637 1936; x_wconf 86' lang='lat' dir='ltr'><strong>homines</strong></span> <span class='ocrx_word' id='word_1_378' title='bbox 647 1913 728 1937; x_wconf 87' lang='lat' dir='ltr'><strong>antea</strong></span> <span class='ocrx_word' id='word_1_379' title='bbox 746 1915 890 1946; x_wconf 88' lang='lat' dir='ltr'><strong>corruptos</strong></span> <span class='ocrx_word' id='word_1_380' title='bbox 899 1911 1038 1946; x_wconf 84' lang='lat' dir='ltr'><strong>explosus,</strong></span> 
     </span>
    </p>
   </div>
   <div class='ocr_carea' id='block_1_58' title="bbox 248 1955 1040 1995">
    <p class='ocr_par' dir='ltr' id='par_1_58' title="bbox 248 1955 1040 1995">
     <span class='ocr_line' id='line_1_58' title="bbox 248 1955 1040 1995; baseline 0.01 -14"><span class='ocrx_word' id='word_1_381' title='bbox 248 1961 274 1982; x_wconf 84' lang='lat' dir='ltr'><strong>et</strong></span> <span class='ocrx_word' id='word_1_382' title='bbox 291 1963 342 1990; x_wconf 89' lang='lat' dir='ltr'><strong>per</strong></span> <span class='ocrx_word' id='word_1_383' title='bbox 356 1955 460 1990; x_wconf 88' lang='lat' dir='ltr'><strong>ejectos</strong></span> <span class='ocrx_word' id='word_1_384' title='bbox 473 1957 620 1985; x_wconf 88' lang='lat' dir='ltr'><strong>damnatus</strong></span> <span class='ocrx_word' id='word_1_385' title='bbox 632 1959 712 1993; x_wconf 83' lang='lat' dir='ltr'><strong>quasi</strong></span> <span class='ocrx_word' id='word_1_386' title='bbox 729 1958 888 1993; x_wconf 79' lang='lat' dir='ltr'><strong>faitiiliares,</strong></span> <span class='ocrx_word' id='word_1_387' title='bbox 904 1961 1040 1995; x_wconf 84' lang='lat' dir='ltr'><strong>postlimi-</strong></span> 
     </span>
    </p>
   </div>
   <div class='ocr_carea' id='block_1_59' title="bbox 250 2001 1039 2041">
    <p class='ocr_par' dir='ltr' id='par_1_59' title="bbox 250 2001 1039 2041">
     <span class='ocr_line' id='line_1_59' title="bbox 250 2001 1039 2041; baseline 0.009 -14"><span class='ocrx_word' id='word_1_388' title='bbox 250 2001 296 2029; x_wconf 87' lang='lat' dir='ltr'><strong>nio</strong></span> <span class='ocrx_word' id='word_1_389' title='bbox 314 2008 471 2035; x_wconf 83' lang='lat' dir='ltr'><strong>recurrens,</strong></span> <span class='ocrx_word' id='word_1_390' title='bbox 492 2011 588 2031; x_wconf 88' lang='lat' dir='ltr'><strong>rursus</strong></span> <span class='ocrx_word' id='word_1_391' title='bbox 603 2004 765 2038; x_wconf 72' lang='lat' dir='ltr'><strong>patriarchae</strong></span> <span class='ocrx_word' id='word_1_392' title='bbox 777 2006 903 2033; x_wconf 92' lang='lat' dir='ltr'><strong>thronum</strong></span> <span class='ocrx_word' id='word_1_393' title='bbox 921 2014 969 2041; x_wconf 89' lang='lat' dir='ltr'><strong>per</strong></span> <span class='ocrx_word' id='word_1_394' title='bbox 984 2008 1039 2035; x_wconf 88' lang='lat' dir='ltr'><strong>vim</strong></span> 
     </span>
    </p>
   </div>
   <div class='ocr_carea' id='block_1_60' title="bbox 251 2047 1041 2085">
    <p class='ocr_par' dir='ltr' id='par_1_60' title="bbox 251 2047 1041 2085">
     <span class='ocr_line' id='line_1_60' title="bbox 251 2047 1041 2085; baseline 0.009 -12"><span class='ocrx_word' id='word_1_395' title='bbox 251 2047 368 2080; x_wconf 90' lang='lat' dir='ltr'><strong>invasit;</strong></span> <span class='ocrx_word' id='word_1_396' title='bbox 384 2048 525 2083; x_wconf 88' lang='lat' dir='ltr'><strong>sacrisque</strong></span> <span class='ocrx_word' id='word_1_397' title='bbox 537 2049 643 2084; x_wconf 71' lang='lat' dir='ltr'><strong>legibus</strong></span> <span class='ocrx_word' id='word_1_398' title='bbox 669 2053 697 2077; x_wconf 85' lang='lat' dir='ltr'><strong>et</strong></span> <span class='ocrx_word' id='word_1_399' title='bbox 716 2051 877 2085; x_wconf 88' lang='lat' dir='ltr'><strong>apostolicis</strong></span> <span class='ocrx_word' id='word_1_400' title='bbox 891 2052 1041 2080; x_wconf 88' lang='lat' dir='ltr'><strong>sanctioni-</strong></span> 
     </span>
    </p>
   </div>
   <div class='ocr_carea' id='block_1_61' title="bbox 251 2092 1040 2132">
    <p class='ocr_par' dir='ltr' id='par_1_61' title="bbox 251 2092 1040 2132">
     <span class='ocr_line' id='line_1_61' title="bbox 251 2092 1040 2132; baseline 0.009 -14"><span class='ocrx_word' id='word_1_401' title='bbox 251 2092 302 2119; x_wconf 79' lang='lat' dir='ltr'><strong>bus</strong></span> <span class='ocrx_word' id='word_1_402' title='bbox 318 2092 413 2124; x_wconf 87' lang='lat' dir='ltr'><strong>elusis,</strong></span> <span class='ocrx_word' id='word_1_403' title='bbox 427 2093 617 2122; x_wconf 82' lang='lat' dir='ltr'><strong>traditionibus</strong></span> <span class='ocrx_word' id='word_1_404' title='bbox 630 2095 756 2122; x_wconf 88' lang='lat' dir='ltr'><strong>omnibus</strong></span> <span class='ocrx_word' id='word_1_405' title='bbox 769 2095 961 2124; x_wconf 84' lang='lat' dir='ltr'><strong>ecclesiasticis</strong></span> <span class='ocrx_word' id='word_1_406' title='bbox 976 2105 1040 2132; x_wconf 93' lang='lat' dir='ltr'><strong>pro.-</strong></span> 
     </span>
    </p>
   </div>
   <div class='ocr_carea' id='block_1_62' title="bbox 249 2138 1041 2171">
    <p class='ocr_par' dir='ltr' id='par_1_62' title="bbox 249 2138 1041 2171">
     <span class='ocr_line' id='line_1_62' title="bbox 249 2138 1041 2171; baseline 0.009 -7"><span class='ocrx_word' id='word_1_407' title='bbox 249 2138 365 2165; x_wconf 82' lang='lat' dir='ltr'><strong>culcatis</strong></span> <span class='ocrx_word' id='word_1_408' title='bbox 377 2158 384 2171; x_wconf 85' lang='lat'><strong>,</strong></span> <span class='ocrx_word' id='word_1_409' title='bbox 411 2146 473 2166; x_wconf 92' lang='lat' dir='ltr'><strong>cum</strong></span> <span class='ocrx_word' id='word_1_410' title='bbox 497 2142 593 2168; x_wconf 75' lang='lat' dir='ltr'><strong>omnes</strong></span> <span class='ocrx_word' id='word_1_411' title='bbox 611 2140 638 2168; x_wconf 93' lang='lat' dir='ltr'><strong>in</strong></span> <span class='ocrx_word' id='word_1_412' title='bbox 654 2148 704 2168; x_wconf 84' lang='lat' dir='ltr'><strong>sua</strong></span> <span class='ocrx_word' id='word_1_413' title='bbox 734 2142 893 2170; x_wconf 82' lang='lat' dir='ltr'><strong>testimonia</strong></span> <span class='ocrx_word' id='word_1_414' title='bbox 907 2147 934 2170; x_wconf 90' lang='lat' dir='ltr'><strong>et</strong></span> <span class='ocrx_word' id='word_1_415' title='bbox 947 2143 1041 2171; x_wconf 88' lang='lat' dir='ltr'><strong>chiro-</strong></span> 
     </span>
    </p>
   </div>
   <div class='ocr_carea' id='block_1_63' title="bbox 250 2185 1040 2224">
    <p class='ocr_par' dir='ltr' id='par_1_63' title="bbox 250 2185 1040 2224">
     <span class='ocr_line' id='line_1_63' title="bbox 250 2185 1040 2224; baseline 0.009 -15"><span class='ocrx_word' id='word_1_416' title='bbox 250 2185 352 2218; x_wconf 71' lang='lat' dir='ltr'><strong>grapha</strong></span> <span class='ocrx_word' id='word_1_417' title='bbox 373 2185 508 2220; x_wconf 82' lang='lat' dir='ltr'><strong>perjuros,</strong></span> <span class='ocrx_word' id='word_1_418' title='bbox 536 2191 563 2214; x_wconf 93' lang='lat' dir='ltr'><strong>et</strong></span> <span class='ocrx_word' id='word_1_419' title='bbox 590 2187 681 2214; x_wconf 83' lang='lat' dir='ltr'><strong>crucis</strong></span> <span class='ocrx_word' id='word_1_420' title='bbox 704 2188 921 2220; x_wconf 80' lang='lat' dir='ltr'><strong>conculcatores,</strong></span> <span class='ocrx_word' id='word_1_421' title='bbox 937 2193 968 2216; x_wconf 90' lang='lat' dir='ltr'><strong>ut</strong></span> <span class='ocrx_word' id='word_1_422' title='bbox 982 2189 1040 2224; x_wconf 89' lang='lat' dir='ltr'><strong>ipse</strong></span> 
     </span>
    </p>
   </div>
   <div class='ocr_carea' id='block_1_64' title="bbox 250 2223 1078 2267">
    <p class='ocr_par' dir='ltr' id='par_1_64' title="bbox 250 2223 1078 2267">
     <span class='ocr_line' id='line_1_64' title="bbox 250 2223 1078 2267; baseline 0.007 -12"><span class='ocrx_word' id='word_1_423' title='bbox 250 2235 322 2259; x_wconf 81' lang='lat' dir='ltr'><strong>erat.</strong></span> <span class='ocrx_word' id='word_1_424' title='bbox 346 2229 404 2256; x_wconf 78' lang='lat' dir='ltr'><strong>ﬁeri</strong></span> <span class='ocrx_word' id='word_1_425' title='bbox 426 2231 570 2265; x_wconf 76' lang='lat' dir='ltr'><strong>coegisset,</strong></span> <span class='ocrx_word' id='word_1_426' title='bbox 587 2236 614 2258; x_wconf 88' lang='lat' dir='ltr'><strong>et</strong></span> <span class='ocrx_word' id='word_1_427' title='bbox 638 2236 760 2259; x_wconf 78' lang='lat' dir='ltr'><strong>extrema</strong></span> <span class='ocrx_word' id='word_1_428' title='bbox 785 2232 882 2267; x_wconf 88' lang='lat' dir='ltr'><strong>primis</strong></span> <span class='ocrx_word' id='word_1_429' title='bbox 905 2223 1040 2262; x_wconf 81' lang='lat' dir='ltr'><strong>deteriora</strong></span> <span class='ocrx_word' id='word_1_430' title='bbox 1058 2223 1078 2250; x_wconf 73' lang='grc' dir='ltr'><strong>ί)</strong></span> 
     </span>
    </p>
   </div>
   <div class='ocr_carea' id='block_1_65' title="bbox 253 2275 1042 2314">
    <p class='ocr_par' dir='ltr' id='par_1_65' title="bbox 253 2275 1042 2314">
     <span class='ocr_line' id='line_1_65' title="bbox 253 2275 1042 2314; baseline 0.008 -13"><span class='ocrx_word' id='word_1_431' title='bbox 253 2275 373 2307; x_wconf 80' lang='lat' dir='ltr'><strong>fecisset,</strong></span> <span class='ocrx_word' id='word_1_432' title='bbox 389 2275 512 2303; x_wconf 90' lang='lat' dir='ltr'><strong>omnium</strong></span> <span class='ocrx_word' id='word_1_433' title='bbox 529 2277 711 2304; x_wconf 85' lang='lat' dir='ltr'><strong>conscientias</strong></span> <span class='ocrx_word' id='word_1_434' title='bbox 730 2277 884 2313; x_wconf 84' lang='lat' dir='ltr'><strong>inquinavit</strong></span> <span class='ocrx_word' id='word_1_435' title='bbox 906 2284 934 2306; x_wconf 89' lang='lat' dir='ltr'><strong>et</strong></span> <span class='ocrx_word' id='word_1_436' title='bbox 946 2279 1042 2314; x_wconf 81' lang='lat' dir='ltr'><strong>profa-</strong></span> 
     </span>
    </p>
   </div>
   <div class='ocr_carea' id='block_1_66' title="bbox 254 2320 1043 2360">
    <p class='ocr_par' dir='ltr' id='par_1_66' title="bbox 254 2320 1043 2360">
     <span class='ocr_line' id='line_1_66' title="bbox 254 2320 1043 2360; baseline 0.009 -14"><span class='ocrx_word' id='word_1_437' title='bbox 254 2320 338 2347; x_wconf 85' lang='lat' dir='ltr'><strong>navit.</strong></span> <span class='ocrx_word' id='word_1_438' title='bbox 352 2320 441 2355; x_wconf 78' lang='lat' dir='ltr'><strong>Atque</strong></span> <span class='ocrx_word' id='word_1_439' title='bbox 455 2321 481 2348; x_wconf 88' lang='lat' dir='ltr'><strong>id</strong></span> <span class='ocrx_word' id='word_1_440' title='bbox 507 2321 535 2348; x_wconf 92' lang='lat' dir='ltr'><strong>in</strong></span> <span class='ocrx_word' id='word_1_441' title='bbox 556 2322 606 2349; x_wconf 90' lang='lat' dir='ltr'><strong>hac</strong></span> <span class='ocrx_word' id='word_1_442' title='bbox 631 2323 734 2358; x_wconf 85' lang='lat' dir='ltr'><strong>synodo</strong></span> <span class='ocrx_word' id='word_1_443' title='bbox 751 2323 931 2357; x_wconf 81' lang='lat' dir='ltr'><strong>desideratur,</strong></span> <span class='ocrx_word' id='word_1_444' title='bbox 948 2329 977 2352; x_wconf 90' lang='lat' dir='ltr'><strong>ut</strong></span> <span class='ocrx_word' id='word_1_445' title='bbox 992 2333 1043 2360; x_wconf 77' lang='lat' dir='ltr'><strong>ego</strong></span> 
     </span>
    </p>
   </div>
   <div class='ocr_carea' id='block_1_67' title="bbox 255 2366 1045 2405">
    <p class='ocr_par' dir='ltr' id='par_1_67' title="bbox 255 2366 1045 2405">
     <span class='ocr_line' id='line_1_67' title="bbox 255 2366 1045 2405; baseline 0.009 -13"><span class='ocrx_word' id='word_1_446' title='bbox 255 2366 354 2399; x_wconf 84' lang='lat' dir='ltr'><strong>sentio,</strong></span> <span class='ocrx_word' id='word_1_447' title='bbox 374 2367 446 2401; x_wconf 91' lang='lat' dir='ltr'><strong>quod</strong></span> <span class='ocrx_word' id='word_1_448' title='bbox 465 2372 491 2395; x_wconf 88' lang='lat' dir='ltr'><strong>et</strong></span> <span class='ocrx_word' id='word_1_449' title='bbox 504 2367 572 2402; x_wconf 83' lang='lat' dir='ltr'><strong>lapsi</strong></span> <span class='ocrx_word' id='word_1_450' title='bbox 584 2369 616 2395; x_wconf 90' lang='lat' dir='ltr'><strong>ad</strong></span> <span class='ocrx_word' id='word_1_451' title='bbox 631 2370 852 2397; x_wconf 84' lang='lat' dir='ltr'><strong>communionem</strong></span> <span class='ocrx_word' id='word_1_452' title='bbox 873 2371 985 2405; x_wconf 86' lang='lat' dir='ltr'><strong>recepti.</strong></span> <span class='ocrx_word' id='word_1_453' title='bbox 1018 2376 1045 2399; x_wconf 91' lang='lat' dir='ltr'><strong>et</strong></span> 
     </span>
    </p>
   </div>
   <div class='ocr_carea' id='block_1_68' title="bbox 252 2413 1040 2449">
    <p class='ocr_par' dir='ltr' id='par_1_68' title="bbox 252 2413 1040 2449">
     <span class='ocr_line' id='line_1_68' title="bbox 252 2413 1040 2449; baseline 0.009 -11"><span class='ocrx_word' id='word_1_454' title='bbox 252 2413 334 2446; x_wconf 90' lang='lat' dir='ltr'><strong>lupus</strong></span> <span class='ocrx_word' id='word_1_455' title='bbox 357 2417 455 2447; x_wconf 65' lang='lat' dir='ltr'><strong>praeter</strong></span> <span class='ocrx_word' id='word_1_456' title='bbox 480 2414 565 2448; x_wconf 87' lang='lat' dir='ltr'><strong>ipsius</strong></span> <span class='ocrx_word' id='word_1_457' title='bbox 590 2416 822 2449; x_wconf 81' lang='lat' dir='ltr'><strong>exspectationem</strong></span> <span class='ocrx_word' id='word_1_458' title='bbox 847 2417 874 2443; x_wconf 96' lang='lat' dir='ltr'><strong>in</strong></span> <span class='ocrx_word' id='word_1_459' title='bbox 900 2417 971 2444; x_wconf 90' lang='lat' dir='ltr'><strong>ovile</strong></span> <span class='ocrx_word' id='word_1_460' title='bbox 997 2423 1040 2445; x_wconf 87' lang='lat' dir='ltr'><strong>est</strong></span> 
     </span>
    </p>
   </div>
   <div class='ocr_carea' id='block_1_69' title="bbox 252 2459 1040 2498">
    <p class='ocr_par' dir='ltr' id='par_1_69' title="bbox 252 2459 1040 2498">
     <span class='ocr_line' id='line_1_69' title="bbox 252 2459 1040 2498; baseline 0.01 -14"><span class='ocrx_word' id='word_1_461' title='bbox 252 2459 400 2486; x_wconf 78' lang='lat' dir='ltr'><strong>admissus.</strong></span> <span class='ocrx_word' id='word_1_462' title='bbox 432 2459 509 2492; x_wconf 86' lang='lat' dir='ltr'><strong>Quod</strong></span> <span class='ocrx_word' id='word_1_463' title='bbox 538 2465 566 2488; x_wconf 89' lang='lat' dir='ltr'><strong>et</strong></span> <span class='ocrx_word' id='word_1_464' title='bbox 590 2461 700 2495; x_wconf 87' lang='lat' dir='ltr'><strong>quidam</strong></span> <span class='ocrx_word' id='word_1_465' title='bbox 723 2469 755 2489; x_wconf 81' lang='lat' dir='ltr'><strong>ex</strong></span> <span class='ocrx_word' id='word_1_466' title='bbox 774 2462 860 2497; x_wconf 80' lang='lat' dir='ltr'><strong>signis</strong></span> <span class='ocrx_word' id='word_1_467' title='bbox 872 2464 1040 2498; x_wconf 87' lang='lat' dir='ltr'><strong>temporibus</strong></span> 
     </span>
    </p>
   </div>
   <div class='ocr_carea' id='block_1_70' title="bbox 253 2505 1041 2542">
    <p class='ocr_par' dir='ltr' id='par_1_70' title="bbox 253 2505 1041 2542">
     <span class='ocr_line' id='line_1_70' title="bbox 253 2505 1041 2542; baseline 0.009 -11"><span class='ocrx_word' id='word_1_468' title='bbox 253 2505 307 2532; x_wconf 87' lang='lat' dir='ltr'><strong>illis</strong></span> <span class='ocrx_word' id='word_1_469' title='bbox 320 2505 384 2532; x_wconf 91' lang='lat' dir='ltr'><strong>visis</strong></span> <span class='ocrx_word' id='word_1_470' title='bbox 401 2506 538 2540; x_wconf 87' lang='lat' dir='ltr'><strong>sapienter</strong></span> <span class='ocrx_word' id='word_1_471' title='bbox 559 2507 745 2542; x_wconf 84' lang='lat' dir='ltr'><strong>conjeccrunt.</strong></span> <span class='ocrx_word' id='word_1_472' title='bbox 761 2507 886 2536; x_wconf 80' lang='lat' dir='ltr'><strong>Nondum</strong></span> <span class='ocrx_word' id='word_1_473' title='bbox 903 2511 973 2537; x_wconf 84' lang='lat' dir='ltr'><strong>enim</strong></span> <span class='ocrx_word' id='word_1_474' title='bbox 988 2511 1041 2538; x_wconf 87' lang='lat' dir='ltr'><strong>hac</strong></span> 
     </span>
    </p>
   </div>
   <div class='ocr_carea' id='block_1_71' title="bbox 253 2552 1043 2591">
    <p class='ocr_par' dir='ltr' id='par_1_71' title="bbox 253 2552 1043 2591">
     <span class='ocr_line' id='line_1_71' title="bbox 253 2552 1043 2591; baseline 0.006 -13"><span class='ocrx_word' id='word_1_475' title='bbox 253 2552 357 2587; x_wconf 79' lang='lat' dir='ltr'><strong>synodo</strong></span> <span class='ocrx_word' id='word_1_476' title='bbox 373 2552 519 2586; x_wconf 83' lang='lat' dir='ltr'><strong>celebrata,</strong></span> <span class='ocrx_word' id='word_1_477' title='bbox 532 2554 579 2581; x_wconf 85' lang='lat' dir='ltr'><strong>sed</strong></span> <span class='ocrx_word' id='word_1_478' title='bbox 591 2555 680 2581; x_wconf 87' lang='lat' dir='ltr'><strong>adhuc</strong></span> <span class='ocrx_word' id='word_1_479' title='bbox 689 2559 810 2589; x_wconf 87' lang='lat' dir='ltr'><strong>sperata,</strong></span> <span class='ocrx_word' id='word_1_480' title='bbox 828 2555 943 2584; x_wconf 87' lang='lat' dir='ltr'><strong>bubalos</strong></span> <span class='ocrx_word' id='word_1_481' title='bbox 957 2564 1043 2591; x_wconf 90' lang='lat' dir='ltr'><strong>quon-</strong></span> 
     </span>
    </p>
   </div>
   <div class='ocr_carea' id='block_1_72' title="bbox 251 2599 1039 2636">
    <p class='ocr_par' dir='ltr' id='par_1_72' title="bbox 251 2599 1039 2636">
     <span class='ocr_line' id='line_1_72' title="bbox 251 2599 1039 2636; baseline 0.004 -11"><span class='ocrx_word' id='word_1_482' title='bbox 251 2599 315 2626; x_wconf 87' lang='lat' dir='ltr'><strong>dam</strong></span> <span class='ocrx_word' id='word_1_483' title='bbox 335 2599 443 2626; x_wconf 88' lang='lat' dir='ltr'><strong>aliunde</strong></span> <span class='ocrx_word' id='word_1_484' title='bbox 462 2600 515 2627; x_wconf 93' lang='lat' dir='ltr'><strong>huc</strong></span> <span class='ocrx_word' id='word_1_485' title='bbox 538 2600 679 2632; x_wconf 82' lang='lat' dir='ltr'><strong>adductos,</strong></span> <span class='ocrx_word' id='word_1_486' title='bbox 708 2609 809 2636; x_wconf 89' lang='lat' dir='ltr'><strong>perque</strong></span> <span class='ocrx_word' id='word_1_487' title='bbox 835 2601 952 2629; x_wconf 86' lang='lat' dir='ltr'><strong>mediam</strong></span> <span class='ocrx_word' id='word_1_488' title='bbox 970 2602 1039 2628; x_wconf 86' lang='lat' dir='ltr'><strong>viam</strong></span> 
     </span>
    </p>
   </div>
   <div class='ocr_carea' id='block_1_73' title="bbox 252 2645 1040 2682">
    <p class='ocr_par' dir='ltr' id='par_1_73' title="bbox 252 2645 1040 2682">
     <span class='ocr_line' id='line_1_73' title="bbox 252 2645 1040 2682; baseline 0.003 -11"><span class='ocrx_word' id='word_1_489' title='bbox 252 2650 340 2677; x_wconf 84' lang='lat' dir='ltr'><strong>actos,</strong></span> <span class='ocrx_word' id='word_1_490' title='bbox 357 2650 466 2680; x_wconf 85' lang='lat' dir='ltr'><strong>repente</strong></span> <span class='ocrx_word' id='word_1_491' title='bbox 479 2645 556 2673; x_wconf 77' lang='lat' dir='ltr'><strong>furor</strong></span> <span class='ocrx_word' id='word_1_492' title='bbox 570 2647 712 2682; x_wconf 85' lang='lat' dir='ltr'><strong>corripuit,</strong></span> <span class='ocrx_word' id='word_1_493' title='bbox 724 2647 838 2682; x_wconf 89' lang='lat' dir='ltr'><strong>aliisque</strong></span> <span class='ocrx_word' id='word_1_494' title='bbox 862 2647 915 2674; x_wconf 92' lang='lat' dir='ltr'><strong>alio</strong></span> <span class='ocrx_word' id='word_1_495' title='bbox 937 2648 1040 2675; x_wconf 85' lang='lat' dir='ltr'><strong>ruenti—</strong></span> 
     </span>
    </p>
   </div>
   <div class='ocr_carea' id='block_1_74' title="bbox 253 2692 1039 2733">
    <p class='ocr_par' dir='ltr' id='par_1_74' title="bbox 253 2692 1039 2733">
     <span class='ocr_line' id='line_1_74' title="bbox 253 2692 1039 2733; baseline 0.001 -14"><span class='ocrx_word' id='word_1_496' title='bbox 253 2692 313 2724; x_wconf 88' lang='lat' dir='ltr'><strong>bus,</strong></span> <span class='ocrx_word' id='word_1_497' title='bbox 330 2700 414 2733; x_wconf 85' lang='lat' dir='ltr'><strong>unns_</strong></span> <span class='ocrx_word' id='word_1_498' title='bbox 429 2696 502 2720; x_wconf 90' lang='lat' dir='ltr'><strong>recta</strong></span> <span class='ocrx_word' id='word_1_499' title='bbox 515 2693 647 2721; x_wconf 83' lang='lat' dir='ltr'><strong>adversus</strong></span> <span class='ocrx_word' id='word_1_500' title='bbox 662 2701 787 2729; x_wconf 78' lang='lat' dir='ltr'><strong>magnam</strong></span> <span class='ocrx_word' id='word_1_501' title='bbox 804 2693 947 2721; x_wconf 82' lang='lat' dir='ltr'><strong>ecclesiam</strong></span> <span class='ocrx_word' id='word_1_502' title='bbox 964 2693 1039 2721; x_wconf 86' lang='lat' dir='ltr'><strong>dcla-</strong></span> 
     </span>
    </p>
   </div>
   <div class='ocr_carea' id='block_1_75' title="bbox 290 2770 875 2812">
    <p class='ocr_par' dir='ltr' id='par_1_75' title="bbox 290 2770 875 2812">
     <span class='ocr_line' id='line_1_75' title="bbox 290 2770 875 2812; baseline 0 -14"><span class='ocrx_word' id='word_1_503' title='bbox 290 2770 443 2812; x_wconf 59' lang='lat' dir='ltr'><strong>tianon</strong></span> <span class='ocrx_word' id='word_1_504' title='bbox 455 2777 501 2812; x_wconf 77' lang='lat' dir='ltr'><strong>_cst</strong></span> <span class='ocrx_word' id='word_1_505' title='bbox 518 2771 553 2799; x_wconf 68' lang='lat'><strong>29</strong></span> <span class='ocrx_word' id='word_1_506' title='bbox 568 2772 770 2812; x_wconf 41' lang='lat' dir='ltr'><strong>apostolorum.</strong></span> <span class='ocrx_word' id='word_1_507' title='bbox 789 2771 875 2812; x_wconf 60' lang='grc' dir='ltr'>Ιίιιιιο.</span> 
     </span>
    </p>
   </div>
   <div class='ocr_carea' id='block_1_76' title="bbox 287 2805 1042 2839">
    <p class='ocr_par' dir='ltr' id='par_1_76' title="bbox 287 2805 1042 2839">
     <span class='ocr_line' id='line_1_76' title="bbox 287 2805 1042 2839; baseline 0 -8"><span class='ocrx_word' id='word_1_508' title='bbox 287 2805 344 2839; x_wconf 78' lang='grc'><strong>(10)</strong></span> <span class='ocrx_word' id='word_1_509' title='bbox 362 2806 422 2832; x_wconf 76' lang='lat' dir='ltr'><strong>Non</strong></span> <span class='ocrx_word' id='word_1_510' title='bbox 444 2807 552 2833; x_wconf 80' lang='lat' dir='ltr'><strong>damnat</strong></span> <span class='ocrx_word' id='word_1_511' title='bbox 574 2805 681 2833; x_wconf 67' lang='lat' dir='ltr'><strong>Niceten</strong></span> <span class='ocrx_word' id='word_1_512' title='bbox 702 2807 888 2833; x_wconf 78' lang='lat' dir='ltr'><strong>(rrumenicum</strong></span> <span class='ocrx_word' id='word_1_513' title='bbox 901 2805 1042 2832; x_wconf 81' lang='lat' dir='ltr'><strong>ronrilium</strong></span> 
     </span>
    </p>
   </div>
   <div class='ocr_carea' id='block_1_77' title="bbox 252 2842 1042 2874">
    <p class='ocr_par' dir='ltr' id='par_1_77' title="bbox 252 2842 1042 2874">
     <span class='ocr_line' id='line_1_77' title="bbox 252 2842 1042 2874; baseline 0.005 -8"><span class='ocrx_word' id='word_1_514' title='bbox 252 2842 328 2873; x_wconf 68' lang='lat' dir='ltr'><strong>quasi</strong></span> <span class='ocrx_word' id='word_1_515' title='bbox 345 2842 502 2873; x_wconf 74' lang='lat' dir='ltr'><strong>apostolicos</strong></span> <span class='ocrx_word' id='word_1_516' title='bbox 520 2850 632 2868; x_wconf 71' lang='lat' dir='ltr'><strong>canones</strong></span> <span class='ocrx_word' id='word_1_517' title='bbox 645 2842 763 2874; x_wconf 79' lang='lat' dir='ltr'><strong>violarit,</strong></span> <span class='ocrx_word' id='word_1_518' title='bbox 791 2842 834 2868; x_wconf 77' lang='lat' dir='ltr'><strong>scd</strong></span> <span class='ocrx_word' id='word_1_519' title='bbox 847 2849 877 2868; x_wconf 71' lang='grc' dir='ltr'>επ</span> <span class='ocrx_word' id='word_1_520' title='bbox 895 2842 928 2867; x_wconf 80' lang='lat' dir='ltr'><strong>iis</strong></span> <span class='ocrx_word' id='word_1_521' title='bbox 955 2843 1042 2870; x_wconf 78' lang='lat' dir='ltr'><strong>rebus.</strong></span> 
     </span>
    </p>
   </div>
   <div class='ocr_carea' id='block_1_78' title="bbox 254 2876 1042 2910">
    <p class='ocr_par' dir='ltr' id='par_1_78' title="bbox 254 2876 1042 2910">
     <span class='ocr_line' id='line_1_78' title="bbox 254 2876 1042 2910; baseline 0.001 -10"><span class='ocrx_word' id='word_1_522' title='bbox 254 2882 311 2908; x_wconf 61' lang='lat' dir='ltr'><strong>qua</strong></span> <span class='ocrx_word' id='word_1_523' title='bbox 338 2882 394 2908; x_wconf 75' lang='lat' dir='ltr'><strong>post</strong></span> <span class='ocrx_word' id='word_1_524' title='bbox 424 2877 564 2903; x_wconf 84' lang='lat' dir='ltr'><strong>concilium</strong></span> <span class='ocrx_word' id='word_1_525' title='bbox 598 2885 713 2909; x_wconf 79' lang='lat' dir='ltr'><strong>evenere,</strong></span> <span class='ocrx_word' id='word_1_526' title='bbox 727 2877 854 2910; x_wconf 76' lang='lat' dir='ltr'><strong>majorem</strong></span> <span class='ocrx_word' id='word_1_527' title='bbox 879 2876 1042 2903; x_wconf 65' lang='lat' dir='ltr'><strong>severitatem</strong></span> 
     </span>
    </p>
   </div>
   <div class='ocr_carea' id='block_1_79' title="bbox 1081 949 1870 985">
    <p class='ocr_par' dir='ltr' id='par_1_79' title="bbox 1081 949 1870 985">
     <span class='ocr_line' id='line_1_79' title="bbox 1081 949 1870 985; baseline 0.001 -10"><span class='ocrx_word' id='word_1_528' title='bbox 1081 949 1168 984; x_wconf 78' lang='grc' dir='ltr'>ηξίου,</span> <span class='ocrx_word' id='word_1_529' title='bbox 1188 949 1236 976; x_wconf 77' lang='grc' dir='ltr'>καὶ</span> <span class='ocrx_word' id='word_1_530' title='bbox 1260 949 1324 981; x_wconf 86' lang='grc' dir='ltr'>τοὺς</span> <span class='ocrx_word' id='word_1_531' title='bbox 1340 950 1572 984; x_wconf 83' lang='grc' dir='ltr'>κεκοινωνηκότας</span> <span class='ocrx_word' id='word_1_532' title='bbox 1588 949 1615 976; x_wconf 75' lang='grc' dir='ltr'>δὲ</span> <span class='ocrx_word' id='word_1_533' title='bbox 1634 949 1709 984; x_wconf 83' lang='grc' dir='ltr'>αὖτῷ</span> <span class='ocrx_word' id='word_1_534' title='bbox 1734 949 1804 976; x_wconf 82' lang='grc' dir='ltr'>κατὰ</span> <span class='ocrx_word' id='word_1_535' title='bbox 1819 949 1870 985; x_wconf 84' lang='grc' dir='ltr'>τὴν</span> 
     </span>
    </p>
   </div>
   <div class='ocr_carea' id='block_1_80' title="bbox 1082 995 1868 1030">
    <p class='ocr_par' dir='ltr' id='par_1_80' title="bbox 1082 995 1868 1030">
     <span class='ocr_line' id='line_1_80' title="bbox 1082 995 1868 1030; baseline 0 -9"><span class='ocrx_word' id='word_1_536' title='bbox 1082 995 1263 1029; x_wconf 77' lang='grc' dir='ltr'>ἀποστολικὴν</span> <span class='ocrx_word' id='word_1_537' title='bbox 1287 995 1426 1030; x_wconf 81' lang='grc' dir='ltr'>ἀπόφασιν</span> <span class='ocrx_word' id='word_1_538' title='bbox 1441 996 1545 1028; x_wconf 82' lang='grc' dir='ltr'>πάντας</span> <span class='ocrx_word' id='word_1_539' title='bbox 1558 1003 1565 1010; x_wconf 91' lang='grc'><strong>·</strong></span> <span class='ocrx_word' id='word_1_540' title='bbox 1581 995 1628 1021; x_wconf 73' lang='grc' dir='ltr'>καὶ</span> <span class='ocrx_word' id='word_1_541' title='bbox 1655 995 1692 1030; x_wconf 86' lang='grc' dir='ltr'>μὴ</span> <span class='ocrx_word' id='word_1_542' title='bbox 1716 995 1868 1030; x_wconf 83' lang='grc' dir='ltr'>φιλανθρω-</span> 
     </span>
    </p>
   </div>
   <div class='ocr_carea' id='block_1_81' title="bbox 1084 1040 1870 1077">
    <p class='ocr_par' dir='ltr' id='par_1_81' title="bbox 1084 1040 1870 1077">
     <span class='ocr_line' id='line_1_81' title="bbox 1084 1040 1870 1077; baseline 0 -10"><span class='ocrx_word' id='word_1_543' title='bbox 1084 1040 1217 1076; x_wconf 81' lang='grc' dir='ltr'>ποτέρους</span> <span class='ocrx_word' id='word_1_544' title='bbox 1239 1040 1306 1068; x_wconf 82' lang='grc' dir='ltr'>Θεοῦ</span> <span class='ocrx_word' id='word_1_545' title='bbox 1322 1041 1369 1068; x_wconf 79' lang='grc' dir='ltr'>καὶ</span> <span class='ocrx_word' id='word_1_546' title='bbox 1394 1041 1462 1068; x_wconf 83' lang='grc' dir='ltr'>Θεοῦ</span> <span class='ocrx_word' id='word_1_547' title='bbox 1482 1041 1640 1076; x_wconf 81' lang='grc' dir='ltr'>γινομένους</span> <span class='ocrx_word' id='word_1_548' title='bbox 1665 1041 1793 1077; x_wconf 81' lang='grc' dir='ltr'>κρίσεως,</span> <span class='ocrx_word' id='word_1_549' title='bbox 1819 1041 1870 1076; x_wconf 86' lang='grc' dir='ltr'>τὴν</span> 
     </span>
    </p>
   </div>
   <div class='ocr_carea' id='block_1_82' title="bbox 1083 1086 1872 1123">
    <p class='ocr_par' dir='ltr' id='par_1_82' title="bbox 1083 1086 1872 1123">
     <span class='ocr_line' id='line_1_82' title="bbox 1083 1086 1872 1123; baseline 0 -9"><span class='ocrx_word' id='word_1_550' title='bbox 1083 1087 1219 1122; x_wconf 77' lang='grc' dir='ltr'>ἀπόφασιν</span> <span class='ocrx_word' id='word_1_551' title='bbox 1233 1086 1279 1114; x_wconf 84' lang='grc' dir='ltr'><strong>τοῦ</strong></span> <span class='ocrx_word' id='word_1_552' title='bbox 1293 1087 1425 1122; x_wconf 87' lang='grc' dir='ltr'>παναγίου</span> <span class='ocrx_word' id='word_1_553' title='bbox 1437 1088 1595 1123; x_wconf 84' lang='grc' dir='ltr'>Πνεύματος</span> <span class='ocrx_word' id='word_1_554' title='bbox 1605 1087 1733 1123; x_wconf 81' lang='grc' dir='ltr'>ἀκυροῦν.</span> <span class='ocrx_word' id='word_1_555' title='bbox 1741 1087 1826 1114; x_wconf 84' lang='grc' dir='ltr'>Τοῦτο</span> <span class='ocrx_word' id='word_1_556' title='bbox 1838 1087 1872 1114; x_wconf 82' lang='grc' dir='ltr'>τὰ</span> 
     </span>
    </p>
   </div>
   <div class='ocr_carea' id='block_1_83' title="bbox 1083 1132 1872 1169">
    <p class='ocr_par' dir='ltr' id='par_1_83' title="bbox 1083 1132 1872 1169">
     <span class='ocr_line' id='line_1_83' title="bbox 1083 1132 1872 1169; baseline 0.001 -10"><span class='ocrx_word' id='word_1_557' title='bbox 1083 1133 1139 1160; x_wconf 80' lang='grc' dir='ltr'>ᾶνω</span> <span class='ocrx_word' id='word_1_558' title='bbox 1152 1133 1228 1160; x_wconf 78' lang='grc' dir='ltr'>κάτω</span> <span class='ocrx_word' id='word_1_559' title='bbox 1243 1133 1376 1169; x_wconf 76' lang='grc' dir='ltr'>πεποίηκε</span> <span class='ocrx_word' id='word_1_560' title='bbox 1388 1142 1395 1150; x_wconf 77' lang='grc'><em>”</em></span> <span class='ocrx_word' id='word_1_561' title='bbox 1411 1133 1489 1161; x_wconf 71' lang='grc' dir='ltr'>τοῦτο</span> <span class='ocrx_word' id='word_1_562' title='bbox 1503 1133 1534 1160; x_wconf 81' lang='grc' dir='ltr'><strong>τὸ</strong></span> <span class='ocrx_word' id='word_1_563' title='bbox 1545 1135 1632 1169; x_wconf 84' lang='grc' dir='ltr'>κρῖμα</span> <span class='ocrx_word' id='word_1_564' title='bbox 1644 1133 1694 1160; x_wconf 80' lang='grc' dir='ltr'>οὐκ</span> <span class='ocrx_word' id='word_1_565' title='bbox 1720 1132 1792 1160; x_wconf 60' lang='grc' dir='ltr'>ἐστιν</span> <span class='ocrx_word' id='word_1_566' title='bbox 1803 1134 1872 1160; x_wconf 81' lang='grc' dir='ltr'>ὅσων</span> 
     </span>
    </p>
   </div>
   <div class='ocr_carea' id='block_1_84' title="bbox 1084 1179 1871 1214">
    <p class='ocr_par' dir='ltr' id='par_1_84' title="bbox 1084 1179 1871 1214">
     <span class='ocr_line' id='line_1_84' title="bbox 1084 1179 1871 1214; baseline -0.001 -9"><span class='ocrx_word' id='word_1_567' title='bbox 1084 1179 1171 1205; x_wconf 82' lang='grc' dir='ltr'>εἰπεῖν</span> <span class='ocrx_word' id='word_1_568' title='bbox 1197 1179 1290 1206; x_wconf 81' lang='grc' dir='ltr'>κακῶν</span> <span class='ocrx_word' id='word_1_569' title='bbox 1317 1180 1403 1206; x_wconf 84' lang='grc' dir='ltr'>αἰτιον</span> <span class='ocrx_word' id='word_1_570' title='bbox 1432 1179 1478 1206; x_wconf 75' lang='grc' dir='ltr'>καὶ</span> <span class='ocrx_word' id='word_1_571' title='bbox 1495 1179 1652 1206; x_wconf 84' lang='grc' dir='ltr'>σκανδάλων</span> <span class='ocrx_word' id='word_1_572' title='bbox 1675 1179 1871 1214; x_wconf 76' lang='grc' dir='ltr'>ἐχρημάτισεν.</span> 
     </span>
    </p>
   </div>
   <div class='ocr_carea' id='block_1_85' title="bbox 1085 1219 1873 1260">
    <p class='ocr_par' dir='ltr' id='par_1_85' title="bbox 1085 1219 1873 1260">
     <span class='ocr_line' id='line_1_85' title="bbox 1085 1219 1873 1260; baseline -0.001 -9"><span class='ocrx_word' id='word_1_573' title='bbox 1085 1223 1166 1260; x_wconf 75' lang='grc' dir='ltr'>Οἶμαι</span> <span class='ocrx_word' id='word_1_574' title='bbox 1180 1226 1245 1260; x_wconf 70' lang='grc' dir='ltr'>γὰρ,</span> <span class='ocrx_word' id='word_1_575' title='bbox 1262 1225 1300 1257; x_wconf 87' lang='grc' dir='ltr'>ὠς</span> <span class='ocrx_word' id='word_1_576' title='bbox 1313 1227 1338 1252; x_wconf 78' lang='grc' dir='ltr'><strong>εί</strong></span> <span class='ocrx_word' id='word_1_577' title='bbox 1362 1219 1548 1257; x_wconf 84' lang='grc' dir='ltr'>ἁποστολικῶς</span> <span class='ocrx_word' id='word_1_578' title='bbox 1569 1225 1630 1252; x_wconf 87' lang='grc' dir='ltr'>τότε</span> <span class='ocrx_word' id='word_1_579' title='bbox 1651 1225 1698 1251; x_wconf 79' lang='grc' dir='ltr'><strong>καὶ</strong></span> <span class='ocrx_word' id='word_1_580' title='bbox 1723 1224 1873 1256; x_wconf 85' lang='grc' dir='ltr'>κανονικῶς</span> 
     </span>
    </p>
   </div>
   <div class='ocr_carea' id='block_1_86' title="bbox 1085 1269 1874 1306">
    <p class='ocr_par' dir='ltr' id='par_1_86' title="bbox 1085 1269 1874 1306">
     <span class='ocr_line' id='line_1_86' title="bbox 1085 1269 1874 1306; baseline -0.003 -8"><span class='ocrx_word' id='word_1_581' title='bbox 1085 1271 1154 1298; x_wconf 72' lang='grc' dir='ltr'>κατὰ</span> <span class='ocrx_word' id='word_1_582' title='bbox 1172 1271 1280 1297; x_wconf 82' lang='grc' dir='ltr'>πάντων</span> <span class='ocrx_word' id='word_1_583' title='bbox 1295 1271 1480 1306; x_wconf 80' lang='grc' dir='ltr'>ἀπεφήναντο,</span> <span class='ocrx_word' id='word_1_584' title='bbox 1497 1271 1529 1297; x_wconf 77' lang='grc' dir='ltr'>οὐ</span> <span class='ocrx_word' id='word_1_585' title='bbox 1554 1271 1599 1297; x_wconf 75' lang='grc' dir='ltr'>τὸν</span> <span class='ocrx_word' id='word_1_586' title='bbox 1617 1271 1704 1298; x_wconf 71' lang='grc' dir='ltr'>αἴτιον</span> <span class='ocrx_word' id='word_1_587' title='bbox 1721 1270 1802 1305; x_wconf 91' lang='grc' dir='ltr'>μόνον</span> <span class='ocrx_word' id='word_1_588' title='bbox 1823 1269 1874 1304; x_wconf 83' lang='grc' dir='ltr'>τῆς</span> 
     </span>
    </p>
   </div>
   <div class='ocr_carea' id='block_1_87' title="bbox 1085 1315 1874 1352">
    <p class='ocr_par' dir='ltr' id='par_1_87' title="bbox 1085 1315 1874 1352">
     <span class='ocr_line' id='line_1_87' title="bbox 1085 1315 1874 1352; baseline -0.003 -8"><span class='ocrx_word' id='word_1_589' title='bbox 1085 1317 1257 1352; x_wconf 80' lang='grc' dir='ltr'>διχοστασίας</span> <span class='ocrx_word' id='word_1_590' title='bbox 1274 1325 1304 1343; x_wconf 87' lang='grc' dir='ltr'><strong>τε</strong></span> <span class='ocrx_word' id='word_1_591' title='bbox 1321 1316 1368 1343; x_wconf 73' lang='grc' dir='ltr'>καὶ</span> <span class='ocrx_word' id='word_1_592' title='bbox 1392 1316 1447 1343; x_wconf 87' lang='grc' dir='ltr'><strong>τῶν</strong></span> <span class='ocrx_word' id='word_1_593' title='bbox 1464 1316 1630 1348; x_wconf 74' lang='grc' dir='ltr'>σκανδάλων,</span> <span class='ocrx_word' id='word_1_594' title='bbox 1648 1316 1715 1343; x_wconf 82' lang='grc' dir='ltr'>ἀλλὰ</span> <span class='ocrx_word' id='word_1_595' title='bbox 1735 1316 1782 1342; x_wconf 83' lang='grc' dir='ltr'>καὶ</span> <span class='ocrx_word' id='word_1_596' title='bbox 1809 1315 1874 1346; x_wconf 76' lang='grc' dir='ltr'>τοὺς</span> 
     </span>
    </p>
   </div>
   <div class='ocr_carea' id='block_1_88' title="bbox 1086 1361 1874 1397">
    <p class='ocr_par' dir='ltr' id='par_1_88' title="bbox 1086 1361 1874 1397">
     <span class='ocr_line' id='line_1_88' title="bbox 1086 1361 1874 1397; baseline -0.004 -8"><span class='ocrx_word' id='word_1_597' title='bbox 1086 1363 1302 1397; x_wconf 78' lang='grc' dir='ltr'>κοινωνήσαντας</span> <span class='ocrx_word' id='word_1_598' title='bbox 1317 1361 1391 1396; x_wconf 80' lang='grc' dir='ltr'><strong>αὺτῷ</strong></span> <span class='ocrx_word' id='word_1_599' title='bbox 1403 1361 1505 1393; x_wconf 86' lang='grc' dir='ltr'>πάντας</span> <span class='ocrx_word' id='word_1_600' title='bbox 1516 1361 1729 1397; x_wconf 77' lang='grc' dir='ltr'>ὲκκηρύξαντες,</span> <span class='ocrx_word' id='word_1_601' title='bbox 1745 1361 1874 1395; x_wconf 82' lang='grc' dir='ltr'>οὐδεμίαν</span> 
     </span>
    </p>
   </div>
   <div class='ocr_carea' id='block_1_89' title="bbox 1087 1406 1875 1443">
    <p class='ocr_par' dir='ltr' id='par_1_89' title="bbox 1087 1406 1875 1443">
     <span class='ocr_line' id='line_1_89' title="bbox 1087 1406 1875 1443; baseline -0.004 -7"><span class='ocrx_word' id='word_1_602' title='bbox 1087 1409 1120 1436; x_wconf 77' lang='grc' dir='ltr'>ἂν</span> <span class='ocrx_word' id='word_1_603' title='bbox 1134 1409 1174 1435; x_wconf 78' lang='grc' dir='ltr'>ἔτι</span> <span class='ocrx_word' id='word_1_604' title='bbox 1192 1408 1264 1435; x_wconf 83' lang='grc' dir='ltr'>κατὰ</span> <span class='ocrx_word' id='word_1_605' title='bbox 1277 1409 1327 1443; x_wconf 87' lang='grc' dir='ltr'>τῆς</span> <span class='ocrx_word' id='word_1_606' title='bbox 1345 1407 1509 1442; x_wconf 88' lang='grc' dir='ltr'>Ἐκκλησίας</span> <span class='ocrx_word' id='word_1_607' title='bbox 1523 1406 1579 1442; x_wconf 79' lang='grc' dir='ltr'>εἶχε</span> <span class='ocrx_word' id='word_1_608' title='bbox 1595 1407 1769 1443; x_wconf 77' lang='grc' dir='ltr'>παρείσδυσιν</span> <span class='ocrx_word' id='word_1_609' title='bbox 1786 1408 1803 1442; x_wconf 85' lang='grc' dir='ltr'><strong>ἡ</strong></span> <span class='ocrx_word' id='word_1_610' title='bbox 1820 1407 1875 1434; x_wconf 71' lang='grc' dir='ltr'>ἀδι-</span> 
     </span>
    </p>
   </div>
   <div class='ocr_carea' id='block_1_90' title="bbox 1087 1453 1876 1489">
    <p class='ocr_par' dir='ltr' id='par_1_90' title="bbox 1087 1453 1876 1489">
     <span class='ocr_line' id='line_1_90' title="bbox 1087 1453 1876 1489; baseline -0.001 -8"><span class='ocrx_word' id='word_1_611' title='bbox 1087 1454 1144 1482; x_wconf 86' lang='grc' dir='ltr'>κία.</span> <span class='ocrx_word' id='word_1_612' title='bbox 1162 1454 1267 1489; x_wconf 85' lang='grc' dir='ltr'>Ὠσπερ</span> <span class='ocrx_word' id='word_1_613' title='bbox 1281 1454 1309 1480; x_wconf 80' lang='grc' dir='ltr'>δὲ</span> <span class='ocrx_word' id='word_1_614' title='bbox 1327 1453 1437 1488; x_wconf 85' lang='grc' dir='ltr'>πρῶτον</span> <span class='ocrx_word' id='word_1_615' title='bbox 1459 1454 1528 1480; x_wconf 82' lang='grc' dir='ltr'>κατὰ</span> <span class='ocrx_word' id='word_1_616' title='bbox 1540 1454 1591 1488; x_wconf 80' lang='grc' dir='ltr'>τὴν</span> <span class='ocrx_word' id='word_1_617' title='bbox 1615 1454 1662 1480; x_wconf 74' lang='grc' dir='ltr'><strong>ἐπὶ</strong></span> <span class='ocrx_word' id='word_1_618' title='bbox 1681 1454 1817 1489; x_wconf 86' lang='grc' dir='ltr'>Ταρασίου</span> <span class='ocrx_word' id='word_1_619' title='bbox 1828 1453 1876 1480; x_wconf 81' lang='grc' dir='ltr'><strong>τοῦ</strong></span> 
     </span>
    </p>
   </div>
   <div class='ocr_carea' id='block_1_91' title="bbox 1088 1499 1875 1535">
    <p class='ocr_par' dir='ltr' id='par_1_91' title="bbox 1088 1499 1875 1535">
     <span class='ocr_line' id='line_1_91' title="bbox 1088 1499 1875 1535; baseline 0 -9"><span class='ocrx_word' id='word_1_620' title='bbox 1088 1499 1160 1527; x_wconf 78' lang='grc' dir='ltr'>θείου</span> <span class='ocrx_word' id='word_1_621' title='bbox 1191 1500 1300 1527; x_wconf 87' lang='grc' dir='ltr'>σύνοδον</span> <span class='ocrx_word' id='word_1_622' title='bbox 1321 1500 1393 1527; x_wconf 76' lang='grc' dir='ltr'>κατὰ</span> <span class='ocrx_word' id='word_1_623' title='bbox 1415 1500 1470 1526; x_wconf 81' lang='grc' dir='ltr'><strong>τῶν</strong></span> <span class='ocrx_word' id='word_1_624' title='bbox 1500 1500 1693 1535; x_wconf 83' lang='grc' dir='ltr'>Εἰκονομάχων</span> <span class='ocrx_word' id='word_1_625' title='bbox 1715 1499 1875 1535; x_wconf 74' lang='grc' dir='ltr'>γενομένην,</span> 
     </span>
    </p>
   </div>
   <div class='ocr_carea' id='block_1_92' title="bbox 1088 1545 1876 1581">
    <p class='ocr_par' dir='ltr' id='par_1_92' title="bbox 1088 1545 1876 1581">
     <span class='ocr_line' id='line_1_92' title="bbox 1088 1545 1876 1581; baseline -0.001 -8"><span class='ocrx_word' id='word_1_626' title='bbox 1088 1545 1181 1581; x_wconf 76' lang='grc' dir='ltr'>ἐπειδὴ</span> <span class='ocrx_word' id='word_1_627' title='bbox 1197 1545 1419 1581; x_wconf 81' lang='grc' dir='ltr'>συμπαθέστερον</span> <span class='ocrx_word' id='word_1_628' title='bbox 1438 1545 1538 1581; x_wconf 81' lang='grc' dir='ltr'>μᾶλλον</span> <span class='ocrx_word' id='word_1_629' title='bbox 1556 1545 1572 1580; x_wconf 87' lang='grc' dir='ltr'>ἢ</span> <span class='ocrx_word' id='word_1_630' title='bbox 1598 1545 1766 1579; x_wconf 84' lang='grc' dir='ltr'>δικαιότερον</span> <span class='ocrx_word' id='word_1_631' title='bbox 1795 1546 1876 1580; x_wconf 77' lang='grc' dir='ltr'>ἐχρή-</span> 
     </span>
    </p>
   </div>
   <div class='ocr_carea' id='block_1_93' title="bbox 1088 1586 1876 1628">
    <p class='ocr_par' dir='ltr' id='par_1_93' title="bbox 1088 1586 1876 1628">
     <span class='ocr_line' id='line_1_93' title="bbox 1088 1586 1876 1628; baseline -0.005 -8"><span class='ocrx_word' id='word_1_632' title='bbox 1088 1601 1168 1620; x_wconf 90' lang='grc' dir='ltr'>σαντο</span> <span class='ocrx_word' id='word_1_633' title='bbox 1187 1593 1243 1624; x_wconf 85' lang='grc' dir='ltr'>τοῖς</span> <span class='ocrx_word' id='word_1_634' title='bbox 1258 1592 1416 1628; x_wconf 83' lang='grc' dir='ltr'>αἰρετικοῐς,</span> <span class='ocrx_word' id='word_1_635' title='bbox 1438 1591 1535 1627; x_wconf 86' lang='grc' dir='ltr'>καιροῦ</span> <span class='ocrx_word' id='word_1_636' title='bbox 1559 1586 1640 1618; x_wconf 76' lang='grc' dir='ltr'>πάλιν</span> <span class='ocrx_word' id='word_1_637' title='bbox 1666 1592 1764 1618; x_wconf 80' lang='grc' dir='ltr'>ἐκεῖνοι</span> <span class='ocrx_word' id='word_1_638' title='bbox 1778 1590 1876 1626; x_wconf 77' lang='grc' dir='ltr'>δραξά-</span> 
     </span>
    </p>
   </div>
   <div class='ocr_carea' id='block_1_94' title="bbox 1090 1636 1877 1674">
    <p class='ocr_par' dir='ltr' id='par_1_94' title="bbox 1090 1636 1877 1674">
     <span class='ocr_line' id='line_1_94' title="bbox 1090 1636 1877 1674; baseline -0.003 -10"><span class='ocrx_word' id='word_1_639' title='bbox 1090 1646 1176 1674; x_wconf 82' lang='grc' dir='ltr'>μενοι,</span> <span class='ocrx_word' id='word_1_640' title='bbox 1195 1639 1243 1673; x_wconf 83' lang='grc' dir='ltr'>τὴν</span> <span class='ocrx_word' id='word_1_641' title='bbox 1259 1638 1363 1664; x_wconf 76' lang='grc' dir='ltr'>οἰκείαν</span> <span class='ocrx_word' id='word_1_642' title='bbox 1375 1637 1534 1664; x_wconf 78' lang='grc' dir='ltr'>δυσσέὸειαν</span> <span class='ocrx_word' id='word_1_643' title='bbox 1554 1637 1746 1673; x_wconf 82' lang='grc' dir='ltr'>χαλεπώτερον</span> <span class='ocrx_word' id='word_1_644' title='bbox 1761 1636 1877 1663; x_wconf 83' lang='grc' dir='ltr'>ἀνενεώ-</span> 
     </span>
    </p>
   </div>
   <div class='ocr_carea' id='block_1_95' title="bbox 1089 1681 1878 1718">
    <p class='ocr_par' dir='ltr' id='par_1_95' title="bbox 1089 1681 1878 1718">
     <span class='ocr_line' id='line_1_95' title="bbox 1089 1681 1878 1718; baseline -0.001 -8"><span class='ocrx_word' id='word_1_645' title='bbox 1089 1691 1169 1710; x_wconf 83' lang='grc' dir='ltr'>σαντο</span> <span class='ocrx_word' id='word_1_646' title='bbox 1179 1691 1186 1698; x_wconf 93' lang='grc'>·</span> <span class='ocrx_word' id='word_1_647' title='bbox 1202 1683 1273 1710; x_wconf 73' lang='grc' dir='ltr'>οὕτω</span> <span class='ocrx_word' id='word_1_648' title='bbox 1288 1683 1335 1710; x_wconf 73' lang='grc' dir='ltr'>καὶ</span> <span class='ocrx_word' id='word_1_649' title='bbox 1350 1682 1398 1710; x_wconf 89' lang='grc' dir='ltr'><strong>νῦν</strong></span> <span class='ocrx_word' id='word_1_650' title='bbox 1408 1683 1459 1718; x_wconf 84' lang='grc' dir='ltr'>τῆς</span> <span class='ocrx_word' id='word_1_651' title='bbox 1471 1683 1581 1710; x_wconf 80' lang='grc' dir='ltr'>συνόδου</span> <span class='ocrx_word' id='word_1_652' title='bbox 1601 1683 1703 1718; x_wconf 78' lang='grc' dir='ltr'>ταύτης</span> <span class='ocrx_word' id='word_1_653' title='bbox 1725 1681 1878 1717; x_wconf 76' lang='grc' dir='ltr'>πεφεισμέσ-</span> 
     </span>
    </p>
   </div>
   <div class='ocr_carea' id='block_1_96' title="bbox 1088 1728 1878 1764">
    <p class='ocr_par' dir='ltr' id='par_1_96' title="bbox 1088 1728 1878 1764">
     <span class='ocr_line' id='line_1_96' title="bbox 1088 1728 1878 1764; baseline -0.001 -9"><span class='ocrx_word' id='word_1_654' title='bbox 1088 1737 1151 1761; x_wconf 85' lang='grc' dir='ltr'>νως,</span> <span class='ocrx_word' id='word_1_655' title='bbox 1168 1728 1224 1756; x_wconf 82' lang='grc' dir='ltr'>ἀλλ’</span> <span class='ocrx_word' id='word_1_656' title='bbox 1237 1730 1288 1756; x_wconf 85' lang='grc' dir='ltr'>οὐκ</span> <span class='ocrx_word' id='word_1_657' title='bbox 1303 1729 1490 1764; x_wconf 84' lang='grc' dir='ltr'>ἀπροσπαθῶς</span> <span class='ocrx_word' id='word_1_658' title='bbox 1504 1730 1552 1756; x_wconf 80' lang='grc' dir='ltr'><strong>καὶ</strong></span> <span class='ocrx_word' id='word_1_659' title='bbox 1562 1728 1711 1760; x_wconf 79' lang='grc' dir='ltr'>κανονικῶς</span> <span class='ocrx_word' id='word_1_660' title='bbox 1725 1728 1774 1764; x_wconf 77' lang='grc' dir='ltr'>τὴν</span> <span class='ocrx_word' id='word_1_661' title='bbox 1788 1728 1878 1764; x_wconf 91' lang='grc' dir='ltr'>κρίσιν</span> 
     </span>
    </p>
   </div>
   <div class='ocr_carea' id='block_1_97' title="bbox 1089 1770 1878 1808">
    <p class='ocr_par' dir='ltr' id='par_1_97' title="bbox 1089 1770 1878 1808">
     <span class='ocr_line' id='line_1_97' title="bbox 1089 1770 1878 1808; baseline -0.032 11"><span class='ocrx_word' id='word_1_662' title='bbox 1089 1774 1314 1808; x_wconf 69' lang='grc' dir='ltr'><strong>ἀποφηναμένης»</strong></span> <span class='ocrx_word' id='word_1_663' title='bbox 1325 1770 1403 1808; x_wconf 63' lang='grc' dir='ltr'>εὗρεν</span> <span class='ocrx_word' id='word_1_664' title='bbox 1412 1771 1488 1804; x_wconf 77' lang='grc' dir='ltr'>αὖθις</span> <span class='ocrx_word' id='word_1_665' title='bbox 1499 1774 1516 1808; x_wconf 84' lang='grc' dir='ltr'><strong>ὴ</strong></span> <span class='ocrx_word' id='word_1_666' title='bbox 1533 1773 1649 1808; x_wconf 81' lang='grc' dir='ltr'>πονηρία</span> <span class='ocrx_word' id='word_1_667' title='bbox 1663 1772 1731 1799; x_wconf 79' lang='grc' dir='ltr'>κατὰ</span> <span class='ocrx_word' id='word_1_668' title='bbox 1744 1772 1795 1807; x_wconf 81' lang='grc' dir='ltr'>τῆς</span> <span class='ocrx_word' id='word_1_669' title='bbox 1818 1772 1878 1799; x_wconf 82' lang='grc' dir='ltr'><strong>Ἐκ-</strong></span> 
     </span>
    </p>
   </div>
   <div class='ocr_carea' id='block_1_98' title="bbox 1089 1817 1877 1854">
    <p class='ocr_par' dir='ltr' id='par_1_98' title="bbox 1089 1817 1877 1854">
     <span class='ocr_line' id='line_1_98' title="bbox 1089 1817 1877 1854; baseline -0.003 -8"><span class='ocrx_word' id='word_1_670' title='bbox 1089 1819 1202 1854; x_wconf 83' lang='grc' dir='ltr'>κλησίας</span> <span class='ocrx_word' id='word_1_671' title='bbox 1219 1819 1322 1854; x_wconf 88' lang='grc' dir='ltr'>χώραν.</span> <span class='ocrx_word' id='word_1_672' title='bbox 1338 1819 1392 1846; x_wconf 82' lang='grc' dir='ltr'>Καὶ</span> <span class='ocrx_word' id='word_1_673' title='bbox 1403 1819 1448 1846; x_wconf 82' lang='grc' dir='ltr'><strong>διὰ</strong></span> <span class='ocrx_word' id='word_1_674' title='bbox 1462 1819 1517 1845; x_wconf 84' lang='grc' dir='ltr'><strong>τῶν</strong></span> <span class='ocrx_word' id='word_1_675' title='bbox 1531 1819 1758 1854; x_wconf 77' lang='grc' dir='ltr'>προειλημμὲνων</span> <span class='ocrx_word' id='word_1_676' title='bbox 1770 1818 1784 1844; x_wconf 83' lang='grc' dir='ltr'><strong>ό</strong></span> <span class='ocrx_word' id='word_1_677' title='bbox 1808 1817 1877 1845; x_wconf 83' lang='grc' dir='ltr'>ἀπό-</span> 
     </span>
    </p>
   </div>
   <div class='ocr_carea' id='block_1_99' title="bbox 1090 1863 1878 1901">
    <p class='ocr_par' dir='ltr' id='par_1_99' title="bbox 1090 1863 1878 1901">
     <span class='ocr_line' id='line_1_99' title="bbox 1090 1863 1878 1901; baseline -0.003 -10"><span class='ocrx_word' id='word_1_678' title='bbox 1090 1865 1185 1900; x_wconf 77' lang='grc' dir='ltr'>ὄλητος</span> <span class='ocrx_word' id='word_1_679' title='bbox 1204 1864 1253 1901; x_wconf 84' lang='grc' dir='ltr'>[αί.</span> <span class='ocrx_word' id='word_1_680' title='bbox 1268 1865 1510 1900; x_wconf 84' lang='grc' dir='ltr'>προσειλημμένων</span> <span class='ocrx_word' id='word_1_681' title='bbox 1526 1863 1600 1898; x_wconf 59' lang='lat' dir='ltr'><strong>dum],</strong></span> <span class='ocrx_word' id='word_1_682' title='bbox 1617 1864 1664 1891; x_wconf 77' lang='grc' dir='ltr'><strong>καὶ</strong></span> <span class='ocrx_word' id='word_1_683' title='bbox 1678 1863 1722 1891; x_wconf 80' lang='grc' dir='ltr'><strong>διὰ</strong></span> <span class='ocrx_word' id='word_1_684' title='bbox 1741 1864 1797 1890; x_wconf 78' lang='grc' dir='ltr'><strong>τῶν</strong></span> <span class='ocrx_word' id='word_1_685' title='bbox 1808 1864 1878 1890; x_wconf 79' lang='grc' dir='ltr'>ἁπο-</span> 
     </span>
    </p>
   </div>
   <div class='ocr_carea' id='block_1_100' title="bbox 1089 1903 1879 1947">
    <p class='ocr_par' dir='ltr' id='par_1_100' title="bbox 1089 1903 1879 1947">
     <span class='ocr_line' id='line_1_100' title="bbox 1089 1903 1879 1947; baseline -0.004 -9"><span class='ocrx_word' id='word_1_686' title='bbox 1089 1911 1190 1947; x_wconf 83' lang='grc' dir='ltr'>κρίτων</span> <span class='ocrx_word' id='word_1_687' title='bbox 1207 1910 1385 1947; x_wconf 76' lang='grc' dir='ltr'>[ὑποκριτῶν]</span> <span class='ocrx_word' id='word_1_688' title='bbox 1401 1911 1415 1937; x_wconf 91' lang='grc' dir='ltr'><strong>ό</strong></span> <span class='ocrx_word' id='word_1_689' title='bbox 1428 1903 1630 1946; x_wconf 77' lang='grc' dir='ltr'>καθῃρημένος,</span> <span class='ocrx_word' id='word_1_690' title='bbox 1655 1909 1693 1942; x_wconf 84' lang='grc' dir='ltr'><strong>ὡς</strong></span> <span class='ocrx_word' id='word_1_691' title='bbox 1709 1908 1879 1936; x_wconf 86' lang='grc' dir='ltr'>κοινωνικῶν</span> 
     </span>
    </p>
   </div>
   <div class='ocr_carea' id='block_1_101' title="bbox 1089 1953 1881 1991">
    <p class='ocr_par' dir='ltr' id='par_1_101' title="bbox 1089 1953 1881 1991">
     <span class='ocr_line' id='line_1_101' title="bbox 1089 1953 1881 1991; baseline -0.004 -8"><span class='ocrx_word' id='word_1_692' title='bbox 1089 1956 1174 1984; x_wconf 75' lang='grc' dir='ltr'>ὄντων</span> <span class='ocrx_word' id='word_1_693' title='bbox 1193 1956 1288 1988; x_wconf 82' lang='grc' dir='ltr'>αὑτοῦ,</span> <span class='ocrx_word' id='word_1_694' title='bbox 1311 1955 1504 1991; x_wconf 83' lang='grc' dir='ltr'>καταδραμὼν,</span> <span class='ocrx_word' id='word_1_695' title='bbox 1530 1955 1579 1982; x_wconf 78' lang='grc' dir='ltr'><strong>καὶ</strong></span> <span class='ocrx_word' id='word_1_696' title='bbox 1595 1953 1674 1987; x_wconf 78' lang='grc' dir='ltr'>αὖθις</span> <span class='ocrx_word' id='word_1_697' title='bbox 1698 1953 1744 1982; x_wconf 74' lang='grc' dir='ltr'>τὸν</span> <span class='ocrx_word' id='word_1_698' title='bbox 1760 1955 1881 1989; x_wconf 85' lang='grc' dir='ltr'>ἱεραρχι-</span> 
     </span>
    </p>
   </div>
   <div class='ocr_carea' id='block_1_102' title="bbox 1090 2001 1879 2038">
    <p class='ocr_par' dir='ltr' id='par_1_102' title="bbox 1090 2001 1879 2038">
     <span class='ocr_line' id='line_1_102' title="bbox 1090 2001 1879 2038; baseline -0.001 -9"><span class='ocrx_word' id='word_1_699' title='bbox 1090 2003 1138 2030; x_wconf 69' lang='grc' dir='ltr'><strong>κόν</strong></span> <span class='ocrx_word' id='word_1_700' title='bbox 1150 2003 1244 2038; x_wconf 86' lang='grc' dir='ltr'>θρόνον</span> <span class='ocrx_word' id='word_1_701' title='bbox 1259 2003 1442 2038; x_wconf 81' lang='grc' dir='ltr'>τυραννήσας,</span> <span class='ocrx_word' id='word_1_702' title='bbox 1466 2001 1514 2029; x_wconf 83' lang='grc' dir='ltr'>καὶ</span> <span class='ocrx_word' id='word_1_703' title='bbox 1529 2002 1583 2029; x_wconf 84' lang='grc' dir='ltr'><strong>τῶν</strong></span> <span class='ocrx_word' id='word_1_704' title='bbox 1606 2002 1687 2038; x_wconf 82' lang='grc' dir='ltr'>ιερῶν</span> <span class='ocrx_word' id='word_1_705' title='bbox 1707 2001 1879 2033; x_wconf 83' lang='grc' dir='ltr'>καταπαίξας</span> 
     </span>
    </p>
   </div>
   <div class='ocr_carea' id='block_1_103' title="bbox 1091 2047 1880 2084">
    <p class='ocr_par' dir='ltr' id='par_1_103' title="bbox 1091 2047 1880 2084">
     <span class='ocr_line' id='line_1_103' title="bbox 1091 2047 1880 2084; baseline -0.005 -8"><span class='ocrx_word' id='word_1_706' title='bbox 1091 2049 1211 2084; x_wconf 84' lang='grc' dir='ltr'>θεσμῶν,</span> <span class='ocrx_word' id='word_1_707' title='bbox 1229 2049 1277 2075; x_wconf 79' lang='grc' dir='ltr'>καὶ</span> <span class='ocrx_word' id='word_1_708' title='bbox 1298 2049 1387 2076; x_wconf 83' lang='grc' dir='ltr'>πάντα</span> <span class='ocrx_word' id='word_1_709' title='bbox 1410 2048 1458 2084; x_wconf 79' lang='grc' dir='ltr'>μὲν</span> <span class='ocrx_word' id='word_1_710' title='bbox 1473 2047 1651 2075; x_wconf 79' lang='grc' dir='ltr'>ἁποστολικὸν</span> <span class='ocrx_word' id='word_1_711' title='bbox 1667 2047 1777 2078; x_wconf 81' lang='grc' dir='ltr'>κανόνα,</span> <span class='ocrx_word' id='word_1_712' title='bbox 1789 2047 1880 2073; x_wconf 77' lang='grc' dir='ltr'>πᾶσαν</span> 
     </span>
    </p>
   </div>
   <div class='ocr_carea' id='block_1_104' title="bbox 1091 2092 1879 2132">
    <p class='ocr_par' dir='ltr' id='par_1_104' title="bbox 1091 2092 1879 2132">
     <span class='ocr_line' id='line_1_104' title="bbox 1091 2092 1879 2132; baseline -0.004 -10"><span class='ocrx_word' id='word_1_713' title='bbox 1091 2096 1119 2122; x_wconf 81' lang='grc' dir='ltr'>δὲ</span> <span class='ocrx_word' id='word_1_714' title='bbox 1138 2095 1287 2132; x_wconf 84' lang='grc' dir='ltr'>παράδοσιν</span> <span class='ocrx_word' id='word_1_715' title='bbox 1304 2094 1534 2130; x_wconf 80' lang='grc' dir='ltr'>ὲκκλησιαστικὴν</span> <span class='ocrx_word' id='word_1_716' title='bbox 1548 2093 1804 2128; x_wconf 79' lang='grc' dir='ltr'>καταπεπατηκὼς,</span> <span class='ocrx_word' id='word_1_717' title='bbox 1832 2092 1879 2119; x_wconf 77' lang='grc' dir='ltr'>καὶ</span> 
     </span>
    </p>
   </div>
   <div class='ocr_carea' id='block_1_105' title="bbox 1092 2138 1879 2176">
    <p class='ocr_par' dir='ltr' id='par_1_105' title="bbox 1092 2138 1879 2176">
     <span class='ocr_line' id='line_1_105' title="bbox 1092 2138 1879 2176; baseline -0.005 -8"><span class='ocrx_word' id='word_1_718' title='bbox 1092 2142 1196 2173; x_wconf 82' lang='grc' dir='ltr'>πάντας</span> <span class='ocrx_word' id='word_1_719' title='bbox 1215 2142 1264 2176; x_wconf 79' lang='grc' dir='ltr'>μὲν</span> <span class='ocrx_word' id='word_1_720' title='bbox 1293 2141 1348 2168; x_wconf 86' lang='grc' dir='ltr'><strong>τῶν</strong></span> <span class='ocrx_word' id='word_1_721' title='bbox 1376 2141 1485 2168; x_wconf 75' lang='grc' dir='ltr'>οἰκείων</span> <span class='ocrx_word' id='word_1_722' title='bbox 1513 2140 1664 2175; x_wconf 74' lang='grc' dir='ltr'>ὁμολογιῶν</span> <span class='ocrx_word' id='word_1_723' title='bbox 1688 2138 1879 2174; x_wconf 78' lang='grc' dir='ltr'>χειρογράφων</span> 
     </span>
    </p>
   </div>
   <div class='ocr_carea' id='block_1_106' title="bbox 1092 2181 1878 2223">
    <p class='ocr_par' dir='ltr' id='par_1_106' title="bbox 1092 2181 1878 2223">
     <span class='ocr_line' id='line_1_106' title="bbox 1092 2181 1878 2223; baseline -0.006 -9"><span class='ocrx_word' id='word_1_724' title='bbox 1092 2187 1240 2223; x_wconf 81' lang='grc' dir='ltr'>ἁθετητὰς,</span> <span class='ocrx_word' id='word_1_725' title='bbox 1264 2187 1368 2218; x_wconf 79' lang='grc' dir='ltr'>πάντας</span> <span class='ocrx_word' id='word_1_726' title='bbox 1395 2187 1425 2213; x_wconf 76' lang='grc' dir='ltr'>δὲ</span> <span class='ocrx_word' id='word_1_727' title='bbox 1448 2185 1657 2221; x_wconf 84' lang='grc' dir='ltr'>σταυροπάτας,</span> <span class='ocrx_word' id='word_1_728' title='bbox 1685 2181 1742 2216; x_wconf 73' lang='grc' dir='ltr'>οἷος</span> <span class='ocrx_word' id='word_1_729' title='bbox 1765 2185 1878 2216; x_wconf 75' lang='grc' dir='ltr'>ἐκεῖνος,</span> 
     </span>
    </p>
   </div>
   <div class='ocr_carea' id='block_1_107' title="bbox 1093 2230 1881 2267">
    <p class='ocr_par' dir='ltr' id='par_1_107' title="bbox 1093 2230 1881 2267">
     <span class='ocr_line' id='line_1_107' title="bbox 1093 2230 1881 2267; baseline -0.004 -8"><span class='ocrx_word' id='word_1_730' title='bbox 1093 2233 1214 2267; x_wconf 80' lang='grc' dir='ltr'>γίνεσθαι</span> <span class='ocrx_word' id='word_1_731' title='bbox 1231 2232 1459 2267; x_wconf 81' lang='grc' dir='ltr'>καταναγκάζων,</span> <span class='ocrx_word' id='word_1_732' title='bbox 1475 2231 1590 2258; x_wconf 76' lang='grc' dir='ltr'>καί-τῶν</span> <span class='ocrx_word' id='word_1_733' title='bbox 1601 2231 1716 2265; x_wconf 89' lang='grc' dir='ltr'>πρώτων</span> <span class='ocrx_word' id='word_1_734' title='bbox 1729 2233 1765 2257; x_wconf 73' lang='grc' dir='ltr'>τὰ</span> <span class='ocrx_word' id='word_1_735' title='bbox 1778 2230 1881 2264; x_wconf 76' lang='grc' dir='ltr'>ἔσχατα</span> 
     </span>
    </p>
   </div>
   <div class='ocr_carea' id='block_1_108' title="bbox 1093 2276 1880 2314">
    <p class='ocr_par' dir='ltr' id='par_1_108' title="bbox 1093 2276 1880 2314">
     <span class='ocr_line' id='line_1_108' title="bbox 1093 2276 1880 2314; baseline -0.003 -9"><span class='ocrx_word' id='word_1_736' title='bbox 1093 2279 1178 2314; x_wconf 85' lang='grc' dir='ltr'>χείρω</span> <span class='ocrx_word' id='word_1_737' title='bbox 1192 2278 1360 2313; x_wconf 83' lang='grc' dir='ltr'>διαθέμενος,</span> <span class='ocrx_word' id='word_1_738' title='bbox 1376 2278 1425 2309; x_wconf 78' lang='grc' dir='ltr'><strong>τὰς</strong></span> <span class='ocrx_word' id='word_1_739' title='bbox 1440 2278 1568 2304; x_wconf 80' lang='grc' dir='ltr'>ἁπάντων</span> <span class='ocrx_word' id='word_1_740' title='bbox 1588 2277 1756 2312; x_wconf 81' lang='grc' dir='ltr'>συνειδήσεις</span> <span class='ocrx_word' id='word_1_741' title='bbox 1782 2276 1880 2312; x_wconf 79' lang='grc' dir='ltr'><strong>ὲὸεὸἡ-</strong></span> 
     </span>
    </p>
   </div>
   <div class='ocr_carea' id='block_1_109' title="bbox 1094 2317 1878 2359">
    <p class='ocr_par' dir='ltr' id='par_1_109' title="bbox 1094 2317 1878 2359">
     <span class='ocr_line' id='line_1_109' title="bbox 1094 2317 1878 2359; baseline -0.003 -8"><span class='ocrx_word' id='word_1_742' title='bbox 1094 2325 1163 2351; x_wconf 84' lang='grc' dir='ltr'>λωσε</span> <span class='ocrx_word' id='word_1_743' title='bbox 1181 2325 1227 2351; x_wconf 80' lang='grc' dir='ltr'>καὶ</span> <span class='ocrx_word' id='word_1_744' title='bbox 1244 2324 1404 2359; x_wconf 86' lang='grc' dir='ltr'>κατέχρανε.</span> <span class='ocrx_word' id='word_1_745' title='bbox 1429 2317 1515 2350; x_wconf 69' lang='grc' dir='ltr'>Τοῦτο</span> <span class='ocrx_word' id='word_1_746' title='bbox 1539 2324 1598 2359; x_wconf 81' lang='grc' dir='ltr'>μὲν,</span> <span class='ocrx_word' id='word_1_747' title='bbox 1622 2323 1685 2355; x_wconf 83' lang='grc' dir='ltr'>ὼςό</span> <span class='ocrx_word' id='word_1_748' title='bbox 1710 2323 1775 2358; x_wconf 80' lang='grc' dir='ltr'>ὲμδς</span> <span class='ocrx_word' id='word_1_749' title='bbox 1790 2322 1878 2356; x_wconf 85' lang='grc' dir='ltr'>λόγος,</span> 
     </span>
    </p>
   </div>
   <div class='ocr_carea' id='block_1_110' title="bbox 1094 2369 1881 2406">
    <p class='ocr_par' dir='ltr' id='par_1_110' title="bbox 1094 2369 1881 2406">
     <span class='ocr_line' id='line_1_110' title="bbox 1094 2369 1881 2406; baseline -0.003 -9"><span class='ocrx_word' id='word_1_750' title='bbox 1094 2372 1146 2406; x_wconf 77' lang='grc' dir='ltr'>τῆς</span> <span class='ocrx_word' id='word_1_751' title='bbox 1165 2371 1273 2398; x_wconf 73' lang='grc' dir='ltr'>συνόδου</span> <span class='ocrx_word' id='word_1_752' title='bbox 1288 2371 1391 2405; x_wconf 87' lang='grc' dir='ltr'>ταύτης</span> <span class='ocrx_word' id='word_1_753' title='bbox 1415 2371 1446 2397; x_wconf 84' lang='grc' dir='ltr'>τὸ</span> <span class='ocrx_word' id='word_1_754' title='bbox 1461 2371 1616 2406; x_wconf 73' lang='grc' dir='ltr'>ἐλάττωμα,</span> <span class='ocrx_word' id='word_1_755' title='bbox 1633 2369 1677 2396; x_wconf 78' lang='grc' dir='ltr'><strong>διὰ</strong></span> <span class='ocrx_word' id='word_1_756' title='bbox 1699 2369 1749 2404; x_wconf 80' lang='grc' dir='ltr'>τῆς</span> <span class='ocrx_word' id='word_1_757' title='bbox 1767 2370 1881 2396; x_wconf 78' lang='grc' dir='ltr'>καταδο-</span> 
     </span>
    </p>
   </div>
   <div class='ocr_carea' id='block_1_111' title="bbox 1090 2413 1879 2452">
    <p class='ocr_par' dir='ltr' id='par_1_111' title="bbox 1090 2413 1879 2452">
     <span class='ocr_line' id='line_1_111' title="bbox 1090 2413 1879 2452; baseline -0.004 -9"><span class='ocrx_word' id='word_1_758' title='bbox 1090 2417 1140 2452; x_wconf 88' lang='grc' dir='ltr'>χῆς</span> <span class='ocrx_word' id='word_1_759' title='bbox 1156 2416 1204 2444; x_wconf 71' lang='grc' dir='ltr'>καὶ</span> <span class='ocrx_word' id='word_1_760' title='bbox 1219 2416 1362 2447; x_wconf 86' lang='grc' dir='ltr'>κοινωνίας</span> <span class='ocrx_word' id='word_1_761' title='bbox 1375 2415 1430 2443; x_wconf 86' lang='grc' dir='ltr'><strong>τῶν</strong></span> <span class='ocrx_word' id='word_1_762' title='bbox 1446 2416 1661 2451; x_wconf 83' lang='grc' dir='ltr'>παραπεσόντων</span> <span class='ocrx_word' id='word_1_763' title='bbox 1674 2434 1682 2447; x_wconf 89' lang='grc'><strong>,</strong></span> <span class='ocrx_word' id='word_1_764' title='bbox 1707 2415 1753 2441; x_wconf 77' lang='grc' dir='ltr'>καὶ</span> <span class='ocrx_word' id='word_1_765' title='bbox 1768 2414 1813 2441; x_wconf 84' lang='grc' dir='ltr'><strong>τὸν</strong></span> <span class='ocrx_word' id='word_1_766' title='bbox 1831 2413 1879 2440; x_wconf 82' lang='grc' dir='ltr'>λύ-</span> 
     </span>
    </p>
   </div>
   <div class='ocr_carea' id='block_1_112' title="bbox 1091 2458 1878 2496">
    <p class='ocr_par' dir='ltr' id='par_1_112' title="bbox 1091 2458 1878 2496">
     <span class='ocr_line' id='line_1_112' title="bbox 1091 2458 1878 2496; baseline -0.004 -8"><span class='ocrx_word' id='word_1_767' title='bbox 1091 2471 1149 2496; x_wconf 87' lang='grc' dir='ltr'>κον,</span> <span class='ocrx_word' id='word_1_768' title='bbox 1167 2461 1204 2493; x_wconf 83' lang='grc' dir='ltr'><strong>ὡς</strong></span> <span class='ocrx_word' id='word_1_769' title='bbox 1220 2461 1251 2488; x_wconf 81' lang='grc' dir='ltr'>οὐ</span> <span class='ocrx_word' id='word_1_770' title='bbox 1269 2461 1432 2496; x_wconf 81' lang='grc' dir='ltr'>προσεδόκα,</span> <span class='ocrx_word' id='word_1_771' title='bbox 1459 2462 1515 2492; x_wconf 83' lang='grc' dir='ltr'>τοῖς</span> <span class='ocrx_word' id='word_1_772' title='bbox 1542 2460 1689 2495; x_wconf 67' lang='grc' dir='ltr'>προϐάτοις</span> <span class='ocrx_word' id='word_1_773' title='bbox 1713 2458 1878 2493; x_wconf 66' lang='grc' dir='ltr'>ἐπεισαγού-</span> 
     </span>
    </p>
   </div>
   <div class='ocr_carea' id='block_1_113' title="bbox 1093 2505 1878 2543">
    <p class='ocr_par' dir='ltr' id='par_1_113' title="bbox 1093 2505 1878 2543">
     <span class='ocr_line' id='line_1_113' title="bbox 1093 2505 1878 2543; baseline -0.004 -9"><span class='ocrx_word' id='word_1_774' title='bbox 1093 2517 1152 2543; x_wconf 85' lang='grc' dir='ltr'>σης.</span> <span class='ocrx_word' id='word_1_775' title='bbox 1169 2507 1254 2534; x_wconf 82' lang='grc' dir='ltr'>Τοῦτο</span> <span class='ocrx_word' id='word_1_776' title='bbox 1266 2507 1293 2534; x_wconf 76' lang='grc' dir='ltr'>δὲ</span> <span class='ocrx_word' id='word_1_777' title='bbox 1314 2516 1386 2538; x_wconf 86' lang='grc' dir='ltr'>τινες</span> <span class='ocrx_word' id='word_1_778' title='bbox 1402 2507 1448 2534; x_wconf 77' lang='grc' dir='ltr'><strong>καί</strong></span> <span class='ocrx_word' id='word_1_779' title='bbox 1461 2507 1513 2534; x_wconf 74' lang='grc' dir='ltr'>ἀπὸ</span> <span class='ocrx_word' id='word_1_780' title='bbox 1527 2507 1580 2533; x_wconf 84' lang='grc' dir='ltr'><strong>τῶν</strong></span> <span class='ocrx_word' id='word_1_781' title='bbox 1599 2505 1878 2542; x_wconf 82' lang='grc' dir='ltr'>παρηκολουθηκότων</span> 
     </span>
    </p>
   </div>
   <div class='ocr_carea' id='block_1_114' title="bbox 1093 2552 1877 2589">
    <p class='ocr_par' dir='ltr' id='par_1_114' title="bbox 1093 2552 1877 2589">
     <span class='ocr_line' id='line_1_114' title="bbox 1093 2552 1877 2589; baseline -0.003 -9"><span class='ocrx_word' id='word_1_782' title='bbox 1093 2555 1148 2585; x_wconf 85' lang='grc' dir='ltr'>τοῖς</span> <span class='ocrx_word' id='word_1_783' title='bbox 1159 2553 1219 2580; x_wconf 88' lang='grc' dir='ltr'>τότε</span> <span class='ocrx_word' id='word_1_784' title='bbox 1236 2553 1343 2589; x_wconf 80' lang='grc' dir='ltr'>χρόνοις</span> <span class='ocrx_word' id='word_1_785' title='bbox 1356 2553 1515 2587; x_wconf 80' lang='grc' dir='ltr'>τεκμηρίων</span> <span class='ocrx_word' id='word_1_786' title='bbox 1528 2552 1671 2587; x_wconf 78' lang='grc' dir='ltr'>ἐμφρόνως</span> <span class='ocrx_word' id='word_1_787' title='bbox 1684 2552 1877 2585; x_wconf 74' lang='grc' dir='ltr'>ὲστοχάσαντο.</span> 
     </span>
    </p>
   </div>
   <div class='ocr_carea' id='block_1_115' title="bbox 1094 2596 1877 2636">
    <p class='ocr_par' dir='ltr' id='par_1_115' title="bbox 1094 2596 1877 2636">
     <span class='ocr_line' id='line_1_115' title="bbox 1094 2596 1877 2636; baseline -0.005 -9"><span class='ocrx_word' id='word_1_788' title='bbox 1094 2601 1149 2627; x_wconf 79' lang='grc' dir='ltr'><strong>Καὶ</strong></span> <span class='ocrx_word' id='word_1_789' title='bbox 1168 2599 1222 2636; x_wconf 85' lang='grc' dir='ltr'><strong>γὰρ</strong></span> <span class='ocrx_word' id='word_1_790' title='bbox 1248 2601 1331 2635; x_wconf 81' lang='grc' dir='ltr'>μήπω</span> <span class='ocrx_word' id='word_1_791' title='bbox 1345 2599 1459 2634; x_wconf 77' lang='grc' dir='ltr'>ταυτησὶ</span> <span class='ocrx_word' id='word_1_792' title='bbox 1471 2599 1519 2634; x_wconf 83' lang='grc' dir='ltr'><strong>τῆς</strong></span> <span class='ocrx_word' id='word_1_793' title='bbox 1531 2599 1642 2625; x_wconf 87' lang='grc' dir='ltr'>συνόδου</span> <span class='ocrx_word' id='word_1_794' title='bbox 1656 2596 1877 2633; x_wconf 83' lang='grc' dir='ltr'>συγκεκροτημέ-</span> 
     </span>
    </p>
   </div>
   <div class='ocr_carea' id='block_1_116' title="bbox 1094 2643 1881 2682">
    <p class='ocr_par' dir='ltr' id='par_1_116' title="bbox 1094 2643 1881 2682">
     <span class='ocr_line' id='line_1_116' title="bbox 1094 2643 1881 2682; baseline -0.004 -10"><span class='ocrx_word' id='word_1_795' title='bbox 1094 2655 1153 2682; x_wconf 82' lang='grc' dir='ltr'>νης,</span> <span class='ocrx_word' id='word_1_796' title='bbox 1168 2646 1209 2672; x_wconf 75' lang='grc' dir='ltr'>ἔτι</span> <span class='ocrx_word' id='word_1_797' title='bbox 1221 2646 1249 2672; x_wconf 85' lang='grc' dir='ltr'>δὲ</span> <span class='ocrx_word' id='word_1_798' title='bbox 1260 2645 1451 2680; x_wconf 72' lang='grc' dir='ltr'>ἐλπιζομένης,</span> <span class='ocrx_word' id='word_1_799' title='bbox 1468 2644 1594 2679; x_wconf 75' lang='grc' dir='ltr'>βούϐαλοι</span> <span class='ocrx_word' id='word_1_800' title='bbox 1604 2643 1703 2676; x_wconf 75' lang='grc' dir='ltr'><strong>ἔξωθέν</strong></span> <span class='ocrx_word' id='word_1_801' title='bbox 1719 2652 1784 2670; x_wconf 82' lang='grc' dir='ltr'>ποτε</span> <span class='ocrx_word' id='word_1_802' title='bbox 1802 2644 1881 2670; x_wconf 72' lang='grc' dir='ltr'>ἐλαυ-</span> 
     </span>
    </p>
   </div>
   <div class='ocr_carea' id='block_1_117' title="bbox 1094 2688 1880 2727">
    <p class='ocr_par' dir='ltr' id='par_1_117' title="bbox 1094 2688 1880 2727">
     <span class='ocr_line' id='line_1_117' title="bbox 1094 2688 1880 2727; baseline -0.006 -7"><span class='ocrx_word' id='word_1_803' title='bbox 1094 2693 1213 2727; x_wconf 82' lang='grc' dir='ltr'>νόμενοι,</span> <span class='ocrx_word' id='word_1_804' title='bbox 1227 2692 1298 2718; x_wconf 83' lang='grc' dir='ltr'>κατὰ</span> <span class='ocrx_word' id='word_1_805' title='bbox 1318 2690 1404 2726; x_wconf 84' lang='grc' dir='ltr'>μέσης</span> <span class='ocrx_word' id='word_1_806' title='bbox 1426 2690 1551 2726; x_wconf 78' lang='grc' dir='ltr'>διήγοντο</span> <span class='ocrx_word' id='word_1_807' title='bbox 1564 2690 1613 2724; x_wconf 81' lang='grc' dir='ltr'><strong>τῆς</strong></span> <span class='ocrx_word' id='word_1_808' title='bbox 1637 2688 1757 2720; x_wconf 78' lang='grc' dir='ltr'>πόλεως’</span> <span class='ocrx_word' id='word_1_809' title='bbox 1774 2688 1880 2724; x_wconf 72' lang='grc' dir='ltr'>ἀθρόως</span> 
     </span>
    </p>
   </div>
   <div class='ocr_carea' id='block_1_118' title="bbox 1091 2766 1880 2806">
    <p class='ocr_par' dir='ltr' id='par_1_118' title="bbox 1091 2766 1880 2806">
     <span class='ocr_line' id='line_1_118' title="bbox 1091 2766 1880 2806; baseline -0.005 -10"><span class='ocrx_word' id='word_1_810' title='bbox 1091 2770 1241 2797; x_wconf 62' lang='grc' dir='ltr'>ιίεηὸίίοίιήιῖ</span> <span class='ocrx_word' id='word_1_811' title='bbox 1273 2769 1448 2806; x_wconf 77' lang='lat' dir='ltr'><strong>quippe_&#39;cum</strong></span> <span class='ocrx_word' id='word_1_812' title='bbox 1477 2767 1629 2806; x_wconf 64' lang='lat' dir='ltr'><strong>clementius</strong></span> <span class='ocrx_word' id='word_1_813' title='bbox 1648 2768 1731 2806; x_wconf 69' lang='lat' dir='ltr'><strong>egisse</strong></span> <span class='ocrx_word' id='word_1_814' title='bbox 1761 2766 1880 2806; x_wconf 73' lang='lat' dir='ltr'><strong>videatur</strong></span> 
     </span>
    </p>
   </div>
   <div class='ocr_carea' id='block_1_119' title="bbox 1091 2803 1881 2842">
    <p class='ocr_par' dir='ltr' id='par_1_119' title="bbox 1091 2803 1881 2842">
     <span class='ocr_line' id='line_1_119' title="bbox 1091 2803 1881 2842; baseline -0.006 -11"><span class='ocrx_word' id='word_1_815' title='bbox 1091 2814 1171 2839; x_wconf 86' lang='lat' dir='ltr'><strong>quam</strong></span> <span class='ocrx_word' id='word_1_816' title='bbox 1188 2812 1234 2838; x_wconf 72' lang='lat' dir='ltr'><strong>per</strong></span> <span class='ocrx_word' id='word_1_817' title='bbox 1245 2812 1357 2842; x_wconf 57' lang='lat' dir='ltr'><strong>canones</strong></span> <span class='ocrx_word' id='word_1_818' title='bbox 1372 2803 1671 2842; x_wconf 58' lang='lat' dir='ltr'><strong>ipsqs_ug_ere_licuissel_.</strong></span> <span class='ocrx_word' id='word_1_819' title='bbox 1685 2803 1706 2842; x_wconf 67' lang='lat' dir='ltr'><strong>si</strong></span> <span class='ocrx_word' id='word_1_820' title='bbox 1724 2803 1881 2842; x_wconf 71' lang='lat' dir='ltr'><strong>sumnwjn-</strong></span> 
     </span>
    </p>
   </div>
   <div class='ocr_carea' id='block_1_120' title="bbox 1092 2838 1881 2902">
    <p class='ocr_par' dir='ltr' id='par_1_120' title="bbox 1092 2838 1881 2902">
     <span class='ocr_line' id='line_1_120' title="bbox 1094 2838 1881 2873; baseline -0.004 -8"><span class='ocrx_word' id='word_1_821' title='bbox 1094 2838 1120 2866; x_wconf 76' lang='lat' dir='ltr'><strong>re</strong></span> <span class='ocrx_word' id='word_1_822' title='bbox 1138 2847 1214 2873; x_wconf 68' lang='lat' dir='ltr'><strong>«gere</strong></span> <span class='ocrx_word' id='word_1_823' title='bbox 1227 2848 1286 2866; x_wconf 84' lang='lat' dir='ltr'><strong>cum</strong></span> <span class='ocrx_word' id='word_1_824' title='bbox 1302 2839 1397 2866; x_wconf 82' lang='lat' dir='ltr'><strong>Pltolt&#39;o</strong></span> <span class='ocrx_word' id='word_1_825' title='bbox 1411 2838 1604 2873; x_wconf 78' lang='lat' dir='ltr'><strong>Pltotianisque</strong></span> <span class='ocrx_word' id='word_1_826' title='bbox 1628 2838 1762 2871; x_wconf 71' lang='lat' dir='ltr'><strong>uoluisset,</strong></span> <span class='ocrx_word' id='word_1_827' title='bbox 1792 2838 1881 2872; x_wconf 84' lang='lat' dir='ltr'><strong>inquit</strong></span> 
     </span>
     <span class='ocr_line' id='line_1_121' title="bbox 1092 2874 1274 2902; baseline 0 -1"><span class='ocrx_word' id='word_1_828' title='bbox 1092 2874 1122 2902; x_wconf 78' lang='grc' dir='ltr'>Ρ.</span> <span class='ocrx_word' id='word_1_829' title='bbox 1138 2874 1274 2902; x_wconf 78' lang='lat' dir='ltr'><strong>Raderus.</strong></span> 
     </span>
    </p>
   </div>
  </div>
