2092 3156
200 164 251 197 ⁵19

722 165 810 195 νιΤΑ
830 165 861 194 S.
878 162 1025 195 IGNATII
1045 163 1099 195 ΟΡ.
1119 164 1295 195 ARCHIEP.

1781 167 1837 201 550

198 221 228 247 δὲ
243 218 418 255 θροηθέντες,
441 213 492 245 ὧδε
518 218 631 245 κάκεῖσε
658 218 888 254 διεσκορπζζοντο.
903 217 949 250 Εἷς
966 217 994 244 δὲ

1046 223 1099 251 tus,
1125 219 1234 254 irrupit,
1257 223 1339 254 alque
1359 219 1392 246 ad
1421 219 1564 247 ambonem
1586 227 1673 255 usque
1696 222 1833 251 curriculo

197 265 288 292 αὐτῶν
299 264 370 291 κατὰ
379 266 429 299 τῆς
442 264 569 298 Μεγάλης
584 263 789 298 εύθυδρομήσας
813 264 986 298 Ἐκκλησιας,

198 311 246 338 καὶ
261 311 335 337 ἔνδον
348 310 395 336 τοῦ
424 309 498 344 ἱεροῦ
523 308 654 344 γεγονὼς,
680 309 761 344 ἄχρις
775 308 858 335 αὐτοῦ
879 309 985 345 τρέχων

198 357 245 384 τοῦ
265 355 393 390 ἄμϐωνος
416 355 596 390 κατήντησεν.
622 355 692 390 Ὦρα
718 355 747 381 δὲ
770 353 804 390 ἦν
832 355 915 389 ἐνάτη
941 355 991 389 τῆς

198 404 322 440 ἡμέρας·
342 403 387 430 καὶ
415 402 496 433 αὐτδς
520 402 571 428 οὐκ
598 401 700 436 ἀγαθὸς
723 402 838 436 ἄγγελος
871 403 928 433 τοῖς
957 401 992 428 τὰ

198 450 310 476 τοιαῦτα
326 449 430 484 κρίνειν
445 448 526 475 εἰδόσι
545 448 734 483 κατεφαίνετο.
753 447 856 475 Τούτου
879 448 908 474 δέ
933 447 993 482 μεί-

200 496 255 527 ζων
282 495 430 527 ἀπόδειξις,
448 495 461 520 ὸ
478 494 697 529 φρικωδέστατος
724 495 849 529 σεισμὸς,
873 494 902 525 ὃς
930 493 992 520 κατ’

200 541 303 567 ἐκεῖνον
318 539 417 574 συνέϐη
433 539 478 565 τὸν
494 539 599 574 καιρόν.
622 539 736 573 Ἐνάτην
763 537 834 574 εἶχεν
871 538 992 566 Ἰανουά-

201 594 268 620 ριος,
286 585 334 611 καὶ
350 584 447 611 πολλαὶ
464 584 513 619 μὲν
525 584 680 619 ἐκκλησίαι,
700 584 811 619 ἕμϐυλοι
825 584 853 611 δέ
870 585 991 611 πλεῖστοι

200 632 247 658 καὶ
261 628 332 657 οἶκοι
349 630 556 666 ᾐδαφίσθησαν,
584 630 692 665 κτηνῶν
713 638 743 656 τε
767 631 817 657 καὶ
840 631 993 666 ἀνθρώπων

199 675 338 710 ἀμύθητος
351 675 447 709 γέγονε
462 674 644 710 πανωλεθρία,
663 675 709 701 καὶ
726 675 806 707 αὐτὸς
830 675 858 701 δέ
877 676 890 702 ὁ
907 676 994 710 μέγας

199 721 251 755 τῆς
264 720 311 747 τοῦ
328 720 395 747 Θεοῦ
410 720 509 755 Σοφίας
522 718 595 752 οἷκος
610 720 681 747 κατὰ
697 720 783 747 πολλὰ
801 721 871 756 μέρη
894 721 993 748 διεκιν-

201 765 326 793 δυνεύετο
339 765 518 801 ῥηγνύμενος,
531 766 556 791 εἰ
572 765 610 801 μὴ
618 766 667 801 τῆς
681 766 760 799 ἀξίας
776 766 844 801 πρὸς
856 765 911 793 τῶν
926 775 994 802 κρα-

200 811 319 838 τούντων
331 810 480 846 ἐτύγχανεν
498 810 668 845 ἐπιμελείας.
685 811 776 837 Ταῦτα
798 811 847 846 μὲν
872 811 924 846 πρὸ
940 811 992 846 τῆς

202 857 322 884 συνόδου.
335 857 388 883 Καὶ
403 856 462 891 μετ’
477 856 561 892 αὐτὴν
576 856 706 891 ἐξαίφνης
721 856 822 891 ἐπῆλθε
837 855 993 891 πνεύματος

203 902 306 937 σφοδρὰ
318 902 445 935 καταιγίς
456 922 462 929 .
483 901 647 938 Ὀκτώϐριος
659 902 782 929 ἐνίστατο
791 903 854 937 μήν’
868 903 914 929 καὶ
923 902 994 929 οὕτω

203 947 297 983 βιαίως
313 946 426 974 ἐπέθετο
452 947 483 974 τὺ
501 947 628 983 πνεῦμα,
654 948 692 979 ὡς
707 947 811 974 πολλῶν
828 948 876 982 μὲν
893 948 993 983 ἐκκλη-

203 993 280 1026 σιῶν,
298 992 403 1019 πολλῶν
419 993 448 1020 δέ
463 993 612 1026 παλατίων,
630 994 677 1020 καὶ
691 994 738 1020 τοῦ
753 994 952 1029 πατριαρχικοῦ
965 995 994 1021 δὲ

202 1038 341 1080 οἷκουιτδν
355 1039 480 1074 μόλιϐδον
495 1037 539 1066 οἵα
565 1039 726 1075 μεμϐράνας
744 1039 921 1072 συνελίσσειν,
947 1041 994 1066 καὶ

206 1084 246 1115 εἰς
260 1083 392 1118 τοΰδαφος
407 1085 552 1120 κατασπᾷν
563 1092 571 1101 ·
588 1084 618 1111 οὒ
635 1084 716 1120 μόνον
734 1084 773 1118 δὲ,
791 1085 859 1112 ἀλλὰ
878 1086 925 1112 καὶ
946 1085 993 1112 τοῦ

202 1131 403 1166 τετραπλεύρου
418 1131 557 1167 μονολίθου
572 1132 661 1164 κίονος
677 1133 706 1159 ἐν
726 1133 764 1168 τῷ
781 1134 952 1169 ἱπποδρομίῳ
964 1135 994 1162 τὸ

202 1176 249 1202 ἐπὶ
263 1177 312 1210 τῆς
336 1178 460 1212 κορυφῆς
488 1177 676 1212 ἐστηλωμένον
700 1178 816 1213 χαλκοῦν
843 1180 994 1215 στροϐίλων

204 1221 353 1257 βαρύτατον
365 1222 395 1249 ὃν
413 1223 451 1255 ὡς
475 1224 645 1259 πορρωτάτω
663 1225 807 1260 συνετρίϐη
823 1226 917 1252 πεσόν.
934 1227 992 1253 Οὐκ

202 1268 264 1303 εικῆ
274 1268 400 1295 δὲταῦτα
415 1269 641 1305 παρηκολούθηκε
661 1270 696 1297 τὰ
724 1272 838 1306 σημεῖα,
856 1271 924 1298 ἀλλὰ
939 1272 989 1307 τῆς

204 1314 353 1350 μελλούσης
366 1313 443 1346 αὖθις
462 1316 666 1348 ἀκαταστασίας
684 1317 730 1343 καὶ
747 1318 870 1353 ταραχῆς
888 1318 933 1345 διὰ
946 1317 994 1344 τοῦ

201 1361 383 1397 ταραχοποιοῦ
398 1361 522 1398 δαίμονος
545 1363 592 1389 ἐπὶ
616 1363 666 1399 τῆς
684 1364 848 1399 Ἐκκλησίας
871 1365 994 1391 ἐνίστατο

201 1409 340 1444 τεκμήρια
366 1409 458 1444 σαφῆ·
479 1410 551 1445 ἆπερ
572 1411 637 1443 ἴσως
661 1411 711 1437 οὐκ
736 1410 769 1437 ἂν
794 1411 953 1444 συνέπεσεν,
969 1413 994 1438 εί

204 1454 274 1490 μετὰ
294 1455 340 1482 τὸν
366 1455 555 1489 ἁποστολικὸν,
572 1456 610 1488 ὡς
637 1457 756 1493 εἴρηται,
773 1458 807 1484 τὰ
825 1458 885 1484 κατ’
913 1458 994 1485 αὑτὸν

201 1501 299 1537 ἐκρίθη
318 1501 436 1537 θεσμόν·
462 1502 520 1529 ἀλλ’
537 1503 612 1538 ὅμως
630 1504 661 1530 οὐ
689 1504 815 1539 ρυπαίνει
831 1503 917 1532 ταῦτα
942 1504 996 1541 τὴν

1043 263 1110 290 hora
1124 264 1176 291 diei
1191 271 1262 291 nona
1281 264 1420 298 pervenit;
1436 265 1483 299 qui
1500 273 1555 292 rem
1570 266 1706 293 :cstimare
1720 268 1832 296 scienti-

1043 308 1094 336 bus
1109 309 1185 336 visus
1210 312 1252 335 est
1269 309 1357 336 malus
1382 317 1444 336 esse
1457 310 1590 342 ,uuntius.
1606 311 1659 338 Sed
1677 312 1766 347 majus
1780 313 1836 340 isto!

1042 360 1232 391 argumentum
1244 359 1312 387 erat,
1328 355 1462 383 terriﬁcus
1480 356 1569 389 plane,
1586 356 1631 391 qui
1648 358 1742 384 eadem
1761 362 1832 385 tem-

1042 407 1149 436 peslate
1176 408 1249 428 nono
1274 401 1398 428 Januarii
1416 402 1526 434 accidit,
1554 407 1632 429 terrte
1648 407 1760 437 tremor,
1778 412 1834 439 quo

1043 448 1127 475 multa
1141 448 1252 482 templa,
1269 448 1393 482 plurimae
1410 448 1542 482 porticus,
1555 449 1723 484 aediﬁciaque
1740 450 1834 477 conci-

1043 494 1152 522 deruttt.
1181 494 1328 521 Hominum
1358 501 1390 521 ac
1417 494 1601 528 jumentorum
1627 500 1701 522 tanta
1727 501 1833 531 strages

1043 540 1115 568 edita
1130 545 1182 573 est,
1194 532 1297 575 quanta
1314 541 1405 568 verbis
1423 541 1538 576 exprimi
1555 541 1638 568 nullis
1651 542 1833 576 potest.'Quin

1043 590 1068 612 et
1087 586 1176 620 ipsum
1192 586 1301 620 Sophia;
1321 589 1467 620 augustum
1481 586 1527 613 Dei
1545 587 1676 622 templttm
1694 586 1788 614 multis
1806 588 1833 614 in
1874 615 1878 617 λ

1044 631 1168 666 partibus
1179 638 1355 664 concussum,
1369 631 1421 658 nisi
1433 639 1500 658 cura
1516 632 1662 666 singularis
1680 631 1833 667 principum

1043 676 1243 708 antevertisset,
1263 677 1347 703 ruinae
1363 676 1514 711 periculum
1535 677 1657 704 adiisset.
1674 678 1763 712 Atque
1776 677 1834 704 hrec

1045 727 1107 749 ante
1123 723 1257 758 synodum
1274 730 1401 750 evenere.
1420 722 1486 750 Post
1511 723 1645 758 synodum
1658 731 1724 750 vero
1741 730 1835 750 mense

1044 766 1154 794 Octobri
1170 767 1225 801 jam
1252 767 1373 798 ineunte,
1399 771 1511 802 repente
1540 771 1631 794 tantus
1649 768 1720 794 venit
1741 767 1833 801 turbo,

1045 816 1174 846 tantaque
1190 811 1292 846 ingruit
1306 812 1434 846 procella,
1455 817 1484 839 ut
1501 812 1584 840 multa
1601 812 1712 846 tentpla,
1737 813 1837 840 multa-

1045 863 1099 891 que
1121 857 1232 891 palatia,
1250 862 1331 892 atque
1356 857 1442 892 ipsitts
1467 857 1548 884 etiam
1574 857 1732 892 patriarchii
1746 858 1835 892 plum-

1046 902 1124 928 beum
1138 907 1238 929 tectum
1254 902 1342 929 instar
1366 902 1532 929 membranae
1547 903 1722 930 convolutum
1739 903 1765 930 in
1781 909 1837 930 ter-

1044 954 1101 974 ram
1115 947 1253 982 dejeeerit.
1269 947 1324 974 lmo
1339 952 1366 975 ct
1380 947 1491 975 obelisci
1508 947 1535 974 in
1556 947 1734 982 hippodromo
1751 952 1835 974 tetra—

1044 993 1106 1028 goni
1120 1000 1152 1020 ex
1169 997 1297 1028 perpetuo
1324 993 1413 1028 lapide
1439 993 1501 1021 facti
1521 994 1643 1020 aheneus
1672 993 1762 1026 turbo,
1786 1001 1834 1020 seu

1045 1038 1177 1065 strobilus
1193 1038 1297 1073 ingenti
1314 1039 1433 1073 pondere
1449 1038 1584 1066 columnae
1604 1038 1759 1073 impositus,
1772 1046 1841 1074 pro-

1044 1084 1088 1111 cul
1115 1083 1218 1118 ejectus
1233 1089 1260 1111 et
1274 1085 1366 1112 elisus
1377 1089 1429 1112 est.
1456 1083 1512 1112 Nec
1528 1092 1595 1111 vana
1609 1092 1675 1112 sane
1688 1085 1755 1118 tunc,
1766 1092 1836 1119 quas

1046 1133 1102 1156 tum
1118 1130 1289 1163 acciderunt,
1302 1129 1378 1157 fuere
1393 1130 1529 1165 prodigia,
1546 1131 1591 1157 sed
1604 1130 1689 1158 futuri
1705 1135 1794 1158 motus
1809 1135 1836 1158 et

1044 1175 1258 1210 perturbationis
1275 1184 1321 1209 per
1333 1176 1513 1204 architectum
1527 1176 1668 1203 turbarum
1684 1176 1836 1203 daemonem

1044 1221 1173 1249 Ecclesiae
1203 1222 1385 1256 impendentis
1405 1227 1498 1257 aperta
1528 1222 1605 1257 signa
1623 1227 1650 1248 et
1664 1227 1835 1256 argumenta.

1044 1267 1109 1301 Quae
1121 1266 1239 1295 fortasse
1250 1267 1404 1295 evenissent
1421 1276 1574 1303 nunquam,
1589 1269 1612 1295 si
1624 1275 1733 1295 causam
1747 1267 1837 1295 Photii

1046 1313 1166 1349 synodus
1183 1320 1216 1340 ex
1228 1313 1338 1340 decreto
1350 1314 1512 1348 apostolico,
1530 1319 1559 1341 ut
1572 1318 1615 1341 est
1630 1314 1744 1347 dictum,
1760 1313 1837 1341 deci-

1044 1359 1139 1387 disset.
1162 1359 1308 1386 Enimvero
1340 1360 1397 1387 haec
1425 1360 1586 1394 patriarcha:
1618 1360 1712 1395 lgnatii
1743 1359 1838 1395 gloria:

1045 1405 1132 1432 labem
1149 1405 1250 1432 nullam
1262 1408 1420 1439 aspergunt,
1433 1404 1507 1439 quod
1524 1412 1579 1431 non
1599 1409 1673 1432 esset
1686 1405 1724 1431 illi
1740 1409 1838 1431 aucto-

1045 1452 1112 1478 ritas
1127 1451 1223 1486 agendi
1240 1458 1301 1486 quze
1318 1451 1399 1478 vellet
1419 1459 1426 1477 :
1445 1450 1578 1478 Romanis
1599 1451 1673 1478 enim
1687 1459 1736 1486 pro
1749 1451 1838 1478 eccle-

1046 1497 1156 1524 siastica
1178 1497 1290 1532 antiqua
1322 1496 1478 1529 traditione,
1507 1496 1647 1530 iudicandi
1674 1501 1836 1531 potestatem

200 1548 249 1575 τοῦ
266 1549 438 1584 πατριάρχου
459 1549 549 1583 δόξαν,
575 1550 617 1576 ὅτι
634 1550 671 1585 μὴ
688 1550 852 1582 αὐθεντικῶς
867 1548 924 1586 εἶχε
941 1552 994 1578 πᾶν

1047 1543 1231 1578 permittebat.
1257 1543 1329 1576 Quin
1356 1547 1382 1570 et
1411 1543 1468 1577 ipsa
1485 1542 1605 1578 synodus
1619 1550 1671 1569 non
1697 1547 1839 1577 tantopere

204 1593 219 1620 δ
237 1593 363 1620 ἐϐούλετο
372 1594 438 1629 δρᾷν
451 1602 458 1609 ο
475 1594 575 1630 μᾶλλον
591 1594 619 1620 δὲ
631 1595 688 1626 τοῖς
707 1594 855 1629 Ῥωμαιοις
870 1595 940 1630 μετὰ
948 1595 997 1630 τὴν

202 1639 305 1666 ἄνωθεν
314 1640 547 1676 ὲκκλησιαστικὴν
564 1640 726 1675 παράδοσιν,
740 1640 789 1676 τὴν
804 1641 853 1676 τῆς
877 1641 996 1676 κρίσεως

202 1684 327 1717 ἐξουσίαν
344 1685 512 1720 παρεχώρει.
529 1685 598 1711 Ἀλλ’
614 1685 668 1712 οὐδ’
678 1686 695 1720 ἡ
710 1685 818 1717 σύνοδος
835 1685 925 1721 ἐκείνη
940 1687 998 1718 τοῖς

201 1731 413 1765 κεκοινωνηκόσι
426 1731 530 1766 Φωτίῳ,
556 1732 580 1757 εἰ
597 1731 644 1758 καὶ
665 1731 700 1757 τὰ
718 1731 834 1766 μάλιστα
852 1731 996 1766 βιασθεῖσι,

201 1776 328 1803 τοσοῦτον
353 1777 432 1812 ἠθελε
465 1777 632 1812 συμπαθεῖν,
661 1778 723 1805 ὅσον
752 1779 769 1812 ἡ
791 1777 839 1804 τοῦ
865 1778 995 1813 βασιλέως

204 1823 335 1858 ἁπλότης,
351 1823 394 1850 ἵνα
411 1823 448 1859 μὴ
462 1823 534 1858 λέγω
561 1824 707 1858 κουφότης,
739 1824 894 1859 προσώπων
908 1825 997 1859 ἡττω-

1046 1589 1155 1616 volebat
1168 1590 1202 1617 iis
1214 1589 1261 1624 qui
1272 1597 1333 1616 cum
1344 1588 1453 1621 Photio,
1466 1589 1592 1624 quamvis
1609 1588 1686 1615 inviti
1697 1592 1725 1615 et
1736 1589 1837 1621 coacti,

1046 1635 1295 1666 communicarant.
1313 1635 1463 1670 indulgere,
1480 1638 1650 1670 quantopere
1663 1634 1839 1669 simplicitas,

1047 1688 1080 1708 ne
1095 1681 1183 1708 dicam
1204 1681 1311 1713 levitas,
1329 1680 1515 1716 imperatoris,
1532 1682 1604 1709 victa
1622 1688 1720 1716 nempe
1747 1680 1838 1709 homi-

1048 1735 1112 1755 num
1134 1727 1269 1762 precibus,
1286 1731 1313 1755 et
1329 1727 1456 1755 laudibus
1476 1727 1569 1755 inﬂata
1585 1727 1726 1760 humanis,
1741 1732 1767 1755 et
1783 1729 1840 1756 cle-

1050 1773 1157 1801 mentiae
1168 1773 1277 1801 nomine
1290 1773 1409 1808 perfecta
1425 1773 1473 1801 Dei
1489 1774 1618 1808 aequitate
1631 1775 1740 1809 penitus
1754 1774 1841 1802 desti-

1052 1824 1119 1848 tuta.
1135 1819 1223 1853 Atque
1239 1819 1296 1847 hate
1313 1819 1350 1847 ita
1367 1823 1425 1847 tum
1442 1824 1517 1855 gesta
1533 1823 1608 1848 sunt.

203 1868 272 1903 μένη
287 1869 489 1904 παρακλήσεσι,
511 1868 558 1895 καὶ
579 1870 634 1901 τοῖς
649 1868 726 1903 παρὰ
743 1869 845 1896 τούτων
869 1869 990 1900 ἐπαίνοις
1011 1864 1307 1901 ὑποχαυνουμένη,καὶ
1315 1865 1520 1901 φιλανθρωπίας
1533 1866 1645 1901 ὀνόματι
1677 1867 1729 1901 τῆς
1759 1866 1843 1904 ἀκρι-

202 1913 267 1946 ϐοῦς
279 1914 326 1941 τοῦ
338 1915 406 1942 Θεοῦ
418 1915 590 1951 δικαιοσύνης
602 1916 638 1947 ὡς
659 1916 761 1943 ἐπίπαν
774 1917 978 1944 ἁποπίπτουσα.
999 1915 1073 1950 Πλὴν
1089 1913 1176 1940 ταῦτα
1193 1913 1242 1948 μὲν
1257 1913 1350 1940 τοῦτον
1365 1914 1460 1947 γέγονε
1476 1914 1523 1940 τὸν
1535 1914 1647 1948 τρόπον.

236 1960 322 1992 Aine;
341 1960 370 1987 δὲ
389 1961 403 1988 ὁ
432 1960 519 1996 μέγας
545 1961 675 1995 Ἰγνάτιος
694 1961 749 1987 τῶν
762 1961 813 1996 τῆς
835 1961 998 1996 Ἐκκλησίας

202 2005 303 2032 οἰάκων
323 2006 354 2032 τὸ
380 2006 506 2042 δεύτερον
526 2007 734 2042 ἐπιλαϐόμενος,
758 2006 843 2040 ἔδειξε
868 2007 915 2034 καὶ
941 2009 997 2039 τοῖς

203 2050 370 2085 τυφλώττειν
387 2051 519 2084 ἑκουσίως
540 2053 690 2085 ἐθέλουσιν,
708 2052 747 2083 ὡς
765 2052 853 2087 μάτην
865 2053 880 2079 ὸ
899 2052 997 2088 ἐχθρὸς

203 2097 405 2132 ἐνεκαυχήσατο
417 2099 475 2125 κατ’
491 2099 585 2127 αὑτοῦ.
608 2099 908 2134 Ἐπιστημονικώτερον
929 2099 994 2134 γὰρ,

204 2144 251 2169 καὶ
265 2143 364 2177 μᾶλλον
375 2143 511 2180 Θειότερόν
527 2154 585 2177 πως
598 2145 646 2173 καὶ
657 2145 886 2180 ἀσφαλέστερονῆ
900 2145 996 2180 πρώην

204 2189 253 2224 τὴν
275 2190 438 2226 Ἐκκλησίαν
453 2191 603 2227 ἐκυϐέρνα·
624 2191 671 2218 an
689 2191 721 2227 δὴ
738 2192 798 2223 ταῖς
817 2192 936 2227 μακραῖς
948 2200 998 2218 τα-

204 2234 369 2270 λαιπωρίαις
383 2237 429 2262 καὶ
443 2237 580 2268 ποικίλαις
600 2237 723 2272 θλίψεσιν
739 2237 833 2271 ἱκανὴν
848 2237 996 2273 ἐμπειρίαν

204 2279 294 2315 ἑαυτῷ
310 2281 486 2317 συνειλοχώς”
503 2282 651 2314 ἀδέκαστος
668 2282 718 2318 μὲν
740 2283 830 2317 πάντη
849 2283 896 2309 καὶ
910 2284 997 2318 ἀπρο-

206 2326 384 2362 σωπόληπτος
410 2329 440 2354 ἐν
468 2329 529 2359 ταῖς
556 2329 666 2364 κρίσεσι
683 2328 869 2363 δεικνύμενος,
894 2328 954 2356 λίαν
969 2328 997 2355 δὲ

205 2372 322 2407 ἀκριϐὴς
338 2373 367 2399 ἐν
384 2374 444 2405 ταῖς
457 2374 649 2410 χειροτονίαις,
665 2375 720 2406 τοῖς
737 2374 924 2409 ἀδικουμένοις
935 2375 998 2401 ἐπι-

207 2418 322 2451 κουρῶν,
337 2420 391 2449 τοῖς
406 2420 589 2454 λυπουμένοις
607 2420 836 2454 συλλυπούμενος,
846 2421 903 2451 τοῖς
919 2428 998 2447 πενο-

207 2463 298 2498 μένοις
312 2464 453 2500 ἐπαρκῶν,
471 2466 518 2492 καὶ
534 2465 583 2501 τὴν
599 2466 703 2492 ἔνδειαν
730 2466 836 2497 τούτοις
851 2466 899 2500 ὅση
917 2465 998 2492 δύνα-

208 2517 253 2543 μις
272 2510 373 2546 ἱλαρῶς
390 2512 641 2547 παραμυθούμενος
655 2521 662 2527 ·
677 2512 725 2539 καὶ
737 2512 800 2543 τοὺς
816 2511 998 2543 ἀσθενοῦντας

209 2555 259 2589 μὲν
269 2555 302 2590 τῇ
317 2556 407 2583 πίστει
421 2556 437 2592 ἢ
450 2558 497 2584 καὶ
508 2557 547 2593 τῷ
571 2557 678 2593 σώματι
700 2558 868 2592 παρακαλῶν
877 2559 923 2585 καὶ
934 2558 999 2593 ψυχ-

206 2602 333 2635 αγωγῶν,
360 2603 423 2634 τοὺς
452 2603 629 2639 ὀλιγοψύχους
652 2605 680 2631 δὲ
700 2606 733 2639 τῇ
757 2604 849 2639 χάριτι
878 2605 926 2639 τῆς
950 2604 998 2631 τοῦ

208 2645 367 2682 Πνεύματος
379 2648 570 2684 ἀνακτώμενος
583 2649 758 2681 διδασκαλίας
770 2658 777 2665 ·
789 2650 836 2677 καὶ
850 2651 915 2677 πᾶσι
932 2650 999 2676 πάν-

207 2700 243 2718 τα
272 2693 423 2728 γινόμενος,
450 2694 564 2722 ἔσπευδε
590 2696 754 2731 κερδαίνειν,
771 2696 832 2722 ὅσον
857 2695 998 2730 ἐπάὺτῷ,

209 2738 316 2770 πάντας
344 2740 373 2767 ἐν
398 2741 560 2775 σπλάγχνοις
594 2741 692 2776 Ἰησοῦ.
719 2741 772 2767 Δύο
797 2741 846 2776 μὲν
863 2740 937 2776 αὐτῷ
955 2741 1000 2767 διὰ

210 2784 330 2818 σπουδῆς
339 2782 408 2819 ἦσαν
421 2785 475 2812 ὁδοί
484 2794 491 2801 ·
511 2787 527 2821 η
543 2786 592 2821 μὲν
606 2787 675 2820 πρὸς
687 2785 753 2812 Θεὸν
767 2786 894 2817 ίθυτενῶς
908 2786 1000 2821 ὁρῶσα

209 2829 254 2855 διὰ
271 2829 394 2865 καθαρᾶς
409 2840 439 2857 τε
465 2833 513 2858 καὶ
539 2832 716 2859 ἀνεκλείπτου
742 2832 914 2867 προσευχῆς·
929 2833 946 2867 ἠ
971 2832 999 2859 δὲ

210 2875 278 2909 πρὸς
290 2875 340 2911 τὴν
357 2876 406 2911 τῆς
424 2876 585 2912 Ἐκκλησίας
598 2876 741 2914 οἰκοδομὴν
754 2878 800 2905 καὶ
812 2877 998 2913 περιποίησιν.

1080 1958 1194 1993 Magnus
1223 1965 1306 1993 porro
1330 1958 1451 1993 Iguatius
1465 1959 1557 1986 denuo
1572 1959 1766 1994 gubernaculis
1785 1960 1840 1988 Ee-

1046 2004 1135 2032 clesiae
1148 2004 1286 2035 admotus,
1297 2005 1338 2031 vel
1348 2012 1397 2032 sua
1411 2010 1508 2039 sponte
1524 2006 1732 2034 cateutientibus
1746 2013 1841 2035 osten-

1045 2050 1095 2082 dit,
1111 2057 1194 2085 quam
1224 2050 1328 2078 frustra
1355 2051 1443 2079 hostis
1468 2055 1563 2078 contra
1588 2058 1617 2079 se
1635 2052 1767 2087 gloriatus
1792 2053 1838 2080 sit.

1047 2096 1166 2124 Peritius
1180 2097 1252 2124 enim
1261 2096 1474 2131 quodammodo,
1485 2098 1660 2132 sanctiusque
1676 2102 1703 2125 et
1715 2099 1840 2127 securius

1049 2150 1130 2178 qttam
1142 2147 1233 2174 antea,
1250 2141 1400 2170 Ecclesium
1413 2143 1625 2176 administravit,
1644 2148 1673 2171 ut
1687 2145 1733 2179 qui
1746 2145 1840 2174 multis

1050 2195 1078 2218 et
1101 2189 1238 2217 diuturnis
1270 2189 1410 2224 variisque
1435 2189 1543 2217 casibus
1565 2194 1593 2217 et
1615 2191 1744 2218 :erumnis
1759 2199 1839 2218 usum

1014 2227 1159 2272 I)reli,rendi
1187 2237 1320 2272 majorem
1351 2237 1403 2264 sibi
1440 2241 1636 2271 comparasset.
1680 2238 1841 2274 lncorrupte

1047 2283 1120 2310 enim
1141 2283 1269 2318 nullaque
1285 2290 1468 2317 personarum
1493 2282 1584 2310 habita
1601 2283 1707 2310 ratione
1722 2283 1769 2318 jus
1799 2283 1842 2310 tli-

1048 2329 1137 2357 cebat.
1152 2328 1325 2363 Singularem
1337 2335 1432 2356 curam
1448 2329 1475 2356 in
1492 2328 1749 2356 consecrationibus
1763 2328 1842 2356 adhi-

1048 2374 1146 2405 bebat,
1174 2373 1275 2409 injuria
1296 2373 1434 2408 oppressis
1449 2373 1553 2401 ferebat
1567 2374 1708 2408 auxilium,
1726 2373 1843 2402 alIlictos

1049 2419 1200 2450 solabatur,
1217 2424 1327 2453 egentes
1355 2419 1525 2451 sublevabat,
1545 2427 1695 2455 eorumque
1721 2420 1841 2455 inopiam

1049 2465 1106 2492 suis
1121 2465 1218 2500 copiis,
1233 2469 1263 2492 ut
1279 2469 1397 2500 poterat,
1411 2465 1533 2492 hilariter
1550 2466 1700 2493 recreabat.
1715 2465 1842 2493 lnﬁrtnos

1048 2511 1156 2546 quidem
1175 2511 1237 2543 lide,
1249 2515 1296 2538 aut
1307 2511 1389 2538 etiatn
1402 2519 1526 2546 corpore,
1540 2512 1719 2539 confirmabat
1730 2516 1756 2538 et
1766 2511 1844 2539 sola-

1050 2558 1140 2585 batur.
1163 2556 1354 2584 Pusillanimes
1382 2565 1448 2584 vero
1464 2557 1582 2592 Spiritus
1603 2557 1689 2585 sancti
1706 2557 1792 2593 gratia
1807 2557 1841 2584 ad

1049 2611 1124 2638 spem
1152 2611 1199 2638 per
1231 2603 1383 2630 doctrinam
1407 2603 1539 2639 erigebat.
1567 2603 1689 2638 Denique
1714 2602 1842 2630 omnibus

1049 2650 1141 2676 omnia
1154 2648 1254 2681 factus,
1271 2655 1321 2684 pro
1337 2648 1441 2676 viribus
1456 2649 1583 2676 studebat
1597 2656 1694 2676 omnes
1710 2648 1736 2674 in
1753 2646 1841 2673 visce—

1050 2695 1127 2723 ribus
1154 2695 1218 2722 Jesu
1243 2694 1346 2722 Christi
1375 2694 1545 2722 lucrifacere.
1577 2693 1706 2721 Geminas
1735 2698 1842 2725 semper

1050 2741 1205 2777 propositas
1221 2740 1340 2768 habebat
1358 2741 1417 2768 vias
1438 2750 1445 2767 :
1467 2741 1591 2772 alteram,
1612 2747 1665 2774 qua
1694 2741 1767 2764 recta
1793 2743 1842 2770 per

1051 2795 1133 2822 puras
1147 2792 1174 2814 et
1190 2786 1318 2814 assiduas
1339 2794 1435 2822 preces
1453 2786 1581 2814 tendebat
1595 2785 1627 2811 ad
1644 2783 1727 2810 Deum
1747 2791 1753 2808 :
1773 2782 1842 2809 alte-

1051 2841 1109 2860 ram
1136 2833 1169 2860 ad
1197 2832 1326 2860 Ecclesiae
1342 2841 1397 2861 suae
1414 2832 1621 2860 aediﬁcationem
1648 2835 1674 2857 et
1690 2828 1840 2864 profectum

1052 2878 1212 2908 referebat:
1241 2887 1335 2908 verum
1361 2879 1458 2907 eadem
1480 2878 1563 2906 simul
1587 2884 1669 2912 opera
1695 2882 1842 2912 utrumque
