2092 3156
246 162 297 196 551

830 155 976 188 ΝΙΟΕΤΑΞ
995 153 1261 185 PAPHLAGONIS

1825 151 1877 182 552

246 224 320 246 recte
333 216 557 247 administrabat;
574 222 628 242 non
646 213 839 249 perfunctorie,
856 213 908 244 wl,
921 217 950 239 ut
962 219 1032 239 non-

1093 211 1132 238 ιιὰ
1147 211 1196 246 τῆς
1210 210 1294 245 αὐτῆς
1310 210 1338 237 δὲ
1363 208 1482 244 σπουδῆς
1504 209 1650 245 ἀμφότερα
1675 207 1830 242 κατώρθου,
1845 209 1877 234 οὐ

246 264 324 296 nulli,
337 263 497 294 oscitanter,
517 262 562 289 sed
580 265 709 288 accurate
728 264 754 287 ct
776 260 930 286 decentera
945 258 1033 294 prima

245 310 359 344 juventa
375 309 408 336 ad
429 308 553 335 ultimam
570 314 656 341 usque
673 310 811 334 senectam
834 305 922 332 sacris
936 312 1034 339 opera-

247 356 342 386 batur;
366 359 447 389 atquc
463 354 489 380 in
505 352 634 379 omnibus
657 351 778 385 templis,
793 356 820 377 et
838 350 1035 377 laudatissima:

248 400 294 427 Dei
313 399 402 431 Matri,
417 403 444 425 et
458 398 557 424 divinis
572 397 702 431 apostolis
731 396 963 432 martyribusque,
990 403 1035 430 ge-

247 446 339 473 stienti
361 444 453 476 corde,
471 451 533 470 cum
546 451 577 470 ea
595 451 648 477 qua
666 450 714 477 par
730 447 799 471 erat.
811 450 843 469 ac
854 442 975 469 divinam
988 441 1037 468 de-

247 489 325 516 cehat
345 489 525 522 majestatem,
546 488 646 522 pietate
660 494 809 522 paucgyrcs
823 487 934 522 di-sque
952 486 1037 514 festos

248 535 381 569 agitabat.
402 534 468 560 Tam
486 534 530 568 pie
543 541 606 561 vero
626 538 652 560 et
667 533 804 568 religiose,
825 533 927 568 Spiritu
941 540 1038 567 nempe

247 584 343 608 sancto
365 580 441 607 ἰΙΙιιιιι
460 579 628 614 complente,
654 587 711 606 rem
727 579 846 606 divinam
865 578 991 610 iaciebat,
1008 583 1038 605 ut

247 628 274 653 in
302 627 361 660 ipso
378 626 456 653 altari
482 626 573 653 videre
590 630 663 654 essct
686 630 780 660 aperta
806 624 925 659 Spiritus
950 625 1037 652 sancti

247 673 398 707 prmsentia‘.
413 677 586 706 argumenta.
607 671 758 698 Videbatur
782 671 854 698 enim
872 671 951 706 panis
966 671 1038 698 divi-

247 727 300 746 nus
320 719 429 753 penitus
454 719 629 750 immutatus,
656 722 784 752 totusque
806 717 891 744 veluti
918 717 1037 744 cmlestis

246 765 341 798 cubo,
370 765 462 800 gratiae
488 765 580 791 radios
610 771 738 799 spargere
765 764 885 791 cmlestis
910 763 1037 790 ﬂammae.

247 811 344 839 Crm-is
359 819 467 846 quoque
483 812 602 846 signumI
619 810 691 845 quod
704 817 759 837 ara:
770 811 889 845 desuper
908 809 1037 836 immine—

248 857 303 888 bat,
318 864 388 892 smpe
404 856 509 891 placide
526 856 634 883 concuti
657 855 822 883 cernebatur
835 875 842 887 ,
871 862 934 882 cum
959 860 1038 881 sacra

1087 253 1156 289 μετὰ
1176 254 1324 289 πάρεργον,
1347 254 1407 281 οὐδὲ
1427 253 1568 289 ῥᾳθύμως,
1597 253 1694 288 ὥσπερ
1710 253 1793 285 τινὲς,
1809 253 1879 281 ἀλλὰ

1085 300 1132 327 καὶ
1143 299 1203 326 λίαν
1217 299 1354 334 ἐπιμελῶς
1370 300 1417 326 καὶ
1434 299 1568 331 συντόνως
1582 301 1614 326 ἐκ
1625 299 1752 334 νεότητος
1769 299 1821 331 ἓως
1833 300 1880 335 γή-

1087 354 1140 381 ρως
1162 346 1208 372 καὶ
1231 345 1378 378 πρεσϐείου
1407 345 1502 380 βαθέος
1516 347 1576 376 ταῖς
1593 346 1680 380 ἱεραῖς
1695 345 1879 381 λειτουργίαις

1086 390 1240 425 εὐηρέστει,
1268 391 1316 417 καὶ
1344 390 1414 425 μετὰ
1431 390 1521 416 πάντα
1538 390 1686 424 σεϐάσμιον
1701 387 1775 416 οἷκον
1800 390 1833 424 τῇ
1848 398 1880 416 τε

1087 438 1256 472 πανυμνήτῳ
1280 438 1373 473 Μητρὶ
1392 437 1537 473 τοῦλΘεοῦ,
1563 439 1620 468 τοῖς
1641 446 1671 463 τε
1698 437 1781 468 θείοις
1809 437 1880 464 ἀπο-

1089 484 1194 515 στόλοις
1210 484 1256 510 καὶ
1277 485 1412 518 μάρτυσιν
1425 485 1453 511 ὲν
1465 483 1625 518 ἀγαλλιάσει
1639 483 1752 518 καρδίας
1767 483 1880 518 θεοπρε-

1089 529 1147 561 πῶς
1161 529 1376 565 ὲπανηγύριζεν.
1406 529 1484 556 Οὕτω
1499 530 1528 556 δὲ
1545 529 1676 564 θεοφιλῶς
1691 529 1738 556 καὶ
1755 538 1880 564 πνευμαο

1088 576 1239 610 τοκινήτως
1253 576 1339 611 ἀνῆγε
1352 576 1401 611 τὴν
1418 576 1587 612 προσφορὰν,
1602 575 1640 607 ὡς
1653 576 1697 602 ἐπ’
1709 575 1795 610 αὐτῆς
1814 577 1881 612 ὁρᾷν

1088 621 1139 656 τῆς
1155 621 1229 653 Θείας
1244 621 1384 657 τραπέζης
1393 621 1495 657 ἐναργῆ
1510 622 1560 656 τῆς
1574 621 1621 648 τοῦ
1635 621 1793 655 Πνεύματος
1808 630 1882 657 παρ-

1088 669 1183 701 ουσίας
1215 670 1366 704 τεκμήρια,
1397 669 1495 704 Ὠρᾶτο
1521 669 1575 704 γὰρ
1602 669 1616 695 ὁ
1634 668 1705 700 θεῖος
1726 669 1808 704 ἄρτος
1820 669 1880 701 ὅλος

1089 714 1281 750 ἠλλοιωμένος,
1295 715 1355 746 ὅλος
1370 715 1463 750 ὥσπερ
1474 714 1577 750 ἄνθραξ
1587 715 1711 751 οὐράνιος
1724 715 1803 750 χάριν
1815 716 1882 742 ἁπο-

1090 761 1203 788 στίλὸων
1217 760 1264 787 τοῦ
1282 761 1409 796 οὐρανίου
1428 761 1525 796 πυρός.
1538 759 1642 787 Ὦπταί
1656 769 1721 787 ποτε
1738 762 1882 796 κραδαινό-

1091 816 1170 842 μενος
1181 808 1228 834 καὶ
1242 808 1257 834 ὁ
1272 808 1400 842 ὑπεράνω
1414 808 1462 844 τῆς
1477 807 1558 842 ἁγίας
1572 808 1712 843 τραπέζης
1727 809 1883 844 ἀπαιωρού-

1091 860 1170 886 μενος
1182 852 1309 888 σταυρός·
1324 852 1415 888 ἠρέμα
1431 853 1480 888 μὲν
1493 852 1622 883 πολλάκις
1638 852 1787 887 σειόμενος,
1801 853 1883 883 ὕψους

248 902 336 930 hostia
352 902 544 934 extollebatur,
561 902 648 928 sancti
668 901 786 935 Spiritus
810 901 937 928 videlicet
949 899 1038 935 signi-

1094 897 1174 931 μένου
1190 897 1237 924 τοῦ
1253 897 1349 933 ἄρτου,
1366 898 1512 933 καθωριίτο
1523 919 1531 931 ,
1549 898 1598 933 τὴν
1618 897 1665 924 τοῦ
1691 899 1769 932 ἁγίου
1782 899 1882 935 δηλαδὴ

248 947 334 974 ﬁcans
348 946 595 973 obumbrationem.
615 946 666 973 Sed
685 946 745 981 ipso
761 945 805 973 die
827 945 938 973 Pascha
955 946 1041 980 potis-

248 993 349 1020 sit-rum
371 993 439 1020 adeo
459 992 637 1019 vehementer
661 996 829 1019 commotum
844 996 897 1023 est,
921 991 960 1018 uti
982 998 1040 1026 pre-

248 1038 348 1073 sbyteri
364 1042 392 1065 et
418 1037 537 1072 episcopi
562 1045 669 1071 omnes,
698 1038 872 1072 maximeque
900 1037 919 1065 ii
938 1038 985 1073 qui
1007 1045 1040 1065 ex

248 1083 309 1111 aliis
321 1083 491 1118 patriarehiis
505 1083 627 1115 aderant,
644 1083 776 1119 mysterio
791 1083 921 1118 perculsi,
937 1084 1040 1119 ingenti

248 1137 315 1159 vuce
326 1129 429 1156 diutius
444 1129 550 1156 Numen
568 1129 695 1156 laudibus
710 1129 880 1157 celebrarint.
897 1129 935 1157 Ita
950 1137 1041 1157 sacer-

247 1174 298 1202 dos
314 1182 426 1209 magnus
437 1175 603 1202 sneriticium
623 1174 817 1202 intemeratum
838 1175 960 1210 perfecta
980 1176 1038 1208 plc-

249 1228 338 1255 naque
359 1221 411 1248 [ide
425 1220 563 1254 oﬂ‘erebat,
582 1220 692 1256 Deoque
714 1229 763 1256 per
792 1221 860 1249 illud
880 1222 1039 1257 propitiato,

249 1266 341 1301 populi
363 1266 489 1298 salutent,
507 1272 536 1293 ut
550 1266 688 1294 sacerdoti
706 1275 756 1302 par
775 1272 845 1298 erat.
862 1268 1039 1302 operabatur.

250 1312 304 1339 Eos
320 1319 401 1346 porro
425 1312 471 1346 qui
499 1312 532 1338 ad
560 1313 636 1339 illum
653 1313 831 1346 accedebant,
851 1313 1040 1348 hujuscemodi

247 1357 421 1384 documentis
434 1358 576 1385 erudiebat
592 1368 598 1385 :
618 1359 763 1392 Attendite,
774 1359 873 1394 inquit,
890 1360 1041 1395 vobis,fra-

248 1408 312 1433 tres.
326 1409 349 1430 et
367 1403 450 1430 videte
467 1404 596 1438 quomodo
611 1409 688 1432 caute
705 1405 857 1436 ambulem,
874 1414 925 1432 non
940 1412 968 1433 ut
995 1407 1039 1433 in-

248 1450 382 1483 sipientes,
394 1449 439 1476 sed
453 1454 482 1476 ut
493 1451 622 1484 sapientes
631 1458 641 1477 :
654 1455 677 1477 et
692 1451 773 1477 nolite
784 1451 842 1485 ﬁeri
852 1451 1039 1485 imprudentes,

249 1495 294 1522 sed
308 1495 481 1530 intelligente:
499 1496 661 1523 voluntatem
686 1496 734 1523 Dei
751 1497 780 1530 ες
798 1502 825 1524 et
842 1504 849 1523 :
871 1497 962 1525 Nolite
979 1507 1041 1525 con-

250 1541 364 1575 formari
376 1541 437 1568 huic
449 1541 558 1573 saeculo,
574 1541 870 1576 sedtrantformamini,
886 1545 1037 1571 secundum
1054 1561 1074 1589 ο

251 1587 410 1621 Apostolum
422 1607 430 1619 ,
450 1588 618 1614 renovatione
635 1588 728 1615 utentis
752 1593 865 1621 vestrm;
882 1595 909 1616 ut
924 1591 1038 1624 probetis

250 1640 305 1664 uos,
319 1639 343 1659 et
359 1633 461 1664 sciatis,
473 1641 532 1667 qua:
545 1633 578 1659 sit
595 1633 718 1660 voluntas
733 1633 779 1660 Dei
797 1633 865 1661 bona
877 1640 901 1661 et
916 1635 1040 1670 benepla-

250 1685 310 1704 cena
338 1683 362 1705 et
389 1678 506 1712 perfecta
529 1679 562 1704 ':
587 1683 611 1705 et
629 1687 687 1713 quin
721 1680 823 1706 vocalia
854 1680 916 1714 ﬁdei
949 1687 1041 1709 vestrae

249 1728 275 1750 et
290 1725 344 1758 spei
359 1724 387 1750 in
400 1724 505 1751 Christo
520 1723 585 1751 Jesu
599 1724 711 1752 Domina
727 1730 817 1753 nostro
829 1727 861 1754 ¹⁰.
879 1726 919 1754 Sit
930 1728 1041 1755 lucerna

251 1769 344 1797 cordis
363 1769 447 1796 vestri
470 1777 579 1804 semper
604 1771 703 1798 ardens
719 1770 821 1806 Spiritu
839 1777 946 1804 sancto,
961 1780 1040 1808 pura,

251 1814 369 1847 sincera,
387 1815 488 1850 liquida
502 1820 533 1852 et
555 1816 708 1851 splendida,
736 1821 765 1844 ut
792 1817 838 1844 illa
870 1822 924 1845 tota
950 1819 1042 1846 anima

252 1865 343 1885 vestra
366 1859 547 1888 illuminetur.
567 1860 608 1888 Sit
623 1861 700 1889 vobis
723 1869 801 1890 mens
817 1870 924 1898 semper
938 1863 1042 1891 intenta

251 1904 285 1931 ad
303 1905 459 1938 Dominum,
475 1906 590 1941 simplex
603 1912 632 1934 et
648 1914 732 1941 recta,
751 1909 830 1943 cujus
853 1910 951 1937 unicus
966 1909 1044 1938 labor

252 1949 329 1976 silet
346 1949 479 1983 studium,
504 1951 657 1987 unicusque
684 1957 711 1980 et
733 1953 881 1988 primarius
905 1954 968 1983 ﬁnis
981 1963 1044 1990 pro-

252 1995 370 2029 positus,
393 1995 457 2022 boui
485 1997 585 2023 summi
613 1998 818 2033 contemplatio.
840 1999 880 2027 Ad
907 2000 984 2034 illud,
1002 2002 1045 2028 in-

252 2046 344 2073 quam,
374 2044 470 2067 natura
503 2048 552 2067 sua
576 2049 672 2069 verum
702 2050 920 2079 germanumque
941 2045 1043 2074 bonum

253 2092 331 2112 mens
348 2092 436 2113 vestra
453 2087 489 2114 sit
504 2094 638 2115 conversa
655 2095 773 2124 semper,
799 2094 827 2117 et
849 2090 875 2117 in
893 2090 940 2119 illo
956 2091 1044 2126 vivat',

254 2137 395 2158 moveatur
412 2136 438 2159 et
454 2133 510 2165 sit;
529 2133 557 2160 in
582 2133 629 2160 illo
645 2134 814 2162 illuminetur
841 2135 966 2171 bonaque
985 2137 1046 2165 red-

253 2177 333 2204 datur
346 2185 352 2203 :
368 2177 416 2210 illi,
430 2178 518 2212 quoad
531 2179 590 2214 ejus
605 2179 662 2206 lieri
678 2184 777 2214 potest,
792 2181 889 2209 similis
915 2182 1047 2211 elﬁciatur

253 2227 279 2250 rt
294 2223 444 2251 deilicctur.
463 2223 501 2251 lta
517 2225 590 2251 enim
612 2225 704 2253 animo
722 2234 803 2262 supra
820 2232 945 2255 naturam
960 2233 1044 2257 totam
1061 2227 1083 2255 Ι)

253 2276 302 2296 seu
324 2275 509 2304 corporatam,
524 2278 572 2298 seu
583 2271 777 2307 intelligentem
793 2273 909 2308 elevato,
926 2281 1043 2303 mentem

255 2321 376 2343 nostram
397 2316 619 2345 iusanctissimae
646 2317 790 2347 Trinitatis
818 2319 969 2355 majestate,
985 2330 1046 2357 qua:

255 2363 312 2390 sola
333 2363 543 2398 inexplicabilis,
560 2365 733 2400 abscondita,
758 2375 896 2404 supraque
918 2374 1043 2397 naturam

255 2414 348 2436 evecta
364 2418 473 2438 onmem
494 2419 542 2446 per
567 2420 596 2440 se
614 2417 656 2440 est
669 2413 841 2449 cxsislitquc,
864 2415 1045 2443 stabiliemus.

255 2454 342 2481 Sicuti
361 2463 424 2482 vero
445 2464 526 2483 unam
542 2456 633 2485 Patris
657 2462 684 2485 et
700 2457 761 2486 Filii
783 2463 809 2486 ct
829 2458 944 2494 Spiritus
960 2461 1048 2488 sancti

256 2505 382 2527 naturam
405 2501 575 2536 divinitatis,
603 2503 640 2530 ita
664 2505 824 2539 potentiam,
848 2506 1047 2540 operationem.

256 2546 369 2581 gloriam
388 2553 414 2574 et
439 2549 670 2584 magniﬁcentiam
701 2551 878 2585 proﬁteamur
906 2556 933 2579 et
952 2552 1050 2580 creda-

256 2600 317 2620 mus
336 2602 342 2620 :
360 2601 442 2620 unum
458 2598 550 2622 autem
575 2594 754 2624 divinissiuue
782 2595 924 2624 Trinitatis
949 2598 1049 2625 intem-

256 2647 417 2675 porancum,
443 2643 717 2678 cointemporaneum
749 2645 824 2672 Patri
854 2644 984 2679 Verbum,
1015 2646 1050 2674 ab

255 2687 397 2716 oculorum
425 2689 486 2716 acie
511 2694 655 2722 remotum,
684 2698 699 2717 a
727 2691 850 2725 corporis
874 2692 1048 2720 concretione

257 2740 365 2766 purum,
384 2733 506 2768 ejusdem
523 2741 556 2760 ac
578 2735 668 2762 Patris
685 2736 822 2769 essentia},
835 2737 963 2771 potentia:
975 2738 1048 2772 ejus-

257 2778 335 2811 dem;
349 2778 422 2806 hunc
441 2779 530 2814 ipsum
548 2779 665 2808 scientes
688 2781 807 2809 hominis
827 2790 936 2817 quoque
949 2782 1048 2810 Filium

1092 942 1250 977 Πνεῦματος
1277 944 1435 970 ἐπισκίασιν
1456 944 1661 979 ὑποσημαίνων.
1684 944 1727 971 Ἔν
1740 945 1830 980 ἡμέρᾳ
1853 945 1882 972 δέ

1092 998 1156 1016 ποτε
1169 989 1217 1016 τοῦ
1237 990 1333 1025 Πάσχα
1349 990 1466 1026 μάλιστα
1492 990 1564 1017 οὕτω
1589 991 1727 1026 διεκινήοη
1745 991 1881 1027 σφοδρῶς,

1090 1035 1128 1067 ὼς
1145 1035 1249 1066 πάντας
1276 1036 1358 1071 ἱερεῖς
1375 1037 1423 1063 καὶ
1449 1037 1595 1072 ἀρχιερεῖς,
1621 1037 1669 1063 καὶ
1685 1037 1802 1072 μάλιστα
1819 1038 1882 1070 τοὺς

1092 1082 1124 1108 ὲκ
1142 1081 1195 1108 τῶν
1212 1081 1299 1109 ἄλλων
1317 1083 1525 1118 πατριαρχικῶν
1542 1083 1657 1119 θρόνων,
1683 1084 1713 1110 τὸ
1731 1085 1882 1119 μυστήριον

1091 1126 1345 1162 ἐκπεπληγμένους,
1364 1128 1469 1164 μεγάλῃ
1486 1131 1561 1164 φωνῇ
1589 1129 1712 1162 δοξάζειν
1737 1131 1783 1156 ἐπὶ
1813 1130 1882 1158 πολὺ

1091 1171 1136 1198 τὸν
1149 1172 1225 1198 Θεόν.
1242 1172 1336 1204 Οὕτως
1349 1174 1363 1200 ὁ
1381 1174 1467 1209 μέγας
1479 1176 1609 1211 ιεράρχης
1621 1176 1771 1211 ἀχράντους
1786 1177 1882 1209 θυσίας

1091 1218 1121 1245 ὲν
1134 1218 1284 1254 τελειότητι
1297 1219 1416 1252 πίστεως
1430 1221 1550 1256 γνησίως
1565 1222 1721 1257 ἀναφέρων,
1749 1223 1797 1249 καὶ
1815 1223 1884 1252 sati:

1091 1273 1151 1296 ταις
1166 1265 1342 1300 ἱλασκόμενος
1355 1266 1402 1293 τὸν
1429 1267 1513 1299 Θεὸν,
1542 1268 1716 1303 ἱεροπρεπῶς
1744 1269 1882 1304 ίερούργει

1091 1310 1141 1345 τὴν
1156 1311 1292 1346 σωτηρίαν
1315 1312 1361 1338 τοῦ
1377 1312 1452 1339 λαοῦ.
1475 1313 1531 1340 Ἀεὶ
1542 1314 1570 1340 δὲ
1580 1314 1643 1346 τοὺς
1659 1315 1816 1349 ἐγγίζοντας
1831 1316 1882 1342 αὐ-

1091 1355 1130 1391 τῷ
1146 1355 1284 1388 τοιαύταις
1300 1357 1469 1391 κατεφώτιζε
1482 1358 1614 1394 διδαχαῖς,
1640 1360 1817 1395 Προσέχετε,
1839 1362 1883 1388 λέ-

1091 1409 1158 1435 γων,
1172 1401 1301 1436 ἑαυτοῖς,
1314 1403 1449 1438 ἀδελφοὶ,
1463 1405 1512 1431 καὶ
1525 1405 1669 1438 βλέπετε,
1686 1405 1748 1440 πῶς
1756 1407 1884 1441 ἀκριϐῶς

1092 1446 1145 1473 τοῦ
1155 1446 1227 1478 ,βίου
1243 1448 1429 1481 περιπατεῖτε
1446 1449 1504 1484 τὴν
1530 1450 1612 1483 ὁδὸν,
1630 1451 1674 1485 μὴ
1695 1451 1735 1484 ὠς
1757 1451 1880 1487 ἄσοφοι,

1091 1493 1212 1526 ἀλλ’ὡς
1230 1494 1331 1528 σοφοί.
1354 1494 1408 1521 Καὶ
1430 1495 1472 1529 μὴ
1489 1496 1610 1530 γίνεσθε
1631 1496 1780 1531 ἄφρονες,
1802 1499 1885 1526 ἀλλὰ

1091 1538 1248 1572 συνιέντες
1261 1541 1297 1568 τὰ
1313 1541 1426 1575 ἀρεστὰ
1445 1542 1485 1575 τῷ
1497 1542 1567 1576 Θεῷ.
1585 1543 1654 1570 Καί·
1674 1544 1721 1578 Μὴ
1735 1547 1884 1580 σχηματί-

1091 1583 1175 1618 ζεσρε
1189 1583 1229 1617 τῷ
1241 1584 1323 1611 αἰῶνι
1338 1587 1441 1619 τούτῳ,
1457 1587 1537 1614 ἀλλὰ
1544 1589 1801 1623 μεταμορφοῦσθε,
1813 1591 1885 1617 κατᾶ

1091 1630 1135 1656 τὸν
1153 1630 1224 1657 θεῖον
1248 1631 1422 1664 Ἀπόστολον,
1449 1632 1487 1668 τῇ
1519 1634 1722 1662 ἀνακαινώσει
1744 1635 1798 1662 τοῦ
1811 1636 1884 1670 νοὸς

1091 1675 1184 1710 ὑμῶν,
1201 1677 1245 1710 εἰς
1258 1677 1290 1704 τὸ
1304 1677 1474 1713 δοκιμάζειν
1491 1677 1567 1714 ὑμᾶς
1580 1680 1630 1707 καὶ
1651 1681 1761 1708 ειδέναι
1780 1682 1798 1709 ὅ
1809 1691 1836 1709 τι
1851 1683 1885 1710 τὸ

1092 1722 1208 1757 θέλημα
1228 1723 1281 1751 τοῦ
1300 1725 1384 1758 Θεοῦ,
1409 1725 1443 1752 τὸ
1458 1726 1572 1761 ἀγαθὸν
1587 1727 1636 1754 καί
1651 1728 1817 1762 εὐάρεστον
1835 1731 1885 1757 καί

1092 1769 1228 1796 τέλειον·
1261 1770 1310 1796 καὶ
1329 1771 1374 1803 τίς
1395 1771 1414 1805 ὴ
1439 1772 1551 1805 κλῆσις
1576 1773 1631 1806 τῆς
1651 1774 1781 1808 πίστεως
1802 1774 1887 1809 ὑμῶν

1093 1814 1141 1840 καὶ
1170 1814 1226 1848 τῆς
1242 1815 1364 1849 ἐλπίδος
1392 1816 1428 1843 ἐν
1446 1817 1563 1851 Χριστῷ
1591 1819 1694 1852 Ἰησοῦ
1725 1820 1764 1852 τῷ
1789 1821 1888 1854 Κυρίῳ

1093 1860 1189 1895 ἡμῶν.
1206 1862 1282 1888 Ἤτω
1298 1861 1312 1888 ό
1332 1861 1429 1897 λύχνος
1442 1863 1492 1898 τῆς
1515 1864 1630 1899 καρδίας
1645 1864 1722 1900 ὑμῶν
1737 1865 1777 1900 τῷ
1791 1866 1887 1902 Κυρέῳ

1094 1906 1234 1942 Πνεύματι
1249 1908 1292 1934 ἀεὶ
1307 1909 1460 1943 καιόμενος,
1472 1909 1602 1946 καθαρὸς,
1612 1911 1771 1947 εἰλικρινὴς,
1785 1913 1887 1945 ἁπλοῦς

1094 1952 1163 1986 ὅλος,
1179 1953 1302 1988 διαυγὴς,
1317 1954 1365 1980 καὶ
1380 1955 1553 1991 φωτοιρανὴς,
1567 1956 1599 1982 ἵν’
1614 1956 1662 1992 ὅλη
1675 1957 1708 1983 δι’
1725 1957 1807 1984 αὑτοῦ
1823 1966 1888 1984 κατ-

1095 1999 1248 2034 αυγὰζηται
1271 2000 1335 2035 ὑμῖν
1353 2001 1368 2035 ὴ
1384 2001 1469 2036 ψυχή,
1484 2002 1575 2028 Ἔστω
1597 2003 1611 2030 ό
1627 2002 1689 2034 νοῦς
1707 2003 1772 2038 ὑμῖν
1789 2004 1888 2030 ἀνατε-

1081 2045 1212 2091 ταμένος
1238 2046 1282 2072 ἀεὶ
1300 2047 1368 2082 πρὸς
1389 2047 1466 2080 Θεὸν,
1491 2048 1666 2084 μονότροπος,
1686 2050 1886 2084 μονολόγιστυς,

1097 2091 1125 2118 ἓν
1146 2091 1227 2126 ἔργον
1243 2093 1290 2120 καὶ
1313 2092 1378 2128 μίαν
1400 2094 1615 2128 προηγουμένως
1643 2095 1713 2130 ἔχων
1735 2095 1888 2131 ἐνέργειαν,

1097 2138 1146 2172 τὴν
1162 2138 1279 2174 θεωρίαν
1300 2139 1346 2165 τοῦ
1362 2139 1478 2173 ἀγαθοῦ,
1503 2139 1572 2175 πρδς
1588 2140 1668 2175 μόνον
1684 2140 1715 2167 τδ
1743 2140 1823 2175 φύσει
1840 2142 1888 2168 καὶ

1098 2184 1202 2219 κυρίως
1225 2184 1255 2211 ὃν
1272 2185 1375 2219 ἀγαθὸν
1394 2186 1620 2220 ἐπεστραμμένος
1634 2186 1688 2218 ἀεὶ,
1705 2187 1751 2213 καὶ
1766 2187 1795 2212 ἐν
1812 2187 1889 2222 αὐτῷ

1098 2229 1152 2262 ζῶν
1169 2230 1216 2257 καὶ
1229 2230 1388 2266 κινούμενος
1400 2231 1445 2257 καὶ
1457 2230 1505 2263 ῶν,
1520 2231 1594 2266 αὐτῷ
1606 2231 1833 2266 λαμπρυνάμενος
1842 2233 1889 2258 καὶ

1099 2276 1314 2311 ἀγαθυνόμενος,
1328 2277 1376 2303 καὶ
1389 2278 1460 2304 κατὰ
1473 2277 1503 2303 τὸ
1515 2277 1626 2312 ἐφικτὸν
1643 2278 1823 2314 ὁμοιούμενος
1843 2280 1889 2306 καὶ

1100 2322 1255 2358 θεούμενος.
1274 2323 1352 2350 Οὕτω
1368 2323 1422 2358 γὰρ
1442 2323 1510 2358 ὑψοῦ
1534 2324 1580 2350 τὸν
1604 2324 1734 2359 λογισμὸν
1754 2326 1887 2360 αἴροντες,

1100 2369 1149 2396 καὶ
1165 2369 1272 2396 πάντων
1288 2369 1338 2404 μὲν
1367 2368 1514 2404 αἰσθητῶν,
1535 2370 1644 2397 πάντων
1669 2370 1698 2397 δὲ
1716 2371 1818 2406 νοητῶν
1829 2380 1889 2398 κτι-

1101 2414 1212 2449 σμάτων
1223 2414 1495 2450 ὐπεραναΰαίνοντες,
1512 2416 1580 2452 μόνῃ
1587 2415 1614 2442 δὲ
1628 2417 1660 2451 τῇ
1675 2417 1799 2452 τριαδικῇ
1811 2416 1891 2451 θεαρ-

1101 2460 1158 2496 χῐᾳ,
1175 2460 1243 2496 μόνῃ
1258 2462 1290 2496 τῇ
1308 2462 1337 2487 ὲν
1352 2462 1520 2498 ἀπορρήτοις
1535 2461 1642 2498 ἑστώσῃ
1659 2463 1822 2498 κρυφιότητι
1842 2462 1891 2489 καὶ

1103 2507 1311 2542 ὑπερουσιότητι
1321 2507 1367 2534 τὸν
1381 2509 1480 2534 οἰκεῖον
1494 2508 1739 2544 ίδρυσᾶμενοινοῦν
1749 2515 1756 2523 ·
1767 2508 1814 2535 καὶ
1827 2508 1892 2542 μίαν

1104 2553 1154 2588 μὲν
1170 2553 1277 2589 Πατρδς
1296 2554 1344 2581 καὶ
1360 2554 1424 2580 Υίοῦ
1445 2555 1493 2581 καὶ
1511 2555 1589 2588 ἁγίου
1613 2554 1772 2589 Πνεύματος
1797 2554 1891 2589 ὥσπερ

1103 2597 1184 2632 φύσιν
1200 2599 1337 2634 θεότητος,
1351 2598 1422 2626 οὕτω
1436 2600 1483 2626 καὶ
1496 2600 1611 2634 δύναμιν
1627 2599 1675 2626 καὶ
1691 2599 1832 2634 ἐνέργειαν
1844 2599 1891 2626 καὶ

1104 2644 1184 2677 δόξαν
1211 2644 1258 2671 καὶ
1286 2645 1527 2680 μεγαλοπρέπειαν
1558 2645 1752 2679 ὁμολογοῦντες
1775 2645 1822 2671 καὶ
1845 2654 1890 2671 πι-

1101 2690 1262 2722 στεύοντες·
1278 2690 1323 2717 τὸν
1343 2691 1391 2717 ἕνα
1405 2691 1434 2717 δὲ
1453 2690 1503 2725 τῆς
1523 2691 1739 2726 τρισυποστάτου
1763 2691 1892 2726 θεαρχίας

1099 2736 1146 2762 τὸν
1168 2736 1285 2771 ἄναρχον
1306 2736 1353 2762 καὶ
1370 2737 1539 2771 συνάναρχον
1566 2735 1605 2770 τῷ
1631 2735 1719 2770 [lupi
1737 2735 1823 2769 Λόγον
1847 2735 1892 2762 τὸν

1101 2782 1227 2818 ἀόρατον,
1238 2783 1284 2809 τὸν
1299 2781 1455 2818 ἀσώματον,
1467 2782 1514 2809 τὸν
1524 2782 1632 2817 ὁμοφυᾶ
1641 2781 1680 2816 τῷ
1687 2781 1830 2817 Γεννήτορι
1844 2782 1891 2808 καὶ

292 2865 302 2880 ⁸
318 2865 417 2900 Ephes.
434 2876 461 2901 v,
476 2868 520 2902 15,
540 2868 581 2896 ιϐ.
621 2870 630 2885 ⁸
647 2869 728 2897 Rom.
741 2878 789 2904 xu,
801 2870 829 2898 2.
869 2871 890 2887 ¹⁰
903 2871 1003 2907 Ephcs.
1019 2879 1040 2906 ι,
1057 2871 1101 2900 18.
