2092 3156
208 183 262 214 553

706 178 795 208 VITA
810 177 840 207 S.
859 176 1007 207 IGNATII
1025 176 1079 207 ΟΡ.
1101 174 1278 206 ARCHIEP.

1782 173 1833 204 554

207 237 387 274 ὀμοδύναμον,
405 235 499 263 τοῦτον
514 234 576 261 Υἶδν
588 233 731 269 ἀνθρώπου
746 233 807 260 καθ’
820 234 893 268 ἡμᾶς
909 233 941 260 ὲκ
951 233 998 268 τῆς

1053 233 1202 260 secundum
1214 236 1334 259 nostram
1346 234 1471 257 natttram
1483 237 1515 256 ex
1536 229 1708 256 immaculata
1720 229 1767 256 Dei
1779 229 1835 256 Ma-

209 282 398 319 ὺπεραμώμου
413 281 558 315 γενόμενον
570 279 740 314 Θεομήτορος
750 279 860 309 εἰδότες.
879 279 933 305 Καὶ
946 278 996 304 ἕνα

211 330 261 366 μὲν
276 329 314 364 τῷ
334 327 482 363 προσώπῳ,
499 325 608 352 διπλοῦν
623 325 651 351 δὲ
669 326 729 356 ταῖς
747 325 844 359 φύσεσι
856 325 904 352 καὶ
917 325 991 359 ἐνερ-

206 375 295 409 γείαις
309 375 354 400 καὶ
370 372 494 406 θελήσεσι
511 371 693 406 κηρύσσοντες
704 379 710 385 ·
731 372 778 397 καὶ
793 371 880 406 ταύτῃ
900 371 995 406 σχολά-

207 421 299 452 ζοντες
312 418 521 453 ἐπιμελέστερον
535 418 568 452 τῇ
588 416 689 452 θεωρίᾳ.
700 417 755 443 τῶν
767 417 848 444 θείων
865 418 913 444 καὶ
937 418 995 444 θεο-

207 466 285 500 λογίᾳ
300 465 347 491 καί
360 464 404 491 διὰ
416 464 464 498 τῆς
475 463 551 497 ἱερᾶς
560 464 614 490 τῶν
627 463 647 489 Γ
649 463 743 497 ραφῶν
760 463 876 498 μελέτης
891 464 994 490 ἀνακα-

208 511 376 546 θαιρόμενοι,
401 509 448 535 καὶ
464 509 499 535 δι’
513 509 610 536 ἀενάου
637 509 793 544 προσευχῆς
810 509 994 543 ἁγνιζόμενοι,

206 556 372 592 ὑπεροράσει
388 554 442 581 τῶν
457 554 578 589 ματαίων
595 554 765 589 ὑπερίδωμεν
779 553 931 589 μεριμνῶν,
947 555 995 580 καὶ

206 603 264 633 τοῖς
276 601 326 636 τῆς
342 601 453 636 ἀτιμίας
469 600 506 635 μὴ
521 600 723 635 ὑποκύπτωμεν
738 600 848 629 πάθεσι.
865 600 913 626 κα)⁸
927 599 995 635 πρὸς

207 646 353 681 ἀνονήτους
371 645 514 680 φροντίδας
524 645 562 681 μὴ
577 645 804 680 καταπίπτωμεν.
817 645 872 671 Καὶ
887 645 941 677 πᾶς
953 645 996 672 θυ-

208 693 258 726 μὸς
269 691 414 726 θηριώδης,
425 692 472 717 καὶ
488 692 562 717 πᾶσα
573 690 728 724 παράλογος
739 690 873 725 ἐπιθυμία
883 690 995 725 ἀρθήτω

205 738 254 771 ἀφ’
272 738 351 772 ἡμῶν
361 746 367 752 '
389 737 489 771 μᾶλλον
505 737 532 763 δὲ
551 737 565 762 ὁ
584 737 632 771 μὲν
648 737 731 771 θυμὸς
746 736 828 763 ὅπλον
843 736 908 770 ἡμῖν
925 735 996 762 κατὰ

205 783 256 817 τῆς
272 783 407 817 ἁμαρτίας
435 782 482 809 καὶ¹
513 782 560 808 τοῦ
572 782 622 817 τῆς
637 781 774 817 ἁμαρτίας
789 780 858 808 ἔστω
882 781 995 816 πατρός.

212 828 246 855 Ἢ
263 828 397 864 ἐπιθυμία
412 827 441 854 δὲ
468 827 536 863 πρὸς
551 828 582 853 τὸ
599 828 701 863 κυρίως
716 827 763 853 καὶ
775 826 884 861 ἀληθῶς
903 826 996 853 ἐπιθυ-

209 874 294 910 μητὸν
310 873 568 909 μετασκευαξομένη
585 874 658 899 πᾶσα
668 893 676 906 ,
698 872 827 907 συνεργὸς
842 872 907 907 ἡμῖν
921 871 995 906 γινὲ-

1049 282 1089 304 tre
1102 282 1207 309 natum,
1219 284 1302 303 unum
1317 275 1426 310 quidem
1436 275 1677 309 persona,gcntina
1692 281 1775 309 porro
1787 282 1835 301 na—

1046 327 1118 355 tura,
1130 323 1298 358 operatione,
1320 321 1457 349 voluntate
1481 321 1660 355 prmdicemus
1676 328 1682 347 :
1697 327 1780 355 atque
1793 321 1836 347 his

1047 377 1136 396 rerum
1161 369 1313 396 divinarum
1333 373 1359 395 et
1376 367 1587 402 theologicarum
1613 367 1835 394 meditationibus

1046 415 1154 450 penitus
1169 414 1307 448 occupati,
1335 419 1531 447 sacrarumque
1556 410 1720 440 Litterarum
1737 411 1836 439 studiis

1047 460 1193 494 repurgati.
1204 463 1286 494 atque
1299 459 1406 487 assidua
1415 459 1537 486 oratione
1545 457 1663 492 lustrati,
1671 457 1837 491 contemptis

1047 506 1174 533 humanis
1198 505 1291 537 rebus,
1317 513 1397 533 curas
1418 505 1514 532 inanes
1538 505 1729 540 negligamus,
1749 511 1836 539 neqtte

1047 559 1097 578 nos
1110 550 1189 578 foedis
1201 550 1395 585 cupiditatibus
1413 551 1617 582 subtnittatnus,
1633 557 1721 584 neque
1734 549 1768 576 ad
1783 557 1831 577 co-

1047 597 1194 632 gitationes
1217 596 1316 624 stultas
1346 596 1534 631 prolabamur.
1565 595 1661 622 Omnis
1684 595 1770 622 ferina
1782 595 1837 623 ira-

1046 643 1156 675 cundia,
1171 650 1253 670 omne
1265 642 1429 670 desiderium
1445 650 1460 669 a
1474 641 1579 669 ratione
1591 641 1708 668 alienum
1727 649 1741 668 a
1757 641 1837 668 nobis

1045 689 1207 716 excludatur
1224 697 1231 715 :
1250 689 1305 715 imo
1321 688 1360 715 ira
1384 687 1465 715 telum
1489 687 1569 715 nobis
1581 687 1616 715 sit
1637 687 1671 719 it;
1695 692 1834 722 peccatum

1047 734 1207 770 peccatique
1221 738 1371 761 auctorem.
1382 732 1523 768 Cupiditas
1539 729 1603 760 vero
1618 733 1652 760 ad
1670 740 1763 760 verum
1775 741 1836 769 ger-

1047 789 1214 816 manumque
1229 782 1330 809 bonum
1356 782 1499 813 translata,
1517 781 1550 808 ad
1578 785 1712 816 praecepta
1729 781 1836 808 Domini

1048 827 1225 855 custodienda
1242 826 1320 853 nobis
1349 825 1469 860 adjtttrix
1490 826 1546 853 tiat.
1570 825 1633 852 Haec
1660 826 1836 858 documenta,

1047 873 1149 904 dilecti,
1165 873 1280 907 primttm
1297 871 1406 907 quidem
1421 878 1435 897 a
1453 871 1604 906 prophetis,
1623 870 1721 898 deintle
1735 878 1750 897 a
1769 879 1836 905 prae-

208 921 265 947 σθω
279 921 347 954 πρὸς
364 920 480 955 τήρησιν
495 919 544 953 τῆς
562 918 736 953 Δεσποπικῆς
760 917 881 952 ἐντολῆς.
896 917 994 945 Τοιαύ-

1050 918 1186 946 stantibus
1211 917 1314 945 Christi
1342 917 1484 952 discipulis
1515 920 1542 944 et
1564 917 1749 951 evangelistis,
1779 920 1835 943 ttttn

206 973 256 996 τις
269 963 315 991 οὖν
330 965 438 999 ἔχοντες
452 963 651 999 παραγγελίας,
664 964 813 997 ἀγαπητιῂ,
830 962 875 989 διὰ
890 970 997 998 προφη-

206 1010 261 1037 τῶν
274 1011 324 1044 μὲν
351 1011 468 1046 πρῶτον,
487 1010 582 1036 ἔπειτα
606 1009 650 1035 διὰ
666 1009 721 1035 τῶν
742 1008 852 1044 ὑψηλῶν
865 1009 911 1035 τοῦ
928 1010 997 1044 Χριο

207 1057 270 1084 στοῠ
291 1056 419 1092 μαθητῶν
433 1057 481 1082 καὶ
496 1055 710 1089 ειῦαγγελιστῶν,
727 1055 773 1081 καὶ
785 1055 829 1081 διὰ
843 1054 895 1081 τῶν
913 1054 996 1081 Πατέ-

208 1112 262 1138 ρων
275 1103 304 1129 δὲ
323 1102 392 1137 μετὰ
402 1102 488 1129 ταῦτα
502 1102 549 1128 καὶ
571 1101 651 1137 ιερῶν
664 1101 833 1128 διδασκάλων
849 1100 997 1135 γινομένας

206 1150 246 1180 εἰς
258 1148 344 1182 ἡμᾶς,
360 1147 460 1182 μᾶλλον
473 1146 501 1173 δὲ
512 1146 546 1173 δι’
563 1146 623 1177 ἐνὸς
643 1147 690 1172 καὶ
704 1147 752 1172 τοῦ
772 1146 854 1173 αὐτοῦ
870 1145 997 1180 Πνεῦμα-

206 1201 253 1225 τος
266 1192 435 1227 λαλουμὲνας
454 1192 509 1224 ἀεὶ,
525 1192 572 1218 καὶ
595 1191 772 1225 πολυτρόπως
787 1191 996 1225 κηρυσσομένας

206 1240 236 1265 ἐν
246 1239 323 1273 ἡμῖν,
333 1238 370 1272 μὴ
385 1237 611 1273 καταφρονῶμεν,
627 1237 693 1272 μηδὲ
709 1236 839 1272 ῥᾳθύμως
850 1236 898 1262 καὶ
912 1236 996 1270 ἐκμε-

206 1283 272 1316 λῶς,
288 1283 424 1318 ἐπιμελῶς
438 1283 467 1310 δὲ
483 1283 531 1318 τὴν
552 1283 652 1317 πρᾶξιν
665 1284 712 1309 καὶ
728 1281 881 1313 σπουδαίως
896 1280 994 1316 μετίω-

208 1338 259 1364 μεν
272 1330 320 1364 τῆς
337 1330 450 1365 ἀρετῆς,
469 1329 667 1364 ὲλεημοσύναις
687 1328 737 1364 μὲν
761 1329 810 1354 καὶ
836 1327 926 1355 πίστει
946 1327 997 1352 πά-

208 1382 258 1408 σης
273 1372 410 1407 ἁμαρτίας
434 1371 700 1406 ἀποκαθαιρομενοι,
726 1370 821 1406 ἀγάπῃ
843 1370 883 1411 ,δὲ
905 1369 996 1403 τελείᾳ

208 1421 255 1446 καὶ
272 1417 509 1454 ταπεινοφροσύνῃ
519 1417 614 1452 ἀληθεί
630 1417 732 1449 παντὸς
746 1415 882 1451 μολυσμοῦ
898 1415 996 1450 σαρκὸς

207 1465 254 1491 καὶ
284 1464 440 1499 πνεύματος
465 1462 698 1498 ἀποδιυλιζὸμενοι
711 1470 718 1477 ·
741 1462 786 1488 ῖνα
808 1462 880 1488 κατὰ
897 1461 951 1487 πᾶν
967 1460 998 1486 τὸ

207 1510 315 1546 θέλημα
341 1509 388 1536 τοῦ
416 1509 484 1536 Θεοῦ
503 1509 761 1544 περιπατήσαντες,
785 1507 858 1540 ἄξιοι
876 1508 926 1543 τῆς
949 1506 996 1533 τοῦ

207 1556 371 1592 ἐπουρανίου
388 1555 495 1591 Πατρὺς
511 1555 648 1589 βασιλείας
660 1555 689 1581 ὲν
700 1554 811 1590 Χριστῷ
831 1553 919 1590 Ἰησοῦ
933 1553 998 1580 ἀνα-

209 1602 348 1637 φανῶμεν.
376 1600 557 1636 Ἀπουώμεθα
578 1601 722 1635 τοιγαροῦν
746 1602 800 1628 πᾶν
826 1601 922 1632 πάθος,
950 1599 997 1626 καὶ

209 1648 299 1674 πάντα
317 1647 448 1682 πονηρίας
470 1646 685 1681 ἀποτριψώμεθα
700 1645 841 1680 λογισμὸν,
854 1645 898 1672 ἵνα
909 1645 997 1671 καθα-

211 1693 254 1728 ροὶ
285 1691 326 1727 τῷ
355 1691 545 1727 καθαρωτάτῳ
582 1691 797 1726 προσενεχθῆναι
827 1690 995 1725 δυνηθῶμεν.

215 1736 445 1773 Ἀπρῤιψώμεθα
463 1736 686 1772 γαστριμαργίας
703 1736 788 1767 πάθος
809 1735 941 1770 ὀλέθριον,
961 1735 999 1767 ὡς

209 1783 300 1818 πάσης
313 1783 451 1818 ἀλλότριον
461 1783 571 1818 ἀρετῆς,
579 1782 627 1808 καὶ
641 1782 769 1813 παντοίας
782 1781 940 1816 γεννητικὸν
952 1790 1001 1807 κα-

210 1829 271 1860 κίας
284 1837 291 1844 ο
309 1829 367 1856 ἀντ’
380 1828 463 1863 αὐτῆς
473 1828 502 1855 δὲ
518 1828 566 1863 τὴν
581 1828 771 1862 κοσμιωτάτην
787 1827 950 1862 ἐγκράτειαν
962 1827 1000 1858 ὡς

210 1875 331 1902 διπλοιδα
345 1874 533 1910 περιθώμεθα,
557 1873 606 1908 τὴν
624 1873 677 1899 τῶν
691 1873 815 1907 ἀγγέλων
840 1872 999 1907 σύντροφον,

211 1921 261 1956 τὴν
277 1920 332 1947 τῶν
345 1920 431 1954 ἁγίων
449 1919 594 1954 σύσκηνον,
609 1919 659 1953 τὴν
672 1918 721 1952 τῆς
741 1917 798 1944 ἄνω
818 1918 1001 1952 τερπνότητος

211 1966 342 2002 πρόξενον
355 1966 401 1992 καὶ
422 1966 537 2001 τρυφῆς.
556 1964 673 2001 Πορνεία
694 1964 722 1990 δὲ
739 1963 806 1998 μηδὲ
822 1963 1001 1998 ὀνομαζέσθω

210 2012 240 2038 ὲν
256 2013 334 2047 ἡμῖν,
352 2011 383 2037 οὐ
397 2011 477 2046 μόνον
489 2011 506 2046 ἡ
518 2010 578 2037 κατ’
590 2009 733 2045 ἐνέργειαν
748 2009 796 2036 καὶ
811 2010 922 2044 πρᾶξιν,
932 2008 1001 2036 ἀλλὰ

213 2056 282 2091 μηδὲ
300 2057 445 2091 πορνικαῖς
470 2055 633 2090 φαντασίαις
654 2054 862 2090 ρυπαινὼμεθα.
880 2055 959 2090 Πάσῃ
972 2055 1001 2081 δὲ

212 2104 322 2137 μηχανῇ
334 2102 381 2129 καὶ
389 2102 508 2139 σπουδῇι
519 2102 595 2136 πάσῃ
609 2101 845 2137 ταπεινοφροσύνῃ
860 2102 907 2128 καὶ
920 2109 1001 2136 προσ-

211 2148 278 2182 ευχῇ
309 2146 359 2182 τὴν
394 2146 482 2182 κακὴν
503 2147 583 2181 ῥίζαν
609 2146 794 2181 προθέλυμνον
821 2146 999 2182 ἐκτίλλωμεν,

210 2193 261 2228 τὴν
274 2193 387 2228 θαλερὰν
408 2193 514 2227 πηγὴν,
536 2193 567 2219 τὸ
579 2192 629 2227 τῆς
641 2192 738 2227 ἡδονῆς
758 2193 942 2228 ὲμπύρευμα,
970 2193 1002 2220 τὸ

1047 971 1112 990 vero
1131 971 1146 990 a
1163 963 1300 994 l’atribus,
1325 963 1383 989 sive
1413 962 1516 989 sanctis
1530 962 1688 989 doctoribus
1713 967 1834 996 accepta,

1047 1009 1102 1037 imo
1115 1017 1163 1044 per
1177 1017 1260 1036 unum
1275 1013 1304 1036 et
1318 1008 1443 1035 eumdem
1458 1008 1589 1043 Spiritum
1602 1009 1714 1040 dictata,
1734 1008 1831 1035 variis—

1047 1063 1100 1090 que
1115 1055 1203 1086 tnodis
1217 1055 1373 1089 praedicata,
1393 1062 1426 1081 ne
1443 1059 1660 1087 contemnamus,
1678 1062 1729 1082 nec
1745 1055 1838 1089 segni-

1047 1106 1087 1128 ter
1102 1105 1130 1128 et
1141 1101 1236 1136 ignave
1254 1108 1446 1136 exsequamur,
1469 1100 1514 1128 sed
1540 1100 1640 1127 acriter
1662 1105 1689 1128 ct
1716 1102 1837 1128 studiose

1046 1147 1156 1175 virtutis
1172 1154 1241 1182 opus
1253 1154 1468 1182 persequamur;
1486 1150 1515 1173 ut
1532 1146 1698 1181 benignitate
1715 1147 1742 1174 ‘tu
1756 1155 1838 1182 egen-

1047 1197 1099 1225 tes,
1124 1192 1229 1227 iideque
1244 1200 1260 1220 a
1277 1193 1396 1227 peccatis
1413 1192 1525 1227 expiati,
1550 1192 1683 1219 charitate
1701 1192 1833 1226 pel'ferlﬂ,

1045 1242 1074 1265 et
1090 1237 1274 1265 submissione
1291 1237 1410 1270 sincera,
1429 1238 1464 1265 ab
1476 1237 1604 1265 omnibus
1626 1238 1711 1265 animi
1733 1242 1761 1265 et
1774 1246 1837 1265 cor-

1046 1283 1123 1318 poris
1137 1283 1352 1318 inquinamentis
1375 1282 1511 1316 defaecati,
1540 1284 1689 1311 secundum
1716 1284 1761 1310 Dei
1790 1291 1839 1310 vo-

1048 1327 1178 1355 ltttttatem
1203 1329 1395 1359 ambulantes.
1428 1335 1512 1364 regno
1547 1329 1666 1363 supremi
1696 1328 1783 1356 Patris
1811 1329 1837 1356 in

1047 1373 1157 1401 Christo
1171 1373 1236 1401 Jesn
1261 1373 1336 1408 digni
1354 1374 1513 1401 ltabeamur.
1529 1373 1631 1401 Omnes
1659 1381 1725 1408 ergo
1753 1374 1837 1401 animi

1047 1418 1212 1446 vitiositates
1228 1423 1256 1446 et
1267 1419 1378 1446 malitiae
1395 1419 1478 1446 ﬁbras
1491 1419 1636 1452 elidamus,
1653 1420 1690 1446 uti
1711 1420 1788 1454 puris
1806 1421 1839 1446 ad

1048 1464 1226 1499 purissimum
1255 1464 1336 1492 nobis
1366 1469 1457 1497 pateat
1489 1473 1629 1493 accessus.
1654 1465 1838 1493 Pcrniciosam

1049 1501 1155 1538 ventris
1173 1510 1334 1546 ingluviem,
1350 1511 1434 1538 Veluti
1457 1516 1559 1546 pestem
1576 1511 1685 1539 virtutis
1706 1515 1733 1538 ct
1749 1512 1840 1539 omnis

1052 1556 1156 1584 fontem
1175 1556 1335 1592 impietatis.
1362 1557 1456 1591 procul
1481 1558 1632 1585 habeamus
1658 1557 1753 1584 :illius
1778 1557 1839 1584 loco

1052 1605 1259 1637 temperantiam
1284 1602 1368 1629 veluti
1392 1602 1539 1637 diploidem
1557 1602 1719 1635 induamus;
1737 1606 1839 1636 tempe-

1051 1649 1180 1681 rantiam,
1197 1649 1321 1684 inquam,
1342 1648 1484 1676 beatarum
1503 1649 1637 1676 mentium
1653 1648 1768 1680 sociam,
1783 1656 1839 1676 etB-

1050 1696 1129 1723 littttn
1149 1695 1383 1727 contubernalem,
1398 1695 1606 1729 coelestiumqtte
1631 1695 1790 1721 deliciarum
1807 1703 1841 1721 ac

1052 1742 1223 1775 voluptatum
1249 1741 1465 1768 coneiliatricem
1494 1747 1526 1767 ac
1552 1740 1661 1775 pignus.
1686 1739 1841 1768 Fornicatio

1053 1792 1143 1814 autent
1158 1794 1192 1813 ne
1207 1786 1362 1813 nominetur
1375 1786 1485 1821 quidem
1497 1786 1525 1813 in
1537 1785 1627 1818 nobis,
1640 1790 1671 1812 ut
1683 1794 1736 1813 non
1752 1786 1840 1813 solum

1052 1839 1133 1867 opere
1150 1837 1177 1859 et
1192 1831 1276 1863 tacto,
1297 1831 1345 1859 sed
1363 1839 1396 1858 ne
1413 1831 1608 1866 cogitationum
1625 1830 1735 1865 quidem
1754 1831 1842 1864 impu-

1054 1885 1147 1904 rarum
1163 1877 1293 1904 monstris
1315 1877 1492 1912 inquinentur
1507 1876 1539 1903 ¹¹.
1556 1875 1633 1903 Totis
1650 1876 1762 1910 proinde
1777 1877 1841 1902 viri-

1053 1923 1116 1954 bus,
1133 1923 1264 1957 omnique
1279 1923 1412 1955 conttixu,
1427 1926 1455 1950 et
1471 1929 1578 1949 summa
1591 1921 1674 1949 animi
1687 1921 1841 1955 depressio-

1053 1977 1098 2000 ne,
1112 1969 1293 2004 precibusque
1300 1969 1432 1996 elementa
1444 1968 1559 1995 luxuriae
1568 1968 1675 2002 penitus
1684 1967 1839 1998 eradauttts,

1053 2021 1247 2049 cmnmatnqne
1259 2014 1422 2048 itnpuritatis
1434 2014 1640 2049 scaturiginem,
1656 2018 1684 2040 et
1695 2013 1841 2048 voluptatis

1052 2059 1155 2093 fortun,
1175 2060 1392 2095 intemperantia:
1405 2059 1613 2090 suscitabulum,
1630 2059 1732 2086 idolum
1750 2059 1841 2085 cordis

1052 2106 1280 2132 obscenissimtttn
1299 2111 1454 2133 evertamus
1465 2110 1512 2133 aut
1535 2105 1698 2132 mittttamus.
1712 2105 1758 2132 Sic
1767 2105 1839 2132 enitn

1051 2151 1079 2178 itt
1101 2151 1180 2179 nobis
1195 2152 1370 2179 continentiae
1384 2152 1468 2179 decus
1482 2151 1644 2184 elllorescet,
1660 2156 1840 2185 sanctumque

1051 2201 1079 2224 et
1099 2197 1220 2224 divittttm
1246 2197 1396 2233 spiritalem
1425 2205 1556 2232 sponsum
1583 2198 1616 2224 ad
1641 2206 1691 2225 rtus
1713 2198 1757 2232 pie
1776 2205 1839 2224 san-

212 2238 263 2272 τῆς
275 2237 424 2269 ἀκολασίας
439 2237 575 2273 ζώπυρον,
593 2237 624 2263 τὸ
634 2237 762 2272 πορνικὸν
779 2239 828 2273 τῆς
839 2237 952 2272 καρδίας
963 2237 998 2263 εἴ·

1056 2249 1154 2278 cteque
1169 2243 1350 2270 attraltemus.
1367 2244 1515 2271 Avaritiam
1538 2248 1565 2270 et
1588 2243 1708 2270 studium
1725 2243 1841 2270 habendi

212 2286 296 2312 δωλον
309 2286 417 2321 πρῶτον
429 2285 596 2320 ὲξανέλωμεν
611 2285 629 2321 ἢ
647 2285 820 2320 μειώσωμεν.
843 2284 922 2312 Οὕτω
947 2285 1002 2321 γὰρ

1052 2297 1106 2316 non
1128 2297 1208 2316 secus
1231 2294 1312 2324 atque
1335 2289 1517 2317 idololatriatn
1541 2289 1708 2324 refugiamus
1723 2289 1754 2315 ¹¹.
1769 2288 1842 2315 ldcm

211 2332 280 2366 ἡμῖν
294 2331 325 2358 τὸ
344 2331 416 2366 ἱερὸν
441 2331 491 2366 τῆς
513 2331 693 2366 σωφροσύνης
717 2331 867 2367 ὲπανθήσει
893 2331 998 2364 κάλλος,

1050 2334 1124 2362 enim
1141 2339 1215 2367 sunt,
1232 2339 1261 2361 ut
1273 2335 1314 2362 lex
1333 2335 1455 2369 Apostoli
1469 2335 1558 2366 docet,
1577 2334 1685 2369 quando
1697 2334 1841 2369 pecuniam

211 2377 284 2403 οὕτω
298 2376 346 2404 καὶ
359 2377 405 2403 τὸν
417 2377 512 2412 νοητὸν
532 2377 656 2412 Νυμφίον
673 2377 720 2403 καὶ
735 2377 812 2411 ἅγιον
825 2377 1002 2413 άγιοπρεπῶς

212 2422 319 2453 ἑαυτοῖς
334 2422 554 2457 ὲπισπασόμεθα.
581 2421 768 2457 Φιλαργυρίαν
782 2422 810 2449 δὲ
829 2423 876 2449 καὶ
905 2423 1001 2449 πλεον-

212 2468 286 2502 εξίαν
301 2469 400 2500 πᾶσαν,
416 2467 454 2500 ὡς
467 2468 686 2503 είδωλολατρείαν
702 2468 1003 2504 ἀποφύγωμεν.Ταυτὸν

212 2515 267 2549 γὰρ
281 2514 352 2541 κατὰ
362 2515 407 2541 τὸν
419 2514 467 2542 τοῦ
484 2514 646 2541 Ἀποττόλου
659 2515 765 2549 πέφυκε
777 2515 870 2549 νόμον,
886 2515 964 2551 εἴπερ
976 2515 1002 2541 οξ

212 2559 315 2594 ταύτης
330 2559 488 2595 ὀρεγόμενοι
500 2560 731 2595 ἀπεπλανήθησαν
746 2559 800 2587 ἀπὸ
809 2561 858 2596 τῆς
873 2559 1002 2591 πίστεως·

212 2604 244 2630 οὐ
257 2603 338 2639 μόνον
351 2604 391 2636 δὲ,
411 2603 480 2630 άλλά
505 2604 552 2631 καὶ
567 2604 680 2635 ἑαυτοὺς
702 2604 881 2639 περιέπειραν
894 2603 1003 2635 ὀδύναις

214 2649 336 2681 πολλαῖς.
351 2650 437 2685 Εἴπερ
451 2648 497 2677 οὖν
511 2650 557 2676 καὶ
573 2649 623 2683 τῆς
640 2649 775 2685 σωτηρίου
789 2649 907 2681 πίστεως
923 2648 1004 2675 ἁλλο-

213 2697 296 2731 τριοῖ,
325 2696 372 2723 καὶ
396 2695 566 2723 πολυώδυνον
591 2697 656 2732 ἡμῖν
673 2695 818 2731 καθίστησι
842 2696 892 2732 τὴν
919 2695 1003 2732 ζωὴν,

214 2743 273 2775 πῶς
288 2743 348 2778 οὐχὶ
370 2743 489 2778 φευκτέα
517 2742 617 2777 μᾶλλον
648 2742 776 2769 ἁπάντων
803 2742 850 2769 καὶ
872 2741 1003 2778 βδελυκτὴ

1053 2386 1212 2416 appetentes
1234 2390 1249 2409 a
1265 2382 1318 2409 [ide
1344 2384 1518 2413 aberrarunt,
1540 2382 1700 2416 suipsosque
1720 2382 1842 2408 inserue-

1052 2431 1116 2454 runt
1128 2427 1269 2455 doloribus
1285 2427 1377 2454 multis
1394 2427 1425 2454 ¹³.
1442 2427 1510 2454 Cum
1527 2435 1592 2461 ergo
1612 2427 1691 2454 nobis
1707 2426 1786 2454 ﬁdem
1802 2434 1845 2453 sa-

1055 2471 1170 2499 lutarem
1186 2472 1272 2504 tollat,
1295 2473 1451 2507 multasque
1471 2473 1533 2499 vitae
1547 2473 1718 2500 calamitates
1737 2473 1842 2507 pariat;

1056 2517 1193 2551 quomodo
1215 2524 1268 2544 non
1283 2517 1357 2544 omni
1369 2525 1420 2552 ope
1432 2517 1484 2544 erit
1500 2517 1636 2552 fugienda,
1654 2522 1682 2544 et
1698 2525 1845 2544 exsecran-

1056 2562 1090 2589 da
1113 2561 1137 2589 ei
1161 2563 1207 2596 qui
1222 2563 1290 2590 nolit
1314 2564 1446 2597 cauponis
1465 2570 1540 2590 more
1565 2563 1684 2590 animum
1709 2563 1845 2590 vendere?

1056 2607 1227 2642 Quapropter
1244 2608 1267 2635 si
1292 2609 1467 2636 conversatio
1488 2613 1580 2636 nostra
1607 2609 1633 2635 in
1660 2608 1737 2636 cmlis
1754 2613 1806 2640 est,
1821 2608 1844 2634 si

1055 2653 1153 2680 emittm
1168 2654 1331 2688 cogitamus,
1348 2658 1430 2690 atque
1449 2655 1482 2681 ad
1501 2655 1584 2682 vitam
1606 2654 1786 2681 immortalem
1812 2660 1845 2679 ac

1055 2698 1172 2726 salutent
1198 2699 1391 2734 sempiternam
1418 2700 1573 2735 aspiramus
1600 2700 1633 2732 "‘,
1652 2700 1784 2726 habentes
1804 2699 1845 2725 vi-

1056 2749 1130 2771 ctuttt
1150 2745 1342 2779 et'amictum,
1364 2746 1406 2774 his
1424 2746 1544 2773 contenti
1559 2745 1646 2773 simus
1661 2745 1693 2770 ".
1711 2742 1757 2770 Sic
1769 2744 1842 2770 enim

213 2788 253 2825 τῷ
267 2797 300 2824 γε
325 2789 364 2825 μὴ
381 2790 472 2824 πάντη
488 2787 633 2824 καπηλικῷ
646 2789 695 2823 τὴν
719 2789 809 2824 ψυχήν
822 2797 829 2822 ;
845 2788 876 2815 Οί
893 2788 959 2824 γοῦν
976 2790 998 2816 τί

1060 2789 1143 2824 probe
1162 2789 1312 2817 instructos
1335 2790 1460 2824 expedite
1480 2790 1594 2817 arduum
1620 2787 1730 2815 virtutis
1745 2787 1845 2815 clivum

251 2879 271 2895 ¹¹
288 2878 387 2915 Ephcs.
406 2886 433 2912 ν,
450 2879 477 2906 3.
517 2878 538 2893 "
552 2878 644 2906 Coios.
661 2886 703 2911 ιιι,
715 2878 746 2912 5;
761 2877 895 2914 Ephes.v,
907 2878 934 2906 5.
958 2879 980 2895 "
993 2878 1015 2905 ll
1033 2878 1103 2908 'l'izn,
1115 2887 1156 2914 nt,
1171 2880 1231 2910 2-8.
1265 2881 1286 2897 ιδ
1300 2880 1580 2917 Pbilipp.ttt,20,2l.
1620 2879 1641 2895 "
1657 2879 1668 2907 Ι
1685 2879 1804 2916 Tim.vt,
1819 2880 1846 2909 8.

395 2925 534 2957 PATROL.
548 2926 605 2956 GR.
626 2925 683 2955 CV.

1632 2926 1668 2957 18
