2092 3156
260 170 314 202 555

837 164 984 196 ΝΙΟΕΤίΕ
1001 162 1264 193 PAPIILAGONIS

1838 162 1892 194 556

259 227 367 265 juvabit
383 232 532 262 superare;
549 224 622 253 haud
639 225 760 260 ignaros,
781 228 810 250 ut
832 224 890 250 ales
912 222 987 250 humi
1006 229 1048 248 re-

1102 220 1253 255 πολίτευμα
1274 219 1306 246 ἐν
1324 219 1447 255 οὐρανοῖς
1463 219 1665 255 ἀποτιθέμενοι,
1696 219 1744 246 καὶ
1761 218 1829 255 πρὸς
1845 221 1891 247 τὸν

262 275 336 302 tibus
348 274 486 309 implicata
501 272 536 299 ad
549 272 648 299 cmlum
662 270 729 298 eniti
752 278 804 297 non
821 273 920 303 potest,
939 268 975 294 ita
989 275 1050 302 per-

262 321 326 349 inde
344 320 402 348 tleri
428 318 504 346 nullo
529 318 610 346 modo
633 323 732 351 posse,
757 320 787 342 ut
814 315 837 342 is
859 314 905 349 qui
926 313 1012 348 copiis
1024 317 1052 340 et

263 368 362 403 opibus
378 362 551 394 fortunarum
575 364 719 392 devinctus
739 362 785 394 sit,
809 362 933 397 expedite
953 360 1050 387 callem

263 415 296 442 ad
315 413 413 441 coelum
427 413 570 439 ducentem
596 409 724 436 decurrat
742 408 773 434 ιθ.
786 408 855 434 Iram
874 415 950 438 vero,
969 410 998 432 ut
1011 405 1052 432 in-

262 459 347 488 sania:
361 457 479 489 aﬂinem,
505 455 661 491 ignominia:
684 459 836 488 parentem,
861 453 980 487 malique
997 451 1051 478 da:-

262 504 354 532 monis
369 501 605 533 scintillationem,
622 500 706 527 remis
719 499 841 534 velisque
858 498 1005 533 fugiamus,
1018 503 1052 522 ne

264 551 317 578 hoc
353 548 417 575 olim
456 547 582 575 incendio
616 546 785 572 hamiamur.
814 544 866 571 Sed
893 543 1051 570 aﬂ'cctcmus

262 594 512 625 mansuetudinem,
528 591 611 619 animi
627 591 793 626 equitatem,
808 589 977 624 patientiam.
989 587 1051 613 lla-c

261 642 335 669 enim
353 645 419 668 sunt
444 647 508 667 vera
534 638 686 666 clementia:
707 637 772 664 Jesu
799 636 939 671 symbola;
955 639 981 661 et
994 634 1051 660 haec

261 688 307 716 ille
324 695 386 715 cum
405 685 670 721 sutperessrntialiter
691 684 744 715 sit.
762 684 819 710 haec
837 681 968 717 praecipit.
987 680 1051 707 Oni-

263 735 309 761 nia
335 733 407 760 enim
428 731 624 767 propemodum
645 729 748 757 Christi
764 728 900 756 dominica
916 731 1050 762 praecepta

262 779 403 808 continent
418 777 536 806 lenitatis
547 781 574 804 et
590 775 819 805 mansuetudinis.
838 781 918 807 atque
938 775 964 800 in
981 774 1050 800 tole-

261 825 357 853 randis
380 824 456 852 malis
472 822 608 858 patientiae
623 823 786 848 documenta
799 829 806 854 ;
821 828 868 854 per
883 828 943 854 qua:
959 824 986 846 et
1001 826 1050 846 ca-

262 878 310 907 put
325 871 448 899 omnium
473 870 603 896 virtutum
622 868 672 894 rite
693 867 870 895 constituitur
885 866 1051 900 acquiritur-

261 926 315 953 que
330 916 460 944 Charitas.
477 915 621 942 Mmrorem
642 919 732 940 autem
751 917 777 940 et
790 912 910 939 acediam
932 911 1049 939 deteste-

262 970 335 994 mur,
353 967 382 988 nt
400 968 461 996 qua:
473 961 544 987 viam
561 959 675 994 paliuris
694 958 840 993 obsepiant
854 957 1048 992 elaudantque.

263 1007 431 1042 Ahjiciamus
453 1013 600 1033 maerorem
618 1004 664 1039 qui
686 1004 716 1031 fit
733 1009 843 1039 propter
856 1010 948 1030 rerum
964 1002 1050 1029 ﬂuxa-

263 1062 323 1082 rum
341 1061 394 1080 non
413 1051 608 1086 acquisitarum
623 1050 771 1082 defectum,
792 1049 838 1084 qui
854 1049 952 1084 premit
972 1056 1050 1075 men-

262 1105 329 1131 tem,
345 1102 373 1126 οι
395 1098 449 1125 urit
464 1091 597 1129 animum:
617 1095 740 1128 adeoque
766 1095 874 1121 direxat
900 1098 927 1121 et
945 1093 1049 1129 afﬂigit,

263 1149 294 1173 ut
309 1153 363 1172 non
388 1143 473 1178 possit
499 1143 524 1169 in
541 1142 640 1169 sinceri
658 1140 749 1176 gaudii
766 1140 921 1175 largitorem
938 1139 1049 1172 intueri,

262 1191 296 1219 ad
315 1191 460 1225 ipsumque
473 1188 499 1216 in
516 1187 635 1223 Spiritus
647 1187 735 1214 sancti
752 1186 850 1221 gaudio
865 1185 983 1214 evolare.
995 1186 1050 1224 pb-

254 1235 394 1271 ~jiciamus
410 1234 532 1264 taedium,
548 1232 621 1259 \elut
636 1231 711 1266 pravi
724 1232 848 1259 maeroris
862 1231 957 1264 fetutn,
972 1231 1050 1266 igna-

263 1282 314 1307 viae
342 1284 495 1315 parentem,
513 1283 541 1305 et
570 1278 676 1305 socium
692 1277 903 1312 desperationis,
918 1276 1049 1308 solutum,

262 1327 420 1357 remissum,
440 1329 523 1360 atqtte
549 1324 583 1351 ad
606 1323 699 1351 omnia
725 1323 818 1350 divina
838 1327 970 1358 praecepta
985 1331 1051 1358 ope-

262 1379 348 1406 raqtte
365 1371 435 1398 bona
453 1369 545 1397 minus
566 1369 704 1396 idoneum.
719 1367 776 1396 liuo
793 1375 857 1395 vero
873 1368 944 1395 illam
963 1368 1051 1403 poeni-

263 1417 358 1445 tentia:
372 1420 487 1443 matrem
505 1421 566 1449 quae
581 1414 635 1442 Deo
656 1414 755 1449 placet,
786 1413 926 1441 tristitiam
952 1414 1051 1440 indua-

262 1471 347 1494 nius,
376 1464 484 1498 plenam
508 1461 739 1496 compunctionis,
767 1460 927 1495 ccelestiqno
952 1460 1051 1503 gaudio

263 1510 422 1537 delibutatn.
437 1507 584 1534 lnduamus
599 1507 776 1537 alacritatem,
789 1505 968 1541 diligentiam,
991 1513 1052 1533 om-

264 1563 383 1590 nemque
402 1554 506 1582 cultum
523 1553 644 1580 virtutis.
669 1552 762 1580 Simus
779 1553 876 1587 spiritu
905 1551 1050 1584 ferventes,

264 1602 382 1630 Domino
397 1601 549 1628 servientes
568 1599 601 1632 ",
616 1605 664 1632 spe
677 1598 837 1632 gaudentes,
852 1597 880 1624 in
897 1597 1051 1625 tribulatio-

265 1656 302 1676 ne
316 1647 462 1683 patientes,
477 1646 504 1673 in
524 1645 649 1672 oratione
671 1648 893 1679 perseverantes;
917 1648 945 1670 ut
961 1643 1052 1679 possi-

265 1702 328 1722 mus
341 1701 438 1720 vanam
448 1697 475 1719 et
484 1696 654 1719 exsecratam
670 1690 794 1725 gloriam,
806 1694 888 1724 atque
899 1690 950 1716 hac
966 1690 1051 1717 multo

264 1740 427 1768 deteriorem
443 1745 475 1765 ac
500 1743 583 1772 caput
606 1737 738 1764 scelerum
756 1736 924 1770 superbiant,
949 1735 1052 1770 princi-

264 1785 342 1821 pales
355 1784 454 1811 diaboli
470 1783 541 1811 tilias
555 1783 582 1809 in
597 1782 707 1810 Christo
725 1781 790 1809 Jesu
808 1789 940 1816 superare
957 1790 964 1807 :
985 1783 1050 1808 dum

264 1839 313 1866 per
320 1838 454 1858 summam
462 1829 545 1857 animi
555 1829 756 1859 demissionem,
770 1833 907 1855 versutum
917 1833 1052 1856 Veterato-

266 1885 322 1904 I'etn
341 1883 416 1903 vanae
440 1875 528 1903 laudis
543 1874 714 1909 cxplodimus
739 1878 766 1900 et
788 1875 991 1905 conculcatnus.
1011 1874 1052 1900 vi-

265 1922 421 1955 tiorumque
443 1921 566 1947 omnium
594 1919 714 1954 reginam
744 1919 899 1953 superbiam
916 1919 942 1945 in
959 1919 1010 1945 lide
1024 1923 1052 1945 et

264 1967 365 1994 virtute
384 1966 430 1993 Dei
451 1965 649 2000 prosternimus
680 1964 861 1998 elidimusque
887 1971 894 1989 :
913 1969 995 1997 atque
1014 1964 1052 1990 ita

265 2018 348 2039 totam
367 2011 493 2038 vitiorum
519 2010 602 2036 animi
629 2008 764 2035 sentinam
787 2008 990 2039 exhaurientcs,
1005 2016 1053 2042 po-

264 2059 326 2086 sitis
343 2057 471 2085 omnibns
487 2056 576 2082 noxiis
591 2055 732 2082 adfectibus
747 2055 856 2086 mentis,
871 2055 1052 2089 integritatem

266 2108 387 2131 sanctam
406 2107 433 2129 et
456 2106 598 2128 auctorem
624 2101 787 2136 integritatis
812 2100 897 2127 Deum
922 2109 988 2135 pure
1011 2101 1053 2128 in-

263 2151 391 2177 duemus.
415 2148 517 2182 Sicque
547 2147 622 2174 omni
646 2147 778 2173 virtutum
805 2152 904 2174 ornatu
928 2147 1053 2176 excultos

263 2196 380 2222 dilectus
409 2194 455 2222 Dei
478 2193 639 2228 Unigcnitus
663 2200 714 2219 nos
737 2192 831 2227 diliget
847 2193 878 2226 '“,
905 2198 933 2220 ct
953 2195 986 2221 ad
1003 2202 1053 2222 nos

1102 267 1161 293 ἐκεῖ
1174 266 1232 302 βίον
1246 267 1292 293 καὶ
1308 266 1358 301 τὴν
1375 266 1447 302 ζωὴν
1461 267 1511 302 τὴν
1525 266 1633 293 αἰώνιον
1648 267 1890 301 μεταταττόμενοι,

1101 312 1208 347 ἔχοντες
1220 312 1367 347 διατρᾶφᾶς
1389 313 1436 339 καὶ
1452 313 1649 348 σκεπάσματα,
1661 313 1778 344 ’τούτοις
1796 313 1892 348 ἀρκώ-

1103 358 1184 393 μεθα.
1200 359 1256 386 Καὶ
1277 359 1331 394 γὰρ
1346 359 1417 386 οὕτω
1434 359 1551 394 κούφους
1576 360 1649 394 ἡμᾶς
1676 360 1724 386 καὶ
1752 359 1892 391 εὐσταλεῖς

1101 405 1155 432 τῶν
1166 406 1272 441 ’ἀρετῶν
1296 406 1400 432 ἀνιέναι
1419 405 1467 441 τὴν
1483 405 1606 440 κλίμακα
1631 405 1681 438 δεῖ,
1711 405 1824 438 εἰδότας,
1851 406 1892 432 ὅτι

1102 453 1196 489 ὥσπερ
1207 454 1350 489 ἀμήχανον
1362 454 1437 488 δρνιν
1451 454 1498 480 ἐπὶ
1511 454 1562 488 γῆς
1578 454 1724 489 δεδεμένην
1738 453 1892 488 ἀναπτῆναι

1103 499 1170 534 πρὸς
1194 500 1318 535 οὐρανὺν,
1346 499 1432 530 οὕτως
1447 499 1604 526 ἀνένδεκτον
1621 497 1691 526 εἶναι
1716 499 1761 526 τὸν
1785 501 1891 535 γηῖνοις

1102 547 1223 580 κτήμασι
1238 546 1286 572 καὶ
1299 546 1441 581 χρήμασιν
1466 547 1495 572 ὲν
1516 546 1689 582 προσπαθείᾳ
1711 546 1891 581 καταδεδεμέ-

1102 599 1157 621 νον,
1176 590 1226 626 τὴν
1250 591 1317 625 πρὸς
1331 591 1397 617 Θεὸν
1420 590 1540 624 ὑψοῦσαν
1564 591 1716 623 εὐθυϐὁλως
1733 590 1810 626 οἷμον
1825 592 1890 627 δρα-

1104 638 1174 672 μεῖν.
1198 637 1295 672 Ὀργὴν
1311 637 1355 669 δὲ,
1385 637 1423 668 ὡς
1438 638 1593 668 ἐκστάσεως
1618 637 1700 665 οὖσαν
1721 639 1890 674 παράφυσιν,

1100 683 1139 714 ὡς
1150 682 1342 717 ἀσχημοσύνης
1360 683 1475 718 μητέρα,
1489 683 1536 710 καὶ
1547 683 1583 715 ὡς
1598 683 1644 710 τοῦ
1658 683 1777 718 πονηροῦ
1788 684 1891 718 τυγχά-

1101 737 1199 755 νουσαν
1228 728 1344 763 ἓξαλμα,
1356 730 1428 764 φυγῇ
1447 729 1589 764 φύγωμεν,
1616 730 1722 764 μήποτε
1741 731 1774 765 τῇ
1790 730 1893 765 ταύτης

1101 777 1316 812 ἑξαναλωθῶμεν
1346 777 1435 811 φλογί.
1465 777 1658 812 ’Λναλάΰωμεν
1683 777 1711 804 δὲ
1736 778 1891 812 πραΰτητα,

1102 824 1266 854 ἐπιείκειαν,
1279 823 1483 859 μακροθυμίαν.
1498 823 1590 849 Ταῦτα
1604 824 1658 858 γὰρ
1675 823 1723 857 τῆς
1738 823 1785 848 τοῦ
1804 821 1892 859 Ἰησοῦ

1102 871 1282 905 γνωρίσματα
1304 869 1521 905 φιλανθρωπίας,
1549 868 1596 905 xei.
1611 868 1698 895 ταῦτα
1722 868 1892 904 ὐπερουσίως

1065 905 1086 932 Β
1101 917 1207 946 ἐκεῖνος
1223 915 1273 947 ὢν,
1287 915 1375 942 ταῦτα
1392 914 1546 949 νομοθετεῖ.
1559 914 1657 949 Σχεδὸν
1672 914 1726 949 γὰρ
1741 915 1770 940 αί
1785 913 1893 940 ἐντολαὶ

1101 962 1188 988 πᾶσαι
1197 961 1243 987 τοῦ
1257 961 1398 996 Κυριακοῦ
1411 961 1557 995 στόματος,
1571 960 1725 995 πραΰτητος
1734 959 1893 986 διδασκαλία

1101 1008 1150 1034 καὶ
1164 1006 1342 1039 ἀνεξικακίας
1368 1006 1449 1040 είσὶν,
1466 1006 1499 1033 δι’
1516 1002 1554 1033 ὧν
1575 1006 1622 1033 καὶ
1637 1006 1654 1041 ή
1674 1006 1812 1041 κορυφαία
1835 1005 1891 1032 τῶν

1101 1053 1208 1089 ἀρετῶν
1226 1052 1322 1088 ἀγάπη
1339 1053 1498 1080 συνίσταται
1514 1052 1563 1079 καὶ
1581 1052 1773 1088 κατορθοῦται.
1794 1051 1892 1086 Λύπην

1100 1100 1129 1127 δὲ
1149 1100 1197 1126 καὶ
1225 1099 1342 1134 ἀκηδίαν
1372 1098 1583 1134 ὲκτρεπώμεθα,
1603 1098 1641 1130 ὡς
1669 1097 1787 1134 ἐμπόδιά
1800 1106 1830 1124 τε
1846 1098 1893 1124 καὶ

1102 1146 1194 1172 σκῶλα
1215 1144 1395 1176 καθεστώσας
1413 1144 1463 1179 τῆς
1479 1143 1551 1171 ὁδοῦ.
1576 1143 1715 1179 Ῥίψωμεν
1729 1143 1829 1179 λύπην,
1843 1143 1893 1179 τὴν

1101 1193 1135 1220 δι’
1149 1192 1301 1228 ἀποτυχίαν
1316 1191 1332 1226 ἢ
1346 1190 1466 1226 ἔλλειψιν
1481 1190 1583 1226 γεηροῦ
1609 1189 1772 1225 πράγματος
1787 1189 1892 1223 ἐγγινο-

1103 1240 1199 1274 μένην,
1214 1237 1460 1273 καταΰαρύνουσάν
1473 1245 1502 1263 τε
1518 1236 1566 1263 καὶ
1587 1235 1728 1271 πυροῦσαν
1750 1235 1829 1270 ήμῶν
1843 1235 1893 1269 τὴν

1101 1285 1201 1321 ψυχὴν,
1213 1284 1262 1312 καὶ
1271 1283 1344 1310 οὓτω
1359 1282 1486 1317 σκληρῶς
1499 1281 1676 1309 ἑκθλίϐουσαν
1689 1281 1736 1308 καὶ
1747 1280 1892 1312 ἐκπιέζου-

1103 1340 1163 1364 σαν,
1184 1330 1255 1357 ὥστε
1273 1331 1311 1365 μὴ
1324 1328 1455 1356 δύνασθαι
1472 1329 1540 1364 πρὸς
1557 1328 1604 1355 τὸν
1617 1327 1719 1362 δοτῆρα
1732 1326 1781 1362 τῆς
1795 1325 1892 1361 ἀληθι-

1102 1375 1151 1411 νῆς
1168 1375 1290 1402 ἀτενίσαι
1316 1374 1414 1409 χαρᾶς,
1433 1373 1564 1408 καὶπρὸς
1587 1372 1669 1399 αὑτὸν
1688 1373 1716 1398 ὲν
1732 1371 1893 1406 ἀγαλλιάσει

1102 1420 1261 1456 Πνεύματος
1287 1420 1369 1454 ἁγίου
1387 1420 1513 1455 δραμεῖν.
1540 1418 1677 1453 Ῥίψωμεν
1705 1417 1819 1452 ἀκηδίαν
1842 1416 1894 1449 τῆς

1103 1467 1194 1501 κακῆς
1211 1465 1298 1501 λύπης
1320 1466 1442 1500 ἔγγονον,
1474 1464 1523 1500 τὴν
1551 1464 1687 1500 ῥᾳθυμίας
1706 1463 1823 1498 μητέρα,
1841 1463 1893 1498 τὴν

1103 1511 1287 1546 ἀπογνώσεως
1300 1512 1392 1546 φίλην,
1409 1511 1459 1546 τὴν
1473 1510 1670 1545 ἐκλελυμένην,
1695 1509 1746 1545 τὴν
1760 1510 1890 1544 πάρετον,

1104 1558 1231 1593 καὶπρὸς
1252 1558 1342 1584 πᾶσαν
1363 1556 1473 1591 ἐντολὴν
1486 1556 1573 1587 θείαν,
1592 1555 1640 1582 καὶ
1656 1555 1726 1590 πρὸς
1740 1556 1794 1581 πᾶν
1812 1555 1893 1590 ἔργον

1103 1602 1205 1642 ἀγμθὸν
1221 1602 1361 1637 ἀδόκιμον.
1386 1600 1576 1636 Ἐνδυσὼμεθα
1594 1599 1623 1627 δὲ
1640 1599 1741 1636 μᾶλλον
1757 1601 1806 1634 τὴν
1821 1599 1893 1626 κατά

1103 1648 1169 1674 Θεὸν
1189 1648 1289 1683 λύπην,
1303 1647 1353 1683 τὴν
1368 1647 1477 1683 μητέρα
1501 1646 1551 1681 τῆς
1566 1645 1722 1681 μετανοίας,
1738 1645 1786 1681 τὴν
1806 1653 1893 1672 κατα-

1103 1694 1206 1727 νύξεως
1223 1693 1373 1728 γέμουσαν,
1394 1691 1444 1727 τὴν
1459 1692 1548 1727 χαρᾶς
1572 1691 1664 1726 πλήρη
1691 1689 1892 1725 πνευματικῆς.

1109 1738 1298 1774 Ἐνδυσώμεθα
1313 1738 1479 1773 προθυμίαν,
1494 1737 1622 1772 σπουδὴν,
1634 1736 1775 1764 εὐσέϐειαν
1791 1737 1892 1769 πᾶσαν,

1104 1787 1151 1813 καὶ
1167 1786 1278 1820 ἀρετήν.
1304 1785 1360 1812 Καὶ
1375 1784 1415 1819 τῷ
1428 1783 1565 1818 πνεύματι
1596 1783 1713 1815 ζέοντες,
1742 1782 1782 1816 τῷ
1796 1781 1893 1816 Κυρίῳ

1103 1831 1285 1862 δουλεύοντες,
1307 1832 1340 1865 τῇ
1356 1830 1444 1856 ἑλπίδι
1460 1829 1613 1865 χαίροντες,
1627 1830 1661 1864 τῇ
1681 1828 1770 1863 θλίψει
1785 1827 1892 1862 ὑπομέ-

1103 1886 1204 1908 νοντες,
1219 1878 1253 1912 τῇ
1269 1877 1408 1912 προσευχῇ
1419 1874 1699 1910 προσκαρτεροῦντες,
1710 1873 1891 1908 δυνηθείημεν

1105 1924 1137 1950 ἂν
1157 1923 1228 1950 οὕτω
1241 1923 1289 1949 καὶ
1309 1923 1360 1957 τῆς
1379 1922 1489 1953 ἀνοσίας
1505 1920 1669 1953 κενοδοξίας,
1695 1920 1742 1947 καὶ
1761 1919 1810 1954 τῆς
1842 1920 1892 1945 ἀν-

1104 1969 1253 2004 οσιωτέραις
1269 1968 1469 2003 ὑπερηφανίας,
1481 1968 1535 1993 τῶν
1548 1967 1705 2001 ἀκροτάτων
1722 1964 1823 1996 παθῶν,
1838 1963 1893 1989 τῶν

1105 2016 1284 2051 πρωτογόνων
1300 2014 1346 2040 τοῦ
1363 2014 1486 2040 διαϐόλου
1500 2013 1658 2047 θυγατέρων
1681 2012 1824 2046 ὑπέρτεροι
1848 2018 1893 2043 γε·

1104 2061 1198 2088 νέσθαι
1213 2062 1241 2086 ἐν
1257 2061 1368 2096 Χριστῷ
1386 2059 1474 2094 Ἰησοῦ
1485 2068 1493 2075 ·
1513 2059 1560 2085 καὶ
1573 2058 1606 2084 δι’
1620 2059 1708 2091 ἄκρας
1732 2058 1782 2092 μὲν
1796 2063 1892 2082 ταπει-

1105 2108 1214 2138 νώσεως
1228 2107 1274 2133 τὸν
1295 2106 1466 2133 πολύπλοκον
1483 2105 1597 2139 δαίμονα
1612 2104 1661 2138 τῆς
1678 2102 1830 2133 κενοδοξίας
1845 2102 1892 2126 ἐκ-

1106 2154 1262 2189 κρινόμενοι
1279 2152 1327 2179 καὶ
1346 2150 1563 2187 συμπατοῦντες,
1579 2150 1624 2175 τὸν
1640 2148 1783 2181 κολοφῶνα
1797 2147 1825 2173 δὲ
1839 2147 1893 2172 τὼν

1106 2200 1199 2227 κακῶν
1213 2200 1263 2234 τὴν
1283 2197 1473 2233 ὑπερηφανίαν
1484 2197 1513 2222 έν
1525 2196 1616 2221 πίστει
1631 2195 1679 2220 καὶ
1695 2193 1808 2227 δυνάμει
1823 2191 1893 2217 Θεοῦ

263 2249 327 2269 cum
344 2240 425 2268 Patre
440 2241 540 2272 veniet,
557 2243 586 2266 ut
600 2238 737 2273 promisit,
753 2243 779 2266 et
793 2240 964 2267 mansionem
977 2241 1049 2275 apud

1103 2246 1196 2273 τέλεον
1213 2245 1413 2280 ἀνατρέποντες
1433 2243 1480 2269 καὶ
1504 2241 1717 2276 καταργοῦντες.
1735 2240 1790 2266 Καὶ
1805 2238 1893 2268 οὕτως

261 2295 311 2316 nos
328 2288 418 2315 faciet.

1104 2293 1164 2319 ὅλον
1180 2293 1209 2318 τὸ
1227 2292 1328 2326 σμῆνος
1343 2290 1398 2316 τῶν
1416 2288 1542 2324 πονηρῶν
1556 2289 1605 2323 τῆς
1619 2288 1706 2323 ψυχῆς
1717 2286 1893 2320 ἀναιροῦντες

263 2336 368 2368 παθῶν,
395 2335 444 2368 τὴν
464 2332 540 2369 ἱερὰν
563 2332 706 2364 ἀπάθειαν,
722 2333 768 2360 καὶ
783 2333 829 2360 τὸν
845 2333 896 2369 τῆς
919 2335 1053 2370 ἀπαθείας
1071 2339 1138 2365 Θεὸν
1156 2339 1285 2374 καθαρῶς
1320 2336 1532 2371 ὲπενδυσόμεθα.
1560 2336 1615 2362 Καὶ
1637 2335 1726 2367 οὕτως
1752 2336 1826 2370 ἡμᾶς
1849 2334 1893 2361 διὰ

263 2383 354 2417 πάσης
374 2380 607 2415 κατηρτισμένους
620 2382 720 2416 ἀρετῆς
735 2382 749 2407 δ
764 2382 918 2418 Μονογενὴς
932 2385 1074 2421 ἀγαπητὸς
1110 2388 1157 2414 καὶ
1179 2385 1332 2422 ἠγαπηκὼς
1356 2385 1499 2411 ἐλεύσεται
1534 2383 1602 2419 μετὰ
1635 2382 1682 2410 τοῦ
1714 2382 1830 2417 Πατρὸς,
1855 2383 1893 2415 ὡς

264 2429 407 2464 ὑπέσχετο,
424 2428 471 2455 καὶ
490 2427 573 2462 μονὴν
594 2428 701 2462 ποιήσει
717 2429 781 2462 παρ’
797 2430 874 2463 ἡμῖν.

298 2474 492 2510 Hnjuscemodi
522 2475 633 2501 monitis
657 2473 768 2501 divinus
796 2480 890 2502 noster
914 2476 1049 2511 lgnatius,

263 2521 453 2557 hujuscemodi
469 2520 613 2556 praeceptis
633 2524 659 2547 ct
675 2520 847 2549 documentis
863 2524 990 2550 utebatur
1006 2528 1053 2551 :ct

264 2568 411 2603 separatim
437 2567 548 2602 quidem
570 2567 712 2602 religiosos
736 2571 764 2594 et
791 2572 913 2596 semotos
928 2577 943 2596 a
963 2570 1052 2598 turbis

263 2615 349 2648 viros,
367 2619 397 2642 ut
411 2614 514 2641 actioni
527 2614 613 2648 magis
626 2613 744 2646 deditos,
756 2614 929 2642 sermonibus
946 2616 1052 2643 actione

264 2659 382 2687 firmatis
397 2659 546 2692 alliciebat,
558 2666 736 2694 amoremque
749 2659 884 2695 religiosae
901 2661 1052 2696 disciplinae

263 2706 292 2735 in
309 2705 362 2734 illis
377 2705 549 2733 incendebat.
570 2705 700 2733 Seorsum
715 2705 797 2733 etiam
822 2705 952 2733 divitibus
981 2714 1051 2741 prze-

263 2757 340 2787 cepta
354 2751 461 2779 vivendi
479 2751 571 2783 dabat,
595 2758 630 2778 ne
647 2752 791 2786 magnifice
805 2756 832 2779 et
845 2751 963 2786 superbe
988 2759 1053 2779 sen-

264 2798 359 2831 tirent,
376 2805 465 2833 neque
481 2797 563 2826 ﬂuxis
579 2798 662 2826 rebus
676 2803 703 2826 et
718 2797 831 2826 incertis
847 2797 964 2826 fortunis
987 2798 1054 2826 lide-

300 2886 321 2902 "
333 2886 440 2914 Coloss.
457 2895 496 2921 nt,
511 2888 537 2921 l,
556 2887 584 2914 2.
623 2887 643 2904 ¹¹¹
659 2886 738 2915 Rom.
756 2895 805 2920 xtl,
820 2887 864 2914 il.

1138 2478 1286 2509 Τοιαύταις
1312 2478 1357 2504 ἀεὶ
1385 2476 1587 2513 παραγγελίαις
1614 2475 1627 2501 ὁ
1659 2474 1731 2505 θεῖος
1752 2472 1890 2507 Ἰγνάτιος,

1101 2525 1241 2557 τοιαύταις
1260 2523 1413 2555 νουθεσίαις
1436 2523 1483 2549 καὶ
1499 2520 1686 2551 διδασκαλίαις
1711 2517 1891 2553 κεχρημένος,

1102 2573 1150 2598 καὶ
1174 2571 1228 2607 ἰδίᾳ
1245 2571 1293 2606 μὲν
1318 2571 1380 2602 τοὺς
1403 2569 1566 2605 μοναχικοὺς
1596 2567 1643 2594 καὶ
1662 2565 1829 2602 ὲρημικοὺς,
1854 2564 1892 2595 ὡς

1101 2616 1344 2651 πρακτικωτέρους
1357 2616 1416 2647 ταῖς
1432 2616 1443 2640 ὲ
1448 2614 1602 2649 μπράκτοις
1616 2612 1737 2647 ὁμιλίαις
1761 2609 1891 2645 ψυχαγω-

1103 2661 1170 2694 γῶν,
1186 2661 1288 2688 καὶτὸν
1303 2660 1386 2687 πόθον
1398 2660 1492 2691 αὐτοῖς
1507 2659 1556 2694 τῆς
1573 2658 1717 2692 ἀσκήσεως
1731 2655 1886 2687 ἐπιτείνων,

1105 2706 1159 2742 ἰδίᾳ
1172 2706 1201 2732 δὲ
1217 2707 1273 2738 τοῖς
1300 2705 1436 2736 πλουσίοις
1452 2703 1649 2740 παραγγέλλων
1673 2702 1710 2738 μὴ
1736 2700 1892 2736 ὑψηλοφρο-

1103 2754 1171 2784 νεῖν,
1188 2753 1249 2789 μηδ’
1265 2753 1309 2778 ἐπ’
1323 2752 1469 2788 ἀδηλότητι
1495 2750 1613 2777 πλούτου
1632 2748 1793 2776 πεποιθέναι
1807 2756 1814 2762 ·
1835 2749 1892 2778 τοῖς

1103 2799 1217 2834 ἄρχουσι
1233 2799 1271 2835 μὴ
1299 2798 1474 2834 φυσιοῦσθαι,
1501 2797 1568 2834 μηδὲ
1597 2795 1813 2831 κατεπαίρεσθαι
1838 2794 1892 2821 τῶν

904 2887 926 2903 ¹⁹
939 2887 1016 2915 Joan.
1037 2894 1092 2920 xiv,
1107 2887 1151 2914 ‘ll.
