2092 3156
229 130 282 163 559

230 232 333 264 frrelri,
349 232 376 259 in
391 240 447 268 quo
461 234 578 268 jarehat.
595 234 745 270 fragtueuta
763 235 941 268 reliquiarum
957 233 1017 259 loco

230 278 391 306 tlistraxerit
405 299 412 311 ,
429 283 456 306 et
473 281 562 307 velum
578 288 633 314 quo
658 285 745 307 tectus
772 286 847 313 erat,
879 280 906 307 in
927 285 1018 315 partes

231 323 303 351 mille
316 324 495 359 discerptum,
516 325 587 352 sacri
607 325 729 360 pignoris
751 326 810 352 loco
828 326 898 352 inter
912 326 972 361 pios
983 325 1019 352 sit

230 370 359 397 divisum.
381 370 449 397 Cum
465 378 532 405 ergo
547 379 648 406 corpus
664 379 735 405 aegre
750 379 764 398 e
781 371 908 398 inanibus
924 370 1016 405 populi

229 421 302 443 esset
316 421 451 450 ereptum,
471 416 504 443 ad
530 416 648 443 nobilem
669 417 760 452 magni
788 416 917 451 martyris
935 415 1018 443 Mente

229 461 314 488 aedem
333 462 474 496 pervenit;
490 462 582 497 ibique
616 462 775 497 aliquandiu
791 462 954 497 depositum,
971 469 1017 489 sa-

228 508 284 534 cris
304 514 414 541 quoque
437 507 546 542 hymnis
564 508 724 538 honorifice.
746 512 775 535 ιιι
801 515 849 542 par
877 512 946 539 erat,
975 511 1017 534 est

227 556 380 587 exceptum.
394 552 421 579 In
438 560 492 587 quo
508 553 567 580 loco
580 553 650 580 bime
673 553 780 586 femina:
795 561 810 580 a
837 553 916 580 malis
935 560 1018 580 occu-

227 604 298 634 patae
315 599 497 633 daemonibus,
528 600 752 635 horremlumque
779 601 932 636 exagitalae,
959 600 1017 627 solo

229 645 328 672 tumba
341 651 482 677 contactu,
493 651 632 681 spectante
644 647 773 674 universo
788 652 871 679 coetu,
886 647 1015 679 liberatae,

228 692 413 719 certissimam
429 694 575 719 sanitatem
590 697 655 720 sunt
666 698 821 720 consecuta:
834 701 841 726 ;
858 700 918 727 qua:
931 697 958 720 et
975 692 1018 719 in-

227 745 321 773 gentes
338 737 393 765 Deo
409 746 506 773 magna
524 746 591 766 voce
608 739 712 773 gratias
726 739 927 774 persolverunt.
945 737 1015 765 llinc

226 791 292 810 vero
317 791 381 811 cum
406 783 556 812 familiares
589 785 708 812 nobilem
739 785 813 812 hunc
839 785 1015 820 reliquiarum

228 827 389 855 thesaurum
414 829 476 856 navi
497 829 704 864 impOsuissent,
732 837 861 864 mareque
874 830 929 864 jam
953 835 1017 857 ante

228 872 403 910 vehementer
419 873 604 908 intumuisset,
622 881 650 902 et
665 875 784 902 violenta
812 874 872 902 Noti
899 875 1016 910 procella

226 918 328 946 fluctus
357 919 524 948 decumauos
539 921 656 953 tolleret,
674 921 719 956 qui
746 921 946 956 navigationem
966 922 1017 948 itu-

229 965 347 999 petlituri
361 966 531 1000 viderentur,
553 967 634 994 simul
647 975 679 995 ac
690 975 769 995 sacra
787 975 851 995 arca
865 976 960 995 navem
975 974 1017 995 at-

229 1012 266 1046 tig
278 1017 298 1043 ι,
316 1011 407 1038 statim
423 1013 522 1040 mirum
540 1013 606 1048 qttid
622 1018 665 1041 est
678 1013 820 1041 Dominica
842 1015 944 1041 virtute
974 1015 1016 1041 fa-

227 1062 301 1083 ctum
317 1065 323 1084 :
342 1065 403 1084 nam
420 1065 520 1093 magno
535 1058 581 1085 illo
593 1059 715 1086 antistite
728 1059 878 1094 procellam
895 1059 1017 1086 invisibi-

227 1101 290 1128 liter
303 1102 472 1138 increpante,
482 1103 608 1132 lluctibus
619 1104 718 1131 leniter
729 1103 901 1137 cadentibus,
913 1103 1016 1139 placida

228 1155 302 1175 mare
317 1150 439 1177 constitit
452 1157 529 1177 aura.
547 1150 618 1185 Ergo
629 1156 772 1178 curatores
788 1149 894 1178 funeris
907 1158 1018 1177 serena-

228 1200 286 1221 tum
301 1203 377 1223 mare
396 1196 541 1224 Dominum
556 1197 776 1224 concelebrando
798 1196 948 1231 trajiciunt,
976 1201 1018 1224 at-

226 1250 280 1277 que
296 1243 322 1270 iu
338 1243 430 1271 nobile
452 1244 582 1278 templum
610 1245 731 1272 cmlestis
758 1244 862 1271 militiae
887 1244 1017 1279 principis

227 1293 311 1324 atque
338 1289 496 1325 archangeli
523 1289 716 1317 aedificatoretn
736 1289 809 1316 illius
832 1288 965 1324 lgnatium
991 1294 1018 1316 et

227 1335 360 1363 cultorem
375 1336 533 1371 deportant.
560 1341 644 1371 atque
659 1336 692 1363 ad
706 1336 846 1363 dexteram
865 1335 932 1362 aedis
956 1342 1016 1370 par-

228 1386 281 1408 tem
305 1389 403 1417 magna
420 1390 483 1410 cum
499 1383 676 1410 veneratione
695 1390 852 1409 marmoreo
877 1381 1017 1408 conditum

227 1427 332 1454 tumulo
348 1431 496 1462 reponunt,
510 1429 666 1456 morborum
686 1435 784 1462 nempe
805 1427 944 1454 variorutn
960 1434 1018 1454 me-

227 1471 316 1500 dicam
332 1474 410 1508 qttasi
426 1473 573 1506 olIicinam,
595 1475 638 1502 ubi
651 1479 678 1501 et
704 1475 818 1509 spiritus
844 1473 936 1502 infesti
962 1473 1018 1508 pel.

801 130 947 160 NICETE
968 130 1233 161 PAPIILAGONIS

265 184 352 213 Tanta
375 194 438 214 vero
461 187 547 222 pietas
574 187 703 223 populum
733 188 892 219 lliCt'SSl‘rﬂl,
924 189 963 214 uti
990 192 1053 220 οιΑ

1804 132 1857 164 560

1109 188 1187 215 Ἐπεὶ
1201 189 1328 216 τοσοῦτον
1343 189 1370 215 δὲ
1381 190 1410 216 τὸ
1422 190 1462 220 είς
1476 189 1557 216 αὑτὸν
1573 189 1654 221 σέϐας
1668 189 1788 225 ἀνῆπται
1799 192 1856 222 τοῖς

1068 234 1153 266 λαοῖς.
1168 234 1238 261 ὥστε
1255 235 1302 261 καὶ
1318 235 1350 262 τὰ
1373 235 1420 262 ἐπὶ
1442 235 1492 265 ,τοῦ
1515 235 1678 271 σκίμποδος,
1696 237 1725 262 ὲν
1741 233 1763 270 ᾧ
1789 245 1856 264 κατ-

1063 280 1158 307 ’έκειτο
1168 301 1175 312 ,
1191 280 1276 316 θράνη
1289 281 1348 307 ἀντὶ
1363 282 1496 316 λειψάνων
1512 282 1689 316 διηρπᾶσθαι,
1704 283 1750 309 καὶ
1763 283 1794 309 eo
1813 283 1856 310 ἐπ’

1068 326 1150 353 αὑτοῦ
1162 327 1190 353 δὲ
1207 327 1331 362 κείμενον
1347 328 1450 354 πέπλον
1465 328 1573 363 μυρίοις
1595 329 1857 364 καταδιαιροὺμενον

1067 373 1221 408 τμήμασιν,
1238 374 1280 405 είς
1293 374 1431 409 ἁγιασμοῦ
1447 374 1533 410 δῶρον
1550 375 1791 410 καταμεμερίσθαι
1802 377 1858 407 τοῖς

1068 419 1186 449 πιστοῖςο
1212 418 1290 452 μόγις
1304 416 1350 445 οὖν
1364 419 1425 445 τότε
1448 419 1479 445 τὸ
1500 419 1580 454 σῶμα
1599 419 1663 451 τοὺς
1690 419 1858 455 κρατοῦντας

1067 463 1209 498 διαφυγὸν,
1225 464 1273 490 καὶ
1287 465 1354 500 προς
1364 465 1403 500 τῷ
1421 465 1532 499 μεγάλῳ
1548 464 1604 500 ναῷ
1616 465 1664 492 τοῦ
1674 466 1858 502 Μεγαλομάρ-

1068 518 1148 544 τυρος
1164 510 1337 545 καταντῆσαν
1353 511 1445 546 Μηνᾶ,
1463 511 1521 537 ἐκεῖ
1537 510 1570 546 δὴ
1587 511 1667 538 πάλιν
1681 512 1858 539 κατατίθεταί

1067 563 1097 581 τε
1113 555 1211 590 βραχὺ,
1233 556 1280 582 καὶ
1293 558 1343 591 τῆς
1358 557 1390 583 ἐκ
1405 556 1460 582 τῶν
1471 555 1577 590 ὕμνων,
1594 556 1632 588 ὠς
1644 556 1735 593 θέμις,
1755 558 1859 593 τυγχά-

1068 609 1108 627 νει
1126 600 1287 633 δεξιώσεως.
1307 602 1395 628 Ὅπου
1413 602 1462 628 καὶ
1483 602 1531 628 δύο
1547 603 1676 636 γυναῖκες
1691 601 1760 637 ὁμοῦ
1775 611 1859 638 πονη-

1069 648 1126 682 ροῖς
1141 647 1297 681 πνεύμασιν
1321 647 1495 682 ὀχλούμεναι,
1511 647 1558 674 καὶ
1575 648 1671 680 δεινῶς
1684 649 1857 684 ἁναόρασσό-

1070 701 1160 728 μεναι,
1188 693 1226 725 ὠς
1257 693 1337 728 μόνον
1368 694 1489 728 ἐψαυσαν
1518 695 1551 729 τῇ
1579 694 1626 720 τοῦ
1653 694 1732 728 ἁγίου
1766 694 1857 730 σορῷ,

1068 739 1184 766 ἐνώπιον
1197 740 1299 770 παντὸς
1311 739 1359 766 τοῦ
1378 739 1443 765 λαοῦ
1469 739 1642 774 κατέστησαν
1660 740 1758 773 ὑγιεῖς,
1777 740 1859 766 ἀναν-

1067 784 1197 819 τιρῤήτου
1213 784 1343 820 τυχοῦσαι
1368 785 1418 819 τῆς
1445 785 1555 818 ἰάσεως,
1581 785 1628 811 καὶ
1648 785 1754 820 μεγάλῃ
1781 787 1857 821 φωνῇ

1067 832 1258 866 δοξολογοῦσαι
1274 833 1319 860 τὸν
1337 833 1413 860 Θεόν.
1435 833 1576 860 Ἐντεῦθεν
1591 834 1645 860 τῶν
1658 834 1722 869 περὶ
1734 834 1815 861 αὐτὸν
1829 833 1858 859 ἐν

1069 878 1153 914 πλοῇρ
1184 879 1377 913 καταθεμένων
1403 879 1449 906 τὸν
1468 879 1615 914 πολύτιμον
1631 880 1787 915 θησαυρὸν,
1808 879 1858 912 τῆς
1888 906 1893 913 _

1069 923 1206 960 θαλάσσης
1221 925 1270 959 μὲν
1285 926 1346 951 τότε
1361 925 1581 961 κορυφουμένης,
1596 926 1625 952 ὲν
1635 926 1728 961 ἀνέμῳ
1742 925 1770 952 δὲ
1779 926 1857 961 Νότῳ

1069 969 1149 1005 βιαίῳ
1168 971 1221 996 τῶν
1235 971 1365 1005 κυμάτων
1383 972 1420 1003 εἰς
1431 971 1497 1006 Mog
1513 973 1665 1007 αἰρομένων
1675 993 1681 1004 ,
1699 973 1744 999 καὶ
1755 971 1858 1006 ἀπρόσ-

1069 1024 1125 1042 ιτον
1162 1016 1376 1043 ὖποδεικνύντων
1399 1018 1445 1043 τὸν
1473 1017 1566 1049 πλοῦν,
1585 1017 1623 1049 ὡς
1647 1018 1728 1051 μόνον
1756 1019 1773 1053 ἡ
1797 1018 1857 1045 θεία

1069 1063 1147 1098 σορδς
1164 1063 1255 1097 ὲκείνη
1279 1063 1429 1098 ἐπιϐέϐηκε
1447 1063 1496 1098 τῆς
1515 1063 1588 1099 νηὸς,
1603 1062 1637 1099 ἦν
1653 1065 1719 1099 δρᾷν
1731 1065 1858 1100 παραυτὰ

1067 1108 1214 1143 γινομένην
1222 1109 1391 1143 Δεσποτικὴν
1404 1108 1638 1145 θαυματουργίαν.
1653 1110 1792 1145 ’Δοράτως
1804 1111 1859 1144 γὰρ

1068 1155 1120 1182 ὑπὸ
1136 1154 1182 1181 τοῦ
1202 1155 1321 1190 μεγάλου
1340 1155 1490 1191 ἀρχιερέως
1513 1155 1564 1191 τῆς
1595 1156 1752 1191 καταιγίδος
1771 1156 1860 1183 ἐπιτι-

1070 1201 1211 1236 μωμένης,
1240 1201 1335 1228 ἵστατο
1359 1202 1409 1236 μὲν
1432 1202 1472 1234 εἰς
1495 1200 1612 1238 αὖρανή
1643 1202 1776 1234 θάλασσα,
1803 1202 1859 1229 τῶν

1068 1247 1200 1281 κυμάτων
1223 1247 1253 1274 δὲ
1279 1248 1550 1283 κατασιγαξομένων,
1571 1248 1598 1275 οἱ
1609 1247 1657 1274 τοῦ
1672 1248 1751 1281 ἁγίου
1775 1248 1859 1282 θερα-

1068 1293 1167 1320 πευταὶ
1186 1294 1215 1319 ὲν
1232 1293 1337 1329 γαλήνῃ
1360 1293 1601 1328 διαπεραιούμενοι
1621 1294 1669 1320 καὶ
1690 1294 1858 1327 δοξάζοντες,

1068 1339 1114 1366 καὶ
1130 1338 1199 1373 πρὸς
1218 1338 1257 1374 τῷ
1277 1339 1342 1374 ἱερῷ
1359 1339 1407 1366 καὶ
1423 1339 1557 1374 παγκάλῳ
1571 1339 1618 1366 τοῦ
1637 1339 1858 1375 ἀρχιστρατήγου

1067 1385 1125 1420 vn?)
1147 1385 1193 1411 τὸν
1212 1385 1374 1423 πιστότατον
1401 1385 1542 1420 οἰκοδόμον
1562 1386 1667 1412 ἐκείνου
1697 1386 1744 1412 καὶ
1763 1385 1859 1421 λάτριν

1067 1430 1231 1465 ἀγαγόντες,
1257 1431 1326 1466 πρὸς
1348 1431 1405 1463 τοῖς
1428 1431 1525 1463 δεξιοῖς
1552 1431 1711 1466 σεδασμίως
1735 1431 1764 1457 ἐν
1788 1439 1859 1466 μαρ-

1069 1478 1171 1513 μαρίνῃ
1195 1477 1374 1504 κατατιθέασι
1399 1477 1482 1513 σορῷ,
1513 1477 1599 1504 νόσων
1621 1486 1651 1504 τε
1678 1477 1859 1513 παντοδαπῶν

229 1519 334 1551 luntur,
348 1520 494 1554 omnisque
509 1520 618 1556 generis
634 1521 699 1556 ψει-ἱ
716 1522 764 1556 (ut
791 1519 954 1555 compendio
974 1520 1016 1547 di-

1070 1511 1202 1558 ίατήρίον,
1212 1523 1261 1549 καὶ
1269 1511 1509 1558 πνευμάτων-πονη
1514 1523 1568 1557 ρῶν
1577 1523 1731 1558 ἐλατήριον,
1740 1511 1788 1550 καὶ
1797 1532 1859 1550 συν-

228 1563 307 1598 catn)
326 1569 382 1592 tum
402 1565 539 1600 corporis,
555 1570 612 1592 tum
642 1566 725 1592 animi
753 1566 865 1597 morbis,
889 1573 950 1591 cum
973 1569 1016 1591 tu-

228 1611 302 1638 mulo
322 1611 511 1644 admoventur,
529 1616 656 1647 patenter
673 1617 814 1638 curantur.

266 1657 304 1683 Ita
317 1648 415 1684 vir'Dei
436 1657 463 1683 in
486 1659 565 1684 terris
578 1657 672 1684 multis
686 1657 817 1684 aerumnis
833 1655 1014 1688 conﬂictatus,

227 1707 255 1729 et
266 1706 393 1736 tanquam
405 1710 501 1728 aurum
515 1703 541 1729 in
554 1702 664 1729 fornace
674 1703 813 1737 probatus,
826 1706 905 1737 atque
920 1702 955 1728 ita
974 1702 1018 1728 die

228 1755 297 1782 guns
312 1747 366 1774 Deo
383 1748 530 1781 ethibitus,
541 1749 678 1775 caelestem
696 1748 884 1776 beatitudinem
894 1752 921 1775 et
931 1748 1016 1775 hono-

230 1801 286 1821 rem
302 1794 330 1820 iu
338 1794 464 1826 excelsis,
480 1803 534 1829 quo
546 1795 673 1821 fruuntur
686 1795 953 1825 sancti.cousecutus
964 1799 1015 1821 est.

231 1840 319 1867 Stulte
332 1848 396 1867 vero
409 1844 523 1874 egerunt
536 1841 654 1868 tenebrat
665 1841 754 1868 lutneu
770 1845 916 1875 persecuta:
927 1861 934 1873 υ
944 1840 1017 1876 quod

230 1893 367 1921 nunquam
384 1886 624 1921 apprehenderuut
645 1888 720 1913 :imo
746 1891 821 1913 tanto
839 1887 925 1921 magis
954 1894 1018 1920 pro-

231 1933 342 1959 fuerant
360 1932 560 1967 persequendo,
575 1937 677 1967 quanto
695 1932 781 1967 magis
797 1933 863 1960 illud
890 1940 905 1958 a
918 1939 946 1958 se
970 1939 1016 1957 ve-

229 1978 288 2004 xari
305 1981 479 2012 putaverunt.
504 1976 571 2004 Nam
592 1977 656 2004 dum
681 1981 909 2012 persequerentur
925 1976 1016 2002 lumen

230 2023 292 2054 hoc,
309 2028 456 2058 utcaplum
476 2023 681 2054 conculcarent,
704 2028 732 2050 et
750 2022 813 2049 inde
840 2023 878 2049 illi
901 2022 1017 2048 insulta-

230 2074 301 2101 rent,
320 2068 407 2095 lucem
421 2067 531 2103 quidem
548 2075 563 2094 a
580 2075 610 2095 se
625 2074 707 2102 quam
725 2067 884 2101 longiSsime
909 2066 1016 2100 repule-

229 2114 446 2148 runt,illamque
464 2113 506 2140 vel
530 2114 655 2140 nolentes
676 2117 751 2140 tanto
770 2112 882 2148 propius
909 2119 1017 2139 summo

229 2160 302 2187 bono
317 2159 509 2192 admoverunt,
530 2164 633 2195 quanto
646 2167 674 2187 se
691 2160 778 2194 magis
791 2167 854 2186 cum
879 2158 951 2185 malo
967 2165 1017 2185 ex-

229 2211 319 2233 tremo
333 2207 490 2234 deterrimis
506 2208 564 2234 suis
576 2206 699 2233 consiliis
714 2205 924 2240 conjunxerunt.

263 2251 335 2286 Ergo
347 2251 465 2286 lgnatius
490 2251 589 2278 iterum
608 2251 764 2286 patriarcha
795 2250 928 2278 deccnnio
949 2257 1017 2284 pra:-

229 2298 298 2332 fuit;
314 2299 476 2326 trieennium
492 2306 565 2331 vero,
584 2298 720 2333 pauloque
732 2297 861 2332 amplius,
890 2296 1016 2323 universe

228 2351 344 2378 magnus
364 2344 478 2371 antistes
493 2343 592 2370 solium
620 2343 706 2370 tenuit
723 2351 730 2375 ;
751 2349 940 2376 annorumque
969 2348 1016 2368 oc-

229 2389 331 2423 toginta
354 2390 379 2416 iu
403 2397 467 2423 pace
491 2390 523 2415 ad
535 2397 662 2423 maguum
679 2389 753 2415 illum
769 2388 921 2422 pontiﬁcem
940 2387 1015 2414 Chri-

228 2439 301 2462 stum
321 2439 363 2462 est
378 2435 527 2470 profectus.

262 2481 349 2508 Porro
364 2487 431 2516 quot
447 2489 478 2508 ac
490 2481 599 2516 quantis
617 2481 692 2507 illmu
709 2479 778 2507 Deus
795 2480 879 2514 signis
892 2487 925 2506 ac
949 2487 1015 2514 pro-

227 2527 309 2562 digiis
323 2527 476 2559 celebrarit,
501 2533 524 2554 et
542 2527 679 2554 celebrare
692 2533 798 2560 semper
825 2526 852 2552 in
868 2526 913 2553 illo
941 2526 1013 2552 cclc-

227 2574 324 2600 hratus
345 2572 474 2599 Dominus
489 2581 543 2599 non
562 2572 679 2603 desinat,
711 2579 765 2598 non
792 2571 872 2604 hujus
898 2571 1015 2598 instituti

227 2607 381 2654 operisest,
398 2619 444 2646 sed
467 2619 587 2645 historiae
612 2622 639 2645 ct
669 2617 735 2652 justi
753 2617 899 2644 voluminis
925 2618 1012 2644 labor.

227 2665 284 2700 Ego
304 2665 337 2691 de
351 2664 443 2691 multis
455 2671 540 2698 pauca
556 2663 565 2698 (
581 2671 641 2689 nam
659 2663 764 2696 singula
782 2663 907 2697 persequi
927 2663 1015 2690 infini-

227 2715 284 2737 luttt
305 2710 362 2743 sit),
377 2718 438 2745 qua:
455 2715 544 2737 tamen
569 2709 614 2736 Dei
643 2710 757 2744 grati-nu
787 2714 815 2736 et
829 2709 915 2743 ipsius
935 2710 1013 2736 [idem

225 2756 398 2784 mediocriter
417 2756 564 2789 declarent,
582 2755 743 2791 compendio
756 2762 902 2790 exponam.

260 2846 331 2875 Put'l‘
345 2848 478 2881 Minis,
494 2855 632 2875 summum
663 2846 809 2879 noveuuis,
828 2846 923 2873 morbo
953 2854 1012 2880 per-

1067 1569 1159 1604 τόμως
1175 1570 1273 1601 εἰπεῖν,
1290 1569 1426 1596 παντοίων
1441 1569 1536 1596 παθῶν
1554 1569 1645 1604 ψυχῆς
1658 1578 1688 1596 τε
1703 1569 1858 1605 καὶσῶμα-

1066 1623 1112 1645 τος
1129 1615 1184 1646 τοῖς
1202 1614 1358 1648 ἐγγίζουσιν
1374 1614 1564 1649 ἀλεξητήριον.

1063 1693 1067 1696 γ
1105 1659 1198 1692 Οὕτως
1209 1661 1222 1686 ὁ
1237 1661 1307 1695 ἱερὸς
1319 1660 1366 1687 τοῦ
1381 1659 1449 1686 Θεοῦ
1463 1659 1606 1694 ἄνθρωπος
1621 1659 1665 1686 διὰ
1681 1658 1787 1686 πολλῶν
1801 1658 1858 1685 θλί-

1068 1706 1141 1742 ψεων
1157 1707 1185 1734 ὲν
1209 1708 1243 1742 γῇ
1268 1706 1438 1742 πειρασθείς,
1466 1706 1512 1740 καὶ
1530 1706 1566 1737 ὼς
1587 1705 1688 1741 χρυσὸς
1709 1706 1738 1732 ἐν
1755 1714 1858 1741 χωνευ-

1067 1753 1155 1789 τηρίῳ
1173 1753 1360 1788 δοκιμασθεὶς,
1377 1753 1424 1779 καὶ
1441 1752 1514 1784 ἄξιος
1532 1751 1619 1783 οὕτως
1633 1751 1801 1786 ἀποδειχθεὶς
1809 1751 1856 1778 τοῦ

1068 1798 1148 1832 Θεοῦ,
1167 1799 1225 1834 τῆς
1235 1799 1362 1835 οὐρανίου
1383 1799 1586 1834 μακαριότητος
1605 1798 1654 1825 καὶ
1675 1798 1723 1833 τῆς
1737 1798 1766 1824 ὲν
1785 1798 1857 1833 ὕψη-

1067 1845 1124 1878 λοῖς
1147 1846 1202 1872 τῶν
1227 1846 1312 1880 ἁγίων
1333 1845 1491 1880 κατηξιώθη
1508 1845 1600 1880 τιμῆς.
1634 1844 1808 1880 Ἐματαιώθη
1826 1844 1857 1871 δὲ

1068 1893 1085 1927 ή
1104 1892 1210 1922 σκοτία,
1229 1891 1348 1925 διώξασα
1366 1891 1415 1926 μὲν
1428 1891 1458 1918 τδ
1476 1891 1546 1924 φῶς,
1564 1890 1594 1918 οὐ
1611 1890 1803 1917 καταλαϐοῦσα
1816 1890 1855 1917 δέ.

1068 1938 1195 1973 Τοσούτῳ
1217 1938 1244 1964 δὲ
1263 1937 1364 1973 μᾶλλον
1388 1937 1585 1972 εὐηργέτησεν,
1609 1937 1664 1971 ὅσῳ
1680 1937 1760 1964 πλέον
1779 1936 1856 1971 ᾠήθη

1068 1984 1174 2012 λυπεῖν.
1197 1983 1339 2011 Διὼκουσα
1358 1983 1423 2018 γὰρ,
1447 1983 1491 2010 ἵνα
1507 1983 1618 2019 πατήσῃ
1644 1983 1692 2010 καὶ
1716 1992 1857 2009 κατακαυ-

1068 2029 1197 2064 χήσηται,
1213 2029 1311 2063 ἑαυτῆς
1329 2029 1377 2064 μὲν
1395 2029 1426 2055 τὸ
1444 2028 1545 2064 φεῦγον
1560 2030 1716 2064 ὲμάκρυνε,
1735 2037 1856 2064 προσεγ-

1068 2076 1144 2109 γίσαι
1161 2075 1191 2101 δὲ,
1212 2075 1403 2111 παρεσκεύασε
1420 2076 1468 2102 καὶ
1486 2075 1523 2110 μὴ
1538 2075 1688 2109 βουλομένη
1708 2075 1746 2110 τῷ
1762 2073 1857 2109 ἀγαθῷ

1067 2120 1205 2153 τοσοῦτον,
1232 2121 1293 2146 ὅσον
1314 2121 1413 2155 ἑαυτὴν
1434 2121 1473 2155 τῷ
1493 2120 1571 2155 κακῷ
1594 2121 1639 2147 διὰ
1657 2120 1708 2154 τῆς
1732 2120 1858 2155 πολυμη-

1068 2166 1149 2201 χάνου
1165 2166 1347 2201 στραγγαλιᾶς
1359 2165 1598 2202 προσῳκειώσατο.

1104 2257 1175 2284 Δίκα
1206 2258 1256 2292 μὲν
1284 2257 1330 2284 οῦν
1358 2257 1405 2292 ἔτη
1435 2256 1465 2282 τδ
1484 2255 1625 2291 δεύτερον,
1655 2255 1691 2282 τὰ
1717 2255 1807 2282 πάντα
1827 2254 1856 2281 δὲ

1067 2302 1214 2336 τριάκοντα
1228 2302 1274 2328 καὶ
1290 2301 1387 2336 μικρόν
1401 2309 1427 2327 τι
1443 2300 1521 2335 πρὸς,
1536 2300 1551 2326 ὁ
1566 2301 1653 2335 μέγας
1675 2299 1855 2335 ἀρχιερατεύ-

1068 2355 1117 2378 σας
1128 2374 1130 2376 τ
1142 2347 1282 2381 Ἰγνάτιος,
1303 2346 1482 2381 ὀγδοηκοστὸν
1495 2345 1524 2372 δὲ
1540 2345 1591 2380 ἤδη
1607 2345 1727 2380 γεγονὼς
1741 2345 1810 2375 ἔτος,
1826 2345 1856 2371 ἐν

1067 2393 1163 2429 εἰρήνῃ
1194 2393 1262 2428 πρὸς
1284 2392 1332 2418 τὸν
1358 2392 1504 2428 Ἀρχιερέα
1531 2392 1577 2419 τὸν
1601 2392 1689 2428 μέγαν
1716 2391 1854 2427 ἀνελήφθη

1066 2440 1089 2466 Χ
1095 2439 1193 2474 ριστόν.

1102 2485 1196 2516 Ὅσοις
1218 2484 1268 2519 μὲν
1284 2484 1330 2511 οὖν
1346 2484 1394 2511 καὶ
1408 2484 1512 2519 ὴλίκοις
1531 2483 1612 2511 αὑτὸν
1628 2483 1781 2518 τεραστίοις
1796 2482 1810 2508 ό
1825 2483 1854 2509 ἐν

1066 2531 1140 2565 αὐτῷ
1155 2530 1333 2565 δοξαζόμενος
1353 2530 1464 2563 ὲδόξασε
1479 2529 1591 2565 Κύριος,
1613 2529 1660 2556 καὶ
1678 2529 1718 2555 ἔτι
1733 2529 1761 2555 δὲ
1775 2527 1854 2560 δοξά-

1066 2574 1120 2607 ζων
1146 2575 1176 2601 οὺ
1204 2575 1393 2610 διαλιμπάνει,
1423 2574 1543 2610 ἱστορίας
1564 2574 1655 2608 ἔργον,
1686 2573 1733 2599 καὶ
1751 2573 1782 2598 οὐ
1805 2572 1853 2600 τοῦ

1067 2621 1199 2654 παρόντος
1219 2620 1252 2646 ἂν
1273 2620 1315 2655 εἴη
1340 2619 1493 2655 διηγεῖσθαι
1517 2618 1625 2657 καιροῦ,
1659 2617 1752 2652 Ὀλίγα
1771 2617 1800 2643 δὲ
1820 2617 1853 2642 ἐκ

1066 2665 1181 2698 πολλῶν,
1198 2667 1246 2692 καὶ
1260 2666 1310 2693 ὅσα
1321 2665 1369 2700 τὴν
1381 2665 1463 2691 αὑτοῦ
1482 2664 1532 2699 μὲν
1548 2664 1650 2695 πίστιν,
1665 2663 1715 2698 τὴν
1725 2663 1774 2689 τοῦ
1785 2662 1852 2689 Θεοῦ

1066 2712 1092 2739 δὲ
1112 2713 1139 2740 ὲν
1158 2711 1233 2747 αὐτῷ
1255 2712 1334 2747 χάριν
1357 2711 1476 2746 μετρίως
1497 2710 1697 2741 ὑποδείκνυσιν,
1716 2708 1854 2743 ὲπιτόμως

1066 2758 1284 2793 ὑπομνήσαντες,
1300 2757 1334 2784 τὰ
1353 2756 1424 2783 κατὰ
1439 2756 1523 2791 μέρος
1535 2755 1572 2787 ὡς
1587 2754 1704 2790 ἀριθμὸν
1719 2753 1853 2790 ὑπερϐαί-

1066 2811 1145 2829 νοντα
1159 2811 1195 2828 πα
1201 2802 1233 2837 ρή
1238 2810 1320 2836 σομεν
1326 2823 1333 2830 .

1101 2848 1168 2879 Παῖς
1185 2848 1238 2882 γὰρ
1252 2847 1289 2879 ὼς
1304 2847 1376 2874 ὀκτὼ
1395 2846 1410 2882 ἢ
1428 2847 1476 2873 καὶ
1489 2846 1568 2874 ὲννέα
1582 2844 1722 2877 καθεστὼς
1737 2843 1851 2880 χρόνων,
