2092 3156
242 208 290 240 5M

772 218 859 249 VITA
874 220 905 251 S.
933 222 1082 254 IGNATII
1100 226 1154 257 (ΣΡ.
1170 228 1345 260 ARCHIEP.

1819 239 1872 272 562

241 266 377 301 πνεύματι
397 267 540 300 ἀσθενείας
567 270 687 305 πληγεὶς,
708 273 754 298 καὶ
771 273 877 308 ἀθρόως
898 277 1020 310 παρεθεὶς

241 313 300 324 ill-‘
326 313 352 324 ,λυ
382 313 413 324 ..ι
433 322 459 324 _.
481 313 493 324 ἒ
516 323 520 324 ν
548 314 560 324 ἢ
634 316 639 324 ι
747 319 752 324 ι
779 319 784 324 .
813 319 819 324 ι
920 321 974 324 Α...
998 321 1019 324 ..

1079 281 1185 315 enisus,
1204 291 1235 310 ac
1252 289 1324 312 totus
1339 293 1449 321 repente
1473 288 1585 322 fractus,
1604 299 1656 318 non
1671 292 1758 320 Solum
1788 303 1867 324 usum

239 313 310 344 ὅλος,
325 313 355 339 ού
379 313 460 347 μόνον
477 313 591 346 ἄναυδος
606 316 693 352 πάντη
711 319 758 344 καὶ
773 319 897 354 ἀνήκοος,
914 321 982 348 ἀλλὰ
996 321 1028 358 δὴ

239 359 287 385 καὶ
305 359 432 394 ἀκίνητος
448 360 578 392 “eum;
595 362 725 396 γεγονὼς,
750 365 797 391 καὶ
815 366 868 392 ὑπὸ
886 366 940 393 τῶν
955 368 1028 394 ἰδίων

238 404 320 431 αὐτοῦ
339 405 552 440 βασταζόμενος,
565 407 605 442 τῷ
620 409 701 445 κοινῷ
716 410 770 436 τῶν
783 412 886 438 πιστῶν
905 414 1025 448 ἰατρείῳ,

237 450 277 485 τῷ
293 451 361 486 ίερῷ
380 451 427 478 τοῦ
443 451 575 488 θεοφόρου
592 454 696 490 Πατρδς
720 458 918 493 προσρίπτεται
937 459 1024 494 τάφῳ.

237 497 276 523 Δι’
292 498 403 532 ἡμερῶν
418 498 446 524 δὲ
468 499 610 535 τεσσάρων
622 501 673 536 τῆς
686 501 734 528 τοῦ
751 503 829 536 ἁγίου
846 504 1027 538 καταξιωθεὶς

236 545 417 579 ἐπισκέψεως,
441 545 572 581 ἐξαπίνης
596 547 670 580 ίδίοις
686 548 817 586 ἐξανέστη
834 553 909 583 ποσὶ,
924 553 972 579 καὶ
992 553 1025 580 δι’

236 590 335 616 ἑαυτοῦ
351 590 401 626 τὴν
415 592 461 618 τοῦ
475 592 540 619 ναοῦ
557 593 645 629 πύλην
660 595 781 628 ἀνοίξας,
813 597 860 623 καὶ
875 597 954 633 ὑγιὴς
966 598 1026 631 ὅλος

235 633 352 664 ἐξελθὼν
368 634 430 665 ἔξω,
450 635 539 662 ἐλάλει
555 638 612 668 τοῖς
627 638 743 673 παροῦσι
759 640 806 666 καὶ
821 641 930 676 ήκουεν,
947 644 1024 670 εὐλο-

234 679 290 712 γῶν
311 679 356 705 τὸν
381 681 458 712 Θεὸν,
483 682 530 708 καὶ
556 683 590 709 τὰ
612 683 752 719 θαυμάσια
777 687 954 721 ἀναγγέλλων
977 689 1024 716 τοῦ

235 726 325 760 ἁγίου.

272 773 383 805 Ἄλλος,
410 774 480 809 πλὴν
493 775 522 808 ἐξ
539 777 682 812 ἐπηρείας,
700 775 787 813 οἶμαι,
810 781 857 807 καὶ
881 781 960 809 τοῦτο
976 783 1023 809 τοῦ

233 819 364 854 πονηροῦ.
389 820 536 855 ἐπιληψίας
554 822 682 855 ἑαλωκὼς
709 825 807 857 πάθει,
833 827 927 860 δεινῶς
947 829 1024 861 ἐξαν-

234 865 372 900 έστραπτο
393 866 442 900 μὲν
457 867 487 893 τὸ
505 867 607 902 στόμα,
630 870 774 906 παρῄρητο
789 872 816 898 δὲ
834 873 881 899 καὶ
894 874 941 901 τοῦ
953 874 1024 902 κατὰ

233 911 315 944 φύσιν
336 911 493 946 φθέγματος
517 913 567 950 τὴν
583 915 686 951 φωνὴν,
707 917 745 949 ὡς
761 918 887 955 ἐλεεινόν
899 928 929 946 τε
943 921 1024 947 αὐτὸν

233 957 280 984 καὶ
305 957 500 986 δυσέντευκτον
533 960 624 996 θέαμα
650 964 822 997 προκεῖσθαι.
850 954 934 997 Οὗτος
962 967 1023 994 ἐπεὶ
1041 954 1060 981 Β

232 1004 386 1039 ἀδιστάκτῳ
408 1006 499 1033 πίστει
526 1008 686 1036 ἐπεκαλεῖτο
718 1010 764 1036 τὸν
785 1010 873 1044 ἅγιον,
899 1013 954 1048 ὁρᾷ
973 1013 1022 1048 μὲν

231 1051 312 1077 αὑτὸν
331 1051 398 1087 ὕναρ
417 1052 512 1088 ὥσπερ
532 1054 582 1090 τὴν
603 1055 696 1082 κλεῖδα
712 1057 862 1092 κατέχοντα
881 1060 914 1094 τῇ
933 1060 1021 1094 χειρὶ,

231 1097 279 1123 καὶ
292 1097 395 1134 ταύτην
408 1098 447 1134 τῷ
473 1100 589 1136 στόματι
605 1102 687 1128 αὑτοῦ
707 1103 909 1138 ἑπεμὸαλόντα,
925 1105 971 1131 καὶ
985 1106 1022 1137 ὡς

230 1142 310 1178 δῆθεν
326 1144 412 1179 θύραν
429 1145 586 1179 ἀνοίγοντα,
601 1148 770 1183 συστρέψαι,
787 1150 833 1176 καὶ
856 1150 924 1185 πρὸς
939 1151 1021 1179 αὐτὸν

231 1189 318 1215 είπεῖν
330 1197 336 1204 ·
355 1191 385 1216 El
399 1188 484 1222 οἶδας,
503 1191 546 1223 τίς
565 1193 623 1227 είμι
644 1194 717 1228 ὲγώξς
741 1195 792 1220 Τὸν
814 1195 843 1222 δὲ
861 1196 898 1231 μὴ
922 1197 1022 1224 εἰδέναι

231 1235 362 1269 φάμενον,
386 1237 503 1264 ἀκοῦσαι
517 1237 584 1274 πρὸς
600 1239 694 1271 αὑτοῦ,
711 1240 749 1272 ὼς
764 1241 844 1273 αὐτὸς
866 1243 908 1278 εἴη
936 1243 1021 1276 Ἰγνά-

230 1289 287 1313 τιος
301 1283 491 1318 πατριάρχης*
506 1285 561 1312 Καὶ
576 1285 642 1318 ἰδοὺ,
652 1287 744 1322 φησὶν,
762 1287 817 1314 ἀπὸ
831 1288 878 1315 τοῦ
894 1290 941 1316 νῦν
955 1290 1023 1316 καθ-

230 1328 350 1364 έστηκας
373 1329 468 1365 ὑγιής·
486 1330 600 1364 ἐξυπνον
615 1332 643 1359 δὲ
665 1332 760 1360 τοῦτον
777 1335 933 1369 γενόμενον,
956 1336 1021 1371 ὑγιῆ

230 1375 369 1407 παντελῶς
385 1376 482 1403 ἑαυτὸν
494 1377 596 1412 εὑρεῖν,
607 1378 645 1410 ὡς
659 1378 794 1415 μηδέποτε
810 1380 883 1416 ἴχνος
893 1381 1022 1418 τοιαύτης

231 1418 374 1454 ἑωρακότα
391 1420 552 1453 κακώσεως.
917 1426 919 1430 ’

268 1464 365 1497 Ἄλλος
382 1466 464 1492 πάλιν
476 1466 548 1502 νόσῳ
565 1467 689 1505 κοιλιακῇ
706 1469 875 1504 περιπεσὼν,
891 1472 938 1498 καὶ
954 1472 1022 1508 πρὸς

230 1511 291 1542 ταῖς
305 1506 435 1545 ἐᾶχὰταις
445 1512 570 1547 ήγγικὼς
580 1514 614 1540 δι’
627 1515 712 1550 αὐτὴν
729 1515 825 1550 ὥραις,
837 1516 887 1552 τῆς
905 1517 953 1552 μὲν
967 1506 1022 1544 απὸ

230 1555 284 1582 τῶν
307 1556 406 1591 ἰατρῶν
439 1556 566 1593 βοηθείας
591 1558 685 1586 λοιπδν
715 1558 844 1598 ἀπέγνω,
871 1562 917 1588 τὸν
943 1563 1021 1597 ἅγιον

229 1600 258 1627 δὲ
272 1601 414 1637 πόρρωθεν
433 1603 462 1636 ἐξ
483 1603 631 1640 ὁλοκλήρου
650 1605 768 1638 πίστεως
786 1607 1018 1643 ἀνακαλούμενος,

228 1647 279 1681 ὁρᾷ
299 1647 349 1681 μὲν
369 1647 463 1675 τοῦτον
482 1648 549 1685 δναρ
572 1639 647 1685 αὐτῷ
671 1652 847 1686 παρεστῶτα,
870 1639 1020 1680 καλ-εὐθύἑ
1033 1639 1055 1671 C

230 1692 291 1725 μεῖν
308 1692 560 1728 ἐπαγγελλόμενον.
574 1695 678 1722 Αὐτίκα
692 1696 720 1722 δὲ
736 1698 786 1731 τῆς
803 1697 908 1732 ῥύσεως
921 1698 1020 1734 ἀναξη-

230 1736 375 1773 ρανθείσης
390 1737 439 1773 τῆς
456 1741 584 1775 γαστρὸς,
598 1742 637 1773 είς
651 1742 756 1777 τροφῆς
771 1743 864 1778 ἔφεσιν
877 1745 891 1771 ὁ
906 1745 1020 1780 κάμνων

227 1782 276 1808 καὶ
291 1783 398 1810 τελείαν
413 1785 509 1818 ὑγείαν
522 1786 750 1815 ἀποκαθίσταται.

264 1828 348 1855 Πάλιν
373 1831 442 1865 γυνὴ
464 1839 507 1863 τις
524 1832 602 1867 ἀνδρὶ
619 1832 743 1868 νομίμως
770 1834 948 1869 συνοικοῦσα,
971 1837 1020 1864 καὶ

226 1873 330 1901 παίδων
359 1876 451 1911 μήτηρ
476 1878 605 1911 γεγονυῖα
630 1878 724 1913 τριῶν,
744 1879 830 1915 ξηρὰν
856 1881 945 1916 πάντη
971 1882 1020 1909 καὶ

226 1920 341 1956 ἇνικμον
361 1922 512 1957 προέϐαλλε
534 1924 584 1958 τὴν
604 1923 697 1960 θηλὴν,
719 1925 789 1952 ὥστε
805 1926 839 1953 τὰ
863 1927 908 1954 ὐπ’
931 1929 1018 1964 αὐτῆς

225 1967 373 2002 τικτόμενα
394 1968 481 2003 βρέφη
505 1970 634 2004 παραυτά
654 1970 743 2003 ξέναις
762 1971 913 1999 ἐκδίδοσθαι
938 1973 1018 2009 τιθη-

225 2012 331 2039 νεῖσθαι
345 2015 467 2048 τροφοῖς,
483 2014 535 2047 ἕως
548 2015 595 2042 ἐπὶ
606 2015 669 2042 νοῦν
682 2014 748 2052 ἦλθε
766 2018 823 2049 τοῖς
836 2019 947 2051 οίκείοις
966 2020 1017 2046 αύ-

225 2059 274 2094 τῆς
291 2058 329 2094 τῷ
341 2060 413 2096 ἁγίῳ
429 2061 624 2097 προσδραμεῖν.
642 2063 696 2089 Καὶ
710 2063 743 2098 δὴ
761 2063 817 2090 τῶν
832 2064 918 2099 ἁγίων
933 2065 1017 2092 αὐτοῦ

225 2104 326 2140 τριχῶν
340 2106 594 2142 ἁπομυρισθεισῶν,
610 2109 656 2135 καὶ
671 2110 703 2145 τῇ
726 2111 861 2146 ἀρτιτόκῳ
879 2113 951 2138 πιεῖν
972 2113 1018 2139 δε-

223 2149 401 2185 δωρημένων,
415 2153 462 2178 ἐπὶ
475 2153 603 2180 τοσοῦτον
614 2154 696 2186 εὐθὺς
711 2156 845 2191 γαλοῦχος
858 2158 1016 2195 ἀπεφάνθη.

223 2197 262 2228 ὡς
279 2198 325 2224 καὶ¹
344 2194 411 2225 πολὺ
434 2199 515 2226 πλέον
530 2200 581 2235 τῆς
595 2201 692 2236 χρείας
713 2201 743 2228 τὸ
757 2202 829 2236 γάλα
847 2203 903 2230 τῶν
919 2194 1015 2240 μαζῶν

225 2245 386 2279 καταρρεῖν.
421 2245 475 2283 Κμὶ
496 2245 576 2273 τοῦτο
607 2247 658 2274 οὑκ
685 2249 726 2280 εἰς
742 2248 807 2283 μίαν
838 2250 925 2285 μόνην
947 2252 1015 2285 φασί

225 2291 343 2323 γυναῖκα
363 2290 522 2325 γεγονέναι,
540 2292 610 2319 ἀλλὰ
626 2293 681 2330 ικαὶ
698 2294 739 2325 είς
761 2294 857 2330 ἑτέραν
871 2296 954 2323 πάλιν
973 2298 1014 2334 τῷ

222 2335 298 2370 αὐτῷ
310 2336 469 2371 κάμνουσαν
482 2338 681 2374 ἀρρωστήματι
696 2341 746 2375 τῆς
762 2340 885 2375 φύσεως,
903 2342 948 2370 διὰ
960 2343 1012 2378 τῆς

220 2381 317 2415 ὁμοίας
334 2382 388 2408 τῶν
404 2383 490 2416 ἁγίων
506 2385 608 2420 τριχῶν
626 2386 824 2421 ἀπομυρίσεως
840 2388 890 2424 τῆς
913 2390 1013 2425 ὁμοίας

222 2426 321 2459 ἰάσεως
335 2429 441 2463 τυχεῖν.

257 2473 342 2509 ¹Ἄλλη
359 2475 387 2501 δὲ
402 2475 483 2502 πάλιν
498 2476 566 2512 γυνὴ
578 2477 633 2504 τῶν
645 2478 764 2512 εὐγενῶν
779 2480 827 2506 καὶ
840 2482 1011 2516 περιφανῶν,

221 2519 268 2545 καὶ
286 2520 355 2554 αὐτὴ
379 2521 502 2556 νομίμως
525 2523 604 2558 ἀνδρὶ
633 2524 751 2560 ὲπιδόξῳ
779 2526 952 2559 συνοικοῦσα,
983 2530 1012 2556 ἐν

220 2565 293 2592 ἔτεσι
311 2567 416 2593 πλείοσι
434 2569 528 2603 στεῖρα
543 2569 591 2596 καὶ
605 2569 689 2601 ἄπαις
704 2571 878 2608 ἐγνωρίζετο.
894 2574 947 2601 Τοῦ
962 2576 1011 2602 ἁν-

220 2611 283 2645 δρὸς
294 2611 323 2637 δὲ
337 2612 425 2639 πίστει
441 2613 480 2649 τῷ
491 2614 571 2650 τάφῳ
584 2618 833 2650 προσπεπτωκότος
846 2619 893 2646 τοῦ
910 2620 989 2652 ἁγίου
1000 2641 1008 2653 ,

220 2656 269 2680 καὶ
293 2655 380 2682 ἔλαιον
402 2657 479 2691 ἆγιον
493 2659 596 2685 ἐκεῖθεν
612 2660 754 2695 εἰληφότος
768 2663 802 2697 τῇ
819 2666 940 2698 γυναικὶ,
957 2666 1008 2692 κά-

219 2701 312 2737 κείνης
326 2703 359 2729 ὲκ
372 2703 490 2736 πίστεως
502 2705 698 2741 ἀλειψαμένης,
710 2708 756 2734 καὶ
769 2709 817 2743 τὴν
829 2710 876 2736 τοῦ
889 2711 1009 2745 μεγάλου

219 2748 371 2784 ἀρχιερέως
391 2749 474 2785 εὐχὴν
495 2751 734 2789 ἐπικαλεσαμένης
746 2774 753 2786 ,
780 2757 937 2789 παραυτίκα
955 2758 1009 2785 τῶν

218 2793 267 2827 τῆς
279 2794 449 2829 στειρώσεως
460 2797 583 2833 ἀπελύθη
597 2798 713 2834 δεσμῶν,
736 2801 782 2827 καὶ
794 2800 888 2828 λοιπὸν
902 2802 1009 2831 τέκνων

218 2837 350 2866 πλειόνων
364 2840 553 2869 ἀναδείκνυται
567 2843 670 2879 μήτηρ.

268 2883 330 2909 Αλλ⁹
343 2884 374 2911 οὐ
397 2886 478 2920 μόνον
492 2889 548 2918 τοῖς
570 2888 610 2923 τῷ
627 2889 693 2925 ἱερῷ
705 2890 784 2926 τάφῳ
799 2892 962 2926 πελάζουσιν
977 2894 1007 2922 αι

219 2927 437 2965 θαυματουργίαι
457 2932 503 2959 τοῦ
520 2933 648 2969 ίεράρχου
670 2937 858 2972 πηγάζουσιν⁸
880 2939 939 2967 ἀλλ’
955 2939 1005 2977 ἤδη

1080 327 1179 362 linguze
1191 335 1217 356 et
1236 331 1344 358 aurium
1361 334 1500 367 amiserat,
1523 336 1569 363 sed
1589 338 1719 366 membris
1742 342 1869 370 omnibus

1079 379 1187 408 captus,
1201 383 1214 402 a
1233 377 1345 412 suisque
1360 384 1493 414 gestatus,
1508 381 1540 408 ad
1561 390 1733 412 communem
1757 389 1878 416 creden--

1081 421 1148 446 tium
1164 441 1172 453 ,
1199 429 1360 458 sacramque
1379 427 1551 454 curationum
1569 429 1717 465 ofﬁcinam,
1731 433 1763 460 ad
1781 435 1868 462 sancti

1078 466 1228 504 (inquam)
1256 470 1343 498 Patris
1367 473 1500 500 tumulum
1531 475 1689 510 projicitur:
1718 485 1870 516 quartoque

1079 513 1123 540 die
1135 515 1219 542 salicti
1233 516 1333 544 auxilio
1345 518 1484 553 dignatus,
1498 521 1643 550 confestim
1659 525 1716 552 suis
1728 513 1734 514 ί
1743 527 1869 555 insistens

1079 562 1201 597 vrstigiis
1223 565 1396 592 consurrexit
1416 572 1570 603 ;portaque
1587 578 1636 597 sua
1664 579 1746 599 manu
1764 579 1868 610 aperta,

1079 614 1164 634 sanus
1178 607 1336 643 intcgerque
1350 618 1488 646 egressus,
1503 614 1591 642 obviis
1607 616 1760 652 quibusque
1772 607 1870 654 loque-

1078 653 1166 686 batur,
1183 658 1209 681 et
1221 656 1359 688 audiebat,
1377 657 1527 686 immensas
1541 659 1595 687 Deo
1613 662 1716 696 gratias
1728 653 1827 699 agens,
1842 669 1870 693 et

1076 700 1164 727 sancti
1179 708 1312 730 enarrans
1329 703 1475 731 miracula.

1111 791 1188 819 Alius
1206 793 1319 825 invidia,
1336 802 1408 827 reor,
1421 796 1621 826 cacodzemonis
1634 799 1764 835 epilcpsia
1787 802 1870 829 vehe-

1076 843 1181 865 menter
1197 846 1349 875 corrcptus,
1369 849 1400 867 οε
1416 842 1488 870 finde
1507 843 1681 875 distorserat.
1704 851 1731 872 et
1748 849 1868 876 naturali

1076 885 1150 912 vocis
1178 887 1268 913 sonitu
1295 887 1408 915 orbatus
1440 893 1508 921 erat,
1525 893 1555 916 ut
1577 890 1732 919 miserabile
1746 893 1822 926 juxta
1836 901 1869 921 ac

1076 931 1154 959 triste
1169 933 1354 966 spectaculttm
1369 935 1457 962 oculis
1469 942 1679 970 proponeretur.
1695 937 1743 965 llic
1766 939 1869 966 tinnis-

1074 978 1142 1004 sima
1168 977 1230 1009 ﬁde,
1245 986 1296 1013 ope
1317 980 1405 1006 sancti
1440 980 1596 1014 implorata,
1626 989 1673 1016 per
1704 989 1868 1011 nocturnam

1073 1024 1191 1058 speciem
1207 1025 1280 1051 videt
1299 1025 1432 1060 Ignatium
1459 1019 1541 1054 manu
1568 1028 1672 1056 clavem
1701 1034 1866 1066 gestantem,

1072 1071 1099 1093 et
1126 1067 1166 1094 ori
1182 1075 1234 1095 suo
1258 1069 1460 1102 admoventem,
1484 1079 1517 1099 ac
1528 1078 1678 1100 vertentem
1691 1094 1698 1106 ,
1711 1075 1789 1109 quasi
1807 1076 1870 1103 inde

1070 1113 1182 1148 janunm
1195 1115 1323 1149 aperiret,
1336 1116 1369 1143 ad
1378 1124 1407 1144 se
1420 1118 1527 1145 dicere:
1542 1118 1645 1146 Nostin‘
1658 1121 1703 1155 qtii
1720 1120 1792 1148 sim?
1819 1129 1868 1149 ne-

1073 1164 1194 1193 gantem,
1224 1166 1318 1195 postea
1339 1162 1477 1191 audivisse
1502 1165 1535 1190 ab
1560 1165 1618 1197 illo,
1647 1165 1782 1201 lgnatium
1807 1175 1868 1195 esse

1073 1206 1266 1240 patriarcliam.
1284 1207 1316 1235 Et
1330 1215 1394 1236 ecce
1407 1209 1464 1244 jam
1481 1218 1564 1241 nunc,
1581 1211 1680 1246 inquit,
1696 1219 1725 1240 es
1743 1217 1864 1241 curatus.

1073 1250 1170 1279 Postea
1191 1259 1391 1288 experrectum,
1415 1256 1483 1283 adeo
1510 1257 1615 1285 salvum
1635 1263 1662 1286 et
1700 1259 1866 1286 incolumem

1072 1303 1222 1331 repertum.
1249 1300 1287 1326 uti
1314 1307 1348 1327 ne
1375 1301 1519 1337 vestigium
1542 1303 1652 1338 quidem
1678 1304 1704 1330 in
1725 1312 1754 1332 se
1776 1304 1866 1333 morbi

1073 1343 1300 1378 deprehenderet.

1108 1479 1184 1507 Alius
1204 1479 1268 1508 item
1284 1480 1453 1516 dyssenteria
1467 1481 1594 1511 laborans
1605 1483 1662 1518 jam
1678 1484 1704 1511 in
1733 1485 1864 1513 extremis

1073 1532 1141 1559 erat,
1160 1531 1186 1553 et
1211 1534 1225 1553 a
1257 1528 1370 1555 medicis
1401 1529 1674 1565 conclamatuszqni
1706 1535 1807 1563 tamen.
1833 1537 1864 1559 ut

1073 1573 1159 1600 sancti
1194 1581 1272 1608 opem
1291 1581 1306 1600 e
1331 1573 1480 1609 longinquo
1506 1576 1584 1611 plena
1608 1577 1660 1604 ﬁde
1689 1577 1861 1612 implorabat,

1073 1624 1180 1654 spectat
1209 1621 1282 1648 bunc
1302 1628 1350 1655 per
1380 1629 1506 1649 somnum
1527 1622 1580 1650 sibi
1605 1624 1791 1655 assistentem.
1811 1624 1862 1652 bo-

1073 1674 1193 1701 numque
1215 1667 1336 1694 animum
1365 1667 1465 1695 habere
1492 1668 1644 1704 iubentem,
1663 1674 1690 1697 et
1715 1671 1788 1698 illico
1808 1671 1862 1698 sic-

1072 1717 1131 1740 cata
1148 1713 1226 1740 alvus
1246 1713 1380 1745 constitit.
1396 1714 1505 1749 cibique
1521 1715 1614 1743 orexis
1630 1723 1749 1750 reversa,
1771 1716 1862 1744 homi-

1071 1768 1132 1787 nem
1151 1760 1278 1795 perfectae
1287 1762 1406 1788 restituit
1420 1761 1609 1790 incolumitati.

1107 1851 1217 1878 Femina
1234 1860 1345 1887 quoque
1361 1857 1445 1887 nupta
1463 1853 1533 1884 viro,
1553 1854 1692 1888 triumque
1706 1854 1858 1882 liberorum

1070 1904 1181 1932 parens,
1196 1898 1282 1926 aridis
1298 1906 1407 1934 semper
1418 1904 1446 1926 et
1467 1899 1548 1927 siccis
1567 1905 1624 1927 erat
1647 1901 1765 1936 papillis,
1782 1901 1819 1928 ita
1830 1905 1860 1928 ut

1071 1943 1163 1971 statim
1187 1949 1282 1979 partus
1309 1953 1376 1973 suos
1408 1951 1552 1981 cOgeretur
1581 1947 1679 1975 alienis
1703 1948 1858 1977 nutricibus

1061 1988 1184 2017 'alendos
1209 1991 1382 2019 committere
1407 2001 1415 2025 ;
1439 1992 1527 2020 donec
1551 1993 1715 2029 propinquis
1737 1994 1812 2021 venit
1830 1994 1858 2021 in

1070 2040 1199 2070 mentem,
1217 2042 1247 2064 ut
1261 2037 1295 2065 ad
1305 2043 1430 2066 sanctum
1448 2044 1646 2074 properarent:
1665 2040 1710 2068 ubi
1734 2041 1858 2068 absterso

1070 2090 1085 2110 e
1098 2083 1184 2110 sancti
1201 2083 1250 2110 viri
1265 2091 1343 2111 coma
1355 2084 1471 2119 liquore,
1489 2089 1516 2112 et
1528 2093 1625 2114 recens
1641 2086 1729 2114 enixae
1740 2087 1773 2114 ad
1799 2094 1858 2115 sor-

1071 2129 1188 2157 bendum
1205 2130 1357 2165 propinata,
1373 2131 1465 2158 subito
1481 2135 1555 2159 tanta
1567 2131 1644 2160 lactis
1663 2133 1741 2168 capia
1756 2135 1858 2161 redun-

1069 2175 1135 2203 dare
1156 2175 1214 2203 visa
1227 2181 1280 2208 est,
1296 2181 1325 2204 ut
1337 2177 1400 2212 plus
1423 2185 1505 2212 quam
1520 2178 1601 2206 fuerit
1616 2186 1737 2214 necesse,
1753 2180 1858 2215 papillze

1069 2220 1148 2248 lactis
1163 2222 1377 2256 suppeditarent.
1393 2223 1482 2258 Atque
1496 2224 1522 2251 id
1537 2231 1591 2252 non
1606 2225 1631 2252 ei
1655 2226 1717 2258 soli,
1743 2225 1790 2253 sed
1816 2226 1858 2254 al-

1069 2267 1119 2294 teri
1135 2275 1243 2303 quoque
1258 2268 1353 2296 codem
1371 2274 1476 2297 natura!
1490 2270 1624 2299 laboranti
1645 2273 1741 2300 morbo
1761 2280 1858 2301 narra-

1031 2312 1053 2339 D
1068 2318 1112 2340 tur
1133 2313 1275 2347 accidisse,
1293 2323 1353 2350 qua;
1377 2317 1478 2350 pariter
1497 2325 1531 2344 ex
1556 2317 1652 2345 eodem
1674 2319 1856 2353 capillamenti

1067 2359 1142 2387 illius
1153 2359 1298 2395 desumpto
1317 2361 1423 2397 liquore
1437 2362 1583 2391 sanitatem
1604 2366 1784 2399 recuperarit.

1100 2491 1159 2518 Alia
1178 2492 1276 2519 nobilis
1287 2492 1351 2520 item
1366 2498 1393 2520 et
1406 2493 1519 2522 illustris
1543 2499 1677 2527 matrona,
1692 2505 1753 2532 quae
1768 2498 1854 2526 nobili

1064 2535 1123 2563 viro
1136 2537 1163 2563 in
1191 2539 1395 2566 matrimonium
1430 2540 1586 2574 collocata,
1617 2542 1742 2577 pluribus
1771 2544 1852 2571 annis

1064 2579 1210 2608 infecunda
1230 2582 1384 2616 sterilisque
1411 2588 1487 2617 erat,
1500 2585 1590 2612 mariti
1609 2586 1660 2613 lide
1687 2587 1720 2614 ad
1744 2587 1853 2615 cineres

1062 2625 1113 2652 viri
1143 2627 1230 2653 sancti
1260 2628 1466 2661 procumbentis
1485 2649 1492 2662 ,
1517 2631 1632 2666 oleoque
1661 2637 1756 2660 sancto
1787 2633 1851 2660 inde

1063 2672 1141 2699 uxori
1156 2673 1247 2705 allato,
1265 2678 1346 2708 atque
1360 2683 1392 2702 ex
1405 2675 1456 2703 [ide
1471 2676 1558 2709 allito,
1585 2678 1630 2704 illa
1644 2686 1742 2713 magno
1757 2679 1852 2713 ponti-

1062 2718 1113 2746 llce
1132 2719 1289 2753 Suppliciter
1301 2721 1457 2755 ,invocato,
1479 2722 1597 2752 fecunda
1624 2724 1715 2752 subito
1731 2724 1848 2760 reddita,

1059 2763 1164 2798 prolem
1179 2766 1262 2792 edidit
1275 2773 1460 2795 numerosam.

1095 2895 1241 2924 Enimvero
1254 2905 1308 2924 non
1320 2898 1337 2924 ii
1352 2897 1496 2930 duntaxat.
1513 2898 1560 2933 qui
1580 2905 1687 2927 sacram
1711 2901 1854 2936 complexi-

1059 2942 1193 2977 tumbam,
1217 2942 1275 2971 haec
1299 2943 1437 2971 miracula.
1458 2947 1522 2972 sunt
1548 2946 1653 2981 experti
1668 2955 1675 2974 :
1693 2948 1846 2983 peregrinis
