2092 3156
210 187 262 220 563

805 189 952 220 NlUET/E
972 190 1236 220 l’APl-IJ.AGONIS

1801 189 1855 223 ΞΜ

209 244 304 274 etiam,
319 247 346 270 et
361 243 457 270 ultima
471 247 603 270 terrarum
621 242 813 275 incolentibus,
834 243 890 270 Deo
904 243 991 278 plenus

1054 243 1100 270 καὶ
1116 245 1171 274 τοῖς
1187 243 1231 269 ἐπ’
1245 244 1398 279 ἀλλοδαπῆς
1422 245 1482 279 γῆς.
1502 245 1547 271 καὶ
1563 245 1596 272 τὰ
1611 245 1684 280 ἄκρα
1700 246 1749 280 τῆς
1762 246 1853 274 οἰκου-

209 289 292 317 Pater
305 289 381 317 adest
397 289 566 324 imploralus.
584 289 667 324 Cujus
679 289 717 317 rei
731 289 919 324 amplissimus
931 290 1009 317 testis

207 339 308 369 prmtor
319 339 359 361 est
386 334 495 367 Sicilizt‘,
511 334 556 368 qui
572 333 598 360 id
615 333 787 361 sanctissime
807 334 916 368 juratus
938 332 1008 360 atlir-

208 378 302 405 inavit.
322 378 349 404 in
364 378 503 411 Agarenos
525 377 534 411 (
552 377 671 404 Siciliam
697 376 873 412 invadentes)
901 384 1000 412 pugna-

208 428 297 455 turus,
314 431 374 450 cum
392 423 492 458 ingenti
514 431 578 450 cura
597 430 751 458 paroreque
764 429 918 459 angeretur,
949 431 1006 449 ma-

207 477 290 503 gnum
305 468 438 504 lguatimn
457 469 483 496 in
496 469 628 496 auxilium
646 469 808 497 ardentibus
823 471 894 497 votis
920 470 997 496 invo-

205 520 249 542 cat
264 524 270 542 :
287 514 333 549 qui
355 514 459 550 (inquit
479 514 596 549 praeter)
612 515 774 542 manifestus
791 515 817 542 in
835 523 898 542 aere
925 515 999 543 velut

203 561 265 588 albo
292 561 414 588 insidens
445 568 516 594 equo
542 569 585 587 me
616 561 740 591 monuit.
761 566 791 587 ut
809 562 834 587 in
856 561 997 588 dexteram

204 612 306 642 partem
322 607 457 634 ﬂecterem
473 614 582 642 agmen,
596 607 723 641 illicoque
748 607 862 641 gloriam
884 607 930 635 Dei
955 615 998 635 me

203 654 338 680 visurum.
366 652 444 686 Quod
480 661 541 679 cum
571 652 716 688 prazfeetus
735 652 873 681 Musilices
889 654 1000 681 nomine

202 700 324 733 fecisset,
344 700 446 735 ingenti
470 699 564 735 praelia
581 699 703 727 devictos
718 700 812 726 hostes
827 699 909 734 cepit.

1061 290 1144 324 μένης
1159 289 1290 321 οἰκοῦσιν,
1309 290 1534 325 ἐπικαλουμένοις
1554 292 1569 317 ὀ
1587 292 1736 327 θεόληπτος
1757 292 1853 328 Πατήρ

1058 335 1242 369 ἐπιφαίνεται.
1258 336 1313 362 Καὶ
1327 337 1422 363 τούτου
1438 337 1543 372 μάρτυς
1563 339 1629 373 ἡμῖν
1642 338 1761 373 ἀψευδὴς
1774 340 1788 366 ὁ
1801 341 1852 374 τῆς

1057 382 1181 413 Σικελίας
1197 383 1366 418 ξστρατηγὸς,
1392 385 1516 418 φρικτοῐς
1540 385 1632 420 ὅρκοις
1656 386 1850 421 πληροφορῶν,

1055 428 1092 459 ὡς
1112 428 1215 463 μέλλων
1236 429 1276 460 εξς
1299 429 1419 464 πόλεμον
1444 431 1594 465 συμῆαλεῖν
1620 432 1649 457 ὲν
1668 431 1779 467 Σικελίᾳ
1794 434 1852 464 τοῖς

1061 475 1088 501 Ἀ
1096 476 1234 509 γαρηνοίς,
1252 478 1298 502 καὶ
1318 477 1404 509 ἀγῶνι
1419 475 1509 510 πολλῷ
1530 477 1720 512 συνεχόμενος,
1738 478 1783 504 καὶ
1801 478 1850 504 τὸν

1054 519 1141 554 μέγαν
1169 520 1301 553 Ἱγνάτιον
1323 523 1362 551 εἰς
1384 522 1543 556 συμμαχίαν
1568 523 1677 558 θερμῶς
1701 523 1850 551 ἐπικαλού-

1054 573 1150 599 μενος,
1169 565 1258 599 Εἶδον,
1283 567 1376 602 φησὶν,
1400 568 1481 594 αὐτὴν
1499 568 1718 604 ὀφθαλμοφανῶς
1741 570 1787 596 ἐπὶ
1801 571 1850 597 τοῦ

1053 611 1133 646 ἀέρος
1147 611 1242 647 ὥσπερ
1253 613 1296 647 ἐφ’
1309 614 1393 640 ἵππου
1405 614 1503 641 λευκοῦ
1517 615 1674 650 καθήμενον
1684 616 1731 642 καὶ
1745 624 1850 651 παρεγ-

1053 656 1207 692 γυώμενον,
1232 659 1301 694 πρὺς
1330 660 1386 691 τοῖς
1405 660 1503 692 δεξιοῖς
1526 660 1638 696 μέρεσιν
1669 661 1779 696 ἐδηγεῖν
1802 661 1849 688 τὸν

1054 704 1180 738 στρατὸν,
1195 706 1242 731 καὶ
1260 706 1310 740 τὴν
1321 706 1400 738 δόξαν
1420 706 1501 738 εὐθὺς
1518 707 1639 743 καθορᾷν
1654 707 1701 734 τοῦ
1718 707 1798 735 Θεοῦ.
1815 708 1849 735 Ὀ

201 748 249 774 xai
272 747 444 781 πεποιηκότα
462 747 507 774 τὸν
533 746 774 783 στρατοπεδάρχην
796 746 983 782 (Μουσιλίκης
1003 747 1032 774 δὲ
1052 748 1138 785 ὄνομα
1158 751 1197 787 τῷ
1220 752 1320 788 ἀνδρὶ),
1352 753 1525 788 κατακράτος
1564 755 1628 786 τοὺς
1662 753 1841 786 ὑπεναντίους

201 794 282 821 ἑλεῖν.

236 840 298 873 Quo
323 843 404 874 pacto
431 847 496 867 vero
527 840 637 868 femina:
664 840 778 867 alterius
801 839 993 866 admirandum

194 894 294 914 rasum
310 906 318 918 ,
346 891 374 914 et
397 886 563 920 stupendum
595 886 713 921 amplius
729 885 779 913 viri
794 885 882 913 sancti
901 885 927 912 in
948 885 993 912 illa

1082 839 1145 871 Πῶς
1162 839 1190 866 δὲ
1205 839 1235 865 τὸ
1247 840 1297 874 τῆς
1312 839 1442 873 γυναικὸς
1457 839 1565 874 ἐκείνης
1585 839 1737 874 θαυμάσιον
1747 839 1845 872 πάθος,

1048 885 1096 912 καὶ
1111 885 1161 920 τὴν
1183 885 1415 921 θαυμασιωτέραν
1432 885 1477 912 ἐπ’
1493 886 1562 921 αὐτῇ
1578 886 1626 912 τοῦ
1651 886 1730 920 ἁγίου
1752 895 1845 922 παρα-

199 932 332 959 auxilium
361 932 569 960 reticebimus?
596 931 662 965 Quze
685 939 747 958 cum
775 938 878 958 marem
908 930 991 958 ferret

1044 931 1195 963 Βοξοποιίαν
1206 931 1416 966 σιωπήσαιμενς
1441 932 1521 963 "Hm;
1545 931 1629 968 ἄρῤεν
1642 931 1844 966 ἐγκυμονοῦσα,

199 982 288 1010 utero,
309 978 402 1013 ctjam
423 977 566 1006 doloribus
575 983 669 1013 partus
689 978 823 1013 proximis
840 982 995 1013 urgeretur,

199 1029 269 1056 puer
284 1022 311 1049 in
339 1023 421 1054 pedes
442 1022 542 1055 editus,
559 1028 586 1049 et
606 1022 713 1049 haerens
725 1022 852 1057 progredi
873 1029 926 1049 non
951 1029 997 1056 po-

198 1071 253 1094 test
267 1067 402 1102 amplius:
421 1068 585 1102 parturienti
602 1068 711 1094 interim
727 1068 880 1096 acutissimi
896 1068 996 1096 intole-

198 1113 332 1147 randique
347 1114 487 1141 cruciatus
501 1118 644 1148 augentur.
655 1113 778 1148 Cumque
789 1114 844 1147 jam
861 1115 888 1141 in
902 1121 933 1140 eo
953 1121 996 1141 res

198 1163 281 1191 esset,
295 1163 324 1186 ut
340 1158 440 1186 femina
465 1160 546 1187 simul
562 1167 624 1186 cum
638 1167 721 1194 puero
740 1160 876 1192 interiret,
895 1160 994 1187 medici

199 1204 347 1232 vulnerarii
373 1205 490 1237 adsunt,
516 1210 546 1232 ut
565 1205 648 1232 fetum
675 1205 849 1232 membratim
876 1205 993 1232 divisum

199 1257 250 1284 per
270 1255 361 1285 partes
377 1251 532 1278 extrahant.
549 1250 601 1278 Sed
619 1251 729 1278 meliore
755 1251 925 1286 providentia
942 1259 995 1278 nu-

198 1297 292 1329 mittis,
312 1304 440 1332 magnum
460 1302 584 1324 nostrum
606 1297 802 1324 miraculorum
827 1301 993 1332 patratorem

197 1342 225 1369 in
251 1344 411 1370 memoriam
437 1349 574 1371 revocant.
594 1344 624 1370 Et
647 1343 716 1371 forte
733 1343 845 1378 quidam
863 1351 895 1371 ex
925 1351 994 1378 pra:-

198 1389 323 1416 sentibus
352 1390 494 1417 minimam
523 1398 554 1417 ex
581 1390 706 1425 reliquiis
727 1390 778 1417 veli
793 1388 868 1417 illius
887 1394 991 1424 partem

198 1435 227 1462 in
246 1435 352 1463 funeris
382 1444 448 1463 cura
477 1441 540 1464 ante
570 1436 676 1471 populis
705 1437 830 1464 ﬁdelibus
854 1436 992 1464 distributi

198 1481 313 1515 profert,
340 1482 491 1518 lgnatiique
507 1490 559 1517 ope
595 1483 749 1518 implorata,
768 1483 802 1511 ad
823 1483 868 1510 ilia
897 1483 992 1510 admo-

196 1532 251 1557 vet.
269 1528 425 1564 [eaquue
450 1533 519 1556 tacta
531 1529 632 1561 solum,
653 1529 745 1557 infans
764 1533 876 1563 repente
905 1529 932 1556 in
946 1536 991 1556 ca-

198 1578 246 1608 put
275 1582 381 1606 versus,
409 1575 527 1609 indeque
546 1575 639 1602 salvus
668 1579 695 1602 ct
720 1575 865 1602 incolumis
890 1575 989 1607 editus,

1048 976 1097 1004 καὶ
1116 976 1250 1004 ὠδίνουσα
1268 977 1318 1011 ήδη
1334 977 1402 1013 πρὸς
1423 977 1454 1003 τὸ
1469 978 1570 1009 τεκεῖν,
1587 977 1682 1012 ἐπειδὴ
1698 977 1745 1004 ἐπὶ
1760 977 1844 1009 πόδας

1047 1022 1078 1048 τὸ
1094 1021 1195 1057 βρέφος
1210 1021 1377 1057 κατηνέχθη,
1394 1021 1450 1048 οὔτ’
1465 1022 1532 1049 αὐτὸ
1549 1021 1691 1058 προελθεῖν
1707 1022 1747 1049 ἔτι
1763 1022 1845 1049 δυνα-

1046 1069 1092 1095 τὸν
1104 1065 1149 1103 ἦν,
1168 1068 1216 1095 καὶ
1238 1069 1271 1103 τῇ
1287 1068 1418 1104 τικτούσῃ
1437 1067 1570 1100 ὀξυτάτας
1593 1068 1640 1095 καὶ
1662 1068 1844 1101 ἀνυποίστους

1046 1115 1096 1146 τὰς
1111 1114 1262 1149 ἀλγηδόνας
1286 1113 1448 1149 προσετίθη.
1464 1114 1519 1140 Καὶ
1541 1114 1603 1140 ἐπεὶ
1630 1115 1670 1145 εἰς
1685 1114 1844 1151 ἀμηχανίαν

1046 1160 1179 1195 περιέστη
1198 1161 1228 1186 τδ
1249 1159 1376 1195 πρᾶγμα,
1409 1159 1453 1186 ἵνα
1470 1160 1507 1194 μὴ
1528 1160 1576 1185 καὶ
1648 1159 1717 1194 γυνὴ
1739 1168 1844 1186 συναπ-

1045 1205 1148 1240 όληται,
1166 1205 1294 1239 παρῆσαν
1313 1204 1362 1238 μὲν
1377 1205 1464 1239 ἰατροὶ
1479 1205 1651 1239 χειρουργεῖν
1666 1204 1696 1230 τὸ
1707 1204 1840 1239 ἔμϐρυον,

1045 1252 1092 1279 καὶ
1103 1251 1224 1284 ἐξέλκειν
1234 1250 1401 1286 τεμνόμενον
1412 1250 1538 1285 μεληδόν.
1550 1250 1668 1286 Προνοίᾳ
1678 1250 1705 1276 δὲ
1716 1250 1844 1286 θειοτέρα

1044 1297 1091 1324 τοῦ
1109 1296 1170 1323 καθ’
1192 1296 1266 1331 ἡμᾶς
1290 1295 1506 1330 ὑπεμνήσθησαν
1528 1295 1648 1330 μεγάλου
1666 1295 1842 1331 Θαυματουρο

1046 1343 1107 1378 γοῦ.
1124 1342 1179 1369 Καί
1199 1351 1242 1374 τις
1267 1342 1299 1368 ὲκ
1319 1341 1374 1368 τῶν
1401 1341 1545 1378 παρόντων
1567 1340 1694 1376 λείψανον
1709 1340 1779 1376 ἔχων
1793 1340 1842 1367 τοῦ

1043 1389 1148 1416 πέπλου
1165 1388 1346 1424 βραχύτατον,
1358 1387 1405 1414 τοῦ
1423 1387 1494 1414 κατὰ
1506 1388 1557 1423 τὴν
1568 1388 1677 1423 ἡμέραν
1688 1387 1736 1423 τῆς
1756 1385 1840 1414 αὐτοῦ

1043 1435 1156 1470 κηδείας
1180 1435 1212 1461 ἐκ
1234 1434 1355 1465 πίστεως
1375 1433 1653 1469 καταμεμερισμένου
1669 1434 1726 1465 τοῖς
1751 1432 1842 1465 λαοῖς,

1042 1480 1092 1508 καὶ
1105 1479 1184 1506 τοῦτο
1202 1477 1379 1514 προαγαγὼν,
1407 1478 1455 1505 καὶ
1475 1478 1520 1504 τὸν
1538 1477 1616 1511 ἂγιον
1633 1477 1841 1512 ἐπικαλεσάμε-

1042 1534 1097 1558 νος,
1116 1525 1211 1560 ἐπειδὴ
1228 1525 1307 1560 μόνον
1323 1526 1356 1560 τῇ
1382 1525 1464 1558 ὀσφύϊ
1486 1523 1606 1558 περιῆψε
1630 1523 1680 1558 τῆς
1698 1522 1838 1557 γυναικδς,

1043 1573 1262 1607 περιέστραπται
1290 1570 1341 1604 μὲν
1357 1570 1387 1596 τὸ
1402 1569 1502 1605 βρέφος
1527 1569 1609 1600 εὐθὺς
1631 1569 1680 1595 ἐπὶ
1704 1569 1836 1604 κεφαλὴν.

198 1619 345 1651 Ιμιισιίυεσ
358 1621 530 1654 parentibus,
543 1625 572 1648 ut
588 1621 622 1648 ab
635 1620 694 1656 ipso
719 1622 830 1648 nomine
851 1621 904 1648 sibi
935 1621 986 1648 im-

1044 1617 1192 1649 ἀκινδύνως
1205 1618 1234 1644 δὲ
1259 1618 1353 1645 λοιπὸν
1378 1618 1520 1653 γεννηθὲν,
1543 1617 1674 1652 Ἰγνάτιος
1697 1616 1765 1651 πρὸς
1783 1615 1838 1642 τῶν

196 1667 286 1700 posito
301 1666 403 1693 rediret
421 1667 448 1693 in
473 1666 635 1694 memoriam
659 1666 784 1693 miraculi
801 1674 815 1693 a
833 1666 987 1701 patriarcha

197 1711 358 1745 perpetrati,
388 1716 427 1739 cst
456 1713 619 1747 appellatus.
636 1713 668 1739 Et
680 1712 732 1739 hoc
757 1720 806 1738 rnr
830 1712 989 1746 apostolicis

199 1757 253 1785 illis
264 1758 395 1792 prodigiis
410 1758 525 1786 inferius
540 1759 676 1786 ducatur?
690 1759 758 1792 Quid
773 1758 845 1785 Petri
862 1764 889 1786 et
912 1758 987 1786 Pauli

196 1802 290 1830 virtuti
304 1802 400 1830 cedit?
417 1802 464 1831 Vis
476 1804 548 1831 enim
575 1803 693 1839 Spiritus
706 1804 794 1831 sancti
810 1804 836 1831 in
853 1804 907 1831 illis
930 1803 987 1831 etii-

194 1848 295 1880 ciehat,
322 1852 353 1876 ut
365 1849 476 1876 sudaria
502 1854 530 1877 et
551 1850 721 1878 semicinctia
744 1850 852 1877 illorum
869 1850 987 1885 ingentia

195 1895 272 1930 signa
295 1895 415 1924 ederent.
437 1894 501 1922 lla-.e
525 1896 620 1923 eadem
639 1896 720 1924 modo
739 1904 787 1931 per
805 1897 986 1932 apostolicum

195 1940 270 1968 hunc
294 1941 383 1969 virum
399 1962 408 1974 ,
426 1950 528 1970 novum
559 1950 621 1972 vere
656 1942 790 1970 deil‘ermn
807 1963 815 1976 ,
837 1943 938 1976 etTecit,
959 1948 987 1970 ut

194 1988 347 2015 velamenta
366 1988 471 2021 feretri,
485 1997 547 2024 qua:
575 1997 670 2018 sacras
698 1990 758 2018 illas
779 1991 908 2026 reliquias
928 1996 987 2017 tan-

195 2038 251 2060 tum
268 2034 452 2069 contigerant,
473 2035 674 2070 compedesque
697 2035 802 2068 ferrem,
817 2036 918 2071 quibus
936 2036 987 2062 im-

195 2078 231 2112 pii
252 2078 378 2106 homines
408 2086 503 2107 sacros
531 2080 606 2108 illius
626 2081 708 2116 pedes
737 2085 914 2116 presserant,
931 2089 986 2108 non

194 2123 300 2151 minora
316 2123 351 2151 ad
365 2124 412 2152 Dei
427 2125 534 2153 laudem
563 2125 740 2161 ﬁdeliumque
753 2126 869 2154 salutem
888 2125 987 2154 fecisse

193 2169 352 2197 credantur.

385 2216 395 2229 Ι

228 2310 306 2339 Mitto
334 2311 435 2342 dicere,
460 2314 527 2346 quot
558 2317 655 2338 renum
681 2310 822 2338 doloribus
845 2309 985 2338 conlectos

193 2361 252 2384 toto
268 2357 361 2384 animo
377 2362 488 2392 rogatus
502 2357 603 2384 curarit
619 2377 627 2389 ,
652 2363 719 2392 quot
733 2357 922 2392 elaplianticos
936 2365 985 2385 seu

194 2403 320 2437 leprosos
333 2403 503 2436 absterserit,
520 2403 593 2438 quod
610 2411 697 2431 cazcos
716 2403 870 2436 illustrarit,
885 2403 986 2431 fractos

193 2454 220 2475 et
234 2449 358 2484 jatentes
372 2449 501 2481 erexerit,
519 2453 547 2476 et
563 2456 617 2483 qua
632 2450 770 2482 manibus,
789 2454 817 2477 et
829 2457 882 2484 qua
909 2449 985 2485 pedi-

193 2496 245 2523 hus
259 2495 352 2523 aridus
367 2495 528 2523 restituerit.
554 2495 691 2523 Praetereo
717 2495 877 2529 febrientes,
889 2500 936 2523 aut
951 2497 986 2523 ab

193 2541 328 2577 improbis
359 2541 502 2576 spiritibus
518 2544 616 2572 tortos.
635 2546 704 2576 quot
717 2541 830 2574 sanarit.
851 2542 986 2576 hodieque

193 2591 282 2618 sanet.
303 2594 335 2614 ac
351 2595 398 2621 per
411 2587 565 2614 veneranda
581 2587 687 2614 vincula
703 2595 800 2615 omnes
815 2595 898 2622 prope
912 2595 986 2615 mor-

193 2634 254 2664 hos,
271 2641 421 2668 omnesque
437 2634 612 2669 aegritudines
637 2634 718 2669 pellat
730 2639 861 2668 caretque
889 2642 985 2662 eorum

193 2681 327 2713 omnium,
343 2681 389 2716 qui
405 2681 510 2708 sincera
527 2681 578 2709 lide
595 2681 627 2708 ad
645 2689 754 2709 sacrum
768 2681 840 2709 illius
850 2682 984 2710 tumulum

193 2725 368 2761 confugiunt.
386 2727 479 2762 Neque
502 2735 578 2759 sane,
605 2727 732 2762 quamvis
755 2727 860 2760 volens,
881 2729 984 2763 possim

193 2773 287 2799 omnia
305 2773 421 2801 dicendo
436 2773 717 2809 pei'censere..Umnn
738 2779 829 2802 tamen
852 2776 916 2803 illud
933 2777 985 2803 mi-

193 2818 318 2845 raculum
339 2819 527 2855 adjungentes,
561 2828 648 2855 pauca
663 2828 696 2848 ex
715 2821 749 2848 iis
764 2829 827 2856 qua:
844 2826 905 2856 post
933 2823 984 2850 viri

195 2865 284 2892 sancti
314 2870 430 2892 mou-tein
459 2866 584 2893 evenisse
603 2872 761 2899 narrantur,
777 2867 898 2894 historia!
914 2867 985 2902 adji-

194 2911 308 2938 cicntus.
336 2912 440 2940 Etenim
461 2920 516 2947 quo
544 2917 624 2948 pacto
651 2912 716 2948 Lydi
743 2913 816 2941 illius
847 2913 984 2942 saccllarii

1043 1664 1214 1698 γεννητόρων
1228 1664 1451 1698 κατωνόμασται,
1469 1664 1510 1696 είς
1526 1663 1682 1698 ὑπόμνησιν
1702 1663 1779 1698 ἥκων
1794 1662 1840 1689 διὰ

1042 1711 1088 1737 τοῦ
1104 1710 1236 1745 ὀνόματος
1258 1710 1308 1743 τῆς
1323 1710 1367 1736 ἐπ’
1391 1709 1466 1745 αὐτῷ
1483 1710 1634 1745 γενομένης
1660 1709 1706 1736 διὰ
1721 1709 1768 1735 τοῦ
1785 1717 1839 1734 πα-

1041 1756 1173 1791 τριάρχου
1195 1755 1422 1791 θαυματοποιίας.
1434 1756 1520 1782 Τοῦτο
1531 1755 1558 1782 τί
1571 1755 1626 1782 τῶν
1650 1753 1839 1781 ἀποστολικῶν

1041 1802 1164 1837 τεράτων
1183 1803 1378 1836 ἀπολείπεται;
1399 1802 1485 1829 Τοῦτο
1509 1802 1536 1828 τί
1552 1802 1602 1837 τῆς
1627 1802 1656 1828 ὲν
1673 1802 1770 1837 Πέτρῳ
1788 1801 1838 1828 καὶ

1042 1849 1142 1884 Παύλῳ
1166 1849 1309 1884 δυνάμεως
1334 1849 1420 1879 ἐνδεῖς
1443 1849 1474 1875 Ἦ
1499 1849 1554 1884 γὰρ
1571 1850 1599 1875 ὲν
1618 1848 1734 1880 ἐκείνοις
1758 1849 1838 1882 ὲνερ-

1042 1893 1128 1927 γοῦσα
1143 1893 1224 1929 χάρις
1238 1893 1285 1920 τοῦ
1301 1893 1471 1928 Πνεύματος.
1486 1894 1524 1926 ὡς
1542 1893 1590 1920 καὶ
1602 1893 1646 1919 διὰ
1663 1893 1719 1919 τῶν
1743 1892 1838 1919 σουδα-

1043 1939 1109 1974 ρὲων
1132 1940 1181 1965 καὶ
1197 1939 1373 1974 σιμικινθίων
1389 1940 1505 1966 ἐκείνων
1528 1938 1743 1974 θαυμασιώτατα
1756 1938 1836 1974 δρᾷν,

1041 1984 1112 2019 αὕτη
1127 1985 1175 2012 καὶ
1197 1984 1246 2012 νῦν
1263 1985 1308 2012 διὰ
1333 1985 1382 2012 τοῦ
1399 1985 1580 2012 ἀποστολικοῦ
1605 1984 1701 2012 τούτου
1724 1983 1836 2019 ἀνδρὸς,

1041 2031 1103 2058 νέου
1132 2032 1171 2062 ὡς
1200 2031 1309 2066 ἀληθῶς
1339 2031 1486 2067 θεοφόρου,
1503 2032 1551 2058 καὶ
1573 2031 1619 2058 διὰ
1643 2030 1698 2057 τῶν
1723 2031 1770 2057 ἐπὶ
1790 2029 1836 2056 τοῦ

1042 2078 1194 2113 σκίμποδος
1219 2078 1336 2112 ἱματίων
1357 2078 1411 2105 τῶν
1438 2078 1477 2113 τῷ
1490 2078 1556 2114 ἱερῷ
1573 2077 1691 2112 λειψάνῳ
1708 2077 1837 2111 ὲγγισάν-

1040 2133 1105 2158 των,
1131 2125 1179 2153 καὶ
1198 2125 1243 2152 διὰ.
1258 2126 1312 2152 τῶν
1336 2125 1453 2161 σιδηρῶν
1467 2125 1576 2158 κλοιῶν,
1600 2122 1641 2156 οἷς
1664 2125 1727 2155 τοὺς
1745 2124 1836 2159 ἱεροὺς

1040 2173 1125 2204 πόδας
1146 2173 1242 2208 ἄνδρες
1269 2173 1450 2200 κατέκλεισαν
1478 2172 1598 2204 ἀσεϐεῖς,
1627 2170 1662 2197 τὰ
1684 2171 1766 2204 ὃμοια
1790 2178 1835 2195 πι-

1041 2218 1166 2246 στεύεται
1182 2219 1248 2254 δρᾷν
1263 2220 1303 2250 εὶς
1313 2219 1363 2254 τὴν
1377 2218 1424 2245 τοῦ
1438 2217 1507 2244 Θεοῦ
1523 2217 1613 2250 δόξαν,
1630 2215 1678 2242 καὶ
1696 2215 1834 2250 σωτηρίαν

1041 2265 1096 2292 τῶν
1116 2264 1232 2292 πιστῶν.

1079 2312 1132 2338 Ἑῶ
1147 2312 1248 2346 λέγειν,
1259 2312 1340 2342 ὅσους
1354 2303 1504 2346 νεφριτικῷ
1519 2310 1743 2345 τετρυχωμένους
1754 2308 1834 2344 νοσή-

1040 2366 1106 2393 ματι
1118 2379 1125 2389 ,
1155 2358 1203 2384 καὶ.
1216 2357 1335 2387 ἐκτενῶς
1349 2356 1604 2390 ἐπικαλεσαμένους
1628 2357 1812 2391 ἐθεράπευσεν
1824 2362 1832 2370 ν

1036 2405 1116 2436 ὅσους
1126 2403 1244 2438 λεπροὺς
1257 2404 1303 2430 καὶ
1314 2402 1530 2438 ὲλεφαντιῶντας
1547 2403 1706 2436 ὲκαθάρισε,
1723 2401 1771 2428 καὶ
1785 2409 1833 2427 τυ-

1037 2453 1120 2488 φλοὺς
1146 2451 1274 2486 ἐφώτισε,
1299 2452 1347 2478 καὶ
1374 2451 1558 2486 παρειμένους
1591 2449 1757 2485 ἁνώρθωσε,
1784 2448 1832 2475 καὶ

1038 2499 1123 2535 ξηρὰς
1140 2499 1235 2534 χεῖρας
1256 2497 1303 2524 καὶ
1329 2497 1412 2528 πόδας
1439 2497 1552 2532 ἔχοντας
1580 2496 1686 2523 ίέσατο.
1715 2494 1831 2529 Ἀφίημι

1037 2546 1083 2572 καὶ
1114 2546 1193 2576 ὅσους
1216 2544 1268 2571 ὑπὸ
1295 2544 1414 2579 πυρετοῦ
1439 2544 1486 2570 καὶ
1512 2543 1608 2578 ῥίγους
1632 2541 1830 2576 τρυχομένους,

1037 2592 1084 2619 καὶ
1102 2592 1183 2622 ὅσους
1207 2591 1261 2618 ὑπὸ
1288 2590 1453 2625 πνευμάτων
1488 2588 1616 2624 πονηρῶν
1647 2587 1831 2622 ἐταζομένους

1037 2638 1101 2673 ἄχρι
1117 2638 1164 2665 καὶ
1176 2638 1296 2673 τήμερον
1312 2637 1396 2668 ἰᾶται,
1412 2637 1459 2662 καὶ
1472 2635 1516 2662 διὰ
1533 2635 1583 2669 τῆς
1598 2633 1693 2668 τιμίας
1707 2632 1832 2662 ἁλύσεως

1037 2686 1138 2716 πᾶσαν,
1158 2685 1196 2715 ὡς
1212 2684 1313 2716 εἰπεῖν,
1327 2683 1407 2709 νόσον
1424 2682 1473 2708 καὶ
1492 2682 1583 2708 πᾶσαν
1600 2679 1738 2715 μαλακίαν
1761 2679 1831 2705 ἁπο-

1037 2730 1178 2764 καθαίρων
1193 2730 1247 2755 τῶν
1262 2730 1291 2755 ὲν
1306 2728 1424 2763 ἀληθείᾳ
1438 2727 1485 2754 καὶ
1501 2726 1591 2752 πίστει
1602 2723 1831 2761 προσῷευγόντων

1035 2777 1069 2811 τῇ
1086 2775 1152 2811 ἁγίᾳ
1163 2774 1314 2809 θεραπεύει
1332 2773 1415 2809 σορῷ.
1428 2773 1497 2800 Οὐδὲ
1510 2772 1563 2808 γὰρ
1581 2772 1604 2798 εί
1617 2769 1830 2806 βουληθείημεν,

1036 2821 1122 2850 ταῦτα
1135 2821 1174 2856 τῷ
1191 2821 1263 2856 λόγῳ
1284 2820 1397 2847 δυνατὸν
1413 2817 1634 2854 ἐξαριθμεῖσθαι.
1657 2816 1732 2847 Ἐνδς
1747 2815 1776 2841 δὲ
1789 2814 1832 2841 ἔτι

1039 2867 1277 2903 μνημονεύσαντες
1301 2866 1356 2892 τῶν
1376 2865 1551 2901 Θαυμασίων,
1577 2863 1657 2897 ὀλίγα
1678 2861 1734 2889 τῶν
1761 2860 1830 2895 μετὰ

1036 2913 1085 2949 τὴν
1098 2913 1144 2940 τοῦ
1169 2913 1247 2947 ἁγίου
1272 2912 1400 2948 κοίμησιν
1425 2909 1626 2947 ἱστορουμένων
1642 2909 1682 2936 ἔτι
1703 2906 1829 2943 τῷλόγῳ
