2092 3156
245 164 298 197 5ῧ5

777 162 865 194 νιΤΑ
878 162 915 192 -S.
934 160 1083 192 IGNATII
1100 160 1153 192 CP.
1176 159 1352 191 ARCHIEP.

1815 161 1869 194 566

241 219 408 254 συνάψομεν.
426 218 486 250 [Ιῶς
498 217 552 254 γὰρ
566 217 613 244 τοῦ
628 216 713 244 Λυδοῦ
734 216 914 252 σακελλαρίου
938 217 1027 251 σιωπῇ

1083 215 1189 243 facinus
1219 215 1329 243 silenlio
1344 213 1561 249 prmtereamns?
1587 213 1634 248 qui
1657 213 1692 241 ab
1711 213 1871 249 impudente

240 266 273 293 τὸ
300 266 418 300 πρᾶγμα
449 264 688 300 παραπέμψομεν;
715 263 744 295 ὃς
771 263 890 298 ὑποϐολῇ
926 263 1029 289 Φωτίου

240 311 288 338 τοῦ
313 310 438 341 ἀναιδοῦς
464 311 504 341 εἰς
528 311 558 336 τὸ
582 309 765 344 μοναστήριον
797 308 937 341 εἰσελθὼν,
960 308 1030 335 ὥστε

241 358 347 389 πάντας
356 357 420 388 τοὺς
435 356 474 391 τῷ
488 355 558 390 ἁγίῳ
584 355 662 390 τάφῳ
678 355 932 390 προσλιπαροῦντας
948 354 1030 381 ἀσθε-

239 406 295 435 νεῖς
313 403 383 439 μετὰ
399 402 540 438 μαστίγων
556 401 656 434 ἐξῶσαι
677 403 723 428 καὶ
741 401 846 437 ὕϐρεων
859 409 865 415 ·
889 401 936 428 καὶ
952 400 1031 427 τοῦτο

239 449 390 484 δεδρακὼς,
421 448 585 483 προστίθησι
601 448 685 474 κακὸν
706 447 744 482 τῷ
763 447 851 480 κακῷ,
875 447 922 473 καὶ
947 455 1031 480 προσ-

239 497 335 523 τάσσει
359 495 543 529 πλησιαίτατα
564 494 610 520 τοῦ
635 494 708 529 ἱεροῦ
727 494 813 528 τάφου
839 493 1029 528 κατορύσσειν,

240 542 286 567 καὶ
299 542 340 572 εἰς
359 539 440 575 βάθος
457 539 642 566 ἀνασκάπτειν
666 539 717 573 τὴν
733 540 794 573 γῆν,
815 539 951 572 πρόφασιν
970 537 1029 572 μὲν,

239 587 276 617 ὡς
292 587 321 611 ἐν
337 585 411 621 αὐτῷ
434 585 472 620 τῷ
498 585 573 619 τόπῳ
596 584 692 619 πρώην
713 584 766 610 ὑπὸ
789 583 836 610 τοῦ
861 584 1029 618 πατριάρχου

239 630 351 665 χρυσίου
369 629 587 664 κατακρυϐέντος
604 628 714 661 πολλοῦ,
734 628 764 654 τὸ
775 627 798 654 δ’
817 627 927 662 ἀληθὲς,
943 627 981 658 ὼς
997 627 1030 654 ἂν

238 676 351 711 ἀτιμίαν
376 675 416 710 τῷ
446 675 528 710 τιμίῳ
557 666 678 709 λειψάνῳ
704 674 912 709 προστρίψαιτο.
936 672 1030 704 Οὕτως

239 721 314 757 αὺτῴ
327 723 341 748 ὁ
357 721 455 755 φθόνος
479 721 567 755 πάντη
591 719 851 754 κατακεκυριευκὼς
862 719 911 754 τῆς
928 717 1031 752 μανιὼ-

238 768 300 798 dou;
325 766 427 801 ψυχῆς,
454 765 516 793 οὐδέ
541 766 610 801 μετὰ
629 766 675 792 τὸν
698 765 813 792 θάνατον
840 765 956 799 ήρεμεῖν
975 763 1029 790 εἴα.

239 811 316 846 Ἀμα
330 811 359 837 δέ
374 811 413 846 τῷ
427 810 500 846 λόγῳ
514 810 561 837 τοῦ
578 810 708 845 ἀθεμίτου
726 809 834 836 ἐκείνου
849 809 1030 844 προστάγμα-

238 866 293 889 τος,
312 858 358 885 καὶ
374 857 505 892 θεήλατος
525 857 572 884 τὸν
606 856 693 891 ἀσεϐῆ
716 856 850 891 μετῆλθεν
871 855 951 890 ὀργὴ,
988 855 1031 881 ἐν·

1082 261 1181 288 ΡΙιοιίο
1212 260 1365 288 submissus
1386 259 1412 286 in
1442 259 1599 286 cmnobium
1630 259 1714 292 venit,
1740 265 1770 287 ut
1785 268 1873 295 aegros

1083 315 1180 335 omnes
1192 308 1224 335 ad
1241 307 1398 342 sepulcrum
1417 305 1489 333 illius
1513 306 1711 342 supplicantes,
1739 307 1873 336 conviciis

1082 358 1109 381 ct
1122 353 1213 387 ﬂagris
1224 353 1355 387 exigeret.
1371 351 1432 384 Quo
1449 350 1522 378 facto
1545 351 1636 378 scelus
1659 350 1735 378 addit
1749 352 1845 379 sceleri
1862 361 1870 379 :

1084 406 1181 428 terram
1203 401 1274 427 enim
1301 400 1452 434 proximam
1464 406 1549 426 sacrm
1562 398 1662 425 tumbae
1672 398 1725 425 alte
1736 398 1813 433 jubet
1827 398 1869 427 ef-

1083 447 1157 479 fodi;
1172 447 1198 474 in
1216 446 1334 480 speciem
1349 445 1460 480 Quidem
1471 465 1478 477 ,
1493 445 1571 479 quasi
1586 445 1723 479 ingentem
1742 445 1801 472 auri
1816 445 1870 472 vim

1082 493 1236 528 patriarcha
1255 492 1309 519 illic
1323 491 1493 524 condiderit;
1509 491 1598 526 reipsa
1610 495 1712 522 autem,
1728 494 1758 517 ιιι
1784 491 1872 519 sacris

1082 538 1192 573 ossibus
1212 537 1408 564 contumeliam
1428 536 1572 571 irrogaret,
1593 536 1661 563 adeo
1684 535 1806 563 animum
1823 536 1874 563 ho-

1082 584 1163 610 minis
1181 583 1314 610 l'urinsum
1333 583 1431 610 invidia
1443 586 1601 616 occuparat,
1615 582 1652 608 ιιιί
1665 589 1697 608 ne
1714 585 1777 616 post
1797 589 1873 608 mor-

1081 634 1134 657 tem
1148 629 1255 663 quidem
1276 628 1393 663 (Ignatii)
1408 629 1442 656 ab
1458 629 1505 655 illo
1519 629 1641 655 cesserit.
1657 627 1742 654 Simul
1755 635 1787 654 ac
1799 627 1872 655 enim

1081 676 1132 702 hoc
1153 676 1197 702 ille
1218 676 1301 702 verbo
1322 675 1404 709 impie
1429 674 1560 706 edixerat,
1591 673 1710 700 vindicta
1748 673 1874 701 Numinis

1082 721 1194 755 impium
1211 725 1352 755 prosecuta
1368 724 1409 747 est
1419 729 1434 749 _:
1452 720 1498 747 hic
1512 720 1645 746 duntaxat
1668 718 1716 746 Dei
1743 719 1874 753 patientia

1081 774 1111 794 se
1132 767 1233 794 diutius
1257 767 1400 794 continere
1428 773 1482 793 non
1517 766 1615 800 potuit,
1646 765 1693 792 sed
1717 772 1733 792 e
1759 764 1874 798 vestigio

1081 812 1186 847 plagam
1216 813 1323 839 iullixit.
1355 812 1426 847 Ergo
1458 811 1594 846 superbus
1625 811 1671 837 ille
1706 810 1873 837 horrendum

1082 857 1179 887 boans.
1195 862 1221 884 et
1234 862 1362 892 tanquam
1374 857 1486 884 victima
1497 864 1581 891 supra
1601 855 1726 890 infraque
1740 854 1874 889 sanguine

237 903 325 936 ταῦθα
341 904 420 938 μόνον
434 905 484 930 οὐκ
499 903 687 938 ἀῖιασχομένης
704 902 747 929 ἐπ’
758 901 831 937 αὐτῷ
844 902 893 936 τῆς
904 901 951 928 τοῦ
963 901 1027 928 Θεοῦ

1082 902 1218 933 diiilucus,
1244 903 1411 937 dotnutnquc
1430 903 1548 934 delatus,
1568 901 1685 936 elinguis
1705 901 1776 927 intra
1805 907 1875 934 qua~

240 950 442 984 μακροθυμίας,
460 949 518 975 ἀλλ’
533 949 666 984 ὀξυτάτην
689 948 802 979 ἐνδίκως
821 947 1024 981 ὑπενεγκούσης

1079 948 1198 976 triduum
1218 957 1233 975 ιι
1251 948 1306 975 Deo
1320 949 1430 982 punitus
1443 948 1600 982 exspiravit.

237 995 286 1030 τὴν
303 996 400 1030 τομήν.
422 995 509 1026 Εὐθὺς
523 993 570 1021 οὖν
595 994 701 1029 μεγάλα
724 993 793 1028 βοῶν
808 995 822 1020 ὁ
837 993 953 1028 σοὸαρδς
979 990 1024 1019 οἷα
1040 994 1270 1028 σφαγιαζόμενος,
1304 994 1407 1022 ἄνωθέν
1426 1004 1456 1021 τε
1486 995 1533 1021 καὶ
1561 994 1684 1020 κάτωθεν
1709 994 1749 1029 τῷ
1780 991 1875 1027 οἰκείῳ

237 1042 335 1076 αἵματι
360 1042 507 1078 κρουνηδὺν
539 1041 795 1077 περιρραινόμενος,
829 1041 878 1067 καὶ
904 1040 1026 1076 φοράδην
1056 1041 1147 1068 οἴκαδε
1177 1042 1355 1078 ἀναγόμενος,
1386 1043 1494 1077 ἄφωνος
1515 1042 1545 1068 ἐν
1575 1043 1696 1078 ήμέραις
1724 1041 1873 1076 τέσσαρσιν

237 1088 360 1123 ἁπέψυξε
380 1087 600 1123 τιμωρούμενος.

272 1135 391 1162 Τοιαῦτα
420 1134 467 1161 τοῦ
491 1133 626 1170 ἡμετέρου
644 1133 749 1168 Πατρὺς
781 1132 815 1159 τὰ
843 1133 1000 1168 διηγήματα
1015 1141 1023 1149 ·

237 1181 350 1208 τοιαῦτα
366 1181 414 1207 τοῦ
434 1180 517 1207 καλοῦ
529 1179 657 1214 ποιμένος
673 1180 707 1205 τΞι
717 1179 925 1213 προτερήματα.
938 1178 1031 1210 Οὕτως

236 1228 252 1254 ὁ
271 1227 479 1263 μακαριώτατος
501 1226 548 1252 καὶ
572 1226 627 1257 ζῶν
651 1225 698 1251 ἐπὶ
720 1224 773 1259 γῆς
800 1223 986 1259 ἐννομώτατύς
1000 1232 1031 1250 τε

236 1270 271 1308 ἦν
287 1274 333 1299 καὶ
348 1272 615 1308 χριστοφιλέστατος,
633 1271 723 1297 πάντα
737 1271 824 1304 λέγων
842 1271 889 1296 καὶ
904 1270 1032 1305 πράττων

237 1322 278 1351 εἰς
300 1320 378 1352 δόξαν
391 1318 459 1345 Θεοῦ
484 1318 532 1346 καὶ
551 1318 602 1353 τῆς
625 1317 787 1352 Ἐκκλησίοις
807 1316 967 1352 οἰκοδομήν·
986 1315 1033 1342 καὶ

239 1366 310 1401 προς
330 1365 397 1391 Θεὸν
423 1365 571 1398 μεταστὰς,
590 1362 804 1398 ὼψελιμὼτατος
824 1362 871 1388 καὶ
889 1362 1031 1397 σωτήριος,

237 1411 275 1444 ὡς
290 1411 403 1446 ἁμέσως
420 1411 594 1445 ἐντυγχάνων
607 1410 678 1444 ὑπὲρ
693 1407 771 1444 ἡμῶν
786 1407 824 1442 τῷ
838 1406 907 1442 Θεῷ.

273 1543 307 1570 τί
321 1543 350 1570 δὲ
376 1544 390 1570 ὁ
410 1542 559 1578 λεγόμενος
592 1542 712 1574 Φώτιοςς
739 1539 794 1577 ἄρα
819 1541 869 1576 τήν
891 1541 935 1567 ἐπ’
955 1540 1030 1575 αὑτῷ

238 1590 390 1624 γενομένην
416 1589 507 1623 κρίσιν
525 1589 563 1620 ὡς
583 1588 689 1615 ἔνδικον
717 1587 948 1622 καταδεξάμενος,
971 1587 1026 1614 τῶν

236 1636 415 1663 πολυτελόκων
433 1635 569 1670 ἀπέσχετο
582 1634 758 1666 διαδουλίων;
773 1634 790 1670 ἢ
806 1634 858 1661 ὑπὸ
879 1633 929 1669 τὴν
955 1642 1024 1669 κρα-

236 1682 316 1709 ταιὰν
332 1682 378 1708 τοῦ
389 1682 456 1708 Θεοῦ
473 1682 552 1716 χεῖρα
563 1679 754 1711 ταπεινωθεὶς,
768 1680 818 1714 τῆς
835 1679 910 1711 θείας
928 1679 1025 1706 ἑαυτὸν

239 1729 325 1763 ῥοπῆς
347 1727 429 1762 ἐξῆψε
445 1727 555 1760 λοιπ6ν;
569 1727 586 1761 ἢ
601 1726 693 1753 τέλεον
709 1725 758 1761 μὲν
771 1726 820 1760 τῆς
834 1725 919 1752 αὑτοῦ
942 1734 1025 1752 κακο-

238 1772 374 1807 μηχανίας
394 1772 444 1799 οὐκ
475 1771 583 1806 ἐξέστη,
601 1771 785 1806 μετριώτερος
806 1771 835 1796 δὲ
855 1769 953 1797 ἐαυτοῦ
980 1770 1026 1796 καὶ

237 1817 439 1852 ἐπιεικέστερος
451 1817 495 1843 διά
507 1817 557 1852 τῆς
573 1816 766 1852 κατακρίσεως
784 1817 903 1850 κατέστη
915 1824 923 1848 ;
935 1815 1025 1843 Οὐδα-

237 1862 307 1896 μῶς.
327 1863 418 1889 Πάντα
431 1863 459 1889 δέ
473 1863 520 1889 τὸν
535 1863 651 1897 δεκαετῆ
677 1863 772 1898 χρόνον
787 1862 838 1896 τῆς
863 1862 1024 1897 ὑπερορίας,

238 1908 338 1944 μυρίας
361 1909 432 1935 κατὰ
456 1908 504 1935 τοῦ
531 1909 610 1941 ἁγίου
636 1909 782 1940 κακονοίας
807 1908 901 1940 κινῶν,
930 1908 1025 1943 ἐπειδὴ

237 1955 407 1989 πανταχόθεν
431 1954 568 1981 ἀνάλωτον
580 1954 663 1980 αὑτὸν
681 1954 756 1989 ἑώρα
770 1955 817 1980 καὶ
833 1953 965 1988 ἄληπτον.
978 1953 1025 1979 τοῦ

237 2000 369 2034 βασιλέως
397 2000 440 2034 ἐφ’
475 2000 571 2026 ἑαυτὸν
603 1999 653 2035 τὴν
677 1998 784 2026 εὔνοιαν
818 1999 1025 2027 ἐπισπάσασθαι

239 2045 394 2079 μηχανᾶται
404 2044 416 2060 ’⁷
431 2045 477 2070 καὶ
495 2045 586 2070 πᾶσαν
608 2044 657 2079 μὲν
682 2043 791 2078 βουλὴν,
816 2044 908 2070 πᾶσαν
924 2044 951 2070 δέ
968 2052 1026 2079 τρι-

236 2090 287 2124 ϐὴν
301 2089 440 2124 λογισμῶν
461 2090 529 2124 πρὸς
543 2089 621 2116 τοῦτο
638 2089 733 2119 κινῶν,
749 2085 829 2125 εὗρεν
842 2089 902 2115 ὁδὸν
922 2089 1024 2121 λοιπὸν,

236 2136 270 2162 δι’
284 2133 318 2171 ἦς
330 2136 380 2170 τῆς
393 2136 552 2170 ἁπλότητος,
571 2136 631 2171 ήτοι
648 2135 815 2170 κουφότητος
827 2136 1026 2171 κατωρχήσατο

234 2182 284 2216 τῆς
300 2182 441 2217 βασιλικῆς
456 2189 464 2196 ·
485 2182 532 2208 καὶ
554 2182 680 2207 σκοπεῖτε
702 2181 739 2212 ὡς
759 2180 886 2215 πιθανὴν,
910 2182 957 2208 καὶ
976 2181 1026 2216 τῆς

1114 1132 1162 1160 Ha:
1189 1136 1254 1159 sunt
1273 1139 1362 1158 rerutn
1378 1139 1392 1158 a
1409 1130 1488 1158 Patre
1503 1135 1599 1158 nostro
1622 1137 1760 1167 gesutrum
1779 1139 1876 1160 uana-

1080 1177 1179 1208 tiones,
1200 1176 1257 1203 haec
1272 1176 1334 1204 boni
1351 1175 1469 1210 pastoris
1492 1176 1688 1210 praerogativae.
1706 1175 1742 1203 lta
1773 1177 1875 1205 beatis-

1081 1223 1170 1251 simus
1183 1223 1227 1250 ille
1242 1223 1306 1250 dum
1324 1224 1349 1249 in
1366 1222 1446 1250 terris
1462 1226 1567 1257 ageret,
1585 1229 1616 1249 se
1647 1229 1730 1257 quam
1755 1223 1875 1251 sanctis-

1082 1269 1152 1297 sime
1174 1269 1453 1304 reliogiesissimeque
1480 1269 1575 1303 gessit.
1595 1268 1678 1296 rebus
1697 1269 1827 1296 omnibus
1839 1270 1873 1297 ad

1082 1314 1129 1341 Dei
1142 1314 1248 1341 laudern
1280 1314 1452 1341 etEcclesiaa
1481 1314 1690 1341 aediﬁcationem
1703 1314 1817 1341 relatis:
1845 1320 1873 1342 et

1083 1367 1132 1394 per
1147 1365 1264 1386 mortem
1288 1358 1321 1386 ad
1340 1358 1424 1385 Deum
1439 1355 1589 1393 profectus.
1605 1358 1684 1386 nobis
1696 1360 1767 1394 apud
1796 1359 1874 1387 illum

1084 1405 1214 1432 salutaris
1228 1405 1305 1439 jusla
1321 1412 1354 1431 ac
1369 1404 1533 1432 tttilissimus
1544 1408 1586 1431 est
1606 1409 1748 1438 patronus,
1767 1409 1796 1432 ιιι
1825 1406 1873 1440 qui

1084 1450 1139 1478 Deo
1153 1458 1275 1485 praesens
1299 1451 1367 1478 citra
1388 1450 1473 1477 ullum
1491 1450 1612 1483 medium
1640 1449 1795 1485 interpellat
1823 1459 1874 1487 pro

1083 1496 1176 1524 nobis.

1120 1542 1191 1575 Quid
1206 1547 1296 1569 autem
1316 1541 1339 1569 is
1358 1541 1406 1576 qui
1431 1541 1533 1569 dicitur
1545 1541 1678 1570 Pliotius?
1692 1550 1726 1569 an
1739 1542 1874 1578 judicium

1081 1589 1114 1616 de
1131 1596 1160 1616 se
1175 1589 1227 1615 rite
1241 1584 1343 1616 factum
1358 1592 1401 1615 est
1421 1589 1535 1620 veritus,
1549 1592 1633 1623 atque
1648 1588 1732 1623 impia
1757 1589 1874 1617 consilia

1076 1634 1199 1668 abjecit?
1213 1635 1254 1661 An
1288 1634 1339 1661 sub
1358 1633 1460 1668 potenti
1483 1641 1567 1661 manu
1583 1633 1631 1661 Dei
1645 1634 1817 1669 humiliatus,
1834 1635 1876 1662 di-

1075 1681 1144 1707 vinae
1170 1688 1200 1707 se
1230 1680 1362 1714 deinceps
1389 1679 1525 1706 voluntati
1551 1680 1710 1706 commisit?
1738 1681 1781 1707 An
1810 1689 1874 1715 per-

1076 1725 1210 1751 scvrravit
1242 1725 1351 1759 quidem
1388 1724 1416 1751 in
1451 1724 1586 1758 improbis
1620 1725 1875 1753 machinationibus

1075 1771 1133 1798 stris
1170 1778 1300 1805 semper,
1332 1770 1379 1797 sed
1414 1778 1448 1798 cx
1489 1771 1662 1797 damnatione
1695 1771 1737 1798 sui
1785 1772 1877 1807 seipse

1075 1818 1180 1852 a3qni0r
1201 1823 1229 1845 et
1253 1818 1404 1846 modestior
1430 1822 1472 1845 est
1498 1818 1647 1845 redditus?
1669 1818 1741 1846 Nihil
1764 1819 1866 1847 minus.

1077 1863 1146 1890 Toto
1169 1863 1215 1890 illo
1238 1863 1380 1891 decennali
1408 1864 1503 1892 exsilio
1526 1864 1637 1892 insidias
1660 1863 1792 1892 adversus
1812 1873 1876 1893 san-

1075 1913 1150 1936 ctum
1171 1908 1254 1943 impia
1267 1914 1357 1936 mente
1367 1909 1478 1936 molitus
1486 1914 1540 1936 est.
1549 1908 1671 1944 Cumque
1679 1909 1755 1936 illum
1768 1910 1875 1937 irretire

1076 1961 1209 1988 capereve
1231 1953 1308 1981 nullo
1328 1954 1410 1992 modo
1424 1957 1529 1988 posset,
1544 1954 1719 1988 iinperatOris
1748 1954 1871 1982 animum

1076 1998 1127 2026 sibi
1147 1998 1293 2026 conciliare
1317 2002 1411 2027 tentet.
1437 1998 1507 2033 Ergo
1521 1999 1626 2026 artibus
1651 1999 1778 2026 omnibus
1801 2002 1874 2027 stro-

1076 2044 1195 2079 phisque
1210 2044 1239 2070 in
1264 2044 1412 2071 consilium
1434 2044 1575 2075 abbibitis.
1590 2045 1690 2079 reperit
1706 2045 1788 2076 viam,
1818 2052 1873 2079 qua

1077 2089 1252 2124 imperatoris
1267 2090 1470 2125 simplicitatem
1497 2090 1691 2124 levitatemque
1704 2096 1823 2125 raperet,
1845 2096 1874 2118 et

1077 2135 1138 2163 vide
1153 2143 1235 2170 quam
1258 2136 1425 2170 probabilem
1456 2139 1483 2163 et
1510 2135 1596 2171 ipsius
1624 2135 1733 2170 ingenio
1748 2136 1870 2169 dignam.

1075 2181 1236 2209 Observatis
1251 2212 1253 2214 _
1266 2182 1338 2209 enim
1363 2182 1520 2209 nominibus
1548 2182 1717 2216 singulorum
1733 2201 1741 2213 ,
1771 2183 1870 2217 ipsius,

235 2228 340 2255 ἐκείνου
363 2228 454 2262 ψυχῆς
477 2227 566 2260 ἀξίαν.
591 2227 652 2253 Τῶν
674 2227 814 2261 ὀνομάτων
829 2226 884 2262 γὰρ
907 2227 1022 2254 ἕκαστον

1079 2227 1201 2262 inquam,
1232 2227 1408 2262 imperatoris
1442 2227 1545 2260 Basilii,
1573 2232 1600 2255 et
1628 2228 1756 2255 Eudocite
1782 2230 1872 2263 Augu-

235 2274 485 2309 περισκεψάμενος,
494 2273 576 2300 αὐτοῦ
585 2282 625 2306 τε,
640 2273 721 2308 φημὶ,
732 2272 872 2299 Βασιλείου
884 2273 932 2299 τοῦ
945 2273 1023 2307 βασι-

236 2320 313 2352 λέως,
330 2320 461 2351 Εὐδοκίας
477 2328 506 2346 τε
518 2321 569 2354 τῆς
584 2319 667 2346 αὑτοῦ
680 2319 815 2353 γαμετῆς,
830 2319 878 2346 καὶ
893 2319 948 2345 τῶν
961 2318 1026 2345 παί-

234 2367 297 2399 δων,
313 2367 529 2398 Κωνσταντίνου,
543 2367 667 2398 Λέοντος,
691 2365 881 2402 Ἀλεξάνδρου,
901 2367 949 2393 καὶ
961 2367 1027 2393 Στε-

233 2411 336 2444 φάνου·
355 2411 384 2444 ἐξ
398 2412 514 2438 ἑκάστου
529 2412 558 2437 δὲ
572 2412 601 2437 τὸ
619 2411 727 2446 πρῶτον
742 2412 860 2447 γράμμα
876 2411 1027 2446 λαϐὼν)ιαὶ

235 2456 382 2486 συντιθεὶς,
398 2456 525 2483 ἐντεῦθεν
543 2456 677 2490 λαμὸάνει
690 2456 739 2490 τῆς
754 2457 863 2491 ἀπάτης
878 2457 926 2491 τὴν
942 2455 1027 2492 ἀφορ-

233 2502 299 2535 μήν.
333 2501 466 2535 Ἱστορίαν
485 2501 555 2536 γὰρ,
582 2501 641 2536 ήτοι
675 2501 852 2535 γενεαλογίαν
877 2501 926 2536 τὴν
963 2502 1028 2535 μήτ’

233 2543 327 2577 οὖσαν,
341 2546 404 2581 μήτ’
415 2544 462 2573 οὖν
475 2555 541 2572 ποτε
556 2547 705 2581 γενομένην
720 2546 891 2578 ἀναπλάσας,
907 2546 1026 2581 Τηριδᾱμ

237 2599 289 2625 την
307 2593 356 2627 μὲν
370 2594 474 2619 ἐκεῖνον
495 2592 540 2618 τὸν
560 2592 647 2626 μέγαν
671 2592 822 2627 Ἀρμενίων
840 2592 965 2627 βασιλέα,
982 2592 1028 2618 τῆν

236 2637 285 2663 ἐπὶ
299 2637 345 2663 τοῦ
372 2637 571 2673 ἱερομάρτυρος
589 2637 661 2670 λέγω
681 2637 844 2673 Γρηγορίου,
867 2637 1029 2672 προπάτορα

236 2681 340 2708 τίθεται
366 2682 405 2717 τῷ
431 2683 514 2718 λόγῳ,
540 2683 570 2716 ἐξ
593 2684 699 2710 ἐκείνου
722 2683 751 2709 δὲ
771 2683 821 2718 τὴν
846 2682 1026 2716 γενεαλογίαν

235 2728 377 2762 ἑνόμασιν,
392 2728 432 2759 οἷς
449 2730 591 2764 ἠθέλησεν,
613 2730 805 2765 ἐπισυνείρων,
821 2730 869 2756 καὶ
885 2729 983 2760 ἄλλους
997 2729 1026 2760 ἐξ

235 2773 326 2800 ἄλλων
344 2775 377 2809 τῇ
394 2775 587 2809 πλασματώδει
605 2776 734 2809 κατάγων
751 2775 870 2810 ἱστορίᾳ,
897 2775 979 2810 ἡνίκα
995 2775 1028 2810 δὴ

235 2820 307 2861 πρὸς
319 2820 365 2846 τὸν
377 2821 485 2856 πατέρα
492 2821 610 2856 κατῆλθε
624 2821 776 2854 Βασιλείου,
792 2821 887 2847 τοῦτον
896 2821 1026 2856 ἔγραψεν,

239 2865 277 2897 ὡς
289 2865 374 2901 ἄνδρα
398 2867 523 2903 γεννήσει
548 2867 679 2901 τοιοῦτον,
706 2865 761 2900 οἶος
781 2867 863 2901 aito;
884 2868 1027 2901 Βασίλειος

1078 2279 1129 2302 site
1167 2274 1304 2309 conjugis,
1342 2274 1556 2308 liberorumque,
1592 2273 1784 2305 Constantini,
1808 2273 1875 2301 Leo-

1079 2320 1122 2347 nis
1134 2340 1142 2351 ,
1158 2319 1316 2351 Alexandri,
1343 2319 1475 2354 Stephani
1498 2327 1505 2351 ;
1522 2327 1555 2346 ex
1574 2319 1669 2354 primis
1700 2320 1872 2354 singulorum

1077 2366 1220 2392 nominum
1237 2366 1335 2392 litteris
1355 2366 1516 2399 compositis
1541 2365 1738 2400 componenda:
1763 2365 1870 2393 fraudis

1076 2412 1251 2439 occasionem
1269 2411 1375 2446 arripit.
1396 2411 1545 2439 Historiam
1566 2411 1652 2443 enim,
1669 2412 1727 2439 sive
1744 2412 1871 2446 genealo-

1080 2458 1163 2493 giam,
1175 2465 1236 2492 quas
1251 2465 1388 2492 nusquam
1410 2463 1462 2489 est,
1479 2457 1596 2488 autfuit,
1610 2463 1776 2488 contexens.
1804 2457 1877 2484 Tiri-

1080 2504 1170 2531 dalent
1192 2504 1266 2530 illum
1283 2504 1416 2539 inclytum
1429 2504 1566 2531 Armenia:
1588 2512 1693 2539 regem.
1708 2504 1754 2538 qui
1783 2503 1871 2530 sancti

1081 2550 1204 2584 Gregorii
1236 2550 1366 2584 martyris
1391 2558 1449 2576 ιυνο
1471 2550 1647 2584 impcritavit,
1676 2549 1769 2584 stirpis
1789 2552 1875 2583 caput:

1080 2596 1169 2630 ﬁngit.
1182 2596 1218 2621 Ex
1236 2596 1292 2625 illo,
1311 2595 1470 2622 nominibus
1486 2603 1533 2629 pro
1548 2596 1681 2622 arbitratu
1697 2593 1870 2629 excogitatis,

1081 2643 1188 2675 gentem
1205 2640 1326 2670 deducit.
1341 2645 1368 2667 et
1380 2640 1450 2667 alios
1467 2648 1499 2666 ex
1513 2640 1567 2666 alio
1580 2640 1704 2667 fabulosa
1715 2638 1872 2666 narratione

1081 2685 1184 2712 condit.
1199 2685 1315 2718 Quando
1327 2685 1438 2712 demunt
1458 2685 1492 2712 ad
1511 2689 1651 2720 parentem
1664 2683 1758 2711 Basilii
1777 2689 1874 2717 perve-

1081 2731 1132 2763 nit,
1148 2731 1269 2766 scripsit,
1287 2731 1456 2758 nasciturum
1470 2740 1503 2759 ex
1528 2739 1561 2758 eo
1576 2730 1655 2758 talem
1674 2730 1754 2764 plane
1769 2728 1871 2761 virum,
1908 2729 1910 2731 ’

1081 2777 1170 2811 qualis
1186 2777 1308 2811 ipseerat
1321 2776 1450 2809 Basilius,
1464 2778 1544 2812 eique
1559 2783 1657 2804 uetnen
1674 2782 1735 2802 esse
1753 2774 1868 2807 Beclas;

1081 2830 1162 2858 quem
1179 2823 1302 2850 omnium
1317 2829 1391 2850 retro
1406 2831 1499 2858 regum
1525 2821 1682 2849 felicissime
1701 2824 1728 2848 ct
1744 2820 1870 2849 diutissi-

1083 2877 1126 2897 ute
1144 2875 1322 2905 regnaturum
1340 2869 1504 2898 vaticinatur
1526 2878 1532 2896 :
1548 2867 1747 2903 inuumcraquc
1760 2867 1873 2896 menda-
