  <div class='ocr_page' id='page_1' title='image "/cluster/home/n/w/nwhite01/storage/ocr_20150623/105/njp.32101077772893/337.png"; bbox 0 0 2092 3156; ppageno 0'>
   <div class='ocr_carea' id='block_1_1' title="bbox 236 178 289 210">
    <p class='ocr_par' dir='ltr' id='par_1_1' title="bbox 236 178 289 210">
     <span class='ocr_line' id='line_1_1' title="bbox 236 178 289 210; baseline 0 -1"><span class='ocrx_word' id='word_1_1' title='bbox 236 178 289 210; x_wconf 85' lang='lat'><strong>567</strong></span> 
     </span>
    </p>
   </div>
   <div class='ocr_carea' id='block_1_2' title="bbox 822 172 1251 204">
    <p class='ocr_par' dir='ltr' id='par_1_2' title="bbox 822 172 1251 204">
     <span class='ocr_line' id='line_1_2' title="bbox 822 172 1251 204; baseline -0.002 -1"><span class='ocrx_word' id='word_1_2' title='bbox 822 173 846 204; x_wconf 86' lang='grc' dir='ltr'>Ν</span> <span class='ocrx_word' id='word_1_3' title='bbox 851 173 969 203; x_wconf 73' lang='grc' dir='ltr'><strong>ΙΕΕΤιΕ</strong></span> <span class='ocrx_word' id='word_1_4' title='bbox 987 172 1251 203; x_wconf 77' lang='lat' dir='ltr'><strong>PAPHLAGO‘NIS</strong></span> 
     </span>
    </p>
   </div>
   <div class='ocr_carea' id='block_1_3' title="bbox 1809 170 1861 202">
    <p class='ocr_par' dir='ltr' id='par_1_3' title="bbox 1809 170 1861 202">
     <span class='ocr_line' id='line_1_3' title="bbox 1809 170 1861 202; baseline -0.019 0"><span class='ocrx_word' id='word_1_5' title='bbox 1809 170 1861 202; x_wconf 82' lang='lat'><strong>568</strong></span> 
     </span>
    </p>
   </div>
   <div class='ocr_carea' id='block_1_4' title="bbox 235 225 1023 268">
    <p class='ocr_par' dir='ltr' id='par_1_4' title="bbox 235 228 1021 268">
     <span class='ocr_line' id='line_1_4' title="bbox 235 228 1021 268; baseline -0.006 -8"><span class='ocrx_word' id='word_1_6' title='bbox 235 235 288 266; x_wconf 74' lang='lat' dir='ltr'><strong>eia,</strong></span> <span class='ocrx_word' id='word_1_7' title='bbox 308 231 409 268; x_wconf 90' lang='lat' dir='ltr'><strong>quibus</strong></span> <span class='ocrx_word' id='word_1_8' title='bbox 421 230 572 258; x_wconf 75' lang='lat' dir='ltr'><strong>auditorem</strong></span> <span class='ocrx_word' id='word_1_9' title='bbox 587 229 649 265; x_wconf 87' lang='lat' dir='ltr'><strong>capi</strong></span> <span class='ocrx_word' id='word_1_10' title='bbox 667 229 845 264; x_wconf 78' lang='lat' dir='ltr'><strong>intelligebat.</strong></span> <span class='ocrx_word' id='word_1_11' title='bbox 860 228 889 256; x_wconf 89' lang='lat' dir='ltr'><strong>iu</strong></span> <span class='ocrx_word' id='word_1_12' title='bbox 921 228 1021 256; x_wconf 86' lang='lat' dir='ltr'><strong>librum</strong></span> 
     </span>
    </p>
   </div>
   <div class='ocr_carea' id='block_1_5' title="bbox 1075 225 1864 268">
    <p class='ocr_par' dir='ltr' id='par_1_5' title="bbox 1075 225 1864 263">
     <span class='ocr_line' id='line_1_5' title="bbox 1075 225 1864 263; baseline 0 -11"><span class='ocrx_word' id='word_1_13' title='bbox 1075 225 1106 263; x_wconf 72' lang='grc' dir='ltr'><strong>ἧν</strong></span> <span class='ocrx_word' id='word_1_14' title='bbox 1120 235 1126 242; x_wconf 76' lang='grc'><em>’</em></span> <span class='ocrx_word' id='word_1_15' title='bbox 1141 227 1173 254; x_wconf 83' lang='grc' dir='ltr'><strong>τδ</strong></span> <span class='ocrx_word' id='word_1_16' title='bbox 1185 227 1214 254; x_wconf 79' lang='grc' dir='ltr'><strong>δὲ</strong></span> <span class='ocrx_word' id='word_1_17' title='bbox 1236 227 1323 262; x_wconf 75' lang='grc' dir='ltr'><strong>ὅνομα</strong></span> <span class='ocrx_word' id='word_1_18' title='bbox 1341 225 1411 254; x_wconf 78' lang='grc' dir='ltr'><strong>εἶναι</strong></span> <span class='ocrx_word' id='word_1_19' title='bbox 1427 225 1529 258; x_wconf 65' lang='lat' dir='ltr'><strong>Beudi;</strong></span> <span class='ocrx_word' id='word_1_20' title='bbox 1542 234 1550 240; x_wconf 87' lang='grc'><strong>·</strong></span> <span class='ocrx_word' id='word_1_21' title='bbox 1567 225 1597 252; x_wconf 83' lang='grc' dir='ltr'><strong>ὃν</strong></span> <span class='ocrx_word' id='word_1_22' title='bbox 1611 225 1795 260; x_wconf 73' lang='grc' dir='ltr'><strong>εὐτυχέστατα</strong></span> <span class='ocrx_word' id='word_1_23' title='bbox 1815 228 1864 252; x_wconf 63' lang='grc' dir='ltr'><strong>καὶ⁵</strong></span> 
     </span>
    </p>
   </div>
   <div class='ocr_carea' id='block_1_6' title="bbox 235 274 1023 308">
    <p class='ocr_par' dir='ltr' id='par_1_6' title="bbox 235 274 1023 308">
     <span class='ocr_line' id='line_1_6' title="bbox 235 274 1023 308; baseline -0.008 -1"><span class='ocrx_word' id='word_1_24' title='bbox 235 287 316 307; x_wconf 83' lang='lat' dir='ltr'><strong>suum</strong></span> <span class='ocrx_word' id='word_1_25' title='bbox 342 278 542 308; x_wconf 85' lang='lat' dir='ltr'><strong>concenturiat,</strong></span> <span class='ocrx_word' id='word_1_26' title='bbox 555 281 582 303; x_wconf 89' lang='lat' dir='ltr'><strong>et</strong></span> <span class='ocrx_word' id='word_1_27' title='bbox 599 275 699 304; x_wconf 79' lang='lat' dir='ltr'><strong>litteris</strong></span> <span class='ocrx_word' id='word_1_28' title='bbox 713 275 904 302; x_wconf 78' lang='lat' dir='ltr'><strong>Alexandrinis</strong></span> <span class='ocrx_word' id='word_1_29' title='bbox 922 274 950 301; x_wconf 93' lang='lat' dir='ltr'><strong>in</strong></span> <span class='ocrx_word' id='word_1_30' title='bbox 979 281 1023 302; x_wconf 84' lang='lat' dir='ltr'><strong>vo-</strong></span> 
     </span>
    </p>
   </div>
   <div class='ocr_carea' id='block_1_7' title="bbox 235 319 1018 357">
    <p class='ocr_par' dir='ltr' id='par_1_7' title="bbox 235 319 1018 357">
     <span class='ocr_line' id='line_1_7' title="bbox 235 319 1018 357; baseline -0.006 -5"><span class='ocrx_word' id='word_1_31' title='bbox 235 324 386 353; x_wconf 83' lang='lat' dir='ltr'><strong>tustissima</strong></span> <span class='ocrx_word' id='word_1_32' title='bbox 411 323 505 351; x_wconf 82' lang='lat' dir='ltr'><strong>charta</strong></span> <span class='ocrx_word' id='word_1_33' title='bbox 530 322 564 349; x_wconf 84' lang='lat' dir='ltr'><strong>ad</strong></span> <span class='ocrx_word' id='word_1_34' title='bbox 591 322 679 357; x_wconf 84' lang='lat' dir='ltr'><strong>ipsam</strong></span> <span class='ocrx_word' id='word_1_35' title='bbox 705 319 879 356; x_wconf 83' lang='lat' dir='ltr'><strong>antiquitatis</strong></span> <span class='ocrx_word' id='word_1_36' title='bbox 898 320 1018 355; x_wconf 83' lang='lat' dir='ltr'><strong>speciem</strong></span> 
     </span>
    </p>
   </div>
   <div class='ocr_carea' id='block_1_8' title="bbox 234 367 1022 405">
    <p class='ocr_par' dir='ltr' id='par_1_8' title="bbox 234 367 1022 405">
     <span class='ocr_line' id='line_1_8' title="bbox 234 367 1022 405; baseline -0.005 -8"><span class='ocrx_word' id='word_1_37' title='bbox 234 369 372 405; x_wconf 77' lang='lat' dir='ltr'><strong>expressis</strong></span> <span class='ocrx_word' id='word_1_38' title='bbox 397 368 558 397; x_wconf 82' lang='lat' dir='ltr'><strong>conscribit.</strong></span> <span class='ocrx_word' id='word_1_39' title='bbox 581 372 663 402; x_wconf 71' lang='lat' dir='ltr'><strong>atque</strong></span> <span class='ocrx_word' id='word_1_40' title='bbox 694 367 784 397; x_wconf 91' lang='lat' dir='ltr'><strong>theca.</strong></span> <span class='ocrx_word' id='word_1_41' title='bbox 800 373 848 394; x_wconf 89' lang='lat' dir='ltr'><strong>seu</strong></span> <span class='ocrx_word' id='word_1_42' title='bbox 864 369 1022 400; x_wconf 78' lang='lat' dir='ltr'><strong>tegumeuto</strong></span> 
     </span>
    </p>
   </div>
   <div class='ocr_carea' id='block_1_9' title="bbox 234 411 1021 448">
    <p class='ocr_par' dir='ltr' id='par_1_9' title="bbox 234 411 1021 448">
     <span class='ocr_line' id='line_1_9' title="bbox 234 411 1021 448; baseline -0.006 -6"><span class='ocrx_word' id='word_1_43' title='bbox 234 422 268 442; x_wconf 81' lang='lat' dir='ltr'><strong>ex</strong></span> <span class='ocrx_word' id='word_1_44' title='bbox 288 414 481 448; x_wconf 83' lang='lat' dir='ltr'><strong>antiquissimo</strong></span> <span class='ocrx_word' id='word_1_45' title='bbox 504 413 598 440; x_wconf 84' lang='lat' dir='ltr'><strong>codice</strong></span> <span class='ocrx_word' id='word_1_46' title='bbox 620 412 747 440; x_wconf 84' lang='lat' dir='ltr'><strong>detracto</strong></span> <span class='ocrx_word' id='word_1_47' title='bbox 763 411 852 444; x_wconf 81' lang='lat' dir='ltr'><strong>vestitI</strong></span> <span class='ocrx_word' id='word_1_48' title='bbox 889 415 970 445; x_wconf 87' lang='lat' dir='ltr'><strong>atque</strong></span> <span class='ocrx_word' id='word_1_49' title='bbox 994 411 1021 437; x_wconf 90' lang='lat' dir='ltr'><strong>in</strong></span> 
     </span>
    </p>
   </div>
   <div class='ocr_carea' id='block_1_10' title="bbox 235 456 1020 494">
    <p class='ocr_par' dir='ltr' id='par_1_10' title="bbox 235 456 1020 494">
     <span class='ocr_line' id='line_1_10' title="bbox 235 456 1020 494; baseline -0.004 -8"><span class='ocrx_word' id='word_1_50' title='bbox 235 460 280 487; x_wconf 89' lang='lat' dir='ltr'><strong>illa</strong></span> <span class='ocrx_word' id='word_1_51' title='bbox 311 459 394 487; x_wconf 84' lang='lat' dir='ltr'><strong>nobili</strong></span> <span class='ocrx_word' id='word_1_52' title='bbox 426 459 601 494; x_wconf 81' lang='lat' dir='ltr'><strong>palatinaque</strong></span> <span class='ocrx_word' id='word_1_53' title='bbox 630 457 792 485; x_wconf 77' lang='lat' dir='ltr'><strong>bibliotheca</strong></span> <span class='ocrx_word' id='word_1_54' title='bbox 812 457 880 484; x_wconf 87' lang='lat' dir='ltr'><strong>clam</strong></span> <span class='ocrx_word' id='word_1_55' title='bbox 906 456 1020 491; x_wconf 85' lang='lat' dir='ltr'><strong>reponit.</strong></span> 
     </span>
    </p>
   </div>
   <div class='ocr_carea' id='block_1_11' title="bbox 1075 270 1862 307">
    <p class='ocr_par' dir='ltr' id='par_1_11' title="bbox 1075 270 1862 307">
     <span class='ocr_line' id='line_1_11' title="bbox 1075 270 1862 307; baseline -0.001 -9"><span class='ocrx_word' id='word_1_56' title='bbox 1075 271 1313 307; x_wconf 80' lang='grc' dir='ltr'><strong>πολυχρονιώτατα</strong></span> <span class='ocrx_word' id='word_1_57' title='bbox 1334 271 1390 298; x_wconf 81' lang='grc' dir='ltr'><strong>τῶν</strong></span> <span class='ocrx_word' id='word_1_58' title='bbox 1402 271 1433 303; x_wconf 80' lang='grc' dir='ltr'>ἐξ</span> <span class='ocrx_word' id='word_1_59' title='bbox 1447 270 1544 303; x_wconf 82' lang='grc' dir='ltr'><strong>αἰῶνος</strong></span> <span class='ocrx_word' id='word_1_60' title='bbox 1562 270 1795 306; x_wconf 62' lang='grc' dir='ltr'><strong>βεϐασιλευκότων</strong></span> <span class='ocrx_word' id='word_1_61' title='bbox 1810 271 1862 306; x_wconf 82' lang='grc' dir='ltr'><strong>βα-</strong></span> 
     </span>
    </p>
   </div>
   <div class='ocr_carea' id='block_1_12' title="bbox 1075 313 1864 352">
    <p class='ocr_par' dir='ltr' id='par_1_12' title="bbox 1075 313 1864 352">
     <span class='ocr_line' id='line_1_12' title="bbox 1075 313 1864 352; baseline -0.001 -9"><span class='ocrx_word' id='word_1_62' title='bbox 1075 317 1233 344; x_wconf 82' lang='grc' dir='ltr'><strong>σιλεύσοντα</strong></span> <span class='ocrx_word' id='word_1_63' title='bbox 1263 316 1439 352; x_wconf 74' lang='grc' dir='ltr'><strong>προφητεύει.</strong></span> <span class='ocrx_word' id='word_1_64' title='bbox 1471 317 1586 352; x_wconf 75' lang='grc' dir='ltr'><strong>Μυρίοις</strong></span> <span class='ocrx_word' id='word_1_65' title='bbox 1608 315 1637 343; x_wconf 73' lang='grc' dir='ltr'><strong>δὲ</strong></span> <span class='ocrx_word' id='word_1_66' title='bbox 1658 315 1795 351; x_wconf 78' lang='grc' dir='ltr'><strong>ψεύδεσιν,</strong></span> <span class='ocrx_word' id='word_1_67' title='bbox 1822 313 1864 348; x_wconf 73' lang='grc' dir='ltr'><strong>οἷς</strong></span> 
     </span>
    </p>
   </div>
   <div class='ocr_carea' id='block_1_13' title="bbox 1075 361 1864 398">
    <p class='ocr_par' dir='ltr' id='par_1_13' title="bbox 1075 361 1864 398">
     <span class='ocr_line' id='line_1_13' title="bbox 1075 361 1864 398; baseline -0.001 -9"><span class='ocrx_word' id='word_1_68' title='bbox 1075 363 1132 398; x_wconf 77' lang='grc' dir='ltr'><strong>ᾔδει</strong></span> <span class='ocrx_word' id='word_1_69' title='bbox 1155 362 1306 397; x_wconf 81' lang='grc' dir='ltr'><strong>γάννυσθαι</strong></span> <span class='ocrx_word' id='word_1_70' title='bbox 1335 361 1431 388; x_wconf 80' lang='grc' dir='ltr'><strong>τοῦτον</strong></span> <span class='ocrx_word' id='word_1_71' title='bbox 1452 362 1586 388; x_wconf 76' lang='grc' dir='ltr'><strong>ἀκούοντα</strong></span> <span class='ocrx_word' id='word_1_72' title='bbox 1603 381 1612 394; x_wconf 83' lang='grc'><strong>,</strong></span> <span class='ocrx_word' id='word_1_73' title='bbox 1636 361 1668 388; x_wconf 82' lang='grc' dir='ltr'><strong>τδ</strong></span> <span class='ocrx_word' id='word_1_74' title='bbox 1693 361 1864 397; x_wconf 74' lang='grc' dir='ltr'><strong>σύγγραμμα</strong></span> 
     </span>
    </p>
   </div>
   <div class='ocr_carea' id='block_1_14' title="bbox 1075 409 1872 446">
    <p class='ocr_par' dir='ltr' id='par_1_14' title="bbox 1075 409 1872 446">
     <span class='ocr_line' id='line_1_14' title="bbox 1075 409 1872 446; baseline -0.004 -8"><span class='ocrx_word' id='word_1_75' title='bbox 1075 410 1320 446; x_wconf 78' lang='grc' dir='ltr'><strong>καταρτισάμενος,</strong></span> <span class='ocrx_word' id='word_1_76' title='bbox 1335 410 1382 437; x_wconf 71' lang='grc' dir='ltr'><strong>ἐπὶ</strong></span> <span class='ocrx_word' id='word_1_77' title='bbox 1392 410 1580 437; x_wconf 74' lang='grc' dir='ltr'><strong>παλαιοτάτων</strong></span> <span class='ocrx_word' id='word_1_78' title='bbox 1592 409 1641 445; x_wconf 79' lang='grc' dir='ltr'><strong>μὲν</strong></span> <span class='ocrx_word' id='word_1_79' title='bbox 1651 409 1729 436; x_wconf 82' lang='grc' dir='ltr'><strong>τοῦτο</strong></span> <span class='ocrx_word' id='word_1_80' title='bbox 1743 409 1872 444; x_wconf 84' lang='grc' dir='ltr'><strong>χαρτίων’</strong></span> 
     </span>
    </p>
   </div>
   <div class='ocr_carea' id='block_1_15' title="bbox 1075 457 1864 493">
    <p class='ocr_par' dir='ltr' id='par_1_15' title="bbox 1075 457 1864 493">
     <span class='ocr_line' id='line_1_15' title="bbox 1075 457 1864 493; baseline 0 -9"><span class='ocrx_word' id='word_1_81' title='bbox 1075 457 1237 492; x_wconf 80' lang='grc' dir='ltr'><strong>γράμμασιν</strong></span> <span class='ocrx_word' id='word_1_82' title='bbox 1253 457 1476 493; x_wconf 79' lang='grc' dir='ltr'><strong>Ἀλεξανδρινοϊς,</strong></span> <span class='ocrx_word' id='word_1_83' title='bbox 1487 458 1535 493; x_wconf 81' lang='grc' dir='ltr'><strong>τὴν</strong></span> <span class='ocrx_word' id='word_1_84' title='bbox 1547 457 1682 493; x_wconf 80' lang='grc' dir='ltr'><strong>ἀρχαϊκὴν</strong></span> <span class='ocrx_word' id='word_1_85' title='bbox 1692 458 1734 484; x_wconf 83' lang='grc' dir='ltr'><strong>ὅτι</strong></span> <span class='ocrx_word' id='word_1_86' title='bbox 1746 458 1864 493; x_wconf 79' lang='grc' dir='ltr'><strong>μάλιστα</strong></span> 
     </span>
    </p>
   </div>
   <div class='ocr_carea' id='block_1_16' title="bbox 235 501 1862 540">
    <p class='ocr_par' dir='ltr' id='par_1_16' title="bbox 235 501 1862 540">
     <span class='ocr_line' id='line_1_16' title="bbox 235 501 1862 540; baseline -0.001 -9"><span class='ocrx_word' id='word_1_87' title='bbox 235 504 404 540; x_wconf 73' lang='grc' dir='ltr'><strong>χειροθεσίαν</strong></span> <span class='ocrx_word' id='word_1_88' title='bbox 429 503 637 539; x_wconf 78' lang='grc' dir='ltr'><strong>μιμησάμενος,</strong></span> <span class='ocrx_word' id='word_1_89' title='bbox 655 502 775 538; x_wconf 78' lang='grc' dir='ltr'><strong>γράφει⁸</strong></span> <span class='ocrx_word' id='word_1_90' title='bbox 797 501 961 537; x_wconf 77' lang='grc' dir='ltr'><strong>ἀμφιέννυσι</strong></span> <span class='ocrx_word' id='word_1_91' title='bbox 992 502 1020 528; x_wconf 77' lang='grc' dir='ltr'><strong>δὲ</strong></span> <span class='ocrx_word' id='word_1_92' title='bbox 1039 502 1087 528; x_wconf 72' lang='grc' dir='ltr'><strong>καὶ</strong></span> <span class='ocrx_word' id='word_1_93' title='bbox 1113 502 1230 537; x_wconf 83' lang='grc' dir='ltr'><strong>πτύχαις</strong></span> <span class='ocrx_word' id='word_1_94' title='bbox 1254 502 1460 535; x_wconf 69' lang='grc' dir='ltr'><strong>παλαιοτάταις,</strong></span> <span class='ocrx_word' id='word_1_95' title='bbox 1485 504 1517 530; x_wconf 75' lang='grc' dir='ltr'><strong>ὲκ</strong></span> <span class='ocrx_word' id='word_1_96' title='bbox 1544 503 1725 530; x_wconf 75' lang='grc' dir='ltr'><strong>παλαιοτάτου</strong></span> <span class='ocrx_word' id='word_1_97' title='bbox 1759 503 1862 538; x_wconf 75' lang='grc' dir='ltr'><strong>βιϐλίου</strong></span> 
     </span>
    </p>
   </div>
   <div class='ocr_carea' id='block_1_17' title="bbox 234 548 1460 586">
    <p class='ocr_par' dir='ltr' id='par_1_17' title="bbox 234 548 1460 586">
     <span class='ocr_line' id='line_1_17' title="bbox 234 548 1460 586; baseline -0.001 -9"><span class='ocrx_word' id='word_1_98' title='bbox 234 552 447 586; x_wconf 68' lang='grc' dir='ltr'><strong>ἀφαιρούμενος,</strong></span> <span class='ocrx_word' id='word_1_99' title='bbox 472 550 618 577; x_wconf 81' lang='grc' dir='ltr'><strong>κάντεῦθεν</strong></span> <span class='ocrx_word' id='word_1_100' title='bbox 639 551 671 584; x_wconf 83' lang='grc' dir='ltr'><strong>τῇ</strong></span> <span class='ocrx_word' id='word_1_101' title='bbox 689 549 796 586; x_wconf 78' lang='grc' dir='ltr'><strong>μεγάλῃ</strong></span> <span class='ocrx_word' id='word_1_102' title='bbox 811 549 889 575; x_wconf 83' lang='grc' dir='ltr'><strong>τοῦτο</strong></span> <span class='ocrx_word' id='word_1_103' title='bbox 901 548 949 575; x_wconf 80' lang='grc' dir='ltr'><strong>τοῦ</strong></span> <span class='ocrx_word' id='word_1_104' title='bbox 968 548 1100 576; x_wconf 83' lang='grc' dir='ltr'><strong>παλατίου</strong></span> <span class='ocrx_word' id='word_1_105' title='bbox 1115 548 1274 576; x_wconf 85' lang='grc' dir='ltr'><strong>ἀποτίθεται</strong></span> <span class='ocrx_word' id='word_1_106' title='bbox 1292 548 1460 585; x_wconf 78' lang='grc' dir='ltr'><strong>βιϐλιοθήκῃ.</strong></span> 
     </span>
    </p>
   </div>
   <div class='ocr_carea' id='block_1_18' title="bbox 271 594 1024 624">
    <p class='ocr_par' dir='ltr' id='par_1_18' title="bbox 271 594 1024 624">
     <span class='ocr_line' id='line_1_18' title="bbox 271 594 1024 624; baseline -0.001 -1"><span class='ocrx_word' id='word_1_107' title='bbox 271 597 440 624; x_wconf 86' lang='lat' dir='ltr'><strong>Administer</strong></span> <span class='ocrx_word' id='word_1_108' title='bbox 452 600 479 623; x_wconf 90' lang='lat' dir='ltr'><strong>et</strong></span> <span class='ocrx_word' id='word_1_109' title='bbox 511 596 581 623; x_wconf 87' lang='lat' dir='ltr'><strong>lidus</strong></span> <span class='ocrx_word' id='word_1_110' title='bbox 602 596 638 622; x_wconf 88' lang='lat' dir='ltr'><strong>illi</strong></span> <span class='ocrx_word' id='word_1_111' title='bbox 655 596 682 622; x_wconf 93' lang='lat' dir='ltr'><strong>in</strong></span> <span class='ocrx_word' id='word_1_112' title='bbox 705 596 756 623; x_wconf 86' lang='lat' dir='ltr'><strong>hac</strong></span> <span class='ocrx_word' id='word_1_113' title='bbox 770 603 851 623; x_wconf 87' lang='lat' dir='ltr'><strong>scena</strong></span> <span class='ocrx_word' id='word_1_114' title='bbox 873 598 899 622; x_wconf 87' lang='lat' dir='ltr'><strong>et</strong></span> <span class='ocrx_word' id='word_1_115' title='bbox 931 594 1024 622; x_wconf 77' lang='lat' dir='ltr'><strong>fabula</strong></span> 
     </span>
    </p>
   </div>
   <div class='ocr_carea' id='block_1_19' title="bbox 235 641 1023 678">
    <p class='ocr_par' dir='ltr' id='par_1_19' title="bbox 235 641 1023 678">
     <span class='ocr_line' id='line_1_19' title="bbox 235 641 1023 678; baseline -0.006 -7"><span class='ocrx_word' id='word_1_116' title='bbox 235 643 415 678; x_wconf 80' lang='lat' dir='ltr'><strong>Theophanes</strong></span> <span class='ocrx_word' id='word_1_117' title='bbox 427 646 496 672; x_wconf 74' lang='lat' dir='ltr'><strong>erat.</strong></span> <span class='ocrx_word' id='word_1_118' title='bbox 518 642 655 675; x_wconf 80' lang='lat' dir='ltr'><strong>palatinas</strong></span> <span class='ocrx_word' id='word_1_119' title='bbox 664 649 694 668; x_wconf 84' lang='lat' dir='ltr'><strong>ea</strong></span> <span class='ocrx_word' id='word_1_120' title='bbox 713 646 873 676; x_wconf 81' lang='lat' dir='ltr'><strong>tempestate</strong></span> <span class='ocrx_word' id='word_1_121' title='bbox 893 641 1023 671; x_wconf 79' lang='lat' dir='ltr'><strong>clericus.</strong></span> 
     </span>
    </p>
   </div>
   <div class='ocr_carea' id='block_1_20' title="bbox 236 687 1024 724">
    <p class='ocr_par' dir='ltr' id='par_1_20' title="bbox 236 687 1024 724">
     <span class='ocr_line' id='line_1_20' title="bbox 236 687 1024 724; baseline -0.005 -7"><span class='ocrx_word' id='word_1_122' title='bbox 236 690 397 724; x_wconf 83' lang='lat' dir='ltr'><strong>habensque</strong></span> <span class='ocrx_word' id='word_1_123' title='bbox 430 689 500 724; x_wconf 86' lang='lat' dir='ltr'><strong>apud</strong></span> <span class='ocrx_word' id='word_1_124' title='bbox 520 688 713 723; x_wconf 80' lang='lat' dir='ltr'><strong>imperatorem</strong></span> <span class='ocrx_word' id='word_1_125' title='bbox 736 687 901 715; x_wconf 78' lang='lat' dir='ltr'><strong>eruditionis</strong></span> <span class='ocrx_word' id='word_1_126' title='bbox 915 687 1024 721; x_wconf 81' lang='lat' dir='ltr'><strong>opinio-</strong></span> 
     </span>
    </p>
   </div>
   <div class='ocr_carea' id='block_1_21' title="bbox 233 731 1025 768">
    <p class='ocr_par' dir='ltr' id='par_1_21' title="bbox 233 731 1025 768">
     <span class='ocr_line' id='line_1_21' title="bbox 233 731 1025 768; baseline -0.005 -6"><span class='ocrx_word' id='word_1_127' title='bbox 233 742 308 766; x_wconf 83' lang='lat' dir='ltr'><strong>nem,</strong></span> <span class='ocrx_word' id='word_1_128' title='bbox 327 742 359 761; x_wconf 89' lang='lat' dir='ltr'><strong>ac</strong></span> <span class='ocrx_word' id='word_1_129' title='bbox 387 738 480 768; x_wconf 89' lang='lat' dir='ltr'><strong>postea</strong></span> <span class='ocrx_word' id='word_1_130' title='bbox 496 733 523 759; x_wconf 94' lang='lat' dir='ltr'><strong>iu</strong></span> <span class='ocrx_word' id='word_1_131' title='bbox 549 733 681 767; x_wconf 71' lang='lat' dir='ltr'><strong>improbae</strong></span> <span class='ocrx_word' id='word_1_132' title='bbox 696 739 785 767; x_wconf 67' lang='lat' dir='ltr'><strong>operae</strong></span> <span class='ocrx_word' id='word_1_133' title='bbox 814 731 954 765; x_wconf 73' lang='lat' dir='ltr'><strong>praztnium</strong></span> <span class='ocrx_word' id='word_1_134' title='bbox 968 731 1025 766; x_wconf 87' lang='lat' dir='ltr'><strong>epi-</strong></span> 
     </span>
    </p>
   </div>
   <div class='ocr_carea' id='block_1_22' title="bbox 236 775 1023 814">
    <p class='ocr_par' dir='ltr' id='par_1_22' title="bbox 236 775 1023 814">
     <span class='ocr_line' id='line_1_22' title="bbox 236 775 1023 814; baseline -0.005 -8"><span class='ocrx_word' id='word_1_135' title='bbox 236 787 337 814; x_wconf 78' lang='lat' dir='ltr'><strong>scopus</strong></span> <span class='ocrx_word' id='word_1_136' title='bbox 353 778 485 806; x_wconf 68' lang='lat' dir='ltr'><strong>Caesareae</strong></span> <span class='ocrx_word' id='word_1_137' title='bbox 493 777 672 813; x_wconf 61' lang='lat' dir='ltr'><strong>Cappadociae</strong></span> <span class='ocrx_word' id='word_1_138' title='bbox 689 782 808 805; x_wconf 86' lang='lat' dir='ltr'><strong>creatus.</strong></span> <span class='ocrx_word' id='word_1_139' title='bbox 817 775 868 803; x_wconf 81' lang='lat' dir='ltr'><strong>llic</strong></span> <span class='ocrx_word' id='word_1_140' title='bbox 881 783 1023 803; x_wconf 82' lang='lat' dir='ltr'><strong>commen-</strong></span> 
     </span>
    </p>
   </div>
   <div class='ocr_carea' id='block_1_23' title="bbox 234 823 1024 854">
    <p class='ocr_par' dir='ltr' id='par_1_23' title="bbox 234 823 1024 854">
     <span class='ocr_line' id='line_1_23' title="bbox 234 823 1024 854; baseline -0.004 -2"><span class='ocrx_word' id='word_1_141' title='bbox 234 826 324 852; x_wconf 82' lang='lat' dir='ltr'><strong>titiulu</strong></span> <span class='ocrx_word' id='word_1_142' title='bbox 346 824 551 852; x_wconf 87' lang='lat' dir='ltr'><strong>hunclibellum</strong></span> <span class='ocrx_word' id='word_1_143' title='bbox 568 824 595 851; x_wconf 93' lang='lat' dir='ltr'><strong>in</strong></span> <span class='ocrx_word' id='word_1_144' title='bbox 611 823 787 854; x_wconf 78' lang='lat' dir='ltr'><strong>bibliotheca.</strong></span> <span class='ocrx_word' id='word_1_145' title='bbox 808 827 837 850; x_wconf 91' lang='lat' dir='ltr'><strong>ut</strong></span> <span class='ocrx_word' id='word_1_146' title='bbox 850 823 954 850; x_wconf 90' lang='lat' dir='ltr'><strong>dictum</strong></span> <span class='ocrx_word' id='word_1_147' title='bbox 970 827 1024 854; x_wconf 84' lang='lat' dir='ltr'><strong>est.</strong></span> 
     </span>
    </p>
   </div>
   <div class='ocr_carea' id='block_1_24' title="bbox 234 867 1024 906">
    <p class='ocr_par' dir='ltr' id='par_1_24' title="bbox 234 867 1024 906">
     <span class='ocr_line' id='line_1_24' title="bbox 234 867 1024 906; baseline -0.006 -8"><span class='ocrx_word' id='word_1_148' title='bbox 234 876 386 906; x_wconf 84' lang='lat' dir='ltr'><strong>repostum,</strong></span> <span class='ocrx_word' id='word_1_149' title='bbox 411 874 565 904; x_wconf 86' lang='lat' dir='ltr'><strong>opportuno</strong></span> <span class='ocrx_word' id='word_1_150' title='bbox 580 874 703 904; x_wconf 90' lang='lat' dir='ltr'><strong>tempore</strong></span> <span class='ocrx_word' id='word_1_151' title='bbox 721 868 853 901; x_wconf 78' lang='lat' dir='ltr'><strong>extrahit,</strong></span> <span class='ocrx_word' id='word_1_152' title='bbox 875 867 1024 901; x_wconf 83' lang='lat' dir='ltr'><strong>imperato-</strong></span> 
     </span>
    </p>
   </div>
   <div class='ocr_carea' id='block_1_25' title="bbox 1117 594 1863 631">
    <p class='ocr_par' dir='ltr' id='par_1_25' title="bbox 1117 594 1863 631">
     <span class='ocr_line' id='line_1_25' title="bbox 1117 594 1863 631; baseline 0.001 -10"><span class='ocrx_word' id='word_1_153' title='bbox 1117 595 1147 621; x_wconf 86' lang='grc' dir='ltr'><strong>Ὀ</strong></span> <span class='ocrx_word' id='word_1_154' title='bbox 1163 594 1234 621; x_wconf 88' lang='grc' dir='ltr'><strong>κατά</strong></span> <span class='ocrx_word' id='word_1_155' title='bbox 1245 595 1331 622; x_wconf 83' lang='grc' dir='ltr'><strong>ταῦτα</strong></span> <span class='ocrx_word' id='word_1_156' title='bbox 1342 595 1370 621; x_wconf 75' lang='grc' dir='ltr'><strong>δὲ</strong></span> <span class='ocrx_word' id='word_1_157' title='bbox 1385 595 1488 627; x_wconf 82' lang='grc' dir='ltr'><strong>πιστῶς</strong></span> <span class='ocrx_word' id='word_1_158' title='bbox 1504 595 1737 631; x_wconf 82' lang='grc' dir='ltr'><strong>ὐπηρετούμενος,</strong></span> <span class='ocrx_word' id='word_1_159' title='bbox 1752 596 1800 622; x_wconf 77' lang='grc' dir='ltr'><strong>καὶ</strong></span> <span class='ocrx_word' id='word_1_160' title='bbox 1812 596 1863 630; x_wconf 79' lang='grc' dir='ltr'><strong>τὴν</strong></span> 
     </span>
    </p>
   </div>
   <div class='ocr_carea' id='block_1_26' title="bbox 1075 640 1864 677">
    <p class='ocr_par' dir='ltr' id='par_1_26' title="bbox 1075 640 1864 677">
     <span class='ocr_line' id='line_1_26' title="bbox 1075 640 1864 677; baseline 0.001 -10"><span class='ocrx_word' id='word_1_161' title='bbox 1075 640 1185 675; x_wconf 80' lang='grc' dir='ltr'><strong>ἀπάτην</strong></span> <span class='ocrx_word' id='word_1_162' title='bbox 1209 641 1283 676; x_wconf 77' lang='grc' dir='ltr'><strong>αὐτῷ</strong></span> <span class='ocrx_word' id='word_1_163' title='bbox 1310 641 1356 667; x_wconf 84' lang='grc' dir='ltr'><strong>τοῦ</strong></span> <span class='ocrx_word' id='word_1_164' title='bbox 1383 641 1520 676; x_wconf 77' lang='grc' dir='ltr'><strong>δράματος</strong></span> <span class='ocrx_word' id='word_1_165' title='bbox 1541 641 1864 677; x_wconf 84' lang='grc' dir='ltr'><strong>συγκατασκευαζόμενος</strong></span> 
     </span>
    </p>
   </div>
   <div class='ocr_carea' id='block_1_27' title="bbox 1075 684 1863 723">
    <p class='ocr_par' dir='ltr' id='par_1_27' title="bbox 1075 684 1863 723">
     <span class='ocr_line' id='line_1_27' title="bbox 1075 684 1863 723; baseline 0.003 -11"><span class='ocrx_word' id='word_1_166' title='bbox 1075 686 1215 720; x_wconf 83' lang='grc' dir='ltr'><strong>Θεοφάνης</strong></span> <span class='ocrx_word' id='word_1_167' title='bbox 1232 687 1335 718; x_wconf 70' lang='grc' dir='ltr'><strong>ἐκεῖνος</strong></span> <span class='ocrx_word' id='word_1_168' title='bbox 1347 684 1391 722; x_wconf 83' lang='grc' dir='ltr'><strong>ἦν.</strong></span> <span class='ocrx_word' id='word_1_169' title='bbox 1407 686 1537 722; x_wconf 81' lang='grc' dir='ltr'><strong>κληρικὺς</strong></span> <span class='ocrx_word' id='word_1_170' title='bbox 1563 687 1613 723; x_wconf 80' lang='grc' dir='ltr'><strong>μὲν</strong></span> <span class='ocrx_word' id='word_1_171' title='bbox 1627 687 1687 714; x_wconf 84' lang='grc' dir='ltr'><strong>τότε</strong></span> <span class='ocrx_word' id='word_1_172' title='bbox 1712 687 1863 722; x_wconf 64' lang='grc' dir='ltr'><strong>βασιλικὸς,</strong></span> 
     </span>
    </p>
   </div>
   <div class='ocr_carea' id='block_1_28' title="bbox 1075 730 1858 767">
    <p class='ocr_par' dir='ltr' id='par_1_28' title="bbox 1075 730 1858 767">
     <span class='ocr_line' id='line_1_28' title="bbox 1075 730 1858 767; baseline 0.001 -10"><span class='ocrx_word' id='word_1_173' title='bbox 1075 731 1123 758; x_wconf 81' lang='grc' dir='ltr'><strong>καὶ</strong></span> <span class='ocrx_word' id='word_1_174' title='bbox 1137 730 1215 763; x_wconf 77' lang='grc' dir='ltr'>δόξαν</span> <span class='ocrx_word' id='word_1_175' title='bbox 1231 730 1327 765; x_wconf 81' lang='grc' dir='ltr'><strong>σοφίας</strong></span> <span class='ocrx_word' id='word_1_176' title='bbox 1343 731 1442 763; x_wconf 86' lang='grc' dir='ltr'><strong>ικανῶς</strong></span> <span class='ocrx_word' id='word_1_177' title='bbox 1466 731 1537 765; x_wconf 79' lang='grc' dir='ltr'><strong>ἔχειν</strong></span> <span class='ocrx_word' id='word_1_178' title='bbox 1553 731 1628 767; x_wconf 86' lang='grc' dir='ltr'><strong>παρά</strong></span> <span class='ocrx_word' id='word_1_179' title='bbox 1642 731 1681 766; x_wconf 86' lang='grc' dir='ltr'><strong>τῷ</strong></span> <span class='ocrx_word' id='word_1_180' title='bbox 1696 731 1802 765; x_wconf 85' lang='grc' dir='ltr'><strong>βασιλεῖ</strong></span> <span class='ocrx_word' id='word_1_181' title='bbox 1818 740 1858 758; x_wconf 89' lang='grc' dir='ltr'><strong>νο-</strong></span> 
     </span>
    </p>
   </div>
   <div class='ocr_carea' id='block_1_29' title="bbox 1079 776 1865 814">
    <p class='ocr_par' dir='ltr' id='par_1_29' title="bbox 1079 776 1865 814">
     <span class='ocr_line' id='line_1_29' title="bbox 1079 776 1865 814; baseline 0.001 -11"><span class='ocrx_word' id='word_1_182' title='bbox 1079 777 1242 812; x_wconf 81' lang='grc' dir='ltr'><strong>μιζόμενος,</strong></span> <span class='ocrx_word' id='word_1_183' title='bbox 1271 776 1385 813; x_wconf 75' lang='grc' dir='ltr'><strong>ὕστερον</strong></span> <span class='ocrx_word' id='word_1_184' title='bbox 1409 777 1437 804; x_wconf 76' lang='grc' dir='ltr'><strong>δὲ</strong></span> <span class='ocrx_word' id='word_1_185' title='bbox 1462 778 1629 814; x_wconf 74' lang='grc' dir='ltr'><strong>Καισαρείας</strong></span> <span class='ocrx_word' id='word_1_186' title='bbox 1665 777 1865 809; x_wconf 80' lang='grc' dir='ltr'>Καππαδοκίας</span> 
     </span>
    </p>
   </div>
   <div class='ocr_carea' id='block_1_30' title="bbox 1079 821 1865 860">
    <p class='ocr_par' dir='ltr' id='par_1_30' title="bbox 1079 821 1865 860">
     <span class='ocr_line' id='line_1_30' title="bbox 1079 821 1865 860; baseline 0.001 -11"><span class='ocrx_word' id='word_1_187' title='bbox 1079 823 1228 854; x_wconf 70' lang='grc' dir='ltr'><strong>ἐπίσκοπος</strong></span> <span class='ocrx_word' id='word_1_188' title='bbox 1251 823 1388 857; x_wconf 84' lang='grc' dir='ltr'><strong>γεγονὼς,</strong></span> <span class='ocrx_word' id='word_1_189' title='bbox 1416 821 1498 850; x_wconf 84' lang='grc' dir='ltr'><strong>ἆθλον</strong></span> <span class='ocrx_word' id='word_1_190' title='bbox 1522 824 1623 860; x_wconf 81' lang='grc' dir='ltr'><strong>δηλαδὴ</strong></span> <span class='ocrx_word' id='word_1_191' title='bbox 1648 824 1727 850; x_wconf 79' lang='grc' dir='ltr'><strong>τοῦτο</strong></span> <span class='ocrx_word' id='word_1_192' title='bbox 1749 824 1799 859; x_wconf 84' lang='grc' dir='ltr'><strong>τῆς</strong></span> <span class='ocrx_word' id='word_1_193' title='bbox 1813 832 1865 850; x_wconf 85' lang='grc' dir='ltr'><strong>κα-</strong></span> 
     </span>
    </p>
   </div>
   <div class='ocr_carea' id='block_1_31' title="bbox 1079 869 1866 905">
    <p class='ocr_par' dir='ltr' id='par_1_31' title="bbox 1079 869 1866 905">
     <span class='ocr_line' id='line_1_31' title="bbox 1079 869 1866 905; baseline -0.001 -9"><span class='ocrx_word' id='word_1_194' title='bbox 1079 869 1221 904; x_wconf 79' lang='grc' dir='ltr'><strong>κοτεχνίας</strong></span> <span class='ocrx_word' id='word_1_195' title='bbox 1249 869 1353 903; x_wconf 80' lang='grc' dir='ltr'><strong>ταύτης</strong></span> <span class='ocrx_word' id='word_1_196' title='bbox 1376 869 1478 897; x_wconf 86' lang='grc' dir='ltr'><strong>λαϐών.</strong></span> <span class='ocrx_word' id='word_1_197' title='bbox 1497 870 1593 896; x_wconf 87' lang='grc' dir='ltr'><strong>Λαϐὼν</strong></span> <span class='ocrx_word' id='word_1_198' title='bbox 1620 869 1718 905; x_wconf 78' lang='grc' dir='ltr'><strong>γὰρτὸ</strong></span> <span class='ocrx_word' id='word_1_199' title='bbox 1740 869 1866 904; x_wconf 80' lang='grc' dir='ltr'><strong>πλασμα-</strong></span> 
     </span>
    </p>
   </div>
   <div class='ocr_carea' id='block_1_32' title="bbox 235 909 1023 952">
    <p class='ocr_par' dir='ltr' id='par_1_32' title="bbox 235 913 1023 952">
     <span class='ocr_line' id='line_1_32' title="bbox 235 913 1023 952; baseline -0.006 -8"><span class='ocrx_word' id='word_1_200' title='bbox 235 918 312 952; x_wconf 87' lang='lat' dir='ltr'><strong>rique</strong></span> <span class='ocrx_word' id='word_1_201' title='bbox 323 917 432 948; x_wconf 88' lang='lat' dir='ltr'><strong>librum,</strong></span> <span class='ocrx_word' id='word_1_202' title='bbox 448 916 519 943; x_wconf 88' lang='lat' dir='ltr'><strong>velut</strong></span> <span class='ocrx_word' id='word_1_203' title='bbox 535 915 642 943; x_wconf 69' lang='lat' dir='ltr'><strong>caeteris</strong></span> <span class='ocrx_word' id='word_1_204' title='bbox 654 915 783 943; x_wconf 80' lang='lat' dir='ltr'><strong>omnibus</strong></span> <span class='ocrx_word' id='word_1_205' title='bbox 796 913 1023 942; x_wconf 82' lang='lat' dir='ltr'><strong>admirabiliorem</strong></span> 
     </span>
    </p>
   </div>
   <div class='ocr_carea' id='block_1_33' title="bbox 1075 909 1867 952">
    <p class='ocr_par' dir='ltr' id='par_1_33' title="bbox 1078 913 1867 950">
     <span class='ocr_line' id='line_1_33' title="bbox 1078 913 1867 950; baseline -0.003 -8"><span class='ocrx_word' id='word_1_206' title='bbox 1078 915 1161 946; x_wconf 83' lang='grc' dir='ltr'><strong>τῶδες</strong></span> <span class='ocrx_word' id='word_1_207' title='bbox 1188 916 1276 941; x_wconf 77' lang='grc' dir='ltr'><strong>ὲκεῖνο</strong></span> <span class='ocrx_word' id='word_1_208' title='bbox 1302 915 1424 950; x_wconf 88' lang='grc' dir='ltr'><strong>βιϐλίον,</strong></span> <span class='ocrx_word' id='word_1_209' title='bbox 1444 915 1493 942; x_wconf 80' lang='grc' dir='ltr'><strong>καὶ</strong></span> <span class='ocrx_word' id='word_1_210' title='bbox 1515 916 1547 950; x_wconf 81' lang='grc' dir='ltr'><strong>τῇ</strong></span> <span class='ocrx_word' id='word_1_211' title='bbox 1571 915 1747 950; x_wconf 76' lang='grc' dir='ltr'><strong>βιϐλιοθήκῃ,</strong></span> <span class='ocrx_word' id='word_1_212' title='bbox 1774 913 1867 946; x_wconf 83' lang='grc' dir='ltr'><strong>καθὼς</strong></span> 
     </span>
    </p>
   </div>
   <div class='ocr_carea' id='block_1_34' title="bbox 233 956 1029 994">
    <p class='ocr_par' dir='ltr' id='par_1_34' title="bbox 233 956 1029 994">
     <span class='ocr_line' id='line_1_34' title="bbox 233 956 1029 994; baseline -0.005 -6"><span class='ocrx_word' id='word_1_213' title='bbox 233 967 260 988; x_wconf 83' lang='lat' dir='ltr'><strong>et</strong></span> <span class='ocrx_word' id='word_1_214' title='bbox 275 962 381 989; x_wconf 89' lang='lat' dir='ltr'><strong>arcanis</strong></span> <span class='ocrx_word' id='word_1_215' title='bbox 398 961 578 993; x_wconf 80' lang='lat' dir='ltr'><strong>relertiorem,</strong></span> <span class='ocrx_word' id='word_1_216' title='bbox 593 961 704 988; x_wconf 81' lang='lat' dir='ltr'><strong>exhibet</strong></span> <span class='ocrx_word' id='word_1_217' title='bbox 724 956 740 988; x_wconf 71' lang='grc' dir='ltr'><strong>ι’</strong></span> <span class='ocrx_word' id='word_1_218' title='bbox 756 959 921 994; x_wconf 78' lang='lat' dir='ltr'><strong>simulatque</strong></span> <span class='ocrx_word' id='word_1_219' title='bbox 941 964 1029 993; x_wconf 88' lang='lat' dir='ltr'><strong>neque</strong></span> 
     </span>
    </p>
   </div>
   <div class='ocr_carea' id='block_1_35' title="bbox 234 1005 1029 1043">
    <p class='ocr_par' dir='ltr' id='par_1_35' title="bbox 234 1005 1029 1043">
     <span class='ocr_line' id='line_1_35' title="bbox 234 1005 1029 1043; baseline -0.005 -8"><span class='ocrx_word' id='word_1_220' title='bbox 234 1016 274 1041; x_wconf 78' lang='lat' dir='ltr'><strong>se.</strong></span> <span class='ocrx_word' id='word_1_221' title='bbox 289 1016 377 1043; x_wconf 81' lang='lat' dir='ltr'><strong>neque</strong></span> <span class='ocrx_word' id='word_1_222' title='bbox 390 1008 545 1035; x_wconf 86' lang='lat' dir='ltr'><strong>mortalium</strong></span> <span class='ocrx_word' id='word_1_223' title='bbox 557 1015 722 1043; x_wconf 90' lang='lat' dir='ltr'><strong>quemquam</strong></span> <span class='ocrx_word' id='word_1_224' title='bbox 738 1007 797 1041; x_wconf 77' lang='lat' dir='ltr'><strong>ejus</strong></span> <span class='ocrx_word' id='word_1_225' title='bbox 809 1005 947 1042; x_wconf 82' lang='lat' dir='ltr'><strong>mysteria,</strong></span> <span class='ocrx_word' id='word_1_226' title='bbox 960 1012 1029 1040; x_wconf 66' lang='lat' dir='ltr'><strong>prae-</strong></span> 
     </span>
    </p>
   </div>
   <div class='ocr_carea' id='block_1_36' title="bbox 233 1049 1028 1089">
    <p class='ocr_par' dir='ltr' id='par_1_36' title="bbox 233 1049 1028 1089">
     <span class='ocr_line' id='line_1_36' title="bbox 233 1049 1028 1089; baseline -0.006 -8"><span class='ocrx_word' id='word_1_227' title='bbox 233 1059 276 1082; x_wconf 87' lang='lat' dir='ltr'><strong>ter</strong></span> <span class='ocrx_word' id='word_1_228' title='bbox 287 1062 369 1081; x_wconf 91' lang='lat' dir='ltr'><strong>unum</strong></span> <span class='ocrx_word' id='word_1_229' title='bbox 385 1053 524 1086; x_wconf 87' lang='lat' dir='ltr'><strong>Photinm,</strong></span> <span class='ocrx_word' id='word_1_230' title='bbox 534 1054 643 1088; x_wconf 82' lang='lat' dir='ltr'><strong>assequi</strong></span> <span class='ocrx_word' id='word_1_231' title='bbox 655 1055 743 1089; x_wconf 77' lang='lat' dir='ltr'><strong>posse.</strong></span> <span class='ocrx_word' id='word_1_232' title='bbox 753 1052 824 1088; x_wconf 77' lang='lat' dir='ltr'><strong>Ergo</strong></span> <span class='ocrx_word' id='word_1_233' title='bbox 845 1051 981 1086; x_wconf 75' lang='lat' dir='ltr'><strong>extemplo</strong></span> <span class='ocrx_word' id='word_1_234' title='bbox 994 1049 1028 1077; x_wconf 89' lang='lat' dir='ltr'><strong>ad</strong></span> 
     </span>
    </p>
   </div>
   <div class='ocr_carea' id='block_1_37' title="bbox 235 1097 1026 1131">
    <p class='ocr_par' dir='ltr' id='par_1_37' title="bbox 235 1097 1026 1131">
     <span class='ocr_line' id='line_1_37' title="bbox 235 1097 1026 1131; baseline -0.008 -5"><span class='ocrx_word' id='word_1_235' title='bbox 235 1099 362 1126; x_wconf 84' lang='lat' dir='ltr'><strong>Photium</strong></span> <span class='ocrx_word' id='word_1_236' title='bbox 375 1098 502 1125; x_wconf 90' lang='lat' dir='ltr'><strong>mittitur.</strong></span> <span class='ocrx_word' id='word_1_237' title='bbox 513 1097 642 1125; x_wconf 63' lang='lat' dir='ltr'><strong>Praztexit</strong></span> <span class='ocrx_word' id='word_1_238' title='bbox 655 1097 710 1130; x_wconf 89' lang='lat' dir='ltr'><strong>ille,</strong></span> <span class='ocrx_word' id='word_1_239' title='bbox 723 1097 789 1124; x_wconf 90' lang='lat' dir='ltr'><strong>nulli</strong></span> <span class='ocrx_word' id='word_1_240' title='bbox 801 1103 880 1131; x_wconf 83' lang='lat' dir='ltr'><strong>posse</strong></span> <span class='ocrx_word' id='word_1_241' title='bbox 895 1102 1026 1123; x_wconf 88' lang='lat' dir='ltr'><strong>arcanum</strong></span> 
     </span>
    </p>
   </div>
   <div class='ocr_carea' id='block_1_38' title="bbox 236 1139 1027 1176">
    <p class='ocr_par' dir='ltr' id='par_1_38' title="bbox 236 1139 1027 1176">
     <span class='ocr_line' id='line_1_38' title="bbox 236 1139 1027 1176; baseline -0.005 -6"><span class='ocrx_word' id='word_1_242' title='bbox 236 1143 312 1174; x_wconf 87' lang='lat' dir='ltr'><strong>illud,</strong></span> <span class='ocrx_word' id='word_1_243' title='bbox 338 1142 390 1170; x_wconf 85' lang='lat' dir='ltr'><strong>nisi</strong></span> <span class='ocrx_word' id='word_1_244' title='bbox 407 1142 456 1170; x_wconf 90' lang='lat' dir='ltr'><strong>soli</strong></span> <span class='ocrx_word' id='word_1_245' title='bbox 473 1141 633 1176; x_wconf 88' lang='lat' dir='ltr'><strong>imperatori</strong></span> <span class='ocrx_word' id='word_1_246' title='bbox 653 1141 799 1173; x_wconf 80' lang='lat' dir='ltr'><strong>committi.</strong></span> <span class='ocrx_word' id='word_1_247' title='bbox 827 1140 862 1168; x_wconf 89' lang='lat' dir='ltr'><strong>de</strong></span> <span class='ocrx_word' id='word_1_248' title='bbox 878 1147 933 1175; x_wconf 93' lang='lat' dir='ltr'><strong>quo</strong></span> <span class='ocrx_word' id='word_1_249' title='bbox 960 1139 1027 1167; x_wconf 89' lang='lat' dir='ltr'><strong>illud</strong></span> 
     </span>
    </p>
   </div>
   <div class='ocr_carea' id='block_1_39' title="bbox 235 1185 1026 1223">
    <p class='ocr_par' dir='ltr' id='par_1_39' title="bbox 235 1185 1026 1223">
     <span class='ocr_line' id='line_1_39' title="bbox 235 1185 1026 1223; baseline -0.005 -8"><span class='ocrx_word' id='word_1_250' title='bbox 235 1189 326 1223; x_wconf 88' lang='lat' dir='ltr'><strong>ipsum</strong></span> <span class='ocrx_word' id='word_1_251' title='bbox 339 1188 523 1222; x_wconf 85' lang='lat' dir='ltr'><strong>perscriptum</strong></span> <span class='ocrx_word' id='word_1_252' title='bbox 537 1191 621 1214; x_wconf 89' lang='lat' dir='ltr'><strong>esset.</strong></span> <span class='ocrx_word' id='word_1_253' title='bbox 639 1186 709 1219; x_wconf 84' lang='lat' dir='ltr'><strong>Quid</strong></span> <span class='ocrx_word' id='word_1_254' title='bbox 724 1186 824 1222; x_wconf 70' lang='lat' dir='ltr'><strong>igitur?</strong></span> <span class='ocrx_word' id='word_1_255' title='bbox 844 1185 949 1220; x_wconf 82' lang='lat' dir='ltr'><strong>capitur</strong></span> <span class='ocrx_word' id='word_1_256' title='bbox 972 1185 1026 1212; x_wconf 92' lang='lat' dir='ltr'><strong>im-</strong></span> 
     </span>
    </p>
   </div>
   <div class='ocr_carea' id='block_1_40' title="bbox 236 1231 1026 1268">
    <p class='ocr_par' dir='ltr' id='par_1_40' title="bbox 236 1231 1026 1268">
     <span class='ocr_line' id='line_1_40' title="bbox 236 1231 1026 1268; baseline -0.004 -7"><span class='ocrx_word' id='word_1_257' title='bbox 236 1234 371 1268; x_wconf 80' lang='lat' dir='ltr'><strong>peratoris</strong></span> <span class='ocrx_word' id='word_1_258' title='bbox 407 1234 531 1261; x_wconf 88' lang='lat' dir='ltr'><strong>salicilas</strong></span> <span class='ocrx_word' id='word_1_259' title='bbox 549 1233 602 1260; x_wconf 83' lang='lat' dir='ltr'><strong>hac</strong></span> <span class='ocrx_word' id='word_1_260' title='bbox 624 1232 726 1265; x_wconf 80' lang='lat' dir='ltr'><strong>fabula,</strong></span> <span class='ocrx_word' id='word_1_261' title='bbox 743 1237 770 1260; x_wconf 88' lang='lat' dir='ltr'><strong>et</strong></span> <span class='ocrx_word' id='word_1_262' title='bbox 792 1239 854 1259; x_wconf 88' lang='lat' dir='ltr'><strong>cum</strong></span> <span class='ocrx_word' id='word_1_263' title='bbox 882 1231 981 1258; x_wconf 86' lang='lat' dir='ltr'><strong>Photio</strong></span> <span class='ocrx_word' id='word_1_264' title='bbox 998 1231 1026 1258; x_wconf 93' lang='lat' dir='ltr'><strong>in</strong></span> 
     </span>
    </p>
   </div>
   <div class='ocr_carea' id='block_1_41' title="bbox 235 1277 1026 1316">
    <p class='ocr_par' dir='ltr' id='par_1_41' title="bbox 235 1277 1026 1316">
     <span class='ocr_line' id='line_1_41' title="bbox 235 1277 1026 1316; baseline -0.005 -9"><span class='ocrx_word' id='word_1_265' title='bbox 235 1280 352 1316; x_wconf 63' lang='lat' dir='ltr'><strong>gratiam</strong></span> <span class='ocrx_word' id='word_1_266' title='bbox 371 1279 452 1307; x_wconf 84' lang='lat' dir='ltr'><strong>redit.</strong></span> <span class='ocrx_word' id='word_1_267' title='bbox 470 1278 564 1307; x_wconf 81' lang='lat' dir='ltr'><strong>Solent</strong></span> <span class='ocrx_word' id='word_1_268' title='bbox 581 1279 654 1306; x_wconf 85' lang='lat' dir='ltr'><strong>enim</strong></span> <span class='ocrx_word' id='word_1_269' title='bbox 671 1278 777 1311; x_wconf 68' lang='lat' dir='ltr'><strong>faustae,</strong></span> <span class='ocrx_word' id='word_1_270' title='bbox 793 1278 919 1313; x_wconf 76' lang='lat' dir='ltr'><strong>quamvis</strong></span> <span class='ocrx_word' id='word_1_271' title='bbox 934 1277 1026 1304; x_wconf 83' lang='lat' dir='ltr'><strong>vanis-</strong></span> 
     </span>
    </p>
   </div>
   <div class='ocr_carea' id='block_1_42' title="bbox 235 1324 1027 1361">
    <p class='ocr_par' dir='ltr' id='par_1_42' title="bbox 235 1324 1027 1361">
     <span class='ocr_line' id='line_1_42' title="bbox 235 1324 1027 1361; baseline -0.006 -7"><span class='ocrx_word' id='word_1_272' title='bbox 235 1327 310 1354; x_wconf 79' lang='lat' dir='ltr'><strong>sima:</strong></span> <span class='ocrx_word' id='word_1_273' title='bbox 342 1326 549 1361; x_wconf 74' lang='lat' dir='ltr'><strong>przedicationcs</strong></span> <span class='ocrx_word' id='word_1_274' title='bbox 567 1325 704 1353; x_wconf 80' lang='lat' dir='ltr'><strong>excelsam</strong></span> <span class='ocrx_word' id='word_1_275' title='bbox 728 1329 756 1353; x_wconf 88' lang='lat' dir='ltr'><strong>et</strong></span> <span class='ocrx_word' id='word_1_276' title='bbox 778 1324 870 1360; x_wconf 70' lang='lat' dir='ltr'><strong>gloriae</strong></span> <span class='ocrx_word' id='word_1_277' title='bbox 896 1327 1027 1359; x_wconf 63' lang='lat' dir='ltr'><strong>appeten»</strong></span> 
     </span>
    </p>
   </div>
   <div class='ocr_carea' id='block_1_43' title="bbox 234 1368 1024 1405">
    <p class='ocr_par' dir='ltr' id='par_1_43' title="bbox 234 1368 1024 1405">
     <span class='ocr_line' id='line_1_43' title="bbox 234 1368 1024 1405; baseline -0.004 -6"><span class='ocrx_word' id='word_1_278' title='bbox 234 1373 332 1400; x_wconf 88' lang='lat' dir='ltr'><strong>tiorem</strong></span> <span class='ocrx_word' id='word_1_279' title='bbox 351 1371 467 1398; x_wconf 91' lang='lat' dir='ltr'><strong>indolem</strong></span> <span class='ocrx_word' id='word_1_280' title='bbox 483 1371 594 1399; x_wconf 87' lang='lat' dir='ltr'><strong>eludere</strong></span> <span class='ocrx_word' id='word_1_281' title='bbox 607 1376 633 1399; x_wconf 87' lang='lat' dir='ltr'><strong>et</strong></span> <span class='ocrx_word' id='word_1_282' title='bbox 646 1378 778 1398; x_wconf 84' lang='lat' dir='ltr'><strong>enervare</strong></span> <span class='ocrx_word' id='word_1_283' title='bbox 791 1390 799 1403; x_wconf 91' lang='lat'><strong>,</strong></span> <span class='ocrx_word' id='word_1_284' title='bbox 817 1370 979 1405; x_wconf 86' lang='lat' dir='ltr'><strong>penitusque</strong></span> <span class='ocrx_word' id='word_1_285' title='bbox 997 1368 1024 1396; x_wconf 88' lang='lat' dir='ltr'><strong>in</strong></span> 
     </span>
    </p>
   </div>
   <div class='ocr_carea' id='block_1_44' title="bbox 234 1415 1025 1452">
    <p class='ocr_par' dir='ltr' id='par_1_44' title="bbox 234 1415 1025 1452">
     <span class='ocr_line' id='line_1_44' title="bbox 234 1415 1025 1452; baseline -0.004 -7"><span class='ocrx_word' id='word_1_286' title='bbox 234 1425 314 1446; x_wconf 86' lang='lat' dir='ltr'><strong>suam</strong></span> <span class='ocrx_word' id='word_1_287' title='bbox 331 1422 494 1452; x_wconf 88' lang='lat' dir='ltr'><strong>potestatem</strong></span> <span class='ocrx_word' id='word_1_288' title='bbox 520 1417 654 1452; x_wconf 75' lang='lat' dir='ltr'><strong>redigere.</strong></span> <span class='ocrx_word' id='word_1_289' title='bbox 682 1416 745 1444; x_wconf 66' lang='lat' dir='ltr'><strong>Haec</strong></span> <span class='ocrx_word' id='word_1_290' title='bbox 760 1416 830 1444; x_wconf 88' lang='lat' dir='ltr'><strong>inter</strong></span> <span class='ocrx_word' id='word_1_291' title='bbox 848 1415 979 1443; x_wconf 84' lang='lat' dir='ltr'><strong>Basilium</strong></span> <span class='ocrx_word' id='word_1_292' title='bbox 997 1419 1025 1442; x_wconf 90' lang='lat' dir='ltr'><strong>et</strong></span> 
     </span>
    </p>
   </div>
   <div class='ocr_carea' id='block_1_45' title="bbox 234 1462 1024 1498">
    <p class='ocr_par' dir='ltr' id='par_1_45' title="bbox 234 1462 1024 1498">
     <span class='ocr_line' id='line_1_45' title="bbox 234 1462 1024 1498; baseline -0.005 -7"><span class='ocrx_word' id='word_1_293' title='bbox 234 1463 362 1491; x_wconf 89' lang='lat' dir='ltr'><strong>Photium</strong></span> <span class='ocrx_word' id='word_1_294' title='bbox 377 1464 454 1498; x_wconf 73' lang='lat' dir='ltr'><strong>origo</strong></span> <span class='ocrx_word' id='word_1_295' title='bbox 475 1463 676 1491; x_wconf 77' lang='lat' dir='ltr'><strong>familiaritatis.</strong></span> <span class='ocrx_word' id='word_1_296' title='bbox 704 1463 775 1490; x_wconf 82' lang='lat' dir='ltr'><strong>Hinc</strong></span> <span class='ocrx_word' id='word_1_297' title='bbox 803 1462 930 1490; x_wconf 73' lang='lat' dir='ltr'><strong>Ecclesia:</strong></span> <span class='ocrx_word' id='word_1_298' title='bbox 948 1467 1024 1489; x_wconf 87' lang='lat' dir='ltr'><strong>tran-</strong></span> 
     </span>
    </p>
   </div>
   <div class='ocr_carea' id='block_1_46' title="bbox 235 1508 1024 1543">
    <p class='ocr_par' dir='ltr' id='par_1_46' title="bbox 235 1508 1024 1543">
     <span class='ocr_line' id='line_1_46' title="bbox 235 1508 1024 1543; baseline -0.001 -8"><span class='ocrx_word' id='word_1_299' title='bbox 235 1511 337 1543; x_wconf 87' lang='lat' dir='ltr'><strong>quillus</strong></span> <span class='ocrx_word' id='word_1_300' title='bbox 350 1514 438 1537; x_wconf 79' lang='lat' dir='ltr'><strong>status</strong></span> <span class='ocrx_word' id='word_1_301' title='bbox 456 1509 580 1537; x_wconf 80' lang='lat' dir='ltr'><strong>funditus</strong></span> <span class='ocrx_word' id='word_1_302' title='bbox 608 1517 732 1538; x_wconf 80' lang='lat' dir='ltr'><strong>eversus.</strong></span> <span class='ocrx_word' id='word_1_303' title='bbox 751 1508 814 1536; x_wconf 69' lang='lat' dir='ltr'><strong>Haec</strong></span> <span class='ocrx_word' id='word_1_304' title='bbox 828 1508 922 1543; x_wconf 71' lang='lat' dir='ltr'><strong>primae</strong></span> <span class='ocrx_word' id='word_1_305' title='bbox 937 1508 1024 1535; x_wconf 69' lang='lat' dir='ltr'><strong>turbae</strong></span> 
     </span>
    </p>
   </div>
   <div class='ocr_carea' id='block_1_47' title="bbox 236 1554 1023 1591">
    <p class='ocr_par' dir='ltr' id='par_1_47' title="bbox 236 1554 1023 1591">
     <span class='ocr_line' id='line_1_47' title="bbox 236 1554 1023 1591; baseline -0.003 -8"><span class='ocrx_word' id='word_1_306' title='bbox 236 1564 260 1583; x_wconf 79' lang='lat' dir='ltr'><strong>el</strong></span> <span class='ocrx_word' id='word_1_307' title='bbox 271 1557 453 1584; x_wconf 84' lang='lat' dir='ltr'><strong>dissensionis</strong></span> <span class='ocrx_word' id='word_1_308' title='bbox 465 1557 664 1591; x_wconf 79' lang='lat' dir='ltr'><strong>rediutegratio.</strong></span> <span class='ocrx_word' id='word_1_309' title='bbox 675 1556 744 1584; x_wconf 85' lang='lat' dir='ltr'><strong>Hinc</strong></span> <span class='ocrx_word' id='word_1_310' title='bbox 753 1555 878 1584; x_wconf 84' lang='lat' dir='ltr'><strong>assiduus</strong></span> <span class='ocrx_word' id='word_1_311' title='bbox 886 1556 913 1582; x_wconf 91' lang='lat' dir='ltr'><strong>in</strong></span> <span class='ocrx_word' id='word_1_312' title='bbox 923 1554 1023 1589; x_wconf 87' lang='lat' dir='ltr'><strong>palatio</strong></span> 
     </span>
    </p>
   </div>
   <div class='ocr_carea' id='block_1_48' title="bbox 235 1601 1022 1637">
    <p class='ocr_par' dir='ltr' id='par_1_48' title="bbox 235 1601 1022 1637">
     <span class='ocr_line' id='line_1_48' title="bbox 235 1601 1022 1637; baseline -0.001 -9"><span class='ocrx_word' id='word_1_313' title='bbox 235 1602 352 1630; x_wconf 83' lang='lat' dir='ltr'><strong>Photius</strong></span> <span class='ocrx_word' id='word_1_314' title='bbox 367 1602 584 1630; x_wconf 80' lang='lat' dir='ltr'><strong>benevolentiam</strong></span> <span class='ocrx_word' id='word_1_315' title='bbox 596 1602 773 1637; x_wconf 84' lang='lat' dir='ltr'><strong>imperatoris</strong></span> <span class='ocrx_word' id='word_1_316' title='bbox 782 1601 792 1610; x_wconf 85' lang='lat'><strong><em>°</em></strong></span> <span class='ocrx_word' id='word_1_317' title='bbox 803 1601 896 1628; x_wconf 79' lang='lat' dir='ltr'><strong>furtim</strong></span> <span class='ocrx_word' id='word_1_318' title='bbox 908 1601 1022 1636; x_wconf 76' lang='lat' dir='ltr'><strong>collige-</strong></span> 
     </span>
    </p>
   </div>
   <div class='ocr_carea' id='block_1_49' title="bbox 237 1646 1024 1683">
    <p class='ocr_par' dir='ltr' id='par_1_49' title="bbox 237 1646 1024 1683">
     <span class='ocr_line' id='line_1_49' title="bbox 237 1646 1024 1683; baseline 0 -9"><span class='ocrx_word' id='word_1_319' title='bbox 237 1650 293 1680; x_wconf 80' lang='lat' dir='ltr'><strong>bat,</strong></span> <span class='ocrx_word' id='word_1_320' title='bbox 310 1653 337 1676; x_wconf 87' lang='lat' dir='ltr'><strong>et</strong></span> <span class='ocrx_word' id='word_1_321' title='bbox 356 1648 467 1676; x_wconf 90' lang='lat' dir='ltr'><strong>demum</strong></span> <span class='ocrx_word' id='word_1_322' title='bbox 487 1649 546 1676; x_wconf 87' lang='lat' dir='ltr'><strong>suis</strong></span> <span class='ocrx_word' id='word_1_323' title='bbox 561 1648 709 1683; x_wconf 71' lang='lat' dir='ltr'><strong>praestigiis</strong></span> <span class='ocrx_word' id='word_1_324' title='bbox 723 1653 750 1675; x_wconf 89' lang='lat' dir='ltr'><strong>et</strong></span> <span class='ocrx_word' id='word_1_325' title='bbox 763 1655 871 1674; x_wconf 82' lang='lat' dir='ltr'><strong>morum</strong></span> <span class='ocrx_word' id='word_1_326' title='bbox 887 1646 1024 1674; x_wconf 87' lang='lat' dir='ltr'><strong>illecebris</strong></span> 
     </span>
    </p>
   </div>
   <div class='ocr_carea' id='block_1_50' title="bbox 237 1692 1024 1721">
    <p class='ocr_par' dir='ltr' id='par_1_50' title="bbox 237 1692 1024 1721">
     <span class='ocr_line' id='line_1_50' title="bbox 237 1692 1024 1721; baseline -0.003 -1"><span class='ocrx_word' id='word_1_327' title='bbox 237 1699 324 1721; x_wconf 89' lang='lat' dir='ltr'><strong>totum</strong></span> <span class='ocrx_word' id='word_1_328' title='bbox 346 1694 397 1721; x_wconf 82' lang='lat' dir='ltr'><strong>sibi</strong></span> <span class='ocrx_word' id='word_1_329' title='bbox 427 1695 514 1721; x_wconf 86' lang='lat' dir='ltr'><strong>virum</strong></span> <span class='ocrx_word' id='word_1_330' title='bbox 540 1693 699 1721; x_wconf 86' lang='lat' dir='ltr'><strong>vindicavit.</strong></span> <span class='ocrx_word' id='word_1_331' title='bbox 724 1692 836 1720; x_wconf 81' lang='lat' dir='ltr'><strong>Exstitit</strong></span> <span class='ocrx_word' id='word_1_332' title='bbox 850 1700 912 1719; x_wconf 77' lang='lat' dir='ltr'><strong>mox</strong></span> <span class='ocrx_word' id='word_1_333' title='bbox 927 1696 954 1719; x_wconf 88' lang='lat' dir='ltr'><strong>et</strong></span> <span class='ocrx_word' id='word_1_334' title='bbox 971 1692 1024 1719; x_wconf 84' lang='lat' dir='ltr'><strong>alia</strong></span> 
     </span>
    </p>
   </div>
   <div class='ocr_carea' id='block_1_51' title="bbox 236 1738 1024 1771">
    <p class='ocr_par' dir='ltr' id='par_1_51' title="bbox 236 1738 1024 1771">
     <span class='ocr_line' id='line_1_51' title="bbox 236 1738 1024 1771; baseline -0.003 -5"><span class='ocrx_word' id='word_1_335' title='bbox 236 1740 448 1767; x_wconf 68' lang='lat' dir='ltr'><strong>nece~situdiuis</strong></span> <span class='ocrx_word' id='word_1_336' title='bbox 463 1740 583 1771; x_wconf 83' lang='lat' dir='ltr'><strong>occasio,</strong></span> <span class='ocrx_word' id='word_1_337' title='bbox 593 1739 755 1767; x_wconf 83' lang='lat' dir='ltr'><strong>Theodorus</strong></span> <span class='ocrx_word' id='word_1_338' title='bbox 768 1739 813 1766; x_wconf 91' lang='lat' dir='ltr'><strong>ille</strong></span> <span class='ocrx_word' id='word_1_339' title='bbox 828 1738 924 1765; x_wconf 87' lang='lat' dir='ltr'><strong>habitu</strong></span> <span class='ocrx_word' id='word_1_340' title='bbox 936 1742 1024 1765; x_wconf 81' lang='lat' dir='ltr'><strong>veste-</strong></span> 
     </span>
    </p>
   </div>
   <div class='ocr_carea' id='block_1_52' title="bbox 235 1783 1026 1820">
    <p class='ocr_par' dir='ltr' id='par_1_52' title="bbox 235 1783 1026 1820">
     <span class='ocr_line' id='line_1_52' title="bbox 235 1783 1026 1820; baseline -0.001 -9"><span class='ocrx_word' id='word_1_341' title='bbox 235 1793 288 1819; x_wconf 80' lang='lat' dir='ltr'><strong>que</strong></span> <span class='ocrx_word' id='word_1_342' title='bbox 316 1785 342 1812; x_wconf 90' lang='lat' dir='ltr'><strong>iu</strong></span> <span class='ocrx_word' id='word_1_343' title='bbox 378 1786 496 1820; x_wconf 83' lang='lat' dir='ltr'><strong>speciem</strong></span> <span class='ocrx_word' id='word_1_344' title='bbox 522 1785 684 1817; x_wconf 87' lang='lat' dir='ltr'><strong>monachus,</strong></span> <span class='ocrx_word' id='word_1_345' title='bbox 714 1785 836 1812; x_wconf 91' lang='lat' dir='ltr'><strong>omnium</strong></span> <span class='ocrx_word' id='word_1_346' title='bbox 858 1788 949 1811; x_wconf 84' lang='lat' dir='ltr'><strong>autem</strong></span> <span class='ocrx_word' id='word_1_347' title='bbox 974 1783 1026 1810; x_wconf 85' lang='lat' dir='ltr'><strong>im-</strong></span> 
     </span>
    </p>
   </div>
   <div class='ocr_carea' id='block_1_53' title="bbox 237 1831 1024 1866">
    <p class='ocr_par' dir='ltr' id='par_1_53' title="bbox 237 1831 1024 1866">
     <span class='ocr_line' id='line_1_53' title="bbox 237 1831 1024 1866; baseline -0.001 -10"><span class='ocrx_word' id='word_1_348' title='bbox 237 1831 386 1865; x_wconf 85' lang='lat' dir='ltr'><strong>proborum</strong></span> <span class='ocrx_word' id='word_1_349' title='bbox 427 1831 664 1866; x_wconf 84' lang='lat' dir='ltr'><strong>improbissimus,</strong></span> <span class='ocrx_word' id='word_1_350' title='bbox 692 1835 720 1858; x_wconf 92' lang='lat' dir='ltr'><strong>et</strong></span> <span class='ocrx_word' id='word_1_351' title='bbox 760 1834 932 1857; x_wconf 90' lang='lat' dir='ltr'><strong>versutorum</strong></span> <span class='ocrx_word' id='word_1_352' title='bbox 963 1837 1024 1856; x_wconf 79' lang='lat' dir='ltr'><strong>ver-</strong></span> 
     </span>
    </p>
   </div>
   <div class='ocr_carea' id='block_1_54' title="bbox 235 1877 1023 1913">
    <p class='ocr_par' dir='ltr' id='par_1_54' title="bbox 235 1877 1023 1913">
     <span class='ocr_line' id='line_1_54' title="bbox 235 1877 1023 1913; baseline -0.003 -8"><span class='ocrx_word' id='word_1_353' title='bbox 235 1878 412 1909; x_wconf 86' lang='lat' dir='ltr'><strong>sutissimus.</strong></span> <span class='ocrx_word' id='word_1_354' title='bbox 461 1878 687 1908; x_wconf 74' lang='lat' dir='ltr'><strong>Santaharcnus.</strong></span> <span class='ocrx_word' id='word_1_355' title='bbox 722 1878 852 1913; x_wconf 82' lang='lat' dir='ltr'><strong>inquam,</strong></span> <span class='ocrx_word' id='word_1_356' title='bbox 885 1877 918 1905; x_wconf 89' lang='lat' dir='ltr'><strong>de</strong></span> <span class='ocrx_word' id='word_1_357' title='bbox 951 1884 1023 1912; x_wconf 79' lang='lat' dir='ltr'><strong>quo,</strong></span> 
     </span>
    </p>
   </div>
   <div class='ocr_carea' id='block_1_55' title="bbox 236 1922 1024 1957">
    <p class='ocr_par' dir='ltr' id='par_1_55' title="bbox 236 1922 1024 1957">
     <span class='ocr_line' id='line_1_55' title="bbox 236 1922 1024 1957; baseline 0 -9"><span class='ocrx_word' id='word_1_358' title='bbox 236 1924 344 1957; x_wconf 80' lang='lat' dir='ltr'><strong>opinor,</strong></span> <span class='ocrx_word' id='word_1_359' title='bbox 366 1923 509 1950; x_wconf 73' lang='lat' dir='ltr'><strong>audivistis</strong></span> <span class='ocrx_word' id='word_1_360' title='bbox 526 1931 632 1950; x_wconf 85' lang='lat' dir='ltr'><strong>omnes.</strong></span> <span class='ocrx_word' id='word_1_361' title='bbox 658 1922 736 1950; x_wconf 81' lang='lat' dir='ltr'><strong>llune</strong></span> <span class='ocrx_word' id='word_1_362' title='bbox 765 1923 858 1953; x_wconf 88' lang='lat' dir='ltr'><strong>nescio</strong></span> <span class='ocrx_word' id='word_1_363' title='bbox 886 1922 1024 1957; x_wconf 86' lang='lat' dir='ltr'><strong>quomodo</strong></span> 
     </span>
    </p>
   </div>
   <div class='ocr_carea' id='block_1_56' title="bbox 233 1967 1024 2004">
    <p class='ocr_par' dir='ltr' id='par_1_56' title="bbox 233 1967 1024 2004">
     <span class='ocr_line' id='line_1_56' title="bbox 233 1967 1024 2004; baseline -0.001 -9"><span class='ocrx_word' id='word_1_364' title='bbox 233 1973 372 2003; x_wconf 81' lang='lat' dir='ltr'><strong>repertum</strong></span> <span class='ocrx_word' id='word_1_365' title='bbox 389 1969 470 2004; x_wconf 82' lang='lat' dir='ltr'><strong>(nam</strong></span> <span class='ocrx_word' id='word_1_366' title='bbox 502 1977 592 2004; x_wconf 74' lang='lat' dir='ltr'><strong>pares,</strong></span> <span class='ocrx_word' id='word_1_367' title='bbox 612 1973 644 1997; x_wconf 88' lang='lat' dir='ltr'><strong>ut</strong></span> <span class='ocrx_word' id='word_1_368' title='bbox 660 1968 771 1999; x_wconf 89' lang='lat' dir='ltr'><strong>dicitur,</strong></span> <span class='ocrx_word' id='word_1_369' title='bbox 783 1975 846 1996; x_wconf 88' lang='lat' dir='ltr'><strong>cum</strong></span> <span class='ocrx_word' id='word_1_370' title='bbox 860 1967 971 2002; x_wconf 88' lang='lat' dir='ltr'><strong>paribus</strong></span> <span class='ocrx_word' id='word_1_371' title='bbox 983 1968 1024 1994; x_wconf 83' lang='lat' dir='ltr'><strong>l&#39;a-</strong></span> 
     </span>
    </p>
   </div>
   <div class='ocr_carea' id='block_1_57' title="bbox 234 2014 1024 2052">
    <p class='ocr_par' dir='ltr' id='par_1_57' title="bbox 234 2014 1024 2052">
     <span class='ocr_line' id='line_1_57' title="bbox 234 2014 1024 2052; baseline -0.003 -10"><span class='ocrx_word' id='word_1_372' title='bbox 234 2016 286 2043; x_wconf 84' lang='lat' dir='ltr'><strong>cile</strong></span> <span class='ocrx_word' id='word_1_373' title='bbox 307 2018 531 2052; x_wconf 73' lang='lat' dir='ltr'><strong>congregantur),</strong></span> <span class='ocrx_word' id='word_1_374' title='bbox 554 2021 584 2044; x_wconf 92' lang='lat' dir='ltr'><strong>ut</strong></span> <span class='ocrx_word' id='word_1_375' title='bbox 604 2016 693 2044; x_wconf 82' lang='lat' dir='ltr'><strong>virum</strong></span> <span class='ocrx_word' id='word_1_376' title='bbox 714 2015 845 2050; x_wconf 73' lang='lat' dir='ltr'><strong>singulari</strong></span> <span class='ocrx_word' id='word_1_377' title='bbox 870 2014 1024 2045; x_wconf 85' lang='lat' dir='ltr'><strong>sanctitate,</strong></span> 
     </span>
    </p>
   </div>
   <div class='ocr_carea' id='block_1_58' title="bbox 233 2061 1024 2097">
    <p class='ocr_par' dir='ltr' id='par_1_58' title="bbox 233 2061 1024 2097">
     <span class='ocr_line' id='line_1_58' title="bbox 233 2061 1024 2097; baseline -0.004 -7"><span class='ocrx_word' id='word_1_378' title='bbox 233 2063 417 2097; x_wconf 68' lang='lat' dir='ltr'><strong>prteseientia,</strong></span> <span class='ocrx_word' id='word_1_379' title='bbox 429 2071 575 2096; x_wconf 86' lang='lat' dir='ltr'><strong>rerumque</strong></span> <span class='ocrx_word' id='word_1_380' title='bbox 587 2062 740 2090; x_wconf 83' lang='lat' dir='ltr'><strong>futurarum</strong></span> <span class='ocrx_word' id='word_1_381' title='bbox 753 2061 909 2097; x_wconf 74' lang='lat' dir='ltr'><strong>cognitione</strong></span> <span class='ocrx_word' id='word_1_382' title='bbox 922 2061 1024 2096; x_wconf 90' lang='lat' dir='ltr'><strong>pollen-</strong></span> 
     </span>
    </p>
   </div>
   <div class='ocr_carea' id='block_1_59' title="bbox 233 2108 1025 2143">
    <p class='ocr_par' dir='ltr' id='par_1_59' title="bbox 233 2108 1025 2143">
     <span class='ocr_line' id='line_1_59' title="bbox 233 2108 1025 2143; baseline -0.001 -8"><span class='ocrx_word' id='word_1_383' title='bbox 233 2109 370 2136; x_wconf 82' lang='lat' dir='ltr'><strong>tissimntn</strong></span> <span class='ocrx_word' id='word_1_384' title='bbox 381 2118 387 2136; x_wconf 91' lang='lat'>:</span> <span class='ocrx_word' id='word_1_385' title='bbox 399 2109 498 2143; x_wconf 88' lang='lat' dir='ltr'><strong>quibus</strong></span> <span class='ocrx_word' id='word_1_386' title='bbox 513 2114 602 2137; x_wconf 82' lang='lat' dir='ltr'><strong>tamen</strong></span> <span class='ocrx_word' id='word_1_387' title='bbox 614 2109 760 2137; x_wconf 88' lang='lat' dir='ltr'><strong>virtutibus</strong></span> <span class='ocrx_word' id='word_1_388' title='bbox 771 2117 824 2136; x_wconf 90' lang='lat' dir='ltr'><strong>non</strong></span> <span class='ocrx_word' id='word_1_389' title='bbox 837 2108 925 2137; x_wconf 89' lang='lat' dir='ltr'><strong>solum</strong></span> <span class='ocrx_word' id='word_1_390' title='bbox 937 2108 1025 2136; x_wconf 82' lang='lat' dir='ltr'><strong>caruit</strong></span> 
     </span>
    </p>
   </div>
   <div class='ocr_carea' id='block_1_60' title="bbox 234 2154 1022 2190">
    <p class='ocr_par' dir='ltr' id='par_1_60' title="bbox 234 2154 1022 2190">
     <span class='ocr_line' id='line_1_60' title="bbox 234 2154 1022 2190; baseline 0 -9"><span class='ocrx_word' id='word_1_391' title='bbox 234 2155 380 2187; x_wconf 77' lang='lat' dir='ltr'><strong>omnibus,</strong></span> <span class='ocrx_word' id='word_1_392' title='bbox 396 2156 442 2182; x_wconf 85' lang='lat' dir='ltr'><strong>sed</strong></span> <span class='ocrx_word' id='word_1_393' title='bbox 458 2161 563 2188; x_wconf 80' lang='lat' dir='ltr'><strong>contra,</strong></span> <span class='ocrx_word' id='word_1_394' title='bbox 582 2160 609 2182; x_wconf 90' lang='lat' dir='ltr'><strong>nt</strong></span> <span class='ocrx_word' id='word_1_395' title='bbox 625 2155 720 2187; x_wconf 90' lang='lat' dir='ltr'><strong>aiunt,</strong></span> <span class='ocrx_word' id='word_1_396' title='bbox 736 2155 850 2190; x_wconf 80' lang='lat' dir='ltr'><strong>magicis</strong></span> <span class='ocrx_word' id='word_1_397' title='bbox 865 2154 1022 2190; x_wconf 66' lang='lat' dir='ltr'><strong>praestigiis.</strong></span> 
     </span>
    </p>
   </div>
   <div class='ocr_carea' id='block_1_61' title="bbox 234 2199 1024 2234">
    <p class='ocr_par' dir='ltr' id='par_1_61' title="bbox 234 2199 1024 2234">
     <span class='ocr_line' id='line_1_61' title="bbox 234 2199 1024 2234; baseline 0.003 -9"><span class='ocrx_word' id='word_1_398' title='bbox 234 2204 260 2226; x_wconf 73' lang='grc' dir='ltr'><strong>ιιι</strong></span> <span class='ocrx_word' id='word_1_399' title='bbox 285 2199 439 2231; x_wconf 79' lang='lat' dir='ltr'><strong>ariolamli.</strong></span> <span class='ocrx_word' id='word_1_400' title='bbox 465 2200 648 2234; x_wconf 86' lang='lat' dir='ltr'><strong>conjectandi,</strong></span> <span class='ocrx_word' id='word_1_401' title='bbox 671 2200 837 2231; x_wconf 84' lang='lat' dir='ltr'><strong>incantandi.</strong></span> <span class='ocrx_word' id='word_1_402' title='bbox 864 2200 1024 2234; x_wconf 86' lang='lat' dir='ltr'><strong>animasque</strong></span> 
     </span>
    </p>
   </div>
   <div class='ocr_carea' id='block_1_62' title="bbox 1080 959 1864 996">
    <p class='ocr_par' dir='ltr' id='par_1_62' title="bbox 1080 959 1864 996">
     <span class='ocr_line' id='line_1_62' title="bbox 1080 959 1864 996; baseline -0.001 -8"><span class='ocrx_word' id='word_1_403' title='bbox 1080 960 1167 993; x_wconf 76' lang='grc' dir='ltr'><strong>εἶπον.</strong></span> <span class='ocrx_word' id='word_1_404' title='bbox 1182 961 1363 996; x_wconf 72' lang='grc' dir='ltr'><strong>ἀποθέμενος,</strong></span> <span class='ocrx_word' id='word_1_405' title='bbox 1380 959 1440 987; x_wconf 80' lang='grc' dir='ltr'><strong>εἶτα</strong></span> <span class='ocrx_word' id='word_1_406' title='bbox 1463 961 1538 996; x_wconf 86' lang='grc' dir='ltr'><strong>ὥρας</strong></span> <span class='ocrx_word' id='word_1_407' title='bbox 1555 961 1666 988; x_wconf 75' lang='grc' dir='ltr'><strong>εὐθέτου</strong></span> <span class='ocrx_word' id='word_1_408' title='bbox 1680 961 1864 996; x_wconf 76' lang='grc' dir='ltr'><strong>δραξάμενος,</strong></span> 
     </span>
    </p>
   </div>
   <div class='ocr_carea' id='block_1_63' title="bbox 1079 1006 1867 1043">
    <p class='ocr_par' dir='ltr' id='par_1_63' title="bbox 1079 1006 1867 1043">
     <span class='ocr_line' id='line_1_63' title="bbox 1079 1006 1867 1043; baseline -0.003 -8"><span class='ocrx_word' id='word_1_409' title='bbox 1079 1008 1246 1035; x_wconf 74' lang='grc' dir='ltr'><strong>ἐπιδείκνυσι</strong></span> <span class='ocrx_word' id='word_1_410' title='bbox 1259 1007 1299 1043; x_wconf 86' lang='grc' dir='ltr'><strong>τῷ</strong></span> <span class='ocrx_word' id='word_1_411' title='bbox 1312 1007 1427 1042; x_wconf 84' lang='grc' dir='ltr'><strong>βασιλεῖ,</strong></span> <span class='ocrx_word' id='word_1_412' title='bbox 1440 1007 1477 1039; x_wconf 83' lang='grc' dir='ltr'><strong>ὡς</strong></span> <span class='ocrx_word' id='word_1_413' title='bbox 1488 1008 1596 1034; x_wconf 81' lang='grc' dir='ltr'><strong>πάντων</strong></span> <span class='ocrx_word' id='word_1_414' title='bbox 1610 1007 1657 1034; x_wconf 75' lang='grc' dir='ltr'><strong>καὶ</strong></span> <span class='ocrx_word' id='word_1_415' title='bbox 1672 1006 1780 1042; x_wconf 81' lang='grc' dir='ltr'><strong>βιϐλίων</strong></span> <span class='ocrx_word' id='word_1_416' title='bbox 1800 1006 1867 1033; x_wconf 79' lang='grc' dir='ltr'><strong>θαυο</strong></span> 
     </span>
    </p>
   </div>
   <div class='ocr_carea' id='block_1_64' title="bbox 1081 1053 1866 1088">
    <p class='ocr_par' dir='ltr' id='par_1_64' title="bbox 1081 1053 1866 1088">
     <span class='ocr_line' id='line_1_64' title="bbox 1081 1053 1866 1088; baseline -0.003 -8"><span class='ocrx_word' id='word_1_417' title='bbox 1081 1055 1252 1088; x_wconf 85' lang='grc' dir='ltr'><strong>μασιώτατον</strong></span> <span class='ocrx_word' id='word_1_418' title='bbox 1276 1053 1325 1080; x_wconf 77' lang='grc' dir='ltr'><strong>καὶ</strong></span> <span class='ocrx_word' id='word_1_419' title='bbox 1344 1053 1549 1088; x_wconf 78' lang='grc' dir='ltr'><strong>μυστικώτατον</strong></span> <span class='ocrx_word' id='word_1_420' title='bbox 1563 1053 1604 1081; x_wconf 68' lang='grc' dir='ltr'><strong>ἦν.</strong></span> <span class='ocrx_word' id='word_1_421' title='bbox 1623 1053 1779 1088; x_wconf 87' lang='grc' dir='ltr'><strong>Σκήπτεται</strong></span> <span class='ocrx_word' id='word_1_422' title='bbox 1796 1053 1866 1079; x_wconf 89' lang='grc' dir='ltr'><strong>ἀπο-</strong></span> 
     </span>
    </p>
   </div>
   <div class='ocr_carea' id='block_1_65' title="bbox 1080 1098 1864 1135">
    <p class='ocr_par' dir='ltr' id='par_1_65' title="bbox 1080 1098 1864 1135">
     <span class='ocr_line' id='line_1_65' title="bbox 1080 1098 1864 1135; baseline -0.003 -10"><span class='ocrx_word' id='word_1_423' title='bbox 1080 1101 1137 1135; x_wconf 77' lang='grc' dir='ltr'><strong>ρεῖν</strong></span> <span class='ocrx_word' id='word_1_424' title='bbox 1147 1119 1154 1131; x_wconf 91' lang='grc'><strong>,</strong></span> <span class='ocrx_word' id='word_1_425' title='bbox 1183 1099 1233 1126; x_wconf 82' lang='grc' dir='ltr'><strong>οὐκ</strong></span> <span class='ocrx_word' id='word_1_426' title='bbox 1249 1099 1329 1130; x_wconf 73' lang='grc' dir='ltr'><strong>αὐτὸς</strong></span> <span class='ocrx_word' id='word_1_427' title='bbox 1346 1099 1425 1134; x_wconf 80' lang='grc' dir='ltr'><strong>μόνος</strong></span> <span class='ocrx_word' id='word_1_428' title='bbox 1435 1120 1442 1130; x_wconf 86' lang='grc'><strong>,</strong></span> <span class='ocrx_word' id='word_1_429' title='bbox 1460 1098 1517 1125; x_wconf 79' lang='grc' dir='ltr'><strong>ἀλλ’</strong></span> <span class='ocrx_word' id='word_1_430' title='bbox 1531 1098 1585 1125; x_wconf 70' lang='grc' dir='ltr'><strong>οὐδ’</strong></span> <span class='ocrx_word' id='word_1_431' title='bbox 1600 1098 1680 1130; x_wconf 78' lang='grc' dir='ltr'><strong>ἄλλος</strong></span> <span class='ocrx_word' id='word_1_432' title='bbox 1698 1106 1751 1130; x_wconf 83' lang='grc' dir='ltr'><strong>τις,</strong></span> <span class='ocrx_word' id='word_1_433' title='bbox 1769 1098 1864 1133; x_wconf 73' lang='grc' dir='ltr'><strong>φησιν,</strong></span> 
     </span>
    </p>
   </div>
   <div class='ocr_carea' id='block_1_66' title="bbox 1078 1142 1863 1181">
    <p class='ocr_par' dir='ltr' id='par_1_66' title="bbox 1078 1142 1863 1181">
     <span class='ocr_line' id='line_1_66' title="bbox 1078 1142 1863 1181; baseline -0.003 -9"><span class='ocrx_word' id='word_1_434' title='bbox 1078 1145 1242 1181; x_wconf 81' lang='grc' dir='ltr'><strong>ἀνθρώπων⁷</strong></span> <span class='ocrx_word' id='word_1_435' title='bbox 1258 1146 1274 1181; x_wconf 86' lang='grc' dir='ltr'>ἢ</span> <span class='ocrx_word' id='word_1_436' title='bbox 1292 1145 1408 1176; x_wconf 49' lang='lat' dir='ltr'><strong>dub-no;</strong></span> <span class='ocrx_word' id='word_1_437' title='bbox 1433 1145 1513 1172; x_wconf 88' lang='grc' dir='ltr'><strong>τοῦτο</strong></span> <span class='ocrx_word' id='word_1_438' title='bbox 1536 1144 1683 1178; x_wconf 82' lang='grc' dir='ltr'><strong>διαγνῶναι</strong></span> <span class='ocrx_word' id='word_1_439' title='bbox 1705 1142 1807 1170; x_wconf 79' lang='grc' dir='ltr'><strong>δύναιτ’</strong></span> <span class='ocrx_word' id='word_1_440' title='bbox 1819 1142 1863 1170; x_wconf 81' lang='grc' dir='ltr'><strong>ἄν.</strong></span> 
     </span>
    </p>
   </div>
   <div class='ocr_carea' id='block_1_67' title="bbox 1078 1188 1865 1225">
    <p class='ocr_par' dir='ltr' id='par_1_67' title="bbox 1078 1188 1865 1225">
     <span class='ocr_line' id='line_1_67' title="bbox 1078 1188 1865 1225; baseline -0.004 -7"><span class='ocrx_word' id='word_1_441' title='bbox 1078 1192 1172 1218; x_wconf 84' lang='grc' dir='ltr'><strong>Τοίνυν</strong></span> <span class='ocrx_word' id='word_1_442' title='bbox 1182 1191 1262 1223; x_wconf 78' lang='grc' dir='ltr'><strong>εὐθὺς</strong></span> <span class='ocrx_word' id='word_1_443' title='bbox 1275 1191 1468 1218; x_wconf 79' lang='grc' dir='ltr'><strong>ἀποστέλλεται</strong></span> <span class='ocrx_word' id='word_1_444' title='bbox 1480 1190 1547 1225; x_wconf 70' lang='grc' dir='ltr'><strong>πρὸς</strong></span> <span class='ocrx_word' id='word_1_445' title='bbox 1557 1190 1648 1217; x_wconf 81' lang='grc' dir='ltr'><strong>αὐτόν.</strong></span> <span class='ocrx_word' id='word_1_446' title='bbox 1662 1188 1865 1225; x_wconf 77' lang='grc' dir='ltr'><strong>Σχηματίζεται</strong></span> 
     </span>
    </p>
   </div>
   <div class='ocr_carea' id='block_1_68' title="bbox 1077 1237 1866 1274">
    <p class='ocr_par' dir='ltr' id='par_1_68' title="bbox 1077 1237 1866 1274">
     <span class='ocr_line' id='line_1_68' title="bbox 1077 1237 1866 1274; baseline -0.004 -8"><span class='ocrx_word' id='word_1_447' title='bbox 1077 1239 1190 1271; x_wconf 70' lang='grc' dir='ltr'><strong>ἐκεῖνος.</strong></span> <span class='ocrx_word' id='word_1_448' title='bbox 1215 1239 1253 1274; x_wconf 79' lang='grc' dir='ltr'><strong>μὴ</strong></span> <span class='ocrx_word' id='word_1_449' title='bbox 1271 1238 1401 1266; x_wconf 81' lang='grc' dir='ltr'><strong>δύνασθαι</strong></span> <span class='ocrx_word' id='word_1_450' title='bbox 1421 1238 1489 1274; x_wconf 80' lang='grc' dir='ltr'><strong>πρὸς</strong></span> <span class='ocrx_word' id='word_1_451' title='bbox 1507 1238 1587 1265; x_wconf 81' lang='grc' dir='ltr'><strong>ἄλλον</strong></span> <span class='ocrx_word' id='word_1_452' title='bbox 1609 1238 1696 1264; x_wconf 68' lang='grc' dir='ltr'><strong>εἰπεῖν</strong></span> <span class='ocrx_word' id='word_1_453' title='bbox 1713 1237 1743 1264; x_wconf 82' lang='grc' dir='ltr'><strong>τὸ</strong></span> <span class='ocrx_word' id='word_1_454' title='bbox 1759 1237 1866 1272; x_wconf 82' lang='grc' dir='ltr'><strong>μυστή-</strong></span> 
     </span>
    </p>
   </div>
   <div class='ocr_carea' id='block_1_69' title="bbox 1076 1280 1865 1320">
    <p class='ocr_par' dir='ltr' id='par_1_69' title="bbox 1076 1280 1865 1320">
     <span class='ocr_line' id='line_1_69' title="bbox 1076 1280 1865 1320; baseline -0.004 -9"><span class='ocrx_word' id='word_1_455' title='bbox 1076 1293 1148 1320; x_wconf 79' lang='grc' dir='ltr'><strong>ριον,</strong></span> <span class='ocrx_word' id='word_1_456' title='bbox 1171 1284 1189 1320; x_wconf 76' lang='grc' dir='ltr'>ἢ</span> <span class='ocrx_word' id='word_1_457' title='bbox 1210 1285 1279 1319; x_wconf 76' lang='grc' dir='ltr'><strong>πρὸς</strong></span> <span class='ocrx_word' id='word_1_458' title='bbox 1302 1284 1383 1311; x_wconf 78' lang='grc' dir='ltr'><strong>αὑτὸν</strong></span> <span class='ocrx_word' id='word_1_459' title='bbox 1411 1284 1483 1319; x_wconf 66' lang='grc' dir='ltr'><strong>ὑπὲρ</strong></span> <span class='ocrx_word' id='word_1_460' title='bbox 1506 1280 1537 1311; x_wconf 67' lang='grc' dir='ltr'><strong>οὗ</strong></span> <span class='ocrx_word' id='word_1_461' title='bbox 1561 1283 1610 1310; x_wconf 73' lang='grc' dir='ltr'><strong>καὶ</strong></span> <span class='ocrx_word' id='word_1_462' title='bbox 1635 1283 1791 1317; x_wconf 76' lang='grc' dir='ltr'><strong>γέγραπται</strong></span> <span class='ocrx_word' id='word_1_463' title='bbox 1816 1281 1865 1309; x_wconf 66' lang='grc' dir='ltr'><strong>τοῦ</strong></span> 
     </span>
    </p>
   </div>
   <div class='ocr_carea' id='block_1_70' title="bbox 1081 1328 1864 1366">
    <p class='ocr_par' dir='ltr' id='par_1_70' title="bbox 1081 1328 1864 1366">
     <span class='ocr_line' id='line_1_70' title="bbox 1081 1328 1864 1366; baseline -0.004 -9"><span class='ocrx_word' id='word_1_464' title='bbox 1081 1330 1222 1366; x_wconf 84' lang='grc' dir='ltr'><strong>βασιλέως.</strong></span> <span class='ocrx_word' id='word_1_465' title='bbox 1238 1330 1270 1356; x_wconf 88' lang='grc' dir='ltr'>Τί</span> <span class='ocrx_word' id='word_1_466' title='bbox 1285 1328 1331 1356; x_wconf 79' lang='grc' dir='ltr'><strong>οὖν</strong></span> <span class='ocrx_word' id='word_1_467' title='bbox 1347 1339 1354 1363; x_wconf 86' lang='grc'>;</span> <span class='ocrx_word' id='word_1_468' title='bbox 1368 1330 1483 1364; x_wconf 80' lang='grc' dir='ltr'><strong>ἡττᾶται</strong></span> <span class='ocrx_word' id='word_1_469' title='bbox 1499 1329 1594 1356; x_wconf 80' lang='grc' dir='ltr'><strong>λοιπὸν</strong></span> <span class='ocrx_word' id='word_1_470' title='bbox 1614 1329 1664 1363; x_wconf 85' lang='grc' dir='ltr'><strong>τῆς</strong></span> <span class='ocrx_word' id='word_1_471' title='bbox 1687 1328 1864 1365; x_wconf 66' lang='grc' dir='ltr'><strong>ῥᾳδιουργίας</strong></span> 
     </span>
    </p>
   </div>
   <div class='ocr_carea' id='block_1_71' title="bbox 1079 1373 1863 1411">
    <p class='ocr_par' dir='ltr' id='par_1_71' title="bbox 1079 1373 1863 1411">
     <span class='ocr_line' id='line_1_71' title="bbox 1079 1373 1863 1411; baseline -0.005 -8"><span class='ocrx_word' id='word_1_472' title='bbox 1079 1376 1182 1411; x_wconf 80' lang='grc' dir='ltr'><strong>ταύτης</strong></span> <span class='ocrx_word' id='word_1_473' title='bbox 1195 1376 1210 1402; x_wconf 80' lang='grc' dir='ltr'><strong>ό</strong></span> <span class='ocrx_word' id='word_1_474' title='bbox 1223 1375 1372 1407; x_wconf 80' lang='grc' dir='ltr'><strong>Βασίλειος.</strong></span> <span class='ocrx_word' id='word_1_475' title='bbox 1388 1374 1547 1402; x_wconf 86' lang='grc' dir='ltr'><strong>ἀποτίθεται</strong></span> <span class='ocrx_word' id='word_1_476' title='bbox 1561 1375 1610 1409; x_wconf 85' lang='grc' dir='ltr'><strong>τὴν</strong></span> <span class='ocrx_word' id='word_1_477' title='bbox 1624 1374 1797 1409; x_wconf 77' lang='grc' dir='ltr'><strong>δυσμένειαν,</strong></span> <span class='ocrx_word' id='word_1_478' title='bbox 1814 1373 1863 1400; x_wconf 75' lang='grc' dir='ltr'><strong>καὶ</strong></span> 
     </span>
    </p>
   </div>
   <div class='ocr_carea' id='block_1_72' title="bbox 1075 1418 1866 1456">
    <p class='ocr_par' dir='ltr' id='par_1_72' title="bbox 1075 1418 1866 1456">
     <span class='ocr_line' id='line_1_72' title="bbox 1075 1418 1866 1456; baseline -0.004 -8"><span class='ocrx_word' id='word_1_479' title='bbox 1075 1422 1115 1453; x_wconf 78' lang='grc' dir='ltr'><strong>εἰς</strong></span> <span class='ocrx_word' id='word_1_480' title='bbox 1132 1421 1307 1455; x_wconf 82' lang='grc' dir='ltr'><strong>καταλλαγὰς</strong></span> <span class='ocrx_word' id='word_1_481' title='bbox 1332 1420 1458 1448; x_wconf 74' lang='grc' dir='ltr'><strong>ἐντεῦθεν</strong></span> <span class='ocrx_word' id='word_1_482' title='bbox 1482 1422 1576 1456; x_wconf 82' lang='grc' dir='ltr'><strong>χωρεῖ.</strong></span> <span class='ocrx_word' id='word_1_483' title='bbox 1595 1418 1656 1447; x_wconf 85' lang='grc' dir='ltr'><strong>υἷδε</strong></span> <span class='ocrx_word' id='word_1_484' title='bbox 1675 1419 1727 1454; x_wconf 83' lang='grc' dir='ltr'><strong>γὰρ</strong></span> <span class='ocrx_word' id='word_1_485' title='bbox 1744 1420 1761 1455; x_wconf 76' lang='grc' dir='ltr'><strong>ἡ</strong></span> <span class='ocrx_word' id='word_1_486' title='bbox 1775 1419 1866 1454; x_wconf 71' lang='grc' dir='ltr'><strong>ἀγαθὴ</strong></span> 
     </span>
    </p>
   </div>
   <div class='ocr_carea' id='block_1_73' title="bbox 1075 1463 1864 1504">
    <p class='ocr_par' dir='ltr' id='par_1_73' title="bbox 1075 1463 1864 1504">
     <span class='ocr_line' id='line_1_73' title="bbox 1075 1463 1864 1504; baseline -0.006 -9"><span class='ocrx_word' id='word_1_487' title='bbox 1075 1468 1238 1504; x_wconf 72' lang='grc' dir='ltr'><strong>πρόρρησις,</strong></span> <span class='ocrx_word' id='word_1_488' title='bbox 1256 1467 1308 1494; x_wconf 80' lang='grc' dir='ltr'><strong>κᾶν</strong></span> <span class='ocrx_word' id='word_1_489' title='bbox 1321 1467 1362 1494; x_wconf 77' lang='grc' dir='ltr'><strong>ὃτι</strong></span> <span class='ocrx_word' id='word_1_490' title='bbox 1379 1467 1497 1502; x_wconf 78' lang='grc' dir='ltr'><strong>μάλιστα</strong></span> <span class='ocrx_word' id='word_1_491' title='bbox 1520 1465 1619 1501; x_wconf 80' lang='grc' dir='ltr'><strong>ψευδὴς</strong></span> <span class='ocrx_word' id='word_1_492' title='bbox 1631 1463 1659 1501; x_wconf 79' lang='grc' dir='ltr'><strong>ᾖ,</strong></span> <span class='ocrx_word' id='word_1_493' title='bbox 1677 1464 1864 1499; x_wconf 79' lang='grc' dir='ltr'><strong>καταχαυνοῦν</strong></span> 
     </span>
    </p>
   </div>
   <div class='ocr_carea' id='block_1_74' title="bbox 1080 1510 1864 1548">
    <p class='ocr_par' dir='ltr' id='par_1_74' title="bbox 1080 1510 1864 1548">
     <span class='ocr_line' id='line_1_74' title="bbox 1080 1510 1864 1548; baseline -0.008 -7"><span class='ocrx_word' id='word_1_494' title='bbox 1080 1514 1128 1541; x_wconf 73' lang='grc' dir='ltr'><strong>καὶ</strong></span> <span class='ocrx_word' id='word_1_495' title='bbox 1153 1514 1259 1541; x_wconf 76' lang='grc' dir='ltr'><strong>ἐκλύειν</strong></span> <span class='ocrx_word' id='word_1_496' title='bbox 1275 1513 1323 1540; x_wconf 80' lang='grc' dir='ltr'><strong>καὶ</strong></span> <span class='ocrx_word' id='word_1_497' title='bbox 1339 1513 1403 1548; x_wconf 85' lang='grc' dir='ltr'><strong>ὃλην</strong></span> <span class='ocrx_word' id='word_1_498' title='bbox 1426 1512 1526 1547; x_wconf 79' lang='grc' dir='ltr'><strong>ἑαυτῆς</strong></span> <span class='ocrx_word' id='word_1_499' title='bbox 1553 1511 1688 1538; x_wconf 81' lang='grc' dir='ltr'><strong>ποιεῖσθαι</strong></span> <span class='ocrx_word' id='word_1_500' title='bbox 1713 1510 1762 1546; x_wconf 79' lang='grc' dir='ltr'><strong>τὴν</strong></span> <span class='ocrx_word' id='word_1_501' title='bbox 1778 1518 1864 1545; x_wconf 79' lang='grc' dir='ltr'><strong>μεγα·</strong></span> 
     </span>
    </p>
   </div>
   <div class='ocr_carea' id='block_1_75' title="bbox 1076 1555 1864 1596">
    <p class='ocr_par' dir='ltr' id='par_1_75' title="bbox 1076 1555 1864 1596">
     <span class='ocr_line' id='line_1_75' title="bbox 1076 1555 1864 1596; baseline -0.005 -10"><span class='ocrx_word' id='word_1_502' title='bbox 1076 1560 1195 1596; x_wconf 77' lang='grc' dir='ltr'><strong>λόφρονα</strong></span> <span class='ocrx_word' id='word_1_503' title='bbox 1233 1560 1280 1587; x_wconf 75' lang='grc' dir='ltr'><strong>καὶ</strong></span> <span class='ocrx_word' id='word_1_504' title='bbox 1316 1558 1522 1594; x_wconf 80' lang='grc' dir='ltr'><strong>φιλοδοξοτάτην</strong></span> <span class='ocrx_word' id='word_1_505' title='bbox 1563 1557 1663 1593; x_wconf 81' lang='grc' dir='ltr'><strong>ψυχήν.</strong></span> <span class='ocrx_word' id='word_1_506' title='bbox 1688 1556 1774 1583; x_wconf 77' lang='grc' dir='ltr'><strong>Τοῦτο</strong></span> <span class='ocrx_word' id='word_1_507' title='bbox 1793 1555 1864 1590; x_wconf 77' lang='grc' dir='ltr'><strong>πρὸς</strong></span> 
     </span>
    </p>
   </div>
   <div class='ocr_carea' id='block_1_76' title="bbox 1075 1601 1865 1641">
    <p class='ocr_par' dir='ltr' id='par_1_76' title="bbox 1075 1601 1865 1641">
     <span class='ocr_line' id='line_1_76' title="bbox 1075 1601 1865 1641; baseline -0.005 -8"><span class='ocrx_word' id='word_1_508' title='bbox 1075 1607 1216 1633; x_wconf 75' lang='grc' dir='ltr'><strong>Βασίλειον</strong></span> <span class='ocrx_word' id='word_1_509' title='bbox 1237 1606 1287 1641; x_wconf 87' lang='grc' dir='ltr'><strong>τῆς</strong></span> <span class='ocrx_word' id='word_1_510' title='bbox 1301 1605 1349 1633; x_wconf 84' lang='grc' dir='ltr'><strong>τοῦ</strong></span> <span class='ocrx_word' id='word_1_511' title='bbox 1366 1605 1470 1632; x_wconf 78' lang='grc' dir='ltr'><strong>Φωτιου</strong></span> <span class='ocrx_word' id='word_1_512' title='bbox 1495 1604 1588 1640; x_wconf 85' lang='grc' dir='ltr'><strong>φιλίας</strong></span> <span class='ocrx_word' id='word_1_513' title='bbox 1603 1604 1689 1640; x_wconf 87' lang='grc' dir='ltr'><strong>ἀρχή·</strong></span> <span class='ocrx_word' id='word_1_514' title='bbox 1704 1603 1795 1630; x_wconf 47' lang='grc' dir='ltr'><strong>’τοῦτο</strong></span> <span class='ocrx_word' id='word_1_515' title='bbox 1812 1601 1865 1636; x_wconf 76' lang='grc' dir='ltr'><strong>τῆς</strong></span> 
     </span>
    </p>
   </div>
   <div class='ocr_carea' id='block_1_77' title="bbox 1074 1647 1863 1687">
    <p class='ocr_par' dir='ltr' id='par_1_77' title="bbox 1074 1647 1863 1687">
     <span class='ocr_line' id='line_1_77' title="bbox 1074 1647 1863 1687; baseline -0.005 -8"><span class='ocrx_word' id='word_1_516' title='bbox 1074 1652 1306 1687; x_wconf 80' lang='grc' dir='ltr'><strong>ὲκκλησιαστικῆς</strong></span> <span class='ocrx_word' id='word_1_517' title='bbox 1319 1652 1432 1687; x_wconf 77' lang='grc' dir='ltr'><strong>εἰρήνης</strong></span> <span class='ocrx_word' id='word_1_518' title='bbox 1449 1650 1608 1682; x_wconf 56' lang='grc' dir='ltr'><strong>κατάλυσιη,</strong></span> <span class='ocrx_word' id='word_1_519' title='bbox 1626 1650 1674 1677; x_wconf 74' lang='grc' dir='ltr'><strong>καὶ</strong></span> <span class='ocrx_word' id='word_1_520' title='bbox 1687 1649 1738 1684; x_wconf 80' lang='grc' dir='ltr'><strong>τῆς</strong></span> <span class='ocrx_word' id='word_1_521' title='bbox 1751 1647 1863 1684; x_wconf 83' lang='grc' dir='ltr'><strong>πρώτης</strong></span> 
     </span>
    </p>
   </div>
   <div class='ocr_carea' id='block_1_78' title="bbox 1075 1695 1864 1730">
    <p class='ocr_par' dir='ltr' id='par_1_78' title="bbox 1075 1695 1864 1730">
     <span class='ocr_line' id='line_1_78' title="bbox 1075 1695 1864 1730; baseline -0.008 -4"><span class='ocrx_word' id='word_1_522' title='bbox 1075 1698 1281 1730; x_wconf 76' lang='grc' dir='ltr'><strong>ἀκαταστασίας</strong></span> <span class='ocrx_word' id='word_1_523' title='bbox 1307 1697 1468 1729; x_wconf 79' lang='grc' dir='ltr'><strong>ἀνανέωσις.</strong></span> <span class='ocrx_word' id='word_1_524' title='bbox 1492 1696 1641 1724; x_wconf 75' lang='grc' dir='ltr'><strong>’Ἐντεῦθεν</strong></span> <span class='ocrx_word' id='word_1_525' title='bbox 1666 1695 1785 1730; x_wconf 84' lang='grc' dir='ltr'><strong>συνεχῶς</strong></span> <span class='ocrx_word' id='word_1_526' title='bbox 1805 1696 1864 1726; x_wconf 83' lang='grc' dir='ltr'><strong>τοῖς</strong></span> 
     </span>
    </p>
   </div>
   <div class='ocr_carea' id='block_1_79' title="bbox 1077 1740 1863 1780">
    <p class='ocr_par' dir='ltr' id='par_1_79' title="bbox 1077 1740 1863 1780">
     <span class='ocr_line' id='line_1_79' title="bbox 1077 1740 1863 1780; baseline -0.005 -10"><span class='ocrx_word' id='word_1_527' title='bbox 1077 1743 1222 1780; x_wconf 81' lang='grc' dir='ltr'><strong>βασιλείοις</strong></span> <span class='ocrx_word' id='word_1_528' title='bbox 1238 1744 1252 1769; x_wconf 83' lang='grc' dir='ltr'><strong><em>ὸ</em></strong></span> <span class='ocrx_word' id='word_1_529' title='bbox 1267 1743 1462 1778; x_wconf 85' lang='grc' dir='ltr'><strong>πολυμήχανος</strong></span> <span class='ocrx_word' id='word_1_530' title='bbox 1477 1740 1658 1777; x_wconf 75' lang='grc' dir='ltr'><strong>ἑπεχωρίαζε,</strong></span> <span class='ocrx_word' id='word_1_531' title='bbox 1674 1740 1799 1767; x_wconf 81' lang='grc' dir='ltr'><strong>κλέπτων</strong></span> <span class='ocrx_word' id='word_1_532' title='bbox 1813 1740 1863 1775; x_wconf 70' lang='grc' dir='ltr'><strong>μὲν</strong></span> 
     </span>
    </p>
   </div>
   <div class='ocr_carea' id='block_1_80' title="bbox 1074 1785 1864 1825">
    <p class='ocr_par' dir='ltr' id='par_1_80' title="bbox 1074 1785 1864 1825">
     <span class='ocr_line' id='line_1_80' title="bbox 1074 1785 1864 1825; baseline -0.006 -9"><span class='ocrx_word' id='word_1_533' title='bbox 1074 1790 1125 1825; x_wconf 83' lang='grc' dir='ltr'><strong>τὴν</strong></span> <span class='ocrx_word' id='word_1_534' title='bbox 1143 1788 1250 1816; x_wconf 78' lang='grc' dir='ltr'><strong>εὔνοιαν</strong></span> <span class='ocrx_word' id='word_1_535' title='bbox 1263 1789 1310 1815; x_wconf 78' lang='grc' dir='ltr'><strong>τοῦ</strong></span> <span class='ocrx_word' id='word_1_536' title='bbox 1325 1788 1501 1824; x_wconf 84' lang='grc' dir='ltr'><strong>κρατοῦντος,</strong></span> <span class='ocrx_word' id='word_1_537' title='bbox 1513 1787 1574 1814; x_wconf 80' lang='grc' dir='ltr'><strong>ὅλον</strong></span> <span class='ocrx_word' id='word_1_538' title='bbox 1585 1787 1613 1813; x_wconf 72' lang='grc' dir='ltr'><strong>δὲ</strong></span> <span class='ocrx_word' id='word_1_539' title='bbox 1627 1787 1695 1821; x_wconf 77' lang='grc' dir='ltr'><strong>πρὸς</strong></span> <span class='ocrx_word' id='word_1_540' title='bbox 1711 1786 1807 1812; x_wconf 67' lang='grc' dir='ltr'><strong>ἑαυτὶν</strong></span> <span class='ocrx_word' id='word_1_541' title='bbox 1818 1785 1864 1811; x_wconf 78' lang='grc' dir='ltr'><strong>τὸν</strong></span> 
     </span>
    </p>
   </div>
   <div class='ocr_carea' id='block_1_81' title="bbox 1076 1831 1864 1871">
    <p class='ocr_par' dir='ltr' id='par_1_81' title="bbox 1076 1831 1864 1871">
     <span class='ocr_line' id='line_1_81' title="bbox 1076 1831 1864 1871; baseline -0.006 -9"><span class='ocrx_word' id='word_1_542' title='bbox 1076 1835 1161 1871; x_wconf 83' lang='grc' dir='ltr'><strong>ἄνδρα</strong></span> <span class='ocrx_word' id='word_1_543' title='bbox 1185 1835 1245 1866; x_wconf 82' lang='grc' dir='ltr'><strong>ταῖς</strong></span> <span class='ocrx_word' id='word_1_544' title='bbox 1266 1834 1404 1870; x_wconf 82' lang='grc' dir='ltr'><strong>γοητείαις</strong></span> <span class='ocrx_word' id='word_1_545' title='bbox 1421 1834 1474 1860; x_wconf 84' lang='grc' dir='ltr'><strong>τῶν</strong></span> <span class='ocrx_word' id='word_1_546' title='bbox 1488 1833 1575 1868; x_wconf 87' lang='grc' dir='ltr'><strong>λόγων</strong></span> <span class='ocrx_word' id='word_1_547' title='bbox 1591 1833 1637 1859; x_wconf 75' lang='grc' dir='ltr'><strong>καὶ</strong></span> <span class='ocrx_word' id='word_1_548' title='bbox 1656 1831 1796 1867; x_wconf 75' lang='grc' dir='ltr'><strong>αἱμυλίαις</strong></span> <span class='ocrx_word' id='word_1_549' title='bbox 1809 1831 1864 1857; x_wconf 84' lang='grc' dir='ltr'><strong>τῶν</strong></span> 
     </span>
    </p>
   </div>
   <div class='ocr_carea' id='block_1_82' title="bbox 1075 1874 1864 1916">
    <p class='ocr_par' dir='ltr' id='par_1_82' title="bbox 1075 1874 1864 1916">
     <span class='ocr_line' id='line_1_82' title="bbox 1075 1874 1864 1916; baseline -0.008 -9"><span class='ocrx_word' id='word_1_550' title='bbox 1075 1881 1184 1916; x_wconf 82' lang='grc' dir='ltr'><strong>τρόπων</strong></span> <span class='ocrx_word' id='word_1_551' title='bbox 1197 1878 1478 1914; x_wconf 78' lang='grc' dir='ltr'><strong>κατασκευαζόμενος.</strong></span> <span class='ocrx_word' id='word_1_552' title='bbox 1501 1877 1663 1910; x_wconf 80' lang='grc' dir='ltr'><strong>Ἐπεγένετο</strong></span> <span class='ocrx_word' id='word_1_553' title='bbox 1678 1876 1706 1902; x_wconf 77' lang='grc' dir='ltr'><strong>δὲ</strong></span> <span class='ocrx_word' id='word_1_554' title='bbox 1722 1875 1770 1902; x_wconf 72' lang='grc' dir='ltr'><strong>καὶ</strong></span> <span class='ocrx_word' id='word_1_555' title='bbox 1794 1874 1864 1910; x_wconf 80' lang='grc' dir='ltr'><strong>ἄλλη</strong></span> 
     </span>
    </p>
   </div>
   <div class='ocr_carea' id='block_1_83' title="bbox 1075 1921 1865 1959">
    <p class='ocr_par' dir='ltr' id='par_1_83' title="bbox 1075 1921 1865 1959">
     <span class='ocr_line' id='line_1_83' title="bbox 1075 1921 1865 1959; baseline -0.009 -6"><span class='ocrx_word' id='word_1_556' title='bbox 1075 1935 1118 1958; x_wconf 85' lang='grc' dir='ltr'><strong>τις</strong></span> <span class='ocrx_word' id='word_1_557' title='bbox 1134 1926 1215 1958; x_wconf 74' lang='grc' dir='ltr'><strong>εὐθὺς</strong></span> <span class='ocrx_word' id='word_1_558' title='bbox 1233 1925 1398 1956; x_wconf 85' lang='grc' dir='ltr'><strong>οἰκειώσεως</strong></span> <span class='ocrx_word' id='word_1_559' title='bbox 1423 1923 1546 1959; x_wconf 75' lang='grc' dir='ltr'><strong>ἀφορμή.</strong></span> <span class='ocrx_word' id='word_1_560' title='bbox 1560 1922 1698 1957; x_wconf 80' lang='grc' dir='ltr'><strong>Θεόδωρον</strong></span> <span class='ocrx_word' id='word_1_561' title='bbox 1721 1921 1776 1956; x_wconf 77' lang='grc' dir='ltr'><strong>γὰρ</strong></span> <span class='ocrx_word' id='word_1_562' title='bbox 1793 1922 1865 1947; x_wconf 72' lang='grc' dir='ltr'><strong>ἐκεῖ·</strong></span> 
     </span>
    </p>
   </div>
   <div class='ocr_carea' id='block_1_84' title="bbox 1076 1967 1898 2008">
    <p class='ocr_par' dir='ltr' id='par_1_84' title="bbox 1076 1967 1898 2008">
     <span class='ocr_line' id='line_1_84' title="bbox 1076 1967 1898 2008; baseline -0.007 -10"><span class='ocrx_word' id='word_1_563' title='bbox 1076 1981 1121 1998; x_wconf 86' lang='grc' dir='ltr'><strong>νον</strong></span> <span class='ocrx_word' id='word_1_564' title='bbox 1136 1971 1199 2006; x_wconf 80' lang='grc' dir='ltr'><strong>ἄχρι</strong></span> <span class='ocrx_word' id='word_1_565' title='bbox 1213 1970 1260 1997; x_wconf 76' lang='grc' dir='ltr'><strong>τοῦ</strong></span> <span class='ocrx_word' id='word_1_566' title='bbox 1275 1971 1416 2008; x_wconf 76' lang='grc' dir='ltr'><strong>σχήματος</strong></span> <span class='ocrx_word' id='word_1_567' title='bbox 1430 1969 1484 1996; x_wconf 87' lang='grc' dir='ltr'><strong>τῶν</strong></span> <span class='ocrx_word' id='word_1_568' title='bbox 1502 1968 1619 2004; x_wconf 78' lang='grc' dir='ltr'><strong>ἱματίων</strong></span> <span class='ocrx_word' id='word_1_569' title='bbox 1633 1967 1732 1998; x_wconf 76' lang='grc' dir='ltr'><strong>ἀϐϐᾶν,</strong></span> <span class='ocrx_word' id='word_1_570' title='bbox 1749 1967 1862 1994; x_wconf 78' lang='grc' dir='ltr'><strong>πάντων</strong></span> <span class='ocrx_word' id='word_1_571' title='bbox 1895 2002 1898 2003; x_wconf 20' lang='grc' dir='ltr'><em>ν</em></span> 
     </span>
    </p>
   </div>
   <div class='ocr_carea' id='block_1_85' title="bbox 1076 2013 1863 2048">
    <p class='ocr_par' dir='ltr' id='par_1_85' title="bbox 1076 2013 1863 2048">
     <span class='ocr_line' id='line_1_85' title="bbox 1076 2013 1863 2048; baseline -0.008 -4"><span class='ocrx_word' id='word_1_572' title='bbox 1076 2017 1104 2044; x_wconf 79' lang='grc' dir='ltr'><strong>δὲ</strong></span> <span class='ocrx_word' id='word_1_573' title='bbox 1123 2016 1218 2043; x_wconf 84' lang='grc' dir='ltr'><strong>δεινῶν</strong></span> <span class='ocrx_word' id='word_1_574' title='bbox 1243 2017 1307 2043; x_wconf 73' lang='grc' dir='ltr'><strong>ὅντα</strong></span> <span class='ocrx_word' id='word_1_575' title='bbox 1321 2016 1483 2047; x_wconf 81' lang='grc' dir='ltr'><strong>δεινότατον,</strong></span> <span class='ocrx_word' id='word_1_576' title='bbox 1500 2015 1548 2041; x_wconf 71' lang='grc' dir='ltr'><strong>καὶ</strong></span> <span class='ocrx_word' id='word_1_577' title='bbox 1558 2013 1721 2048; x_wconf 82' lang='grc' dir='ltr'><strong>πανούργων</strong></span> <span class='ocrx_word' id='word_1_578' title='bbox 1742 2021 1863 2048; x_wconf 86' lang='grc' dir='ltr'><strong>πανουρ-</strong></span> 
     </span>
    </p>
   </div>
   <div class='ocr_carea' id='block_1_86' title="bbox 1075 2059 1862 2098">
    <p class='ocr_par' dir='ltr' id='par_1_86' title="bbox 1075 2059 1862 2098">
     <span class='ocr_line' id='line_1_86' title="bbox 1075 2059 1862 2098; baseline -0.006 -8"><span class='ocrx_word' id='word_1_579' title='bbox 1075 2064 1199 2098; x_wconf 84' lang='grc' dir='ltr'><strong>γότατον,</strong></span> <span class='ocrx_word' id='word_1_580' title='bbox 1216 2062 1262 2089; x_wconf 78' lang='grc' dir='ltr'><strong>τὸν</strong></span> <span class='ocrx_word' id='word_1_581' title='bbox 1277 2062 1485 2097; x_wconf 84' lang='grc' dir='ltr'><strong>Σανταϐαρηνδν</strong></span> <span class='ocrx_word' id='word_1_582' title='bbox 1500 2059 1549 2088; x_wconf 77' lang='grc' dir='ltr'><strong>οἷδ’</strong></span> <span class='ocrx_word' id='word_1_583' title='bbox 1563 2061 1604 2088; x_wconf 82' lang='grc' dir='ltr'><strong>ὅτι</strong></span> <span class='ocrx_word' id='word_1_584' title='bbox 1620 2060 1719 2091; x_wconf 85' lang='grc' dir='ltr'><strong>πάντες</strong></span> <span class='ocrx_word' id='word_1_585' title='bbox 1730 2059 1844 2086; x_wconf 87' lang='grc' dir='ltr'><strong>ἀκούετε</strong></span> <span class='ocrx_word' id='word_1_586' title='bbox 1854 2066 1862 2073; x_wconf 91' lang='grc'><strong>·</strong></span> 
     </span>
    </p>
   </div>
   <div class='ocr_carea' id='block_1_87' title="bbox 1075 2104 1866 2141">
    <p class='ocr_par' dir='ltr' id='par_1_87' title="bbox 1075 2104 1866 2141">
     <span class='ocr_line' id='line_1_87' title="bbox 1075 2104 1866 2141; baseline -0.008 -5"><span class='ocrx_word' id='word_1_587' title='bbox 1075 2109 1170 2137; x_wconf 77' lang='grc' dir='ltr'><strong>τοῦτον</strong></span> <span class='ocrx_word' id='word_1_588' title='bbox 1189 2110 1240 2136; x_wconf 82' lang='grc' dir='ltr'><strong>οὐκ</strong></span> <span class='ocrx_word' id='word_1_589' title='bbox 1258 2107 1305 2135; x_wconf 83' lang='grc' dir='ltr'><strong>οἷδ’</strong></span> <span class='ocrx_word' id='word_1_590' title='bbox 1326 2109 1400 2140; x_wconf 75' lang='grc' dir='ltr'><strong>ὅπως</strong></span> <span class='ocrx_word' id='word_1_591' title='bbox 1423 2109 1437 2134; x_wconf 89' lang='grc' dir='ltr'>ὁ</span> <span class='ocrx_word' id='word_1_592' title='bbox 1456 2107 1558 2138; x_wconf 77' lang='grc' dir='ltr'><strong>Φώτιος</strong></span> <span class='ocrx_word' id='word_1_593' title='bbox 1573 2105 1698 2141; x_wconf 76' lang='grc' dir='ltr'><strong>εὑρηκὼς</strong></span> <span class='ocrx_word' id='word_1_594' title='bbox 1725 2104 1791 2138; x_wconf 81' lang='grc' dir='ltr'><strong>(καὶ</strong></span> <span class='ocrx_word' id='word_1_595' title='bbox 1810 2104 1866 2139; x_wconf 86' lang='grc' dir='ltr'><strong>γὰρ</strong></span> 
     </span>
    </p>
   </div>
   <div class='ocr_carea' id='block_1_88' title="bbox 1076 2151 1864 2191">
    <p class='ocr_par' dir='ltr' id='par_1_88' title="bbox 1076 2151 1864 2191">
     <span class='ocr_line' id='line_1_88' title="bbox 1076 2151 1864 2191; baseline -0.009 -8"><span class='ocrx_word' id='word_1_596' title='bbox 1076 2156 1115 2190; x_wconf 87' lang='grc' dir='ltr'><strong>τῷ</strong></span> <span class='ocrx_word' id='word_1_597' title='bbox 1129 2155 1215 2191; x_wconf 83' lang='grc' dir='ltr'><strong>ὁμοίῳ</strong></span> <span class='ocrx_word' id='word_1_598' title='bbox 1228 2154 1322 2188; x_wconf 82' lang='grc' dir='ltr'><strong>αὑτοῦ,</strong></span> <span class='ocrx_word' id='word_1_599' title='bbox 1339 2154 1410 2181; x_wconf 77' lang='grc' dir='ltr'><strong>κατὰ</strong></span> <span class='ocrx_word' id='word_1_600' title='bbox 1421 2154 1471 2189; x_wconf 82' lang='grc' dir='ltr'><strong>τὴν</strong></span> <span class='ocrx_word' id='word_1_601' title='bbox 1488 2153 1648 2188; x_wconf 73' lang='grc' dir='ltr'><strong>παροιμίαν,</strong></span> <span class='ocrx_word' id='word_1_602' title='bbox 1657 2151 1864 2187; x_wconf 80' lang='grc' dir='ltr'><strong>προσκολληθή-</strong></span> 
     </span>
    </p>
   </div>
   <div class='ocr_carea' id='block_1_89' title="bbox 1077 2197 1862 2237">
    <p class='ocr_par' dir='ltr' id='par_1_89' title="bbox 1077 2197 1862 2237">
     <span class='ocr_line' id='line_1_89' title="bbox 1077 2197 1862 2237; baseline -0.008 -8"><span class='ocrx_word' id='word_1_603' title='bbox 1077 2211 1153 2229; x_wconf 84' lang='grc' dir='ltr'><strong>σεται</strong></span> <span class='ocrx_word' id='word_1_604' title='bbox 1167 2201 1259 2237; x_wconf 82' lang='grc' dir='ltr'><strong>ἀνὴρ),</strong></span> <span class='ocrx_word' id='word_1_605' title='bbox 1276 2202 1313 2233; x_wconf 89' lang='grc' dir='ltr'><strong>ὼς</strong></span> <span class='ocrx_word' id='word_1_606' title='bbox 1332 2201 1415 2235; x_wconf 76' lang='grc' dir='ltr'><strong>ἄνδρα</strong></span> <span class='ocrx_word' id='word_1_607' title='bbox 1439 2200 1526 2233; x_wconf 85' lang='grc' dir='ltr'><strong>ἃγιον,</strong></span> <span class='ocrx_word' id='word_1_608' title='bbox 1545 2200 1593 2225; x_wconf 81' lang='grc' dir='ltr'><strong>καὶ</strong></span> <span class='ocrx_word' id='word_1_609' title='bbox 1622 2197 1862 2233; x_wconf 85' lang='grc' dir='ltr'><strong>διορατικώτατον,</strong></span> 
     </span>
    </p>
   </div>
   <div class='ocr_carea' id='block_1_90' title="bbox 233 2243 1023 2282">
    <p class='ocr_par' dir='ltr' id='par_1_90' title="bbox 233 2246 1023 2281">
     <span class='ocr_line' id='line_1_90' title="bbox 233 2246 1023 2281; baseline 0.003 -10"><span class='ocrx_word' id='word_1_610' title='bbox 233 2246 365 2273; x_wconf 72' lang='lat' dir='ltr'><strong>evocandi</strong></span> <span class='ocrx_word' id='word_1_611' title='bbox 382 2247 487 2274; x_wconf 86' lang='lat' dir='ltr'><strong>artibus</strong></span> <span class='ocrx_word' id='word_1_612' title='bbox 507 2247 621 2281; x_wconf 80' lang='lat' dir='ltr'><strong>insignis</strong></span> <span class='ocrx_word' id='word_1_613' title='bbox 641 2246 792 2274; x_wconf 83' lang='lat' dir='ltr'><strong>habebatur</strong></span> <span class='ocrx_word' id='word_1_614' title='bbox 808 2255 815 2273; x_wconf 91' lang='lat'>:</span> <span class='ocrx_word' id='word_1_615' title='bbox 845 2247 918 2274; x_wconf 89' lang='lat' dir='ltr'><strong>hunc</strong></span> <span class='ocrx_word' id='word_1_616' title='bbox 934 2246 1023 2281; x_wconf 81' lang='lat' dir='ltr'><strong>impe-</strong></span> 
     </span>
    </p>
   </div>
   <div class='ocr_carea' id='block_1_91' title="bbox 1075 2243 1861 2282">
    <p class='ocr_par' dir='ltr' id='par_1_91' title="bbox 1076 2243 1861 2282">
     <span class='ocr_line' id='line_1_91' title="bbox 1076 2243 1861 2282; baseline -0.005 -9"><span class='ocrx_word' id='word_1_617' title='bbox 1076 2248 1123 2273; x_wconf 83' lang='grc' dir='ltr'><strong>καὶ</strong></span> <span class='ocrx_word' id='word_1_618' title='bbox 1151 2244 1501 2282; x_wconf 80' lang='grc' dir='ltr'><strong>προφητικώτατον,ταῦτα</strong></span> <span class='ocrx_word' id='word_1_619' title='bbox 1523 2244 1571 2278; x_wconf 78' lang='grc' dir='ltr'><strong>μὲν</strong></span> <span class='ocrx_word' id='word_1_620' title='bbox 1597 2243 1648 2270; x_wconf 83' lang='grc' dir='ltr'><strong>οὒκ</strong></span> <span class='ocrx_word' id='word_1_621' title='bbox 1671 2243 1747 2275; x_wconf 71' lang='grc' dir='ltr'><strong>ὄντα,</strong></span> <span class='ocrx_word' id='word_1_622' title='bbox 1763 2243 1861 2276; x_wconf 74' lang='grc' dir='ltr'><strong>πόθενς</strong></span> 
     </span>
    </p>
   </div>
   <div class='ocr_carea' id='block_1_92' title="bbox 235 2292 1021 2327">
    <p class='ocr_par' dir='ltr' id='par_1_92' title="bbox 235 2292 1021 2327">
     <span class='ocr_line' id='line_1_92' title="bbox 235 2292 1021 2327; baseline 0.001 -9"><span class='ocrx_word' id='word_1_623' title='bbox 235 2292 319 2318; x_wconf 79' lang='lat' dir='ltr'><strong>ratori</strong></span> <span class='ocrx_word' id='word_1_624' title='bbox 346 2293 437 2324; x_wconf 79' lang='lat' dir='ltr'><strong>sistit,</strong></span> <span class='ocrx_word' id='word_1_625' title='bbox 470 2293 664 2327; x_wconf 89' lang='lat' dir='ltr'><strong>immensisque</strong></span> <span class='ocrx_word' id='word_1_626' title='bbox 695 2293 861 2321; x_wconf 87' lang='lat' dir='ltr'><strong>celebratum</strong></span> <span class='ocrx_word' id='word_1_627' title='bbox 892 2293 1021 2327; x_wconf 77' lang='lat' dir='ltr'><strong>laudibus</strong></span> 
     </span>
    </p>
   </div>
   <div class='ocr_carea' id='block_1_93' title="bbox 236 2337 1023 2373">
    <p class='ocr_par' dir='ltr' id='par_1_93' title="bbox 236 2337 1023 2373">
     <span class='ocr_line' id='line_1_93' title="bbox 236 2337 1023 2373; baseline 0.003 -10"><span class='ocrx_word' id='word_1_628' title='bbox 236 2338 420 2364; x_wconf 67' lang='lat' dir='ltr'><strong>commendat.</strong></span> <span class='ocrx_word' id='word_1_629' title='bbox 437 2337 561 2373; x_wconf 84' lang='lat' dir='ltr'><strong>Cumque</strong></span> <span class='ocrx_word' id='word_1_630' title='bbox 575 2338 631 2373; x_wconf 87' lang='lat' dir='ltr'><strong>jam</strong></span> <span class='ocrx_word' id='word_1_631' title='bbox 649 2339 812 2372; x_wconf 85' lang='lat' dir='ltr'><strong>imperatore</strong></span> <span class='ocrx_word' id='word_1_632' title='bbox 828 2339 924 2365; x_wconf 90' lang='lat' dir='ltr'><strong>intimo</strong></span> <span class='ocrx_word' id='word_1_633' title='bbox 944 2337 1023 2365; x_wconf 78' lang='lat' dir='ltr'><strong>fatui-</strong></span> 
     </span>
    </p>
   </div>
   <div class='ocr_carea' id='block_1_94' title="bbox 234 2382 1023 2420">
    <p class='ocr_par' dir='ltr' id='par_1_94' title="bbox 234 2382 1023 2420">
     <span class='ocr_line' id='line_1_94' title="bbox 234 2382 1023 2420; baseline 0.005 -12"><span class='ocrx_word' id='word_1_634' title='bbox 234 2382 437 2418; x_wconf 89' lang='lat' dir='ltr'><strong>liarissimoque</strong></span> <span class='ocrx_word' id='word_1_635' title='bbox 450 2388 581 2418; x_wconf 84' lang='lat' dir='ltr'><strong>uteretu_r,</strong></span> <span class='ocrx_word' id='word_1_636' title='bbox 597 2384 710 2412; x_wconf 87' lang='lat' dir='ltr'><strong>Photius</strong></span> <span class='ocrx_word' id='word_1_637' title='bbox 722 2392 770 2419; x_wconf 89' lang='lat' dir='ltr'><strong>per</strong></span> <span class='ocrx_word' id='word_1_638' title='bbox 787 2392 849 2412; x_wconf 89' lang='lat' dir='ltr'><strong>eum</strong></span> <span class='ocrx_word' id='word_1_639' title='bbox 861 2385 1023 2420; x_wconf 71' lang='lat' dir='ltr'><strong>patriarcha:</strong></span> 
     </span>
    </p>
   </div>
   <div class='ocr_carea' id='block_1_95' title="bbox 234 2428 1023 2465">
    <p class='ocr_par' dir='ltr' id='par_1_95' title="bbox 234 2428 1023 2465">
     <span class='ocr_line' id='line_1_95' title="bbox 234 2428 1023 2465; baseline 0.001 -10"><span class='ocrx_word' id='word_1_640' title='bbox 234 2428 340 2463; x_wconf 77' lang='lat' dir='ltr'><strong>lgnalio</strong></span> <span class='ocrx_word' id='word_1_641' title='bbox 353 2429 504 2461; x_wconf 83' lang='lat' dir='ltr'><strong>insidiatur.</strong></span> <span class='ocrx_word' id='word_1_642' title='bbox 514 2430 660 2465; x_wconf 85' lang='lat' dir='ltr'><strong>sedemque</strong></span> <span class='ocrx_word' id='word_1_643' title='bbox 678 2431 807 2458; x_wconf 86' lang='lat' dir='ltr'><strong>amissam</strong></span> <span class='ocrx_word' id='word_1_644' title='bbox 823 2431 929 2458; x_wconf 85' lang='lat' dir='ltr'><strong>occulte</strong></span> <span class='ocrx_word' id='word_1_645' title='bbox 945 2439 1023 2457; x_wconf 84' lang='lat' dir='ltr'><strong>recn-</strong></span> 
     </span>
    </p>
   </div>
   <div class='ocr_carea' id='block_1_96' title="bbox 234 2476 1023 2511">
    <p class='ocr_par' dir='ltr' id='par_1_96' title="bbox 234 2476 1023 2511">
     <span class='ocr_line' id='line_1_96' title="bbox 234 2476 1023 2511; baseline 0.004 -10"><span class='ocrx_word' id='word_1_646' title='bbox 234 2482 331 2508; x_wconf 89' lang='lat' dir='ltr'><strong>perare</strong></span> <span class='ocrx_word' id='word_1_647' title='bbox 347 2480 480 2508; x_wconf 85' lang='lat' dir='ltr'><strong>conatur,</strong></span> <span class='ocrx_word' id='word_1_648' title='bbox 506 2476 614 2511; x_wconf 88' lang='lat' dir='ltr'><strong>sibique</strong></span> <span class='ocrx_word' id='word_1_649' title='bbox 637 2477 727 2504; x_wconf 92' lang='lat' dir='ltr'><strong>denuo</strong></span> <span class='ocrx_word' id='word_1_650' title='bbox 748 2477 866 2504; x_wconf 87' lang='lat' dir='ltr'><strong>reditum</strong></span> <span class='ocrx_word' id='word_1_651' title='bbox 891 2477 1023 2511; x_wconf 66' lang='lat' dir='ltr'><strong>sacrilege</strong></span> 
     </span>
    </p>
   </div>
   <div class='ocr_carea' id='block_1_97' title="bbox 233 2520 1023 2557">
    <p class='ocr_par' dir='ltr' id='par_1_97' title="bbox 233 2520 1023 2557">
     <span class='ocr_line' id='line_1_97' title="bbox 233 2520 1023 2557; baseline 0.004 -11"><span class='ocrx_word' id='word_1_652' title='bbox 233 2525 383 2555; x_wconf 82' lang='lat' dir='ltr'><strong>comparat.</strong></span> <span class='ocrx_word' id='word_1_653' title='bbox 397 2520 475 2554; x_wconf 84' lang='lat' dir='ltr'><strong>Quod</strong></span> <span class='ocrx_word' id='word_1_654' title='bbox 486 2527 575 2549; x_wconf 89' lang='lat' dir='ltr'><strong>tamen</strong></span> <span class='ocrx_word' id='word_1_655' title='bbox 587 2521 631 2549; x_wconf 91' lang='lat' dir='ltr'><strong>ubi</strong></span> <span class='ocrx_word' id='word_1_656' title='bbox 646 2521 703 2549; x_wconf 82' lang='lat' dir='ltr'><strong>lore</strong></span> <span class='ocrx_word' id='word_1_657' title='bbox 714 2522 821 2549; x_wconf 88' lang='lat' dir='ltr'><strong>dillicile</strong></span> <span class='ocrx_word' id='word_1_658' title='bbox 833 2523 930 2554; x_wconf 87' lang='lat' dir='ltr'><strong>sensit,</strong></span> <span class='ocrx_word' id='word_1_659' title='bbox 944 2530 1023 2557; x_wconf 86' lang='lat' dir='ltr'><strong>aper-</strong></span> 
     </span>
    </p>
   </div>
   <div class='ocr_carea' id='block_1_98' title="bbox 234 2567 1023 2599">
    <p class='ocr_par' dir='ltr' id='par_1_98' title="bbox 234 2567 1023 2599">
     <span class='ocr_line' id='line_1_98' title="bbox 234 2567 1023 2599; baseline 0.003 -7"><span class='ocrx_word' id='word_1_660' title='bbox 234 2571 270 2596; x_wconf 87' lang='lat' dir='ltr'><strong>te,</strong></span> <span class='ocrx_word' id='word_1_661' title='bbox 295 2571 325 2594; x_wconf 86' lang='lat' dir='ltr'><strong>ut</strong></span> <span class='ocrx_word' id='word_1_662' title='bbox 347 2567 373 2593; x_wconf 92' lang='lat' dir='ltr'><strong>in</strong></span> <span class='ocrx_word' id='word_1_663' title='bbox 396 2568 577 2595; x_wconf 86' lang='lat' dir='ltr'><strong>sacerdotium</strong></span> <span class='ocrx_word' id='word_1_664' title='bbox 599 2569 798 2599; x_wconf 79' lang='lat' dir='ltr'><strong>restitueretur,</strong></span> <span class='ocrx_word' id='word_1_665' title='bbox 815 2576 829 2596; x_wconf 90' lang='lat' dir='ltr'><strong>a</strong></span> <span class='ocrx_word' id='word_1_666' title='bbox 851 2569 908 2595; x_wconf 76' lang='lat' dir='ltr'><strong>viro</strong></span> <span class='ocrx_word' id='word_1_667' title='bbox 926 2573 1023 2596; x_wconf 87' lang='lat' dir='ltr'><strong>sancto</strong></span> 
     </span>
    </p>
   </div>
   <div class='ocr_carea' id='block_1_99' title="bbox 233 2611 1022 2648">
    <p class='ocr_par' dir='ltr' id='par_1_99' title="bbox 233 2611 1022 2648">
     <span class='ocr_line' id='line_1_99' title="bbox 233 2611 1022 2648; baseline 0.004 -12"><span class='ocrx_word' id='word_1_668' title='bbox 233 2611 307 2637; x_wconf 86' lang='lat' dir='ltr'><strong>omni</strong></span> <span class='ocrx_word' id='word_1_669' title='bbox 325 2619 376 2646; x_wconf 90' lang='lat' dir='ltr'><strong>ope</strong></span> <span class='ocrx_word' id='word_1_670' title='bbox 394 2613 547 2639; x_wconf 78' lang='lat' dir='ltr'><strong>eontendil.</strong></span> <span class='ocrx_word' id='word_1_671' title='bbox 571 2612 623 2640; x_wconf 89' lang='lat' dir='ltr'><strong>Sed</strong></span> <span class='ocrx_word' id='word_1_672' title='bbox 638 2613 792 2648; x_wconf 82' lang='lat' dir='ltr'><strong>patriarcha</strong></span> <span class='ocrx_word' id='word_1_673' title='bbox 811 2621 947 2641; x_wconf 84' lang='lat' dir='ltr'><strong>canonum</strong></span> <span class='ocrx_word' id='word_1_674' title='bbox 978 2613 1022 2640; x_wconf 83' lang='lat' dir='ltr'><strong>di-</strong></span> 
     </span>
    </p>
   </div>
   <div class='ocr_carea' id='block_1_100' title="bbox 232 2657 1024 2694">
    <p class='ocr_par' dir='ltr' id='par_1_100' title="bbox 232 2657 1024 2694">
     <span class='ocr_line' id='line_1_100' title="bbox 232 2657 1024 2694; baseline 0.006 -12"><span class='ocrx_word' id='word_1_675' title='bbox 232 2657 370 2691; x_wconf 88' lang='lat' dir='ltr'><strong>vinorum,</strong></span> <span class='ocrx_word' id='word_1_676' title='bbox 389 2659 532 2694; x_wconf 80' lang='lat' dir='ltr'><strong>legumque</strong></span> <span class='ocrx_word' id='word_1_677' title='bbox 548 2659 796 2688; x_wconf 83' lang='lat' dir='ltr'><strong>ecclesiasticarum</strong></span> <span class='ocrx_word' id='word_1_678' title='bbox 815 2660 1024 2688; x_wconf 79' lang='lat' dir='ltr'><strong>observantissi-</strong></span> 
     </span>
    </p>
   </div>
   <div class='ocr_carea' id='block_1_101' title="bbox 233 2704 1021 2737">
    <p class='ocr_par' dir='ltr' id='par_1_101' title="bbox 233 2704 1021 2737">
     <span class='ocr_line' id='line_1_101' title="bbox 233 2704 1021 2737; baseline 0.004 -9"><span class='ocrx_word' id='word_1_679' title='bbox 233 2710 305 2735; x_wconf 88' lang='lat' dir='ltr'><strong>mus,</strong></span> <span class='ocrx_word' id='word_1_680' title='bbox 325 2705 433 2731; x_wconf 85' lang='lat' dir='ltr'><strong>tametsi</strong></span> <span class='ocrx_word' id='word_1_681' title='bbox 449 2704 623 2732; x_wconf 88' lang='lat' dir='ltr'><strong>vehementer</strong></span> <span class='ocrx_word' id='word_1_682' title='bbox 643 2706 818 2737; x_wconf 85' lang='lat' dir='ltr'><strong>sollicitatus,</strong></span> <span class='ocrx_word' id='word_1_683' title='bbox 841 2705 915 2732; x_wconf 91' lang='lat' dir='ltr'><strong>illum</strong></span> <span class='ocrx_word' id='word_1_684' title='bbox 932 2709 1021 2732; x_wconf 89' lang='lat' dir='ltr'><strong>tamen</strong></span> 
     </span>
    </p>
   </div>
   <div class='ocr_carea' id='block_1_102' title="bbox 234 2747 1022 2786">
    <p class='ocr_par' dir='ltr' id='par_1_102' title="bbox 234 2747 1022 2786">
     <span class='ocr_line' id='line_1_102' title="bbox 234 2747 1022 2786; baseline 0.004 -12"><span class='ocrx_word' id='word_1_685' title='bbox 234 2747 306 2775; x_wconf 86' lang='lat' dir='ltr'><strong>haud</strong></span> <span class='ocrx_word' id='word_1_686' title='bbox 323 2749 443 2783; x_wconf 80' lang='lat' dir='ltr'><strong>admisit,</strong></span> <span class='ocrx_word' id='word_1_687' title='bbox 460 2757 510 2778; x_wconf 89' lang='lat' dir='ltr'><strong>nec</strong></span> <span class='ocrx_word' id='word_1_688' title='bbox 522 2751 655 2786; x_wconf 77' lang='lat' dir='ltr'><strong>grassanti</strong></span> <span class='ocrx_word' id='word_1_689' title='bbox 673 2751 737 2786; x_wconf 91' lang='lat' dir='ltr'><strong>lupo</strong></span> <span class='ocrx_word' id='word_1_690' title='bbox 752 2751 868 2778; x_wconf 86' lang='lat' dir='ltr'><strong>reditum</strong></span> <span class='ocrx_word' id='word_1_691' title='bbox 877 2750 912 2778; x_wconf 86' lang='lat' dir='ltr'><strong>ad</strong></span> <span class='ocrx_word' id='word_1_692' title='bbox 921 2750 1022 2778; x_wconf 86' lang='lat' dir='ltr'><strong>Christi</strong></span> 
     </span>
    </p>
   </div>
   <div class='ocr_carea' id='block_1_103' title="bbox 234 2793 1023 2833">
    <p class='ocr_par' dir='ltr' id='par_1_103' title="bbox 234 2793 1023 2833">
     <span class='ocr_line' id='line_1_103' title="bbox 234 2793 1023 2833; baseline 0.005 -15"><span class='ocrx_word' id='word_1_693' title='bbox 234 2793 340 2820; x_wconf 68' lang='lat' dir='ltr'><strong>caulam</strong></span> <span class='ocrx_word' id='word_1_694' title='bbox 353 2794 475 2828; x_wconf 87' lang='lat' dir='ltr'><strong>indulsit,</strong></span> <span class='ocrx_word' id='word_1_695' title='bbox 487 2803 520 2822; x_wconf 89' lang='lat' dir='ltr'><strong>ne</strong></span> <span class='ocrx_word' id='word_1_696' title='bbox 529 2803 620 2824; x_wconf 88' lang='lat' dir='ltr'><strong>secum</strong></span> <span class='ocrx_word' id='word_1_697' title='bbox 631 2797 688 2830; x_wconf 88' lang='lat' dir='ltr'><strong>ipse</strong></span> <span class='ocrx_word' id='word_1_698' title='bbox 699 2800 841 2830; x_wconf 79' lang='lat' dir='ltr'><strong>pugnaret.</strong></span> <span class='ocrx_word' id='word_1_699' title='bbox 850 2802 968 2833; x_wconf 87' lang='lat' dir='ltr'><strong>suasque</strong></span> <span class='ocrx_word' id='word_1_700' title='bbox 979 2803 1023 2830; x_wconf 91' lang='lat' dir='ltr'><strong>op-</strong></span> 
     </span>
    </p>
   </div>
   <div class='ocr_carea' id='block_1_104' title="bbox 235 2841 1021 2877">
    <p class='ocr_par' dir='ltr' id='par_1_104' title="bbox 235 2841 1021 2877">
     <span class='ocr_line' id='line_1_104' title="bbox 235 2841 1021 2877; baseline 0.006 -14"><span class='ocrx_word' id='word_1_701' title='bbox 235 2845 365 2873; x_wconf 64' lang='lat' dir='ltr'><strong>pugnaret</strong></span> <span class='ocrx_word' id='word_1_702' title='bbox 387 2842 610 2876; x_wconf 70' lang='lat' dir='ltr'><strong>subscriptiones.</strong></span> <span class='ocrx_word' id='word_1_703' title='bbox 624 2843 777 2877; x_wconf 89' lang='lat' dir='ltr'><strong>meritoque</strong></span> <span class='ocrx_word' id='word_1_704' title='bbox 793 2841 890 2870; x_wconf 88' lang='lat' dir='ltr'><strong>deinde</strong></span> <span class='ocrx_word' id='word_1_705' title='bbox 898 2841 930 2869; x_wconf 83' lang='lat' dir='ltr'><strong>de</strong></span> <span class='ocrx_word' id='word_1_706' title='bbox 937 2842 1021 2877; x_wconf 76' lang='lat' dir='ltr'><strong>gradu</strong></span> 
     </span>
    </p>
   </div>
   <div class='ocr_carea' id='block_1_105' title="bbox 232 2884 1028 2925">
    <p class='ocr_par' dir='ltr' id='par_1_105' title="bbox 232 2884 1028 2925">
     <span class='ocr_line' id='line_1_105' title="bbox 232 2884 1028 2925; baseline 0.003 -12"><span class='ocrx_word' id='word_1_707' title='bbox 232 2884 370 2919; x_wconf 75' lang='lat' dir='ltr'><strong>dignitatis</strong></span> <span class='ocrx_word' id='word_1_708' title='bbox 378 2888 577 2917; x_wconf 60' lang='lat' dir='ltr'><strong>deturbaretur.</strong></span> <span class='ocrx_word' id='word_1_709' title='bbox 586 2888 652 2916; x_wconf 71' lang='lat' dir='ltr'><strong>Nam</strong></span> <span class='ocrx_word' id='word_1_710' title='bbox 663 2896 677 2918; x_wconf 82' lang='lat' dir='ltr'><strong>a</strong></span> <span class='ocrx_word' id='word_1_711' title='bbox 691 2889 794 2925; x_wconf 85' lang='lat' dir='ltr'><strong>synodo</strong></span> <span class='ocrx_word' id='word_1_712' title='bbox 801 2889 851 2917; x_wconf 90' lang='lat' dir='ltr'><strong>rite</strong></span> <span class='ocrx_word' id='word_1_713' title='bbox 859 2894 1028 2917; x_wconf 82' lang='lat' dir='ltr'><strong>cxauctora-.</strong></span> 
     </span>
    </p>
   </div>
   <div class='ocr_carea' id='block_1_106' title="bbox 1074 2288 1862 2326">
    <p class='ocr_par' dir='ltr' id='par_1_106' title="bbox 1074 2288 1862 2326">
     <span class='ocr_line' id='line_1_106' title="bbox 1074 2288 1862 2326; baseline -0.006 -6"><span class='ocrx_word' id='word_1_714' title='bbox 1074 2293 1206 2326; x_wconf 82' lang='grc' dir='ltr'><strong>πολλοῦγε</strong></span> <span class='ocrx_word' id='word_1_715' title='bbox 1231 2293 1278 2319; x_wconf 79' lang='grc' dir='ltr'><strong>καὶ</strong></span> <span class='ocrx_word' id='word_1_716' title='bbox 1290 2292 1345 2318; x_wconf 79' lang='grc' dir='ltr'><strong>δεῖ¹</strong></span> <span class='ocrx_word' id='word_1_717' title='bbox 1365 2291 1497 2326; x_wconf 81' lang='grc' dir='ltr'><strong>μαντικῆς</strong></span> <span class='ocrx_word' id='word_1_718' title='bbox 1511 2290 1550 2323; x_wconf 75' lang='grc' dir='ltr'><strong>δὲ,</strong></span> <span class='ocrx_word' id='word_1_719' title='bbox 1569 2289 1668 2325; x_wconf 75' lang='grc' dir='ltr'><strong>μᾶλλον</strong></span> <span class='ocrx_word' id='word_1_720' title='bbox 1684 2289 1712 2316; x_wconf 74' lang='grc' dir='ltr'><strong>δὲ</strong></span> <span class='ocrx_word' id='word_1_721' title='bbox 1728 2288 1862 2324; x_wconf 83' lang='grc' dir='ltr'><strong>μαγικῆς,</strong></span> 
     </span>
    </p>
   </div>
   <div class='ocr_carea' id='block_1_107' title="bbox 1075 2335 1863 2373">
    <p class='ocr_par' dir='ltr' id='par_1_107' title="bbox 1075 2335 1863 2373">
     <span class='ocr_line' id='line_1_107' title="bbox 1075 2335 1863 2373; baseline -0.005 -8"><span class='ocrx_word' id='word_1_722' title='bbox 1075 2339 1151 2373; x_wconf 76' lang='grc' dir='ltr'><strong>φασὶ,</strong></span> <span class='ocrx_word' id='word_1_723' title='bbox 1167 2338 1215 2365; x_wconf 72' lang='grc' dir='ltr'><strong>καὶ</strong></span> <span class='ocrx_word' id='word_1_724' title='bbox 1230 2337 1458 2373; x_wconf 81' lang='grc' dir='ltr'><strong>ὸνειροκριτικῆς,</strong></span> <span class='ocrx_word' id='word_1_725' title='bbox 1474 2337 1534 2372; x_wconf 78' lang='grc' dir='ltr'><strong>ἦτοι</strong></span> <span class='ocrx_word' id='word_1_726' title='bbox 1551 2336 1744 2372; x_wconf 81' lang='grc' dir='ltr'><strong>δαιμονιώδους</strong></span> <span class='ocrx_word' id='word_1_727' title='bbox 1767 2335 1863 2369; x_wconf 80' lang='grc' dir='ltr'><strong>σοφίας</strong></span> 
     </span>
    </p>
   </div>
   <div class='ocr_carea' id='block_1_108' title="bbox 1074 2382 1862 2419">
    <p class='ocr_par' dir='ltr' id='par_1_108' title="bbox 1074 2382 1862 2419">
     <span class='ocr_line' id='line_1_108' title="bbox 1074 2382 1862 2419; baseline -0.004 -8"><span class='ocrx_word' id='word_1_728' title='bbox 1074 2385 1121 2412; x_wconf 78' lang='grc' dir='ltr'><strong>καὶ</strong></span> <span class='ocrx_word' id='word_1_729' title='bbox 1132 2385 1250 2419; x_wconf 80' lang='grc' dir='ltr'><strong>ψυχικῆς</strong></span> <span class='ocrx_word' id='word_1_730' title='bbox 1267 2383 1454 2418; x_wconf 82' lang='grc' dir='ltr'><strong>μετεσχηκότα</strong></span> <span class='ocrx_word' id='word_1_731' title='bbox 1466 2382 1504 2418; x_wconf 84' lang='grc' dir='ltr'><strong>τῷ</strong></span> <span class='ocrx_word' id='word_1_732' title='bbox 1519 2382 1701 2417; x_wconf 76' lang='grc' dir='ltr'><strong>αὐτοκράτορι</strong></span> <span class='ocrx_word' id='word_1_733' title='bbox 1715 2383 1862 2418; x_wconf 67' lang='grc' dir='ltr'><strong>προσάγει,</strong></span> 
     </span>
    </p>
   </div>
   <div class='ocr_carea' id='block_1_109' title="bbox 1074 2428 1863 2465">
    <p class='ocr_par' dir='ltr' id='par_1_109' title="bbox 1074 2428 1863 2465">
     <span class='ocr_line' id='line_1_109' title="bbox 1074 2428 1863 2465; baseline -0.003 -9"><span class='ocrx_word' id='word_1_734' title='bbox 1074 2430 1120 2457; x_wconf 80' lang='grc' dir='ltr'><strong>καὶ</strong></span> <span class='ocrx_word' id='word_1_735' title='bbox 1148 2429 1255 2465; x_wconf 85' lang='grc' dir='ltr'><strong>μυρίοις</strong></span> <span class='ocrx_word' id='word_1_736' title='bbox 1289 2429 1410 2460; x_wconf 77' lang='grc' dir='ltr'><strong>ἐπαίνοις</strong></span> <span class='ocrx_word' id='word_1_737' title='bbox 1427 2429 1594 2463; x_wconf 86' lang='grc' dir='ltr'><strong>προσσικιιιοί</strong></span> <span class='ocrx_word' id='word_1_738' title='bbox 1609 2437 1617 2444; x_wconf 87' lang='grc'>·</span> <span class='ocrx_word' id='word_1_739' title='bbox 1644 2429 1691 2455; x_wconf 75' lang='grc' dir='ltr'><strong>καὶ</strong></span> <span class='ocrx_word' id='word_1_740' title='bbox 1719 2428 1863 2462; x_wconf 78' lang='grc' dir='ltr'><strong>ὲγκόλπιον</strong></span> 
     </span>
    </p>
   </div>
   <div class='ocr_carea' id='block_1_110' title="bbox 1074 2473 1862 2510">
    <p class='ocr_par' dir='ltr' id='par_1_110' title="bbox 1074 2473 1862 2510">
     <span class='ocr_line' id='line_1_110' title="bbox 1074 2473 1862 2510; baseline -0.003 -9"><span class='ocrx_word' id='word_1_741' title='bbox 1074 2475 1149 2510; x_wconf 78' lang='grc' dir='ltr'><strong>αὐτῷ</strong></span> <span class='ocrx_word' id='word_1_742' title='bbox 1172 2475 1367 2510; x_wconf 83' lang='grc' dir='ltr'><strong>ποιησάμενος,</strong></span> <span class='ocrx_word' id='word_1_743' title='bbox 1382 2475 1420 2510; x_wconf 88' lang='grc' dir='ltr'><strong>τῷ</strong></span> <span class='ocrx_word' id='word_1_744' title='bbox 1440 2475 1597 2510; x_wconf 83' lang='grc' dir='ltr'><strong>πατριάρχῃ</strong></span> <span class='ocrx_word' id='word_1_745' title='bbox 1614 2483 1664 2510; x_wconf 89' lang='grc' dir='ltr'><strong>μεν</strong></span> <span class='ocrx_word' id='word_1_746' title='bbox 1684 2473 1862 2504; x_wconf 69' lang='grc' dir='ltr'><strong>ἐπεϐούλευε.</strong></span> 
     </span>
    </p>
   </div>
   <div class='ocr_carea' id='block_1_111' title="bbox 1075 2521 1865 2557">
    <p class='ocr_par' dir='ltr' id='par_1_111' title="bbox 1075 2521 1865 2557">
     <span class='ocr_line' id='line_1_111' title="bbox 1075 2521 1865 2557; baseline -0.001 -10"><span class='ocrx_word' id='word_1_747' title='bbox 1075 2522 1122 2548; x_wconf 75' lang='grc' dir='ltr'><strong>καὶ</strong></span> <span class='ocrx_word' id='word_1_748' title='bbox 1139 2522 1189 2556; x_wconf 85' lang='grc' dir='ltr'><strong>τὴν</strong></span> <span class='ocrx_word' id='word_1_749' title='bbox 1205 2521 1259 2548; x_wconf 78' lang='grc' dir='ltr'><strong>ἀπὸ</strong></span> <span class='ocrx_word' id='word_1_750' title='bbox 1281 2521 1328 2547; x_wconf 74' lang='grc' dir='ltr'><strong>τοῦ</strong></span> <span class='ocrx_word' id='word_1_751' title='bbox 1350 2521 1549 2557; x_wconf 83' lang='grc' dir='ltr'><strong>πατριαρχείου</strong></span> <span class='ocrx_word' id='word_1_752' title='bbox 1578 2521 1651 2556; x_wconf 77' lang='grc' dir='ltr'><strong>ρίψιν</strong></span> <span class='ocrx_word' id='word_1_753' title='bbox 1664 2521 1698 2547; x_wconf 78' lang='grc' dir='ltr'><strong>δι’</strong></span> <span class='ocrx_word' id='word_1_754' title='bbox 1715 2521 1797 2547; x_wconf 82' lang='grc' dir='ltr'><strong>αὑτοῦ</strong></span> <span class='ocrx_word' id='word_1_755' title='bbox 1816 2521 1865 2555; x_wconf 86' lang='grc' dir='ltr'><strong>βα-</strong></span> 
     </span>
    </p>
   </div>
   <div class='ocr_carea' id='block_1_112' title="bbox 1075 2565 1862 2601">
    <p class='ocr_par' dir='ltr' id='par_1_112' title="bbox 1075 2565 1862 2601">
     <span class='ocr_line' id='line_1_112' title="bbox 1075 2565 1862 2601; baseline -0.003 -8"><span class='ocrx_word' id='word_1_756' title='bbox 1075 2567 1143 2598; x_wconf 79' lang='grc' dir='ltr'><strong>θέως</strong></span> <span class='ocrx_word' id='word_1_757' title='bbox 1156 2567 1268 2599; x_wconf 74' lang='grc' dir='ltr'><strong>ἐπάγειν</strong></span> <span class='ocrx_word' id='word_1_758' title='bbox 1283 2567 1424 2601; x_wconf 74' lang='grc' dir='ltr'><strong>ἐπειρᾶτο,</strong></span> <span class='ocrx_word' id='word_1_759' title='bbox 1439 2566 1527 2601; x_wconf 79' lang='grc' dir='ltr'><strong>ἑαυτῷ</strong></span> <span class='ocrx_word' id='word_1_760' title='bbox 1547 2567 1575 2593; x_wconf 62' lang='grc' dir='ltr'><strong>δὲ</strong></span> <span class='ocrx_word' id='word_1_761' title='bbox 1589 2565 1668 2598; x_wconf 81' lang='grc' dir='ltr'><strong>αὖθις</strong></span> <span class='ocrx_word' id='word_1_762' title='bbox 1687 2566 1795 2601; x_wconf 82' lang='grc' dir='ltr'><strong>ἀνόμως</strong></span> <span class='ocrx_word' id='word_1_763' title='bbox 1812 2566 1862 2601; x_wconf 88' lang='grc' dir='ltr'><strong>τὴν</strong></span> 
     </span>
    </p>
   </div>
   <div class='ocr_carea' id='block_1_113' title="bbox 1073 2612 1862 2647">
    <p class='ocr_par' dir='ltr' id='par_1_113' title="bbox 1073 2612 1862 2647">
     <span class='ocr_line' id='line_1_113' title="bbox 1073 2612 1862 2647; baseline -0.003 -7"><span class='ocrx_word' id='word_1_764' title='bbox 1073 2612 1206 2640; x_wconf 82' lang='grc' dir='ltr'><strong>ἀνάϐασιν</strong></span> <span class='ocrx_word' id='word_1_765' title='bbox 1224 2613 1334 2647; x_wconf 74' lang='grc' dir='ltr'><strong>ἐμνᾶτο.</strong></span> <span class='ocrx_word' id='word_1_766' title='bbox 1369 2613 1445 2639; x_wconf 69' lang='grc' dir='ltr'><strong>Ἐπεὶ</strong></span> <span class='ocrx_word' id='word_1_767' title='bbox 1460 2613 1489 2639; x_wconf 74' lang='grc' dir='ltr'><strong>δὲ</strong></span> <span class='ocrx_word' id='word_1_768' title='bbox 1512 2612 1592 2639; x_wconf 77' lang='grc' dir='ltr'><strong>τοῦτο</strong></span> <span class='ocrx_word' id='word_1_769' title='bbox 1619 2612 1723 2639; x_wconf 87' lang='grc' dir='ltr'><strong>συνεῖδε</strong></span> <span class='ocrx_word' id='word_1_770' title='bbox 1744 2612 1862 2647; x_wconf 75' lang='grc' dir='ltr'><strong>σκληρὸν</strong></span> 
     </span>
    </p>
   </div>
   <div class='ocr_carea' id='block_1_114' title="bbox 1055 2658 1858 2694">
    <p class='ocr_par' dir='ltr' id='par_1_114' title="bbox 1055 2658 1858 2694">
     <span class='ocr_line' id='line_1_114' title="bbox 1055 2658 1858 2694; baseline 0 -9"><span class='ocrx_word' id='word_1_771' title='bbox 1055 2674 1059 2675; x_wconf 57' lang='grc' dir='ltr'><em>ν</em></span> <span class='ocrx_word' id='word_1_772' title='bbox 1074 2659 1114 2690; x_wconf 83' lang='grc' dir='ltr'><strong>ὂν,</strong></span> <span class='ocrx_word' id='word_1_773' title='bbox 1131 2658 1255 2694; x_wconf 81' lang='grc' dir='ltr'><strong>φανερῶς</strong></span> <span class='ocrx_word' id='word_1_774' title='bbox 1269 2660 1309 2690; x_wconf 79' lang='grc' dir='ltr'><strong>εις</strong></span> <span class='ocrx_word' id='word_1_775' title='bbox 1327 2659 1478 2694; x_wconf 81' lang='grc' dir='ltr'><strong>ἱερωσύνην</strong></span> <span class='ocrx_word' id='word_1_776' title='bbox 1493 2659 1569 2693; x_wconf 69' lang='grc' dir='ltr'><strong>παρὰ</strong></span> <span class='ocrx_word' id='word_1_777' title='bbox 1590 2659 1636 2685; x_wconf 85' lang='grc' dir='ltr'><strong>τοῦ</strong></span> <span class='ocrx_word' id='word_1_778' title='bbox 1664 2659 1743 2692; x_wconf 75' lang='grc' dir='ltr'><strong>ἁγίου</strong></span> <span class='ocrx_word' id='word_1_779' title='bbox 1762 2659 1858 2694; x_wconf 78' lang='grc' dir='ltr'><strong>δεχθῆ-</strong></span> 
     </span>
    </p>
   </div>
   <div class='ocr_carea' id='block_1_115' title="bbox 1075 2705 1862 2741">
    <p class='ocr_par' dir='ltr' id='par_1_115' title="bbox 1075 2705 1862 2741">
     <span class='ocr_line' id='line_1_115' title="bbox 1075 2705 1862 2741; baseline 0.001 -9"><span class='ocrx_word' id='word_1_780' title='bbox 1075 2715 1128 2737; x_wconf 90' lang='grc' dir='ltr'><strong>ναι,</strong></span> <span class='ocrx_word' id='word_1_781' title='bbox 1141 2707 1229 2732; x_wconf 79' lang='grc' dir='ltr'><strong>πᾶσαν</strong></span> <span class='ocrx_word' id='word_1_782' title='bbox 1243 2706 1398 2741; x_wconf 75' lang='grc' dir='ltr'><strong>ἐμηχανᾶτο</strong></span> <span class='ocrx_word' id='word_1_783' title='bbox 1415 2706 1549 2740; x_wconf 79' lang='grc' dir='ltr'><strong>μηχανήν.</strong></span> <span class='ocrx_word' id='word_1_784' title='bbox 1568 2705 1640 2732; x_wconf 85' lang='grc' dir='ltr'><strong>Ἀλλ’</strong></span> <span class='ocrx_word' id='word_1_785' title='bbox 1657 2707 1672 2733; x_wconf 81' lang='grc' dir='ltr'><em>ὁ</em></span> <span class='ocrx_word' id='word_1_786' title='bbox 1687 2706 1862 2741; x_wconf 76' lang='grc' dir='ltr'><strong>πατριάρχης</strong></span> 
     </span>
    </p>
   </div>
   <div class='ocr_carea' id='block_1_116' title="bbox 1075 2751 1862 2787">
    <p class='ocr_par' dir='ltr' id='par_1_116' title="bbox 1075 2751 1862 2787">
     <span class='ocr_line' id='line_1_116' title="bbox 1075 2751 1862 2787; baseline -0.001 -9"><span class='ocrx_word' id='word_1_787' title='bbox 1075 2752 1168 2778; x_wconf 83' lang='grc' dir='ltr'><strong>κανόσι</strong></span> <span class='ocrx_word' id='word_1_788' title='bbox 1197 2751 1264 2778; x_wconf 86' lang='grc' dir='ltr'><strong>Θεοῦ</strong></span> <span class='ocrx_word' id='word_1_789' title='bbox 1301 2753 1348 2778; x_wconf 73' lang='grc' dir='ltr'><strong>καὶ</strong></span> <span class='ocrx_word' id='word_1_790' title='bbox 1372 2751 1482 2786; x_wconf 79' lang='grc' dir='ltr'><strong>θεσμοῖς</strong></span> <span class='ocrx_word' id='word_1_791' title='bbox 1523 2751 1762 2787; x_wconf 76' lang='grc' dir='ltr'><strong>ὲκκλησιαστικοϊς</strong></span> <span class='ocrx_word' id='word_1_792' title='bbox 1794 2752 1862 2779; x_wconf 86' lang='grc' dir='ltr'><strong>ἀκο-</strong></span> 
     </span>
    </p>
   </div>
   <div class='ocr_carea' id='block_1_117' title="bbox 1073 2796 1863 2833">
    <p class='ocr_par' dir='ltr' id='par_1_117' title="bbox 1073 2796 1863 2833">
     <span class='ocr_line' id='line_1_117' title="bbox 1073 2796 1863 2833; baseline 0.001 -10"><span class='ocrx_word' id='word_1_793' title='bbox 1073 2797 1187 2829; x_wconf 78' lang='grc' dir='ltr'><strong>λουθῶν,</strong></span> <span class='ocrx_word' id='word_1_794' title='bbox 1201 2797 1290 2824; x_wconf 87' lang='grc' dir='ltr'><strong>καίτοι</strong></span> <span class='ocrx_word' id='word_1_795' title='bbox 1310 2805 1341 2831; x_wconf 89' lang='grc' dir='ltr'><strong>γε</strong></span> <span class='ocrx_word' id='word_1_796' title='bbox 1359 2797 1445 2824; x_wconf 80' lang='grc' dir='ltr'><strong>πολλὰ</strong></span> <span class='ocrx_word' id='word_1_797' title='bbox 1468 2797 1689 2833; x_wconf 68' lang='grc' dir='ltr'><strong>παρενοχληθεὶς,</strong></span> <span class='ocrx_word' id='word_1_798' title='bbox 1703 2798 1734 2824; x_wconf 78' lang='grc' dir='ltr'><strong>οὐ</strong></span> <span class='ocrx_word' id='word_1_799' title='bbox 1751 2796 1863 2824; x_wconf 71' lang='grc' dir='ltr'><strong>κατεδέ-</strong></span> 
     </span>
    </p>
   </div>
   <div class='ocr_carea' id='block_1_118' title="bbox 1074 2841 1862 2878">
    <p class='ocr_par' dir='ltr' id='par_1_118' title="bbox 1074 2841 1862 2878">
     <span class='ocr_line' id='line_1_118' title="bbox 1074 2841 1862 2878; baseline -0.003 -8"><span class='ocrx_word' id='word_1_800' title='bbox 1074 2843 1148 2876; x_wconf 81' lang='grc' dir='ltr'><strong>ξατο,</strong></span> <span class='ocrx_word' id='word_1_801' title='bbox 1160 2842 1220 2869; x_wconf 70' lang='grc' dir='ltr'><strong>οὐδὲ</strong></span> <span class='ocrx_word' id='word_1_802' title='bbox 1233 2841 1273 2876; x_wconf 88' lang='grc' dir='ltr'>τῷ</span> <span class='ocrx_word' id='word_1_803' title='bbox 1301 2842 1384 2876; x_wconf 87' lang='grc' dir='ltr'><strong>φονίῳ</strong></span> <span class='ocrx_word' id='word_1_804' title='bbox 1400 2841 1475 2878; x_wconf 84' lang='grc' dir='ltr'><strong>λύκῳ</strong></span> <span class='ocrx_word' id='word_1_805' title='bbox 1496 2842 1568 2869; x_wconf 82' lang='grc' dir='ltr'><strong>κατὰ</strong></span> <span class='ocrx_word' id='word_1_806' title='bbox 1584 2842 1631 2869; x_wconf 75' lang='grc' dir='ltr'><strong>τοῦ</strong></span> <span class='ocrx_word' id='word_1_807' title='bbox 1649 2841 1774 2876; x_wconf 72' lang='grc' dir='ltr'><strong>ποιμνίου</strong></span> <span class='ocrx_word' id='word_1_808' title='bbox 1790 2841 1862 2876; x_wconf 78' lang='grc' dir='ltr'><strong>πάρ-</strong></span> 
     </span>
    </p>
   </div>
   <div class='ocr_carea' id='block_1_119' title="bbox 1073 2887 1862 2924">
    <p class='ocr_par' dir='ltr' id='par_1_119' title="bbox 1073 2887 1862 2924">
     <span class='ocr_line' id='line_1_119' title="bbox 1073 2887 1862 2924; baseline -0.004 -8"><span class='ocrx_word' id='word_1_809' title='bbox 1073 2890 1133 2916; x_wconf 82' lang='grc' dir='ltr'><strong>οδον</strong></span> <span class='ocrx_word' id='word_1_810' title='bbox 1149 2888 1296 2924; x_wconf 71' lang='grc' dir='ltr'><strong>παρέσχεν,</strong></span> <span class='ocrx_word' id='word_1_811' title='bbox 1313 2887 1356 2915; x_wconf 76' lang='grc' dir='ltr'><strong>ἵνα</strong></span> <span class='ocrx_word' id='word_1_812' title='bbox 1371 2887 1410 2924; x_wconf 83' lang='grc' dir='ltr'><strong>μὴ</strong></span> <span class='ocrx_word' id='word_1_813' title='bbox 1424 2888 1507 2920; x_wconf 75' lang='grc' dir='ltr'><strong>αὐτὸς</strong></span> <span class='ocrx_word' id='word_1_814' title='bbox 1527 2888 1617 2923; x_wconf 69' lang='grc' dir='ltr'><strong>ἑαυτῷ</strong></span> <span class='ocrx_word' id='word_1_815' title='bbox 1630 2887 1796 2924; x_wconf 77' lang='grc' dir='ltr'><strong>περιπεσὼν,</strong></span> <span class='ocrx_word' id='word_1_816' title='bbox 1814 2887 1862 2915; x_wconf 79' lang='grc' dir='ltr'><strong>καὶ</strong></span> 
     </span>
    </p>
   </div>
  </div>
