2092 3156
207 201 263 233 569

738 204 827 234 VITA
848 202 1039 234 S.IGNATII
1058 203 1115 234 (ΣΡ.
1130 203 1310 234 ARCHIEP.

1775 202 1829 234 570

199 259 259 290 ταῖς
273 257 352 289 ἰδίαις
374 257 546 289 ἐναντιωθεὶς
558 257 726 292 ὁμολογίαις,
741 259 853 290 ἐνδίκως
870 259 989 285 ἀποστεο

1042 263 1108 291 tum,
1125 267 1179 286 non
1196 260 1278 287 modo
1290 259 1462 294 provinciali,
1477 259 1524 287 sed
1538 259 1620 287 etiam
1633 259 1764 294 generali,
1780 260 1837 289 imo

202 304 271 340 ρηθῇ
286 304 337 338 τῆς
356 304 452 338 τιμῆς.
478 303 531 330 Τὴν
554 303 609 339 γὰρ
632 304 685 331 ὑπὸ
708 305 818 332 συνόδου
838 304 990 336 κανονικῶς

200 348 402 384 καθῃρημένον.
416 349 446 375 οὐ
457 349 574 383 μρικῆς
587 349 677 384 μόνον,
695 350 763 377 ἀλλὰ
791 351 839 377 καὶ
859 351 990 385 οίκουμε-

201 396 290 429 νικῆς,
320 394 420 429 μᾶλλον
443 393 471 420 δὲ
490 394 528 426 ὠς
555 394 622 430 μηδὲ
645 395 696 431 τὴν
729 396 817 431 ἀρχὴν
852 395 990 430 ὲνθέσμως

200 442 250 476 τῆς
266 441 409 476 ίεραρχίας
423 441 564 475 ἁψάμενον
596 441 677 468 πλέον
697 441 779 468 αὑτὸν
795 442 989 476 ἀποκεκηρυγ-

204 489 295 522 μένον,
311 488 453 522 ἀμήχανον
468 484 540 513 εἶναι
554 487 701 514 διετείνετο
715 487 780 514 ἄνευ
807 487 917 514 συνόδου
932 487 993 522 μείι

202 534 277 566 ζονος
310 534 356 560 καὶ
386 533 558 568 κυριωτέρας
594 533 759 561 ἀθωοῦσοαι.
790 533 859 560 Ἀλλ’
887 533 989 564 ἐκεῖνος

201 579 306 610 οὐδενὸς
324 579 403 612 λόγον
420 579 530 609 κανόνος
550 579 566 614 ἢ
590 580 674 614 νόμου
703 579 865 614 ποιούμενος
879 598 886 609 .
902 577 991 613 ἑαυτῷ

201 626 235 652 τὰ
260 626 308 658 τῆς
335 625 487 661 ἱερωσύνης
515 626 650 660 ἐπέτρεψε
668 634 674 642 ·
691 625 738 652 καὶ
764 625 814 660 ήδη
837 624 904 661 πρὸς
936 626 992 656 τοῖς

204 671 349 706 βασιλείοις
365 672 411 698 ἐπὶ
423 672 455 706 τῇ
466 671 624 708 καλουμένῃ
637 671 792 707 Μαγναύρᾳ
817 671 990 707 καταμένων,

203 718 336 753 ἐξάρχους
356 726 388 744 τε
407 718 601 752 προεϐάλλετο,
626 718 846 753 καὶχειροτονίας
855 717 991 749 ἐπετέλει,

202 764 249 790 καὶ
266 764 315 790 ὅσα
332 764 399 799 πρὸς
422 763 500 798 ὓϐριν
518 763 568 798 μὲν
586 765 634 799 τῆς
657 763 821 798 Ἐκκλησίας
842 763 888 790 τοῦ
911 761 990 794 Θεοῦ,

203 807 292 842 θλίψιν
315 807 343 833 δὲ
371 807 419 833 τοῦ
446 807 628 842 πατριάρχου,
647 806 786 834 ἀπώλειαν
805 807 833 833 δὲ
850 807 899 841 τῆς
922 806 991 838 ιδίας

201 848 301 886 ψῖδχῆς,
315 851 430 881 ἀνοσίως
442 851 456 876 ὁ
470 850 653 882 ἀνοσιώτατος
675 851 831 886 εἰργάζετο.
846 849 925 876 Οὕτω
942 849 992 884 τῆς

203 896 345 932 βασιλικῆς
358 895 465 926 εὐθείας
483 896 656 930 κατεφρόνει,
673 895 773 931 μᾶλλον
787 895 816 922 δὲ
829 896 879 930 τῆς
891 894 992 930 ἀνοχῆς

1043 305 1088 340 qui
1113 313 1162 333 nec
1178 306 1213 333 ab
1235 306 1313 333 initio
1335 305 1443 340 quidem
1460 312 1580 340 unquam
1602 304 1724 339 legitime
1743 306 1835 334 sedem

1044 359 1148 378 sacram
1163 357 1335 386 occupasset,
1345 356 1428 386 atque
1444 351 1557 386 insuper
1571 351 1677 386 publice
1691 351 1838 380 damnatus

1043 400 1189 430 esset,nisi
1213 399 1308 434 majori
1331 404 1358 426 et
1387 398 1528 434 amplioris
1541 397 1714 426 auctoritatis
1733 399 1838 434 synodo

1044 450 1098 471 non
1120 451 1200 478 posse
1220 443 1325 471 absolvi
1343 442 1536 470 contendebat.
1561 441 1596 469 At
1618 441 1664 469 ille
1683 443 1837 470 canonibus

1043 488 1203 525 legibusque
1215 490 1389 523 contemptis.
1402 489 1528 523 ultroque.
1542 489 1594 516 sibi
1616 489 1770 516 sacerdotio
1783 489 1833 516 de-

1044 542 1098 562 nuo
1122 539 1259 570 arrogato,
1288 534 1400 562 sedebat
1421 534 1448 561 in
1475 534 1546 567 regia
1576 533 1724 570 Magnaura
1751 534 1837 565 dicta.

1043 581 1213 608 constituens
1227 581 1370 612 exarchos,
1389 585 1416 607 et
1439 587 1532 607 sacros
1547 580 1658 606 ordines
1681 579 1837 606 conferens.

1044 624 1110 652 Nam
1131 625 1263 660 quidquid
1287 625 1320 652 ad
1348 625 1477 652 Ecclesiae
1500 624 1706 657 contumeliam,
1731 625 1839 659 virique

1043 670 1130 698 sancti
1146 670 1329 700 alllictionem,
1345 677 1479 704 suumque
1494 669 1580 704 ipsius
1602 669 1714 696 exitium
1731 673 1837 703 specta-

1043 716 1099 749 bat,
1115 717 1245 752 sacrilege
1263 716 1471 751 profanissimus
1486 715 1613 742 audebat:
1633 715 1703 742 adeo
1717 715 1838 749 impera-

1044 763 1111 790 toris
1125 763 1309 797 simplicitate.
1324 763 1380 789 imo
1398 761 1478 796 longa
1498 761 1545 788 Dei
1559 761 1687 796 patientia
1706 766 1733 788 et
1750 761 1838 795 poeni—

1043 809 1133 835 lentim
1164 808 1366 842 exspectatione
1410 807 1512 834 abusus
1551 808 1632 834 homo
1674 807 1837 834 ambitiosus

1043 854 1212 888 pessimique
1241 854 1381 889 exempli,
1411 858 1439 881 et
1465 854 1593 889 palatinis
1621 854 1750 881 omnibus
1783 853 1836 881 sibi

1045 900 1210 931 conciliatis,
1221 907 1341 934 suasque
1354 901 1379 926 in
1392 904 1484 934 partes
1493 899 1636 930 traductis.
1653 900 1752 927 latente
1765 900 1839 927 intus

201 940 248 968 τοῦ
269 940 336 967 Θεοῦ
350 941 398 967 καὶ
416 941 608 976 μακροθυμίας
622 941 636 967 ό
653 940 802 976 δοξοχαρὴς
821 940 924 971 ἐκεῖνος
943 941 990 967 καὶ

1044 946 1148 973 scelere
1171 945 1257 972 multo
1273 953 1355 980 quatit
1373 950 1454 973 antea
1474 946 1560 980 magis
1578 946 1755 980 apertiusque
1773 954 1837 980 pro-

202 987 410 1018 σκανδαλοποιὸς
417 986 558 1022 ἄνθρωπος
571 986 760 1022 ὑπερφρονῶν,
770 987 817 1013 καὶ
827 986 880 1013 πᾶν
887 986 917 1012 τὸ
929 986 993 1020 περὶ

201 1033 245 1060 τὸν
256 1033 368 1067 βασιλέα
377 1032 576 1068 θεραπευτικὸν
588 1033 636 1059 καὶ
645 1032 757 1059 οἰκίδιον
764 1032 991 1067 ὑποποιούμενος,

202 1080 249 1106 καὶ
260 1080 309 1115 τὴν
317 1079 464 1114 ἐνδομυχοῦ
469 1087 517 1105 σαν
527 1078 601 1113 αὐτῷ
610 1078 709 1105 κακίαν
724 1078 771 1105 καὶ
783 1078 917 1113 πονηρίαν
925 1077 993 1105 πολὺ

203 1126 303 1160 μᾶλλον
320 1126 337 1162 ἢ
349 1125 444 1161 πρώην
455 1126 637 1160 ὲντονωτὲραν
645 1124 877 1159 ἐπιδεικνύμενος,
886 1124 932 1151 καὶ
943 1124 993 1158 τὴν

201 1172 255 1198 ἀπο
264 1172 313 1206 τῆς
325 1172 630 1206 κοσμικῆςδυναστείας
654 1171 744 1206 πολλῷ
756 1172 835 1198 πλέον
850 1171 993 1206 προσλαμ-

201 1218 347 1253 ϐανόμινος
359 1218 457 1253 ῥοπήν·
469 1218 630 1253 οὖπωτρίτη
642 1218 711 1252 μετὰ
717 1219 766 1252 τὴν
773 1218 819 1244 τοῦ
834 1218 911 1251 ἁγίου
922 1226 994 1252 παρ-

201 1263 265 1296 ῆλθε
280 1263 445 1298 μετάστασιν
461 1263 563 1298 ἡμέρα,
580 1263 679 1290 καὶτὸν
689 1263 886 1298 πατριαρχικὺν
896 1264 992 1290 ἐπικα-

203 1309 369 1344 ταλαμϐάνει
379 1309 483 1345 θρόνον,
490 1310 537 1336 καὶ
543 1310 593 1344 τὴν
602 1309 684 1336 πάλαι
693 1309 844 1345 λῃστρικὴν
852 1309 934 1335 αὑτοῦ
945 1309 993 1342 καὶ

201 1355 367 1390 τυραννικὴν
379 1354 504 1390 γνώμην.
516 1354 563 1382 καὶ
578 1354 626 1390 τὴν
645 1354 716 1381 κατὰ
734 1354 782 1381 tot“:
802 1354 880 1388 ἁγίου
893 1353 992 1381 λύτταν

201 1401 407 1435 ἀνανεούμενος,
417 1401 521 1432 πάντας
530 1401 579 1437 μὲν
593 1401 657 1432 τοὺς
668 1400 784 1432 οἰκείους
796 1400 901 1427 ἐκείνου
910 1400 992 1435 θερα-

200 1448 304 1479 πευτὰς
314 1447 447 1482 φυλακαῖς
462 1448 510 1474 καὶ
520 1448 637 1483 πληγαῖς
652 1446 700 1473 καὶ
711 1446 828 1481 ὲξορίαις
840 1447 888 1473 καὶ
899 1446 991 1482 θλίψε-

202 1504 244 1521 σιν
252 1496 411 1529 ἀνηκέστοις
419 1495 580 1530 περιέϐαλεν
590 1502 596 1509 ·
612 1495 716 1524 πάντας
726 1493 754 1519 δὲ
766 1493 829 1524 τοὺς
838 1493 993 1527 ἀντιλέγον-

201 1548 250 1572 τας
264 1540 347 1566 αὑτοῦ
362 1541 395 1574 τῇ
410 1540 506 1574 ἀνόδῳ,
525 1540 562 1571 ὡς
572 1539 603 1566 οὐ
619 1537 779 1569 κανονικῶς,
796 1537 854 1564 ἀλλ’
864 1538 991 1572 ἀθέσμως

202 1584 250 1611 καὶ
270 1585 437 1620 παρανόμως
454 1585 601 1621 γενομένῃ,
634 1584 744 1619 μυρίαις
767 1584 901 1615 ἐπινοίαις
924 1592 992 1610 κατ-

203 1631 367 1666 εστρατήγει
383 1639 391 1646 ·
405 1630 452 1662 οὓς
465 1631 516 1666 μὲν
530 1630 627 1667 δώροις
640 1632 687 1659 καὶ
704 1632 854 1667 ἀξιώμασι,
870 1630 918 1657 καὶ
930 1628 992 1665 Θρό-

201 1685 255 1703 νων
271 1676 432 1711 μεταθέσεσι
455 1677 524 1712 πρὸς
536 1677 585 1712 τὴν
602 1678 662 1712 μετ’
683 1677 766 1704 αὐτοῦ
783 1676 924 1704 κοινωνίαν
943 1677 992 1702 ἐπ-

202 1724 335 1757 αγόμενος
347 1723 413 1755 "ob;
427 1723 456 1750 δὲ
472 1723 658 1758 συκοφαντῶν,
669 1723 716 1750 καὶ
731 1724 774 1750 ἐπ’
783 1722 992 1758 αἱσχρουργίαις

201 1769 332 1805 ἀρρήτοις
347 1769 482 1803 διασύρων
502 1769 532 1795 τὸ
549 1769 671 1804 πρῶτον,
685 1769 733 1796 καὶ
745 1768 851 1804 πικρῶς
862 1767 992 1795 διαλοιδο-

204 1813 383 1848 ρούμενος,εἰ’
397 1823 438 1845 τις
458 1814 548 1841 αὐτῶν
572 1815 647 1850 αὑτῷ
675 1815 746 1850 μετὰ
775 1815 863 1841 ταῦτα
896 1823 991 1841 κοινως

201 1858 258 1884 νεῖν
273 1858 496 1893 ἀνωμολόγησεν,
512 1858 610 1895 αὔραις
636 1859 728 1895 φέρειν
743 1860 875 1894 ἐξαπίνης
898 1861 990 1886 ἐκεῖνα

201 1903 290 1930 πάντα
306 1904 473 1938 παρεχώρει.
490 1905 545 1931 Καὶ
558 1905 764 1941 συλλειτουργδς
783 1905 857 1940 αὐτῷ
870 1905 990 1941 σήμερον

200 1952 215 1977 ό
229 1950 364 1985 ἱερόσυλος
376 1951 456 1985 χθές⁶
477 1951 525 1978 καὶ
540 1951 702 1988 ἱεροφάντης
722 1952 810 1988 μέγας
831 1953 879 1979 καὶ
901 1952 990 1987 τίμιος

199 1997 213 2022 ὸ
229 1996 349 2030 κλέπτης
371 1997 419 2023 καὶ
434 1997 532 2031 πόρνος
549 1999 596 2025 καὶ
609 1998 722 2033 βέϐηλος
734 1998 830 2034 πρώην
843 1998 888 2024 ὑπ’
906 1998 988 2025 αὑτοῦ

201 2042 261 2076 μεθ’
281 2043 370 2077 ὅρκων
387 2043 628 2079 ἀποδεικνύμενος.
642 2044 695 2076 Οὓς
709 2044 737 2070 δὲ
753 2044 822 2079 πρὸς
836 2045 886 2079 τὴν
902 2044 987 2070 αὑτοῦ

199 2088 343 2114 κοινωνίαν
359 2087 434 2122 ἐώρα.
448 2088 570 2123 στερρῶς
591 2089 806 2124 ἀνθισταμένους
837 2089 989 2124 (ἐνίσταντο

198 2132 227 2159 δὲ
249 2133 360 2166 πάντες,
380 2133 438 2160 ὅσοι
460 2133 568 2168 ἀληθῶς
589 2136 640 2169 τῆς
657 2135 852 2170 Χριστιανικῆς
871 2135 989 2167 πίστεως

198 2179 363 2213 ἀντείχοντο,
379 2179 417 2213 τῷ
431 2179 484 2206 ὑπὸ
493 2180 574 2214 ἁγίας
590 2181 638 2207 καὶ
654 2181 849 2216 οἰκουμενικῆς
879 2181 989 2208 συνόδου

201 2223 347 2255 κανονικῶς
353 2224 628 2261 ἀνατεοεματισμένῳ
638 2227 684 2252 καὶ
692 2226 798 2263 καθῃρη
803 2228 876 2262 μένῳ
885 2228 987 2253 ἐπικιν-

198 2270 343 2297 δυνῦτατον
367 2270 539 2306 λογιζόμενοι
564 2273 611 2298 καὶ
634 2273 756 2307 ὀλέθριον
777 2274 926 2304 κοινωνεῖν,
941 2275 989 2300 καὶ

199 2317 239 2346 εἰς
258 2315 286 2341 ἓν
304 2316 384 2350 σῶμα
397 2317 485 2351 τούτῳ
507 2318 723 2353 συγκεκρᾶσθαι,
738 2318 777 2354 τῷ
796 2319 926 2354 μυριάκις
942 2320 988 2345 τὸν

199 2362 289 2394 τίμιον
313 2361 361 2388 τοῦ
383 2362 502 2395 Χριστοῦ
531 2364 776 2399 καταπεπατηκότι
802 2365 929 2400 σταυρὸν,
945 2366 992 2392 καὶ

198 2405 303 2436 πάντας
335 2407 504 2432 καταπατεῖν
545 2407 590 2433 διὰ
628 2407 679 2441 τῆς
704 2409 758 2434 τῶν
793 2408 987 2444 χειρογράφων

199 2451 376 2485 ἀπαιτήσεως
390 2451 640 2488 καταϐιαζομὲνῳ),
658 2453 762 2480 τούτων
781 2452 827 2480 οὖν
842 2455 921 2485 ὅσους
940 2464 991 2489 φυ-

199 2495 294 2527 λακαῖς
325 2498 372 2522 καὶ
397 2497 508 2532 μάστιξι
527 2499 640 2525 -πείθειν
651 2500 702 2525 οὐκ
717 2497 785 2535 εἶχε,
798 2500 837 2535 τῷ
852 2500 987 2534 ὠμοτάτῳ

199 2541 310 2568 πάντων
346 2542 499 2578 ἀνθρώπων
526 2544 574 2571 καὶ
612 2545 794 2581 ἀπηνεστάτῳ
821 2547 988 2582 παρέπεμπε

198 2587 318 2622 γαμϐρῷ
329 2594 336 2602 ’
346 2588 422 2615 Λέων
434 2589 462 2615 δὲ
480 2587 555 2621 οὗτος
568 2588 602 2625 ἦν
614 2592 627 2617 ὸ
638 2591 803 2626 καλούμενος
815 2593 987 2626 Κατάκαλος,

197 2634 248 2667 τῆς
267 2634 360 2668 βίγλας
371 2635 552 2671 δρουγγάριος
567 2637 613 2663 ὑπ’
630 2637 712 2664 αὑτοῦ
728 2638 922 2672 προϐιϐασοείς
935 2647 942 2654 ’
959 2640 989 2672 ὃς

197 2680 248 2713 τῆς
271 2681 355 2715 τιμῆς
383 2682 466 2709 αὐτὸν
491 2683 685 2717 ἀμειϐόμενος,
705 2684 809 2716 πάντας
833 2684 897 2717 τοὺς
920 2686 988 2721 πρὸς

197 2724 279 2750 αὐτὸν
294 2725 498 2760 πεμπομένους,
524 2726 570 2754 ἵνα
581 2727 672 2762 μικρῷ
687 2727 758 2763 λόγῳ
766 2727 814 2764 τὴν
829 2729 988 2763 μιαιφονίαν

198 2770 381 2804 παραστήσω,
409 2770 455 2798 (ac
474 2772 589 2807 Λικινίῳ
614 2772 653 2807 τῷ
676 2773 760 2800 πάλαι
786 2775 819 2808 τῇ
836 2774 906 2800 κατὰ
932 2775 987 2801 τῶν

196 2814 284 2847 ἁγίων
302 2815 424 2850 ὠμότητι
452 2817 562 2852 ἐχρῆτο.
584 2819 638 2845 Καὶ
662 2819 777 2851 πολλοὺς
804 2820 854 2854 μὲν
881 2821 987 2847 ἀνεῖλεν

197 2861 263 2895 ἄχρι
276 2862 371 2894 τέλους
388 2862 436 2897 τὴν
462 2863 532 2898 ὑπὲρ
545 2864 593 2899 τῆς
610 2865 739 2900 ἀληθείας
754 2866 880 2893 ἔνστασιν
903 2867 986 2894 ἐνδει-

198 2905 334 2942 ξαμένους
353 2916 360 2923 ·
376 2908 484 2942 πλείους
495 2909 523 2937 δὲ
539 2911 779 2948 τῶνγὰνυποίστων
794 2912 920 2949 βασάνων
939 2914 985 2950 ἡτ-

1007 1614 1029 1644 C

1006 2291 1027 2318 ο

1045 993 1116 1024 dito,
1142 992 1283 1026 multoque
1310 992 1414 1026 majore
1436 999 1519 1026 qttam
1543 996 1622 1019 antea
1646 992 1670 1018 vi
1697 991 1838 1019 saecularis

1045 1038 1188 1073 potestatis
1200 1042 1368 1072 comparata,
1382 1045 1436 1064 non
1450 1041 1517 1070 toto,
1532 1045 1613 1071 quam
1624 1037 1745 1072 lgnatius
1760 1037 1838 1064 obie-

1044 1088 1098 1116 rat,
1124 1083 1215 1110 triduo
1236 1083 1341 1117 elapso,
1368 1083 1486 1110 tribunal
1505 1083 1696 1117 patriarchale,
1711 1088 1837 1111 revocata

1044 1129 1158 1164 pristina
1178 1135 1203 1156 et
1219 1129 1370 1163 patricidali
1387 1129 1584 1164 lyrannicaque
1601 1134 1701 1162 mente,
1719 1137 1838 1163 occupa-

1043 1174 1100 1204 vit;
1115 1178 1142 1200 et
1164 1173 1257 1200 furore
1271 1173 1404 1201 adversus
1424 1177 1549 1200 sanctum
1565 1179 1707 1206 renovato,
1724 1179 1838 1202 cunctos

1044 1212 1127 1245 illius
1141 1218 1309 1245 domesticos
1324 1225 1357 1245 ac
1378 1225 1473 1245 servos
1492 1218 1626 1245 custodiis
1638 1238 1646 1249 ,
1664 1219 1835 1250 verberibus,

1043 1262 1159 1295 exsiliis,
1174 1262 1291 1296 aliisque
1306 1262 1483 1290 intolerandis
1496 1263 1574 1290 malis
1595 1268 1620 1290 et
1638 1264 1772 1291 aerumnis
1787 1272 1836 1298 op-

1043 1308 1152 1343 pressit.
1178 1307 1350 1334 Provectioni
1379 1315 1462 1342 porro
1493 1307 1567 1335 illius
1593 1312 1689 1334 contra
1713 1308 1786 1343 leges
1809 1312 1838 1335 et

1044 1353 1199 1381 sanctiones
1216 1353 1416 1380 ecclesiasticas
1434 1352 1512 1380 taetre
1527 1352 1684 1388 quicunque
1701 1360 1838 1388 repugna-

1044 1399 1119 1432 bant,
1148 1399 1199 1425 bos
1220 1398 1294 1426 mille
1311 1399 1417 1426 artibus
1441 1399 1618 1433 expugnavit.
1646 1399 1721 1426 Alios
1736 1399 1837 1434 quippe

1043 1445 1204 1472 muneribus
1215 1450 1242 1472 et
1264 1445 1416 1472 honoribus
1436 1445 1644 1480 permulcendo.
1664 1445 1706 1472 vel
1730 1445 1837 1473 sedium

1043 1489 1238 1524 episcopalium
1267 1490 1537 1524 permutationibus,
1562 1490 1596 1517 ad
1621 1490 1780 1518 societatem
1810 1495 1839 1518 et

1043 1535 1265 1562 communionem
1287 1535 1410 1562 attraxit.
1427 1535 1503 1564 Alios
1520 1536 1640 1572 primum
1659 1537 1836 1563 criminatio-

1045 1581 1125 1608 nibus
1147 1581 1333 1616 inauditisque
1349 1582 1494 1609 calumniis
1511 1581 1690 1615 traducendo,
1705 1583 1838 1618 graviter-

1045 1634 1099 1662 que
1119 1627 1283 1654 lanciuando
1300 1636 1307 1660 ;
1326 1635 1396 1662 quos
1419 1631 1508 1654 tatuen
1529 1628 1641 1655 eosdem
1663 1636 1726 1655 mox
1739 1649 1747 1661 ,
1763 1628 1787 1656 si
1808 1635 1838 1655 se

1046 1675 1080 1702 ad
1094 1674 1154 1710 ejus
1170 1679 1261 1709 partes
1278 1675 1480 1709 adiunxissent,
1497 1683 1581 1703 causa
1595 1681 1648 1703 tota
1664 1676 1752 1703 ventis
1763 1684 1839 1704 com-

1045 1721 1141 1754 missa,
1160 1721 1289 1749 absolvit.
1315 1721 1353 1748 lta
1373 1722 1420 1757 qui
1437 1723 1519 1749 modo
1535 1723 1574 1750 illi
1592 1723 1748 1759 sacrilegus
1767 1727 1837 1755 erat,

1045 1769 1069 1796 is
1082 1768 1170 1795 eidem
1186 1776 1247 1795 mox
1264 1773 1413 1804 symmysta
1431 1773 1459 1795 et
1474 1769 1663 1796 comminister
1678 1769 1769 1796 ﬁebat.
1785 1769 1838 1802 Qui

1045 1817 1122 1851 prius
1137 1815 1192 1847 fur,
1207 1816 1323 1848 adulter,
1345 1821 1373 1843 et
1393 1816 1524 1850 profanus
1539 1816 1573 1843 ab
1595 1816 1642 1843 illo
1665 1807 1848 1851 juratissimo

1044 1861 1221 1895 probabatur,
1237 1861 1283 1888 ille
1304 1869 1367 1888 mox
1388 1861 1476 1888 eidem
1495 1869 1610 1896 magnus
1623 1866 1652 1888 et
1664 1862 1838 1890 venerandus

1045 1914 1185 1933 sacrorum
1202 1906 1318 1933 antistes
1340 1906 1501 1934 habebatur.
1526 1906 1601 1939 Quos
1620 1911 1711 1933 autem
1732 1907 1759 1933 in
1773 1915 1838 1934 scn-

1044 1951 1128 1978 tentia
1141 1951 1234 1978 ﬁrmos
1257 1959 1334 1979 suam
1348 1951 1571 1978 communionem
1588 1951 1694 1985 penitus
1710 1952 1832 1978 aversari

1043 1998 1154 2024 videbat
1166 2006 1174 2025 :
1188 1997 1384 2024 aversabantur
1395 2003 1487 2024 autem
1505 2005 1602 2024 omnes
1618 1998 1664 2032 qui
1679 2005 1741 2024 vere
1757 1997 1822 2023 Chri

1044 2043 1240 2074 stiani*eraut,
1256 2044 1358 2077 quique
1378 2042 1705 2082 persuasum‘ltabebant,
1727 2050 1756 2070 se
1775 2050 1837 2070 cum

1043 2096 1075 2116 eo
1088 2088 1134 2123 qui
1150 2096 1163 2115 a
1175 2093 1269 2115 sancta
1281 2093 1307 2115 et
1317 2088 1488 2115 cecumenica
1504 2088 1611 2123 synodo
1627 2088 1677 2115 rite
1689 2093 1839 2123 sancteque

1043 2134 1188 2161 damnatus
1212 2138 1287 2161 esset
1309 2138 1336 2161 et
1356 2133 1516 2168 depositus,
1534 2134 1595 2161 sine
1610 2141 1718 2161 summo
1741 2134 1839 2160 salutis

1042 2180 1163 2215 periculo
1183 2184 1210 2206 et
1230 2179 1315 2207 exitio
1334 2179 1540 2206 communicare
1553 2187 1608 2206 non
1626 2187 1720 2214 posse,
1751 2186 1838 2212 neque

1042 2233 1105 2252 cum
1131 2226 1178 2253 illo
1199 2226 1226 2252 in
1250 2233 1334 2252 unum
1357 2225 1459 2253 Christi
1479 2232 1579 2260 corpus
1602 2226 1772 2257 coalescere,
1790 2224 1838 2260 qui

1044 2271 1143 2299 millies
1156 2272 1340 2299 venerandam
1352 2271 1454 2298 Christi
1471 2279 1580 2299 crucem
1595 2271 1709 2305 pedibus
1722 2271 1835 2298 concul-

1041 2322 1142 2348 casset.
1157 2317 1282 2352 aliosque
1305 2325 1402 2344 omnes
1423 2325 1471 2352 per
1484 2317 1667 2352 chirographa
1688 2317 1712 2343 vi
1730 2321 1836 2344 extorta

1046 2364 1210 2391 conculcare
1233 2363 1368 2398 coegisset
1385 2372 1392 2391 :
1420 2363 1480 2392 bos.
1495 2363 1617 2397 inquam,
1640 2369 1736 2390 omnes
1756 2367 1838 2397 quot-

1045 2415 1113 2445 quot
1128 2410 1246 2437 vinculis
1261 2409 1409 2444 llagrisque
1424 2409 1548 2444 frangere
1561 2417 1615 2436 non
1629 2409 1744 2443 potei'at,
1763 2408 1836 2436 alIini

1042 2464 1093 2485 suo
1107 2455 1191 2483 Leoni
1208 2460 1390 2490 cognomento
1404 2455 1542 2487 Catacalo,
1561 2455 1639 2489 biglaa
1668 2463 1715 2482 seu
1732 2455 1838 2490 vigilia-

1041 2511 1102 2530 rum
1119 2502 1258 2538 prmfecto,
1274 2510 1356 2537 quem
1372 2503 1430 2536 ipse
1444 2502 1477 2528 ad
1492 2509 1551 2528 eatn
1568 2502 1727 2537 dignitatem
1742 2509 1837 2536 prove-

1040 2554 1127 2581 xerat,
1138 2548 1240 2575 bomini
1255 2548 1407 2575 suavissimo
1418 2548 1676 2582 iinmauissimoquc
1693 2548 1816 2575 tradebat
1828 2557 1835 2574 :

1039 2593 1085 2629 qui
1100 2598 1128 2620 ut
1149 2601 1179 2620 se
1198 2595 1229 2620 de
1247 2593 1378 2620 beneﬁcio
1394 2598 1500 2628 gratum
1520 2593 1673 2627 exhiberet,
1686 2594 1786 2621 missos
1801 2593 1834 2620 ad

1038 2647 1068 2667 se
1081 2645 1195 2667 cunctos
1214 2640 1255 2674 (ut
1268 2639 1342 2666 brevi
1357 2638 1544 2667 carniﬁcinam
1566 2639 1640 2666 illam
1653 2639 1835 2673 comprehen-

1038 2687 1121 2720 dam)
1144 2685 1284 2713 Liciniana
1309 2685 1428 2720 qttadam
1451 2685 1620 2713 immanitate
1645 2684 1833 2712 excruciabat.

1037 2732 1077 2759 Ex
1094 2731 1195 2766 quibus
1209 2732 1311 2759 multos
1326 2739 1375 2766 pro
1387 2732 1501 2760 veritate
1513 2733 1546 2759 ad
1562 2739 1654 2759 necent
1668 2738 1754 2764 usque
1767 2737 1832 2762 pro-

1038 2782 1189 2813 pugnantes
1200 2778 1330 2806 sustulit:
1345 2779 1437 2813 plures
1447 2783 1537 2806 tamen
1550 2776 1727 2805 intolerandis
1745 2775 1833 2804 victos

1040 2823 1193 2856 tormentis,
1215 2824 1336 2858 praeclari
1352 2825 1474 2852 muneris
1492 2824 1564 2856 loco,
1578 2822 1695 2849 mittenti
1707 2821 1830 2848 remitte—

1040 2870 1095 2898 bat.
1113 2869 1191 2903 Quis,
1210 2879 1257 2906 pcr
1280 2870 1364 2899 Deum
1381 2870 1575 2901 immortalem,
1599 2868 1728 2903 temporis
1748 2868 1832 2904 hujus

1037 2921 1226 2953 tempestatem
1250 2922 1276 2946 ct
1304 2917 1489 2952 iniquitatem,
1535 2916 1591 2944 imo
1618 2916 1680 2951 quis
1712 2915 1832 2953 tortuosi
