2092 3156
263 190 313 233 571

861 201 1008 233 meum:
1027 187 1305 233 PAPHLAGONIS-

1841 201 1894 234 572

260 260 388 288 draconis
413 260 486 287 illius
508 260 623 288 insidias
649 265 677 297 et
697 261 915 289 machinationes
938 261 1054 288 dicendo

1110 261 1253 296 πιομένους,
1262 262 1299 294 ὡς
1310 261 1386 297 δῶρα
1396 261 1475 297 τίμια
1490 261 1556 296 πρδι
1567 261 1614 288 τὸν
1627 261 1770 296 πέμποντα
1784 260 1896 292 τούτους

261 307 451 340 asseqttatur?
476 305 575 334 Multos
599 310 735 333 veterator
759 306 804 333 ille
825 307 932 341 pcrjura
959 306 1051 341 lingua

261 350 455 384 entttutniatus,
474 355 520 377 attt
537 359 584 385 per
599 351 682 378 falsas
698 351 905 379 criminationes
921 357 1051 379 exaucto-

261 401 346 426 ratos.
377 404 438 423 mox
464 402 493 422 ut
520 405 582 424 cum
610 405 643 424 eo
668 405 778 424 rursum
800 398 1050 429 communicabant,

261 441 467 469 commendatos
483 443 654 474 restituebat,
674 448 700 470 et
718 451 914 478 nonnunquam
941 444 975 471 ad
994 452 1052 471 tua-

259 487 334 521 jores
351 488 497 521 dignitates
514 489 703 517 transferebat.
723 491 824 518 Deinde
837 491 859 518 si
873 491 935 525 quis
954 491 1051 518 iterum

239 526 244 529 ’
261 540 360 559 vesana
387 533 460 560 illitts
489 533 594 561 insania
612 535 742 566 olfensus.
770 543 799 563 se
816 536 906 563 denuo
921 537 955 563 alt
980 536 1053 564 illius

261 580 392 607 societate
411 581 604 612 abstinuisset,
625 582 698 608 bttttc
715 590 825 609 rursum
842 582 991 610 damnabat
1006 591 1014 616 ;
1027 587 1054 610 et

237 661 243 665 ι
260 627 432 659 damnatum,
462 627 486 654 si
513 627 651 660 cessisset,
678 637 740 655 mox
769 629 940 656 admittebat.
965 629 1051 657 Tanta

261 673 353 708 glorize
368 673 582 708 dotninandique
599 674 643 701 siti
662 675 806 707 :cstuabat,
830 681 860 703 ttt
882 676 955 703 illius
972 684 1053 703 causa

261 725 310 753 per
325 719 457 746 furiosam
474 720 650 747 ambitionem
662 721 735 755 leges
749 722 936 755 divinas,jura
951 723 1053 755 omnia,

261 772 394 798 sacraque
410 765 595 799 permiseerct.
615 767 640 793 lu
659 768 754 802 primis
770 773 858 795 autent
878 769 931 796 hoc
949 769 1054 803 agebat,

262 815 292 838 ut
316 812 504 839 ordinationes
524 813 687 847 patriarclne
701 819 907 847 transmutat-et,
922 820 1005 849 atque
1018 816 1055 842 ab

256 864 294 883 eo
305 856 453 883 damnatos
465 857 579 884 sedibus
591 858 758 886 restitueret.
772 858 826 886 Sed
842 867 906 885 cum
924 860 949 886 id
968 860 1056 894 impe-

265 902 350 929 ratori
366 910 419 928 non
446 903 618 937 probaretur,
632 903 720 931 videte
733 904 796 938 quid
813 905 933 931 tentarit.
952 905 1055 932 Consc-

262 953 352 974 cratos
369 955 383 974 a
410 954 502 975 sancto
525 948 628 983 lgnatio
657 957 795 977 reseez-are
821 956 948 978 conatur.
975 951 1052 984 Quod
1072 940 1094 968 Β

262 1001 323 1021 cum
339 1002 414 1028 a-qu-‘
428 1002 522 1029 parum
540 999 697 1023 sueccieret
710 1017 717 1028 ,
733 1004 882 1031 orum-sque
896 997 1054 1031 iudignissi~

263 1047 306 1066 nte
320 1040 352 1067 fet
362 1045 432 1073 rcul,
448 1045 529 1075 atque
542 1047 767 1074 exsecrarentur;
785 1050 818 1068 ne.
831 1043 867 1069 ita
884 1043 993 1077 quidem
1006 1043 1055 1069 tle-

262 1083 326 1111 feeit
342 1085 481 1119 iniquitas.
501 1085 695 1113 llutncraiibus
709 1092 737 1113 et
752 1087 861 1118 orariis,
875 1092 902 1114 et
918 1088 978 1115 aiiis
998 1093 1054 1115 sta-

262 1135 308 1157 tus
321 1131 497 1158 sacerdo'alis
512 1131 644 1165 cuentptis
661 1132 825 1166 insignibus.
841 1138 945 1161 secreto
962 1142 1056 1168 preces

264 1167 349 1210 super
361 1184 392 1202 ca
404 1176 539 1210 quasdam
575 1177 608 1210 (si
626 1182 716 1204 tamen
733 1186 838 1212 preces,
854 1182 881 1205 ct
894 1187 947 1205 tton
964 1180 1055 1214 potius

263 1221 330 1248 dira:
344 1223 545 1249 exsecrationes
559 1223 726 1258 appellaudm
743 1227 817 1257 sunt)
834 1226 1028 1258 pronuntiabat
1046 1234 1053 1252 :

263 1267 359 1302 sicque
372 1276 403 1294 ea
419 1268 534 1303 singulis
544 1269 603 1296 loco
617 1269 738 1296 muneris
750 1269 1054 1305 largitionisqucdabat.

264 1313 353 1348 Atque
373 1318 402 1340 ιιι
429 1320 568 1348 peccatum
594 1315 669 1342 fieret
687 1322 770 1348 supra
794 1316 904 1343 nmium
929 1325 1054 1351 peccans,

264 1360 366 1394 ubique
391 1360 573 1395 jurisjuraudi
598 1367 780 1395 sacramenta,
803 1363 904 1398 ubique
919 1363 1057 1398 chirogra-

264 1405 319 1440 pha
333 1405 467 1440 exigebat,
487 1406 544 1433 sive
561 1407 680 1434 initiaret
693 1427 701 1439 ,
717 1409 775 1435 sive
795 1409 914 1436 ltonores
927 1414 954 1436 et
968 1409 1056 1444 digni-

266 1454 335 1477 tates
348 1450 549 1479 ecclcsmsticas
565 1451 720 1485 conferret,
737 1453 793 1480 sire
808 1455 980 1488 episcopatus
993 1462 1056 1487 per—

264 1501 394 1524 mutaret.
416 1497 632 1533 Quibuscuuque
646 1498 755 1526 demum
769 1507 797 1526 se
812 1499 972 1526 beneficium
990 1507 1057 1534 pra:-

265 1548 340 1570 stare
354 1544 494 1575 censebat,
513 1543 563 1570 bos
581 1544 633 1570 sibi
654 1544 852 1578 obstringebat,
867 1549 894 1571 et
913 1546 1057 1572 testatissi-

266 1588 319 1615 mis
333 1588 523 1623 cltit-ographis
537 1589 641 1617 exactis
663 1590 714 1616 sibi
731 1591 853 1622 cavebat,
868 1591 968 1625 ubique
978 1599 1055 1618 suam

265 1632 398 1660 duntaxat
417 1634 530 1669 gloriam
554 1635 717 1668 affectando,
739 1636 875 1670 noviSque
895 1637 976 1664 rebus
1001 1642 1058 1665 slu-

267 1679 366 1706 dendo.
393 1679 486 1716 Neque
509 1680 556 1708 Dei
578 1686 644 1708 ttutu
661 1682 701 1708 vel
722 1683 891 1716 providentia
913 1683 964 1710 sibi
991 1683 1060 1711 bene

266 1723 326 1751 fore
343 1731 462 1759 unquant
477 1726 614 1758 credebat,
632 1732 680 1755 aut
692 1728 819 1762 sperabat
833 1736 840 1761 ;
863 1728 910 1756 sed
927 1737 975 1764 per
990 1731 1061 1756 ntul—

268 1769 351 1802 tiplex
371 1770 508 1804 ingenium
529 1779 609 1799 suum
631 1780 679 1800 seu
697 1773 842 1801 artiﬁcium
858 1794 865 1806 ,
885 1774 941 1802 imo
956 1776 1061 1802 malefi-

267 1815 353 1847 cium,
372 1823 432 1843 sese
446 1818 668 1846 communiebat:
691 1819 812 1854 adeoque
828 1825 914 1848 totttm
933 1821 1062 1849 Ecclesiae

267 1867 368 1889 statum
385 1863 580 1896 pertniscebat,
593 1865 771 1900 omniumque
783 1867 939 1894 mortalium
953 1867 1061 1895 animos

267 1908 397 1942 pessimis
425 1910 558 1944 exemplis
585 1910 739 1938 oliendebat
761 1919 768 1944 ;
798 1917 881 1947 atque
905 1916 934 1940 ut
959 1913 1061 1940 Christi

266 1959 367 1980 nomen
389 1953 635 1990 blaspltemaretur,
660 1956 750 1992 impiis
765 1957 870 1986 artibus
886 1959 944 1987 suis
960 1958 1059 1987 cﬂicic—

267 1998 324 2026 bat.

304 2043 374 2079 Ergo
391 2045 435 2072 ubi
454 2046 551 2073 iterum
571 2047 789 2082 patriarcbatum
810 2050 920 2083 invasit,
937 2050 1062 2077 Theodo-

268 2097 329 2117 rum
346 2091 421 2117 illttm
435 2091 527 2126 (quem
540 2093 598 2127 ipse
612 2095 688 2120 exsul
704 2094 847 2121 Patrarum
862 2096 1062 2130 metropolitam

267 2136 379 2168 creavit,
394 2144 474 2171 quem
492 2137 602 2172 quidam
620 2138 706 2166 facete
725 2140 933 2174 Apltantopolis,
947 2140 999 2168 hoc
1010 2147 1062 2174 est,

269 2189 407 2216 nusquam
435 2184 569 2210 exstantis
591 2184 710 2213 civitatis
733 2187 932 2220 metropolitani
958 2195 1064 2214 nuncu-

268 2227 392 2262 pabant),
407 2229 489 2261 ltune,
503 2229 626 2264 inquam,
636 2230 810 2258 Theodorum
829 2232 861 2259 ad
874 2231 1007 2259 Joannem
1016 2241 1064 2268 pa-

1103 308 1315 335 ἀνταπέστελλε.
1330 309 1378 340 Τίς
1401 309 1501 340 ἱκανῶς
1523 308 1569 336 τοῦ
1586 308 1646 335 τότε
1660 307 1757 342 καιροῦ
1776 307 1827 342 τὴν
1845 316 1896 334 κα-

1102 354 1175 386 κίαν,
1194 355 1294 389 μᾶλλον
1308 355 1337 382 δὲ
1355 355 1398 387 τίς
1420 355 1469 381 τοῦ
1494 355 1602 382 σκολιοῦ
1622 354 1770 390 δράκοντος
1789 354 1896 382 ἐκείνου

1102 398 1152 430 τὰς
1169 399 1281 434 ἐνέδρας
1298 399 1400 431 ἐξείποι
1416 399 1463 426 καὶ
1480 399 1604 434 μηχανάς
1618 408 1625 432 ;
1638 398 1756 429 Πολλοὺς
1767 398 1898 430 πολλάκις

1103 445 1117 471 ό
1134 445 1219 476 δόλιος
1234 445 1309 480 δολία
1326 445 1437 481 γλώσσῃ
1449 445 1638 480 συκοφαντῶν,
1651 445 1667 479 ἢ
1685 445 1728 470 ἐπ’
1743 445 1898 479 ἐγκλήμασι

1103 490 1183 526 δῆθεν
1203 491 1354 526 καθαιρῶν.
1373 493 1397 518 εἰ
1420 491 1562 518 συνέθεντο
1590 491 1659 525 μετὰ
1686 490 1775 517 ταῦτα
1799 498 1896 516 κοινω-

1103 536 1168 565 νεῖν.
1184 535 1296 567 τούτους
1319 534 1396 568 αὖθις
1421 536 1594 570 ἁποκαΟίστη
1613 535 1757 567 συνιστῶν,
1779 535 1828 561 καὶ
1849 533 1897 561 ἐπὶ

1106 581 1215 616 μείζους
1238 582 1325 608 ἐνίοτε
1350 582 1463 617 θρόνους
1486 581 1631 616 μεοιστῶν.
1650 581 1703 607 Κα¹ι
1720 581 1790 615 μετὰ
1803 579 1896 607 ταῦτα

1104 627 1132 653 δὲ
1150 627 1229 654 πάλιν
1253 627 1329 659 εῐτις
1343 627 1425 654 αὐτοῦ
1439 627 1647 663 προσωχθηκὼς
1671 628 1735 658 «ut;
1753 625 1897 656 ἀπουσίαις

1104 673 1240 708 ἀπέσχετο
1254 673 1302 707 τῆς
1321 674 1477 705 κοινωνίας,
1494 671 1573 705 αὖθις
1587 673 1709 708 καθῄρει
1728 672 1836 703 τοῦτον,
1849 672 1898 698 καὶ

1105 716 1296 743 ὑποκύπτοντα
1327 717 1456 751 προσίετο
1475 717 1569 743 πάλιν.
1597 716 1692 748 Οὕτως
1730 717 1842 750 ἔτρεχεν
1869 715 1899 741 ὲν

1104 760 1176 794 δίψει
1197 761 1288 788 πάντα
1305 761 1405 788 κανόνα
1426 761 1498 787 θεῖον
1531 761 1579 787 καὶ
1600 761 1690 787 πᾶσαν
1715 759 1900 794 θεσμοθεσίαν

1103 807 1183 842 ἱερὰν
1196 806 1241 833 διὰ
1256 808 1305 842 τῆς
1320 805 1404 833 αὑτοῦ
1427 807 1574 842 φιλαρχίας
1594 806 1710 841 συγχέαι
1724 807 1771 833 καὶ
1782 805 1901 840 δοξομαο

1105 855 1175 885 νίας.
1193 854 1250 888 Πρὸ
1275 853 1379 879 τούτων
1393 853 1421 879 δὲ
1439 853 1547 879 πάντων
1562 854 1693 888 πειρᾶται
1722 853 1772 887 τὴν
1784 852 1830 878 τοῦ
1846 861 1900 878 πα-

1106 899 1237 935 τριάρχου
1257 899 1429 933 προχείρισιν
1451 891 1593 934 ίιεθιστᾷν,
1611 899 1737 930 καὶτοὺς
1750 898 1900 925 κατάὀτδν

1110 945 1319 981 καθῃρημένους
1336 945 1398 976 ταῖς
1422 945 1582 979 ἐκκλησίαις
1597 944 1794 979 ἀντικαθιστᾷν
1811 951 1819 960 ⁸
1836 944 1901 970 ἐπεὶ

1111 992 1138 1018 δὲ
1150 991 1198 1018 οὐκ
1212 991 1329 1025 ἤρεσκεν
1341 989 1412 1016 οὕτω
1425 990 1465 1025 τῷ
1478 990 1592 1024 βασιλεῖ,
1604 991 1685 1024 ὁρᾶτε
1710 986 1766 1016 οἷον
1784 989 1900 1024 ἐτόλμα·

1111 1038 1182 1069 Τοὺς
1207 1037 1259 1063 ύπδ
1276 1037 1323 1063 τοῦ
1346 1038 1425 1071 ἁγίου
1450 1037 1659 1071 τετελεσμένους
1681 1036 1811 1071 ἐπειρᾶτο
1833 1035 1900 1062 ἁνα-

1110 1085 1274 1118 χειροτονεῐν
1289 1092 1296 1099 ·
1326 1084 1387 1111 ἐπεὶ
1409 1083 1438 1109 δὲ
1460 1083 1507 1109 καὶ
1534 1082 1614 1109 τοῦτο
1634 1082 1688 1108 τῶν
1715 1082 1902 1109 ἀτοπωτάτων

1111 1129 1183 1163 ἔδοξε
1207 1131 1254 1157 καὶ
1276 1130 1431 1161 ἀπευκτῶν,
1453 1129 1508 1155 οὐδ’
1523 1128 1609 1160 οὕτως
1627 1128 1770 1163 ἠπόρησεν
1789 1128 1805 1161 ἡ
1820 1136 1902 1162 πονη-

1112 1175 1157 1211 ρία
1173 1183 1180 1190 ι
1193 1176 1336 1211 ὠμοφόρια
1350 1176 1378 1202 δὲ
1401 1175 1447 1202 καὶ
1462 1174 1569 1210 ὼράρια
1583 1174 1737 1208 ὠνούμενος
1750 1193 1758 1205 ,
1773 1174 1821 1199 καὶ
1849 1173 1901 1200 ὅσα

1111 1221 1160 1255 τῆς
1176 1221 1318 1256 ἱερατικῆς
1336 1221 1460 1256 σύμῦολα
1475 1219 1642 1255 χρηματίζει
1658 1218 1836 1250 τελειώσεως,
1853 1219 1902 1245 καὶ

1110 1266 1216 1297 τούτοις
1233 1267 1262 1292 ἐν
1277 1267 1420 1301 μυστηρίῳ
1435 1266 1539 1296 οἰκείας
1563 1265 1699 1298 ἐπιλέγων
1724 1264 1806 1298 εὐχάς
1819 1272 1826 1280 ⁸
1842 1264 1900 1297 εἴγε

1111 1312 1211 1343 ταύτας
1226 1312 1319 1346 εὐχὰς,
1333 1311 1390 1338 ἀλλ’
1407 1312 1437 1338 οὐ
1461 1310 1617 1346 δυσφημίας
1637 1311 1745 1344 ἐναγεῖς
1756 1309 1902 1344 ὀνομάζειν

1112 1357 1201 1393 χρεών
1219 1366 1225 1373 ·
1246 1358 1332 1389 οὕτως
1344 1358 1452 1392 ἑκάστῳ
1471 1357 1542 1390 λόγῳ
1566 1356 1724 1391 φιλοτιμίας
1748 1355 1833 1382 ἐδίδου
1851 1355 1901 1382 καὶ

1112 1405 1291 1440 χαρίσματος.
1307 1405 1368 1431 Ἵνα
1384 1404 1411 1431 δὲ
1430 1404 1492 1431 καθ’
1506 1403 1661 1438 ὑπερϐολὴν
1675 1401 1841 1437 ἁμαρτωλὸς
1854 1400 1901 1435 γέ-

1112 1459 1191 1484 νηται
1213 1451 1229 1486 ἡ
1253 1450 1385 1486 ἁμαρτία,
1410 1449 1548 1484 πανταχοῦ
1573 1449 1668 1484 ὅρκος,
1684 1447 1823 1483 πανταχοῦ
1847 1446 1904 1473 τῶν

1112 1497 1301 1532 χειρογράφων
1315 1496 1475 1530 ἀπαίτησις,
1488 1497 1516 1522 ὲν
1532 1494 1722 1530 χειροτονίαις,
1737 1494 1766 1520 ἐν
1780 1493 1905 1528 ἀξιώμα-

1114 1551 1165 1574 σιν,
1183 1542 1212 1570 ὲν
1234 1542 1410 1577 μεταθέσεσιν
1424 1549 1431 1556 ·
1444 1543 1473 1568 ὲν
1489 1543 1571 1568 πᾶσιν
1582 1539 1623 1573 οἷς
1639 1541 1795 1576 εὐεργετεῖν
1810 1540 1904 1574 ἐνομι-
1936 1556 1937 1559 η

1081 1617 1092 1628 η
1114 1588 1185 1620 ζετο,
1210 1588 1347 1614 κατεδεῑτὸ
1361 1596 1391 1614 τε
1406 1589 1452 1614 καὶ
1477 1588 1629 1623 ίδιοχείροις
1655 1587 1839 1622 ἰσχυροτάτοις
1853 1587 1904 1621 ἠσ-

1112 1634 1250 1669 φαλίζετο,
1272 1634 1442 1668 πανταχόθεν
1462 1634 1513 1663 τὴν
1544 1634 1613 1660 ἰδίαν
1635 1633 1714 1666 δόξαν
1742 1632 1841 1668 ζητῶν,
1855 1632 1903 1658 καὶ

1111 1680 1215 1716 χαίρων
1228 1681 1289 1711 ταῖς
1301 1680 1492 1714 καινοτομίαις
1505 1688 1512 1695 ·
1529 1680 1576 1706 καὶ
1588 1679 1620 1706 οὗ
1635 1678 1732 1705 διὰτοῦ
1743 1678 1823 1711 Θεοῦ,
1838 1677 1899 1704 οὐδὲ

1111 1727 1154 1753 διὰ
1169 1727 1218 1761 τῆς
1231 1727 1336 1753 ἐκείνου
1351 1726 1482 1761 συστῆναί
1493 1734 1559 1752 ποτε
1577 1725 1705 1761 προνοίας
1720 1726 1736 1762 ἢ
1752 1724 1901 1756 πιστεύων,

1112 1772 1129 1808 ἢ
1148 1772 1318 1807 προσδοκῶν,
1334 1772 1378 1799 διὰ
1391 1772 1441 1806 τῆς
1452 1772 1556 1802 οἰκείας
1580 1772 1609 1798 δὲ
1626 1771 1804 1806 πολυτεκνίας
1820 1771 1836 1805 ἦ
1850 1778 1902 1797 κα-

1112 1818 1255 1853 κοτεχνίας
1281 1818 1377 1845 ἑαυτὸν
1408 1818 1555 1853 ἐπιχειρῶν
1584 1818 1722 1852 συνιστᾷν,
1737 1818 1785 1844 καὶ
1811 1817 1903 1843 πᾶσαν

1112 1863 1183 1891 οὓτω
1199 1864 1324 1899 συγχέων
1345 1864 1521 1897 Ἐκκλησίαν.
1533 1864 1581 1890 καὶ
1596 1864 1686 1890 πᾶσαν
1700 1863 1772 1890 οὕτω
1787 1862 1904 1889 σκανδα-

1112 1910 1193 1942 λίζων
1207 1910 1306 1946 ψυχὴν,
1320 1910 1367 1937 καὶ
1379 1911 1409 1936 τὺ
1425 1910 1512 1944 δνομα
1531 1909 1578 1936 τοῦ
1593 1909 1710 1944 Χριστοῦ
1731 1909 1903 1944 βλασφημεῖ-

1113 1956 1175 1982 σθαι
1196 1957 1240 1982 διὰ
1258 1956 1308 1991 τῆς
1339 1955 1421 1982 αὐτοῦ
1454 1955 1662 1991 κακομηχανίας
1693 1953 1904 1990 παρασκευαζό-

1115 2010 1206 2036 μενος.

1149 2048 1226 2075 Μετὰ
1241 2047 1305 2081 γοῦν
1321 2048 1352 2074 τὸ
1374 2048 1421 2074 τὸν
1441 2047 1535 2084 θρόνον
1556 2047 1587 2073 τὺ
1613 2046 1740 2081 δεύτερον
1754 2044 1904 2079 κατασχεῖν

1113 2092 1251 2128 Θεόδωρον
1266 2094 1380 2125 ἐκεῖνον,
1395 2093 1424 2119 ὃν
1439 2094 1468 2118 ὲν
1480 2091 1734 2127 ὲξορίᾳκαῦήμενος
1747 2090 1828 2121 αὐτὸς
1846 2090 1898 2124 μὲν

1114 2139 1153 2170 είς
1166 2139 1215 2170 τὰς
1224 2139 1336 2174 Πάτρας
1352 2139 1539 2173 ἐχειροτόνησε
1563 2136 1765 2172 μητροπολίτην
1779 2143 1786 2151 ·
1806 2135 1905 2169 Ἀφαν-

1114 2183 1248 2215 τοπὸλεως
1264 2184 1293 2210 δὲ
1314 2183 1408 2210 τοῦτον
1427 2183 1544 2213 ἀστείως
1572 2182 1597 2208 οἱ
1622 2181 1687 2215 παρ’
1715 2181 1813 2214 ἐκείνῳ
1831 2188 1902 2206 κατ-

1115 2229 1257 2264 ωνόμαζον
1273 2238 1280 2245 '
1292 2229 1386 2256 τοῦτον
1401 2229 1469 2264 πρὸς
1485 2228 1613 2261 Ἰωάννην
1624 2226 1670 2252 τὸν
1682 2225 1776 2252 πάπαν
1788 2226 1906 2259 ἀποκρι-

269 2279 331 2306 pam
352 2275 561 2308 apocrisiariutn
582 2277 729 2304 destinavit
746 2286 754 2310 ;
778 2286 825 2312 per
837 2285 918 2312 quem
940 2279 1059 2313 scripsit.

1118 2275 1223 2311 σιάριον
1250 2275 1458 2311 προεχειρίσατο
1471 2273 1590 2309 γράψας,
1605 2273 1644 2299 ὅτι
1675 2272 1721 2306 βίᾳ
1747 2271 1830 2306 πολλῇ
1855 2271 1905 2306 τῆς

269 2325 299 2345 se
314 2327 360 2353 per
371 2321 423 2346 vim
433 2328 447 2347 a
457 2325 512 2348 tota
523 2321 639 2350 Ecclesia
651 2327 760 2358 totaque
772 2324 909 2358 republica
925 2330 1062 2359 coactum,

271 2365 392 2392 tribunal
428 2374 536 2394 sacrum
559 2368 648 2395 denuo
670 2370 834 2404 pet-invitum
854 2370 1062 2398 conscendisse.

271 2411 361 2445 Atque
377 2416 405 2446 ut
414 2413 586 2440 mendacium
604 2414 629 2441 in
646 2415 759 2448 epistola
774 2416 904 2450 scriptum
919 2416 1063 2449 stabiliret,

273 2463 321 2491 per
334 2457 442 2485 Petrum
455 2466 470 2485 a
483 2459 607 2492 secretis,
626 2460 672 2493 qui
688 2465 782 2494 postea
802 2461 837 2488 ob
856 2461 983 2495 ﬁgmenta
997 2462 1065 2489 Sar-

272 2504 346 2530 dium
361 2503 482 2537 pontifex
499 2505 602 2538 pratmii
622 2506 681 2533 loco
694 2505 785 2533 dictus
801 2511 852 2539 est,
868 2507 993 2534 omnium
1007 2514 1065 2534 me-

273 2549 461 2584 tropolitarum
485 2551 562 2585 signa
599 2551 733 2585 furatur;
763 2552 885 2586 adeoque
910 2552 986 2587 ipsos
1013 2552 1066 2580 sibi

273 2596 460 2630 metropolitas
482 2597 633 2624 sulfuratur
653 2597 763 2631 ignaros
781 2605 811 2624 se
831 2597 923 2624 libello
941 2598 1065 2625 subscri-

271 2641 376 2676 psisse.
397 2649 459 2670 cum
480 2650 609 2670 arcanam
634 2643 711 2670 fundi
727 2643 893 2678 entptionem
908 2643 1068 2678 prmtendis-

273 2691 324 2716 set.
342 2687 446 2717 Tantus
465 2690 509 2717 ille
519 2694 546 2717 et
561 2695 616 2716 tam
632 2690 747 2726 insignis
763 2691 887 2718 fraudum
902 2691 1024 2717 omnium
1041 2695 1069 2718 et

273 2734 458 2768 nequitiarum
485 2735 583 2762 artifex
610 2741 678 2764 erat.
710 2736 763 2763 Sed
789 2744 842 2771 qua
864 2736 970 2762 ratione
994 2735 1067 2762 tat-ili

274 2785 386 2806 causam
416 2779 593 2815 Ettpbcmiani
623 2782 696 2809 illius
720 2781 918 2809 Eucltaitarum
948 2781 1069 2816 episcopi

275 2824 521 2859 dissimulabimtts,
540 2828 618 2862 cujus
639 2828 826 2862 episcopatum
842 2833 952 2862 propter
971 2827 1069 2855 vicini-

276 2874 360 2897 tatem
377 2871 583 2901 Santabarcnus
598 2874 742 2908 appetebat
759 2874 771 2900 ’ί
785 2873 864 2901 Hunc
880 2881 947 2909 ergo
960 2873 1069 2909 episco—

275 2920 341 2952 pata
352 2918 450 2946 cedere
463 2919 546 2954 Cogit,
560 2925 588 2948 et
603 2920 642 2948 iui
657 2920 875 2949 Satttabarenum
890 2919 998 2948 suﬂicit.
1013 2919 1066 2948 Ne-

1123 2321 1290 2354 Ἐκκλησίας
1302 2321 1366 2355 ὅλης
1377 2320 1482 2355 καὶτῆς
1495 2319 1635 2350 πολιτείας
1651 2317 1845 2352 ἀναγκασθεὶς,
1858 2317 1905 2343 ἐπὶ

1116 2367 1268 2403 τδνίὶρόνον
1286 2367 1386 2401 ἀνῆλθε
1402 2367 1449 2393 καὶ
1471 2366 1509 2400 μὴ
1532 2365 1695 2401 βουλόμενος
1713 2372 1720 2379 ·
1739 2364 1782 2390 ἵνα
1805 2363 1833 2389 δὲ
1858 2363 1904 2398 βε-

1118 2411 1269 2448 βαιώσηται
1286 2412 1316 2438 τὸ
1329 2411 1427 2446 ψεῦδος
1440 2410 1496 2437 τῶν
1519 2409 1677 2440 ἐπιστολῶν,
1690 2409 1734 2435 διὰ
1748 2408 1796 2435 τοῦ
1808 2415 1905 2443 μυστο-

1118 2459 1224 2494 γράφου
1238 2458 1354 2493 Πέτρου,
1366 2457 1395 2490 ὂς
1413 2457 1459 2484 καὶ
1470 2457 1520 2489 τὰς
1532 2456 1645 2492 Σάρδεις
1658 2455 1771 2490 ὕστερον
1789 2453 1905 2480 ἔπαθλον

1117 2505 1172 2532 τῶν
1189 2505 1356 2539 πλασμάτων
1384 2504 1529 2538 ἠνέγκατο,
1550 2503 1586 2529 δι’
1613 2501 1697 2529 αὑτοῦ
1723 2500 1835 2527 κλέπτει
1856 2498 1906 2534 μὲν

1118 2551 1167 2581 τὰς
1194 2549 1344 2584 οῳραγῖδας
1362 2548 1416 2575 τῶν
1435 2547 1626 2583 βουλωτηρίων
1646 2545 1699 2571 τῶν
1715 2545 1782 2572 ὅλων
1800 2550 1904 2579 μητροι

1119 2595 1235 2622 πολιτῶν
1253 2603 1260 2610 θ
1279 2594 1448 2629 συναρπάζει
1461 2593 1489 2620 δὲ
1506 2592 1553 2619 καὶ
1564 2591 1663 2622 αὐτοὺς
1678 2590 1714 2625 μὴ
1727 2589 1832 2620 εἰδότας
1841 2587 1906 2614 ὑπο-

1119 2641 1225 2677 γράψαι
1239 2640 1276 2675 τῷ
1284 2640 1408 2674 λιὸέλλῳ,
1422 2639 1559 2674 πρόφασιν
1571 2637 1610 2668 ὡς
1633 2637 1680 2662 ἐπὶ
1706 2635 1824 2670 μυστικῇ
1839 2634 1907 2667 ἁγο-

1121 2688 1203 2724 ρασίᾳ
1214 2696 1221 2703 ·
1234 2687 1360 2718 τοσοῦτος
1376 2686 1424 2721 τὴν
1448 2684 1618 2719 πανουργίαν
1639 2683 1754 2712 ἐκεῖνος,
1773 2681 1820 2708 καὶ
1829 2679 1907 2715 τηλι-

1120 2734 1215 2765 κοῦτος
1233 2734 1338 2768 ὑπῆρχε
1357 2732 1407 2767 τὴν
1422 2731 1575 2765 δεινότητα.
1594 2729 1655 2759 Πῶς
1673 2728 1701 2754 δὲ
1718 2727 1764 2754 καὶ
1779 2725 1812 2752 τὰ
1837 2724 1907 2751 κατὰ

1120 2780 1167 2806 τὸν
1190 2779 1366 2814 Εὐφημιανὺν
1388 2778 1492 2804 ἐκεῖνον
1518 2775 1699 2811 παρέλθωμεν
1723 2773 1836 2807 σιωπῇς
1858 2770 1908 2802 Ὃς

1121 2826 1261 2860 Εὑχαῖτών
1281 2826 1330 2859 μὲν
1347 2824 1495 2854 ἐπίσκοπος
1510 2821 1554 2858 ἦν,
1568 2821 1662 2855 ἐπειδὴ
1685 2820 1714 2846 δὲ
1736 2820 1750 2846 ό
1767 2816 1906 2845 Σαντασα-

1123 2871 1201 2907 ρηνδς
1213 2871 1261 2906 τῆς
1268 2870 1420 2904 ἐπισκοπῆς
1435 2868 1540 2902 ἐκείνης
1554 2867 1591 2897 ὡς
1602 2867 1701 2900 γείτων
1717 2864 1847 2913 ὠρέγετο,
1859 2861 1907 2888 τὸν

1123 2919 1173 2953 μὲν
1189 2917 1235 2954 βίαι⁴
1251 2915 1394 2952 σχολάζειν
1406 2913 1568 2949 ἀναγκάζει,
1578 2912 1625 2940 τὸν
1641 2911 1670 2938 δὲ
1684 2910 1742 2938 ἀντ’
1756 2909 1838 2936 αὑτοῦ
1849 2915 1908 2942 χει-
