2092 3156
0 1863 1 1924 ι

1 2237 4 2318 ἱ

3 2479 6 2558 i

4 2600 6 2629 ν

1 2815 9 2918 ᾖ

268 158 320 190 575

275 230 830 247 ##—

862 157 1009 187 NlCETtE
1032 156 1271 188 PAPHLAGONI
1277 158 1297 187 S

1841 158 1899 191 576

376 230 1882 247 ww

733 322 971 368 NICETIE
1009 321 1428 368 PAPHLAGONIS

982 438 1039 472 QUI
1064 439 1108 466 ET
1137 438 1241 466 DAVID

581 528 843 558 EXPOSITIONIS
863 528 901 558 IN
924 527 1174 558 EVANGELIUM
1193 527 1300 557 LUCAE
1326 525 1559 556 FRAGMENTA

766 625 834 655 (HM,
849 623 940 657 Script.
955 625 1012 650 Vel.
1026 628 1084 649 tom.
1095 623 1137 654 1X,
1149 631 1173 655 p.
1186 624 1242 654 668,
1254 623 1310 653 670,
1326 623 1393 653 702.)

294 775 360 809 Cap.
378 774 420 807 Vl,
433 781 503 802 vers.
514 774 560 801 52.
582 776 615 801 Et
635 775 658 801 si
673 774 785 810 diligitis
795 783 838 802 eos
851 775 895 810 qui
912 782 954 801 vos
979 774 1044 801 dili-

1135 775 1204 809 Κεφ.
1223 773 1268 808 q‘,
1283 775 1351 810 οτίχ.
1364 774 1413 810 λβ’.
1434 775 1487 802 Καὶ
1502 775 1528 802 εὶ
1553 775 1689 810 ἀγαπᾶτε
1711 775 1783 810 τοὺς
1813 776 1891 811 ἀγα-

258 827 334 857 gunt,
346 826 399 848 etc.

295 867 408 900 Nicettr,
421 867 467 902 qui
481 872 505 894 et
518 867 614 894 David.
631 866 669 894 Ex
684 866 772 894 tribus
789 871 898 895 constat
912 867 1045 898 amicitia,

257 914 422 941 testantibus
448 913 640 949 philosophis;
665 920 699 940 ex
720 913 858 947 voluptate
885 913 1002 943 scilicet.
1018 920 1051 939 ex

258 959 432 991 necessitate,
453 964 480 986 et
492 960 610 993 virtute;
634 968 752 995 quarutn
769 961 830 987 dua:
846 960 952 994 priores
966 959 1051 986 insta-

258 1005 329 1033 biles
345 1009 421 1037 sunt,
440 1010 467 1033 et
494 1006 606 1033 minime
635 1011 803 1037 constantes.
829 1006 929 1041 quippe
947 1014 1007 1040 quae
1023 1006 1049 1032 in

258 1051 322 1078 ﬂliis
349 1051 490 1078 hominum
522 1051 730 1078 fundamentum
747 1059 828 1085 situm
852 1059 905 1079 non
921 1051 1047 1078 habeant.

257 1097 310 1125 Ubi
326 1099 398 1124 enim
415 1097 533 1132 primqu
553 1097 677 1132 voluptas
693 1098 830 1131 valedixit,
852 1106 884 1125 ac
900 1097 1050 1125 necessitas

257 1145 383 1176 cessavit,
399 1144 530 1178 philtrum
549 1152 658 1179 quoque
674 1140 843 1172 transvolat:
868 1152 953 1179 quare
966 1145 1047 1172 etiam

258 1190 388 1224 temporis
401 1195 428 1217 et
442 1190 521 1225 spatii
535 1190 664 1218 distantia
676 1191 831 1218 amantibus
846 1195 935 1223 nocet,
952 1191 1049 1218 amici-

257 1236 323 1263 tiam
337 1236 477 1264 oblivione
493 1245 542 1264 ceu
561 1238 644 1275 densa
657 1238 774 1272 caligine
789 1238 951 1266 obvelando.
962 1239 1048 1266 Econ-

257 1285 298 1308 tua
319 1290 380 1316 quae
399 1283 499 1310 virtute
515 1284 612 1311 nititur
635 1291 689 1310 non
705 1284 763 1319 pari
787 1284 868 1311 modo
887 1284 1047 1318 oll'uscatur,

257 1326 313 1353 itno
326 1335 373 1361 per
388 1335 469 1355 omne
486 1333 593 1363 tempus
605 1336 637 1356 ac
647 1329 763 1364 spatium
775 1329 856 1356 durat
872 1329 1046 1361 inconcussa,

256 1378 283 1400 et
293 1374 338 1400 ubi
351 1374 378 1400 in
394 1375 565 1403 obstaculum
578 1375 689 1409 aliquod
701 1376 806 1408 incidit,
819 1375 845 1403 vi
861 1380 888 1403 et
902 1375 1047 1410 splendore

256 1419 389 1453 augescit.
409 1419 477 1447 llinc
489 1421 545 1454 jam
563 1428 616 1448 non
634 1421 765 1454 amicitia,
784 1421 831 1449 sed
851 1421 972 1449 charitas
989 1421 1046 1456 ple-

255 1471 371 1499 rumque
380 1472 561 1500 nuncupatur,
570 1474 640 1500 quae,
647 1467 796 1494 secundum
804 1467 973 1501 Apostolnm,
980 1474 1050 1494 nuu-

255 1518 338 1544 quam
365 1511 466 1539 deﬁcit.
484 1512 675 1540 Benevolcutia
691 1513 762 1540 enim
780 1513 908 1540 amicitiae
938 1513 1046 1540 initium

256 1559 308 1587 est,
330 1555 401 1583 sicut
428 1556 494 1583 visio
522 1557 771 1592 concupiscentiam
802 1557 884 1592 parit.
916 1557 1045 1585 Amicitia

256 1607 338 1635 porro
352 1601 494 1629 charitatis
510 1602 673 1636 principium
688 1608 714 1629 et
726 1602 806 1636 fons;
823 1602 943 1631 cltaritas
955 1608 1045 1630 autem

255 1652 337 1681 caput
351 1651 394 1675 est
419 1648 486 1683 legis
500 1654 527 1676 et
543 1649 749 1684 prophetarum.
775 1649 803 1676 ld
820 1649 932 1685 quidem
955 1650 1047 1677 multis

256 1701 417 1728 persuasum
443 1699 495 1728 est,
522 1696 670 1724 amicitiam
697 1697 826 1725 inanibus
857 1705 928 1732 saepe
959 1698 1047 1726 verbis

256 1745 412 1767 contentam
437 1748 510 1775 esse,
522 1743 683 1770 charitatem
699 1747 790 1770 autem
802 1751 832 1770 re
848 1751 910 1771 vera
924 1744 1044 1778 probari.

255 1784 390 1819 Quocirca
404 1788 485 1814 etiam
502 1796 573 1816 verae
587 1789 731 1817 cltaritatis
754 1790 906 1825 discipulus
920 1798 971 1818 nos
984 1798 1045 1818 mo-

255 1835 302 1857 net
315 1837 344 1858 ut
357 1839 386 1859 re
404 1832 462 1867 ipsa
475 1841 508 1861 ac
519 1834 662 1867 veraciter,
672 1843 723 1863 nec
735 1836 879 1864 verborum
895 1836 1043 1869 illecebris,

255 1884 306 1905 nos
321 1878 490 1907 adatuentus.

288 2006 355 2042 Cap.
369 2007 435 2042 Vllt,
447 2017 519 2037 vers.
530 2011 558 2037 5.
569 2010 642 2038 Exiit
655 2012 700 2047 qui
716 2013 827 2040 seminat
842 2014 982 2046 seminare,
990 2019 1043 2042 etc.

290 2094 393 2125 Hiceta:
413 2096 600 2132 Paphlagonia.
613 2099 682 2126 Vide
701 2107 734 2127 ne
748 2107 839 2127 semen
855 2101 977 2128 divinum
995 2109 1043 2136 per

253 2140 373 2169 volatilia
390 2143 463 2176 cmli,
479 2143 504 2170 id
517 2149 557 2171 est
571 2152 618 2179 per
631 2145 744 2180 spiritus
757 2146 898 2180 aethereos,
917 2147 1043 2174 dissemi-

253 2193 343 2217 netur.
353 2196 420 2216 neve
428 2189 520 2217 cordis
529 2191 567 2217 tui
581 2190 667 2219 fomes
680 2192 881 2227 exstinguatur.
895 2193 921 2220 id
934 2201 1043 2228 quoque

254 2241 319 2261 cura
335 2243 367 2261 ne
382 2235 496 2270 spiritus
513 2237 603 2264 vitalis
621 2238 667 2273 qui
684 2238 711 2265 in
726 2242 751 2265 te
775 2244 816 2266 est
830 2239 979 2267 aﬂectuum
995 2245 1043 2276 aut

252 2280 411 2313 passionum
432 2280 583 2316 ﬂagrantia,
612 2290 662 2312 ceu
685 2283 747 2319 igne
761 2284 856 2316 solari,
877 2285 1041 2318 exsiccetur,

253 2331 343 2359 neque
353 2327 509 2354 committas
519 2332 548 2355 ut
558 2336 651 2356 semen
663 2329 798 2363 divinum,
810 2330 903 2362 timor,
917 2331 1040 2365 inquam,

254 2369 378 2405 Dominil,
413 2373 536 2406 corporis
573 2374 610 2400 tui
642 2375 760 2402 miseriis
803 2381 832 2402 et
863 2376 938 2403 curis
972 2377 1043 2404 sicut

253 2415 364 2444 carduis
380 2422 407 2444 et
431 2419 542 2446 zitaniis
561 2419 711 2448 delitescat.
740 2420 785 2448 Sic
816 2421 888 2449 enitn
905 2422 972 2450 lides
985 2428 1040 2455 tua,

253 2462 324 2490 sieut
338 2470 451 2498 campus
463 2465 576 2499 sterilis,
592 2474 702 2501 pessum
719 2468 779 2494 ibit.

290 2549 403 2581 Niceta',
429 2553 474 2586 qui
497 2557 521 2579 et
547 2553 641 2580 David.
669 2554 823 2583 Caveamus
848 2555 931 2591 igitur
944 2563 977 2583 ne
992 2563 1042 2584 nos

253 2603 364 2630 quoque
387 2596 543 2631 hujusmodi
570 2599 700 2633 periculis
733 2600 959 2633 succumbamus,
987 2601 1042 2628 imo

256 2643 355 2670 tuentis
385 2651 479 2677 egrum
511 2645 585 2671 omni
608 2652 678 2672 noxa
707 2647 866 2680 purgemus.
898 2646 944 2674 Sic
970 2648 1042 2674 enim

256 2689 391 2716 mentibus
401 2690 503 2717 nostris
515 2691 650 2718 culturam
665 2691 737 2718 sicut
749 2692 868 2726 pluviam
879 2693 1043 2720 matutiuam

256 2743 288 2761 ac
303 2736 451 2764 serotinam
468 2737 662 2771 infuntlemus;
678 2739 718 2766 sit:
743 2739 863 2766 calorem
888 2739 936 2774 qui
949 2747 964 2767 e
986 2739 1044 2767 sole

253 2779 368 2813 iustitiae
385 2781 452 2813 (luit,
474 2781 602 2818 laerymis
625 2783 726 2811 nostris
748 2784 943 2819 mitigabimus.
960 2785 1040 2818 lliuc,

254 2824 326 2851 sicut
348 2834 412 2861 ager
435 2827 576 2861 fecundus,
610 2829 655 2855 Dei
682 2829 1042 2866 benedictionisLcompolcs

257 2870 371 2905 erimus,
384 2873 513 2901 virtutum
529 2880 684 2903 nostrarum
699 2875 830 2910 fructum,
846 2875 867 2904 si
880 2884 933 2905 non
948 2881 1041 2905 centu-

1102 820 1222 853 πῶν-τας
1245 820 1332 853 ὑμᾶς,
1353 829 1380 847 κ.
1397 829 1424 847 τ.
1439 821 1464 849 λ.

1135 866 1266 899 Νικήτου
1294 867 1348 894 τοῦ
1373 866 1424 894 καὶ
1448 868 1547 895 Δαϐίδ.
1569 867 1625 904 Τὴν
1643 869 1735 904 φιλίαν
1761 869 1794 896 ἐκ
1810 869 1897 905 τριῶν

1102 914 1262 941 συνεστάναι
1284 913 1396 946 τούτων,
1421 914 1527 948 ἡδονῆς,
1545 915 1627 949 φημὶ,
1656 915 1704 941 καὶ
1721 916 1830 951 χρείας,
1845 916 1893 943 καὶ

1099 959 1210 995 ἀρετῆς,
1237 959 1330 990 παῖδες
1356 959 1445 993 σοφῶν
1464 960 1640 994 ἀπεφήναντο
1653 968 1661 976 ·
1689 960 1758 987 ἀλλὰ
1774 961 1824 993 τὰς
1842 961 1896 996 μὲν

1100 1004 1212 1040 πρώτας
1225 1004 1272 1032 δύο
1300 1005 1400 1038 αἰτίας,
1419 1006 1578 1039 εὐκινήτους
1593 1004 1674 1038 εἶναι,
1703 1007 1734 1033 οὐ
1752 1007 1894 1042 μονίμους,

1099 1051 1160 1077 οὐδὲ
1178 1051 1208 1077 τὸ
1223 1050 1332 1084 βέϐαιον
1356 1052 1385 1078 ὲν
1409 1052 1478 1083 υἱοῖς
1490 1051 1642 1086 ἀνθρώπιον
1660 1051 1786 1086 ἐχούσας.
1809 1052 1893 1086 Ὁμοῦ

1099 1096 1153 1132 γὰρ
1169 1095 1199 1122 τὸ
1217 1096 1313 1131 ἡδῡνον
1329 1096 1478 1126 πέπαυται.
1505 1096 1552 1123 καὶ
1573 1098 1590 1132 ἡ
1615 1097 1694 1132 χρεία
1709 1097 1892 1133 παρελήλυθε,

1099 1142 1146 1168 καὶ
1160 1141 1265 1174 τούτοις
1280 1142 1513 1176 συγκαταλέλυται
1539 1142 1569 1169 τὸ
1591 1143 1712 1178 φίλτρον.
1735 1143 1819 1170 Ὅθεν
1845 1143 1894 1170 καὶ

1099 1188 1194 1223 χρόνου
1213 1188 1261 1215 καὶ
1279 1189 1363 1214 τόπου
1390 1188 1531 1220 διάστασις
1543 1189 1598 1220 τοῖς
1615 1187 1687 1214 οὕτω
1709 1188 1816 1223 φιλοῦσι
1830 1189 1892 1215 ἑπι-

1099 1233 1236 1260 6ουλεὺειν
1249 1231 1314 1264 οἶδε,
1332 1234 1383 1269 τὴν
1400 1233 1491 1267 φιλίαν
1504 1235 1598 1270 ὥσπερ
1609 1233 1710 1271 ὁμίχλῃ
1726 1235 1828 1270 παχείᾳ
1842 1235 1891 1261 καὶ.

1100 1277 1184 1313 ζόφῳ,
1200 1280 1232 1314 τῇ
1252 1278 1321 1314 λήθῃ
1336 1278 1575 1312 συγκαλύπτουσα.
1591 1279 1628 1306 Οὐ
1647 1279 1701 1314 μὴν
1726 1281 1773 1306 καὶ
1788 1281 1805 1315 ἡ
1822 1280 1894 1307 κατὰ

1098 1324 1198 1359 ἀρετὴν
1214 1324 1371 1351 συνεστῶσα
1385 1324 1430 1351 τὸν
1442 1325 1499 1351 [σον
1510 1325 1609 1360 τρόπον
1622 1324 1893 1360 ἀμαυροῦται,ἀδιά-

1097 1378 1202 1400 πτωτος
1216 1369 1245 1396 δὲ
1260 1369 1307 1396 καὶ⁸
1316 1370 1520 1404 ἀνεπηρέαστος
1533 1370 1615 1396 παντὶ
1629 1370 1725 1405 χρόνου
1738 1371 1786 1396 καὶ
1798 1371 1884 1397 τόπου

1097 1413 1174 1448 μένει
1188 1413 1370 1448 διαστήματι,
1398 1414 1445 1440 καὶ
1461 1413 1517 1440 οὐδ’
1534 1414 1655 1448 ὴτινιοῦν
1672 1414 1808 1450 προφάσει
1830 1414 1892 1441 δια-

1064 1451 1086 1478 Β
1100 1459 1206 1491 πίπτει,
1222 1459 1324 1493 μᾶλλον
1340 1460 1389 1494 μὲν
1403 1457 1450 1486 οὖν
1467 1459 1515 1499 καὶ
1528 1460 1688 1495 ἰσχυροτέρα
1703 1461 1749 1487 καὶ
1764 1460 1891 1496 λαμπρο-

1097 1502 1164 1537 τέρα
1176 1502 1280 1536 γίνεται
1298 1503 1487 1539 πολεμουμένη
1501 1511 1508 1519 ·
1524 1503 1562 1535 ὼς
1578 1504 1676 1540 μηκέτι
1694 1504 1786 1539 φιλίαν
1807 1505 1890 1540 μόνον

1098 1548 1264 1583 αὺτὴν,ἀλλὰ
1277 1548 1323 1575 καὶ
1336 1549 1447 1584 ἀγάπην
1461 1549 1627 1585 κυριώτερον
1642 1550 1823 1586 ὀνομάζεσθαι
1834 1560 1841 1568 ’
1858 1552 1892 1587 ἧ-

1097 1602 1139 1626 τις
1154 1594 1225 1621 κατὰ
1236 1594 1281 1621 τὸν
1303 1595 1475 1626 Ἀπόστολον,
1491 1596 1620 1623 οὐδέποτε
1633 1597 1772 1625 ἐκπίπτει.
1793 1597 1894 1626 Εὔνοια

1097 1640 1148 1675 μὲν
1160 1641 1223 1676 γὰρ,
1239 1641 1328 1676 φιλίας
1344 1642 1475 1677 ἀρχή-ὼς
1489 1642 1561 1676 όψις,
1577 1642 1726 1678 ἐπιθυμίας
1737 1653 1744 1660 ·
1764 1644 1838 1679 φιλία
1852 1646 1892 1679 δὲ,

1097 1687 1208 1722 ἀγάπης
1220 1688 1292 1723 ἀρχὴ
1307 1691 1354 1714 καὶ
1368 1688 1444 1723 πηγή
1455 1695 1461 1702 '
1476 1689 1572 1723 ἀγάπη
1584 1688 1623 1721 δι,
1638 1689 1669 1716 τὸ
1688 1690 1835 1724 κεφάλαιον
1850 1690 1892 1717 νό-

1098 1741 1149 1768 μου
1161 1733 1209 1760 καὶ
1228 1733 1385 1768 προφητῶν.
1403 1733 1449 1760 Διὸ
1465 1733 1516 1769 τὴν.
1532 1734 1592 1769 μὲν,
1618 1735 1666 1761 καὶ
1686 1735 1749 1770 ἄχρι
1773 1736 1888 1771 χειλέων

1097 1779 1188 1814 μόνον,
1207 1779 1254 1806 καὶ
1278 1779 1367 1814 ψιλοῖς
1395 1780 1574 1807 συνίστασθαι
1587 1780 1680 1814 λόγοις
1694 1782 1719 1807 οἱ
1736 1781 1830 1808 πολλοὶ
1847 1790 1892 1808 νο-

1097 1825 1232 1860 μίζουσιν,
1247 1825 1358 1861 ἀγάπην
1377 1826 1406 1853 δὲ
1420 1826 1460 1861 τῷ
1475 1826 1532 1852 ὄντι
1563 1827 1601 1862 μὴ
1626 1824 1706 1858 εἶναι,
1723 1827 1748 1853 εί
1763 1826 1799 1862 μὴ
1818 1827 1891 1862 ἔργῳ

1095 1871 1142 1898 καὶ
1156 1871 1270 1906 ἀληθείᾳ
1285 1872 1447 1907 μαρτυροῐτο
1456 1880 1464 1888 ·
1478 1871 1570 1903 καθὼς
1582 1873 1596 1899 ό
1610 1871 1661 1906 τῆς
1674 1872 1805 1907 ἀληθινῆς
1819 1873 1889 1907 ἀγά-

1095 1926 1150 1953 πης
1162 1918 1306 1952 παρεγγυᾷ
1321 1917 1456 1953 μαθητὴς.
1472 1917 1510 1953 μὴ
1528 1918 1639 1953 ἀγαπᾷν
1656 1917 1728 1954 λόγῳ
1743 1918 1790 1945 καὶ
1801 1917 1894 1952 γλώσ-

1096 1970 1131 2000 σῃ
1147 1962 1355 1998 παραγγέλλων,
1372 1963 1429 1990 ἀλλ’
1442 1963 1516 1998 ἔργῳ
1531 1965 1579 1990 καὶ
1589 1964 1715 1999 ἀληθείᾳ.

1131 2009 1200 2042 Κεφ.
1215 2008 1256 2042 H',
1272 2007 1333 2043 στίχ
1358 2007 1390 2035 ε’.
1408 2008 1555 2044 Ἐξῆλθεν
1570 2010 1587 2036 d
1598 2010 1732 2044 σπεΙρων
1741 2008 1796 2036 τοῦ
1812 2008 1895 2036 σπεῒο

1091 2063 1153 2088 pat,
1169 2062 1198 2082 κ.
1219 2062 1245 2080 τ.
1259 2054 1285 2081 λ.

1130 2100 1264 2133 Νικήτου
1282 2101 1497 2135 Παφλαγόνων.
1520 2100 1591 2136 Ὀρα
1612 2099 1710 2135 μήπως
1736 2099 1753 2134 ἢ
1769 2100 1825 2129 τοῖς
1840 2107 1892 2124 πε-

1094 2147 1190 2176 τεινοῖς
1206 2145 1253 2171 τοῦ
1266 2145 1393 2181 οὐρανοῦ,
1410 2147 1466 2177 τοῖς
1482 2145 1528 2172 τοῦ
1541 2145 1571 2171 ὰέ
1577 2153 1632 2180 ρος,
1645 2144 1727 2179 φημὶ,
1741 2143 1890 2178 πνεύμασι,

1094 2191 1124 2217 τὸ
1136 2191 1206 2217 θεῖον
1221 2191 1332 2226 σπέρμα
1351 2191 1501 2226 διαρπαγῇ,
1527 2190 1617 2216 εἴτουν
1637 2184 1824 2226 ὲναποὰδεσθῇ
1843 2198 1891 2217 σου

1093 2235 1144 2270 τῆς
1165 2235 1278 2270 καρδίας
1300 2234 1468 2270 ήθρυαλλίς·
1482 2235 1500 2270 ἢ
1520 2234 1626 2270 ἡλιακῷ
1641 2235 1772 2266 καύσωνι,
1802 2235 1892 2261 είτουν

1093 2281 1239 2316 ὲμπυρίοις
1257 2280 1355 2307 πάθεσι
1380 2281 1427 2307 καὶ
1446 2280 1624 2316 ὲνδομυχοῦσι
1647 2283 1785 2316 πιεσμοῖς,
1804 2281 1821 2316 ή
1837 2280 1892 2312 ζω-

1093 2327 1156 2361 τικὴ
1169 2326 1374 2362 ἑναηοξηρανθῇ
1391 2335 1432 2353 σοι
1447 2327 1532 2360 ἰκμάς
1548 2335 1555 2342 ·
1570 2326 1587 2362 ἢ
1610 2327 1709 2362 μήπως
1724 2326 1762 2358 ὠς
1777 2327 1891 2362 ρἀνοις

1093 2372 1149 2398 τισὶ
1175 2373 1223 2398 καὶ
1249 2372 1381 2403 ἀκάνθαις
1402 2373 1463 2403 ταῖς
1491 2372 1629 2403 ποικίλαις
1661 2371 1810 2407 μερίμναις
1836 2371 1886 2397 καὶ

1093 2418 1217 2452 φροντίσι
1234 2417 1282 2444 τοῦ
1303 2417 1431 2453 σώματος
1451 2418 1482 2444 τὸ
1508 2418 1579 2444 θεῖόν
1606 2426 1647 2444 σοι
1673 2417 1754 2444 τοῦτο
1777 2416 1890 2451 σπέρμα

1092 2462 1139 2488 τοῦ
1167 2462 1249 2497 φόδου
1270 2462 1372 2497 Κυρίου
1400 2463 1447 2489 καὶ
1468 2463 1519 2497 τῆς
1545 2463 1663 2493 πίστεως
1691 2460 1889 2494 ἐναποπνιγὲν,

1092 2508 1216 2542 ἄκαρπον
1229 2508 1277 2534 καὶ
1287 2508 1415 2543 ἀδόκιμον
1430 2508 1567 2543 ἀπελέγξῃ
1582 2507 1623 2542 τῷ
1638 2507 1766 2542 γεωργῷ.

1128 2555 1270 2588 Νικήτου,
1283 2554 1336 2582 τοῦ
1346 2555 1396 2581 καί
1411 2554 1511 2581 Δαϐίδ.
1520 2553 1721 2588 Φυλαττώμεθα
1733 2553 1824 2580 τοίνυν
1837 2554 1886 2581 καὶ

1093 2601 1174 2635 ἡμεῖς
1191 2600 1312 2635 μηδεμιᾷ
1325 2601 1427 2626 τούτων
1437 2599 1610 2626 κινδυνεῦσαι
1623 2599 1677 2625 τῶν
1687 2598 1885 2630 ἀποπτὼσεων,

1093 2645 1150 2672 ἀλλ’
1166 2645 1397 2681 ἁνακαθαίρωμεν
1416 2646 1506 2681 πάσης
1521 2646 1574 2680 ὲπη
1581 2645 1656 2680 ρείας
1672 2645 1802 2680 τοιαύτης
1814 2665 1822 2677 ,
1838 2645 1889 2680 τῆς

1092 2691 1211 2723 διανοίας
1226 2691 1273 2727 τὴν
1286 2692 1407 2726 ἄρουραν
1418 2699 1424 2705 ·
1438 2692 1487 2718 καὶ
1500 2692 1578 2718 ὑετὸν
1592 2691 1717 2727 πρώῐμον
1728 2692 1775 2719 καὶ
1786 2691 1889 2726 ὄψιμον

1093 2737 1142 2773 τὴν
1154 2738 1280 2771 ποικίλην
1295 2737 1342 2765 τοῦ
1369 2737 1527 2772 πνεύματος
1543 2737 1655 2774 διδαχὴν
1678 2739 1740 2769 ταῖς
1758 2737 1890 2771 μελέταις

1096 2782 1294 2817 ἐπισπώμενοι,
1308 2784 1355 2810 καὶ
1368 2783 1418 2819 τὴν
1431 2783 1485 2810 ἀπὸ
1500 2783 1548 2809 τοῦ
1563 2783 1638 2818 ἡλίου
1654 2783 1703 2818 τῆς
1715 2781 1889 2816 δικαιοσύνης

1096 2829 1253 2865 σύμμετρον
1270 2830 1374 2865 Θέρμην
1386 2829 1602 2865 ἀνακαλούμενοι
1610 2829 1751 2865 δάκρυσιν,
1760 2825 1804 2855 οἷα
1818 2828 1891 2863 καλὴ

1097 2875 1143 2904 καὶ
1158 2875 1249 2912 ἀγαθὴ
1259 2876 1305 2911 γῆ,
1320 2876 1369 2912 τῆς
1387 2876 1442 2903 ἀπὸ
1454 2875 1501 2904 τοῦ
1514 2875 1582 2903 Θεοῦ
1599 2874 1724 2910 εὐλογίας
1737 2873 1887 2910 ἐπιτυγχά-
