2092 3156
169 144 222 178 677

585 145 627 176 IN
646 145 818 177 CARMINA
836 146 988 177 ARCANA
1012 147 1200 180 GREGORII
1225 150 1363 181 THEOL.

1751 153 1805 187 578

167 208 263 237 νοιμεν
275 207 282 216 ο
298 199 322 226 εί
332 199 379 227 καὶ
395 199 432 235 μὴ
449 200 478 227 ἐν
491 199 599 232 ἑκατδν,
613 200 670 227 ἀλλ’
680 201 709 228 ὲν
724 201 867 237 ἐξήκοντα,
880 203 963 238 ἤγουν

1017 205 1101 239 plum,
1117 210 1146 233 at
1160 206 1256 234 saltem
1281 206 1484 243 sexagesimum
1515 207 1720 236 tricesimumve
1745 214 1806 238 red-

168 247 198 274 ἐν
226 246 386 282 τριάκοντα,
417 247 462 272 τιν
487 245 594 280 καρπὸν
619 246 790 279 ἀποδιδόντες
815 247 869 274 τῶν
895 248 963 282 ἁρε-

167 301 233 320 τιον.

206 338 278 372 Κεφ,
302 338 356 370 lll',
376 338 448 373 στίχ.
475 338 526 367 κδ’.
544 338 628 366 Ἰδὼν
640 338 675 364 δὲ
693 338 788 365 αὑτὸν
806 339 822 365 ὁ
842 338 963 372 Ἰησοῦς

168 382 336 416 περίλυπον
348 383 520 417 γενόμενον,
536 393 565 412 κ.
581 392 608 411 τ.
622 384 647 411 λ.

205 427 336 461 Νικήτου
349 427 402 455 τοῦ
415 430 625 464 Παφλαγόνος.
642 429 784 466 Καρδιακῇ
806 429 860 466 γὰρ
875 430 966 457 διαθέ-

169 482 211 500 σει
222 473 261 509 τῷ
276 473 400 510 ἀργυρίῳ
412 476 710 511 προσπεπερονημένης
718 476 792 511 αὐτῷ
803 476 853 511 τῆς
864 477 964 512 ψυχῆς,

168 519 215 545 καί
229 527 289 546 τινα
302 519 403 554 τρόποι
417 521 704 557 προσκεκολλημένης,
717 522 762 548 καὶ
769 521 799 548 ἓν
810 523 959 557 γενομένης

168 565 216 591 ἐπὶ
235 565 320 600 αὐτῷ,
334 565 385 592 οὐκ
396 565 524 593 ἐϐούλετο
536 566 657 602 εὐχερῶς
669 566 716 594 τοῦ
730 567 891 602 φιλουμένου
906 567 965 594 δια-

169 609 301 637 σπᾶσθαι,
315 610 338 636 εἰ
354 611 391 645 μὴ
406 611 475 645 μετὰ
491 611 616 646 μείζονος
631 611 730 638 πόνου·
745 611 841 647 ὥσπερ
853 613 900 638 καὶ
913 621 964 647 με-

167 653 222 680 λῶν
243 655 369 690 σώματος
387 656 481 691 βιαίως
493 657 637 692 ἀφαίρεσις
650 657 756 691 γίνεται
768 657 963 692 διαιρουμένης

172 701 324 735 τυμφυῖας.

1013 252 1116 279 dendo.

1050 341 1118 376 Cap.
1136 340 1229 374 XVIII,
1244 349 1317 370 vers.
1331 342 1378 370 24.
1405 342 1503 371 Videtis
1524 349 1615 372 autem
1633 343 1712 372 Iesus
1730 345 1806 373 illum

1015 387 1117 414 tristem
1137 388 1248 422 factum,
1259 392 1312 416 etc.

1053 432 1156 460 Nicena
1165 433 1355 469 Paphlagonis.
1367 434 1464 462 Anim:
1476 442 1538 470 quae
1555 435 1637 463 simul
1651 443 1714 463 cum
1725 436 1808 464 corde

1015 486 1112 506 aurum
1125 480 1184 506 sitit
1194 480 1275 514 eique
1293 481 1370 508 unite
1386 481 1477 508 dedita
1490 487 1542 512 est.
1562 489 1616 509 non
1633 481 1694 509 sine
1707 490 1807 517 magno

1017 525 1109 552 labore
1122 525 1184 552 inde
1201 525 1351 554 divellitur.
1376 525 1422 553 Sic
1444 527 1528 554 etiam
1547 527 1671 562 corporis
1685 527 1806 555 membra

1015 571 1088 599 haud
1106 576 1292 607 amputantur,
1308 573 1374 608 quin
1394 577 1451 601 tota
1468 573 1628 602 eorumdem
1642 574 1808 602 coadunatio

1015 617 1124 652 penitus
1134 618 1268 646 solvatur.

182 804 1804 830 mm

487 900 604 944 ΤΟΥ
647 900 976 944 ΦΙΛΟΣΟΦΟΥ
1031 901 1220 944 ΚΥΡΟΥ
1260 903 1476 944 ΝΙΚΗΤΑ

807 990 992 1016 ΕΠΙΣΚΟΠΟΥ
1015 991 1180 1016 ΔΑΔΥΒΡΩΝ
1700 994 1706 1009 ‘

425 1066 596 1094 ΕΞΗΙἮΣΙΣ
610 1067 679 1093 ΤΩΝ
693 1066 785 1094 ΕΠΩΝ
802 1066 871 1094 τοῖ’
894 1067 1059 1094 ΜΕΓΔΛΟΥ
1074 1068 1092 1094 Γ
1095 1067 1265 1096 ΡΗΓΟΡΙΟΥ
1287 1069 1356 1096 ΤΟΥ
1370 1069 1560 1098 ΘΕΟΔΟΓΟΥ.

966 1157 1002 1164 -.

548 1237 773 1285 DOMINI
799 1241 1038 1286 NICETJE
1064 1241 1435 1288 PHILOSOPHI

774 1335 929 1363 EPISCOPI
969 1336 1204 1365 DADYBROBUM

360 1413 545 1445 EXEGESIS
573 1414 777 1447 CARMINUM
793 1415 1031 1446 ARCANORUM
1051 1415 1173 1447 MAGNI
1203 1415 1389 1446 GREGORII
1412 1416 1616 1448 THEOLOGI.

461 1568 665 1596 ΠΡΟΟΙΜΙΟΝ.

209 1613 241 1640 οι
257 1612 306 1648 μὲν
324 1612 390 1648 παρ’
400 1613 513 1648 Ἕλλησι
529 1612 743 1648 φιλοσοφώτατοι
759 1612 830 1641 εἶναι
841 1614 967 1648 δόξαντες

172 1661 221 1687 καὶ
236 1659 408 1693 λογιώτατοι,
428 1659 510 1694 ἡνίκα
536 1659 570 1686 ἂν
589 1660 650 1691 ταῖς
665 1659 736 1694 ὑπὲρ
752 1660 783 1687 τὸ
798 1659 967 1696 βλεπόμενον

173 1707 221 1733 καὶ
233 1706 282 1741 τὴν
299 1705 426 1739 αἴσθησιν
442 1705 570 1741 Θεωρίαις
586 1705 775 1739 ἐπιϐαίνοντες
790 1707 967 1742 φυσιολογίας

171 1755 246 1786 τινος
273 1755 290 1789 ἢ
311 1753 449 1789 θεολογίας
469 1755 507 1787 ὼς
537 1754 648 1790 αὐτῷ...
668 1754 716 1781 νῦν
733 1755 966 1790 ἐπελαμϐάνοντο,

173 1800 285 1831 πλείους
298 1799 339 1826 ὃτι
354 1799 472 1833 μάλιστα
488 1798 595 1834 βίϐλους
610 1797 798 1825 ὲπετείνοντο¹
812 1797 850 1829 ὡς
865 1797 899 1825 ἂν
917 1798 967 1825 αὑ-

172 1845 214 1872 τοὶ
238 1845 287 1879 τῆς
328 1843 389 1872 κατ’
406 1845 505 1875 αὐτοὺς
535 1843 721 1878 ἐντρυφῶντες
753 1843 896 1875 πολυνοίας
920 1843 968 1870 καὶ

174 1889 302 1925 Θεωρίας,
319 1890 366 1916 καὶ
382 1890 440 1921 τοῖς
455 1888 596 1922 ἐγγίζουσι
612 1888 641 1915 δὲ
657 1888 751 1920 αὐτοῖς
773 1888 824 1923 τῆς
844 1888 899 1915 ἀπὸ
912 1888 967 1915 τῶν

173 1935 361 1970 θεωρημάτων
376 1934 542 1969 μεταδιδοῖεν
556 1934 708 1969 ὠφελείας·
731 1934 789 1961 ἀλλ’
807 1934 885 1961 οὐδὲν
904 1942 968 1961 τοσ-

173 1979 252 2005 οῦτον
276 1980 316 2011 είς
339 1979 485 2014 οἰκοδομὴν
501 1979 549 2006 καλ⁸
577 1979 749 2014 κατόρθωσιν
773 1979 824 2014 τῆς
848 1988 877 2006 τε
899 1979 968 2012 ιδίας

172 2025 264 2051 αὐτῶν
276 2025 397 2057 διανοίας
413 2025 462 2052 καὶ
475 2024 525 2058 τῆς
538 2024 594 2051 τῶν
611 2025 878 2061 μαθητευομένων...
893 2025 968 2060 φιλο-

173 2072 267 2105 σοφεῖν
293 2071 472 2106 ἐδοκίμασαν,
500 2071 561 2097 ὅσον
581 2072 622 2102 εἰς
648 2070 786 2106 βλάϐην...
808 2070 859 2105 τῆς
883 2071 968 2102 ὅντως

172 2117 379 2152 ἁληθογνωσίας
398 2117 430 2144 δι’
447 2117 621 2153 ἁμαρτίαν...
637 2116 730 2151 ἐπειδὴ
745 2117 801 2152 γὰρ
813 2117 863 2153 τὴν
877 2117 968 2153 πάσης

178 2163 276 2198 σοφίας
293 2163 376 2191 καὶ...
391 2164 484 2199 πηγὴν
508 2163 568 2191 κατ’
585 2163 672 2199 ἀρχὴν
687 2163 727 2194 είς
746 2163 810 2196 τοὺς
827 2164 892 2199 περὶ
911 2163 966 2190 τῶν

173 2209 259 2236 ὄντων
278 2209 430 2244 γινομένων
447 2209 543 2243 λόγους
556 2209 820 2245 προκατεϐάλλοντο,
833 2210 888 2236 οὐδ’
907 2211 967 2237 ἔπι-

1282 1571 1480 1601 ΡΒΟΟΕΜΙΗΜ
1491 1572 1541 1608 (α).

1054 1617 1106 1651 Qui
1121 1619 1193 1653 apud
1210 1617 1322 1645 Graecos
1342 1618 1522 1652 philosophiae
1545 1621 1571 1645 et
1594 1617 1811 1648 ratiocinationis

1020 1663 1179 1699 peritissimi
1196 1671 1257 1691 esse
1272 1667 1379 1697 putant,
1394 1663 1503 1698 quando
1524 1663 1551 1692 in
1573 1665 1811 1699 speculationibus

1018 1708 1052 1736 de
1068 1707 1128 1736 visu
1142 1712 1169 1735 et
1184 1709 1343 1736 sensatione
1357 1709 1548 1744 aggredientes
1565 1710 1711 1744 quamdam
1735 1711 1811 1747 plty-

1018 1752 1163 1787 siologiam
1179 1758 1225 1780 aut
1244 1753 1410 1788 theologiam
1427 1759 1456 1781 ut
1477 1753 1517 1781 illi
1585 1762 1658 1782 nunc
1685 1755 1810 1783 incurre-

1019 1795 1086 1823 bant
1105 1796 1197 1831 plures
1220 1804 1302 1831 quam
1326 1797 1446 1825 maxime
1468 1797 1554 1825 libros
1579 1799 1807 1833 protendebant:

1019 1841 1056 1867 ita
1070 1844 1100 1867 ut
1112 1840 1165 1875 ipsi
1181 1840 1254 1868 intra
1271 1849 1302 1868 se
1316 1841 1350 1868 de
1369 1841 1502 1874 sapientia
1515 1847 1542 1869 et
1557 1843 1743 1877 speculatione
1760 1852 1810 1872 sua

1019 1886 1179 1921 gloriantes.
1199 1886 1242 1914 his
1259 1886 1306 1921 qui
1329 1887 1362 1913 nd
1379 1887 1453 1921 ipsos
1472 1888 1608 1915 accedunt
1624 1895 1737 1916 suarum
1759 1890 1809 1918 de-

1018 1931 1253 1959 moustrationum
1272 1932 1420 1959 utilitatem
1443 1932 1649 1960 communicent
1664 1941 1672 1966 ;
1688 1934 1736 1962 sed
1758 1935 1812 1963 mi-

1018 1977 1093 2004 nitue
1125 1982 1233 2004 tantum
1270 1979 1304 2004 ad
1337 1977 1554 2006 elici-nationem
1577 1981 1605 2005 et
1631 1978 1810 2007 directionem

1018 2025 1061 2053 sui
1087 2025 1210 2060 ipsortnn
1228 2029 1256 2052 et
1284 2025 1481 2060 discipulorum
1505 2025 1681 2053 conscientia:
1749 2026 1811 2061 phi-

1018 2070 1156 2106 losophari
1181 2070 1235 2098 sibi
1261 2075 1476 2105 proposuerunt.
1503 2075 1637 2105 quantum
1651 2072 1685 2099 ad
1702 2080 1810 2107 perver-

1018 2116 1124 2144 sionem
1137 2124 1207 2144 verae
1217 2121 1245 2144 et
1263 2123 1344 2144 rectae
1355 2116 1522 2152 cognitionis
1538 2121 1649 2152 propter
1659 2118 1766 2152 culpam

1018 2163 1155 2196 Quoniam
1173 2163 1247 2190 enim
1264 2162 1355 2190 omnis
1369 2163 1510 2198 sapientiae
1524 2163 1626 2190 fontem
1642 2171 1657 2191 a
1674 2165 1810 2200 principio

1019 2209 1047 2236 in
1063 2209 1237 2237 sermonibus
1247 2209 1281 2236 de
1292 2209 1403 2236 entibus
1415 2208 1611 2237 exsistentibus
1619 2209 1806 2244 instituerunt,

172 2255 311 2289 γνῶναι...
328 2255 377 2282 καὶ
388 2254 476 2287 οὕτως
489 2256 518 2282 ὲν
532 2255 602 2290 αὐτῇ
615 2255 664 2283 καὶ
677 2255 711 2281 δι’
726 2255 818 2282 αὐτῶν
829 2255 897 2291 πρὸς
910 2257 964 2283 πᾶ-

1018 2262 1073 2282 non
1098 2262 1265 2290 cognoscere
1333 2258 1360 2282 et
1385 2254 1421 2282 ita
1447 2254 1475 2282 in
1495 2254 1554 2289 ipsa
1578 2258 1606 2282 et
1630 2262 1678 2290 per
1703 2256 1749 2284 illa
1774 2257 1807 2284 ad

173 2309 223 2326 σαν
240 2299 445 2334 ἁληΘογνωσίαν
459 2300 616 2335 ὀδηγεῐσθαι
641 2300 688 2327 καὶ
712 2309 813 2328 κατε...
830 2301 966 2336 κατηξίω-

174 2353 237 2372 σαν·
253 2345 298 2372 διὰ
313 2345 395 2372 τοῦτο
406 2345 468 2372 οὒτε
481 2346 546 2382 περὶ
558 2346 662 2382 ἀρχῶν,
672 2346 735 2373 οὗτε
751 2347 815 2382 περὶ
829 2347 884 2374 τῶν
896 2347 966 2382 μετὰ

156 2383 222 2423 ’τὰς
241 2393 340 2427 ἀρχὰς,
369 2392 431 2419 οὔτε
462 2394 528 2428 περὶ
554 2392 602 2420 τοῦ
622 2393 676 2420 τῶν
700 2393 852 2428 γινομένων
872 2394 966 2426 τέλους

171 2438 310 2472 ἀξιόλογον
326 2439 342 2474 ἢ
358 2439 480 2472 ἀξιόθεόν
496 2448 523 2465 τι
552 2438 784 2474 φιλοσοφήσαντες
798 2439 965 2475 ἁπελέγχον-

171 2491 235 2510 ταιο
251 2485 313 2511 ὅθεν
332 2484 383 2519 τῆς
398 2485 463 2520 μιᾶς
484 2485 532 2512 καὶ
547 2486 633 2521 μόνης
650 2484 696 2511 τοῦ
709 2485 793 2517 ὅντως
806 2485 883 2517 om;
895 2484 963 2512 Θεοῦ

172 2529 269 2564 σοφίας
289 2532 337 2557 καὶ
361 2531 490 2566 ἀληθείας
507 2530 708 2566 διαμαρτόντες
721 2551 729 2564 ,
747 2531 859 2567 μυρίαις
873 2531 964 2565 δόξαις

170 2576 219 2603 καὶ
233 2577 350 2608 πλάναις
368 2577 415 2603 καὶ
437 2577 608 2613 ὲναντιότησι
629 2577 698 2612 πρός
722 2585 753 2604 τε
778 2578 892 2609 ἑαυτοὺς
910 2578 957 2605 καὶ

170 2623 304 2657 ἀλλήλους
317 2623 520 2659 διενεχθέντες,
543 2623 806 2659 ἁπεδωιιμάσθησαν
826 2623 889 2651 οὗτε
906 2625 962 2656 τοῖς

171 2668 238 2704 περὶ
252 2668 320 2695 Θεοῦ
340 2669 429 2703 λόγοις
445 2670 642 2705 συμϐαίνοντες
661 2669 732 2705 (πῶς
749 2669 804 2705 γὰρ
817 2669 866 2697 καὶ
879 2669 962 2704 ἐμελ-

171 2712 218 2740 λον
235 2713 260 2740 οἱ
274 2714 313 2749 μὴ
328 2715 393 2749 παρ’
411 2714 494 2742 αὐτοῦ
511 2715 575 2750 περὶ
589 2715 672 2742 αὐτοῦ
690 2714 850 2750 μυούμενοι,
864 2714 895 2741 τὸ
908 2715 963 2742 πᾶν

201 2799 256 2836 (a)
277 2799 341 2834 Mai,
359 2800 486 2837 Spicileq.
510 2800 587 2829 Rom.
603 2800 636 2835 V,
654 2801 765 2837 5977.7ex
779 2800 874 2837 codice
885 2800 963 2828 Voti-

172 2843 242 2863 cano
259 2836 318 2871 qui,
335 2842 426 2872 utpote
447 2836 480 2864 ex
512 2837 667 2872 antiquiore
695 2836 836 2864 Siortiano
859 2836 963 2864 deseri-

172 2876 246 2906 ptus,
266 2872 372 2900 lacunis
384 2872 490 2908 aliquot
505 2872 622 2907 laborat,
635 2876 747 2908 propter
759 2872 859 2900 veteris
871 2879 962 2900 exem-

1017 2307 1127 2328 omneni
1153 2307 1246 2328 veram
1270 2299 1453 2335 cognitionem
1468 2300 1579 2335 perduci
1597 2304 1624 2328 et
1688 2302 1808 2330 aestima-

1017 2351 1128 2373 verunt.
1151 2345 1214 2373 ideo
1237 2353 1326 2380 neque
1349 2345 1421 2372 circa
1450 2345 1595 2380 principia.
1623 2353 1711 2381 neque
1734 2347 1808 2374 circa

1016 2399 1062 2419 res
1078 2399 1140 2426 qua:
1157 2391 1299 2426 principiis
1314 2391 1476 2424 succedunt,
1491 2399 1582 2427 neque
1603 2391 1676 2420 circa
1701 2394 1807 2422 entiutn

1016 2437 1099 2464 ﬁnem
1124 2437 1226 2472 aliquid
1256 2437 1417 2464 rationabile
1444 2436 1487 2464 vel
1515 2437 1656 2472 probabile
1684 2438 1809 2473 philoso-

1017 2483 1096 2519 phari
1121 2483 1308 2511 inveniuntur.
1333 2483 1411 2511 Unde
1434 2483 1492 2511 sola
1511 2487 1539 2511 et
1564 2484 1644 2512 unica
1672 2484 1719 2512 Dei
1745 2493 1808 2513 vero

1017 2528 1176 2557 exsisteutis
1203 2529 1335 2564 sapientia
1366 2534 1394 2557 et
1424 2530 1539 2557 veritate
1565 2534 1701 2561 carentes.
1733 2531 1807 2557 mul-

1017 2575 1052 2602 tis
1075 2574 1252 2610 opinionibus
1274 2580 1301 2602 et
1321 2575 1460 2602 erroribus
1484 2579 1513 2603 et
1544 2576 1807 2604 contradictionibus

1017 2629 1079 2649 cum
1095 2621 1193 2656 seipsis
1209 2625 1236 2648 et
1255 2629 1319 2648 eum
1340 2620 1402 2648 aliis
1417 2620 1524 2656 agitati,
1543 2622 1679 2656 reprobati
1697 2627 1760 2650 sunt
1777 2622 1805 2649 in

1017 2667 1189 2694 sermonibus
1203 2666 1277 2694 circa
1289 2665 1372 2693 Deum
1383 2674 1436 2694 non
1451 2667 1643 2694 convenientes
1653 2675 1659 2694 :
1669 2667 1805 2702 quomodo

1017 2712 1089 2740 enim
1108 2712 1218 2740 evenire
1231 2712 1347 2740 debebat
1363 2712 1406 2740 Itis
1420 2713 1467 2748 qui
1485 2721 1540 2740 non
1562 2713 1598 2740 ab
1622 2713 1668 2740 illo
1701 2713 1735 2740 de
1756 2711 1805 2739 illo

1034 2801 1099 2829 laris
1115 2801 1225 2828 damna.
1240 2800 1381 2828 Decsthoe
1391 2799 1585 2835 prommiumin
1597 2798 1802 2827 Commentario

1012 2808 1114 2862 Eiectat
1141 2836 1214 2862 uuod
1242 2842 1304 2862 nost
1327 2836 1451 2862 Gregorii
1481 2834 1648 2862 Nazianzani
1676 2834 1800 2862 carmina

1029 2835 1114 2863 licetat
1141 2836 1214 2871 quod
1242 2842 1304 2871 post
1327 2836 1451 2871 Gregorii
1481 2835 1648 2863 Nazianzani
1676 2835 1800 2862 carmina

1012 2857 1304 2907 nausiantis
1309 2857 1426 2907 xiiii)”:
1434 2857 1517 2899 ’ὲυῐὲῖ
