2092 3156
223 205 275 237 563

223 261 317 292 etiam,
332 264 359 288 et
375 260 469 287 ultima
484 264 616 288 terrarum
634 260 826 292 incolentibus,
847 260 903 287 Deo
917 260 1014 295 plenus

222 306 306 334 Pater
317 307 394 334 adest
410 307 579 341 imploralus.
597 306 680 341 Cujus
692 307 730 334 rei
744 307 932 341 amplissimus
944 307 1021 334 testis

220 357 321 386 prmtor
332 357 372 378 cst
399 352 507 384 Siciliu‘,
524 351 569 385 qui
585 351 611 378 id
627 350 800 378 sanctissime
820 352 928 385 juratus
951 349 1021 377 afﬁr-

221 395 315 422 mavit.
334 395 362 421 ln
377 395 515 429 Agarenos
538 395 547 429 (
564 394 684 422 Siciliam
709 394 886 429 invadentes)
914 401 1013 430 pugna-

221 446 310 472 turus,
327 449 387 468 rum
405 441 505 475 ingenti
527 448 591 467 cura
610 448 763 475 paroreque
777 446 931 476 augeretur,
961 448 1019 467 ma-

220 495 303 520 gnum
318 485 451 521 lguatium
470 486 496 513 in
509 487 641 513 auxilium
659 487 820 514 ardentibus
836 488 907 514 votis
932 487 1010 514 invo-

218 537 262 558 cat
277 541 283 559 :
299 532 346 566 qui
367 532 472 567 (inquit
491 532 609 567 praetor)
625 532 786 559 manifestus
804 533 829 559 in
848 540 911 560 aere
938 533 1012 560 velut.

216 579 278 605 albo
304 578 426 605 insidens
457 585 529 611 equo
554 586 598 605 me
629 579 753 609 monuit,
775 584 803 605 ut
822 579 846 604 iu
868 578 1010 606 dexteram

217 629 319 659 partem
334 624 470 651 flecterem
485 632 595 659 agtnen,
609 623 736 659 illicoqlte
761 624 874 659 gloriam
897 624 942 652 Dei
968 633 1011 652 me

215 671 351 698 \‘isurum.
379 670 457 703 Quod
493 678 554 697 cum
583 669 729 705 prtefeelus
748 670 886 698 Musilices
902 672 1013 699 nomine

215 717 337 750 fecisset,
357 717 459 752 ingenti
483 716 576 752 praelio
593 717 716 744 devictos
731 717 824 744 hostes
839 717 922 751 cepit.

817 207 965 237 NlCET/E
985 207 1249 238 PAPHLAGONIS

1813 207 1867 241 5δῶ

1031 266 1050 293 Α
1066 261 1113 287 καὶ
1129 262 1184 291 τοῖς
1200 261 1243 287 ἐπ’
1258 261 1411 297 ἀλλοδαπῆς
1434 263 1495 297 γῆς,
1514 263 1560 289 καὶ
1577 263 1609 290 τὰ
1624 263 1696 299 ἄκρα
1713 263 1761 297 τῆς
1774 264 1865 291 οἰκου-

1074 307 1157 341 μένης
1172 307 1303 339 οἰκοῦσιν,
1322 308 1547 343 ἐπικαλουμένοις
1567 310 1582 335 ό
1599 309 1748 344 θεόληπτος
1769 309 1865 346 Πατὴρ

1071 353 1254 386 ἐπιφαίνεται.
1271 354 1325 380 Καὶ
1340 355 1434 381 τούτου
1451 355 1556 390 μάρτυς
1576 356 1642 391 ἡμῖν
1655 356 1773 391 ἀψευδὴς
1786 357 1800 384 ό
1813 358 1864 391 τῆς

1070 399 1194 431 Σικελίας
1210 401 1379 436 ξστρατηγὸς,
1405 403 1528 436 φρικτοῖς
1552 403 1644 437 ὅρκοις
1668 403 1862 438 πληροφορῶν,

1068 445 1105 476 ὡς
1124 446 1228 480 μέλλων
1249 447 1288 478 είς
1313 447 1432 482 πόλεμον
1457 448 1607 483 συμῧαλεῖν
1633 449 1662 475 ὲν
1680 449 1791 484 Σικελίᾳ
1806 451 1864 482 τοῖς

1074 493 1101 519 Ἀ
1109 495 1248 527 γαρηνοῖς,
1265 495 1311 519 καὶ
1331 494 1417 527 ἀγῶνι
1432 493 1522 528 πολλῷ
1543 495 1732 529 συνεχόμενος,
1751 495 1795 522 καὶ
1813 496 1863 521 τὸν

1067 537 1154 572 μέγαν
1182 538 1314 571 Ἰγνάτιον
1336 540 1375 570 είς
1397 540 1556 574 συμμαχίαν
1581 540 1689 576 θερμῶς
1714 541 1862 568 ἐπικαλού-

1067 591 1163 617 μενος,
1182 582 1271 616 Εἶδον,
1296 585 1389 620 φησὶν,
1412 586 1494 612 αὑτὸν
1512 586 1732 621 ὀφθαλμοιρανῶς
1753 588 1800 614 ἐπὶ
1813 588 1862 614 τοῦ

1066 629 1146 664 ἀέρος
1160 629 1254 665 ὥσπερ
1267 631 1309 664 ἐφ’
1322 631 1406 658 ini-mu
1417 632 1516 663 λευκοῦ
1530 633 1687 667 καθήμενον
1697 633 1743 659 καὶ
1757 641 1863 669 παρεγ-

1066 673 1220 710 γυώμενον,
1245 677 1314 711 πρὸς
1343 679 1398 709 τοῖς
1418 678 1516 710 δεξιοῖς
1538 678 1651 714 μέρεσιν
1681 678 1791 713 ἐδηγεῖν
1815 679 1862 705 τὴν

1067 722 1193 756 στρατὸν,
1208 723 1255 749 καὶ
1273 723 1323 758 τὴν
1334 723 1412 756 δόξαν
1432 724 1514 756 εὐθὺς
1531 724 1651 760 καθορᾷν
1666 724 1713 752 τοῦ
1731 725 1811 753 Θεοῦ.
1827 725 1862 752 ⁸0

214 766 262 792 καὶ
285 765 456 799 πεποιηκότα
475 764 520 791 τὸν
546 763 788 800 στρατοπεδάρχην
809 763 996 799 (Μουσιλίκης
1016 765 1045 792 δὲ
1065 765 1150 803 ὕνομα
1171 769 1210 804 τῷ
1233 770 1333 806 ἀνδρὶ),
1364 771 1538 806 κατακράτος
1577 773 1640 803 τοὺς
1675 771 1853 803 ὑπεναντίους

214 811 295 838 ἑλεῖν.

249 857 310 890 Quo
336 860 417 892 pacto
444 865 509 884 vero
540 857 650 885 femina:
677 857 791 885 alterius
814 856 1006 884 admirandum

204 911 306 931 [rasum
323 923 331 935 .
359 908 387 931 et
409 903 576 937 stupendum
608 904 725 938 amplius
741 903 791 930 viri
807 903 895 930 sancti
914 903 940 929 iu
961 902 1006 929 illa

1095 856 1158 889 Πῶς
1174 856 1203 883 δὲ
1218 857 1248 883 τὸ
1260 857 1310 892 τῆς
1325 856 1455 891 γυναικὸς
1470 857 1577 892 ἐκείνης
1598 856 1750 892 Θαυμάσιον
1760 857 1857 889 πάθος,

1061 904 1109 930 καὶ
1124 902 1174 938 τὴν
1196 903 1428 938 θαυμασιωτέραν
1445 903 1489 930 ἐπ’
1506 903 1575 939 αὐτῇ
1591 903 1638 930 τοῦ
1663 904 1742 937 ἁγίου
1765 912 1858 940 παρα-

212 949 345 976 auxilium
373 949 582 977 relieebimus?
609 949 675 982 Quae
698 956 760 976 cum
788 956 890 976 marem
921 947 1004 975 ferret

1055 948 1207 981 δοξοποιίαν
1219 949 1429 984 σιωπήσαιμενς
1453 949 1534 981 "list;
1557 949 1642 985 ἀρρεν
1655 949 1857 984 ἐγκυμονοῦσα,

212 999 301 1027 utero,
322 999 350 1030 et
358 995 414 1030 jam
435 995 578 1023 doloribus
588 1000 682 1030 partus
701 995 836 1030 proximis
853 999 1008 1030 urgeretur,

211 1046 282 1073 puer
297 1039 324 1066 in
351 1040 434 1071 pedes
454 1039 555 1072 editus,
572 1045 598 1066 et
619 1039 726 1066 haerens
737 1039 864 1074 progredi
886 1047 939 1066 non
964 1047 1010 1074 po-

211 1088 266 1112 test
279 1084 415 1119 amplius:
434 1085 598 1120 parturienti
614 1085 724 1112 interim
739 1085 892 1113 acutissimi
909 1086 1008 1114 intole-

211 1130 345 1165 randique
359 1131 500 1158 cruciatus
513 1135 657 1165 augentur.
667 1130 791 1165 Cumque
802 1131 857 1164 jam
874 1132 900 1158 in
914 1139 946 1158 eo
966 1139 1009 1158 res

211 1181 293 1208 esset,
307 1180 337 1203 ut
353 1176 453 1203 femina
478 1177 558 1204 simul
575 1185 636 1203 cum
650 1185 734 1212 puero
753 1177 889 1209 interiret,
909 1177 1007 1204 medici

211 1222 360 1249 vulneralii
385 1222 502 1254 adsunt,
529 1227 559 1250 ut
578 1222 661 1249 fetum
688 1223 861 1249 membratim
889 1222 1006 1250 divisum

212 1274 262 1302 per
283 1272 374 1302 partes
390 1268 544 1295 extrahant.
562 1268 614 1295 Sed
632 1268 742 1296 meliore
768 1268 938 1303 providentia
955 1276 1008 1295 nu-

211 1314 304 1347 minis,
325 1322 452 1349 magnum
473 1320 597 1342 nostrum
619 1314 814 1342 miraeulorum
839 1319 1006 1350 patratorem

210 1359 238 1386 in
264 1361 424 1387 memoriam
450 1366 587 1389 revocant.
606 1361 637 1388 Et
661 1360 729 1388 forte
746 1361 857 1396 quidam
875 1369 907 1388 ex
938 1369 1006 1396 pra:-

210 1406 335 1434 seutibus
365 1407 506 1434 minimam
536 1415 567 1435 ex
595 1408 719 1442 reliquiis
740 1407 790 1434 veli
806 1407 881 1434 illius
900 1412 1004 1442 partem

211 1453 239 1479 in
259 1452 365 1480 funeris
395 1461 461 1481 cura
490 1459 553 1481 ante
583 1453 689 1489 populis
718 1454 843 1482 ﬁdelibus
866 1454 1004 1481 distributi

210 1498 326 1532 profert,
353 1500 504 1535 lgnatiique
520 1507 572 1534 ope
608 1500 762 1535 implerata,
781 1500 815 1528 ad
836 1501 882 1528 ilia
909 1501 1005 1527 admo-

209 1550 263 1574 vet.
281 1545 437 1581 feminaque
462 1551 532 1573 taeta
544 1546 645 1578 solum,
666 1546 758 1574 infans
777 1551 889 1581 repente
918 1547 945 1573 in
959 1554 1004 1573 ca-

210 1595 258 1624 put
288 1599 393 1624 versus,
422 1592 540 1626 indeque
558 1593 652 1619 salvus
680 1597 707 1619 ct.
733 1592 877 1619 incolumis
902 1592 1002 1625 editus,

211 1636 331 1669 lgnatius
343 1645 358 1664 a
370 1638 542 1671 parentibus,
556 1642 585 1665 ut
600 1638 634 1665 ab
648 1638 707 1673 ipso
731 1639 843 1665 nomine
864 1638 916 1666 sibi
948 1639 999 1665 im-

208 1683 299 1717 posito
313 1683 415 1710 rediret
434 1684 461 1710 in
485 1684 648 1711 memoriam
672 1683 798 1710 miraculi
814 1691 828 1710 a
845 1683 1000 1718 patriarcha

210 1729 370 1762 perpetrati,
401 1733 439 1756 est
469 1729 631 1764 appellatus.
648 1729 745 1756 Etltoe
770 1737 819 1755 cur
843 1729 1002 1764 apostolicis

212 1774 266 1802 illis
277 1775 407 1810 prodigiis
422 1775 538 1804 inferius
553 1776 689 1803 ducatur?
703 1776 771 1809 Quid
786 1775 858 1803 Petri
875 1781 902 1803 et
925 1775 1000 1803 Pauli

209 1819 303 1847 virtuti
317 1819 413 1848 cedit?
429 1819 477 1848 Vis
489 1821 561 1848 enim
587 1820 706 1856 Spiritus
719 1821 806 1849 sancti
823 1821 849 1848 in
866 1821 920 1849 illis
943 1821 1000 1848 eiii-

207 1865 307 1898 ciebat,
335 1869 366 1893 ut
378 1866 488 1894 sudaria
515 1872 543 1894 et
564 1867 734 1895 semicinctia
756 1867 865 1894 illorum
881 1867 1000 1902 iugentia

207 1912 285 1947 signa
308 1912 428 1941 ederent.
450 1911 514 1940 Haec
538 1913 632 1941 eadem
652 1913 733 1941 modo
751 1921 800 1949 per
818 1914 1000 1949 apostolicum

209 1957 282 1986 hunc
307 1958 396 1986 virum
413 1979 420 1992 ,
439 1967 540 1987 novum
571 1967 634 1989 vere
669 1959 803 1987 deiferum
820 1980 828 1992 ,
849 1960 951 1993 etfecit,
972 1966 1000 1987 ut

207 2005 360 2032 velamenta
379 2005 484 2038 feretri,
498 2014 559 2041 qua:
588 2014 682 2035 sacras
711 2007 771 2035 illas
792 2008 921 2043 reliquias
941 2013 1000 2035 Ian-

208 2055 264 2077 tum
280 2051 465 2086 contigerant,
485 2051 687 2088 compedesque
710 2052 815 2085 ferreae,
830 2053 930 2088 quibus
949 2053 1000 2080 im-

207 2095 243 2129 pii
265 2095 390 2123 homines
421 2103 516 2124 sacros
543 2097 619 2125 illius
638 2098 721 2132 pedes
749 2103 927 2133 presserant,
944 2106 998 2125 non

207 2141 313 2168 minora
329 2140 364 2168 ad
378 2141 424 2169 Dei
439 2142 546 2170 laudem
576 2143 753 2178 ﬁdeliumque
766 2143 882 2171 salutem
901 2143 1000 2172 fecisse

206 2186 364 2214 credantur.

398 2233 407 2246 Ι

241 2327 318 2356 Mitto
347 2328 448 2359 dicere.
472 2331 540 2363 quot
571 2335 668 2355 renum
694 2327 834 2356 doloribus
858 2327 998 2356 confectos

205 2378 265 2401 toto
281 2375 374 2401 animo
389 2379 501 2410 rogatus
515 2375 616 2402 curarit
632 2394 639 2406 ,
665 2380 732 2409 quot
745 2375 935 2410 elaphanticos
949 2383 997 2403 seu

206 2420 332 2454 leprosos
346 2420 516 2453 absterserit,
532 2420 606 2455 quod
623 2428 710 2448 caecos
729 2421 883 2453 illustrarit,
898 2421 999 2449 fractos

205 2471 232 2492 et
247 2466 371 2500 jatentes
385 2466 514 2498 erexerit,
532 2471 559 2493 ct
575 2473 629 2501 qua
645 2467 783 2498 manibus,
802 2471 830 2494 et
842 2475 895 2502 qua
921 2467 998 2502 pedi-

206 2513 258 2540 hus
272 2512 365 2540 aridos
380 2512 540 2540 restituerit.
567 2512 704 2540 Praetereo
729 2512 890 2546 febrientes,
902 2518 949 2540 aut
964 2513 999 2540 ab

207 2558 341 2594 improbis
372 2558 515 2593 spiritibus
530 2562 629 2589 tortos.
648 2564 716 2593 quot
731 2559 844 2591 sanarit,
864 2559 999 2593 hodieque

205 2608 295 2635 sanet.
316 2611 348 2631 ac
364 2611 412 2638 per
424 2603 578 2631 veneranda
594 2604 700 2631 vinetila
716 2612 812 2632 onmes
828 2612 911 2639 prope
925 2612 998 2631 mor-

205 2651 267 2681 hos,
284 2658 434 2685 omnesque
450 2651 625 2685 aegritudines
649 2651 874 2685 pellatcuretque
901 2659 998 2679 eorum

205 2698 340 2730 oumium,
356 2698 402 2733 qui
418 2697 523 2725 sincera
540 2698 592 2725 lide
608 2698 640 2725 ad
658 2706 767 2725 sacrum
781 2698 853 2726 illius
863 2699 997 2727 tumulum

206 2743 381 2778 confugiunt.
399 2743 492 2778 Neque
515 2751 591 2777 sane,
618 2744 745 2779 quamvis
768 2744 873 2778 volens,
894 2746 997 2780 possim

207 2790 300 2816 omnia
318 2791 435 2818 dicendo
450 2799 630 2826 percensere.
640 2790 730 2818 Unum
751 2796 843 2819 tamen
865 2793 929 2820 illud
946 2794 997 2820 mi-

207 2835 331 2863 laculum
351 2837 540 2873 adjungentes,
574 2845 661 2873 pauca
676 2846 709 2866 ex
728 2838 762 2867 iis
777 2847 840 2874 quae
857 2844 918 2874 post
946 2840 997 2867 viri

208 2882 297 2909 sancti
327 2887 443 2909 mortem
473 2884 597 2911 evenisse
616 2890 774 2917 narrantur,
791 2884 912 2912 historia:
927 2885 998 2919 adji-

208 2928 321 2955 ciemus.
349 2929 454 2957 Etenim
474 2938 529 2965 quo
557 2935 636 2966 pacto
664 2930 730 2966 Lydi
756 2930 830 2959 illius
861 2931 997 2959 sacellarii

1061 994 1110 1021 καὶ
1129 993 1263 1022 ὠδίνουσα
1281 995 1331 1029 ἤδη
1347 994 1415 1030 πρὸς
1435 994 1466 1021 τὺ
1482 996 1583 1027 τεκεῖν,
1600 994 1694 1029 ἐπειδὴ
1711 995 1758 1021 ἐπὶ
1772 995 1857 1026 πόδας

1059 1039 1090 1065 τὺ
1107 1039 1208 1074 βρέφος
1223 1039 1390 1074 κατηνέχθη,
1406 1039 1463 1065 οὒτ’
1477 1039 1544 1066 αὐτὸ
1562 1039 1704 1075 προελθεῖν
1719 1039 1760 1066 ἑτι
1776 1039 1858 1067 δυνα-

1059 1086 1104 1113 τὺν
1117 1083 1162 1121 ἦν,
1181 1087 1229 1112 καὶ
1251 1087 1284 1121 τῇ
1300 1085 1431 1122 τικτούσῃ
1449 1077 1582 1117 ὀξυτάτας
1605 1086 1652 1113 καὶ
1674 1085 1856 1118 ἀνυποίστους

1058 1133 1109 1164 τὰς
1123 1132 1275 1167 ἀλγηδόνας
1299 1131 1461 1167 προσετίθη.
1476 1132 1532 1158 Καὶ
1553 1131 1616 1158 ἐπεὶ
1642 1132 1683 1163 είς
1698 1132 1856 1168 ἀμηχανίαν

1059 1178 1191 1213 περιέστη
1211 1179 1241 1204 τὸ
1261 1178 1389 1212 πρᾶγμα,
1421 1177 1465 1204 ἵνα
1483 1177 1520 1212 μὴ
1541 1177 1588 1203 καὶ
1660 1177 1729 1212 γυνὴ
1751 1186 1856 1203 συναπ-

1058 1223 1161 1258 όληται,
1179 1223 1307 1257 παρῆσαν
1326 1222 1374 1256 μὲν
1389 1222 1476 1256 ἰατροὶ
1492 1223 1663 1257 χειρουργεῖν
1678 1222 1709 1248 τὸ
1720 1221 1853 1257 ἔμϐρυον,

1057 1269 1105 1296 καὶ
1116 1269 1237 1302 ἐξέλκειν
1247 1268 1413 1303 τεμνόμενον
1425 1268 1550 1303 μεληδόν.
1563 1267 1680 1303 Προνοίᾳ
1690 1267 1718 1294 δὲ
1729 1267 1856 1303 θειοτέρα

1056 1314 1105 1342 τοῦ
1121 1314 1183 1341 καθ’
1204 1314 1279 1349 ἡμᾶς
1303 1312 1519 1348 ὑπεμνήσθησαν
1541 1312 1660 1347 μεγάλου
1679 1313 1854 1348 θαυματουρ-

1059 1360 1119 1395 γοῦ.
1137 1360 1192 1386 Καί
1212 1368 1255 1391 τις
1280 1359 1312 1385 ἐκ
1332 1359 1387 1386 τῶν
1413 1359 1557 1395 παρόντων
1580 1358 1706 1393 λείψανον
1721 1358 1792 1393 ἔχων
1805 1357 1854 1384 τοῦ

1056 1407 1161 1433 πέπλου
1178 1406 1359 1442 βραχύτατον,
1371 1405 1417 1432 τοῦ
1435 1405 1507 1432 κατὰ
1519 1405 1569 1441 τὴν
1581 1406 1689 1441 ἡμέραν
1700 1405 1749 1440 τῆς
1769 1403 1853 1431 αὑτοῦ

1055 1452 1168 1488 κηδείας
1192 1454 1225 1479 ἐκ
1247 1451 1367 1483 πίστεως
1388 1451 1666 1487 καταμεμερισμένου
1681 1451 1738 1482 τοῖς
1764 1450 1854 1486 λαοῖς,

1055 1496 1197 1525 καὶτοῦτο
1215 1495 1392 1532 προαγαγὼν,
1420 1496 1468 1522 καὶ
1487 1495 1532 1522 τὸν
1550 1495 1628 1528 ἃγιον
1646 1494 1852 1529 ἐπικαλεσάμε-

1055 1551 1110 1576 νος,
1128 1542 1223 1578 ἐπειδὴ
1241 1543 1320 1577 μόνον
1335 1543 1369 1577 τῇ
1395 1542 1477 1575 ὀσφύϊ
1498 1541 1618 1576 περιῆψε
1642 1541 1692 1576 τῆς
1710 1540 1850 1575 γυναικός,

1056 1591 1275 1624 περιέστραπται
1303 1587 1354 1622 μὲν
1369 1588 1400 1614 τὸ
1415 1586 1515 1622 βρέφος
1540 1586 1621 1618 εὐθὺς
1645 1586 1692 1613 ἐπὶ
1716 1587 1848 1622 κεφαλὴν,

1020 1626 1039 1652 (ἶ
1056 1635 1205 1666 ἀκινδύνως
1218 1635 1247 1661 δὲ
1272 1635 1365 1662 λοιπὸν
1390 1635 1532 1670 γεννηθὲν,
1556 1635 1687 1669 Ἰγνάτιος
1710 1633 1778 1668 πρὸς
1795 1633 1850 1659 τῶν

1056 1681 1226 1715 γεννητόρων
1241 1681 1464 1715 κατωνόμασται,
1482 1681 1522 1712 είς
1539 1680 1694 1716 ὑπόμνησιν
1714 1680 1791 1715 ἦκων
1806 1680 1852 1706 διὰ

1055 1728 1101 1754 τοῦ
1117 1727 1250 1762 ὀνόματος
1270 1727 1321 1760 τῆς
1336 1728 1380 1754 ἐπ’
1403 1727 1479 1762 αὐτῷ
1496 1728 1647 1762 γενομένης
1673 1726 1718 1753 διά
1733 1726 1781 1752 τοῦ
1798 1734 1851 1752 παο

1054 1774 1186 1808 τριάρχου
1208 1773 1435 1808 θαυματοποιίας,
1447 1773 1533 1800 Τοῦτο
1543 1772 1570 1799 τί
1584 1772 1640 1799 τῶν
1663 1770 1851 1799 ἀποστολικῶν

1054 1819 1177 1854 τεράτων
1195 1819 1391 1853 ἀπολείπεταιῖ
1411 1819 1498 1847 Τοῦτο
1521 1819 1548 1846 τί
1564 1819 1614 1854 τῆς
1639 1820 1668 1845 ὲν
1685 1819 1783 1854 Πέτρῳ
1801 1819 1850 1845 καὶ

1055 1866 1155 1901 Παύλῳ
1179 1865 1322 1901 δυνάμεως
1347 1866 1432 1897 Evasi;
1455 1866 1487 1892 'll
1511 1867 1566 1901 γὰρ
1584 1867 1612 1892 ἐν
1630 1865 1747 1897 ἐκείνοις
1770 1866 1850 1900 ἐνερ-

1055 1910 1140 1944 γοῦσα
1157 1910 1237 1946 χάρις
1251 1910 1298 1937 τοῦ
1315 1911 1484 1946 Πνεύματος,
1499 1912 1536 1944 ὡς
1555 1911 1603 1938 καὶ
1615 1910 1658 1937 διά
1675 1910 1731 1936 τῶν
1755 1910 1850 1936 σουδα-

1056 1956 1122 1991 ρὲων
1145 1957 1193 1982 καὶ
1210 1956 1386 1991 σιμικινθίων
1402 1957 1517 1984 ἐκείνων
1540 1955 1756 1991 θαυμασιώτατα
1768 1955 1848 1991 δρᾷν,

1054 2001 1125 2036 αὕτη
1140 2001 1188 2029 καὶ
1210 2002 1259 2029 νῦν
1276 2002 1321 2029 διὰ
1346 2003 1394 2029 τοῦ
1411 2002 1593 2029 ἀποστολικοῦ
1617 2001 1713 2028 τούτου
1737 2001 1849 2036 ἀνδρὸς,

1054 2048 1116 2076 νέου
1145 2049 1184 2080 ὡς
1213 2048 1322 2083 ἀληθῶς
1351 2048 1498 2084 θεοφόρου,
1515 2049 1562 2075 καὶ
1585 2048 1631 2074 διὰ
1656 2047 1710 2074 τῶν
1735 2048 1782 2074 ἐπὶ
1802 2046 1848 2073 τοῦ

1055 2095 1207 2130 σκίμποδος
1232 2095 1348 2129 ἱματίων
1369 2095 1424 2122 τῶν
1450 2095 1489 2130 τῷ
1502 2095 1569 2131 ίερῷ
1585 2094 1703 2129 λειψάνῳ
1721 2094 1849 2128 ἑγγισάνς

1053 2151 1118 2175 των,
1143 2143 1192 2169 καὶ
1212 2142 1256 2169 διὰ
1270 2143 1324 2169 τῶν
1348 2142 1465 2177 σιδηρῶν
1480 2142 1588 2174 κλοιῶν,
1612 2139 1653 2173 οἷς
1676 2142 1739 2172 τοὺς
1757 2141 1848 2176 ἱεροὺς

1053 2190 1138 2222 πόδας
1159 2190 1255 2225 ἄνδρες
1281 2189 1462 2216 κατέκλεισαν
1490 2189 1610 2220 ἀσεὸεἰς,
1639 2187 1674 2214 τὰ
1697 2187 1778 2221 ὅμοια
1803 2195 1847 2213 πι-

1054 2235 1178 2263 στεύεται
1194 2235 1260 2270 δρᾷν
1275 2236 1315 2266 είς
1325 2235 1375 2270 τὴν
1389 2234 1436 2261 τοῦ
1450 2233 1519 2260 Θεοῦ
1535 2233 1626 2267 δόξαν,
1643 2233 1690 2259 καὶ
1709 2232 1847 2268 σωτηρίαν

1054 2283 1109 2310 τῶν
1129 2281 1244 2308 πιστῶν.

1092 2329 1145 2356 Ἐὠ
1159 2329 1260 2362 λέγειν,
1271 2328 1352 2359 ὅσους
1366 2327 1516 2362 νεφριτικῷ
1531 2327 1756 2362 τετρυχωμένους
1766 2325 1846 2361 νοσή-

1053 2383 1119 2410 ματι
1131 2395 1137 2406 ,
1167 2374 1215 2400 καὶ
1230 2373 1347 2405 ἐκτενῶς
1362 2373 1616 2407 ἐπικαλεσαμένους
1640 2373 1825 2409 ἐθεράπευσεν
1836 2380 1844 2387 ·

1049 2421 1128 2452 ὅσους
1139 2421 1256 2455 λεπροὺς
1269 2421 1316 2447 καὶ
1327 2419 1542 2454 ὲλεφαντιῶντας
1559 2420 1719 2454 ἐκαθάρισε,
1736 2418 1783 2445 καὶ
1797 2426 1845 2444 τυε

1049 2469 1133 2504 φλοῦς
1158 2468 1286 2502 ézpdntae,
1312 2468 1359 2495 καὶ
1386 2467 1570 2503 παρειμένους
1603 2467 1770 2502 ἀνώρθωσε,
1796 2465 1844 2492 καὶ

1051 2515 1136 2551 ξηρὰς
1152 2516 1248 2550 χεῖρας
1268 2514 1316 2541 καὶ
1342 2514 1424 2544 πόδας
1451 2513 1564 2549 ἔχοντας
1592 2512 1843 2550 ίέσατοηἊφίττμι

1050 2562 1095 2588 καὶ
1126 2562 1206 2592 ὅσους
1228 2561 1281 2588 ὑπὸ
1307 2561 1426 2595 πυρετοῦ
1451 2561 1499 2587 καὶ
1525 2560 1620 2595 ῥίγους
1645 2558 1843 2594 τρυχομένους,

1050 2609 1097 2635 καὶ
1114 2608 1195 2639 ὅσους
1220 2608 1273 2634 om
1301 2607 1465 2642 πνευμάτων
1500 2605 1628 2640 πονηρῶν
1659 2604 1843 2639 ὲταζομένους

1050 2655 1114 2690 ἄχρι
1129 2655 1177 2682 καὶ
1189 2654 1309 2690 τήμερον
1325 2654 1409 2685 ἰᾶται,
1424 2654 1471 2679 καὶ
1484 2652 1528 2679 διὰ
1545 2652 1596 2686 τῆς
1610 2651 1705 2686 τιμίας
1720 2650 1844 2680 ἁλύσεως

1050 2703 1151 2733 πᾶσαν,
1171 2701 1209 2732 ὡς
1225 2701 1325 2732 εἰπεῖν,
1340 2699 1420 2726 νόσον
1436 2699 1485 2725 καὶ
1504 2699 1595 2724 πᾶσαν
1612 2697 1750 2732 μαλακίαν
1773 2697 1843 2723 ἀπο-

1049 2747 1190 2781 καθαίρων
1206 2746 1260 2772 τῶν
1275 2746 1304 2771 ὲν
1319 2744 1437 2780 ἀληθείᾳ
1450 2744 1497 2770 καὶ
1512 2743 1603 2769 πίστει
1613 2741 1843 2779 προσεβευγόντων

1049 2795 1082 2828 τῇ
1099 2792 1165 2828 ἁγίᾳ
1176 2791 1326 2826 Θεραπεύει
1345 2790 1428 2825 σορῷ.
1441 2789 1509 2816 Οὐδὲ
1522 2789 1575 2825 γὰρ
1593 2790 1617 2815 ει
1629 2787 1841 2824 βουληθείημεν,

1049 2839 1135 2867 ταῦτα
1149 2838 1187 2873 τῷ
1204 2838 1275 2873 λόγῳ
1297 2836 1410 2864 δυνατὸν
1426 2835 1646 2871 ἐξαριθμεῖσθαι.
1669 2834 1744 2864 Ἐνδς
1759 2833 1788 2859 δὲ
1801 2831 1844 2858 ἔτι

1052 2884 1289 2921 μνημονεύσαντες
1314 2883 1368 2909 τῶν
1389 2881 1563 2917 θαυμασίων,
1590 2880 1669 2914 ὀλίγα
1690 2879 1746 2906 τῶν
1773 2878 1842 2913 μετά

1049 2930 1098 2966 τὴν
1111 2930 1157 2957 τοῦ
1182 2930 1260 2964 ἁγίου
1285 2929 1413 2965 κοίμησιν
1437 2927 1637 2964 ίστορουμένων
1654 2926 1694 2953 ἔτι
1715 2924 1754 2960 τῷ
1768 2924 1841 2958 λόγῳ
