2092 3156
241 159 294 192 565

773 157 861 188 VITA
874 157 911 188 -S.
930 156 1079 187 IGNATII
1095 156 1148 188 ΟΡ.
1172 155 1348 187 ARCHIEP.

1811 157 1865 190 566

236 215 403 249 συνάψομεν.
422 213 482 245 Πῶς
494 213 548 249 γὰρ
563 213 609 239 τοῦ
624 211 710 239 Λυδοῦ
729 212 910 247 σακελ).αρίου
934 212 1022 246 σιωπῇ

1079 211 1185 238 facinus
1215 211 1325 238 silentio
1340 209 1556 245 prtetereamns?
1583 209 1629 244 qui
1653 209 1687 238 ab
1707 209 1866 246 impudente

236 261 268 287 τὸ
296 261 413 295 πρᾶγμα
445 259 684 294 παραπέμψομεν;
711 259 741 290 ὃς
767 259 885 292 ὑποϐολῇ
921 258 1025 284 Φωτίου

235 306 283 333 τοῦ
309 305 434 336 άναιδοῦς
460 306 499 336 εἰς
524 306 554 331 τὸ
578 304 760 340 μοναστήριον
792 303 933 336 εἰσελθὼν,
955 303 1025 330 ὥστε

236 353 342 384 πάντας
352 351 416 383 τοὺς
431 351 470 386 τῷ
484 350 553 385 ἁγίῳ
580 350 658 385 τάφῳ
674 350 928 386 προσλιπαροῦντας
944 349 1026 376 ἀσθε-

235 401 290 430 νεῖς
308 398 379 434 μετὰ
395 397 536 433 μαστίγων
552 396 652 428 ἐξῶσαι
673 398 719 423 καὶ
736 396 841 432 ’ύόρεων
855 404 861 411 ·
884 397 931 423 καὶ⁴
947 395 1026 422 τοῦτο

235 444 385 478 δεδρακὼς,
416 443 580 478 προστίθησι
597 443 680 469 κακον
702 442 740 477 τῷ
758 442 846 475 κακῷ,
871 442 917 468 καὶ
942 450 1026 475 προσ-

234 492 330 518 τάσσει
354 490 538 524 πλησιαίτατα
559 489 606 515 τοῦ
631 489 703 524 ἱεροῦ
723 489 809 523 τάφου
835 488 1025 524 κατορύσσειν,

235 537 281 562 καὶ
295 537 335 567 εἰς
354 534 435 570 βάθος
453 534 638 561 ἁνασκάπτειν
662 533 712 568 τὴν
729 535 790 568 γῆν,
811 534 946 567 πρόφασιν
965 532 1024 567 μὲν,

235 581 272 612 ὡς
288 582 316 606 ἐν
332 580 407 616 αὐτῷ
429 580 468 615 τῷ
493 580 568 614 τόπῳ
592 579 688 614 πρώην
709 579 762 605 ὑπὸ
784 579 831 605 τοῦ
856 579 1024 613 πατριάρχου

234 625 346 660 χρυσίου
365 624 583 659 κατακρυὸἑντος
599 623 709 656 πολλοῦ,
730 623 760 648 τὸ
771 623 793 649 δ’
812 622 923 657 ἀληθὲς,
939 622 976 653 ὡς
992 623 1025 649 ἂν

234 672 346 706 ἀτιμίαν
372 670 412 706 τῷ
441 670 523 705 τιμίῳ
553 669 673 704 λειψάνῳ
700 669 908 704 προστρίψαιτο,
932 667 1025 700 Οὕτως

235 716 310 751 αὐτῷ
322 717 336 743 ὁ
352 716 450 750 φθόνος
475 716 562 750 πάντη
587 713 846 749 κατακεκυριευκὼς
857 715 907 749 τῆς
924 713 1026 748 μανιώ-

233 762 296 793 δους
320 761 422 796 ψυχῆς,
449 760 511 787 οὐδὲ
536 761 605 796 μετὰ
625 761 670 787 τὸν
693 760 809 787 θάνατον
835 760 952 795 ἠρεμεῖν
971 759 1024 786 εἷα.

235 806 312 841 ’Ἅμα
326 806 355 832 δὲ
370 806 409 841 τῷ
422 805 495 840 λόγῳ
509 805 557 832 τοῦ
574 805 704 840 ἀθεμίτου
722 805 829 831 ἐκείνου
843 804 1026 839 προστάγμα-

233 861 288 884 τος,
307 853 353 880 καὶ
370 853 500 888 θεήλατος
520 852 567 879 τὸν
601 851 688 886 ἀσεϐῆ
711 851 845 886 μετῆλθεν
867 850 946 886 ὀργὴ,
984 851 1026 876 ὲν-

1078 257 1176 284 ΡΙιοιίο
1208 256 1361 284 submissus
1382 255 1408 282 in
1438 255 1594 282 cmnobium
1625 255 1709 289 venit,
1736 260 1765 283 ut
1781 264 1869 292 aegros

1079 303 1220 330 omnesad
1237 303 1393 337 sepulcrum
1413 301 1485 329 illius
1509 302 1707 336 supplicantes,
1735 303 1868 333 conviciis

1078 354 1105 376 et
1118 348 1208 383 ﬂagris
1219 348 1350 382 exigeret.
1367 346 1428 379 Quo
1445 346 1518 374 iacto
1540 347 1632 374 scelus
1656 346 1730 375 addit
1744 349 1841 376 sceleri
1858 357 1865 376 :

1079 401 1177 423 terram
1200 396 1270 422 enim
1296 395 1448 430 proximam
1460 401 1544 422 sacrae
1557 394 1658 422 tumbae
1668 395 1721 422 alte
1731 394 1809 430 jubet
1823 395 1865 423 ef-

1079 443 1153 474 fodi;
1167 443 1193 469 in
1211 442 1330 476 speciem
1346 441 1474 476 quidem,
1488 441 1566 476 quasi
1582 441 1719 475 ingentem
1737 441 1797 468 auri
1812 442 1866 469 vim

1078 489 1232 523 patriarcha
1251 488 1304 514 illic
1319 487 1488 520 condiderit;
1505 487 1594 522 reipsa
1606 491 1708 518 autem,
1723 490 1753 514 ιιι
1780 487 1868 515 sacris

1077 534 1188 569 ossibus
1207 533 1404 560 contumeliam
1424 532 1568 567 irrogaret,
1589 532 1656 559 adeo
1680 532 1802 559 animum
1819 533 1869 560 ho-

1077 579 1159 606 minis
1177 578 1310 606 furiosum
1328 578 1427 606 invidia
1439 582 1596 611 occuparat,
1611 578 1648 604 uti
1660 586 1693 605 ne
1710 582 1772 612 post
1793 585 1868 605 mor-

1076 630 1129 652 tem
1143 625 1251 659 quidem
1272 624 1388 659 (lgnatii)
1404 625 1437 651 ab
1453 625 1501 651 illo
1514 624 1636 651 cesserit.
1653 623 1738 650 Simul
1750 631 1782 650 ac
1794 624 1868 651 enim

1077 671 1128 698 hoc
1149 671 1193 697 ille
1214 671 1297 697 verbo
1317 671 1399 704 impie
1425 671 1556 702 edixerat,
1586 669 1705 696 vimiicta
1743 669 1869 696 Numinis

1077 717 1189 751 impimu
1207 721 1348 750 prosecuta
1363 720 1405 743 est
1415 724 1429 745 ,ε
1447 716 1493 742 hic
1508 716 1640 742 duntaxat
1664 714 1711 742 Dei
1739 715 1869 749 patientia

1076 769 1106 789 sc
1128 763 1229 790 diutius
1253 763 1396 789 continere
1423 769 1477 788 non
1512 762 1610 796 potuit,
1641 761 1688 788 sed
1712 768 1728 788 e
1754 760 1869 794 vestigio

1077 807 1182 842 plagam
1211 808 1319 835 inﬂixit.
1351 807 1421 843 Ergo
1453 807 1589 842 superbus
1621 807 1666 833 ille
1701 806 1868 833 horrendum

1077 852 1174 883 boans.
1190 858 1216 880 et
1228 858 1357 887 tanquam
1370 853 1481 880 victima
1492 860 1577 887 supra
1596 851 1722 886 infraque
1736 850 1869 885 sanguine

233 898 320 931 τᾳῦθα
336 899 416 933 μόνον
429 900 479 925 οὐκ
493 898 682 933 άνασχομένης
699 897 743 924 ἐπ’
753 897 827 931 αὐτῷ
839 897 888 932 τῆς
899 897 947 923 τοῦ
958 896 1022 923 Θεοῦ

1077 898 1213 929 diilluens.
1239 899 1406 933 domumque
1425 898 1544 929 delatus,
1564 897 1680 932 elinguis
1700 897 1771 924 intra
1800 904 1870 930 qna-

235 945 437 979 μακροουμίας,
455 944 513 970 ἀλλ’
528 944 662 979 ὀξυτάτην
685 943 798 974 ἐνδίκως
816 942 1019 977 ὑπενεγκούσης

1074 944 1192 971 triduum
1213 952 1228 971 ιι
1247 944 1301 971 Deo
1316 944 1425 978 punitus
1438 944 1595 978 exspiravit.

231 990 281 1025 τὴν
298 991 395 1024 τομήν.
417 990 505 1021 Εὐθὺς
518 989 565 1016 οὖν
590 989 696 1024 μεγάλα
719 988 788 1024 βοῶν
803 990 817 1015 ὁ
833 988 948 1023 σοϐαρὸς,
974 985 1019 1015 οἵα
1035 989 1265 1024 σφαγιαζόμενος,
1299 990 1402 1018 ἄνωθέν
1421 999 1451 1017 τε
1481 990 1529 1016 καὶ
1556 989 1680 1016 κάτωθεν
1704 990 1744 1025 τῷ
1776 988 1871 1023 οἰκείῳ

232 1037 330 1071 αἵματι
355 1036 502 1072 κρουνηδὸν
534 1036 790 1072 περιρραινόμενος,
824 1036 872 1062 καὶ
899 1035 1021 1071 φοράδην
1051 1036 1142 1063 οἴκαδε
1172 1038 1350 1073 ἀναγόμενος,
1381 1038 1489 1073 ἄφωνος
1511 1038 1540 1064 ὲν
1571 1038 1691 1074 ἡμέραις
1719 1037 1868 1072 τέσσαρσιν

231 1082 355 1117 angens:
375 1082 596 1118 τιμωρούμενος.

267 1130 386 1156 Τοιαῦτα
415 1129 462 1156 τοῦ
487 1129 621 1165 ἡμετέρου
638 1128 744 1163 Πατρὺς
776 1127 810 1154 τὰ
838 1129 995 1163 διηγήματα
1010 1137 1018 1144 ·

231 1176 345 1203 τοιαῦτα
361 1175 409 1202 τοῦ
429 1175 512 1202 καλοῦ
524 1174 651 1209 ποιμένος
668 1174 702 1200 τὰ
712 1174 832 1209 προτερή
838 1182 920 1207 ματα.
933 1173 1026 1205 Οὕτως

231 1222 247 1249 ὀ
265 1222 473 1258 μακαριώτατος
496 1221 542 1247 καὶ
567 1221 622 1252 ζῶν
645 1220 693 1246 ἐπὶ
715 1219 768 1254 γῆς
795 1219 982 1254 ὲννομώτατὸς
995 1227 1026 1245 τε

231 1265 266 1302 ἦν
282 1269 328 1294 καὶ
343 1267 609 1303 χριστοφιλέστατος,
628 1266 718 1292 πάντα
733 1265 819 1298 λέγων
837 1266 884 1291 καὶ
899 1265 1027 1300 πράττων

231 1316 273 1345 εἰς
295 1315 374 1347 δόξαν
386 1313 454 1340 Θεοῦ
479 1313 526 1341 καὶ
546 1313 597 1347 τῆς
619 1312 782 1347 Ἐκκλησίας
802 1311 962 1346 οἰκοδομήν·
981 1311 1028 1338 καὶ

233 1361 304 1395 πρὸς
325 1359 392 1385 Θεὸν
417 1360 566 1393 μεταστάς,
584 1357 798 1392 ὠφελιμώτατος
818 1358 866 1383 καὶ
883 1357 1026 1392 σωτήριος,

231 1406 270 1438 ὡς
284 1406 398 1440 άμέσως
415 1406 588 1440 ἐντυγχάνων
602 1405 672 1439 ὑπὲρ
687 1403 766 1439 ἡμῶν
781 1402 819 1437 τῷ
832 1401 901 1437 Θεῷ.

267 1538 301 1565 Τί
316 1538 345 1565 δὲ
371 1539 384 1565 ὀ
405 1537 553 1573 λεγόμενος
587 1537 707 1570 Φώτιοςς
734 1534 789 1572 ἄρα
813 1536 864 1572 τὴν
885 1537 929 1563 ἐπ’
950 1535 1025 1570 αὗτῷ

232 1585 385 1620 γενομένην
411 1584 502 1618 κρίσιν
520 1584 557 1615 ὼς
578 1583 684 1610 ἔνδικον
711 1583 942 1617 καταδεξάμενος,
966 1582 1020 1609 τῶν

230 1631 410 1657 πολυπλόκων
427 1630 563 1665 ἀπέσχετο
576 1629 752 1661 maliuolum);
768 1629 784 1665 ἢ
800 1629 852 1656 ὑπὸ
874 1629 924 1665 τὴν
949 1637 1018 1664 κρα-

230 1677 311 1703 ταιὰν
326 1676 372 1703 τοῦ
383 1676 450 1703 Θεοῦ
468 1677 547 1711 χεῖρα
557 1675 748 1706 ταπεινωθεὶς,
763 1675 812 1710 τῆς
829 1675 904 1706 Θείας
922 1674 1019 1701 ἑαυτὸν

232 1723 319 1758 ῥοπῆς
341 1722 423 1756 ἐξῆψε
439 1722 550 1754 λοιπόνς
564 1722 580 1756 ἢ
595 1721 687 1748 τέλεον
703 1721 753 1756 μὲν
766 1721 815 1755 τῆς
829 1720 913 1747 αὑτοῦ
937 1729 1020 1747 κακοί

232 1767 368 1801 μηχανίας
388 1767 439 1793 οὐκ
469 1766 578 1801 ἐξέστη,
596 1766 780 1801 μετριώτερος
800 1766 829 1792 δὲ
849 1765 947 1792 ἑαυτοῦ
974 1765 1020 1792 καὶ

231 1812 433 1846 ἐπιεικέστερος
445 1811 489 1838 διὰ
501 1812 552 1846 τῆς
567 1811 760 1847 κατακρίσεως
778 1812 897 1846 κατέστη
909 1819 917 1843 ;
930 1811 1020 1838 Οὐδα-

231 1856 301 1891 μῶς.
321 1857 412 1884 Πάντα
426 1858 454 1884 δὲ
467 1857 513 1884 τὸν
529 1857 645 1892 δεκαετῆ
671 1858 766 1893 χρόνον
782 1858 833 1892 τῆς
858 1857 1018 1893 ὑπερορίας,

232 1902 331 1938 μυρίας
356 1903 427 1929 κατὰ
450 1903 498 1930 τοῦ
525 1903 604 1936 ἁγίου
630 1904 777 1935 κακονοίας
802 1903 895 1935 κινῶν,
924 1903 1019 1938 ἐπειδὴ

230 1949 401 1983 πανταχὸῦεν
425 1949 562 1975 ἀνάλωτον
575 1949 657 1975 αὐτὸν
675 1948 750 1984 ἐώρα
764 1950 811 1976 καὶ
827 1949 959 1983 ἄληπτον,
972 1948 1019 1975 τοῦ

231 1994 363 2029 βασιλέως
391 1995 434 2029 ἐφ’
469 1995 565 2021 ἑαυτὸν
597 1994 647 2030 τὴν
671 1994 778 2021 εὔνοιαν
812 1994 1020 2022 ἐπισπάσασθαι

233 2040 405 2073 μηχανᾶται·
425 2039 472 2065 καὶ
489 2040 580 2065 πᾶσαν
602 2039 651 2074 μὲν
676 2039 785 2073 βουλὴν,
811 2039 902 2065 πᾶσαν
918 2039 946 2065 δὲ
962 2048 1020 2074 τρι-

230 2084 282 2119 ϐὴν
296 2084 434 2119 λογισμῶν
455 2085 523 2118 πρὸς
537 2084 616 2110 τοῦτο
633 2084 726 2114 κινῶν.
743 2081 823 2120 εὗρεν
836 2084 896 2110 ὁδον
915 2084 1019 2116 λοιπὸν,

229 2130 264 2156 δι’
278 2128 312 2165 ἧς
325 2131 373 2165 τῆς
387 2131 546 2165 ἁπλότητος,
566 2131 625 2166 ῆτοι
642 2130 808 2165 κουφότητος
821 2131 1020 2167 κατωρχήσατο

228 2177 277 2210 τῆς
294 2176 435 2211 βασιλικῆς
450 2184 458 2191 ·
479 2177 525 2202 καὶ
547 2177 674 2202 σκοπεῖτε
695 2176 734 2208 ὠς
753 2176 880 2210 πιθανὴν,
903 2178 951 2203 καὶ
970 2177 1020 2211 τῆς

228 2223 334 2249 ἐκείνου
357 2223 448 2257 ψυχῆς
471 2222 560 2254 ἀξίαν.
585 2222 646 2248 Τῶν
667 2222 809 2256 ὀνομάτων
823 2222 877 2257 γὰρ
901 2222 1016 2249 ἕκαστον
1030 2235 1056 2265 D

229 2268 570 2304 περισκεψάμενος,αῠτοῦ
578 2276 618 2301 τε,
634 2269 715 2303 φημὶ,
727 2267 865 2294 Βασιλείου
878 2268 925 2294 τοῦ
940 2268 1018 2302 βασι-

229 2315 307 2346 λέως,
324 2314 455 2346 Εὒδοκίας
471 2323 500 2341 τε
512 2315 563 2349 τῆς
578 2313 661 2341 αὐτοῦ
674 2314 808 2348 γαμετῆς,
824 2314 872 2340 καὶ
886 2314 942 2340 τῶν
954 2313 1020 2340 παί-

227 2362 290 2393 δων,
307 2362 522 2392 Κωνσταντίνου.
536 2362 661 2393 Λέοντος,
684 2361 875 2397 Ἀλεξάνδρου,
894 2362 942 2388 καὶ
955 2363 1020 2388 Στε-

227 2406 314 2439 φάνου
324 2415 330 2421 ·
348 2407 377 2439 ἐξ
392 2407 507 2433 ἑκάστου
524 2407 552 2432 δὲ
566 2407 595 2432 τὸ
612 2406 721 2441 πρῶτον
736 2407 854 2442 γράμμα
870 2407 1021 2441 λαϐὼνριαὶ

229 2451 375 2481 συντιθεὶς,
392 2450 518 2478 ἐντεῦθεν
537 2451 671 2485 λαμϐάνει
683 2451 732 2486 τῆς
748 2453 856 2486 ἀπάτης
871 2453 920 2486 τὴν
936 2450 1021 2487 ἀφορ-

227 2497 292 2529 μήν.
326 2495 459 2530 Ἱστορίαν
478 2496 548 2531 γὰρ,
575 2496 635 2531 ἦτοι
669 2496 846 2530 γενεαλογίαν
870 2496 920 2532 τὴν
957 2498 1021 2531 μήτ’

226 2538 320 2572 οὖσαν,
334 2540 398 2575 μήτ’
409 2539 455 2568 οὗν
469 2549 534 2567 ποτε
549 2541 699 2576 γενομένην
714 2541 884 2573 ἀναπλάσας,
901 2541 1020 2576 Τηριδά-

230 2594 282 2620 την
300 2587 349 2622 μὲν
363 2589 467 2614 ἐκεῖνον
488 2587 534 2613 τὸν
553 2587 641 2621 μέγαν
664 2587 816 2622 Ἀρμενίων
834 2587 958 2622 βασιλέα,
976 2587 1022 2612 τὶν

229 2632 277 2658 ἐπὶ
292 2632 338 2658 τοῦ
365 2632 564 2667 ἱερομάρτυρος
582 2632 655 2665 λέγω
675 2633 837 2667 Γρηγορίου,
861 2632 1022 2668 προπάτορα

229 2676 333 2704 τίθεται
359 2677 398 2712 τῷ
424 2677 507 2713 λόγῳ,
533 2678 563 2711 ἐξ
586 2679 693 2705 ἐκείνου
716 2679 744 2704 δὲ
765 2678 814 2713 τὴν
840 2678 1019 2712 γενεαλογίαν

228 2723 369 2757 ὐνόμασιν,
384 2723 425 2755 οἷς
441 2725 584 2759 ἠθέλησεν,
607 2725 799 2760 ὲπισυνείρων,
816 2725 863 2751 καὶ
879 2725 976 2756 ἄλλους
990 2724 1020 2755 ἐξ

229 2768 319 2796 ἄλλων
337 2770 370 2804 τῇ
387 2769 581 2804 πλασματὼδει
599 2771 727 2805 κατάγων
745 2770 863 2805 ἱστορίᾳ,
890 2771 972 2805 ἡνίκα
988 2771 1021 2805 δὴ

229 2815 299 2855 πρὸς
311 2815 357 2840 τὸν
370 2816 477 2851 πατέρα
485 2816 603 2851 κατῆλθε
618 2816 770 2848 Βασιλείου,
786 2815 881 2842 τοῦτον
890 2815 1019 2851 ἔγραψεν,

231 2859 270 2891 ὡς
282 2860 367 2896 ἄνδρα
391 2862 516 2897 γεννήσει
541 2862 672 2896 τοιοῦτον,
699 2861 756 2895 οἷος
775 2862 857 2896 αὐτὸς
878 2863 1020 2896 Βασίλειος

1109 1127 1157 1155 Ha:
1184 1131 1249 1154 sunt
1268 1134 1357 1154 rerum
1373 1135 1387 1153 a
1404 1125 1483 1154 Patre
1498 1131 1594 1154 nostro
1617 1132 1755 1163 gestarum
1774 1136 1871 1156 narra-

1075 1172 1174 1204 tiones,
1195 1172 1251 1199 luec
1267 1172 1329 1199 boni
1346 1171 1463 1206 pastoris
1487 1172 1682 1206 praerogativa}.
1701 1171 1737 1199 Ita
1768 1173 1870 1201 beatis-

1076 1219 1164 1246 simus
1178 1219 1222 1246 ille
1237 1219 1301 1245 dum
1319 1219 1344 1245 in
1361 1218 1441 1245 terris
1457 1222 1562 1253 ageret,
1581 1225 1611 1245 se
1643 1225 1725 1253 quam
1751 1219 1870 1246 sanctis-

1077 1265 1147 1292 sime
1169 1264 1448 1299 reliogiosissimeqne
1475 1264 1571 1298 gessit,
1590 1264 1673 1292 rebus
1693 1265 1822 1293 omnibus
1835 1266 1868 1293 ad

1076 1309 1123 1337 Dei
1137 1309 1243 1337 laudem
1275 1314 1302 1337 et
1318 1310 1447 1337 Ecclesia:
1476 1309 1685 1337 aediﬁcationem
1698 1310 1812 1337 relatis:
1840 1316 1868 1338 ct

1078 1362 1127 1390 per
1142 1360 1259 1382 mortem
1283 1354 1316 1381 ad
1335 1354 1419 1381 Deum
1434 1351 1584 1388 profectus.
1601 1354 1680 1381 nobis
1691 1356 1761 1389 apud
1791 1355 1869 1382 illum

1078 1400 1209 1427 salutaris
1222 1400 1300 1434 juxta
1315 1407 1348 1427 ac
1364 1400 1528 1427 utilissimus
1538 1404 1581 1427 est
1601 1404 1743 1434 patronus,
1762 1405 1791 1429 ut
1820 1402 1868 1436 qui

1079 1445 1134 1473 Deo
1148 1453 1270 1481 praesens
1294 1447 1362 1474 citra
1383 1446 1468 1473 ullum
1486 1446 1607 1479 medium,
1635 1445 1790 1481 interpellat
1818 1455 1869 1483 pro

1079 1492 1170 1519 nobis.

1114 1537 1185 1570 Quid
1200 1543 1291 1565 autem
1311 1537 1334 1565 is
1353 1537 1400 1572 qui
1426 1537 1527 1564 dicitur
1539 1536 1673 1566 Photiusl
1687 1546 1721 1565 an
1733 1538 1869 1574 judicium

1076 1584 1109 1612 dc
1125 1592 1155 1611 se
1170 1584 1221 1611 rite
1235 1579 1338 1612 factum
1353 1588 1396 1611 est
1416 1584 1530 1616 veritus,
1544 1587 1628 1619 atque
1643 1585 1727 1620 impia
1752 1586 1868 1614 causilia

1070 1630 1193 1664 abjecit?
1208 1631 1249 1657 An
1283 1630 1334 1657 sub
1352 1629 1455 1664 potenti
1478 1637 1561 1657 manu
1578 1629 1626 1657 Dei
1640 1631 1811 1664 humiliatus,
1829 1632 1870 1659 di-

1069 1676 1139 1702 vinae
1164 1683 1194 1702 se
1224 1676 1356 1710 deinceps
1383 1675 1519 1702 voluntati
1546 1676 1705 1702 commisit?
1733 1677 1775 1703 An
1805 1685 1869 1712 per-

1071 1721 1205 1747 severavit
1237 1721 1346 1755 quidem
1382 1720 1410 1747 in
1445 1720 1580 1754 improbis
1615 1721 1870 1749 machinationibus

1070 1766 1128 1793 suis
1164 1774 1295 1800 semper,
1326 1766 1373 1793 sed
1408 1774 1442 1794 ex
1483 1766 1657 1793 damnatione
1689 1767 1732 1794 sui
1780 1768 1871 1803 scipso

1070 1813 1174 1847 a'quior
1196 1819 1223 1840 et
1248 1814 1398 1841 modestior
1424 1818 1466 1841 est
1492 1814 1642 1841 redditus?
1664 1814 1735 1842 Nihil
1758 1816 1861 1843 minus.

1071 1858 1140 1886 Toto
1163 1859 1210 1886 illo
1232 1859 1374 1886 decennali
1402 1860 1498 1887 exsilio
1520 1859 1631 1888 insidias
1654 1859 1786 1888 adversus
1806 1869 1870 1889 san—

1069 1909 1144 1931 ctum
1166 1903 1248 1938 impia
1262 1909 1351 1931 mente
1361 1904 1472 1932 molitus
1481 1909 1534 1932 est.
1543 1905 1665 1940 Cumque
1673 1905 1749 1932 illum
1762 1906 1869 1933 irretirc

1070 1956 1203 1983 capereve
1225 1949 1302 1976 nullo
1322 1950 1404 1977 modo
1418 1953 1523 1984 posset,
1538 1949 1713 1984 imperatoris
1742 1950 1866 1978 animum

1070 1993 1121 2021 sibi
1142 1994 1287 2021 conciliare
1310 1998 1405 2022 tentat.
1431 1994 1501 2028 Ergo
1514 1995 1620 2022 artibus
1645 1995 1772 2022 omnibus
1795 1999 1868 2023 stro-

1070 2039 1189 2074 phisque
1204 2040 1234 2066 in
1257 2040 1405 2067 consilium
1427 2040 1568 2069 abhibitis.
1584 2040 1684 2075 reperit
1700 2040 1782 2072 viam,
1812 2048 1867 2075 qua

1071 2085 1246 2120 imperatoris
1261 2085 1464 2120 simplicitatem
1491 2086 1684 2120 levitatemque
1699 2092 1818 2121 raperet,
1840 2092 1868 2114 et

1071 2130 1132 2158 vide
1147 2139 1229 2165 quam
1252 2131 1419 2166 probabilem
1450 2135 1477 2159 et
1504 2131 1590 2166 ipsius
1618 2131 1727 2166 ingenio
1743 2132 1864 2165 dignam.

1069 2176 1230 2205 Observatis
1259 2177 1332 2204 enitn
1357 2177 1514 2205 nominibus
1541 2178 1711 2212 singulorum
1727 2197 1735 2209 .
1766 2179 1864 2214 ipsius,

1072 2223 1195 2257 inquam,
1227 2223 1402 2258 imperatoris
1436 2223 1538 2256 Basilii,
1567 2228 1594 2250 et
1622 2223 1751 2251 EUdOCitE
1776 2226 1866 2259 Augu-

1072 2274 1123 2297 stae
1161 2269 1298 2304 conjugis,
1336 2270 1551 2303 liberorumque,
1586 2268 1777 2301 Constantini.
1802 2269 1870 2298 Leo-

1073 2315 1116 2342 nis
1128 2335 1136 2346 ,
1152 2315 1310 2346 Alexandri,
1337 2314 1469 2349 Stephani
1492 2323 1499 2347 ;
1516 2322 1549 2342 cx
1567 2315 1663 2350 primis
1694 2316 1866 2351 singulorum

1071 2361 1214 2388 nominum
1231 2361 1329 2388 litteris
1349 2361 1510 2394 compositis
1535 2361 1732 2396 componentin
1757 2362 1864 2390 fraudis

1071 2407 1244 2434 occasionem
1263 2407 1368 2441 arripit.
1389 2406 1538 2435 llistoriam
1559 2408 1646 2439 enim,
1664 2407 1721 2435 sive
1738 2409 1866 2442 geneslo-

1073 2453 1157 2488 giam,
1169 2461 1230 2487 qua:
1245 2461 1381 2488 nusquam
1404 2458 1455 2484 est,
1473 2458 1520 2480 aut
1530 2453 1590 2484 fuit.
1604 2459 1753 2481 contexens
1763 2474 1770 2485 ,
1798 2453 1870 2480 Τιτι-

1074 2499 1164 2526 dalem
1186 2499 1260 2526 illum
1278 2499 1410 2534 inclytum
1423 2499 1560 2526 Armenia:
1582 2508 1688 2534 rrgcm,
1702 2500 1747 2533 qui
1778 2500 1865 2526 sancti

1075 2545 1198 2579 Gregorii
1230 2546 1360 2580 martyris
1385 2553 1442 2572 ωνο
1466 2546 1641 2579 impcritavit,
1669 2546 1763 2580 stirpis
1783 2549 1868 2579 caput

1074 2590 1162 2626 ﬁngit.
1177 2591 1212 2617 Ex
1230 2591 1285 2621 illo,
1305 2591 1464 2618 nominibus
1479 2599 1527 2625 pro
1542 2591 1676 2618 arbitratur
1691 2590 1863 2625 cxcogitatis,

1075 2639 1182 2670 gentem
1199 2635 1320 2665 deducit.
1334 2640 1362 2662 et
1374 2635 1444 2662 alios
1461 2644 1493 2662 ex
1506 2635 1560 2662 alio
1574 2635 1698 2662 fabulosa
1708 2634 1866 2662 narratione

1075 2680 1178 2707 condit.
1192 2680 1308 2713 Quando
1321 2680 1431 2708 demum
1451 2681 1485 2707 ad
1504 2685 1645 2715 parentem
1657 2679 1752 2707 Basilii
1772 2686 1868 2713 perve-

1074 2726 1125 2758 nit,
1142 2726 1263 2761 scripsit,
1281 2727 1449 2754 nasciturum
1464 2735 1497 2754 ex
1522 2735 1554 2754 eo
1570 2726 1649 2753 talem
1668 2726 1748 2761 plane
1763 2725 1864 2758 virum,

1075 2772 1164 2806 qualis
1180 2772 1302 2806 ipseerat
1315 2772 1444 2804 Basilius,
1458 2773 1538 2807 eique
1552 2779 1652 2799 nomen
1668 2779 1729 2799 esse
1747 2770 1862 2804 Beclas;

1074 2825 1156 2852 quem
1173 2818 1295 2845 omnium
1311 2824 1385 2846 retro
1400 2827 1493 2853 regum
1519 2817 1676 2849 felicissime
1695 2821 1722 2844 et
1738 2817 1865 2845 diutissi-

1076 2872 1120 2892 me
1138 2870 1316 2900 regnaturum
1334 2865 1498 2893 vaticinatur
1519 2874 1526 2892 :
1543 2864 1741 2900 innumeraun
1754 2863 1867 2893 menda:-
