2092 3156
241 175 294 207 567

827 171 973 201 NICETE
991 171 1256 202 PAPIILAGONIS

1814 168 1866 200 563

240 233 293 263 cia,
313 229 414 265 quibus
425 227 577 256 auditorem
592 227 654 263 capi
672 226 849 262 intelligeliat.
865 227 893 254 in
925 226 1025 254 librum

1079 223 1110 261 ἦν
1124 233 1131 240 °
1145 225 1177 252 τὺ
1189 225 1218 252 δὲ
1240 225 1328 260 δνομα
1346 223 1416 252 εἶναι
1431 224 1534 256 Βεκλᾶς
1547 232 1555 238 ·
1572 223 1601 250 ὃν
1616 223 1800 258 εὐτυχέστατα
1820 226 1868 250 καὶ

239 284 321 305 suum
347 275 546 306 concenturiat,
560 279 587 301 et
604 273 703 301 litteris
717 272 908 300 Alexandrinis
926 273 954 299 in
983 280 1028 299 vc-

240 323 391 350 tustissiu-a
416 321 509 348 charta
534 320 568 347 ad
596 320 683 354 ipsam
709 318 883 354 antiquitatis
903 318 1022 352 speciem

239 367 376 402 expressis
402 366 563 394 conscribit.
585 369 668 399 atque
699 365 789 395 theca,
804 371 852 391 seu
869 366 1026 398 legumento

239 420 273 439 ex
293 412 486 445 antiquissimo
509 411 603 438 codice
625 410 751 437 detracto
768 409 857 442 vestit,
893 413 975 443 atque
999 409 1026 435 in

239 457 285 484 illa
316 457 399 484 nobili
431 456 606 492 palatinaque
635 455 797 484 bibliotheca
816 455 884 482 clam
910 454 1025 489 reponit.

1080 270 1317 305 πολυχρονιώτατα
1339 269 1395 296 τῶν
1407 269 1437 302 ἐξ
1452 269 1548 300 αἰῶνος
1567 268 1800 304 βεϐασιλευκότων
1815 269 1867 304 βα-

1080 315 1237 342 σιλεύσοντα
1268 314 1444 350 προφητεύει.
1475 315 1591 350 Μυρίοις
1612 314 1641 342 δὲ
1663 314 1800 349 ψεύδεσιν,
1827 311 1869 346 οἷς

1079 361 1137 397 ᾔδει
1160 360 1310 395 γάννυσϐαι
1340 360 1435 387 τοῦτον
1457 360 1590 386 ἀκούοντα
1608 379 1617 392 ,
1641 359 1673 386 τὸ
1697 360 1869 395 σύγγραμμα

1079 408 1324 444 καταρτισάμενος,
1340 409 1386 435 ἐπὶ
1397 408 1585 435 παλαιοτάτων
1597 407 1646 443 μὲν
1655 408 1734 434 τοῦτο
1747 408 1877 443 χαρτίωνί

1079 455 1242 490 γράμμασιν
1258 455 1481 491 Ἀλεξανδρινοϊς,
1492 456 1540 491 τὴν
1551 456 1686 491 ἀρχαϊκὴν
1697 456 1739 482 ὅτι
1750 457 1868 491 μάλιστα

240 501 409 537 χειροθεσίαν
433 501 641 537 μιμησάμενος,
660 500 780 536 γράφειο
802 499 965 535 ἀμφιέννυσι
996 500 1024 526 δὲ
1044 500 1092 526 καὶ
1117 500 1234 535 πτύχαις
1258 500 1464 533 παλαιοτάταις,
1490 503 1522 528 ὲκ
1549 501 1729 529 παλαιοτάτου
1764 501 1866 537 βιϐλίου

239 549 451 584 ἀφαιρούμενος,
476 547 623 574 κάντεῦθεν
643 548 676 582 τῇ
693 547 800 584 μεγάλῃ
815 547 893 573 τοῦτο
906 546 953 573 τοῦ
972 546 1104 574 παλατίου
1120 546 1279 573 ἀποτίθεται
1296 546 1465 584 βιϐλιοθήκῃ.

276 595 445 621 Adtninister
457 598 484 620 et
515 593 585 621 lidus
606 594 642 620 illi
659 594 686 620 in
709 594 760 621 hac
775 601 856 621 scena
877 596 904 620 et
936 591 1029 621 fabula

239 641 420 675 Theophanes
432 644 500 670 erat.
523 640 660 673 palatinus
668 647 698 666 ea
717 644 877 674 tempestate
898 639 1027 669 clericus.

242 688 402 722 habensque
434 686 505 721 apud
524 686 717 720 imperawrem
741 685 906 712 eruditionis
920 685 1028 719 opinio-

238 740 313 764 nem,
331 739 364 758 ac
392 735 485 766 postea
501 731 527 757 iu
554 731 685 765 improbae
700 737 789 764 operte
819 729 958 763 prannium
973 729 1030 764 epi-

241 784 342 811 scopus
358 775 489 803 Caesarea:
497 775 676 811 Cappadocia:
693 779 812 802 creatus.
822 773 872 801 llic
885 781 1028 802 commen-

239 823 329 850 titium
351 822 556 849 huuelibellum
573 822 600 848 in
616 821 791 851 bibliotheca.
813 825 842 848 ut.
854 821 958 848 dictum
974 825 1029 851 est,

239 873 391 903 repostum,
416 872 570 902 opportuno
585 871 708 902 tempore
725 865 858 898 extrahit,
879 865 1029 899 imperato-

1121 592 1152 619 Ὀ
1167 592 1239 619 κατὰ
1249 593 1335 620 ταῦτα
1347 593 1375 620 δὲ
1389 593 1492 625 πιστῶς
1508 594 1742 629 ὑηρετοὺμενος,
1757 594 1805 620 καὶ
1817 594 1868 628 τὴν

1080 638 1190 673 ἀπάτην
1213 639 1288 674 αὐτῷ
1314 639 1361 665 τοῦ
1388 639 1525 674 δράματος
1545 639 1869 674 συγκατασκευαζόμενος

1080 684 1219 719 Θεοφάνης
1236 685 1339 716 ἐκεῖνος
1352 682 1395 720 ἦν.
1411 685 1542 720 κληρικὸς
1568 685 1617 721 μὲν
1631 686 1692 712 τότε
1716 685 1868 720 βασιλικὸς,

1079 729 1128 755 καὶ
1141 728 1219 761 δόξαν
1236 729 1331 763 σοφίας
1347 729 1447 761 ἱκανῶς
1470 729 1542 764 ἔχειν
1558 729 1633 766 παρὰ
1647 729 1686 765 τῷ
1701 729 1807 764 βασιλεί
1822 738 1862 756 νο-

1084 775 1247 810 μιζόμενος,
1275 774 1389 812 ὕστερον
1413 775 1442 802 δὲ
1466 776 1634 812 Καισαρείας
1669 776 1869 807 Καππαδοκίας

1083 821 1232 853 ἐπίσκοπος
1255 821 1393 856 γεγονὼς,
1421 820 1502 849 ἆθλον
1527 822 1627 858 δηλαδὴ
1653 822 1732 849 τοῦτο
1754 822 1804 857 τῆς
1818 831 1870 849 και

1084 867 1226 902 κοτεχνίας
1254 867 1357 902 ταύτης
1381 867 1482 895 λαϐών.
1501 868 1598 894 Λαϐὼν
1625 867 1679 903 γὰρ
1692 868 1723 894 τὸ
1745 867 1871 902 πλασμαο

239 915 317 949 rique
328 914 437 946 librum,
453 914 524 941 velut
540 913 646 941 caeteris
659 913 788 940 omnibus
799 911 1028 940 admirabiliorem

1082 913 1166 944 τῶδες
1193 914 1281 940 ἐκεῖνο
1307 913 1428 948 βιϐλίον,
1449 913 1497 940 καὶ
1520 914 1551 949 τῇ
1576 913 1752 948 βιϐλιοθήκῃ.
1778 912 1871 944 καθὼς

238 964 264 986 ct
279 959 386 986 arcanis
403 958 583 990 refertiorem,
598 958 708 985 exhibet
728 953 744 985 τ’
761 957 925 991 simulatque
946 962 1034 991 neque

239 1014 279 1038 se,
293 1013 381 1040 neque
395 1006 549 1033 mortalium
562 1012 727 1040 quemquam
742 1004 802 1038 ejus
814 1003 952 1039 mysteria,
965 1009 1034 1037 prte-

238 1057 280 1079 ter
291 1060 374 1078 unutn
390 1051 529 1084 Photium,
539 1051 648 1086 assequi
660 1053 748 1086 posse.
758 1050 829 1086 Ergo
849 1049 985 1084 extemplo
998 1047 1032 1075 ad

239 1095 367 1123 Photium
380 1096 506 1123 mittitur.
518 1095 647 1122 Praeteriit
660 1095 714 1128 ille,
727 1094 794 1122 nulli
806 1101 885 1130 posse
900 1100 1031 1120 arcanum

240 1140 317 1172 illud,
342 1140 394 1167 nisi
411 1140 461 1167 soli
478 1139 637 1174 imperatori
658 1139 804 1171 committi,
832 1138 866 1165 de
883 1145 938 1172 quo
965 1137 1031 1165 illud

240 1186 330 1220 ipsum
343 1185 528 1220 perscriptum
542 1189 626 1212 esset.
643 1184 713 1217 Quid
728 1183 829 1219 igitur?
849 1183 954 1218 capitur
977 1183 1030 1210 im-

240 1232 376 1265 peratoris
412 1231 535 1258 salicitas
554 1231 607 1258 hac
628 1230 731 1262 fabula,
747 1235 774 1257 et
797 1237 859 1257 cum
887 1229 985 1256 Photio
1003 1228 1031 1256 in

240 1278 357 1313 gratiam
375 1277 456 1304 redit.
475 1276 569 1305 Solent
585 1277 658 1304 enim
676 1276 782 1308 faustae.
797 1275 923 1311 quamvis
939 1275 1030 1302 vanis-

239 1324 315 1351 siime
347 1323 553 1358 prmdicationes
571 1323 708 1351 excelsam
733 1327 760 1350 et
782 1322 875 1358 gloriae
900 1325 1031 1356 appeten-

239 1370 337 1397 tiorem
356 1368 471 1396 indolem
488 1369 598 1397 eludere
611 1374 638 1397 et
650 1375 782 1396 enervare
796 1387 804 1400 .
822 1367 983 1402 penitusque
1002 1366 1028 1394 in

239 1422 318 1443 suam
336 1419 499 1450 potestatem
525 1415 659 1450 redigere.
686 1413 749 1441 Haec
765 1413 834 1441 inter
853 1413 983 1441 Basilium
1002 1416 1029 1440 et

238 1460 367 1488 Photium
382 1461 459 1496 origo
479 1461 681 1488 familiaritatis.
709 1461 780 1488 Hinc
808 1459 934 1487 Ecclesia:
952 1464 1029 1486 tran-

240 1508 341 1540 quillus
355 1511 443 1534 status
460 1507 584 1535 funditus
612 1514 736 1535 eversus.
756 1506 819 1533 Hzcc
832 1506 927 1540 prima;
941 1505 1029 1532 turbae

241 1561 264 1580 et
276 1554 457 1582 dissensionis
469 1554 668 1589 redintegratio.
679 1554 749 1581 Hinc
757 1553 882 1581 assiduus
891 1553 917 1580 in
927 1552 1028 1587 palatio

240 1599 356 1627 Photius
372 1600 588 1628 benevolentiam
601 1600 777 1635 imperatoris
787 1598 796 1607 '
808 1598 901 1626 furtim
913 1599 1026 1634 collige-

241 1647 297 1677 bat,
315 1650 341 1673 et
360 1645 471 1674 demum
492 1647 550 1674 suis
565 1646 713 1681 praestigiis
727 1650 754 1673 et
768 1653 876 1672 morum
891 1643 1028 1671 illecebris

242 1697 328 1718 totum
350 1692 401 1718 sibi
431 1692 519 1718 virum
545 1691 704 1718 vindicavit.
728 1690 840 1718 Exstitit
855 1698 917 1717 mox
932 1694 959 1716 et
975 1689 1028 1716 alia

240 1737 452 1764 nece-siludinis
467 1737 587 1768 occasio,
597 1737 759 1765 Theodorus
772 1737 817 1764 ille
833 1735 928 1762 habitu
941 1739 1029 1762 veste-

239 1790 292 1817 que
320 1783 346 1809 in
382 1783 500 1818 speciem
526 1783 688 1815 monachus,
717 1782 840 1810 omnium
862 1785 953 1809 autem
979 1781 1030 1808 im-

242 1829 390 1862 proborum
431 1829 668 1864 improbissimus,
696 1833 724 1856 et
763 1832 937 1855 versutorum
968 1834 1029 1854 ver-

240 1876 416 1907 sutissimus,
466 1876 691 1905 Santabarcnus.
726 1875 856 1911 inquam,
889 1875 923 1902 de
955 1882 1027 1910 quo,

240 1921 347 1954 opinor,
370 1921 512 1948 audivistis
531 1928 636 1948 omnes.
661 1920 740 1948 liunc
769 1920 863 1950 nescio
890 1920 1029 1955 quomodo

238 1971 376 2000 repertum
393 1966 474 2001 (nam
506 1974 597 2002 pares,
616 1971 647 1994 ut
664 1966 775 1996 dicitur,
787 1973 850 1993 cum
864 1965 976 2000 paribus
988 1965 1028 1992 ia-

239 2014 290 2041 cile
311 2016 535 2049 congregantur).
558 2018 588 2041 ut
608 2014 697 2041 virum
719 2012 850 2048 singulari
874 2011 1028 2043 sanctitate,

238 2060 420 2094 prtescientia,
433 2068 579 2093 rerumque
591 2060 745 2088 futurarum
757 2059 913 2094 cognitione
926 2059 1029 2093 pollen-

238 2106 374 2133 tissimum
385 2115 391 2133 ε
403 2107 502 2141 quibus
517 2112 607 2134 tamen
618 2107 764 2134 virtutibus
776 2114 828 2134 non
842 2106 929 2134 solum
941 2106 1029 2133 caruit

239 2152 384 2185 omnibus,
400 2153 446 2180 sed
462 2158 567 2185 contra,
586 2157 614 2180 ut
629 2153 724 2185 aiunt,
740 2152 854 2187 magicis
869 2152 1027 2188 praestigiis.

239 2202 265 2223 et
290 2197 443 2228 ariolamli,
469 2198 652 2231 conjectandi,
675 2198 842 2229 incantandi,
868 2198 1028 2232 animasque

1085 958 1171 991 εἷπον,
1187 960 1367 995 ἀποθέμενος,
1385 957 1444 986 εἶτα
1468 959 1543 995 ὥρας
1560 959 1670 986 εὐθέτου
1684 959 1868 994 δραξάμενος,

1084 1006 1251 1034 ἐπιδείκνυσι
1264 1006 1304 1042 τῷ
1316 1006 1431 1041 βασιλεῖ,
1444 1006 1482 1037 ὡς
1493 1006 1600 1033 πάντων
1615 1006 1661 1032 καὶ
1676 1005 1784 1040 βιϐλίων
1805 1004 1871 1031 θαυ-

1085 1053 1256 1087 μασιώτατον
1280 1051 1329 1078 καὶ
1348 1051 1553 1087 μυστικώτατον
1567 1051 1608 1079 ὃν.
1627 1052 1783 1086 Σκήπτεται
1801 1051 1871 1077 ἀπο-

1085 1099 1159 1133 ρείν,
1187 1098 1238 1124 οὐκ
1253 1098 1334 1129 αὐτὸς
1350 1097 1429 1132 μόνος
1439 1118 1447 1128 ,
1464 1097 1521 1123 ἀλλ’
1536 1097 1590 1124 οὐδ’
1604 1096 1684 1128 ἄλλος
1702 1105 1755 1128 τις,
1773 1096 1868 1131 φησὶν,

1083 1143 1278 1179 άνθρώπων,ἧ
1297 1144 1412 1174 ιιδώτιος.
1438 1143 1517 1170 τοῦτο
1540 1142 1688 1176 διαγνῶναι
1710 1141 1812 1169 δύναιτ’
1824 1141 1867 1169 ἄν.

1082 1190 1177 1216 Τοίνυν
1186 1189 1267 1221 εὐθὺς
1280 1189 1473 1216 ἀποστέλλεται
1485 1188 1552 1223 πρὸς
1562 1188 1653 1216 αὐτόν.
1666 1186 1869 1223 Σχηματίζεται

1082 1237 1194 1269 ἐκεῖνος.
1220 1237 1258 1272 μὴ
1276 1237 1405 1264 δύνασθαι
1425 1236 1494 1272 πρὸς
1512 1236 1592 1264 ἄλλον
1613 1237 1701 1262 εἰπεῖν
1717 1235 1747 1262 τὸ
1764 1235 1870 1270 μυστή-

1081 1291 1152 1318 ριον.
1176 1282 1193 1318 ἢ
1214 1283 1283 1318 πρὸς
1307 1282 1387 1309 αὐτὸν
1416 1282 1487 1318 ὑπὲρ
1511 1279 1541 1309 οὗ
1565 1281 1614 1308 καὶ
1639 1281 1796 1315 γέγραπται
1820 1279 1869 1307 τοῦ

1086 1328 1226 1364 βασιλέως.
1242 1328 1275 1354 Τί
1289 1326 1336 1354 οὖν
1351 1337 1358 1361 ;
1373 1329 1488 1363 ἡττᾶται
1503 1327 1598 1354 λοιπον
1619 1327 1668 1362 τῆς
1692 1326 1869 1363 ῥᾳδιουργίας

1083 1374 1186 1409 ταύτης
1200 1374 1214 1400 ὁ
1228 1373 1376 1405 Βασίλειος,
1392 1373 1552 1400 ἀποτίθεται
1566 1373 1614 1408 τὴν
1629 1373 1801 1407 δυσμένειαν,
1818 1371 1868 1398 καὶ

1079 1420 1120 1451 εἰς
1137 1419 1311 1453 καταλλαγάς
1337 1419 1462 1446 ἐντεῦθεν
1486 1419 1581 1454 χωρεῖ.
1599 1416 1660 1445 Οἵδε
1679 1418 1732 1452 γὰρ
1749 1417 1870 1453 ἡάγαθὴ

1079 1466 1243 1501 πρόρῤησιε,
1260 1465 1313 1492 κᾶν
1325 1465 1366 1491 ὅτι
1384 1465 1501 1500 μάλιστα
1524 1464 1623 1499 ψευδὴς
1636 1462 1664 1499 ᾖ,
1681 1462 1868 1498 καταχαυνοΰν

1084 1511 1133 1538 καὶ
1157 1512 1264 1538 ἐκλύειν
1280 1511 1328 1538 καὶ
1344 1511 1407 1546 ὅλην
1430 1510 1530 1545 ἑαυτῆς
1557 1509 1693 1536 ποιεῖσθαι
1717 1508 1766 1543 τὴν
1782 1516 1868 1543 μεγα‹

1081 1558 1200 1593 λόφρονα
1237 1558 1284 1585 καὶ
1320 1556 1525 1592 φιλοδοξοτάτην
1567 1555 1668 1591 ψυχήν.
1692 1554 1778 1581 Τοῦτο
1798 1553 1868 1589 πρὸς

1080 1605 1220 1631 Βασίλειον
1243 1604 1292 1639 τῆς
1305 1603 1354 1631 τοῦ
1370 1603 1474 1630 Φωτίου
1499 1602 1591 1637 φιλίας
1607 1602 1693 1638 ἀρχή·
1709 1600 1800 1628 »τοῦτο
1817 1599 1870 1634 τῆς

1079 1650 1310 1685 ὲκκλησιαστικῆς
1323 1650 1436 1685 είρήνης
1453 1649 1612 1680 κατάλυσι·,
1630 1648 1678 1675 καὶ
1691 1647 1742 1682 τῆς
1755 1645 1868 1682 πρώτης

1080 1695 1285 1728 ἀκαταστασίας
1311 1695 1472 1727 ἀνανέωσις.
1497 1694 1645 1722 ’Ἐντεῦθεν
1669 1693 1789 1728 συνεχῶς
1810 1694 1868 1724 τοῖς

1081 1741 1226 1777 βασιλείοις
1243 1741 1257 1767 ὁ
1271 1740 1465 1775 πολυμήχανος
1481 1738 1662 1775 ἑπεχωρίαζε,
1678 1739 1803 1765 κλέπτων
1818 1738 1867 1773 μὲν

1079 1788 1129 1823 τὴν
1147 1786 1254 1814 εὔνοιαν
1268 1786 1314 1813 τοῦ
1329 1786 1505 1821 κρατοῦντος,
1517 1785 1578 1812 ὅλον
1589 1785 1617 1812 δὲ
1631 1785 1699 1820 πρὸς
1715 1785 1811 1811 ἑαυτὸν
1823 1783 1868 1810 τὸν

1081 1833 1165 1869 ἄνδρα
1189 1833 1250 1864 ταῖς
1271 1832 1409 1868 γοητείαις
1426 1832 1478 1858 τῶν
1492 1831 1580 1866 λόγων
1596 1831 1642 1857 καὶ
1660 1830 1800 1865 αἱμυλίαις
1813 1829 1867 1856 τῶν

1080 1878 1188 1914 τρόπων
1201 1875 1482 1911 κατασκευαζόμενος.
1505 1875 1667 1908 Ἐπεγένετο
1682 1874 1710 1901 δὲ
1726 1874 1774 1900 καὶ
1798 1872 1868 1908 άλλη

1079 1933 1122 1956 τις
1138 1924 1219 1956 εὐθὺς
1237 1923 1403 1954 οἱκειὼσεως
1427 1921 1550 1957 ἀφορμή.
1565 1921 1702 1955 Θεόδωρον
1725 1919 1780 1954 γὰρ
1797 1920 1869 1946 ὲκεῖ-

1081 1979 1126 1996 νον
1140 1969 1204 2004 ἄχρι
1217 1968 1265 1995 τοῦ
1279 1969 1420 2006 σχήματος
1435 1967 1488 1994 τῶν
1506 1966 1623 2002 ἱματίων
1637 1965 1736 1996 άϐϐᾱν,
1753 1965 1866 1992 πάντων

1080 2015 1108 2042 δὲ
1128 2014 1222 2041 δεινῶν
1247 2014 1311 2040 δντα
1325 2014 1487 2045 δεινότατον,
1504 2013 1551 2039 καὶ
1562 2011 1725 2046 πανούργων
1746 2019 1866 2046 πανουρ-

1080 2061 1203 2096 γότατον,
1220 2060 1266 2087 τὸν
1281 2059 1489 2094 Σανταϐαρηνδν
1505 2056 1553 2085 οἷδ’
1567 2059 1608 2085 ὅτι
1624 2057 1722 2089 πάντες
1734 2057 1866 2084 ἀκούετε”

1079 2107 1174 2134 τοῦτον
1193 2107 1244 2134 οὐκ
1262 2105 1309 2133 οἷδ’
1331 2107 1404 2137 ὃπως
1427 2107 1441 2132 ὁ
1460 2105 1562 2136 Φώτιος
1577 2103 1702 2139 εὑρηκὼς
1730 2103 1795 2136 (καὶ
1814 2102 1869 2137 γὰρ

1080 2153 1119 2188 τῷ
1133 2153 1219 2189 ὁμοίῳ
1232 2151 1325 2185 αὐτοῦ,
1343 2152 1414 2179 κατὰ
1425 2151 1474 2187 τὴν
1492 2150 1652 2186 παροιμίαν,
1661 2149 1867 2185 προσκολληθή-

1082 2208 1157 2227 σεται
1171 2198 1263 2235 ἀνὴρ),
1279 2199 1317 2230 ὼς
1336 2198 1419 2233 ἄνδρα
1443 2197 1530 2230 ἅγιον,
1549 2197 1596 2223 καὶ
1626 2195 1866 2231 διορατικώτατον,

238 2243 369 2270 evocandi
386 2244 491 2271 artibus
511 2244 625 2278 insignis
645 2244 796 2272 habebatur
813 2252 819 2270 :
849 2244 923 2271 hunc
938 2244 1027 2278 impe-

1081 2245 1127 2271 καὶ
1154 2243 1406 2279 προφητικώτατον,
1418 2241 1505 2268 ταῦτα
1527 2241 1575 2276 μὲν
1601 2241 1653 2267 οὐκ
1675 2240 1751 2273 ὄντα,
1768 2240 1865 2274 πόθεν;

240 2289 323 2315 ratori
350 2290 441 2322 sistit,
475 2291 669 2325 imuicnsisque
699 2291 865 2318 celebratum
896 2291 1025 2324 laudibus

240 2335 424 2362 commendat.
441 2335 565 2370 Cumque
580 2336 635 2370 jam
653 2336 816 2370 imperatore
832 2336 928 2363 intimo
949 2335 1028 2362 fami-

239 2380 441 2415 liarissimoque
454 2385 585 2416 uteretu_r,
601 2382 714 2409 Photius
726 2390 774 2417 per
791 2390 853 2410 eum
865 2382 1027 2417 patriarcha:

238 2426 344 2460 lgnatio
357 2426 508 2458 insidiatur.
519 2427 664 2463 sedemque
682 2429 811 2456 amissam
827 2429 933 2456 occulte
949 2436 1027 2455 recu-

239 2479 335 2506 perare
351 2478 484 2505 conatur,
510 2474 619 2509 sibique
641 2474 731 2501 denuo
752 2475 870 2502 reditum
895 2475 1027 2508 sacrilege

237 2522 387 2552 comparat.
401 2517 480 2551 Quod
490 2524 579 2546 tamen
592 2519 635 2546 ubi
650 2519 707 2546 fore
718 2520 825 2548 dillicilc
837 2521 934 2552 sensit,
948 2528 1027 2555 aper-

238 2569 274 2593 te,
299 2568 329 2591 ut
351 2563 378 2590 in
400 2565 581 2593 sacerdotium
603 2566 801 2598 restitueretur,
819 2574 833 2594 a
855 2567 912 2594 viro
929 2571 1027 2593 sancto

237 2608 310 2635 omni
329 2616 380 2643 ope
398 2611 551 2637 contendit.
575 2610 627 2638 Sed
642 2612 796 2646 patriarcha
815 2619 950 2639 canonum
982 2611 1026 2638 di-

236 2655 374 2688 vinorum,
393 2657 536 2691 legumque
551 2657 800 2685 ecclesiasticarum
820 2657 1028 2686 observantissi-

237 2707 309 2733 mus,
329 2702 437 2729 tametsi
452 2702 627 2729 vehementer
647 2704 821 2736 sollicitatus,
844 2703 918 2730 illum
935 2707 1024 2729 tamen

238 2745 310 2772 haud
327 2747 447 2779 admisit,
463 2755 514 2775 nec
527 2749 660 2783 grassanti
678 2749 741 2784 lupo
756 2749 872 2776 reditum
881 2748 915 2776 ad
925 2748 1025 2776 Christi

238 2790 344 2817 caulam
357 2791 479 2825 indulsit,
492 2801 524 2820 ne
533 2800 625 2821 secum
635 2794 692 2828 ipse
703 2798 845 2828 pugnaret.
854 2801 972 2831 suasque
982 2801 1027 2828 op-

238 2843 370 2870 I'tlguarct
391 2839 614 2874 subscriptiones.
629 2841 782 2875 meritoque
797 2839 894 2868 deinde
901 2840 934 2867 dc
941 2840 1024 2875 gradu

235 2882 374 2917 dignitatis
382 2885 581 2915 d--ttn-barctur.
589 2886 656 2914 Nam
667 2895 681 2916 a
695 2887 798 2923 synodo
805 2886 855 2915 rite
863 2892 1031 2915 cxauctora-.

1078 2289 1210 2324 πολλοῦγε
1235 2289 1282 2316 καὶ
1294 2289 1348 2315 δεῖ·
1369 2289 1500 2323 μαντικῆς
1515 2287 1554 2320 δὲ,
1573 2287 1672 2322 μᾶλλον
1687 2286 1716 2314 δὲ
1732 2286 1866 2322 μαγικῆς,

1079 2337 1155 2370 φασὶ,
1171 2335 1220 2362 καὶ⁸
1233 2335 1461 2370 ὀνειροκριτικῆς,
1478 2335 1538 2370 ἦτοι
1555 2334 1748 2369 δαιμονιώδους
1771 2333 1867 2367 σοφίας

1078 2381 1125 2409 καὶ
1136 2381 1254 2416 ψυχικῆς
1271 2380 1458 2415 μετεσχηκότα
1470 2379 1508 2415 τῷ
1523 2380 1705 2415 αὐτοκράτορι
1719 2381 1865 2416 προσάγει,

1078 2428 1124 2454 καὶ
1151 2426 1259 2462 μυρίοις
1293 2426 1414 2457 ἐπαίνοις
1431 2427 1598 2461 προσοικιιοῖ
1614 2434 1620 2442 ·
1648 2426 1695 2453 καὶ
1723 2426 1866 2460 ὲγκόλπιον

1078 2472 1152 2508 αύτῷ
1176 2472 1371 2507 ποιησάμενος,
1386 2472 1424 2508 τῷ
1444 2473 1601 2508 πατριάρχῃ
1618 2481 1668 2508 μεν
1688 2472 1866 2502 ἐπεϐούλευε.

1079 2519 1126 2546 καὶ
1143 2519 1193 2554 τὴν
1209 2518 1264 2545 ἀπὸ
1284 2518 1332 2545 τοῦ
1354 2519 1552 2554 πατριαρχείου
1582 2519 1655 2553 ρίψιν
1668 2518 1702 2545 δι’
1719 2519 1801 2545 αὑτοῦ
1819 2519 1868 2553 βα-

1079 2565 1147 2595 θέως
1159 2564 1272 2597 ἐπάγειν
1287 2564 1427 2598 ἐπειρᾶτο,
1442 2564 1530 2599 ἑαυτῷ
1551 2565 1578 2591 δὶς
1592 2562 1672 2596 αὖθις
1691 2564 1799 2599 ἀνόμως
1815 2564 1865 2599 τὴν

1076 2609 1210 2637 ἀνάϐασιν
1227 2610 1338 2644 ἐμνᾶτο.
1373 2610 1448 2637 Ἐπεὶ
1463 2610 1493 2637 δὲ
1516 2610 1596 2637 τοῦτο
1622 2610 1726 2637 συνεῖδε
1748 2610 1866 2645 σκληρὸν

1078 2656 1118 2688 ὃν.
1135 2656 1259 2691 φανερῶς
1273 2658 1312 2688 είς
1331 2656 1480 2692 ἱερωσύνην
1496 2657 1572 2692 παρά
1593 2657 1640 2684 τοῦ
1668 2657 1747 2691 ἁγίου
1765 2657 1861 2692 δεχθῆ-

1078 2712 1131 2735 ναι,
1145 2704 1233 2730 πᾶσαν
1246 2704 1402 2738 ἐμηχανᾶτο
1419 2703 1552 2738 μηχανήν.
1571 2703 1644 2730 Ἀλλ’
1660 2705 1675 2731 ὁ
1691 2704 1865 2740 πατριάρχης

1078 2750 1172 2776 κανόσι
1200 2749 1268 2776 Θεοῦ
1305 2751 1352 2776 καὶ
1375 2749 1485 2784 θεσμοῖς
1527 2750 1766 2786 ὲκκλησιαστικοῖς
1797 2751 1866 2777 axo-

1077 2794 1190 2827 λουθῶν,
1205 2794 1294 2822 καίτοι
1314 2803 1345 2829 γε
1364 2795 1449 2822 πολλὰ
1471 2796 1693 2831 παρενοχληθιὶς,
1706 2796 1737 2822 οὐ
1754 2794 1866 2822 κατεδέ-

1078 2841 1151 2874 ξατο,
1163 2840 1223 2867 οὐδὲ
1237 2839 1277 2874 τῷ
1305 2840 1388 2874 φονίῳ
1404 2839 1478 2876 λύκῳ
1500 2840 1572 2868 κατὰ
1587 2840 1634 2867 τοῦ
1653 2840 1778 2874 ποιμνίου
1794 2839 1866 2874 πάρ-

1077 2888 1136 2914 οόον
1153 2885 1300 2922 παρέσχεν,
1317 2886 1360 2913 ἵνα
1375 2885 1414 2923 μὴ
1428 2886 1510 2919 αὐτὸς
1531 2886 1620 2922 ἑαυτῴ
1633 2885 1800 2922 περιπεσὼν,
1817 2885 1865 2914 καὶ
