2092 3156
205 201 260 233 569

737 204 825 234 VITA
847 202 1038 234 S.IGNATII
1057 202 1113 234 ΕΡ.
1128 203 1308 234 ARCHIEP.

1774 203 1827 235 570

197 259 258 289 ταῖς
271 257 350 289 ἰδίαις
373 257 545 289 ἐναντιωθεὶς
556 257 724 292 ὁμολογίαις,
740 259 852 290 ἐνδίκως
868 259 987 284 ἀποστε-

1040 263 1106 291 tum,
1124 267 1177 286 non
1194 260 1276 287 modo
1288 259 1460 295 provinciali,
1475 259 1522 287 sed
1536 259 1618 287 etiam
1631 259 1762 295 generali.
1778 261 1836 290 imo

200 304 269 339 ρηθῇ
285 304 335 338 τῆς
355 303 450 338 τιμῆς.
477 303 529 330 Τὸν
552 303 607 339 γὰρ
631 304 684 331 ὑπὸ
706 305 817 332 συνόδου
837 304 989 336 κανονικῶς

199 348 401 384 καθῃρημένον,
415 349 444 374 οὺ
455 348 572 383 μερικῆς
585 349 676 384 μόνον,
694 350 762 377 ἀλλὰ
789 351 837 377 καὶ
858 351 988 384 οἰκουμε-

199 396 289 429 νικῆς,
318 394 419 429 μᾶλλον
441 393 470 420 δὲ
488 394 526 426 ὡς
553 394 620 430 μηδὲ
643 395 694 431 τὴν
727 396 816 431 ἀρχὴν
850 395 989 430 ὲνθέσμως

198 442 249 476 τῆς
264 441 406 476 ίεραρχίας
421 441 562 475 ἁψάμενον
594 440 675 468 πλέον
696 441 777 468 αὑτὸν
794 442 988 476 ἀποκεκηρυγ-

202 489 294 522 μένον,
309 487 452 522 ἀμήχανον
467 484 538 513 εἶναι
552 487 700 514 διετείνετο
713 487 778 514 ἄνευ
806 487 916 514 συνόδου
930 486 991 522 μεί-

200 533 276 566 ζονος
308 533 355 560 καὶ
384 533 556 568 κυριωτέρας
592 533 757 561 ἀϐωοῦσθαι.
788 533 857 559 Ἀλλ’
885 533 988 563 ἐκεῖνος

199 579 305 610 οὐδενὸς
322 579 401 612 λόγον
418 579 528 609 κανόνος
548 579 565 614 ἢ
589 580 673 614 νόμου
702 579 863 614 ποιούμενος
878 598 884 610 ,
901 578 989 612 ἐαυτῷ

199 626 234 652 τὰ
258 626 307 657 τῆς
333 625 485 661 ἱερωσύνης
513 626 648 660 ἐπέτρεψε
665 634 673 642 ο
689 625 737 652 καὶ
762 626 812 661 ἠδη
835 624 902 661 πρὸς
934 626 990 656 τοῖς

202 671 347 706 βασιλείοις
363 672 409 698 ἐπὶ
421 672 454 706 τῇ
465 671 622 708 καλουμένῃ
635 671 791 707 Μαγναύρα
815 671 988 706 καταμένων,

200 718 334 753 ἐξάρχους
355 726 385 744 τε
406 717 599 752 προεϐάλλετο,
625 718 844 753 καὶχειροτονίας
853 717 989 749 ἐπετέλει,

170 787 171 790 η
200 764 247 790 καὶ
264 763 314 790 ὅσα
331 763 397 799 πρὸς
420 763 499 798 ὕϐριν
516 763 566 797 μὲν
584 765 633 799 τῆς
655 763 819 798 Ἐκκλησίας
840 763 886 789 τοῦ
909 761 988 794 Θεοῦ,

201 807 290 841 θλίψιν
313 807 341 833 δὲ
370 807 418 833 τοῦ
445 807 626 842 πατριάρχου,
645 806 784 833 ἀπώλειαν
803 807 831 833 δὲ
848 807 898 841 τῆς
920 806 990 837 ιδίας

199 847 299 886 ψῖιχῆς,
314 851 429 881 ἀνοσίως
441 851 455 876 ὁ
468 850 651 882 ἀνοσιώτατος
674 851 829 885 εἰργάζετο.
844 850 923 876 Οὕτω
940 849 990 883 τῆς

201 896 343 932 βασιλικῆς
356 895 464 926 εὐθείας
481 896 654 930 κατεφρόνει,
670 895 771 931 μᾶλλον
785 895 814 922 δὲ
827 895 877 930 τῆς
890 894 990 930 ἀνοχῆς

1041 305 1087 339 qui
1112 313 1160 333 nec
1177 306 1212 333 ab
1233 306 1311 334 initio
1333 305 1442 340 quidem
1459 313 1578 340 unquam
1601 305 1722 340 legitime
1741 306 1834 334 sedem

1042 359 1147 378 sacram
1160 357 1333 386 occupasset,
1344 357 1426 386 atque
1442 351 1555 386 insuper
1570 351 1676 386 publice
1689 351 1836 380 damnatus

1042 405 1124 430 esset,
1137 400 1188 426 nisi
1212 399 1306 434 majori
1330 404 1357 426 et
1386 398 1527 434 amplioris
1540 398 1712 426 auctoritatis
1731 399 1835 434 synodo

1043 451 1097 471 non
1119 451 1198 478 posse
1218 443 1323 471 absolvi
1341 443 1534 470 contendebat.
1559 442 1594 470 At
1616 442 1662 470 ille
1681 443 1836 471 canonibns

1042 489 1202 524 legibusque
1213 490 1387 523 contemptis.
1401 489 1526 523 ultroque
1541 489 1592 516 sibi
1614 489 1768 516 sacerdotio
1781 489 1830 516 de-

1042 542 1097 562 nuo
1120 539 1257 570 arrogato,
1286 535 1398 562 sedebat
1419 535 1447 561 in
1474 534 1545 567 regia
1574 533 1721 570 Magnaura
1750 533 1835 565 dicta.

1042 581 1211 609 constituens
1226 581 1369 612 exarchos,
1387 585 1414 607 et
1437 587 1530 607 sacros
1545 580 1656 607 ordines
1679 579 1835 607 conferens.

1042 624 1109 652 Nam
1129 625 1262 660 quidquid
1285 625 1319 652 ad
1347 625 1475 652 Ecclesia:
1499 624 1704 657 contumeliam,
1730 625 1837 659 virique

1041 671 1128 698 sancti
1144 670 1328 701 alllictionein,
1343 677 1477 704 suumque
1492 669 1578 704 ipsius
1600 669 1712 696 exitium
1729 674 1836 704 specta-

1042 716 1097 748 bat,
1113 717 1244 752 sacrilege
1261 716 1469 751 profanissimus
1485 715 1611 743 audebat:
1632 715 1701 742 adeo
1715 715 1836 749 impera-

1042 763 1110 790 toris
1123 763 1307 797 simplicitate.
1323 763 1378 789 imo
1396 761 1476 796 longa
1497 761 1543 788 Dei
1557 761 1685 796 patientia
1703 766 1731 788 et
1749 761 1835 795 paeni-

1041 808 1132 835 tentia:
1162 808 1364 842 exspectatione
1407 807 1510 834 abusus
1549 808 1631 835 homo
1672 807 1836 834 ambitiosus

1042 853 1210 888 pessimique
1239 854 1379 889 exempli.
1410 859 1438 881 et
1463 854 1591 889 palatinis
1619 854 1748 881 omnibus
1781 853 1834 881 sibi

1043 900 1208 931 conciliatis,
1219 907 1339 934 suasque
1352 901 1377 926 in
1390 905 1482 935 partes
1492 900 1634 929 traductis.
1651 900 1750 927 latente
1763 900 1837 928 intus

199 940 246 968 τοῦ
267 940 335 967 Θεοῦ
349 941 396 967 καὶ
414 940 606 975 μακροθυμίας
620 941 635 967 ὁ
651 940 800 976 δοξοχαρὴς
819 940 922 971 ἐκεῖνος
941 941 988 967 καὶ

1042 946 1146 973 scelere
1169 946 1255 972 multo
1272 954 1353 980 quam
1372 951 1452 973 antea
1473 947 1558 980 magis
1576 946 1753 981 apertiusque
1771 954 1835 981 pro-

200 986 408 1018 σκανδαλοποιὸς
415 986 463 1013 ἄνθ
468 995 556 1021 ρωπος
569 987 619 1012 ὖπε
624 987 759 1022 ρφρονῶν,
768 986 816 1013 καὶ
826 987 878 1013 πᾶν
885 986 915 1012 τὸ
927 995 960 1013 πε
965 985 991 1020 ρὶ

199 1033 243 1060 τὸν
255 1033 367 1067 βασιλέα
375 1032 574 1068 θεραπευτικὸν
586 1033 633 1059 καὶ
644 1032 755 1059 οἰκίδιον
763 1032 989 1067 ὑποποιούμενος,

200 1079 247 1106 καὶ
258 1079 307 1114 τὴν
315 1078 462 1113 ὲνδομυχοῦ
467 1087 515 1105 σαν
526 1078 599 1113 αὐτῷ
608 1078 707 1105 κακίαν
722 1078 770 1105 καὶ
782 1078 915 1113 πονηρίαν
923 1077 991 1105 πολὺ

201 1125 301 1160 μᾶλλον
318 1126 335 1161 ἢ
347 1125 441 1161 πρώην
453 1125 635 1159 ὲντονωτέραν
644 1123 781 1151 ἑπιδεικνύ
785 1132 875 1159 μενος,
885 1124 931 1151 και¹
941 1124 991 1158 τὴν

199 1172 253 1198 ἀπὶ)
262 1172 311 1205 τῆς
323 1172 629 1206 κοσμικῆςδυναστείας
652 1171 742 1206 πολλῷ
754 1171 833 1198 πλέον
848 1171 991 1206 προσλαμ-

199 1217 345 1252 ϐαιιόμινος
356 1218 455 1252 ῥοπήψ
467 1217 629 1253 οῠπωτρίτη
640 1218 709 1252 μετὰ
715 1218 764 1252 τὴν
771 1218 817 1244 τοῦ
831 1218 909 1251 ἁγίου
920 1226 992 1252 παρ-

199 1262 263 1295 ῆλθε
278 1263 442 1298 μετάστασιν
459 1263 511 1298 ἠμί
517 1271 561 1298 ρα.
577 1263 624 1290 καὶ
632 1263 677 1289 τὸν
687 1263 884 1298 πατριαρχικὸν
894 1264 990 1290 ἐπικα-

201 1308 367 1343 ταλαμϐάνει
377 1309 481 1344 θρόνον,
488 1309 535 1336 καὶ
542 1309 591 1344 τὴν
600 1309 682 1335 πάλαι
691 1309 842 1345 λῃστρικὴν
850 1309 932 1335 αὑτοῦ
943 1309 990 1343 καὶ

199 1355 365 1390 τυραννικὴν
378 1354 502 1389 γνώμην.
514 1354 561 1381 καὶ
575 1355 625 1390 τὴν
643 1354 714 1381 κατὰ
733 1354 780 1381 τοῦ
800 1354 878 1388 ἁγίου
891 1353 990 1381 λύτταν

199 1400 405 1434 ἀνανεούμενος,
415 1401 519 1432 πάντας
528 1401 577 1436 μὲν
592 1401 655 1432 τοὺς
666 1400 782 1432 οἰκείους
795 1400 899 1427 ἐκείνου
908 1399 990 1435 θερα-

199 1448 302 1479 πευτὰς
312 1447 445 1481 φυλακαῖς
460 1448 508 1474 καὶ
518 1447 636 1482 πληγαῖς
651 1446 698 1473 καὶ
709 1446 827 1481 ὲξορίαις
838 1447 886 1473 καὶ
897 1446 989 1481 01(45-

199 1503 241 1521 σιν
250 1495 409 1529 ἀνηκέστοις
418 1495 578 1529 περιέϐαλεν
587 1501 595 1509 '
610 1495 714 1524 πάντας
725 1492 752 1519 δὲ
765 1492 827 1524 τοὺς
836 1492 991 1527 ἀντιλέγον-

199 1548 248 1571 τας
262 1539 344 1566 αὑτοῦ
361 1540 393 1574 τῇ
408 1540 504 1574 ἀνόδῳ,
523 1540 561 1570 ὡς
571 1539 600 1566 οὐ
617 1537 778 1569 κανονικῶς,
793 1537 851 1564 ἀλλ’
862 1538 990 1573 άθέσμως

199 1583 248 1610 καὶ
268 1584 435 1619 παρανόμως
452 1584 599 1621 γενομένῃ,
632 1584 742 1620 μυρίαις
764 1584 899 1615 ἐπινοίαις
922 1591 990 1610 κατ-

200 1614 365 1666 εστρατῃγει
379 1614 389 1646 I'
403 1614 685 1666 ους-μὲνοώροιίκαὶ
702 1631 851 1667 ἀξιώμασι,
868 1630 916 1657 καὶ
928 1629 990 1665 θρό-
1004 1614 1027 1644 C

200 1685 252 1702 νων
269 1676 430 1712 μεταθέσεσι
453 1677 522 1712 πρὸς
533 1677 583 1712 τὴν
600 1678 660 1711 μετ’
681 1677 764 1704 αὐτοῦ
781 1676 922 1704 κοινωνίαν
941 1677 990 1702 ἐπ-

200 1723 333 1757 αγόμενος
344 1722 411 1754 "ob;
426 1723 454 1749 δὲ
469 1723 656 1757 συκοφαντῶν,
667 1723 714 1750 καὶ
729 1721 990 1758 ὲπ¹αίσχρουργίαις

199 1769 329 1805 άῤῥήτοις
345 1768 480 1803 διασύρων
500 1769 530 1795 τὸ
548 1769 669 1803 πρῶτον,
683 1769 731 1795 καὶ
743 1768 849 1803 πικρῶς
859 1767 989 1795 διαλοιδο-

201 1812 381 1848 ρούμενος,εἴ
395 1822 435 1845 τις
456 1814 546 1840 αὐτῶν
569 1815 645 1849 αὐτῷ
672 1815 743 1849 μετὰ
772 1814 861 1841 ταῦτα
894 1823 990 1841 κοινω-

199 1857 255 1883 νεῖν
271 1857 493 1893 ἀνωμολόγησεν,
509 1858 608 1894 αὔραις
633 1859 727 1895 φέρειν
741 1859 872 1894 ἐξαπίνης
896 1860 988 1886 ἐκεῖνα

199 1902 288 1929 πάντα
303 1903 470 1938 παρεχώρει.
487 1904 543 1930 Καὶ
556 1904 761 1941 συλλειτουργὺς
781 1905 856 1940 αὐτῷ
868 1905 988 1940 σήμερον

198 1951 212 1976 ὁ
226 1950 362 1984 ἱερόσυλος
373 1950 454 1984 χθές¹
475 1951 523 1977 καὶ
538 1951 700 1988 ἱεροφάντης
719 1952 807 1987 μέγας
829 1953 877 1978 καὶ
898 1952 988 1987 τίμιος

196 1995 211 2021 ὁ
226 1995 347 2030 κλέπτης
369 1997 416 2023 καὶ
431 1997 530 2030 πόρνος
546 1998 593 2024 καὶ
607 1998 720 2032 βέϐηλος
732 1998 827 2034 πρώην
841 1998 886 2024 ὑπ’
904 1998 986 2025 αὑτοῦ

199 2042 258 2076 μεθ’
278 2042 368 2076 ὅρκων
385 2043 626 2078 ἀποδεικνύμενος.
640 2043 694 2076 Οὓς
707 2044 734 2070 δὲ
750 2044 820 2079 πρὸς
834 2044 884 2078 τὴν
899 2044 984 2070 αὑτοῦ

197 2087 340 2113 κοινωνίαν
356 2086 432 2122 ἐώρα
445 2088 567 2123 στερρῶς
589 2088 804 2123 ἀνθισταμένους
836 2090 987 2124 (ἐνίσταντο

196 2132 224 2159 δὲ
246 2132 357 2165 πάντες,
378 2133 435 2159 ὅσοι
458 2133 566 2168 ἀληθῶς
588 2135 637 2169 τῆς
654 2135 850 2170 Χριστιανικῆς
869 2135 987 2167 πίστεως

196 2178 360 2213 ἀντείχοντο,
376 2178 414 2213 τῷ
429 2178 481 2205 ὑπὸ
491 2180 571 2213 ἁγίας
588 2180 635 2207 καὶ
652 2181 846 2216 οἰκουμενικῆς
877 2181 987 2208 συνόδου

198 2223 345 2255 κανονικῶς
351 2224 626 2261 ἁνατεϐεματισμένῳ
636 2227 681 2252 καὶ
689 2225 873 2262 καθῃρημένῳ
883 2228 984 2253 ἐπικιν-

196 2270 340 2296 δυνάτατον
365 2270 537 2306 λογιζόμενοι
562 2272 609 2298 καὶ
632 2272 754 2307 ὀλέθριον
775 2274 924 2304 κοινωνεῖν,
938 2275 987 2300 καὶ

196 2316 236 2346 εἰς
255 2315 283 2341 ἒν
301 2315 381 2350 σῶμα
395 2316 482 2351 τούτῳ
504 2318 720 2353 συγκεκρᾶσθαι,
736 2318 775 2354 τῷ
794 2319 924 2354 μυριάκις
940 2320 986 2345 τὸν

196 2361 286 2394 τίμιον
311 2360 358 2387 τοῦ
381 2362 499 2394 Χριστοῦ
529 2364 774 2399 καταπεπατηκὸτι
800 2365 926 2400 σταυρὸν,
942 2365 989 2391 καὶ

196 2405 301 2436 πάντας
332 2407 501 2432 καταπατεῖν
542 2406 587 2433 διὰ
626 2407 677 2441 τῆς
701 2408 756 2434 τῶν
791 2408 985 2443 χειρογράφων

195 2450 374 2485 ἀπαιτήσεως
387 2451 638 2488 καταϐιαζομένῳ),
655 2453 759 2480 τούτων
779 2453 825 2481 οὖν
839 2455 918 2485 ὅσους
937 2464 989 2490 (pu-

196 2495 292 2526 λακαῖς
322 2497 369 2522 καὶ
393 2497 505 2531 μάστιξι
524 2498 637 2525 ’πείθειν
649 2500 699 2525 οὐκ
715 2497 782 2534 εἶχε,
795 2500 835 2535 τῷ
849 2500 985 2535 ὠμοτάτῳ

197 2541 307 2567 πάντων
343 2542 496 2578 ἀνθρώπων
523 2544 571 2571 καὶ
609 2545 792 2580 ἁπηνεστάτῳ
819 2547 985 2582 παρέπεμπε

195 2587 315 2623 γαμϐρῷ
326 2594 333 2602 '
342 2588 419 2615 Λέων
432 2589 460 2615 δὲ
477 2587 553 2621 οὗτος
565 2588 600 2625 ἦν
611 2591 625 2617 ὁ
635 2591 801 2625 καλούμενος
813 2593 984 2626 Κατάκαλος,

195 2633 246 2666 τῆς
264 2633 357 2668 βίγλας
368 2635 549 2671 δρουγγάριος
565 2636 610 2663 ὑπ’
627 2636 710 2664 σὺτοῦ
726 2638 920 2672 προϐιϐασοείς
932 2647 939 2653 ·
956 2639 986 2671 ὃς

195 2680 245 2712 τῆς
269 2680 352 2715 τιμῆς
380 2682 463 2708 αὑτὸν
488 2682 682 2718 ἀμειϐόμενος,
702 2684 806 2716 πάντας
830 2685 894 2716 τοὺς
917 2686 985 2720 πρὸς

195 2723 276 2749 αὐτὸν
292 2725 495 2760 πεμπομένους,
520 2726 567 2755 ἵνα
579 2726 670 2762 μικρῷ
684 2727 811 2763 λόγῳτὴν
826 2729 985 2763 μιαιφονίαν

196 2769 378 2803 παραστήσω,
406 2771 452 2797 (ea
471 2772 586 2807 Λικινίῳ
611 2772 651 2807 τῷ
674 2773 758 2799 πάλαι
784 2775 816 2808 τῇ
833 2774 904 2800 κατὰ
929 2774 985 2801 τῶν

194 2814 281 2846 ἁγίων
299 2815 422 2850 ὠμότητι
449 2817 559 2852 ἐχρῆτο.
581 2819 635 2845 Καὶ
659 2819 774 2851 πολλοὺς
801 2819 851 2854 μὲν
878 2820 984 2847 ἀνεῖλεν

195 2860 260 2894 ἄχρι
274 2861 369 2893 τέλους
386 2862 434 2897 τὴν
459 2863 528 2899 ὑπὲρ
541 2864 590 2898 τῆς
607 2865 736 2901 ἀληθείας
751 2866 877 2893 ἔνστασιν
900 2867 984 2894 ἐνδει-

196 2905 331 2941 ξιμένους
350 2915 358 2923 ·
373 2908 482 2941 πλείους
492 2910 520 2937 δὲ
535 2911 776 2948 τῶννάνυποίστων
791 2912 918 2949 βασάνων
936 2914 982 2950 ἠτ-

1043 992 1114 1024 dito,
1141 992 1282 1026 multoque
1308 991 1412 1027 majore
1434 999 1517 1026 quam
1541 996 1620 1019 antea
1644 991 1669 1019 vi
1695 991 1836 1019 saecularis

1042 1038 1186 1073 potestatis
1199 1042 1366 1072 comparata,
1380 1045 1434 1064 non
1449 1041 1515 1070 toto,
1530 1045 1611 1071 quam
1622 1037 1743 1072 lgnatius
1758 1037 1836 1064 obie-

1042 1088 1096 1116 rat,
1122 1083 1213 1110 triduo
1235 1083 1340 1117 elapso.
1366 1083 1484 1110 tribunal
1503 1083 1694 1118 patriarchale,
1710 1089 1836 1111 revocata

1042 1129 1156 1164 pristina
1177 1135 1201 1156 et
1217 1128 1369 1163 patricidali
1385 1129 1582 1164 tyrannicaque
1599 1134 1699 1162 mente,
1717 1137 1836 1163 occupa-

1041 1174 1098 1204 vit;
1113 1178 1140 1200 et
1162 1173 1255 1200 furore
1270 1174 1402 1201 adversus
1422 1177 1547 1200 sanctum
1564 1179 1705 1207 renovato,
1722 1179 1836 1201 cunctos

1042 1212 1125 1245 illius
1139 1217 1308 1245 domesticos
1322 1225 1355 1245 ac
1377 1225 1471 1245 servos
1490 1217 1624 1245 custodiis
1636 1238 1644 1249 ,
1662 1218 1833 1251 verberibUs,

1041 1262 1156 1295 exsiliis,
1172 1262 1289 1296 aliisque
1304 1262 1481 1290 intolerandis
1494 1263 1573 1291 malis
1593 1269 1618 1290 et
1636 1264 1770 1291 aerumnis
1785 1273 1834 1299 op-

1041 1307 1150 1343 pressit.
1176 1307 1348 1334 Proxectioni
1377 1315 1460 1342 porro
1491 1307 1565 1335 illius
1591 1312 1687 1335 contra
1711 1308 1784 1343 leges
1807 1313 1836 1335 et

1042 1353 1197 1381 sanctiones
1214 1353 1414 1380 ecclesiasticas
1432 1352 1510 1380 facta:
1525 1353 1682 1388 quicunque
1699 1361 1836 1389 repugna-

1042 1399 1117 1432 bant,
1146 1399 1196 1426 lIOS
1218 1399 1292 1426 mille
1309 1399 1415 1426 artibus
1439 1399 1616 1434 expugnavit.
1644 1399 1719 1426 Alios
1734 1400 1835 1434 quippe

1041 1437 1201 1473 muneribus
1213 1450 1240 1472 ct
1262 1445 1415 1473 honoribus
1434 1445 1642 1480 permulcendo,
1662 1446 1703 1472 vel
1728 1446 1835 1473 scdiuni

1041 1490 1236 1524 episcopalium
1265 1490 1535 1524 permutationibus,
1560 1490 1594 1517 ad
1619 1491 1777 1518 societatem
1807 1495 1837 1518 et

1041 1535 1263 1563 communionem
1285 1536 1408 1562 attraxit.
1425 1535 1500 1564 Alios
1518 1537 1638 1572 primum
1656 1537 1834 1564 criminatio-

1042 1581 1123 1608 nibus
1145 1581 1332 1616 inauditisque
1346 1582 1492 1609 calumniis
1509 1581 1687 1615 traducendo,
1703 1583 1836 1618 graviter-

1043 1634 1097 1662 que
1116 1627 1281 1654 laucinando
1298 1636 1305 1660 ;
1324 1635 1394 1662 quos
1417 1631 1507 1655 tamen
1527 1628 1638 1655 eosdem
1660 1636 1723 1655 mox
1736 1649 1744 1661 ,
1762 1629 1784 1656 si
1806 1636 1836 1655 se

1044 1675 1078 1702 ad
1092 1675 1152 1709 ejus
1168 1679 1259 1710 partes
1276 1675 1478 1709 adiunxissent.
1495 1683 1579 1703 causa
1593 1681 1646 1703 tota
1662 1676 1750 1704 ventis
1760 1684 1837 1704 coin-

1043 1722 1139 1754 missa,
1158 1721 1286 1749 absolvit.
1312 1721 1351 1749 Ita
1371 1722 1418 1757 qui
1436 1723 1516 1749 modo
1533 1723 1572 1750 illi
1589 1723 1745 1759 sacrilegus
1765 1727 1835 1756 erat,

1043 1769 1067 1796 is
1080 1768 1167 1795 eidem
1183 1776 1244 1795 mox
1262 1773 1411 1804 symmysta
1429 1773 1456 1796 et
1472 1769 1661 1796 comntinister
1676 1769 1767 1797 ﬁebat.
1783 1769 1836 1802 Qui

1043 1816 1120 1851 prius
1135 1815 1189 1848 fur,
1205 1816 1321 1848 adulter,
1343 1821 1371 1843 et
1391 1816 1522 1850 profanus
1537 1816 1571 1843 ab
1593 1816 1640 1843 illo
1663 1807 1845 1851 iuratissimo‘

1042 1861 1219 1895 probabatur,
1235 1861 1281 1888 ille
1302 1869 1365 1888 mox
1386 1861 1474 1888 eidetn
1493 1869 1608 1896 magnus
1621 1866 1649 1889 et
1663 1863 1835 1890 venerandus

1043 1913 1182 1933 sacrorum
1201 1906 1316 1933 antistes
1338 1906 1499 1933 habebatur.
1524 1905 1599 1939 Quos
1618 1911 1708 1934 autem
1730 1907 1756 1933 iu
1771 1915 1836 1934 scn-

1042 1951 1126 1978 tentia
1139 1951 1232 1978 firmos
1254 1959 1331 1979 suam
1346 1952 1568 1979 communionem
1586 1952 1692 1986 penitus
1708 1953 1830 1979 aversari

1041 1998 1152 2024 videbat
1164 2005 1172 2025 :
1186 1997 1382 2024 aversabantur
1393 2003 1485 2025 autem
1502 2005 1599 2025 omnes
1616 1997 1662 2032 qtii
1676 2006 1739 2024 vere
1755 1997 1819 2024 Chri

1041 2043 1237 2074 stiani'eraut,
1254 2044 1356 2077 quique
1376 2043 1703 2081 persuasumhabebant,
1724 2051 1753 2070 se
1773 2051 1835 2070 cum

1040 2096 1073 2116 eo
1086 2088 1132 2123 qui
1147 2096 1161 2115 a
1173 2093 1267 2115 sancta
1278 2094 1305 2115 et
1315 2088 1485 2115 (ecumenica
1502 2088 1609 2123 synodo
1624 2088 1675 2115 rite
1686 2093 1836 2123 sancteque

1040 2134 1186 2161 damnatus
1210 2138 1284 2161 esset
1306 2138 1334 2161 et
1354 2133 1514 2168 depositus,
1532 2134 1592 2162 sine
1607 2141 1715 2161 summo
1738 2134 1836 2161 salutis

1040 2180 1161 2215 periculo
1181 2184 1208 2206 et
1228 2179 1313 2206 exitio
1332 2179 1538 2207 communicare
1550 2187 1606 2207 non
1624 2187 1717 2214 posse,
1748 2187 1836 2213 neque

1040 2233 1103 2252 cum
1129 2225 1175 2252 illo
1197 2225 1224 2252 in
1247 2233 1331 2252 unum
1355 2225 1456 2253 Christi
1477 2233 1576 2260 corpus
1599 2226 1769 2257 coalescere,
1787 2225 1835 2260 qui

1004 2290 1025 2318 Β
1042 2271 1141 2298 millies
1154 2271 1337 2299 venerandam
1349 2271 1452 2298 Christi
1469 2279 1577 2299 crucem
1593 2271 1707 2306 pedibus
1720 2272 1833 2299 concul-

1039 2322 1140 2349 casset.
1155 2317 1280 2352 aliosque
1303 2325 1399 2344 omnes
1421 2325 1469 2351 per
1482 2317 1664 2352 chirographa
1685 2317 1709 2344 vi
1728 2321 1834 2344 extorta

1044 2363 1208 2391 conculcare
1231 2363 1390 2398 coagisset:
1418 2363 1478 2392 hos.
1493 2363 1615 2397 inquam,
1637 2370 1733 2390 onmes
1753 2368 1836 2397 quot-

1042 2415 1110 2445 quot
1125 2410 1244 2437 vinculis
1259 2409 1407 2444 llagrisque
1421 2409 1546 2444 frangere
1559 2416 1612 2436 non
1626 2410 1742 2443 poterat,
1761 2408 1834 2436 allini

1040 2464 1091 2484 suo
1104 2455 1189 2483 Leoni
1205 2459 1387 2490 cognomento
1402 2455 1539 2487 Catacalo,
1558 2455 1637 2489 biglaa
1665 2463 1713 2482 seu
1729 2455 1836 2490 vigilia-

1038 2511 1099 2530 runt
1117 2501 1255 2538 praefecto,
1272 2510 1353 2536 quem
1370 2502 1427 2536 ipse
1442 2501 1475 2528 ad
1489 2509 1549 2528 eain
1566 2502 1725 2537 dignitatem
1739 2509 1835 2536 prove-

1037 2553 1124 2581 xerat,
1135 2548 1237 2575 lioiniui
1252 2548 1405 2575 suavissimo
1416 2548 1674 2582 iinmanissimoquc
1690 2548 1813 2575 tradebat
1826 2557 1832 2575 :

1036 2594 1083 2629 qui
1097 2598 1126 2620 ut
1147 2601 1177 2620 se
1195 2595 1227 2620 de
1244 2593 1375 2620 beneﬁcio
1391 2598 1498 2628 gratum
1518 2593 1670 2626 exhiberet,
1684 2594 1784 2621 missos
1798 2593 1832 2620 ad

1035 2647 1065 2667 se
1078 2645 1192 2667 cunctos
1211 2642 1252 2674 (ut
1265 2639 1340 2666 brevi
1354 2638 1541 2666 carniﬁcinam
1564 2639 1637 2666 illam
1651 2639 1832 2673 comprehen-

1035 2686 1118 2720 dam;
1141 2685 1282 2713 Liciniana
1307 2685 1426 2720 quadam
1448 2685 1617 2713 immanitate
1643 2684 1830 2713 excruciabat.

1035 2732 1074 2759 Ex
1092 2731 1192 2766 quibus
1207 2732 1308 2759 multos
1324 2739 1373 2766 pro
1385 2732 1499 2760 veritate
1510 2733 1544 2759 ad
1560 2739 1652 2759 necent
1665 2738 1752 2764 usque
1765 2737 1830 2763 pro-

1035 2782 1187 2813 pugnantes
1198 2778 1309 2806 sustulit
1321 2787 1328 2806 :
1342 2779 1434 2813 plures
1445 2783 1534 2806 tamen
1547 2776 1725 2805 intolerandis
1742 2776 1831 2804 victos

1037 2823 1190 2856 tormentis,
1212 2824 1334 2858 przeclari
1350 2825 1472 2852 muneris
1489 2824 1562 2856 loco,
1576 2822 1693 2850 mitteuti
1705 2822 1827 2849 remitte-

1037 2869 1093 2898 bat.
1110 2869 1189 2903 Quis,
1207 2879 1255 2905 per
1277 2870 1362 2898 Deum
1378 2870 1572 2902 immortalem,
1596 2868 1726 2903 temporis
1745 2868 1829 2904 hujus

1035 2921 1224 2952 tempestatem
1247 2922 1274 2946 ct
1302 2917 1487 2952 iniquitatem,
1533 2916 1589 2944 imo
1615 2916 1678 2951 quis
1709 2915 1829 2953 tortuosi
