2092 3156
257 203 307 236 571

855 202 1002 233 NICET/E
1021 187 1299 233 PAPHLAGONIS.

1835 200 1888 232 572

255 262 383 290 draconis
407 262 481 289 illius
503 262 618 290 insidias
643 267 671 298 et
691 261 910 289 machinationes
933 261 1049 288 dicendo

1107 261 1247 296 εωμένους,
1256 262 1293 293 ὼς
1305 261 1380 297 δῶρα
1391 260 1470 296 τίμια
1484 260 1550 296 πρὸς
1562 260 1608 287 τὶν
1621 260 1764 295 πέμποντα
1778 258 1890 290 τούτους

256 308 446 342 assequatur?
471 307 570 335 Multos
593 312 729 334 votet-ator
753 307 798 333 ille
819 307 926 341 pet-jura
954 306 1045 341 lingua

256 353 450 385 calumniatus,
469 357 515 378 aut
531 360 578 386 per
594 352 676 379 falsas
692 351 899 379 criminationes
916 357 1045 379 exaucto-

256 403 340 428 ratos,
371 406 433 425 mox
458 404 487 424 ttt
514 406 577 425 cum
605 405 638 424 eo
663 405 772 424 rursum
794 398 1045 429 contmuuicabant,

255 443 461 470 commendatos
477 443 649 475 restituebat.
669 449 695 471 et
712 452 909 479 nonnunquam
936 445 969 471 ad
988 452 1047 471 nta-

253 489 328 523 jores
345 489 492 523 dignitates
509 489 698 518 transferebat.
718 491 818 518 Deinde
831 491 853 518 si
868 492 930 525 quis
948 491 1046 518 iterum

235 528 239 531 ’
256 542 355 560 vesana
381 534 454 561 illius
483 535 589 562 insania
606 536 737 566 olleusus.
764 544 793 563 se
810 536 901 563 denuo
916 537 950 563 ab
974 536 1047 564 illius

255 583 386 608 societate
405 581 600 612 abstinuisset,
620 582 693 609 bunc
710 590 819 609 rursum
837 582 986 610 damnabat
1000 591 1008 616 ς
1021 587 1049 610 et

232 663 238 666 _
255 628 426 660 damnatum,
457 628 481 655 si
507 628 646 659 cessisset,
673 637 734 655 mox
764 629 934 656 admittebat.
960 630 1046 657 Tanta

255 675 348 709 gloria!
362 674 577 709 dominandiqne
593 674 639 701 siti
657 676 800 707 :estuabat,
825 681 854 702 ut
877 676 950 703 illius
967 684 1048 703 causa

256 727 304 755 per
320 720 452 747 furiosam
468 721 645 748 ambitionem
657 721 730 755 leges
744 722 932 755 divinas,jura
945 723 1048 755 omnia,

256 773 389 799 sacraque
405 766 590 800 permiseeret.
610 767 635 793 In
654 767 749 802 primis
764 773 853 795 autem
874 769 926 795 hoc
944 769 1049 803 agebat,

257 817 288 840 ιιι
311 813 499 840 ordinationes
519 814 682 848 patriarcha:
696 819 903 847 transmutaret,
917 820 1001 849 atque
1014 815 1051 842 ab

252 865 289 884 eo
300 858 448 884 damnatos
460 858 574 884 sedibus
585 859 753 886 νεαῆααυθι.
768 858 822 885 Sed
837 867 901 886 cum
919 859 945 886 id
963 860 1050 893 impe-

261 903 345 930 ratori
361 910 414 929 non
441 903 613 937 probaretur,
628 903 715 930 videte
728 904 791 938 quid
808 905 929 931 tentaril.
947 904 1051 931 Conse-

258 953 348 976 oratos
365 956 379 974 a
405 954 498 976 sancto
520 949 623 984 lguatio
652 957 790 976 resecrare
816 956 943 978 conatur.
971 951 1048 983 Quod
1068 940 1089 967 Β

258 1002 319 1022 cum
335 1003 410 1029 a-quv-
424 1003 518 1029 parum
535 1003 616 1023 sur-ce
626 999 692 1022 teret
706 1017 713 1028 ,
728 1004 878 1030 omnesque
892 996 1049 1031 indignissi-

259 1048 303 1066 me
315 1041 348 1068 fet
358 1045 428 1073 rent,
444 1045 525 1076 atque
538 1047 762 1074 exsecrarentur;
780 1050 813 1068 ne
826 1043 862 1069 ita
880 1042 988 1077 quidem
1001 1043 1050 1068 dc-

259 1083 322 1112 fecit
337 1085 477 1120 iniquitas.
496 1085 690 1113 llumeraiibus
705 1091 732 1113 et
748 1087 856 1118 orariis,
871 1092 897 1114 et
913 1088 973 1114 aliis
994 1093 1050 1115 sta-

259 1135 304 1158 tus
317 1131 493 1158 sact-rdo'alis
508 1132 640 1165 coemptis
657 1132 820 1167 insignibus.
836 1137 941 1160 secreto
958 1141 1051 1168 preces

260 1167 345 1210 super
357 1185 388 1203 ea
400 1176 535 1211 quasdam
571 1177 604 1210 (si
622 1182 712 1204 tamen
729 1186 834 1212 preces,
850 1182 876 1204 οι
890 1186 943 1205 non
959 1179 1051 1213 potius

259 1222 326 1249 dit-:e
341 1223 540 1250 CXSCCraliUIICS
554 1223 722 1258 appellandre
739 1226 813 1257 sunt)
829 1225 1024 1258 pronuntiabat
1042 1233 1049 1252 :

259 1269 355 1303 sicque
368 1276 399 1295 ea
414 1269 530 1303 singulis
540 1269 599 1296 loco
613 1269 734 1296 muncris
746 1269 950 1304 largitionisque
960 1270 1050 1298 dabat.

260 1314 349 1348 Atque
369 1319 398 1341 ut
425 1320 564 1348 pet-catum
590 1315 666 1341 fieret
683 1322 766 1348 supra
790 1316 900 1342 tuo.lutn
924 1324 1050 1350 peccans,

260 1360 362 1395 ubique
387 1360 569 1395 jurisjuraudi
594 1367 776 1395 sacramenta,
798 1363 899 1398 ubique
915 1363 1053 1398 chirogra-

260 1406 315 1441 pha
329 1406 462 1440 exigebat.
483 1405 539 1434 sive
557 1407 676 1434 initiaret
689 1427 696 1439 ,
713 1409 772 1435 sive
791 1409 910 1436 honores
922 1414 950 1436 et
964 1408 1053 1444 digni~

262 1455 331 1478 tates
344 1451 545 1479 ccrlcsmslicas
561 1451 697 1479 conferret
709 1473 716 1485 ,
734 1453 789 1480 sire
804 1455 977 1488 episcopatus
989 1461 1052 1487 per-

260 1501 390 1524 mutaret.
412 1497 628 1533 Quibuscunque
643 1498 752 1525 demum
765 1507 794 1526 se
808 1499 968 1526 beneficium
987 1507 1054 1533 pra:-

262 1548 336 1570 stare
351 1544 490 1575 censebat,
509 1543 560 1570 bos
578 1544 630 1570 sibi
650 1544 848 1578 obstringehat,
863 1549 889 1571 et
909 1545 1054 1572 testatissi-

262 1589 315 1615 mis
329 1588 519 1624 cbirograpbis
533 1589 638 1617 exactis
659 1590 711 1617 sibi
727 1590 849 1622 cavebat,
865 1590 964 1625 ubique
975 1598 1052 1617 suam

262 1633 394 1661 duntaxat
413 1635 526 1669 gloriam
551 1635 714 1668 affectando,
736 1636 871 1671 novisque
891 1637 972 1664 rebus
997 1641 1055 1664 stu-

263 1680 363 1707 dendo.
389 1680 483 1716 Neque
506 1681 553 1708 Dei
575 1686 641 1708 nutu
657 1682 698 1708 vel
719 1683 887 1717 providentia
909 1683 960 1710 sibi
988 1683 1057 1710 bene

263 1723 323 1751 fore
339 1732 459 1760 unquam
473 1726 611 1759 credebat,
629 1732 677 1756 aut
689 1728 837 1762 sperabat;
860 1728 906 1756 sed
924 1736 972 1764 per
987 1731 1058 1756 mul-

264 1769 347 1803 tiplex
367 1771 505 1805 ingenium
526 1779 606 1800 suum
628 1780 676 1800 seu
694 1773 839 1801 artiﬁcium
855 1794 862 1806 ,
882 1774 937 1802 imo
953 1775 1058 1802 malefi—

263 1816 350 1848 cium,
369 1824 430 1844 sese
443 1818 665 1846 communiebat:
688 1819 809 1854 adeoque
825 1825 911 1848 totum
929 1821 1059 1849 Ecclesia;

264 1867 365 1889 statum
381 1863 577 1897 perutiseebat,
590 1865 768 1900 omniumque
779 1867 936 1894 mortalium
950 1867 1058 1895 animos

265 1909 394 1943 pessimis
422 1911 555 1945 exemplis
583 1911 736 1938 oﬂendebat
758 1919 765 1944 ;
795 1917 879 1947 atque
902 1917 932 1939 ut
956 1913 1058 1940 Christi

263 1961 364 1981 nomen
386 1954 633 1990 blasphemaretur.
657 1956 747 1992 impiis
762 1957 867 1985 artibus
883 1958 941 1986 suis
957 1958 1057 1986 eﬂicie—

265 1999 321 2026 bat.

301 2044 372 2080 Ergo
389 2045 433 2073 ubi
451 2046 549 2074 iterum
569 2047 786 2082 patriarehatum
807 2049 918 2082 invasit,
935 2049 1060 2077 Theodo-

265 2097 327 2117 runt
344 2091 419 2118 illum
433 2092 525 2127 (quem
537 2093 596 2128 ipse
609 2095 686 2121 exsul
701 2094 845 2121 Patrarum
859 2095 1059 2129 tnetropolitam

265 2136 377 2169 creavit,
391 2144 471 2172 quem
490 2138 600 2172 quidam
617 2138 704 2166 facete
723 2140 930 2174 Aphantopolis,
944 2140 997 2168 hoc
1008 2146 1060 2173 est,

266 2189 405 2217 nusquam
433 2184 567 2211 exstantis
589 2184 707 2213 civitatis
730 2187 930 2220 metropolitani
955 2194 1062 2214 nuneu-

267 2228 390 2263 pabant),
405 2229 487 2261 hunc,
500 2229 623 2264 inquam,
633 2230 808 2258 Theodorum
826 2232 859 2258 ad
872 2231 1004 2259 Joannem
1014 2240 1062 2267 pa-

1097 308 1309 335 ἀνταπέστελλε.
1325 309 1373 340 Τίς
1395 307 1495 339 ἱκανῶς
1517 307 1564 335 τοῦ
1581 307 1640 334 τότε
1654 306 1751 341 καιροῦ
1770 305 1821 341 τὴν
1839 315 1890 332 κα-

1097 354 1170 385 κίαν,
1189 354 1288 388 μᾶλλον
1302 355 1331 381 δὲ
1350 354 1393 386 τίς
1415 354 1464 380 τοῦ
1488 354 1596 381 σκολιοῦ
1616 353 1763 389 δράκοντος
1783 352 1891 380 δκείνου

1097 398 1147 429 τὰς
1163 399 1275 434 ἐνέδρας
1292 398 1394 431 ἐξείποι
1411 399 1458 425 καὶ
1475 398 1598 433 μηχανάς
1612 407 1619 431 ;
1632 397 1750 428 Πολλοὺς
1762 397 1892 428 πολλάκις

1097 444 1111 470 ὁ
1128 444 1214 476 δόλιος
1228 445 1304 480 δολίᾳ
1321 445 1432 481 γλώσσῃ
1444 444 1633 479 συκοφαντῶν,
1646 443 1662 478 ἦ
1679 444 1723 469 ἐπ’
1738 443 1892 478 ἐγκλήμασι

1097 490 1178 525 δῆθεν
1198 491 1349 525 καθαιρῶν.
1368 492 1392 517 εἰ
1414 491 1556 517 συνέθεντο
1585 490 1654 525 μετὰ
1680 489 1770 515 ταῦτα
1793 497 1890 515 κοινω-

1098 536 1163 564 νεῖν,
1178 535 1292 567 τούτους
1314 534 1391 567 αὖθις
1416 535 1588 569 ἀποκαθίστη
1607 534 1752 565 συνιστῶν,
1774 533 1822 559 καὶ
1844 532 1892 560 ἐπὶ

1101 581 1210 616 μείζους
1233 581 1320 608 ἐνίοτε
1345 581 1457 616 θρόνους
1480 580 1626 616 μεθιστῶν.
1645 580 1698 606 Καὶ
1715 579 1785 614 μετὰ
1798 578 1891 606 ταῦτα

1098 626 1126 653 δὲ
1144 627 1224 653 πάλιν
1248 627 1324 658 εἴτις
1338 626 1420 653 αὑτοῦ
1433 626 1642 662 προσωχθηκὼς
1666 626 1730 657 ταῖς
1749 624 1892 655 ἁπονοὶαις

1099 673 1234 708 ἀπέσχετο
1249 673 1297 706 τῆς
1315 673 1472 704 κοινωνίας,
1489 670 1568 704 αὖθις
1582 672 1704 707 καθῄρει
1723 671 1830 701 τοῦτον,
1844 670 1893 696 καὶ

1100 715 1291 742 ὑποκύπτοντα
1323 716 1450 751 προσίετο
1471 716 1564 742 πάλιν.
1592 715 1687 746 Οὕτως
1725 715 1837 748 ἔτρεχεν
1863 714 1894 740 ἐν

1099 760 1171 794 δίψει
1190 761 1283 788 πάντα
1300 761 1401 787 κανόνα.
1421 760 1493 786 θεῖον
1526 760 1575 786 καὶ
1595 760 1686 786 πᾶσαν
1710 757 1895 793 θεσμοθεσίαν

1098 807 1178 842 ἱερὰν
1191 806 1236 833 διὰ
1251 807 1300 841 τῆς
1316 805 1399 832 αὑτοῦ
1422 806 1570 841 φιλαρχίας
1589 805 1705 840 συγχέαι
1720 805 1766 832 καὶ
1777 803 1896 838 δοξομα-

1101 854 1170 884 νίας.
1188 853 1245 888 Πρὸ
1270 852 1374 878 τούτων
1389 852 1416 878 δέ
1435 852 1542 878 πάντων
1557 853 1689 886 πειρᾶται
1717 851 1768 886 τὴν
1779 850 1826 877 τοῦ
1841 859 1895 876 πα-

1101 899 1232 934 τριάρχου
1252 898 1424 933 προχείρισιν
1446 889 1589 933 μεθιστᾷν,
1606 898 1654 925 καὶ
1667 897 1732 928 τοὺς
1745 896 1897 923 κατάὸτὺν

1105 945 1315 980 καθῃρημένους
1331 945 1393 975 ταῖς
1418 943 1577 978 ἐκκλησίαις
1593 943 1790 978 ἁντικαθιστᾷν
1807 949 1815 958 ³
1831 942 1896 969 ἐπεὶ

1106 991 1134 1017 δὲ
1145 991 1194 1017 οὐκ
1207 990 1324 1025 ἤρεσκεν
1336 988 1407 1015 οὕτω
1421 989 1460 1024 τῷ
1473 989 1588 1023 βασιλεῖ,
1599 989 1681 1023 ὁρᾶτε
1706 985 1761 1015 οἷον
1780 988 1895 1022 ὲτόλμαο

1107 1037 1177 1069 Τοὺς
1203 1037 1255 1062 ὑπὸ
1271 1036 1319 1062 τοῦ
1342 1037 1420 1070 ἁγίου
1446 1035 1655 1070 τετελεσμένους
1677 1035 1807 1069 ἐπειρᾶτο
1828 1034 1895 1060 ανα-

1105 1084 1291 1118 χειροτονεῖν·
1321 1083 1382 1110 ἐπεὶ
1405 1082 1433 1109 δὲ
1455 1081 1503 1108 καὶ
1529 1081 1610 1107 τοῦτο
1629 1080 1684 1107 τῶν
1711 1079 1898 1107 ἀτοπωτάτων

1106 1129 1179 1162 ἔδοξε
1203 1130 1250 1156 καὶ
1271 1129 1427 1160 ἀπευκτῶν,
1449 1128 1504 1154 οὐδ’
1519 1127 1606 1158 οὕτως
1623 1127 1766 1162 ἠπόρησεν
1785 1127 1801 1160 ή
1816 1134 1899 1160 πονη-

1108 1175 1153 1211 ρῐα
1169 1183 1175 1189 ·
1189 1175 1332 1210 ὼμοφύρια
1345 1175 1374 1201 δέ
1397 1173 1443 1200 καὶ
1457 1173 1565 1208 ὡράρια
1578 1173 1733 1206 ὠνούμενος
1745 1191 1754 1204 ,
1769 1172 1816 1197 καὶ
1845 1171 1897 1197 ὅσα

1107 1221 1155 1254 τῆς
1172 1221 1313 1255 ἱερατικῆς
1332 1220 1456 1255 σύμϐολα
1471 1217 1638 1254 χρηματίζει
1654 1217 1832 1248 τελειώσεως,
1849 1217 1898 1243 καὶ

1107 1265 1212 1296 τούτοις
1228 1266 1257 1292 ἐν
1274 1266 1416 1300 μυστηρίῳ
1431 1265 1535 1295 οἰκείας
1559 1263 1695 1297 ἐπιλέγων
1720 1263 1803 1297 εὐχάς
1815 1270 1822 1278 ·
1839 1262 1897 1296 εἴγε

1107 1311 1208 1342 ταύτας
1222 1311 1315 1346 εὐχὰς,
1329 1311 1386 1337 ἀλλ’
1403 1311 1433 1337 οὐ
1456 1309 1613 1344 δυσφημίας
1633 1309 1742 1343 ἐναγεῖς
1752 1307 1898 1342 ὀνομάζειν

1108 1357 1197 1393 χρεών
1214 1365 1221 1372 ·
1242 1357 1328 1389 οὕτως
1340 1358 1448 1391 ἑκάστῳ
1467 1355 1538 1390 λόγῳ
1562 1354 1720 1389 φιλοτιμίας
1744 1353 1830 1381 ἐδίδου
1847 1354 1897 1380 καὶ

1109 1404 1288 1439 χαρίσματος.
1303 1404 1363 1430 Ἵνα
1379 1404 1408 1430 δὲ
1426 1403 1488 1430 καθ’
1502 1401 1657 1436 ὑπερῦολὴν
1671 1399 1837 1435 ἁμαρτωλὸς
1851 1399 1898 1433 γέ-

1108 1459 1187 1484 νηται
1209 1451 1226 1485 ή
1249 1450 1382 1485 ἁμαρτία,
1406 1448 1544 1483 πανταχοῦ
1569 1448 1665 1483 ὅρκος,
1681 1445 1820 1481 πανταχοῦ
1844 1445 1901 1472 τῶν

1109 1496 1298 1531 χειρογράφων
1312 1495 1471 1529 ἀπαίτησις,
1484 1495 1512 1520 ἐν
1528 1492 1719 1529 χειροτονίαις,
1734 1493 1762 1518 ἐν
1777 1491 1902 1526 ἀξιώμα-

1111 1550 1162 1573 σιν,
1179 1541 1209 1568 ὲν
1230 1541 1406 1576 μεταθέσεσιν
1420 1548 1427 1555 ⁸
1441 1541 1469 1567 ἐν
1486 1542 1568 1567 πᾶσιν
1579 1537 1620 1572 οἷς
1636 1539 1792 1574 εὐεργετεῖν
1807 1538 1901 1572 ἐνομί-

1077 1617 1089 1628 ‘
1111 1587 1181 1619 ζετο,
1207 1587 1344 1613 κατεδεῖτὸ
1358 1595 1388 1613 τε
1402 1587 1448 1613 καὶ
1473 1586 1626 1622 ίδιοχείροις
1652 1585 1836 1621 ίσχυροτάτοις
1850 1586 1902 1619 ἡσ-

1109 1633 1246 1668 φαλίζετο,
1269 1633 1439 1668 πανταχόθεν
1458 1633 1510 1662 τὴν
1541 1633 1609 1659 [δίαν
1632 1632 1711 1664 δόξαν
1739 1631 1838 1666 ζητῶν,
1852 1630 1900 1656 καὶ

1107 1679 1212 1715 χαίρων
1226 1680 1286 1710 ταῖς
1297 1679 1490 1713 καινοτομίαις
1502 1687 1509 1694 ο
1526 1679 1574 1705 καὶ
1585 1678 1617 1705 οῦ
1631 1677 1675 1704 διὰ
1682 1677 1728 1703 τοῦ
1740 1676 1820 1709 Θεοῦ,
1835 1676 1896 1703 οὐδὲ

1107 1726 1151 1753 διὰ
1165 1727 1215 1760 τῆς
1228 1725 1332 1752 ἐκείνου
1348 1725 1479 1760 συστῆναι
1490 1733 1556 1751 ποτε
1574 1724 1702 1760 προνοίας
1717 1724 1734 1760 ἢ
1749 1722 1898 1755 πιστεύων,

1109 1772 1125 1807 ἢ
1145 1771 1315 1807 προσδοκῶν,
1331 1771 1375 1798 διὰ
1388 1771 1437 1805 τῆς
1449 1771 1554 1802 οἰκείας
1576 1771 1606 1797 δὲ
1623 1770 1802 1805 πολυτεχνίας
1817 1769 1833 1804 ἢ
1848 1776 1900 1795 κα-

1110 1817 1251 1852 κοτεχνίας
1278 1818 1374 1844 ἑαυτὸν
1405 1816 1552 1852 ἐπιχειρῶν
1581 1817 1719 1851 συνιστᾷν,
1735 1816 1782 1842 καὶ
1809 1815 1900 1842 πᾶσαν

1109 1863 1180 1890 οὕτω
1196 1863 1320 1898 συγχέων
1342 1863 1518 1896 Ἐκκλησίαν,
1530 1863 1578 1889 καὶ
1593 1863 1683 1889 πᾶσαν
1697 1861 1769 1888 οὕτω
1785 1861 1902 1888 σκανδα-

1109 1909 1191 1941 λίζων
1204 1909 1303 1944 ψυχὴν,
1316 1910 1406 1936 καὶτὸ
1422 1909 1509 1944 ὄνομα
1528 1908 1576 1935 τοῦ
1590 1907 1707 1943 Χριστοῦ
1729 1907 1901 1942 βλασφημεῖ-

1111 1955 1172 1982 σϐαι
1193 1955 1237 1982 διὰ
1255 1955 1305 1990 τῆς
1336 1953 1418 1981 αὐτοῦ
1451 1954 1660 1990 κακομηχανίας
1690 1951 1902 1988 παρασκευαζό-

1112 2009 1203 2036 μενος.

1147 2047 1224 2074 Μετὰ
1238 2046 1302 2080 γοῦν
1318 2046 1349 2073 τὺ
1372 2047 1418 2073 τὸν
1438 2046 1533 2082 θρόνον
1554 2045 1585 2072 τὸ
1610 2044 1737 2080 δεύτερον
1751 2043 1902 2078 κατασχεῖν

1111 2091 1248 2127 Θεόδωρον
1263 2092 1377 2123 ἐκεῖνον,
1393 2092 1421 2117 ὃν
1436 2092 1465 2117 ἐν
1477 2090 1732 2126 ἐξορίᾳκαοήμενος
1745 2088 1827 2120 αὐτὸς
1844 2088 1896 2122 μὲν

1112 2139 1152 2169 είς
1164 2138 1213 2169 τὰς
1221 2138 1333 2173 Πάτρας
1350 2138 1537 2172 ἐχειροτόνησε
1561 2134 1763 2170 μητροπολίτην
1777 2141 1784 2149 ·
1804 2134 1903 2167 ’Δφαν-

1111 2183 1246 2214 τοπόλεως
1262 2183 1290 2209 δὲ
1312 2182 1405 2209 τοῦτον
1424 2181 1542 2212 ἀστείως
1570 2181 1594 2206 οἰ
1619 2179 1684 2214 παρ’
1713 2179 1812 2213 ἐκείνῳ
1829 2186 1900 2204 κατ-

1113 2228 1254 2263 ωνόμαζον
1270 2236 1277 2244 ·
1289 2228 1383 2254 τοῦτον
1399 2227 1467 2262 πρὸς
1483 2226 1610 2260 Ἰωάννην
1622 2225 1668 2251 τὸν
1679 2224 1774 2250 πάπαν
1786 2224 1905 2258 ἀποκριο

267 2281 329 2308 pom
351 2275 559 2309 apocrisiarium
579 2276 727 2304 destinavit
744 2285 751 2310 ;
776 2285 823 2312 per
835 2285 915 2312 quem
938 2279 1056 2313 scripsit.

1116 2275 1220 2310 σιάριον
1248 2273 1456 2309 προεχειρίσατο
1469 2271 1587 2307 γράψας,
1603 2271 1642 2297 ’ὁτι
1673 2270 1719 2305 βίᾳ
1745 2269 1829 2304 πολλῇ
1853 2270 1904 2304 τῆς

267 2327 297 2346 se
313 2327 358 2354 per
369 2321 421 2347 vim
431 2329 445 2347 a
455 2325 510 2348 tota
520 2321 637 2350 Ecclesia
649 2327 758 2358 totaque
770 2324 906 2358 republica
923 2329 1060 2358 coactum,

269 2366 389 2393 tribunal
426 2374 534 2394 sacrum
557 2369 645 2395 denuo
668 2369 832 2403 perint-itum
852 2369 1060 2397 conscendisse.

269 2413 359 2446 Atque
375 2417 404 2447 ut
412 2414 584 2440 mendacium
602 2414 627 2441 in
644 2414 757 2448 cpistola
772 2415 903 2450 scriptum
917 2415 1061 2449 stabiliret,

272 2465 319 2492 per
332 2458 440 2485 Petrum
454 2466 469 2485 a
480 2459 606 2492 secretis,
623 2460 670 2493 qui
686 2465 780 2494 postea
800 2461 835 2488 ob
854 2461 982 2495 ﬁgmenta
995 2461 1063 2489 Sar—

270 2505 344 2531 dium
360 2504 480 2538 pontifex
498 2505 600 2539 praemii
620 2506 680 2533 loco
692 2505 783 2533 dictus
799 2511 850 2539 cst,
866 2507 991 2533 otnnium
1006 2514 1063 2533 me-

271 2550 460 2585 tropolitarum
484 2552 560 2585 signa
597 2551 704 2578 furatur
724 2561 731 2585 ;
761 2552 884 2586 adeoque
909 2552 984 2587 ipsos
1011 2552 1065 2579 sibi

270 2596 458 2631 tuetropolitas
480 2597 631 2624 Suffuratur
652 2597 761 2631 ignaros
779 2605 809 2624 se
830 2598 922 2624 libello
939 2597 1063 2624 subscri-

269 2642 375 2676 psisse,
396 2650 458 2670 cutn
479 2650 608 2670 arcanam
633 2643 709 2670 fundi
725 2644 892 2678 emptionem
906 2643 1066 2679 prtetendis-

271 2693 323 2717 set.
340 2687 445 2716 Tantus
463 2690 507 2718 ille
518 2694 544 2717 et
560 2695 615 2717 tam
630 2690 746 2725 insignis
761 2691 886 2718 fraudum
901 2691 1024 2717 omnium
1040 2695 1068 2717 et

272 2735 457 2768 nequitiarum
484 2735 581 2762 artifex
609 2740 677 2763 erat.
709 2735 762 2763 Sed
788 2744 841 2770 qua
863 2736 968 2762 ratione
993 2735 1066 2762 taciti

273 2786 384 2806 causam
415 2780 592 2815 Euphemiani
622 2781 695 2809 illius
719 2782 917 2809 Eucbaitarum
947 2782 1068 2816 episcopi

274 2825 520 2859 dissimulabimus,
539 2828 618 2862 cujus
638 2828 825 2862 episcopatum
841 2834 951 2863 propter
971 2827 1068 2855 vicini-

275 2875 359 2898 tatem
376 2872 582 2901 Santabarenus
597 2875 741 2909 appetebat
758 2874 770 2901 ’ί
785 2874 864 2902 Hunc
879 2881 946 2909 ergo
959 2874 1068 2909 cpisco-

275 2922 340 2953 μιν
352 2919 450 2947 cedere
462 2920 546 2955 cogit,
559 2926 588 2949 et
603 2921 642 2948 itii
656 2920 874 2949 Sanzabarenum
890 2920 997 2949 sutiicit.
1011 2920 1066 2948 Ne-

1122 2319 1288 2353 Ἐκκλησίας
1300 2319 1364 2353 ὅλης
1375 2319 1422 2344 καὶ
1431 2319 1481 2353 τῆς
1494 2318 1633 2349 πολιτείας
1649 2316 1843 2350 ἀναγκασθεὶς,
1857 2315 1904 2342 ἐπὶ

1114 2367 1161 2393 τὸν
1171 2366 1266 2402 ορόνον
1284 2365 1383 2400 ἀνῆλθε
1400 2365 1448 2391 καὶ
1470 2365 1507 2399 μὴ
1530 2364 1693 2399 βουλόμενος
1711 2371 1718 2377 ·
1737 2363 1780 2389 ἵνα
1803 2362 1831 2388 δὲ
1856 2361 1903 2396 βε-

1116 2410 1267 2446 βαιώσηται
1283 2410 1314 2436 τὺ
1328 2410 1424 2444 ψεῦδος
1438 2409 1494 2436 τῶν
1517 2408 1675 2438 ἐπιστολῶν.
1688 2407 1732 2434 διὰ
1746 2407 1795 2433 τοῦ
1807 2414 1904 2441 μυστο-

1116 2457 1222 2493 γράφου
1236 2456 1352 2492 Πέτρου,
1364 2456 1393 2488 ὃς
1410 2456 1458 2483 καὶ
1468 2455 1518 2487 τὰς
1529 2455 1643 2490 Σάρδεις
1656 2453 1769 2488 ὕστερον
1787 2452 1904 2478 ἔπαθλον

1115 2504 1170 2531 τῶν
1187 2503 1355 2537 πλασμάτων
1382 2502 1527 2536 ἠνέγκατο,
1549 2501 1584 2527 δι’
1611 2499 1695 2527 αὑτοῦ
1722 2499 1834 2525 κλέπτει
1855 2498 1905 2532 μὲν

1116 2550 1164 2580 τὰς
1193 2548 1342 2583 σφραγῖδας
1361 2547 1414 2573 τῶν
1433 2545 1624 2582 βουλωτηρίων
1644 2544 1697 2570 τῶν
1713 2543 1781 2570 ὅλων
1798 2548 1903 2577 μητροι

1118 2594 1234 2621 πολιτῶν
1251 2602 1258 2609 -
1277 2592 1446 2628 συναρπάζει
1459 2592 1488 2618 δὲ
1505 2591 1551 2617 καὶ
1562 2590 1661 2620 αὐτοὺς
1676 2588 1713 2623 μὴ
1726 2587 1830 2618 εἰδότας
1840 2586 1905 2613 ὑπο-

1117 2640 1223 2676 γράψαι
1237 2639 1275 2674 τῷ
1283 2638 1406 2673 λιῦέλλῳ,
1421 2638 1557 2672 πρόφασιν
1570 2635 1608 2667 ὡς
1631 2635 1678 2660 ἐπὶ
1705 2634 1822 2669 μυστικῇ
1838 2633 1906 2666 ἁγο-

1120 2687 1202 2723 ρασίᾳ
1212 2695 1219 2702 ·
1233 2686 1359 2716 τοσοῦτος
1374 2685 1423 2719 τὴν
1447 2681 1616 2717 πανουργίαν
1638 2681 1752 2711 ἐκεῖνος,
1772 2680 1819 2706 καὶ
1828 2678 1906 2714 τηλι-

1119 2733 1213 2764 κοῦτος
1231 2733 1336 2767 ὑπῆρχε
1357 2731 1406 2765 τὴν
1422 2729 1573 2763 δεινότητα.
1592 2727 1654 2758 Πῶς
1672 2726 1700 2752 δὲ
1717 2726 1763 2753 καὶ
1778 2724 1811 2750 τὰ
1836 2723 1907 2749 κατὰ

1118 2780 1166 2806 τὸν
1189 2778 1365 2813 Εὑφημιανὺν
1387 2777 1491 2802 ἐκεῖνον
1516 2773 1698 2809 παρέλθωμεν
1722 2772 1835 2806 otto-itii;
1857 2769 1908 2801 ’ος

1120 2825 1260 2860 Εὑχαῖτών
1280 2825 1329 2859 μέν
1346 2823 1494 2854 ἐπίσκοπος
1508 2819 1553 2857 ἦν,
1567 2820 1660 2854 ἐπειδὴ
1684 2819 1713 2845 δέ
1735 2819 1749 2845 ὁ
1766 2815 1907 2844 Σανταόα-

1121 2871 1200 2907 ρηνδς
1212 2871 1260 2906 τῆς
1267 2869 1419 2903 ἐπισκοπῆς
1434 2867 1540 2901 ἐκείνης
1553 2866 1590 2896 ὡς
1601 2866 1700 2899 γείτων
1716 2863 1846 2898 ὠρέγετο,
1859 2860 1908 2887 τὸν

1123 2919 1172 2954 μὲν
1188 2917 1235 2953 βίᾳ
1251 2914 1393 2952 σχολάζειν
1405 2912 1567 2948 ἀναγκάζει,
1578 2911 1624 2939 τὸν
1640 2911 1669 2938 δέ
1683 2909 1741 2937 ἀντ’
1755 2907 1837 2935 αὑτοῦ
1849 2914 1908 2942 χει-
