2092 3156
188 212 242 244 573

741 210 827 242 VITA
845 210 874 240 S.
890 209 1038 240 lGNATlI
1054 211 1108 242 ΟΡ.
1127 211 1301 244 ABCHIEP.

1770 214 1824 246 574

190 270 304 307 ροτονεῖ,
321 269 359 295 Οὐ
385 267 464 303 μόνον
478 266 517 300 δὲ,
536 268 606 294 ἀλλὰ
629 269 675 295 καὶ
693 267 846 298 ὲπισκοπὰς
875 268 908 293 ἐκ
927 266 982 293 τῶν

1034 275 1086 302 que
1102 268 1128 295 id
1146 273 1262 302 tantum,
1278 270 1326 297 sed
1342 270 1514 305 episcopatus
1532 271 1626 303 etiam,
1642 277 1822 306 quoseunqne

188 313 399 350 γειτνιαζουσῶν
420 313 624 348 μητροπὸλεων,
638 313 708 344 ὕσας
734 313 839 343 ἐκεῖνος
864 311 975 347 ἤθελεν,

188 360 357 395 ἀφαιρεῖται,
376 358 423 384 καὶ
437 357 543 384 δίδωσιν
557 358 642 393 αὐτῷ.
659 358 714 384 Καὶ
724 357 756 383 οὗ
779 357 867 383 ταῦτα
885 356 976 391 μόνον,

189 406 257 433 ἀλλὰ
274 406 322 432 καὶ
335 405 402 440 παρ’
419 405 508 439 ἑαυτῷ
524 405 643 437 καθίζων
669 404 858 440 πρωτόθρονον
883 403 978 430 τοῦτον

190 452 369 486 κατωνόμαζε
385 460 392 468 ·
410 452 456 478 καὶ
466 452 623 487 Νικηφόρον
642 451 690 486 μὲν
701 451 822 481 Νικαίας
839 457 979 485 μητροπ-

191 499 270 532 λίτην
288 498 352 524 ὄντα
368 497 491 532 βιάζεται
515 497 756 532 παραιτησάμενον
776 495 980 531 ὀρφανοτρόφον

189 543 271 573 εἶναι.
293 543 470 578 Ἀμφιλόχιον
482 543 510 570 δὲ
524 542 569 569 τὸν
584 542 704 573 Κυζίκου
717 542 784 576 προς
798 541 848 576 τὴν
863 541 980 567 Νίκαιαν

190 590 344 625 μεθίστησι.
366 590 420 615 Καὶ
433 589 501 624 ταχὺ
518 587 645 619 θανόντος
671 587 763 619 αὑτοῦ,
781 587 827 612 τὸν
841 585 981 621 Συρακού-

190 645 247 662 σιον
263 635 474 669 ἀντικαθίστησι
496 634 647 669 Γρηγόριον
658 642 664 648 ·
681 633 710 659 ὃν
729 633 776 659 καὶ
787 632 868 658 αὐτὸν
880 632 939 666 μετ’
950 630 981 657 οὗ

189 683 256 708 πολὺ
270 681 386 708 θανόντα
401 681 466 712 οῖοις
481 681 628 715 ἐσέμνυνεν
642 680 806 713 ἐπιταφίοις,
819 678 855 709 ὠς
867 677 922 703 τῶν
934 686 983 712 με·

161 749 165 755 .
188 728 282 761 γάλων
297 728 426 763 Πατέρων
440 726 588 762 ἐφάμιλλον
607 725 756 760 βεὸιωκὸτα
774 724 840 759 βίον,
861 724 894 750 δι’
905 723 983 750 οὐδὲν

189 773 253 801 ἄλλο
272 773 409 805 τοςοῦτον,
425 773 486 800 ὅσον
506 773 547 799 ὅτι
576 772 646 798 κατὰ
671 772 717 797 τοῦ
731 771 809 804 ἁγίου
836 769 983 804 καθώσπερ

192 819 272 855 ξυρὸν
288 820 352 854 ἄχρι
367 819 461 851 τέλους
473 819 522 854 τὴν
529 818 655 853 γλῶσσάν
666 819 679 844 ὁ
694 817 823 852 δύστηνος
835 816 982 852 παρέοηξε.

225 865 274 891 Διὰ
291 864 378 891 ταῦτα
396 865 444 891 καὶ
459 864 498 890 ἔτι
512 863 597 890 πλείω
610 863 712 890 τούτων
724 862 886 898 ἀτοπώτερα
899 860 981 897 ἦλθεν

189 912 205 945 ἡ
219 911 288 947 ὀργὴ
301 912 348 938 τοῦ
370 910 438 938 Θεοῦ
456 911 502 937 ἐπὶ
518 910 582 941 τοὺς
602 911 675 941 υἱοὺς
697 909 748 943 τῆς
765 908 917 939 ἀπειθείας·
935 907 983 935 καὶ

190 957 272 989 εὐθὺς
288 957 338 991 μὲν
355 957 415 982 τότε
433 956 472 991 τῷ
489 955 594 990 βασιλεῖ
615 954 728 989 τέθνηκε
743 954 949 992 Κῳνσταντῖνος
966 954 980 979 ὁ
997 948 1016 975 Β

190 1002 355 1036 τριπόθητος
377 1001 424 1027 καὶ
450 1000 622 1036 πρωτότοκος
645 999 720 1030 υίὸς,
742 998 770 1024 ὃν
795 998 842 1024 καὶ
865 997 942 1031 ἅγιον
966 998 980 1024 ὁ

190 1048 337 1083 τολμητίας
350 1043 428 1078 οὗτος
454 1048 494 1078 είς
507 1047 556 1082 τὴν
566 1045 612 1073 τοῦ
628 1045 729 1080 πατρὸς
742 1044 823 1080 χάριν
837 1043 866 1078 ἐξ
879 1042 978 1070 ἑαυτοῦ

190 1094 363 1130 χειροτονῶν,
379 1095 574 1129 μοναστηρίοις
595 1102 625 1119 τε
650 1093 697 1119 καί
712 1093 787 1123 ναοῖς
802 1092 982 1128 ἀνθρωπαρε-

191 1140 255 1175 σκίᾳ
268 1139 358 1174 τιμῶν
371 1140 420 1166 οὒκ
435 1139 591 1174 ηὐλαῦεῐτο.

227 1185 332 1220 Λύτίκα
346 1185 374 1211 δὲ
392 1184 440 1211 καὶ
460 1186 476 1219 ἠ
504 1184 609 1219 μεγάλη
636 1183 714 1214 πόλις
737 1183 910 1219 Συρακοῦσαι
930 1183 982 1219 τὴν

191 1233 307 1266 φρικτὴν
322 1231 406 1258 ὤλετο
422 1230 626 1266 πανωλεθρίαν·
649 1231 698 1257 καὶ
718 1232 794 1257 πᾶσα
817 1231 909 1265 νῆσος,
931 1230 980 1257 καὶ

193 1279 269 1304 πᾶσα
284 1278 361 1309 πόλις
379 1278 425 1304 καὶ
447 1277 524 1312 χώρα
539 1276 738 1312 προνομεύεται
761 1277 808 1303 καὶ
833 1276 979 1310 καταφθεί-

192 1333 269 1358 ρετςιι
287 1324 367 1359 μέχρι
387 1323 435 1350 καὶ
456 1324 575 1358 τήμερον
590 1324 647 1354 τοῖς
662 1323 787 1358 ἐχθροῖς,
805 1323 933 1357 οὐδεμιᾶς
949 1323 982 1348 ὲκ

192 1371 246 1397 τῶν
262 1369 387 1405 ἱερᾶσθαι
402 1368 552 1395 δοκούντων
571 1368 730 1403 ίλεουμένης
745 1368 790 1394 τὸν
812 1368 878 1394 Θεὸν
895 1376 981 1402 προσ-

192 1417 291 1452 ευχῆς·
320 1416 388 1444 ἀλλὰ
412 1415 483 1442 κατὰ
505 1415 535 1441 τὸ
565 1413 770 1449 γεγραμμένον,
804 1414 982 1448 Ἐγενόμεθα

193 1464 286 1496 ὅντως
300 1463 444 1496 πρόϐατα,
461 1459 506 1494 οἷς
523 1462 579 1488 οὐκ
594 1461 661 1488 ἔστι
683 1460 806 1494 ποιμήν.
824 1461 982 1495 Χρονίσασα

193 1510 247 1545 γὰρ
260 1510 277 1545 ὴ
289 1509 384 1540 κακία,
401 1508 448 1535 καὶ
464 1507 571 1538 πολλοῖς
593 1506 777 1541 ὐποδείγμασι
799 1506 980 1540 παγιωθετσα,

192 1556 274 1590 νόμος
287 1555 444 1589 νενόμισται
455 1554 511 1584 τοῖς
523 1552 665 1587 ἀνομοῦσι,
676 1553 723 1579 καὶ
739 1552 770 1578 τὸ
785 1552 906 1586 ἄθεσμον
919 1551 979 1583 ἔθος

193 1602 232 1632 εἰς
252 1600 335 1635 φύσιν
353 1599 453 1634 τρόπον
477 1598 539 1625 τινὰ
559 1599 616 1630 τοῖς
645 1598 867 1632 καταφρονηταῖς
894 1606 980 1624 κατα-

194 1646 270 1679 στὰν,
288 1646 353 1681 ὃλην
369 1646 520 1672 ἐπισπᾶται
534 1643 582 1671 τοῦ
597 1643 666 1670 Θεοῦ
681 1643 729 1677 τὴν
743 1643 840 1679 ὀργήν.
891 1653 904 1658 -

235 1737 316 1764 Ἀλλὰ
331 1737 361 1764 τὸ
376 1736 426 1771 μὲν
447 1736 616 1763 καθὲκαστον
632 1734 768 1766 ἐπεξιέναι
785 1733 835 1764 τὰς
860 1740 983 1760 καινοτο-

195 1784 261 1819 μίας
279 1783 327 1809 καὶ
350 1782 524 1817 παρανομίας
539 1780 621 1808 αὐτοῦ
643 1787 671 1806 τε
686 1779 789 1805 Φωτίου
805 1779 852 1805 τοῦ
875 1788 982 1813 πρωτοο

195 1829 294 1857 στάτου
308 1829 362 1855 τῶν
381 1828 535 1863 ὑποκριτῶν
551 1827 598 1853 καὶ
615 1826 823 1861 παυρομάχων,
845 1826 891 1852 καὶ
914 1825 983 1851 πάν-

194 1884 250 1902 των
262 1874 380 1909 καθεξῆς
392 1873 446 1900 τῶν
464 1872 547 1899 αὑτοῦ
564 1872 696 1907 διαδόχων
712 1873 759 1898 καὶ
771 1872 821 1906 τῆς
836 1870 983 1906 φιλαρχίας

195 1921 343 1952 κοινωνῶν,
360 1919 483 1954 ίστορίας
500 1919 592 1954 ἔργον,
609 1921 656 1945 καὶ
677 1919 708 1945 οὺ
728 1917 775 1944 τοῦ
794 1918 928 1953 παρόντος
945 1917 984 1952 τῷ

194 1967 266 2002 λόγῳ
281 1966 394 1993 σκοποῦ.

236 2013 331 2047 Ἡμεῖς
345 2012 373 2038 δὲ
384 2013 434 2048 τὴν
450 2011 637 2046 ὑπερᾰπειρον
656 2008 849 2044 μακροθυμίαν
868 2008 917 2034 καὶ
934 2007 985 2034 ἀν-

194 2059 262 2093 οχὴν
278 2058 426 2093 ὑμνοῦντες
448 2057 495 2084 τοῦ
515 2057 570 2083 τῶν
582 2056 652 2083 ὅλων
677 2055 756 2087 Θεοῦ,
774 2053 919 2088 εὐχώμεθα
934 2052 985 2087 τῆς

197 2103 306 2138 μερίδος
324 2102 498 2138 ἐξαιρεθῆναι
512 2101 567 2128 τῶν
579 2103 614 2128 τὰ
634 2101 770 2127 σκάνδαλα
784 2101 830 2126 καὶ
848 2099 897 2130 τὰς
911 2099 984 2134 διχο-

196 2148 310 2180 στασίας
330 2148 374 2175 διὰ
400 2148 450 2183 τῆς
465 2147 599 2182 κακίστης
625 2147 717 2173 αὐτῶν
746 2145 893 2180 ἐπιθυμίας
918 2153 986 2171 κατ-

197 2193 402 2229 εργαζομένων,
419 2193 543 2219 κοινωνοὶ
559 2192 588 2219 δὲ
605 2191 732 2225 γενέσθαι
755 2190 803 2217 τοῦ
828 2190 882 2216 τῶν
900 2190 985 2223 ἁγίων

196 2241 309 2275 κλήρου,
326 2239 380 2266 τῶν
394 2239 439 2266 διὰ
455 2239 573 2269 πίστεως
598 2237 644 2264 καὶ
660 2237 772 2270 ἀγάπης
792 2235 873 2267 Θεοῦ,
887 2244 985 2262 ταπει-

1030 314 1075 341 ille
1099 314 1263 349 expetebat,
1286 315 1385 342 vicinis
1406 316 1586 350 metropolitis
1606 320 1731 350 ereptos,
1754 315 1820 342 huic

1029 360 1131 386 donat:
1153 360 1319 395 insuperque
1332 361 1410 395 juxla
1428 361 1593 388 collocatum
1613 360 1756 396 primatem
1775 369 1825 387 no-

1030 406 1163 433 minabat.
1183 406 1315 434 Prasterea
1335 406 1489 442 Nicephoro
1511 407 1607 434 Nicieaa
1632 407 1823 442 metropolitae,

1030 461 1080 487 per
1098 453 1151 480 vim
1175 453 1300 480 abdicato
1314 453 1530 488 orphanotrophi
1550 461 1644 480 curam
1663 460 1695 480 ac
1712 453 1823 480 tutelam

1028 498 1192 534 pupillorum
1214 499 1370 525 committit.
1394 498 1617 533 Amphilochium
1637 506 1702 526 vero
1728 498 1817 532 Cyzici

1028 545 1176 580 praesule.
1202 545 1321 571 Nicaeam
1351 545 1502 574 transfert:
1528 545 1571 571 cui
1598 552 1661 571 mox
1691 544 1825 571 exstincto

1031 591 1193 625 Gregorium
1200 589 1408 626 Syracusanum
1428 591 1558 625 subrogat
1573 599 1580 617 :
1596 598 1678 625 quem
1694 594 1721 617 et
1735 590 1824 623 ipsum

1033 645 1094 664 mox
1111 637 1248 665 sublatum
1273 636 1431 672 huiusmodi
1448 636 1565 664 Photius
1575 636 1722 671 epitaphiis
1741 643 1825 663 orna-

1032 684 1071 710 vit
1081 689 1110 711 ut
1121 685 1227 718 magnis
1240 683 1315 710 illum
1332 683 1458 711 Patribus
1469 683 1524 710 vita
1532 687 1562 710 α
1573 683 1675 709 virtute
1689 682 1803 716 aequarit
1816 690 1824 710 :

1033 736 1084 755 nec
1098 728 1124 755 id
1138 728 1219 755 aliam
1231 728 1266 755 ob
1279 736 1403 759 causam,
1415 735 1497 762 quam
1510 727 1582 762 quod
1594 726 1688 754 infelix
1702 727 1825 761 liquam

1034 782 1111 802 suam
1130 774 1201 802 sicut
1212 773 1373 801 novaculam
1388 774 1493 801 acuerit
1510 774 1537 800 in
1553 778 1676 800 sanctum
1691 772 1825 808 Ignoti!-

1034 828 1121 855 usque
1134 820 1160 847 in
1177 820 1270 847 tinem.

1071 866 1126 895 llas
1154 871 1181 894 et
1197 867 1241 894 his
1257 866 1343 893 multo
1357 866 1449 901 plures
1465 873 1498 893 ae
1508 865 1660 893 deteriores
1679 865 1714 892 ob
1728 872 1827 893 causas

1033 913 1108 941 venit
1127 913 1167 940 ira
1186 913 1231 940 Dei
1243 920 1325 947 super
1336 913 1406 940 lillos
1418 912 1585 940 ditiidentim.
1599 911 1696 939 Subito
1708 919 1826 946 namque

1033 958 1190 993 imperatori
1217 958 1288 985 ﬁlius
1300 963 1328 986 et
1354 958 1533 986 charissimus
1558 961 1585 984 et
1601 961 1664 995 natu
1690 957 1827 984 maximus

1031 1004 1229 1033 Constantinus
1252 1010 1294 1032 est
1314 1009 1440 1039 ereptus;
1453 1011 1533 1039 quem
1553 1003 1642 1031 audax
1670 1003 1784 1029 l’hotius
1798 1003 1824 1029 in

1032 1049 1148 1083 gratiam
1165 1048 1356 1084 imperatoris,
1385 1056 1433 1083 per
1445 1055 1475 1076 se
1495 1049 1522 1075 in
1540 1052 1696 1076 sanctorum
1712 1054 1825 1074 censum

1031 1096 1158 1128 relatum,
1175 1095 1282 1130 templis
1299 1095 1500 1134 cqanobiisque,
1515 1095 1550 1122 ad
1564 1094 1755 1128 aucupandam
1771 1093 1825 1121 ho-

1032 1141 1135 1168 minum
1152 1142 1280 1176 gratiam,
1294 1141 1386 1169 colere
1399 1141 1467 1168 nihil
1480 1141 1583 1168 veritus
1597 1146 1648 1168 est.

1069 1187 1169 1214 Deinde
1184 1188 1266 1214 etiam
1281 1190 1378 1222 magna“
1394 1187 1630 1223 Syracusanorum
1646 1187 1743 1214 civitas
1758 1186 1826 1213 hor-

1032 1234 1115 1260 renda
1131 1234 1207 1260 clade
1216 1234 1314 1267 periit:
1330 1234 1481 1267 insulaeque
1496 1241 1603 1266 omnes,
1618 1239 1645 1260 et
1660 1237 1758 1260 cuncta
1777 1240 1826 1267 op-

1031 1279 1107 1314 pida,
1122 1284 1148 1306 et
1160 1279 1252 1306 omnis
1270 1280 1408 1314 provincia
1425 1279 1515 1306 hostili
1542 1287 1623 1305 manu
1643 1278 1714 1306 ﬁnde
1727 1279 1826 1305 ctiam-

1032 1333 1097 1352 lltltll
1130 1325 1211 1351 hodie
1242 1329 1376 1355 vastatur,
1404 1325 1532 1359 diripitur
1560 1329 1588 1351 et
1617 1325 1824 1359 pessumdatur.

1033 1369 1106 1395 nullo
1120 1376 1152 1394 ex
1169 1369 1202 1395 iis
1215 1369 1260 1402 qui
1275 1377 1331 1395 rem
1349 1376 1454 1395 sacrant
1475 1369 1671 1396 administrare
1686 1368 1825 1401 videntur,

1034 1415 1116 1441 Deum
1139 1414 1264 1449 precibus
1293 1414 1430 1448 placante,
1471 1414 1530 1445 sed,
1561 1418 1591 1440 ut
1619 1413 1751 1448 scriptum
1763 1417 1825 1441 est:

1034 1458 1112 1486 Facti
1123 1466 1214 1485 sumus
1233 1458 1301 1485 sicut
1317 1465 1375 1484 oves
1390 1462 1510 1484 errantes
1526 1458 1581 1484 sine
1602 1462 1709 1492 pastore
1727 1456 1759 1482 “.
1777 1455 1826 1482 Et-

1031 1505 1102 1532 enim
1117 1505 1265 1530 inveterata
1279 1508 1400 1538 tempore
1416 1503 1559 1537 iniquitas,
1573 1502 1720 1537 nmltisque
1732 1509 1826 1529 exent-

1034 1550 1085 1585 plis
1096 1550 1284 1582 corroborata,
1305 1557 1355 1584 pro
1382 1542 1440 1584 lege
1466 1549 1558 1583 impiis
1573 1553 1601 1576 et.
1618 1548 1758 1583 exlegihus
1774 1547 1826 1574 ha-

1033 1598 1123 1629 betur,
1140 1597 1255 1631 ipsoque
1278 1604 1328 1623 usu
1353 1600 1379 1622 et
1394 1595 1592 1622 consuetudine
1607 1594 1826 1629 corruptelarum

1037 1642 1064 1669 in
1080 1650 1183 1669 morem
1198 1646 1225 1668 et
1238 1646 1364 1668 naturam
1378 1641 1444 1673 abit,
1462 1646 1544 1675 atque
1557 1640 1626 1667 adeo
1645 1640 1714 1666 iram
1739 1639 1768 1666 in
1796 1645 1828 1666 se

1036 1687 1084 1715 Dei
1098 1691 1224 1722 provocat
1235 1687 1401 1713 universam.

1073 1733 1218 1759 Enimvero
1233 1732 1372 1767 sigillatim
1399 1737 1561 1764 percensere
1590 1729 1682 1757 omnia
1699 1736 1761 1763 quae
1779 1734 1830 1755 no-

1036 1784 1097 1806 vata
1111 1783 1138 1806 et
1152 1779 1234 1813 impie
1248 1782 1324 1813 gesta
1340 1781 1404 1804 sunt
1420 1784 1434 1803 a
1449 1777 1549 1804 Photio
1561 1775 1710 1803 architecto
1723 1779 1752 1802 et
1771 1782 1829 1801 ma-

1037 1825 1121 1860 gistro
1136 1824 1338 1860 hypocritarnm
1355 1822 1528 1856 hostiumque
1547 1821 1648 1853 crucis,
1665 1825 1692 1848 et
1701 1819 1829 1847 omnibus

1038 1869 1246 1897 successoribus
1269 1869 1341 1896 illius
1356 1873 1384 1895 et
1405 1868 1489 1896 sociis
1507 1866 1677 1899 ambitionis,
1699 1865 1780 1901 justas
1793 1865 1830 1892 sit

1038 1923 1106 1950 opus
1122 1914 1252 1945 historias,
1271 1921 1325 1940 non
1341 1913 1424 1948 hujus
1438 1911 1490 1940 loci
1505 1916 1708 1939 arrumentum.

1073 2012 1129 2040 Nos
1145 2019 1209 2039 vero
1223 2011 1357 2038 inﬁnitam
1370 2010 1416 2037 Dei
1429 2009 1587 2045 patientiam
1600 2008 1830 2041 clementiamque

1039 2063 1234 2090 memorantes,
1265 2057 1412 2085 Dominum
1431 2057 1622 2084 universorum
1639 2055 1828 2088 deprecemur,

1039 2106 1077 2132 uti
1089 2113 1139 2133 nos
1154 2113 1169 2131 a
1187 2109 1261 2131 sorte
1274 2111 1369 2130 eorum
1383 2102 1429 2137 qui
1448 2105 1487 2129 tot
1500 2100 1689 2128 scandalorum
1701 2098 1830 2126 otTensio-

1039 2159 1162 2185 numque
1173 2155 1200 2177 et
1210 2149 1412 2177 dissensionum
1425 2146 1621 2182 cupiditatibus
1635 2145 1694 2173 suis
1702 2143 1830 2180 pessimis

1039 2201 1165 2224 auctores
1179 2195 1319 2226 exstitere,
1336 2198 1456 2228 ereptos,
1479 2191 1562 2219 sortis
1587 2193 1756 2220 sanctorum,
1783 2189 1829 2223 qui

1040 2250 1087 2276 per
1103 2241 1181 2268 Iidem
1196 2245 1224 2268 et
1240 2241 1403 2268 charitatem
1420 2238 1478 2271 Dei,
1504 2237 1686 2264 humilitatem
1711 2241 1737 2263 et
1753 2243 1831 2262 man-

197 2286 368 2321 νοφροσύνης
379 2293 409 2311 τε
425 2284 473 2311 καὶ
485 2283 653 2319 πραΰτητος,
664 2282 714 2315 τῆς
730 2281 893 2316 ἐπουρανίου
908 2282 983 2316 βασι-

1039 2288 1226 2318 suetudinem,
1250 2293 1334 2320 regno
1350 2291 1377 2312 et
1402 2283 1557 2311 sacerdotio
1585 2287 1681 2310 sancto
1709 2280 1767 2312 Dei,
1782 2278 1832 2314 qui

195 2332 272 2364 λείας
289 2331 335 2358 καὶ
355 2330 497 2366 ίεραρχίας
515 2329 596 2364 ἁγίας
611 2328 658 2355 τοῦ
675 2327 826 2363 ὑπεραγίου
841 2327 988 2359 καταξιου-

199 2378 299 2413 μένων,
317 2377 476 2412 πρεσϐείαις
495 2376 546 2411 τῆς
565 2375 721 2410 ὑπεράγνου
742 2375 790 2400 καὶ
812 2373 986 2408 πανιμώμου

196 2421 382 2455 Θεομήτορος,
401 2420 449 2446 καὶ
472 2420 527 2446 τῶν
550 2418 686 2445 ἐκλεκτῶν
706 2418 753 2446 καὶ
768 2418 848 2453 ἱερῶν
863 2417 988 2451 ἀγγέλων

197 2467 246 2493 καὶ
264 2467 319 2493 τῶν
336 2466 524 2501 πανευφήμων
545 2464 703 2491 ἀποστόλων
723 2463 839 2490 καὶτῶν
858 2462 987 2489 πανενδό-

198 2513 251 2545 ξων
267 2512 436 2547 ἀθλοφόρων,
454 2511 504 2537 καὶ
525 2510 594 2537 ὅλων
613 2511 668 2536 τῶν
680 2509 768 2543 ἁγίων
784 2510 844 2540 ταῖς
867 2509 986 2543 εὐπροσ-

195 2560 300 2590 δὲκτοις
322 2559 369 2585 καὶ
386 2558 472 2593 ἱεραῖς
489 2557 650 2592 ἱκετηρίαις.
667 2555 738 2590 Πρὸς
754 2555 860 2586 τούτοις
877 2555 944 2580 πᾶσι
960 2553 988 2580 δὲ

196 2606 245 2632 καὶ
259 2605 306 2631 τοῦ
321 2606 350 2630 ὲν
365 2605 455 2638 ἁγίοις
483 2603 591 2637 Πατρδς
616 2602 696 2637 ἡμῶν
713 2600 842 2634 Ὶγνατίου
861 2601 989 2635 ἀρχιεπι-

197 2650 301 2676 σκόπου
316 2648 641 2678 Κωνσταντινουπόλειυς,
657 2645 704 2672 τοῦ
723 2646 783 2672 νέου
801 2645 910 2679 ἀληθῶς
922 2647 989 2679 ὀμο-

196 2695 312 2730 Ξιογητοῦ
333 2696 381 2721 καὶ
403 2694 547 2729 θεοφόρου,
563 2694 593 2719 ὲν
609 2692 719 2727 Χριστῷ
741 2691 827 2726 Ἰησοῦ
840 2690 879 2725 τῷ
895 2690 990 2725 Κυρίῳ

196 2742 288 2776 ἡμῶν,
301 2738 323 2774 ᾧ
338 2742 355 2775 ἡ
367 2740 430 2773 δόξα
446 2740 493 2766 καὶ
507 2741 523 2775 ὴ
538 2739 605 2774 τιμὴ
622 2739 668 2766 καὶ
693 2740 709 2774 ἡ
728 2737 913 2774 προσκύνησις
931 2738 989 2773 ἅμα

197 2788 238 2821 τῷ
252 2788 364 2822 ἁνάρχῳ
392 2786 491 2822 Πατρὶ,
505 2786 553 2813 καὶ
568 2785 606 2820 τῷ
622 2785 781 2820 συνανάρχῳ
802 2785 850 2811 καὶ
865 2784 990 2819 ζωοποιῴ

198 2832 283 2860 αὑτοῦ
308 2831 458 2866 Πνεὺματι,
482 2831 530 2859 νῦν
550 2832 597 2859 καὶ
614 2831 658 2858 ἀεὶ
681 2831 727 2858 καὶ
742 2831 782 2862 εἰς
803 2830 867 2862 τοὺς
888 2831 990 2862 αἰῶνας

198 2879 253 2906 τῶν
269 2879 387 2906 αἰώνων.
409 2878 507 2913 Ἀμήν.

256 2935 276 2951 ¹¹
294 2935 389 2963 Matth.
409 2943 446 2968 Ix,
460 2935 506 2962 36.

1038 2339 1196 2362 sanctorum
1212 2336 1296 2366 caput
1310 2336 1353 2359 est
1368 2331 1502 2362 onminm,
1514 2335 1579 2357 sunt
1591 2329 1692 2362 dignati
1708 2336 1716 2360 ;
1743 2326 1833 2361 preci-

1037 2381 1089 2409 bus
1105 2381 1272 2407 intemeratae
1291 2378 1502 2414 purissimaequc
1523 2376 1569 2403 Dei
1586 2375 1693 2406 Matris,
1716 2374 1834 2401 selecto-

1039 2434 1154 2461 rumqne
1197 2425 1319 2453 coalitum
1362 2424 1534 2458 angelorum,
1573 2418 1833 2456 gloriosissimorum

1039 2473 1226 2508 aposmlorum
1244 2471 1436 2503 victarumque
1463 2467 1700 2494 nobilissimorum
1729 2468 1832 2498 marty-

1040 2528 1112 2552 l‘lllll,
1147 2523 1360 2550 sanctorumque
1385 2515 1528 2546 omnium;
1557 2520 1675 2547 cumque
1703 2510 1834 2538 omnibus

1040 2564 1126 2591 nostri
1143 2564 1228 2590 sancti
1240 2562 1329 2589 Patris
1345 2560 1439 2595 lgnatii
1452 2559 1614 2594 patriarchae
1625 2557 1677 2583 (ΣΡ.
1690 2563 1753 2583 vere
1770 2553 1832 2582 novi

1040 2608 1206 2636 confessoris
1223 2614 1255 2633 ac
1280 2606 1374 2632 deiferi
1403 2605 1503 2634 Patris.
1529 2607 1672 2630 consortes
1695 2600 1792 2627 emetat
1806 2598 1832 2624 in

1040 2654 1149 2682 Christo
1165 2653 1230 2680 Jesu
1246 2653 1361 2680 Domino
1375 2656 1489 2678 nostro:
1506 2650 1550 2677 cui
1565 2650 1636 2678 laus.
1654 2649 1752 2677 honor,
1768 2644 1834 2672 ado«

1042 2702 1113 2727 ratio
1124 2707 1186 2727 cum
1203 2705 1304 2726 aeterno
1325 2699 1414 2728 Patre.
1430 2698 1587 2732 pariterque
1599 2699 1703 2722 aeterno
1722 2696 1749 2718 ct
1763 2689 1833 2716 vivi-

1043 2747 1139 2774 tlvante
1158 2746 1243 2781 ipsius
1260 2746 1373 2780 Spiritu,
1392 2752 1464 2771 nunc
1478 2749 1506 2771 ct
1521 2748 1640 2775 semper,
1655 2739 1722 2766 etin
1736 2742 1833 2764 omnes

1042 2793 1164 2820 omnium
1179 2793 1342 2820 samulorum
1356 2790 1534 2819 atteruitatcs.
1549 2787 1649 2814 Amen.
