2092 3156
272 199 325 232 5⁵15

867 201 1015 231 ΝΙΟΕΤιΕ
1038 201 1277 232 PAPHLAGONI
1283 202 1303 232 S

1846 202 1905 236 576

281 274 1887 291 Μ

738 367 977 412 ΝΙΟΕΤιΈ
1015 366 1434 413 PAPHLAGONIS

987 483 1045 517 QUI
1069 483 1114 511 ET
1142 483 1246 511 DAVID

587 573 849 603 EXPOSITIONIS
869 573 907 603 IN
930 572 1180 602 EVANGELIUM
1199 572 1305 602 LUCAE
1331 570 1565 601 FRAGMENTA

772 669 839 700 (Mn,
854 668 946 701 Script.
960 669 1018 694 Vel.
1032 672 1090 694 tom.
1101 668 1143 699 ιχ,
1155 675 1179 700 p.
1192 669 1248 698 668,
1260 667 1316 698 670,
1331 668 1399 697 702,)

300 819 366 853 Cap.
384 818 426 851 Vl,
438 825 509 846 vers.
520 819 566 846 δὲ.
588 820 621 846 Et
641 819 664 846 si
678 819 790 854 diligitis
801 827 843 846 eos
856 819 901 854 qui
917 827 960 846 vos
985 819 1049 846 dili-

1140 819 1210 853 Κεφ.
1228 818 1273 853 q'.
1289 819 1357 854 στίχ.
1370 818 1419 854 λβ’.
1440 819 1492 847 Καὶ
1508 820 1533 846 el
1559 819 1695 854 ἀγαπᾶτε
1717 820 1789 854 τοὺς
1819 821 1896 856 ἁγα-

264 872 340 901 gmu,
352 870 404 893 etc.

301 911 473 946 Nicetm,’qut‘
487 916 511 938 et
524 911 620 939 David.
637 911 675 939 Ex
689 911 777 939 tribus
794 916 904 939 constat
918 911 1050 942 amicitia,

264 958 428 985 testantibus
454 957 645 993 philosophis;
671 965 704 984 ex
725 958 864 992 voluptate
890 958 1007 987 scilicet.
1024 965 1056 984 ex

264 1003 438 1035 necessitate,
459 1009 485 1031 et
498 1004 616 1038 virtute;
640 1013 757 1039 quarunt
774 1005 835 1032 dum
851 1004 957 1039 priores
970 1004 1057 1030 insta-

263 1049 334 1077 biles
351 1054 426 1081 sunt.
446 1054 473 1077 et
500 1050 611 1078 minime
641 1056 808 1082 constantes,
834 1051 934 1086 quippe
952 1058 1012 1085 qtue
1028 1051 1054 1077 in

263 1095 327 1123 ﬁliis
354 1096 496 1122 hominum
527 1095 735 1123 {ttitdamentum
752 1104 833 1130 spum
857 1104 910 1123 non
926 1096 1052 1123 habeant.

263 1141 315 1169 Ubi
331 1143 403 1168 enim
421 1142 539 1176 primum
559 1142 682 1177 voluptas
699 1142 835 1175 valedixit,
858 1151 889 1170 ac
905 1142 1055 1170 necessitas

262 1189 389 1220 cessavit,
405 1189 536 1223 philtrum
555 1197 664 1224 quoque
679 1186 848 1216 transvolat:
873 1197 958 1224 quare
971 1190 1052 1217 etiam

263 1234 394 1268 temporis
407 1239 434 1262 et
448 1235 526 1269 spatii
541 1235 670 1262 distantia
682 1236 836 1262 amantibus
851 1240 941 1268 nocet,
957 1236 1054 1263 amici-

262 1281 328 1308 tiam
343 1281 483 1308 oblivione
498 1289 547 1308 ceu
566 1282 649 1319 densa
662 1283 779 1317 caligine
794 1283 957 1311 obvelando.
967 1283 1054 1311 Econ-

263 1329 304 1352 tia
325 1334 386 1361 qua:
405 1327 505 1354 virtute
521 1328 617 1355 nititur
641 1336 694 1355 non
711 1329 768 1364 pari
793 1329 873 1356 modo
892 1329 1052 1362 oll‘uscatur,

263 1370 318 1397 imo
332 1379 378 1406 per
393 1379 474 1400 omne
491 1377 598 1408 tempus
610 1381 642 1401 ac
652 1374 768 1409 spatium
781 1374 861 1401 durat
877 1374 1052 1406 inconcussa,

261 1422 289 1444 et
299 1418 344 1445 ubi
357 1419 383 1445 in
399 1419 571 1447 obstaculum
583 1420 694 1454 aliquod
707 1421 812 1453 incidit,
825 1420 850 1447 vi
867 1425 894 1448 et
907 1420 1052 1455 splendore

261 1464 395 1498 augescit.
414 1464 482 1492 lliuc
495 1466 550 1499 jam
569 1473 622 1493 non
639 1466 771 1499 amicitia,
790 1466 836 1494 sed
856 1466 978 1494 charitas
994 1466 1052 1500 plc-

260 1515 377 1543 rumque
385 1517 567 1545 nuncupatur,
575 1519 645 1545 qum,
652 1511 801 1539 secundum
809 1512 978 1545 Apostolum,
985 1519 1055 1538 nuu-

261 1562 343 1589 quam
370 1556 471 1584 deﬁcit.
489 1557 681 1585 Benevolentia
697 1557 768 1584 cuitu
785 1557 914 1585 amicitiae
944 1557 1052 1585 initium

261 1604 313 1631 est,
335 1600 407 1627 sicut
433 1601 499 1628 visio
528 1601 777 1636 concupiscentiam
807 1601 889 1636 parit.
921 1601 1050 1629 Amicitia

261 1651 343 1679 porro
357 1646 500 1673 charitatis
515 1647 679 1681 principium
693 1652 720 1674 et
731 1647 812 1680 fons;
829 1647 948 1676 charilas
960 1652 1050 1675 autem

260 1696 342 1725 caput
357 1695 399 1718 est
424 1692 491 1727 legis
505 1697 532 1720 et
549 1693 755 1728 prophetarum.
781 1693 808 1720 Id
826 1694 937 1729 quidem
960 1694 1052 1721 multis

261 1745 422 1772 persuasum
448 1743 500 1772 est,
528 1740 675 1767 amicitiam
703 1741 832 1769 inanibus
862 1749 934 1776 saepe
964 1743 1052 1770 verbis

262 1788 418 1811 contentam
443 1792 515 1819 esse,
527 1786 689 1814 clmritatem
704 1791 796 1814 autem
808 1795 838 1814 rc
853 1795 915 1815 vera
929 1788 1050 1822 probari.

261 1828 395 1862 Quocirca
409 1831 491 1858 etiam
508 1839 578 1859 vera-
593 1832 737 1861 charitalis
759 1834 912 1869 discipulus
925 1842 976 1862 nos
989 1842 1051 1862 tuo-

261 1879 307 1901 net
321 1880 350 1901 ut
362 1883 391 1902 re
409 1876 467 1911 ipsa
480 1885 513 1904 ac
524 1878 667 1912 veraciter,
678 1887 728 1907 nec
741 1880 884 1908 verborum
900 1880 1049 1914 illecebris,

260 1927 312 1949 nos
326 1922 496 1951 adamentus.

293 2050 360 2086 Cap.
374 2051 440 2086 VIII,
453 2061 524 2081 vers.
535 2055 563 2081 5.
574 2054 647 2082 Exiil
660 2057 705 2091 qui
721 2058 833 2084 seminat
847 2059 987 2090 seminare,
995 2063 1048 2086 etc.

296 2137 398 2168 Niceti:
418 2140 606 2177 Paphlagonis.
618 2142 687 2170 Vidc
706 2151 740 2171 nc
753 2151 844 2172 semen
860 2145 982 2172 divinum
1000 2153 1049 2180 per

258 2184 378 2212 volatilia
395 2187 468 2220 cmli,
483 2188 508 2214 id
521 2193 562 2216 est
576 2197 623 2223 per
637 2189 749 2224 spiritus
762 2190 903 2224 :ethereos,
922 2191 1048 2218 dissemi-

258 2236 348 2261 netur.
358 2240 425 2259 neve
433 2233 525 2261 cordis
534 2235 571 2262 tui
586 2234 673 2263 fomes
685 2237 886 2271 exstinguatur.
900 2237 926 2265 Id
939 2246 1048 2272 quoque

259 2284 324 2304 cura
339 2286 372 2305 ne
387 2279 500 2313 spiritus
518 2281 608 2308 vitalis
626 2282 672 2317 qni
689 2282 716 2309 in
731 2287 756 2310 te
780 2289 821 2311 est
835 2283 984 2312 aﬁ'ecluum
1000 2289 1048 2312 aut

258 2323 416 2357 passionum
436 2324 588 2359 ﬂagrantia,
617 2335 667 2356 ceu
691 2327 752 2363 igne
766 2328 861 2360 solari,
882 2329 1046 2363 exsiccetur,

258 2375 348 2402 neque
358 2371 514 2398 committas
524 2376 553 2399 ut
563 2380 656 2400 semen
669 2373 803 2406 divinum,
815 2374 908 2407 timor,
922 2375 1045 2410 inquam,

260 2412 383 2449 Dominil,
418 2417 540 2450 corporis
577 2418 616 2444 tui
647 2419 765 2446 miseriis
809 2425 836 2446 et
867 2420 942 2448 curis
977 2421 1048 2448 sicut

258 2459 369 2488 carduis
384 2465 411 2488 et
436 2463 547 2490 maniis
566 2464 717 2492 delitescat.
745 2464 791 2492 Sic
820 2466 893 2493 cnim
910 2466 976 2494 tidcs
990 2472 1046 2500 tua,

258 2505 329 2533 sicut
342 2514 456 2542 campus
468 2509 581 2543 sterilis,
597 2518 707 2545 pessum
725 2512 784 2539 ibit.

295 2593 407 2625 Niceta'.
433 2597 479 2630 qui
502 2601 526 2622 et
552 2597 646 2624 Dauid.
674 2598 828 2627 Caveamus
853 2598 936 2635 igitur
949 2607 982 2628 ne
997 2608 1047 2628 nos

258 2647 368 2674 quoque
391 2640 548 2675 hujusmodi
574 2643 705 2676 periculis
737 2645 964 2677 suecumbamus,
992 2645 1047 2673 imo

261 2687 360 2714 mentis
389 2695 484 2721 agrum
515 2688 591 2715 omni
613 2696 683 2716 noxa
712 2691 871 2725 purgen’tus.
902 2690 949 2719 Sic
975 2692 1047 2719 enim

261 2733 396 2760 mentibus
405 2734 507 2762 nostris
519 2734 656 2762 culturam
670 2735 742 2763 sicut
754 2736 873 2771 pluviam
884 2738 1047 2765 matutinam

260 2786 293 2805 ac
307 2779 455 2808 scrotinam
472 2781 667 2816 infundemus;
683 2783 723 2810 sic
748 2784 868 2811 calorem
893 2784 940 2819 qui
953 2792 969 2812 θ
991 2785 1048 2812 sole

257 2822 373 2856 iustitia:
389 2825 456 2857 ﬂuit,
479 2825 606 2862 lacrymis
630 2828 731 2855 nostris
753 2829 948 2863 mitigabimus.
965 2831 1044 2863 Hinc.

259 2867 331 2895 sicut
352 2878 417 2904 ager
439 2871 581 2904 fecundus,
615 2872 660 2899 Dei
687 2873 1046 2911 bcnetlictiouisxompotcs

261 2913 376 2948 erimus,
389 2915 518 2944 virtutulu
533 2924 689 2947 uestrarum
704 2919 835 2954 fructum,
851 2920 872 2948 si
885 2929 938 2949 non
952 2926 1046 2950 centu-

1108 864 1228 898 πῶν-τας
1251 865 1337 898 ὑμᾶς,
1359 874 1386 892 κ.
1403 874 1430 892 τ.
1444 865 1470 894 λ.

1140 911 1272 944 Νικήτου
1300 911 1354 938 τοῦ
1379 911 1429 939 καί
1454 913 1552 940 Δαόίδ.
1575 912 1630 949 Τὴν
1649 914 1741 949 φιλίαν
1767 914 1800 941 ὲκ
1815 914 1903 950 τριῶν

1107 959 1267 986 συνεστάναι
1289 958 1402 991 τούτων,
1427 958 1533 993 ἡδονῆς,
1551 960 1632 994 φημὶ,
1662 960 1710 986 καὶ
1727 961 1835 996 χρείας,
1851 961 1898 988 καὶ

1105 1004 1216 1040 ἀρετῆς,
1242 1004 1335 1036 παῖδες
1362 1004 1451 1038 σοφῶν
1470 1005 1645 1039 ἀπεφήναντο
1658 1014 1666 1022 ·
1694 1005 1764 1033 ἀλλὰ
1779 1006 1830 1038 τὰς
1848 1006 1901 1042 μὲν

1105 1049 1217 1085 πρώτας
1231 1049 1277 1077 δύο
1306 1050 1406 1083 αἰτίας,
1425 1051 1583 1084 εὐκινήτους
1599 1049 1680 1083 εἶναι,
1709 1052 1740 1078 οὗ
1758 1051 1899 1087 μονίμους,

1105 1096 1165 1122 οὐδὲ
1184 1096 1213 1122 τὺ
1228 1095 1338 1130 βέϐαιον
1362 1096 1390 1123 ὲν
1415 1097 1483 1128 υἱοῖς
1496 1096 1648 1131 ἀνθρώπιον
1666 1096 1791 1131 ἐχούσας.
1814 1097 1898 1132 Ὁμοῦ

1104 1141 1159 1176 γὰρ
1175 1141 1205 1168 τὺ
1223 1141 1319 1175 ήδῦνον
1334 1141 1484 1172 πέπαυται.
1511 1141 1558 1168 καὶ
1579 1143 1596 1178 ἡ
1621 1142 1700 1176 χρεία
1714 1141 1897 1178 παρελήλυθε,

1105 1187 1152 1214 καὶ
1166 1186 1271 1219 τούτοις
1285 1187 1519 1221 συγκαταλέλυται
1544 1187 1575 1214 τὸ
1597 1188 1717 1223 φίλτρον.
1740 1188 1824 1214 Ὅθεν
1851 1189 1900 1215 καὶ

1104 1233 1200 1268 χρόνον
1219 1233 1267 1260 καὶ
1285 1234 1368 1259 τόπου
1396 1233 1537 1265 διάστασις
1549 1234 1604 1265 τοῖς
1621 1233 1692 1259 οὓτω
1715 1233 1822 1268 φιλοῦσι
1835 1234 1897 1260 ἔπι-

1104 1278 1242 1305 ϐουλεύειν
1254 1276 1320 1309 οἶδε.
1337 1279 1389 1314 τὴν
1406 1279 1497 1312 φιλίαν
1509 1280 1604 1314 ὥσπερ
1615 1279 1715 1316 ὁμίχλῃ
1731 1280 1834 1315 παχείᾳ
1848 1279 1897 1306 καὶ

1105 1322 1190 1358 ζόφῳ,
1205 1325 1238 1359 τῇ
1258 1323 1327 1359 λήθῃ
1342 1323 1581 1357 συγκαλύπτουσα.
1596 1324 1634 1351 Οὐ
1652 1324 1706 1359 μὴν
1731 1326 1778 1351 καὶ
1794 1326 1810 1360 ή
1828 1325 1900 1353 κατά

1103 1369 1204 1405 ἀρετὴν
1220 1369 1376 1396 συνεστῶσα
1391 1369 1436 1396 τὸν
1448 1370 1505 1396 ἴσον
1516 1369 1615 1404 τρόπον
1628 1369 1812 1405 ἀμαυροῦται,
1821 1370 1898 1397 ἀδιά-

1103 1423 1208 1446 πτωτος
1222 1414 1251 1441 δὲ
1266 1415 1312 1441 καὶ
1322 1415 1526 1450 ἀνεπηρέαστος
1539 1415 1620 1441 παντὶ
1634 1414 1730 1450 χρόνου
1744 1415 1791 1441 καὶ
1803 1415 1889 1442 τόπου

1103 1458 1180 1493 μένει
1194 1458 1376 1494 διαστήματι,
1403 1459 1451 1485 καὶ
1467 1458 1522 1485 οὐδ’
1539 1458 1660 1493 ήτινιοῦν
1677 1459 1814 1495 προφάσει
1835 1459 1898 1486 δια-

1070 1496 1091 1523 Β
1106 1504 1212 1536 πίπτει,
1228 1504 1329 1538 μᾶλλον
1346 1505 1395 1540 μὲν
1409 1502 1455 1531 οὗν
1472 1504 1520 1531 καὶ
1533 1505 1694 1540 ἰσχυροτέρα
1708 1505 1754 1532 καὶ
1769 1504 1897 1541 λαμπρο-

1103 1547 1170 1582 τέρα
1182 1547 1286 1582 γίνεται
1303 1548 1493 1584 πολεμουμένη
1506 1556 1513 1564 ·
1529 1548 1567 1580 ὼς
1583 1548 1682 1584 μηκέτι
1699 1548 1792 1584 φιλίαν
1812 1550 1896 1585 μόνον

1103 1592 1269 1628 αὐτὴν,ἀλλὰ
1283 1593 1329 1620 καὶ
1341 1594 1452 1629 ἀγάπην
1467 1594 1632 1630 κυριώτερον
1647 1595 1829 1630 ὀνομάζεσθαι
1839 1605 1847 1613 ’
1863 1597 1898 1632 ἦ·

1102 1647 1144 1670 τις
1160 1639 1230 1666 κατὰ
1241 1639 1287 1666 τὸν
1309 1639 1481 1671 Ἀπόστολον.
1496 1640 1625 1667 οὐδέποτε
1639 1641 1777 1670 ἐκπίπτει.
1798 1643 1899 1671 Εὓνοια

1104 1684 1154 1720 μὲν
1165 1685 1229 1720 γὰρ,
1245 1685 1333 1720 φιλίας
1349 1687 1480 1722 ἀρχή·ὼς
1494 1687 1566 1721 ὄψις,
1583 1687 1731 1723 ὲπιθυμίας
1742 1698 1749 1705 ·
1769 1689 1844 1723 φιλία
1858 1691 1898 1724 δὲ,

1102 1731 1214 1766 ἀγάπης
1225 1732 1297 1767 ἀρχὴ
1312 1736 1360 1759 καὶ
1373 1733 1449 1768 πηγή
1461 1740 1467 1748 ·
1481 1733 1577 1768 ἀγάπη
1589 1733 1628 1766 δὲ,
1643 1734 1674 1761 τὸ
1693 1735 1840 1769 κεφάλαιον
1855 1736 1897 1762 νό-

1103 1785 1155 1812 μου
1166 1778 1214 1804 καὶ
1233 1777 1390 1813 προφητῶν.
1408 1779 1454 1805 Διδ
1470 1778 1521 1814 τὴν
1537 1779 1597 1814 μὲν.
1623 1780 1670 1806 καὶ
1691 1780 1755 1815 ἄχρι
1778 1781 1893 1816 χειλέων

1102 1824 1194 1859 μόνον,
1212 1824 1259 1851 καὶ
1283 1823 1372 1859 ψιλοῖς
1401 1825 1579 1852 συνίστασθαι
1593 1825 1684 1860 λόγοις
1699 1827 1725 1852 οἱ
1741 1825 1835 1852 πολλοὶ
1852 1835 1897 1853 vo-

1102 1870 1238 1904 μίζουσιν,
1252 1870 1363 1906 ἀγάπην
1382 1870 1412 1898 δὲ
1425 1871 1465 1906 τῷ
1480 1871 1537 1897 ὄντι
1567 1872 1606 1907 μὴ
1631 1869 1711 1904 εἶναι,
1728 1872 1753 1898 εἰ
1767 1871 1804 1907 μὴ
1823 1871 1896 1907 ἔργῳ

1100 1916 1148 1942 καὶ
1161 1915 1276 1951 ἀληθείᾳ
1289 1917 1469 1952 μαρτυροϊτο·
1483 1916 1574 1948 καθὼς
1587 1918 1601 1944 ὁ
1615 1916 1666 1951 τῆς
1679 1917 1810 1952 ἀληθινῆς
1824 1917 1894 1952 ἁγά-

1100 1971 1156 1997 πης
1167 1962 1311 1997 παρεγγυᾷ
1326 1961 1461 1998 μαθητὴς,
1477 1962 1515 1997 μὴ
1532 1963 1644 1998 ἀγαπᾷν
1661 1962 1733 1998 λόγῳ
1748 1963 1796 1990 καὶ
1806 1963 1899 1997 γλώσ-

1101 2015 1136 2044 σῃ
1152 2007 1360 2043 παραγγέλλων,
1377 2007 1434 2034 ἀλλ’
1447 2008 1521 2043 ἔργῳ
1536 2010 1583 2035 καὶ
1594 2009 1720 2044 ἀληθείᾳ.

1136 2054 1205 2087 Κεφ.
1221 2052 1261 2086 H’,
1278 2052 1339 2088 στίχ
1363 2051 1394 2080 ε’.
1413 2053 1559 2088 Ἐξῆλθεν
1575 2055 1592 2081 ὁ
1603 2055 1737 2089 σπδΙρων
1747 2054 1801 2082 τοῦ
1817 2053 1900 2081 σπεῖ-

1097 2107 1158 2133 ραι,
1175 2107 1204 2126 κ.
1225 2107 1250 2125 τ.
1263 2098 1290 2126 λ.

1135 2144 1269 2177 Νικήτου
1287 2145 1502 2179 Παφλαγόνων.
1525 2145 1596 2181 Ὀρα
1617 2144 1714 2180 μήπως
1741 2143 1757 2179 ἢ
1773 2145 1830 2174 τοῖς
1845 2152 1897 2170 πε-

1099 2191 1196 2221 τεινοῖς
1211 2189 1258 2216 τοῦ
1271 2189 1398 2226 οὐρανοῦ,
1415 2191 1471 2221 τοῖς
1486 2189 1533 2216 τοῦ
1546 2189 1637 2224 ἀέρος,
1650 2189 1732 2224 φημὶ,
1746 2187 1895 2223 πνεύμασι,

1099 2235 1130 2262 τὸ
1142 2235 1211 2261 θεῖον
1226 2236 1337 2270 σπέρμα
1356 2235 1505 2270 διαρπαγῇ,
1531 2234 1621 2261 εἷτουν
1641 2228 1830 2270 ἐναποσὸεσθῇ
1848 2243 1896 2263 σου

1098 2280 1149 2315 τῆς
1170 2280 1283 2314 καρδίας
1305 2278 1473 2315 ήθρυαλλίς·
1487 2279 1504 2314 ἢ
1524 2279 1631 2314 ἡλιακῷ
1645 2280 1777 2311 καύσωνι,
1806 2280 1897 2307 show

1098 2326 1243 2360 ὲμπυρίοις
1262 2324 1360 2351 πάθεσι
1384 2325 1431 2352 καὶ
1451 2325 1629 2360 ἑνδομυχοῦσι
1652 2327 1789 2361 πιεσμοῖς,
1809 2327 1826 2362 ἡ
1841 2325 1897 2357 ζω-

1098 2371 1161 2405 τικὴ
1173 2370 1379 2406 ἑναιτοξηρανθῇ
1395 2379 1437 2397 σοι
1452 2371 1537 2405 ἰκμάς
1552 2379 1560 2386 ·
1575 2371 1592 2407 ἢ
1614 2372 1713 2406 μήπως
1729 2371 1767 2403 ὡς
1781 2371 1896 2407 ράμνοις

1098 2416 1154 2442 τισὶ
1179 2416 1227 2442 καὶ
1253 2416 1385 2447 ἀκάνθαις
1407 2417 1467 2447 ταῖς
1495 2416 1633 2448 ποικίλαις
1666 2416 1814 2452 μερίμναις
1841 2416 1890 2442 καὶ

1098 2462 1222 2496 φροντίσι
1238 2461 1286 2487 τοῦ
1307 2461 1435 2497 σώματος
1456 2462 1486 2489 τδ
1512 2462 1584 2489 θεῖόν
1610 2471 1651 2489 σοι
1677 2462 1758 2488 τοῦτο
1781 2461 1895 2496 σπέρμα

1097 2506 1144 2532 τοῦ
1171 2506 1253 2541 φόϐου
1274 2506 1377 2542 Κυρίου
1405 2507 1451 2533 καὶ
1472 2507 1523 2542 τῆς
1549 2507 1667 2537 πίστεως
1695 2505 1894 2539 ὲναποπνιγὲν,

1097 2552 1220 2586 ἄκαρπον
1234 2552 1281 2578 καὶ
1291 2553 1420 2586 ἀδόκιμον
1435 2552 1571 2587 ἀπελέγξῃ
1586 2552 1627 2587 τῷ
1642 2552 1770 2587 γεωργῷ.

1132 2598 1275 2632 Νικήτου,
1287 2599 1340 2626 τοῦ
1351 2599 1400 2625 καὶ
1416 2598 1725 2633 Δ(ιϐῐδ.Φυλαττώμεθα
1737 2598 1828 2625 τοίνυν
1842 2599 1890 2626 καὶ

1098 2645 1179 2680 ἡμεῖς
1196 2644 1316 2679 μηδεμιᾷ
1329 2645 1432 2671 τούτων
1441 2643 1613 2671 κινδυνεῦσαι
1627 2643 1680 2670 τῶν
1691 2643 1889 2676 ἀποπτώσεων,

1098 2690 1155 2717 ἀλλ’
1170 2690 1401 2725 ἀνακαθαίρωμεν
1421 2690 1510 2725 πάσης
1525 2690 1660 2725 ἐπηρείας
1676 2690 1806 2725 τοιαύτης
1818 2710 1826 2722 ,
1842 2690 1893 2725 τῆς

1097 2736 1216 2768 διανοίας
1231 2736 1278 2772 τὴν
1291 2736 1411 2771 ἄρουραν
1422 2744 1429 2750 ·
1443 2737 1491 2763 καὶ
1504 2736 1582 2763 ὑετὸν
1596 2736 1720 2772 πρώῖμον
1732 2737 1779 2764 καὶ
1790 2736 1894 2771 ὄψιμον

1097 2782 1147 2818 τὴν
1158 2782 1285 2816 ποικίλην
1299 2781 1347 2809 τοῦ
1374 2781 1531 2817 πνεύματος
1546 2782 1659 2818 διδαχὴν
1682 2783 1744 2814 ταῖς
1761 2783 1894 2816 μελέταις

1100 2827 1298 2862 ἐπισπώμενοι,
1312 2828 1360 2855 καὶ
1373 2827 1422 2863 τὴν
1435 2827 1489 2855 ἀπὸ
1503 2827 1552 2854 τοῦ
1566 2827 1642 2862 ήλίου
1657 2827 1707 2862 τῆς
1719 2826 1894 2861 δικαιοσύνης

1101 2874 1257 2909 σύμμετρον
1274 2874 1378 2910 θέρμην
1390 2874 1606 2909 ἀνακαλούμενοι
1613 2874 1755 2910 δάκρυσιν,
1763 2870 1808 2900 οἶα
1822 2873 1894 2908 καλὴ

1101 2920 1148 2948 καὶ
1163 2920 1253 2956 ἀγαθὴ
1263 2921 1310 2956 γῆ,
1324 2920 1373 2957 τῆς
1391 2920 1445 2948 ἀπὸ
1458 2920 1504 2948 τοῦ
1517 2919 1586 2948 Θεοῦ
1602 2919 1727 2955 εὐλογίας
1741 2918 1891 2954 ἐπιτυγχά-
