  <div class='ocr_page' id='page_1' title='image "/cluster/home/n/w/nwhite01/storage/ocr_20150623/105/njp.32101077772893/350.png"; bbox 0 0 2092 3156; ppageno 0'>
   <div class='ocr_carea' id='block_1_1' title="bbox 174 147 228 181">
    <p class='ocr_par' dir='ltr' id='par_1_1' title="bbox 174 147 228 181">
     <span class='ocr_line' id='line_1_1' title="bbox 174 147 228 181; baseline -0.037 0"><span class='ocrx_word' id='word_1_1' title='bbox 174 147 228 181; x_wconf 75' lang='lat'><strong>577</strong></span> 
     </span>
    </p>
   </div>
   <div class='ocr_carea' id='block_1_2' title="bbox 590 148 1368 185">
    <p class='ocr_par' dir='ltr' id='par_1_2' title="bbox 590 148 1368 185">
     <span class='ocr_line' id='line_1_2' title="bbox 590 148 1368 185; baseline 0.008 -7"><span class='ocrx_word' id='word_1_2' title='bbox 590 148 632 179; x_wconf 83' lang='grc' dir='ltr'><strong>ΙΝ</strong></span> <span class='ocrx_word' id='word_1_3' title='bbox 651 149 822 180; x_wconf 75' lang='lat' dir='ltr'><strong>CARMINA</strong></span> <span class='ocrx_word' id='word_1_4' title='bbox 840 150 993 181; x_wconf 78' lang='lat' dir='ltr'><strong>ARCANA</strong></span> <span class='ocrx_word' id='word_1_5' title='bbox 1017 151 1205 183; x_wconf 83' lang='lat' dir='ltr'><strong>GREGORII</strong></span> <span class='ocrx_word' id='word_1_6' title='bbox 1230 153 1368 185; x_wconf 78' lang='lat' dir='ltr'><strong>THEOL.</strong></span> 
     </span>
    </p>
   </div>
   <div class='ocr_carea' id='block_1_3' title="bbox 1756 157 1809 191">
    <p class='ocr_par' dir='ltr' id='par_1_3' title="bbox 1756 157 1809 191">
     <span class='ocr_line' id='line_1_3' title="bbox 1756 157 1809 191; baseline 0.038 -2"><span class='ocrx_word' id='word_1_7' title='bbox 1756 157 1809 191; x_wconf 77' lang='lat'><strong>578</strong></span> 
     </span>
    </p>
   </div>
   <div class='ocr_carea' id='block_1_4' title="bbox 173 202 969 247">
    <p class='ocr_par' dir='ltr' id='par_1_4' title="bbox 173 202 968 241">
     <span class='ocr_line' id='line_1_4' title="bbox 173 202 968 241; baseline 0.001 -10"><span class='ocrx_word' id='word_1_8' title='bbox 173 211 268 240; x_wconf 80' lang='grc' dir='ltr'>νοιμεν</span> <span class='ocrx_word' id='word_1_9' title='bbox 280 211 287 219; x_wconf 89' lang='grc'><strong>·</strong></span> <span class='ocrx_word' id='word_1_10' title='bbox 303 203 383 230; x_wconf 63' lang='grc' dir='ltr'>εἶκαὶ</span> <span class='ocrx_word' id='word_1_11' title='bbox 400 202 437 238; x_wconf 80' lang='grc' dir='ltr'>μὴ</span> <span class='ocrx_word' id='word_1_12' title='bbox 454 203 482 230; x_wconf 75' lang='grc' dir='ltr'>ἐν</span> <span class='ocrx_word' id='word_1_13' title='bbox 496 202 604 236; x_wconf 47' lang='lat' dir='ltr'><strong>Eata-Ay,</strong></span> <span class='ocrx_word' id='word_1_14' title='bbox 617 203 675 230; x_wconf 80' lang='grc' dir='ltr'>ἀλλ’</span> <span class='ocrx_word' id='word_1_15' title='bbox 685 205 714 231; x_wconf 78' lang='grc' dir='ltr'>ὲν</span> <span class='ocrx_word' id='word_1_16' title='bbox 729 205 872 240; x_wconf 77' lang='grc' dir='ltr'>ἑξήκοντα,</span> <span class='ocrx_word' id='word_1_17' title='bbox 885 206 968 241; x_wconf 73' lang='grc' dir='ltr'>ἤγουν</span> 
     </span>
    </p>
   </div>
   <div class='ocr_carea' id='block_1_5' title="bbox 1021 202 1811 247">
    <p class='ocr_par' dir='ltr' id='par_1_5' title="bbox 1021 208 1811 247">
     <span class='ocr_line' id='line_1_5' title="bbox 1021 208 1811 247; baseline 0.009 -12"><span class='ocrx_word' id='word_1_18' title='bbox 1021 208 1106 242; x_wconf 85' lang='lat' dir='ltr'><strong>plum,</strong></span> <span class='ocrx_word' id='word_1_19' title='bbox 1122 213 1151 236; x_wconf 91' lang='lat' dir='ltr'><strong>at</strong></span> <span class='ocrx_word' id='word_1_20' title='bbox 1165 209 1261 237; x_wconf 88' lang='lat' dir='ltr'><strong>saltem</strong></span> <span class='ocrx_word' id='word_1_21' title='bbox 1286 210 1489 247; x_wconf 78' lang='lat' dir='ltr'><strong>sexagesimum</strong></span> <span class='ocrx_word' id='word_1_22' title='bbox 1520 211 1724 240; x_wconf 80' lang='lat' dir='ltr'><strong>tricesimumve</strong></span> <span class='ocrx_word' id='word_1_23' title='bbox 1751 217 1811 242; x_wconf 76' lang='lat' dir='ltr'><strong>red-</strong></span> 
     </span>
    </p>
   </div>
   <div class='ocr_carea' id='block_1_6' title="bbox 173 248 967 286">
    <p class='ocr_par' dir='ltr' id='par_1_6' title="bbox 173 248 967 286">
     <span class='ocr_line' id='line_1_6' title="bbox 173 248 967 286; baseline 0.001 -10"><span class='ocrx_word' id='word_1_24' title='bbox 173 251 203 277; x_wconf 78' lang='grc' dir='ltr'>ὲν</span> <span class='ocrx_word' id='word_1_25' title='bbox 231 250 391 285; x_wconf 71' lang='grc' dir='ltr'>τριάκοντα,</span> <span class='ocrx_word' id='word_1_26' title='bbox 421 250 467 275; x_wconf 60' lang='grc' dir='ltr'>τιν</span> <span class='ocrx_word' id='word_1_27' title='bbox 491 248 598 284; x_wconf 78' lang='grc' dir='ltr'>καρπὸν</span> <span class='ocrx_word' id='word_1_28' title='bbox 623 249 795 282; x_wconf 72' lang='grc' dir='ltr'><strong>ἀποδιδόντες</strong></span> <span class='ocrx_word' id='word_1_29' title='bbox 820 250 874 277; x_wconf 85' lang='grc' dir='ltr'>τῶν</span> <span class='ocrx_word' id='word_1_30' title='bbox 900 251 967 286; x_wconf 83' lang='grc' dir='ltr'>ἀρε-</span> 
     </span>
    </p>
   </div>
   <div class='ocr_carea' id='block_1_7' title="bbox 172 304 238 323">
    <p class='ocr_par' dir='ltr' id='par_1_7' title="bbox 172 304 238 323">
     <span class='ocr_line' id='line_1_7' title="bbox 172 304 238 323; baseline -0.015 0"><span class='ocrx_word' id='word_1_31' title='bbox 172 304 238 323; x_wconf 78' lang='grc' dir='ltr'>των.</span> 
     </span>
    </p>
   </div>
   <div class='ocr_carea' id='block_1_8' title="bbox 211 341 968 376">
    <p class='ocr_par' dir='ltr' id='par_1_8' title="bbox 211 341 968 376">
     <span class='ocr_line' id='line_1_8' title="bbox 211 341 968 376; baseline 0.003 -9"><span class='ocrx_word' id='word_1_32' title='bbox 211 341 282 375; x_wconf 72' lang='grc' dir='ltr'>Κεφ.</span> <span class='ocrx_word' id='word_1_33' title='bbox 307 341 361 373; x_wconf 81' lang='lat' dir='ltr'><strong><em>III’,</em></strong></span> <span class='ocrx_word' id='word_1_34' title='bbox 381 341 452 376; x_wconf 83' lang='grc' dir='ltr'>στίχ.</span> <span class='ocrx_word' id='word_1_35' title='bbox 479 342 530 370; x_wconf 72' lang='grc' dir='ltr'><strong>κδ’.</strong></span> <span class='ocrx_word' id='word_1_36' title='bbox 549 341 633 370; x_wconf 81' lang='grc' dir='ltr'>Ἰδὼν</span> <span class='ocrx_word' id='word_1_37' title='bbox 645 341 680 368; x_wconf 77' lang='grc' dir='ltr'>δὲ</span> <span class='ocrx_word' id='word_1_38' title='bbox 697 341 792 368; x_wconf 83' lang='grc' dir='ltr'>αὐτὸν</span> <span class='ocrx_word' id='word_1_39' title='bbox 810 342 827 368; x_wconf 82' lang='grc' dir='ltr'><em>ὀ</em></span> <span class='ocrx_word' id='word_1_40' title='bbox 847 341 968 375; x_wconf 82' lang='grc' dir='ltr'>Ἰησοῦς</span> 
     </span>
    </p>
   </div>
   <div class='ocr_carea' id='block_1_9' title="bbox 173 385 652 421">
    <p class='ocr_par' dir='ltr' id='par_1_9' title="bbox 173 385 652 421">
     <span class='ocr_line' id='line_1_9' title="bbox 173 385 652 421; baseline 0.004 -9"><span class='ocrx_word' id='word_1_41' title='bbox 173 385 340 420; x_wconf 69' lang='grc' dir='ltr'>περίλυπον</span> <span class='ocrx_word' id='word_1_42' title='bbox 353 387 525 421; x_wconf 76' lang='grc' dir='ltr'>γενόμενον.</span> <span class='ocrx_word' id='word_1_43' title='bbox 541 396 570 415; x_wconf 82' lang='grc' dir='ltr'><strong>κ.</strong></span> <span class='ocrx_word' id='word_1_44' title='bbox 585 395 612 415; x_wconf 85' lang='grc' dir='ltr'><strong>τ.</strong></span> <span class='ocrx_word' id='word_1_45' title='bbox 627 387 652 414; x_wconf 89' lang='grc' dir='ltr'><strong>λ.</strong></span> 
     </span>
    </p>
   </div>
   <div class='ocr_carea' id='block_1_10' title="bbox 210 431 971 469">
    <p class='ocr_par' dir='ltr' id='par_1_10' title="bbox 210 431 971 469">
     <span class='ocr_line' id='line_1_10' title="bbox 210 431 971 469; baseline 0.003 -11"><span class='ocrx_word' id='word_1_46' title='bbox 210 431 340 464; x_wconf 73' lang='grc' dir='ltr'>Νικήτου</span> <span class='ocrx_word' id='word_1_47' title='bbox 354 431 407 458; x_wconf 75' lang='grc' dir='ltr'>τοῦ</span> <span class='ocrx_word' id='word_1_48' title='bbox 420 433 630 467; x_wconf 60' lang='grc' dir='ltr'>Παφλαγόνος.</span> <span class='ocrx_word' id='word_1_49' title='bbox 646 433 789 469; x_wconf 80' lang='grc' dir='ltr'>Καρδιακῇ</span> <span class='ocrx_word' id='word_1_50' title='bbox 811 433 865 469; x_wconf 85' lang='grc' dir='ltr'><strong>γὰρ</strong></span> <span class='ocrx_word' id='word_1_51' title='bbox 880 433 971 461; x_wconf 76' lang='grc' dir='ltr'>διαθι-</span> 
     </span>
    </p>
   </div>
   <div class='ocr_carea' id='block_1_11' title="bbox 174 477 969 515">
    <p class='ocr_par' dir='ltr' id='par_1_11' title="bbox 174 477 969 515">
     <span class='ocr_line' id='line_1_11' title="bbox 174 477 969 515; baseline 0.004 -12"><span class='ocrx_word' id='word_1_52' title='bbox 174 485 216 504; x_wconf 87' lang='grc' dir='ltr'><strong>σει</strong></span> <span class='ocrx_word' id='word_1_53' title='bbox 227 477 266 512; x_wconf 84' lang='grc' dir='ltr'>τῷ</span> <span class='ocrx_word' id='word_1_54' title='bbox 281 477 405 513; x_wconf 79' lang='grc' dir='ltr'>ἀργυρίῳ</span> <span class='ocrx_word' id='word_1_55' title='bbox 417 479 715 515; x_wconf 75' lang='grc' dir='ltr'>προσπεπερονημένης</span> <span class='ocrx_word' id='word_1_56' title='bbox 723 479 797 514; x_wconf 84' lang='grc' dir='ltr'>αὑτῴ</span> <span class='ocrx_word' id='word_1_57' title='bbox 808 479 858 514; x_wconf 83' lang='grc' dir='ltr'>τῆς</span> <span class='ocrx_word' id='word_1_58' title='bbox 869 481 969 515; x_wconf 81' lang='grc' dir='ltr'>ψυχῆς,</span> 
     </span>
    </p>
   </div>
   <div class='ocr_carea' id='block_1_12' title="bbox 173 522 964 560">
    <p class='ocr_par' dir='ltr' id='par_1_12' title="bbox 173 522 964 560">
     <span class='ocr_line' id='line_1_12' title="bbox 173 522 964 560; baseline 0.006 -12"><span class='ocrx_word' id='word_1_59' title='bbox 173 522 220 549; x_wconf 79' lang='grc' dir='ltr'><strong>καί</strong></span> <span class='ocrx_word' id='word_1_60' title='bbox 233 530 294 549; x_wconf 81' lang='grc' dir='ltr'>τινα</span> <span class='ocrx_word' id='word_1_61' title='bbox 307 523 408 558; x_wconf 56' lang='grc' dir='ltr'>τρόπον</span> <span class='ocrx_word' id='word_1_62' title='bbox 422 524 708 560; x_wconf 71' lang='grc' dir='ltr'>προσκεκολλημινης,</span> <span class='ocrx_word' id='word_1_63' title='bbox 721 525 767 552; x_wconf 78' lang='grc' dir='ltr'><strong>καὶ</strong></span> <span class='ocrx_word' id='word_1_64' title='bbox 774 524 804 551; x_wconf 75' lang='grc' dir='ltr'>ἓν</span> <span class='ocrx_word' id='word_1_65' title='bbox 814 526 964 560; x_wconf 79' lang='grc' dir='ltr'><strong>γενομένης</strong></span> 
     </span>
    </p>
   </div>
   <div class='ocr_carea' id='block_1_13' title="bbox 173 568 970 605">
    <p class='ocr_par' dir='ltr' id='par_1_13' title="bbox 173 568 970 605">
     <span class='ocr_line' id='line_1_13' title="bbox 173 568 970 605; baseline 0.004 -11"><span class='ocrx_word' id='word_1_66' title='bbox 173 568 220 594; x_wconf 75' lang='grc' dir='ltr'><strong>ἐπὶ</strong></span> <span class='ocrx_word' id='word_1_67' title='bbox 239 568 325 604; x_wconf 82' lang='grc' dir='ltr'>αὐτῷ.</span> <span class='ocrx_word' id='word_1_68' title='bbox 339 569 390 595; x_wconf 79' lang='grc' dir='ltr'><strong>οὐκ</strong></span> <span class='ocrx_word' id='word_1_69' title='bbox 400 569 528 597; x_wconf 77' lang='grc' dir='ltr'>ἐϐούλετο</span> <span class='ocrx_word' id='word_1_70' title='bbox 541 569 662 605; x_wconf 75' lang='grc' dir='ltr'><strong>εὐχερῶς</strong></span> <span class='ocrx_word' id='word_1_71' title='bbox 674 570 721 597; x_wconf 76' lang='grc' dir='ltr'>τοῦ</span> <span class='ocrx_word' id='word_1_72' title='bbox 735 570 896 605; x_wconf 80' lang='grc' dir='ltr'>φιλουμένου</span> <span class='ocrx_word' id='word_1_73' title='bbox 911 570 970 598; x_wconf 83' lang='grc' dir='ltr'>δια-</span> 
     </span>
    </p>
   </div>
   <div class='ocr_carea' id='block_1_14' title="bbox 173 613 969 651">
    <p class='ocr_par' dir='ltr' id='par_1_14' title="bbox 173 613 969 651">
     <span class='ocr_line' id='line_1_14' title="bbox 173 613 969 651; baseline 0.005 -13"><span class='ocrx_word' id='word_1_74' title='bbox 173 613 305 641; x_wconf 74' lang='grc' dir='ltr'>σπᾶσθαι,</span> <span class='ocrx_word' id='word_1_75' title='bbox 319 614 343 639; x_wconf 84' lang='lat' dir='ltr'><strong>sl</strong></span> <span class='ocrx_word' id='word_1_76' title='bbox 358 614 396 648; x_wconf 80' lang='grc' dir='ltr'>μὴ</span> <span class='ocrx_word' id='word_1_77' title='bbox 410 614 480 648; x_wconf 80' lang='grc' dir='ltr'>μετὰ</span> <span class='ocrx_word' id='word_1_78' title='bbox 495 614 620 649; x_wconf 81' lang='grc' dir='ltr'>μείζονος</span> <span class='ocrx_word' id='word_1_79' title='bbox 636 614 735 642; x_wconf 81' lang='grc' dir='ltr'>πόνου·</span> <span class='ocrx_word' id='word_1_80' title='bbox 750 614 846 651; x_wconf 78' lang='grc' dir='ltr'>ὥσπερ</span> <span class='ocrx_word' id='word_1_81' title='bbox 857 616 904 642; x_wconf 77' lang='grc' dir='ltr'>καὶ</span> <span class='ocrx_word' id='word_1_82' title='bbox 917 624 969 650; x_wconf 89' lang='grc' dir='ltr'>με-</span> 
     </span>
    </p>
   </div>
   <div class='ocr_carea' id='block_1_15' title="bbox 172 656 968 696">
    <p class='ocr_par' dir='ltr' id='par_1_15' title="bbox 172 656 968 696">
     <span class='ocr_line' id='line_1_15' title="bbox 172 656 968 696; baseline 0.005 -13"><span class='ocrx_word' id='word_1_83' title='bbox 172 656 227 683; x_wconf 84' lang='grc' dir='ltr'>λῶν</span> <span class='ocrx_word' id='word_1_84' title='bbox 247 658 373 693; x_wconf 84' lang='grc' dir='ltr'>σώματος</span> <span class='ocrx_word' id='word_1_85' title='bbox 391 659 485 694; x_wconf 78' lang='grc' dir='ltr'>βιαιως</span> <span class='ocrx_word' id='word_1_86' title='bbox 498 660 641 695; x_wconf 81' lang='grc' dir='ltr'>ἀφαίρεσις</span> <span class='ocrx_word' id='word_1_87' title='bbox 654 660 760 695; x_wconf 78' lang='grc' dir='ltr'>γίνεται</span> <span class='ocrx_word' id='word_1_88' title='bbox 773 660 968 696; x_wconf 77' lang='grc' dir='ltr'><strong>διαιρουμένης</strong></span> 
     </span>
    </p>
   </div>
   <div class='ocr_carea' id='block_1_16' title="bbox 177 704 328 738">
    <p class='ocr_par' dir='ltr' id='par_1_16' title="bbox 177 704 328 738">
     <span class='ocr_line' id='line_1_16' title="bbox 177 704 328 738; baseline 0.007 -9"><span class='ocrx_word' id='word_1_89' title='bbox 177 704 328 738; x_wconf 78' lang='grc' dir='ltr'>συμφυΐας.</span> 
     </span>
    </p>
   </div>
   <div class='ocr_carea' id='block_1_17' title="bbox 1018 255 1120 282">
    <p class='ocr_par' dir='ltr' id='par_1_17' title="bbox 1018 255 1120 282">
     <span class='ocr_line' id='line_1_17' title="bbox 1018 255 1120 282; baseline 0 0"><span class='ocrx_word' id='word_1_90' title='bbox 1018 255 1120 282; x_wconf 79' lang='lat' dir='ltr'><strong>dendo.</strong></span> 
     </span>
    </p>
   </div>
   <div class='ocr_carea' id='block_1_18' title="bbox 1054 344 1811 379">
    <p class='ocr_par' dir='ltr' id='par_1_18' title="bbox 1054 344 1811 379">
     <span class='ocr_line' id='line_1_18' title="bbox 1054 344 1811 379; baseline 0.008 -8"><span class='ocrx_word' id='word_1_91' title='bbox 1054 344 1122 379; x_wconf 82' lang='lat' dir='ltr'><strong>Cap.</strong></span> <span class='ocrx_word' id='word_1_92' title='bbox 1141 344 1234 378; x_wconf 64' lang='lat' dir='ltr'><strong><em>XVIII,</em></strong></span> <span class='ocrx_word' id='word_1_93' title='bbox 1249 353 1322 373; x_wconf 82' lang='lat' dir='ltr'><strong>vers.</strong></span> <span class='ocrx_word' id='word_1_94' title='bbox 1336 345 1383 374; x_wconf 63' lang='lat'><strong>26.</strong></span> <span class='ocrx_word' id='word_1_95' title='bbox 1411 346 1508 374; x_wconf 71' lang='lat' dir='ltr'><strong>Viden:</strong></span> <span class='ocrx_word' id='word_1_96' title='bbox 1529 352 1620 375; x_wconf 76' lang='lat' dir='ltr'><strong>autem</strong></span> <span class='ocrx_word' id='word_1_97' title='bbox 1638 347 1717 376; x_wconf 73' lang='lat' dir='ltr'><strong>Jews</strong></span> <span class='ocrx_word' id='word_1_98' title='bbox 1735 349 1811 377; x_wconf 81' lang='lat' dir='ltr'><strong>illum</strong></span> 
     </span>
    </p>
   </div>
   <div class='ocr_carea' id='block_1_19' title="bbox 1020 390 1317 425">
    <p class='ocr_par' dir='ltr' id='par_1_19' title="bbox 1020 390 1317 425">
     <span class='ocr_line' id='line_1_19' title="bbox 1020 390 1317 425; baseline 0.007 -8"><span class='ocrx_word' id='word_1_99' title='bbox 1020 390 1122 418; x_wconf 74' lang='lat' dir='ltr'><strong>tristem</strong></span> <span class='ocrx_word' id='word_1_100' title='bbox 1141 391 1253 425; x_wconf 77' lang='lat' dir='ltr'><strong>factum,</strong></span> <span class='ocrx_word' id='word_1_101' title='bbox 1264 396 1317 419; x_wconf 87' lang='lat' dir='ltr'><strong>etc.</strong></span> 
     </span>
    </p>
   </div>
   <div class='ocr_carea' id='block_1_20' title="bbox 1058 435 1812 473">
    <p class='ocr_par' dir='ltr' id='par_1_20' title="bbox 1058 435 1812 473">
     <span class='ocr_line' id='line_1_20' title="bbox 1058 435 1812 473; baseline 0.007 -10"><span class='ocrx_word' id='word_1_102' title='bbox 1058 435 1161 464; x_wconf 66' lang='lat' dir='ltr'><strong>Macta</strong></span> <span class='ocrx_word' id='word_1_103' title='bbox 1170 436 1359 472; x_wconf 69' lang='lat' dir='ltr'><strong>Paphlagonis.</strong></span> <span class='ocrx_word' id='word_1_104' title='bbox 1371 438 1469 465; x_wconf 81' lang='lat' dir='ltr'><strong>Anima</strong></span> <span class='ocrx_word' id='word_1_105' title='bbox 1481 446 1542 473; x_wconf 61' lang='lat' dir='ltr'><strong>qua</strong></span> <span class='ocrx_word' id='word_1_106' title='bbox 1560 438 1642 466; x_wconf 80' lang='lat' dir='ltr'><strong>simul</strong></span> <span class='ocrx_word' id='word_1_107' title='bbox 1656 447 1718 467; x_wconf 90' lang='lat' dir='ltr'><strong>cum</strong></span> <span class='ocrx_word' id='word_1_108' title='bbox 1729 440 1812 468; x_wconf 87' lang='lat' dir='ltr'><strong>corde</strong></span> 
     </span>
    </p>
   </div>
   <div class='ocr_carea' id='block_1_21' title="bbox 1020 483 1812 520">
    <p class='ocr_par' dir='ltr' id='par_1_21' title="bbox 1020 483 1812 520">
     <span class='ocr_line' id='line_1_21' title="bbox 1020 483 1812 520; baseline 0.004 -10"><span class='ocrx_word' id='word_1_109' title='bbox 1020 489 1117 510; x_wconf 84' lang='lat' dir='ltr'><strong>aurum</strong></span> <span class='ocrx_word' id='word_1_110' title='bbox 1130 483 1189 510; x_wconf 85' lang='lat' dir='ltr'><strong>sitit</strong></span> <span class='ocrx_word' id='word_1_111' title='bbox 1199 483 1280 518; x_wconf 86' lang='lat' dir='ltr'><strong>eique</strong></span> <span class='ocrx_word' id='word_1_112' title='bbox 1297 484 1374 511; x_wconf 88' lang='lat' dir='ltr'><strong>unite</strong></span> <span class='ocrx_word' id='word_1_113' title='bbox 1391 484 1481 512; x_wconf 84' lang='lat' dir='ltr'><strong>dedita</strong></span> <span class='ocrx_word' id='word_1_114' title='bbox 1495 490 1547 516; x_wconf 75' lang='lat' dir='ltr'><strong>est.</strong></span> <span class='ocrx_word' id='word_1_115' title='bbox 1567 493 1621 513; x_wconf 91' lang='lat' dir='ltr'><strong>non</strong></span> <span class='ocrx_word' id='word_1_116' title='bbox 1638 485 1698 513; x_wconf 89' lang='lat' dir='ltr'><strong>sine</strong></span> <span class='ocrx_word' id='word_1_117' title='bbox 1712 494 1812 520; x_wconf 79' lang='lat' dir='ltr'><strong>magno</strong></span> 
     </span>
    </p>
   </div>
   <div class='ocr_carea' id='block_1_22' title="bbox 1021 528 1811 565">
    <p class='ocr_par' dir='ltr' id='par_1_22' title="bbox 1021 528 1811 565">
     <span class='ocr_line' id='line_1_22' title="bbox 1021 528 1811 565; baseline 0.004 -10"><span class='ocrx_word' id='word_1_118' title='bbox 1021 528 1114 556; x_wconf 84' lang='lat' dir='ltr'><strong>labore</strong></span> <span class='ocrx_word' id='word_1_119' title='bbox 1126 528 1189 556; x_wconf 83' lang='lat' dir='ltr'><strong>inde</strong></span> <span class='ocrx_word' id='word_1_120' title='bbox 1205 529 1356 557; x_wconf 89' lang='lat' dir='ltr'><strong>divellitur.</strong></span> <span class='ocrx_word' id='word_1_121' title='bbox 1380 529 1426 557; x_wconf 86' lang='lat' dir='ltr'><strong>Sic</strong></span> <span class='ocrx_word' id='word_1_122' title='bbox 1449 530 1532 557; x_wconf 87' lang='lat' dir='ltr'><strong>etiam</strong></span> <span class='ocrx_word' id='word_1_123' title='bbox 1551 531 1676 565; x_wconf 88' lang='lat' dir='ltr'><strong>corporis</strong></span> <span class='ocrx_word' id='word_1_124' title='bbox 1689 531 1811 558; x_wconf 86' lang='lat' dir='ltr'><strong>membra</strong></span> 
     </span>
    </p>
   </div>
   <div class='ocr_carea' id='block_1_23' title="bbox 1021 574 1813 611">
    <p class='ocr_par' dir='ltr' id='par_1_23' title="bbox 1021 574 1813 611">
     <span class='ocr_line' id='line_1_23' title="bbox 1021 574 1813 611; baseline 0.005 -10"><span class='ocrx_word' id='word_1_125' title='bbox 1021 574 1093 602; x_wconf 83' lang='lat' dir='ltr'><strong>haud</strong></span> <span class='ocrx_word' id='word_1_126' title='bbox 1110 580 1297 610; x_wconf 84' lang='lat' dir='ltr'><strong>amputantur.</strong></span> <span class='ocrx_word' id='word_1_127' title='bbox 1313 576 1378 611; x_wconf 91' lang='lat' dir='ltr'><strong>quin</strong></span> <span class='ocrx_word' id='word_1_128' title='bbox 1399 581 1456 604; x_wconf 80' lang='lat' dir='ltr'><strong>tota</strong></span> <span class='ocrx_word' id='word_1_129' title='bbox 1473 577 1632 605; x_wconf 75' lang='lat' dir='ltr'><strong>earumdem</strong></span> <span class='ocrx_word' id='word_1_130' title='bbox 1647 578 1813 606; x_wconf 86' lang='lat' dir='ltr'><strong>coa-Junatio</strong></span> 
     </span>
    </p>
   </div>
   <div class='ocr_carea' id='block_1_24' title="bbox 1020 620 1272 656">
    <p class='ocr_par' dir='ltr' id='par_1_24' title="bbox 1020 620 1272 656">
     <span class='ocr_line' id='line_1_24' title="bbox 1020 620 1272 656; baseline 0.004 -8"><span class='ocrx_word' id='word_1_131' title='bbox 1020 620 1128 656; x_wconf 87' lang='lat' dir='ltr'><strong>penitus</strong></span> <span class='ocrx_word' id='word_1_132' title='bbox 1139 621 1272 650; x_wconf 73' lang='lat' dir='ltr'><strong>solvatur.</strong></span> 
     </span>
    </p>
   </div>
   <div class='ocr_carea' id='block_1_25' title="bbox 186 807 1809 834">
    <p class='ocr_par' dir='ltr' id='par_1_25' title="bbox 186 807 1809 834">
     <span class='ocr_line' id='line_1_25' title="bbox 186 807 1809 834; baseline 0.018 -29"><span class='ocrx_word' id='word_1_133' title='bbox 186 807 1809 834; x_wconf 54' lang='lat' dir='ltr'>W</span> 
     </span>
    </p>
   </div>
   <div class='ocr_carea' id='block_1_26' title="bbox 491 903 1480 948">
    <p class='ocr_par' dir='ltr' id='par_1_26' title="bbox 491 903 1480 948">
     <span class='ocr_line' id='line_1_26' title="bbox 491 903 1480 948; baseline 0.002 -2"><span class='ocrx_word' id='word_1_134' title='bbox 491 903 608 947; x_wconf 90' lang='grc' dir='ltr'><strong>ΤΟΥ</strong></span> <span class='ocrx_word' id='word_1_135' title='bbox 652 903 981 947; x_wconf 86' lang='grc' dir='ltr'><strong>ΦΙΛΟΣΟΦΟΥ</strong></span> <span class='ocrx_word' id='word_1_136' title='bbox 1035 904 1225 948; x_wconf 83' lang='grc' dir='ltr'><strong>ΚΥΡΟΥ</strong></span> <span class='ocrx_word' id='word_1_137' title='bbox 1264 906 1480 948; x_wconf 85' lang='grc' dir='ltr'><strong>ΝΙΚΗΤΑ</strong></span> 
     </span>
    </p>
   </div>
   <div class='ocr_carea' id='block_1_27' title="bbox 812 994 1184 1020">
    <p class='ocr_par' dir='ltr' id='par_1_27' title="bbox 812 994 1184 1020">
     <span class='ocr_line' id='line_1_27' title="bbox 812 994 1184 1020; baseline 0.005 -2"><span class='ocrx_word' id='word_1_138' title='bbox 812 994 997 1019; x_wconf 80' lang='grc' dir='ltr'><strong>ΕΠΙΣΚΟΠΟΥ</strong></span> <span class='ocrx_word' id='word_1_139' title='bbox 1019 994 1184 1020; x_wconf 74' lang='grc' dir='ltr'><strong>ΔΔΔΥΒΡΩΝ</strong></span> 
     </span>
    </p>
   </div>
   <div class='ocr_carea' id='block_1_28' title="bbox 429 1069 1564 1101">
    <p class='ocr_par' dir='ltr' id='par_1_28' title="bbox 429 1069 1564 1101">
     <span class='ocr_line' id='line_1_28' title="bbox 429 1069 1564 1101; baseline 0.003 -4"><span class='ocrx_word' id='word_1_140' title='bbox 429 1069 600 1098; x_wconf 76' lang='grc' dir='ltr'><strong>ΕΞΗΓΗΣΙΣ</strong></span> <span class='ocrx_word' id='word_1_141' title='bbox 615 1070 683 1097; x_wconf 81' lang='grc' dir='ltr'><strong>ΤΩΝ</strong></span> <span class='ocrx_word' id='word_1_142' title='bbox 697 1069 789 1097; x_wconf 80' lang='grc' dir='ltr'><strong>ΕΠΩΝ</strong></span> <span class='ocrx_word' id='word_1_143' title='bbox 806 1069 875 1098; x_wconf 84' lang='grc' dir='ltr'><strong>ΤΟΥ</strong></span> <span class='ocrx_word' id='word_1_144' title='bbox 899 1070 1064 1098; x_wconf 83' lang='grc' dir='ltr'><strong>ΜΕΓΑΛΟΥ</strong></span> <span class='ocrx_word' id='word_1_145' title='bbox 1078 1071 1097 1098; x_wconf 88' lang='grc' dir='ltr'><strong><em>Γ</em></strong></span> <span class='ocrx_word' id='word_1_146' title='bbox 1099 1071 1270 1099; x_wconf 77' lang='grc' dir='ltr'><strong>ΡΗΓΟΡΙΟΥ</strong></span> <span class='ocrx_word' id='word_1_147' title='bbox 1292 1072 1361 1099; x_wconf 86' lang='grc' dir='ltr'><strong>ΤΟΥ</strong></span> <span class='ocrx_word' id='word_1_148' title='bbox 1375 1072 1564 1101; x_wconf 78' lang='grc' dir='ltr'><strong>ΘΕΟΛΟΓΟΥ.</strong></span> 
     </span>
    </p>
   </div>
   <div class='ocr_carea' id='block_1_29' title="bbox 552 1241 1440 1292">
    <p class='ocr_par' dir='ltr' id='par_1_29' title="bbox 552 1241 1440 1292">
     <span class='ocr_line' id='line_1_29' title="bbox 552 1241 1440 1292; baseline 0.003 -5"><span class='ocrx_word' id='word_1_149' title='bbox 552 1241 776 1288; x_wconf 86' lang='lat' dir='ltr'><strong>DOMINI</strong></span> <span class='ocrx_word' id='word_1_150' title='bbox 803 1245 1042 1290; x_wconf 61' lang='lat' dir='ltr'><strong>NICETJE</strong></span> <span class='ocrx_word' id='word_1_151' title='bbox 1068 1244 1440 1292; x_wconf 83' lang='lat' dir='ltr'><strong>PHILOSOPHI</strong></span> 
     </span>
    </p>
   </div>
   <div class='ocr_carea' id='block_1_30' title="bbox 779 1339 1208 1368">
    <p class='ocr_par' dir='ltr' id='par_1_30' title="bbox 779 1339 1208 1368">
     <span class='ocr_line' id='line_1_30' title="bbox 779 1339 1208 1368; baseline 0.005 -2"><span class='ocrx_word' id='word_1_152' title='bbox 779 1339 934 1367; x_wconf 83' lang='lat' dir='ltr'><strong>EPISCOPI</strong></span> <span class='ocrx_word' id='word_1_153' title='bbox 973 1339 1063 1368; x_wconf 79' lang='lat' dir='ltr'><strong>DADY</strong></span> <span class='ocrx_word' id='word_1_154' title='bbox 1068 1339 1208 1368; x_wconf 67' lang='grc' dir='ltr'>Βιιοτιυιι</span> 
     </span>
    </p>
   </div>
   <div class='ocr_carea' id='block_1_31' title="bbox 364 1417 1621 1452">
    <p class='ocr_par' dir='ltr' id='par_1_31' title="bbox 364 1417 1621 1452">
     <span class='ocr_line' id='line_1_31' title="bbox 364 1417 1621 1452; baseline 0.004 -5"><span class='ocrx_word' id='word_1_155' title='bbox 364 1417 549 1448; x_wconf 82' lang='lat' dir='ltr'><strong>EXEGESIS</strong></span> <span class='ocrx_word' id='word_1_156' title='bbox 577 1417 781 1450; x_wconf 76' lang='lat' dir='ltr'><strong>CARMINUM</strong></span> <span class='ocrx_word' id='word_1_157' title='bbox 797 1419 1035 1450; x_wconf 82' lang='lat' dir='ltr'><strong>ARCANORUM</strong></span> <span class='ocrx_word' id='word_1_158' title='bbox 1055 1419 1178 1450; x_wconf 72' lang='lat' dir='ltr'><strong>MAGNl</strong></span> <span class='ocrx_word' id='word_1_159' title='bbox 1207 1419 1394 1450; x_wconf 81' lang='lat' dir='ltr'><strong>GREGORII</strong></span> <span class='ocrx_word' id='word_1_160' title='bbox 1416 1419 1621 1452; x_wconf 80' lang='lat' dir='ltr'><strong>THEOLOGI.</strong></span> 
     </span>
    </p>
   </div>
   <div class='ocr_carea' id='block_1_32' title="bbox 465 1571 669 1599">
    <p class='ocr_par' dir='ltr' id='par_1_32' title="bbox 465 1571 669 1599">
     <span class='ocr_line' id='line_1_32' title="bbox 465 1571 669 1599; baseline 0 -1"><span class='ocrx_word' id='word_1_161' title='bbox 465 1571 669 1599; x_wconf 79' lang='grc' dir='ltr'><strong>ΠΡΟΟΙΜΙΟΝ.</strong></span> 
     </span>
    </p>
   </div>
   <div class='ocr_carea' id='block_1_33' title="bbox 213 1615 971 1652">
    <p class='ocr_par' dir='ltr' id='par_1_33' title="bbox 213 1615 971 1652">
     <span class='ocr_line' id='line_1_33' title="bbox 213 1615 971 1652; baseline 0.005 -9"><span class='ocrx_word' id='word_1_162' title='bbox 213 1616 245 1644; x_wconf 81' lang='grc' dir='ltr'><strong>οι</strong></span> <span class='ocrx_word' id='word_1_163' title='bbox 261 1616 311 1651; x_wconf 76' lang='grc' dir='ltr'><strong>μὲν</strong></span> <span class='ocrx_word' id='word_1_164' title='bbox 328 1615 394 1651; x_wconf 83' lang='grc' dir='ltr'>παρ’</span> <span class='ocrx_word' id='word_1_165' title='bbox 404 1616 517 1651; x_wconf 81' lang='grc' dir='ltr'>Ἕλλησι</span> <span class='ocrx_word' id='word_1_166' title='bbox 533 1615 748 1651; x_wconf 78' lang='grc' dir='ltr'>φιλοσοφώτατοι</span> <span class='ocrx_word' id='word_1_167' title='bbox 764 1615 834 1644; x_wconf 71' lang='grc' dir='ltr'>εἶναι</span> <span class='ocrx_word' id='word_1_168' title='bbox 845 1618 971 1652; x_wconf 79' lang='grc' dir='ltr'>δόξαντες</span> 
     </span>
    </p>
   </div>
   <div class='ocr_carea' id='block_1_34' title="bbox 176 1662 971 1700">
    <p class='ocr_par' dir='ltr' id='par_1_34' title="bbox 176 1662 971 1700">
     <span class='ocr_line' id='line_1_34' title="bbox 176 1662 971 1700; baseline 0.003 -10"><span class='ocrx_word' id='word_1_169' title='bbox 176 1663 225 1690; x_wconf 74' lang='grc' dir='ltr'><strong>καὶ</strong></span> <span class='ocrx_word' id='word_1_170' title='bbox 240 1662 412 1697; x_wconf 78' lang='grc' dir='ltr'>λογιώτατοι,</span> <span class='ocrx_word' id='word_1_171' title='bbox 432 1662 514 1697; x_wconf 81' lang='grc' dir='ltr'>ἡνίκα</span> <span class='ocrx_word' id='word_1_172' title='bbox 541 1663 574 1689; x_wconf 82' lang='grc' dir='ltr'>ἂν</span> <span class='ocrx_word' id='word_1_173' title='bbox 593 1664 654 1694; x_wconf 80' lang='grc' dir='ltr'>ταῖς</span> <span class='ocrx_word' id='word_1_174' title='bbox 669 1662 740 1698; x_wconf 79' lang='grc' dir='ltr'>ὑπὲρ</span> <span class='ocrx_word' id='word_1_175' title='bbox 756 1664 787 1690; x_wconf 78' lang='grc' dir='ltr'>τὸ</span> <span class='ocrx_word' id='word_1_176' title='bbox 802 1663 971 1700; x_wconf 82' lang='grc' dir='ltr'>βλεπόμενον</span> 
     </span>
    </p>
   </div>
   <div class='ocr_carea' id='block_1_35' title="bbox 177 1708 971 1745">
    <p class='ocr_par' dir='ltr' id='par_1_35' title="bbox 177 1708 971 1745">
     <span class='ocr_line' id='line_1_35' title="bbox 177 1708 971 1745; baseline 0.003 -9"><span class='ocrx_word' id='word_1_177' title='bbox 177 1710 225 1736; x_wconf 71' lang='grc' dir='ltr'><strong>καὶ</strong></span> <span class='ocrx_word' id='word_1_178' title='bbox 238 1709 287 1744; x_wconf 80' lang='grc' dir='ltr'>τὴν</span> <span class='ocrx_word' id='word_1_179' title='bbox 303 1709 430 1742; x_wconf 75' lang='grc' dir='ltr'>αἴσθησιν</span> <span class='ocrx_word' id='word_1_180' title='bbox 447 1708 575 1744; x_wconf 79' lang='grc' dir='ltr'>θεωρίαις</span> <span class='ocrx_word' id='word_1_181' title='bbox 591 1709 779 1742; x_wconf 72' lang='grc' dir='ltr'>ἐπιϐαίνοντες</span> <span class='ocrx_word' id='word_1_182' title='bbox 795 1711 971 1745; x_wconf 75' lang='grc' dir='ltr'>φυσιολογίας</span> 
     </span>
    </p>
   </div>
   <div class='ocr_carea' id='block_1_36' title="bbox 176 1757 970 1794">
    <p class='ocr_par' dir='ltr' id='par_1_36' title="bbox 176 1757 970 1794">
     <span class='ocr_line' id='line_1_36' title="bbox 176 1757 970 1794; baseline 0.001 -9"><span class='ocrx_word' id='word_1_183' title='bbox 176 1758 250 1790; x_wconf 80' lang='grc' dir='ltr'>τινὸς</span> <span class='ocrx_word' id='word_1_184' title='bbox 277 1759 294 1793; x_wconf 80' lang='grc' dir='ltr'>ἢ</span> <span class='ocrx_word' id='word_1_185' title='bbox 315 1757 453 1792; x_wconf 80' lang='grc' dir='ltr'>Θεολογίας</span> <span class='ocrx_word' id='word_1_186' title='bbox 473 1758 511 1790; x_wconf 82' lang='grc' dir='ltr'><strong>ὡς</strong></span> <span class='ocrx_word' id='word_1_187' title='bbox 541 1758 652 1794; x_wconf 86' lang='grc' dir='ltr'>αὐτῷ...</span> <span class='ocrx_word' id='word_1_188' title='bbox 672 1758 720 1785; x_wconf 84' lang='grc' dir='ltr'>νῦν</span> <span class='ocrx_word' id='word_1_189' title='bbox 737 1758 970 1793; x_wconf 70' lang='grc' dir='ltr'>ἐπελαμϐάνοντο,</span> 
     </span>
    </p>
   </div>
   <div class='ocr_carea' id='block_1_37' title="bbox 177 1801 972 1837">
    <p class='ocr_par' dir='ltr' id='par_1_37' title="bbox 177 1801 972 1837">
     <span class='ocr_line' id='line_1_37' title="bbox 177 1801 972 1837; baseline 0 -9"><span class='ocrx_word' id='word_1_190' title='bbox 177 1803 289 1834; x_wconf 81' lang='grc' dir='ltr'>πλείους</span> <span class='ocrx_word' id='word_1_191' title='bbox 303 1803 343 1829; x_wconf 83' lang='grc' dir='ltr'>ὃτι</span> <span class='ocrx_word' id='word_1_192' title='bbox 359 1802 476 1837; x_wconf 79' lang='grc' dir='ltr'>μάλιστα</span> <span class='ocrx_word' id='word_1_193' title='bbox 492 1801 599 1837; x_wconf 83' lang='grc' dir='ltr'>βίϐλους</span> <span class='ocrx_word' id='word_1_194' title='bbox 614 1801 802 1829; x_wconf 80' lang='grc' dir='ltr'>ὲπετείνοντο·</span> <span class='ocrx_word' id='word_1_195' title='bbox 816 1801 853 1833; x_wconf 83' lang='grc' dir='ltr'><strong>ὡς</strong></span> <span class='ocrx_word' id='word_1_196' title='bbox 869 1801 903 1829; x_wconf 74' lang='grc' dir='ltr'>ἂν</span> <span class='ocrx_word' id='word_1_197' title='bbox 921 1801 972 1828; x_wconf 83' lang='grc' dir='ltr'><strong>αὑ-</strong></span> 
     </span>
    </p>
   </div>
   <div class='ocr_carea' id='block_1_38' title="bbox 176 1846 972 1882">
    <p class='ocr_par' dir='ltr' id='par_1_38' title="bbox 176 1846 972 1882">
     <span class='ocr_line' id='line_1_38' title="bbox 176 1846 972 1882; baseline -0.003 -7"><span class='ocrx_word' id='word_1_198' title='bbox 176 1848 218 1875; x_wconf 72' lang='grc' dir='ltr'>τοὶ</span> <span class='ocrx_word' id='word_1_199' title='bbox 242 1848 291 1882; x_wconf 78' lang='grc' dir='ltr'>τῆς</span> <span class='ocrx_word' id='word_1_200' title='bbox 333 1847 394 1874; x_wconf 78' lang='grc' dir='ltr'>κατ’</span> <span class='ocrx_word' id='word_1_201' title='bbox 411 1848 510 1878; x_wconf 79' lang='grc' dir='ltr'>αὐτοὺς</span> <span class='ocrx_word' id='word_1_202' title='bbox 539 1847 725 1882; x_wconf 76' lang='grc' dir='ltr'>ἐντρυφῶντες</span> <span class='ocrx_word' id='word_1_203' title='bbox 757 1846 900 1878; x_wconf 82' lang='grc' dir='ltr'>πολυνοίας</span> <span class='ocrx_word' id='word_1_204' title='bbox 924 1847 972 1873; x_wconf 78' lang='grc' dir='ltr'><strong>καὶ</strong></span> 
     </span>
    </p>
   </div>
   <div class='ocr_carea' id='block_1_39' title="bbox 177 1891 971 1928">
    <p class='ocr_par' dir='ltr' id='par_1_39' title="bbox 177 1891 971 1928">
     <span class='ocr_line' id='line_1_39' title="bbox 177 1891 971 1928; baseline -0.001 -9"><span class='ocrx_word' id='word_1_205' title='bbox 177 1893 306 1928; x_wconf 76' lang='grc' dir='ltr'>θεωρίας.</span> <span class='ocrx_word' id='word_1_206' title='bbox 323 1893 370 1919; x_wconf 74' lang='grc' dir='ltr'>καὶ</span> <span class='ocrx_word' id='word_1_207' title='bbox 387 1893 444 1925; x_wconf 82' lang='grc' dir='ltr'>τοῖς</span> <span class='ocrx_word' id='word_1_208' title='bbox 459 1891 600 1926; x_wconf 75' lang='grc' dir='ltr'>ἐγγίζουσι</span> <span class='ocrx_word' id='word_1_209' title='bbox 617 1892 645 1918; x_wconf 85' lang='grc' dir='ltr'>δὲ</span> <span class='ocrx_word' id='word_1_210' title='bbox 661 1892 755 1924; x_wconf 83' lang='grc' dir='ltr'>αὐτοῖς</span> <span class='ocrx_word' id='word_1_211' title='bbox 777 1891 828 1926; x_wconf 84' lang='grc' dir='ltr'>τῆς</span> <span class='ocrx_word' id='word_1_212' title='bbox 848 1891 904 1918; x_wconf 75' lang='grc' dir='ltr'><strong>ἀπὸ</strong></span> <span class='ocrx_word' id='word_1_213' title='bbox 916 1892 971 1918; x_wconf 85' lang='grc' dir='ltr'>τῶν</span> 
     </span>
    </p>
   </div>
   <div class='ocr_carea' id='block_1_40' title="bbox 177 1937 972 1973">
    <p class='ocr_par' dir='ltr' id='par_1_40' title="bbox 177 1937 972 1973">
     <span class='ocr_line' id='line_1_40' title="bbox 177 1937 972 1973; baseline 0 -9"><span class='ocrx_word' id='word_1_214' title='bbox 177 1938 365 1973; x_wconf 76' lang='grc' dir='ltr'>Θεωρημάτων</span> <span class='ocrx_word' id='word_1_215' title='bbox 380 1938 546 1973; x_wconf 81' lang='grc' dir='ltr'>μεταδιδοῖεν</span> <span class='ocrx_word' id='word_1_216' title='bbox 560 1937 711 1972; x_wconf 81' lang='grc' dir='ltr'>ὠφελείας·</span> <span class='ocrx_word' id='word_1_217' title='bbox 735 1937 793 1964; x_wconf 77' lang='grc' dir='ltr'>ἀλλ’</span> <span class='ocrx_word' id='word_1_218' title='bbox 811 1937 888 1964; x_wconf 78' lang='grc' dir='ltr'>οὐδὲν</span> <span class='ocrx_word' id='word_1_219' title='bbox 908 1946 972 1964; x_wconf 77' lang='grc' dir='ltr'>τοσο</span> 
     </span>
    </p>
   </div>
   <div class='ocr_carea' id='block_1_41' title="bbox 176 1981 972 2018">
    <p class='ocr_par' dir='ltr' id='par_1_41' title="bbox 176 1981 972 2018">
     <span class='ocr_line' id='line_1_41' title="bbox 176 1981 972 2018; baseline 0.003 -10"><span class='ocrx_word' id='word_1_220' title='bbox 176 1981 256 2009; x_wconf 79' lang='grc' dir='ltr'>οὗτον</span> <span class='ocrx_word' id='word_1_221' title='bbox 281 1983 321 2014; x_wconf 81' lang='grc' dir='ltr'><strong>είς</strong></span> <span class='ocrx_word' id='word_1_222' title='bbox 343 1983 489 2018; x_wconf 79' lang='grc' dir='ltr'>οἰκοδομὴν</span> <span class='ocrx_word' id='word_1_223' title='bbox 505 1983 553 2010; x_wconf 75' lang='grc' dir='ltr'>καὶ</span> <span class='ocrx_word' id='word_1_224' title='bbox 581 1982 753 2018; x_wconf 79' lang='grc' dir='ltr'>κατόρθωσιν</span> <span class='ocrx_word' id='word_1_225' title='bbox 777 1983 828 2018; x_wconf 85' lang='grc' dir='ltr'>τῆς</span> <span class='ocrx_word' id='word_1_226' title='bbox 851 1991 881 2010; x_wconf 88' lang='grc' dir='ltr'><strong>τε</strong></span> <span class='ocrx_word' id='word_1_227' title='bbox 903 1983 972 2015; x_wconf 80' lang='grc' dir='ltr'>[δίας</span> 
     </span>
    </p>
   </div>
   <div class='ocr_carea' id='block_1_42' title="bbox 176 2027 972 2064">
    <p class='ocr_par' dir='ltr' id='par_1_42' title="bbox 176 2027 972 2064">
     <span class='ocr_line' id='line_1_42' title="bbox 176 2027 972 2064; baseline 0 -9"><span class='ocrx_word' id='word_1_228' title='bbox 176 2028 268 2055; x_wconf 79' lang='grc' dir='ltr'>αὐτῶν</span> <span class='ocrx_word' id='word_1_229' title='bbox 281 2028 401 2060; x_wconf 85' lang='grc' dir='ltr'>διανοίας</span> <span class='ocrx_word' id='word_1_230' title='bbox 417 2028 466 2055; x_wconf 77' lang='grc' dir='ltr'><strong>καὶ</strong></span> <span class='ocrx_word' id='word_1_231' title='bbox 480 2027 529 2062; x_wconf 83' lang='grc' dir='ltr'>τῆς</span> <span class='ocrx_word' id='word_1_232' title='bbox 542 2027 598 2054; x_wconf 86' lang='grc' dir='ltr'><strong>τῶν</strong></span> <span class='ocrx_word' id='word_1_233' title='bbox 615 2028 882 2064; x_wconf 82' lang='grc' dir='ltr'>μαθητευομένων...</span> <span class='ocrx_word' id='word_1_234' title='bbox 897 2029 972 2064; x_wconf 84' lang='grc' dir='ltr'>φιλο-</span> 
     </span>
    </p>
   </div>
   <div class='ocr_carea' id='block_1_43' title="bbox 177 2074 972 2110">
    <p class='ocr_par' dir='ltr' id='par_1_43' title="bbox 177 2074 972 2110">
     <span class='ocr_line' id='line_1_43' title="bbox 177 2074 972 2110; baseline 0.001 -10"><span class='ocrx_word' id='word_1_235' title='bbox 177 2075 271 2108; x_wconf 68' lang='grc' dir='ltr'>σοφεῖν</span> <span class='ocrx_word' id='word_1_236' title='bbox 298 2074 476 2109; x_wconf 78' lang='grc' dir='ltr'>ἐδοκίμασαν,</span> <span class='ocrx_word' id='word_1_237' title='bbox 504 2074 565 2100; x_wconf 84' lang='grc' dir='ltr'>ὅσον</span> <span class='ocrx_word' id='word_1_238' title='bbox 585 2075 626 2106; x_wconf 82' lang='grc' dir='ltr'>εἰς</span> <span class='ocrx_word' id='word_1_239' title='bbox 652 2074 790 2110; x_wconf 72' lang='grc' dir='ltr'>βλάϐην...</span> <span class='ocrx_word' id='word_1_240' title='bbox 812 2074 863 2109; x_wconf 80' lang='grc' dir='ltr'>τῆς</span> <span class='ocrx_word' id='word_1_241' title='bbox 887 2074 972 2106; x_wconf 81' lang='grc' dir='ltr'>δντως</span> 
     </span>
    </p>
   </div>
   <div class='ocr_carea' id='block_1_44' title="bbox 176 2120 972 2157">
    <p class='ocr_par' dir='ltr' id='par_1_44' title="bbox 176 2120 972 2157">
     <span class='ocr_line' id='line_1_44' title="bbox 176 2120 972 2157; baseline 0.001 -10"><span class='ocrx_word' id='word_1_242' title='bbox 176 2120 383 2156; x_wconf 71' lang='grc' dir='ltr'>ἀληθογνωσίας</span> <span class='ocrx_word' id='word_1_243' title='bbox 402 2121 435 2147; x_wconf 88' lang='grc' dir='ltr'>δι’</span> <span class='ocrx_word' id='word_1_244' title='bbox 451 2121 624 2156; x_wconf 82' lang='grc' dir='ltr'>ἁμαρτίαν...</span> <span class='ocrx_word' id='word_1_245' title='bbox 641 2120 734 2154; x_wconf 73' lang='grc' dir='ltr'>ἐπειδὴ</span> <span class='ocrx_word' id='word_1_246' title='bbox 749 2121 804 2156; x_wconf 75' lang='grc' dir='ltr'><strong>γὰρ</strong></span> <span class='ocrx_word' id='word_1_247' title='bbox 817 2120 867 2156; x_wconf 86' lang='grc' dir='ltr'>τὴν</span> <span class='ocrx_word' id='word_1_248' title='bbox 881 2120 972 2157; x_wconf 82' lang='grc' dir='ltr'><strong>πάσης</strong></span> 
     </span>
    </p>
   </div>
   <div class='ocr_carea' id='block_1_45' title="bbox 181 2166 970 2202">
    <p class='ocr_par' dir='ltr' id='par_1_45' title="bbox 181 2166 970 2202">
     <span class='ocr_line' id='line_1_45' title="bbox 181 2166 970 2202; baseline 0.001 -9"><span class='ocrx_word' id='word_1_249' title='bbox 181 2167 280 2202; x_wconf 70' lang='grc' dir='ltr'>σοφίας</span> <span class='ocrx_word' id='word_1_250' title='bbox 297 2167 380 2195; x_wconf 77' lang='grc' dir='ltr'>καὶ...</span> <span class='ocrx_word' id='word_1_251' title='bbox 396 2167 488 2202; x_wconf 83' lang='grc' dir='ltr'>πηγὴν</span> <span class='ocrx_word' id='word_1_252' title='bbox 512 2167 572 2193; x_wconf 84' lang='grc' dir='ltr'>κατ’</span> <span class='ocrx_word' id='word_1_253' title='bbox 589 2166 676 2202; x_wconf 79' lang='grc' dir='ltr'>ἀρχὴν</span> <span class='ocrx_word' id='word_1_254' title='bbox 691 2167 731 2198; x_wconf 76' lang='grc' dir='ltr'>εἰς</span> <span class='ocrx_word' id='word_1_255' title='bbox 750 2167 814 2199; x_wconf 80' lang='grc' dir='ltr'>τοὺς</span> <span class='ocrx_word' id='word_1_256' title='bbox 831 2167 896 2202; x_wconf 76' lang='grc' dir='ltr'>περὶ</span> <span class='ocrx_word' id='word_1_257' title='bbox 915 2167 970 2194; x_wconf 84' lang='grc' dir='ltr'><strong>τῶν</strong></span> 
     </span>
    </p>
   </div>
   <div class='ocr_carea' id='block_1_46' title="bbox 177 2212 972 2248">
    <p class='ocr_par' dir='ltr' id='par_1_46' title="bbox 177 2212 972 2248">
     <span class='ocr_line' id='line_1_46' title="bbox 177 2212 972 2248; baseline 0.003 -10"><span class='ocrx_word' id='word_1_258' title='bbox 177 2212 263 2239; x_wconf 69' lang='grc' dir='ltr'>ὄντων</span> <span class='ocrx_word' id='word_1_259' title='bbox 282 2212 434 2248; x_wconf 84' lang='grc' dir='ltr'>γινομένων</span> <span class='ocrx_word' id='word_1_260' title='bbox 451 2212 547 2247; x_wconf 78' lang='grc' dir='ltr'>λόγους</span> <span class='ocrx_word' id='word_1_261' title='bbox 560 2212 824 2248; x_wconf 84' lang='grc' dir='ltr'>προκατεϐάλλοντο,</span> <span class='ocrx_word' id='word_1_262' title='bbox 837 2213 892 2240; x_wconf 79' lang='grc' dir='ltr'>οὐδ’</span> <span class='ocrx_word' id='word_1_263' title='bbox 911 2215 972 2240; x_wconf 78' lang='grc' dir='ltr'>ἐπι-</span> 
     </span>
    </p>
   </div>
   <div class='ocr_carea' id='block_1_47' title="bbox 1286 1575 1546 1612">
    <p class='ocr_par' dir='ltr' id='par_1_47' title="bbox 1286 1575 1546 1612">
     <span class='ocr_line' id='line_1_47' title="bbox 1286 1575 1546 1612; baseline 0 -9"><span class='ocrx_word' id='word_1_264' title='bbox 1286 1575 1484 1604; x_wconf 74' lang='lat' dir='ltr'><strong>pnooenmu</strong></span> <span class='ocrx_word' id='word_1_265' title='bbox 1495 1575 1546 1612; x_wconf 84' lang='grc' dir='ltr'>(α).</span> 
     </span>
    </p>
   </div>
   <div class='ocr_carea' id='block_1_48' title="bbox 1058 1620 1815 1656">
    <p class='ocr_par' dir='ltr' id='par_1_48' title="bbox 1058 1620 1815 1656">
     <span class='ocr_line' id='line_1_48' title="bbox 1058 1620 1815 1656; baseline 0.004 -8"><span class='ocrx_word' id='word_1_266' title='bbox 1058 1620 1110 1654; x_wconf 86' lang='lat' dir='ltr'><strong>Qui</strong></span> <span class='ocrx_word' id='word_1_267' title='bbox 1125 1622 1197 1656; x_wconf 81' lang='lat' dir='ltr'><strong>apud</strong></span> <span class='ocrx_word' id='word_1_268' title='bbox 1215 1620 1326 1649; x_wconf 78' lang='lat' dir='ltr'><strong>Gi-zecos</strong></span> <span class='ocrx_word' id='word_1_269' title='bbox 1346 1621 1526 1656; x_wconf 61' lang='lat' dir='ltr'><strong>philosophiae</strong></span> <span class='ocrx_word' id='word_1_270' title='bbox 1549 1625 1575 1649; x_wconf 84' lang='lat' dir='ltr'><strong>et</strong></span> <span class='ocrx_word' id='word_1_271' title='bbox 1598 1621 1815 1652; x_wconf 73' lang='lat' dir='ltr'><strong>ratiocinationis</strong></span> 
     </span>
    </p>
   </div>
   <div class='ocr_carea' id='block_1_49' title="bbox 1024 1667 1815 1703">
    <p class='ocr_par' dir='ltr' id='par_1_49' title="bbox 1024 1667 1815 1703">
     <span class='ocr_line' id='line_1_49' title="bbox 1024 1667 1815 1703; baseline 0.005 -10"><span class='ocrx_word' id='word_1_272' title='bbox 1024 1667 1183 1702; x_wconf 82' lang='lat' dir='ltr'><strong>peritissimi</strong></span> <span class='ocrx_word' id='word_1_273' title='bbox 1200 1674 1262 1694; x_wconf 84' lang='lat' dir='ltr'><strong>esse</strong></span> <span class='ocrx_word' id='word_1_274' title='bbox 1276 1671 1383 1700; x_wconf 86' lang='lat' dir='ltr'><strong>putant,</strong></span> <span class='ocrx_word' id='word_1_275' title='bbox 1397 1667 1507 1702; x_wconf 87' lang='lat' dir='ltr'><strong>quando</strong></span> <span class='ocrx_word' id='word_1_276' title='bbox 1529 1667 1556 1695; x_wconf 90' lang='lat' dir='ltr'><strong>in</strong></span> <span class='ocrx_word' id='word_1_277' title='bbox 1578 1668 1815 1703; x_wconf 75' lang='lat' dir='ltr'><strong>speculationibus</strong></span> 
     </span>
    </p>
   </div>
   <div class='ocr_carea' id='block_1_50' title="bbox 1022 1711 1815 1751">
    <p class='ocr_par' dir='ltr' id='par_1_50' title="bbox 1022 1711 1815 1751">
     <span class='ocr_line' id='line_1_50' title="bbox 1022 1711 1815 1751; baseline 0.004 -13"><span class='ocrx_word' id='word_1_278' title='bbox 1022 1711 1056 1739; x_wconf 87' lang='lat' dir='ltr'><strong>de</strong></span> <span class='ocrx_word' id='word_1_279' title='bbox 1072 1712 1132 1739; x_wconf 89' lang='lat' dir='ltr'><strong>visu</strong></span> <span class='ocrx_word' id='word_1_280' title='bbox 1146 1716 1173 1739; x_wconf 91' lang='lat' dir='ltr'><strong>et</strong></span> <span class='ocrx_word' id='word_1_281' title='bbox 1188 1712 1348 1740; x_wconf 79' lang='lat' dir='ltr'><strong>sensatione</strong></span> <span class='ocrx_word' id='word_1_282' title='bbox 1361 1712 1553 1748; x_wconf 76' lang='lat' dir='ltr'><strong>aggredientes</strong></span> <span class='ocrx_word' id='word_1_283' title='bbox 1569 1714 1716 1748; x_wconf 77' lang='lat' dir='ltr'><strong>quamdam</strong></span> <span class='ocrx_word' id='word_1_284' title='bbox 1739 1715 1815 1751; x_wconf 85' lang='lat' dir='ltr'><strong>phy—</strong></span> 
     </span>
    </p>
   </div>
   <div class='ocr_carea' id='block_1_51' title="bbox 1023 1755 1814 1792">
    <p class='ocr_par' dir='ltr' id='par_1_51' title="bbox 1023 1755 1814 1792">
     <span class='ocr_line' id='line_1_51' title="bbox 1023 1755 1814 1792; baseline 0.005 -10"><span class='ocrx_word' id='word_1_285' title='bbox 1023 1755 1167 1791; x_wconf 74' lang='lat' dir='ltr'><strong>siologiam</strong></span> <span class='ocrx_word' id='word_1_286' title='bbox 1184 1761 1230 1784; x_wconf 90' lang='lat' dir='ltr'><strong>aut</strong></span> <span class='ocrx_word' id='word_1_287' title='bbox 1248 1756 1414 1792; x_wconf 75' lang='lat' dir='ltr'><strong>theologiam</strong></span> <span class='ocrx_word' id='word_1_288' title='bbox 1431 1762 1460 1785; x_wconf 90' lang='lat' dir='ltr'><strong>ut</strong></span> <span class='ocrx_word' id='word_1_289' title='bbox 1481 1757 1521 1784; x_wconf 89' lang='lat' dir='ltr'><strong>illi</strong></span> <span class='ocrx_word' id='word_1_290' title='bbox 1590 1766 1663 1786; x_wconf 85' lang='lat' dir='ltr'><strong>nunc</strong></span> <span class='ocrx_word' id='word_1_291' title='bbox 1689 1759 1814 1787; x_wconf 88' lang='lat' dir='ltr'><strong>incurre-</strong></span> 
     </span>
    </p>
   </div>
   <div class='ocr_carea' id='block_1_52' title="bbox 1023 1799 1812 1836">
    <p class='ocr_par' dir='ltr' id='par_1_52' title="bbox 1023 1799 1812 1836">
     <span class='ocr_line' id='line_1_52' title="bbox 1023 1799 1812 1836; baseline 0.008 -10"><span class='ocrx_word' id='word_1_292' title='bbox 1023 1799 1090 1826; x_wconf 88' lang='lat' dir='ltr'><strong>bant</strong></span> <span class='ocrx_word' id='word_1_293' title='bbox 1109 1800 1201 1834; x_wconf 77' lang='lat' dir='ltr'><strong>plures</strong></span> <span class='ocrx_word' id='word_1_294' title='bbox 1224 1808 1307 1835; x_wconf 78' lang='lat' dir='ltr'><strong>qtiam</strong></span> <span class='ocrx_word' id='word_1_295' title='bbox 1330 1800 1450 1828; x_wconf 74' lang='lat' dir='ltr'><strong>maxime</strong></span> <span class='ocrx_word' id='word_1_296' title='bbox 1472 1801 1558 1829; x_wconf 84' lang='lat' dir='ltr'><strong>libros</strong></span> <span class='ocrx_word' id='word_1_297' title='bbox 1583 1803 1812 1836; x_wconf 82' lang='lat' dir='ltr'><strong>protendebant:</strong></span> 
     </span>
    </p>
   </div>
   <div class='ocr_carea' id='block_1_53' title="bbox 1023 1844 1814 1881">
    <p class='ocr_par' dir='ltr' id='par_1_53' title="bbox 1023 1844 1814 1881">
     <span class='ocr_line' id='line_1_53' title="bbox 1023 1844 1814 1881; baseline 0.008 -11"><span class='ocrx_word' id='word_1_298' title='bbox 1023 1844 1060 1870; x_wconf 91' lang='lat' dir='ltr'><strong>ita</strong></span> <span class='ocrx_word' id='word_1_299' title='bbox 1074 1847 1104 1870; x_wconf 95' lang='lat' dir='ltr'><strong>ut</strong></span> <span class='ocrx_word' id='word_1_300' title='bbox 1116 1844 1168 1879; x_wconf 76' lang='lat' dir='ltr'><strong>ipsi</strong></span> <span class='ocrx_word' id='word_1_301' title='bbox 1185 1844 1257 1871; x_wconf 88' lang='lat' dir='ltr'><strong>intra</strong></span> <span class='ocrx_word' id='word_1_302' title='bbox 1275 1852 1306 1872; x_wconf 88' lang='lat' dir='ltr'><strong>se</strong></span> <span class='ocrx_word' id='word_1_303' title='bbox 1320 1845 1354 1872; x_wconf 87' lang='lat' dir='ltr'><strong>de</strong></span> <span class='ocrx_word' id='word_1_304' title='bbox 1373 1845 1506 1878; x_wconf 82' lang='lat' dir='ltr'><strong>sapientia</strong></span> <span class='ocrx_word' id='word_1_305' title='bbox 1519 1851 1546 1873; x_wconf 92' lang='lat' dir='ltr'><strong>et</strong></span> <span class='ocrx_word' id='word_1_306' title='bbox 1561 1847 1747 1881; x_wconf 80' lang='lat' dir='ltr'><strong>speculatione</strong></span> <span class='ocrx_word' id='word_1_307' title='bbox 1764 1856 1814 1876; x_wconf 81' lang='lat' dir='ltr'><strong>sua</strong></span> 
     </span>
    </p>
   </div>
   <div class='ocr_carea' id='block_1_54' title="bbox 1023 1889 1814 1925">
    <p class='ocr_par' dir='ltr' id='par_1_54' title="bbox 1023 1889 1814 1925">
     <span class='ocr_line' id='line_1_54' title="bbox 1023 1889 1814 1925; baseline 0.006 -9"><span class='ocrx_word' id='word_1_308' title='bbox 1023 1889 1184 1924; x_wconf 73' lang='lat' dir='ltr'><strong>gloriantes,</strong></span> <span class='ocrx_word' id='word_1_309' title='bbox 1203 1890 1246 1917; x_wconf 83' lang='lat' dir='ltr'><strong>his</strong></span> <span class='ocrx_word' id='word_1_310' title='bbox 1263 1890 1311 1925; x_wconf 85' lang='lat' dir='ltr'><strong>qui</strong></span> <span class='ocrx_word' id='word_1_311' title='bbox 1332 1891 1365 1917; x_wconf 89' lang='lat' dir='ltr'><strong>ad</strong></span> <span class='ocrx_word' id='word_1_312' title='bbox 1382 1891 1457 1925; x_wconf 85' lang='lat' dir='ltr'><strong>ipsos</strong></span> <span class='ocrx_word' id='word_1_313' title='bbox 1476 1891 1612 1919; x_wconf 88' lang='lat' dir='ltr'><strong>accedunt</strong></span> <span class='ocrx_word' id='word_1_314' title='bbox 1628 1899 1741 1920; x_wconf 86' lang='lat' dir='ltr'><strong>suarum</strong></span> <span class='ocrx_word' id='word_1_315' title='bbox 1763 1893 1814 1921; x_wconf 86' lang='lat' dir='ltr'><strong>de-</strong></span> 
     </span>
    </p>
   </div>
   <div class='ocr_carea' id='block_1_55' title="bbox 1023 1935 1816 1970">
    <p class='ocr_par' dir='ltr' id='par_1_55' title="bbox 1023 1935 1816 1970">
     <span class='ocr_line' id='line_1_55' title="bbox 1023 1935 1816 1970; baseline 0.006 -9"><span class='ocrx_word' id='word_1_316' title='bbox 1023 1935 1257 1962; x_wconf 78' lang='lat' dir='ltr'><strong>monstrationem</strong></span> <span class='ocrx_word' id='word_1_317' title='bbox 1276 1935 1424 1962; x_wconf 81' lang='lat' dir='ltr'><strong>utilitatem</strong></span> <span class='ocrx_word' id='word_1_318' title='bbox 1447 1936 1677 1970; x_wconf 86' lang='lat' dir='ltr'><strong>communicent;</strong></span> <span class='ocrx_word' id='word_1_319' title='bbox 1692 1938 1740 1965; x_wconf 82' lang='lat' dir='ltr'><strong>sed</strong></span> <span class='ocrx_word' id='word_1_320' title='bbox 1763 1938 1816 1966; x_wconf 89' lang='lat' dir='ltr'><strong>mi-</strong></span> 
     </span>
    </p>
   </div>
   <div class='ocr_carea' id='block_1_56' title="bbox 1023 1980 1814 2011">
    <p class='ocr_par' dir='ltr' id='par_1_56' title="bbox 1023 1980 1814 2011">
     <span class='ocr_line' id='line_1_56' title="bbox 1023 1980 1814 2011; baseline 0.003 -3"><span class='ocrx_word' id='word_1_321' title='bbox 1023 1980 1097 2008; x_wconf 87' lang='lat' dir='ltr'><strong>nime</strong></span> <span class='ocrx_word' id='word_1_322' title='bbox 1129 1985 1237 2008; x_wconf 85' lang='lat' dir='ltr'><strong>tantum</strong></span> <span class='ocrx_word' id='word_1_323' title='bbox 1274 1982 1308 2008; x_wconf 85' lang='lat' dir='ltr'><strong>ad</strong></span> <span class='ocrx_word' id='word_1_324' title='bbox 1340 1981 1559 2009; x_wconf 78' lang='lat' dir='ltr'><strong>eﬂ‘orniationem</strong></span> <span class='ocrx_word' id='word_1_325' title='bbox 1581 1985 1610 2009; x_wconf 87' lang='lat' dir='ltr'><strong>et</strong></span> <span class='ocrx_word' id='word_1_326' title='bbox 1635 1982 1814 2011; x_wconf 86' lang='lat' dir='ltr'><strong>directionem</strong></span> 
     </span>
    </p>
   </div>
   <div class='ocr_carea' id='block_1_57' title="bbox 1022 2028 1815 2064">
    <p class='ocr_par' dir='ltr' id='par_1_57' title="bbox 1022 2028 1815 2064">
     <span class='ocr_line' id='line_1_57' title="bbox 1022 2028 1815 2064; baseline 0.004 -9"><span class='ocrx_word' id='word_1_327' title='bbox 1022 2028 1065 2056; x_wconf 86' lang='lat' dir='ltr'><strong>sui</strong></span> <span class='ocrx_word' id='word_1_328' title='bbox 1091 2028 1214 2063; x_wconf 86' lang='lat' dir='ltr'><strong>ipsorum</strong></span> <span class='ocrx_word' id='word_1_329' title='bbox 1232 2033 1260 2056; x_wconf 88' lang='lat' dir='ltr'><strong>et</strong></span> <span class='ocrx_word' id='word_1_330' title='bbox 1288 2028 1485 2063; x_wconf 88' lang='lat' dir='ltr'><strong>discipulorum</strong></span> <span class='ocrx_word' id='word_1_331' title='bbox 1509 2029 1685 2057; x_wconf 79' lang='lat' dir='ltr'><strong>conscientiae</strong></span> <span class='ocrx_word' id='word_1_332' title='bbox 1753 2030 1815 2064; x_wconf 83' lang='lat' dir='ltr'><strong>leI-</strong></span> 
     </span>
    </p>
   </div>
   <div class='ocr_carea' id='block_1_58' title="bbox 1022 2073 1814 2110">
    <p class='ocr_par' dir='ltr' id='par_1_58' title="bbox 1022 2073 1814 2110">
     <span class='ocr_line' id='line_1_58' title="bbox 1022 2073 1814 2110; baseline 0.004 -9"><span class='ocrx_word' id='word_1_333' title='bbox 1022 2073 1161 2109; x_wconf 84' lang='lat' dir='ltr'><strong>Iosophari</strong></span> <span class='ocrx_word' id='word_1_334' title='bbox 1185 2074 1238 2101; x_wconf 81' lang='lat' dir='ltr'><strong>sibi</strong></span> <span class='ocrx_word' id='word_1_335' title='bbox 1265 2079 1480 2108; x_wconf 85' lang='lat' dir='ltr'><strong>proposuerunt,</strong></span> <span class='ocrx_word' id='word_1_336' title='bbox 1507 2079 1641 2109; x_wconf 86' lang='lat' dir='ltr'><strong>quantum</strong></span> <span class='ocrx_word' id='word_1_337' title='bbox 1656 2076 1689 2103; x_wconf 90' lang='lat' dir='ltr'><strong>ad</strong></span> <span class='ocrx_word' id='word_1_338' title='bbox 1706 2083 1814 2110; x_wconf 87' lang='lat' dir='ltr'><strong>perver-</strong></span> 
     </span>
    </p>
   </div>
   <div class='ocr_carea' id='block_1_59' title="bbox 1022 2119 1812 2156">
    <p class='ocr_par' dir='ltr' id='par_1_59' title="bbox 1022 2119 1812 2156">
     <span class='ocr_line' id='line_1_59' title="bbox 1022 2119 1812 2156; baseline 0.005 -10"><span class='ocrx_word' id='word_1_339' title='bbox 1022 2119 1128 2147; x_wconf 89' lang='lat' dir='ltr'><strong>sionem</strong></span> <span class='ocrx_word' id='word_1_340' title='bbox 1141 2128 1211 2147; x_wconf 65' lang='lat' dir='ltr'><strong>vera:</strong></span> <span class='ocrx_word' id='word_1_341' title='bbox 1222 2125 1249 2147; x_wconf 91' lang='lat' dir='ltr'><strong>et</strong></span> <span class='ocrx_word' id='word_1_342' title='bbox 1266 2126 1348 2148; x_wconf 62' lang='lat' dir='ltr'><strong>rectm</strong></span> <span class='ocrx_word' id='word_1_343' title='bbox 1359 2120 1525 2155; x_wconf 75' lang='lat' dir='ltr'><strong>cognitionis</strong></span> <span class='ocrx_word' id='word_1_344' title='bbox 1542 2125 1652 2156; x_wconf 87' lang='lat' dir='ltr'><strong>propter</strong></span> <span class='ocrx_word' id='word_1_345' title='bbox 1663 2122 1770 2156; x_wconf 84' lang='lat' dir='ltr'><strong>culpam</strong></span> 
     </span>
    </p>
   </div>
   <div class='ocr_carea' id='block_1_60' title="bbox 1022 2166 1814 2204">
    <p class='ocr_par' dir='ltr' id='par_1_60' title="bbox 1022 2166 1814 2204">
     <span class='ocr_line' id='line_1_60' title="bbox 1022 2166 1814 2204; baseline 0.005 -12"><span class='ocrx_word' id='word_1_346' title='bbox 1022 2166 1159 2199; x_wconf 82' lang='lat' dir='ltr'><strong>Quoniam</strong></span> <span class='ocrx_word' id='word_1_347' title='bbox 1178 2166 1251 2194; x_wconf 89' lang='lat' dir='ltr'><strong>enim</strong></span> <span class='ocrx_word' id='word_1_348' title='bbox 1268 2166 1358 2193; x_wconf 83' lang='lat' dir='ltr'><strong>omnis</strong></span> <span class='ocrx_word' id='word_1_349' title='bbox 1373 2166 1514 2201; x_wconf 74' lang='lat' dir='ltr'><strong>sapientiae</strong></span> <span class='ocrx_word' id='word_1_350' title='bbox 1527 2166 1630 2194; x_wconf 80' lang='lat' dir='ltr'><strong>fontem</strong></span> <span class='ocrx_word' id='word_1_351' title='bbox 1646 2175 1661 2195; x_wconf 87' lang='lat' dir='ltr'><strong>a</strong></span> <span class='ocrx_word' id='word_1_352' title='bbox 1678 2168 1814 2204; x_wconf 87' lang='lat' dir='ltr'><strong>principio</strong></span> 
     </span>
    </p>
   </div>
   <div class='ocr_carea' id='block_1_61' title="bbox 1023 2212 1810 2247">
    <p class='ocr_par' dir='ltr' id='par_1_61' title="bbox 1023 2212 1810 2247">
     <span class='ocr_line' id='line_1_61' title="bbox 1023 2212 1810 2247; baseline 0.003 -7"><span class='ocrx_word' id='word_1_353' title='bbox 1023 2212 1051 2240; x_wconf 92' lang='lat' dir='ltr'><strong>in</strong></span> <span class='ocrx_word' id='word_1_354' title='bbox 1067 2213 1241 2241; x_wconf 81' lang='lat' dir='ltr'><strong>sermonibus</strong></span> <span class='ocrx_word' id='word_1_355' title='bbox 1251 2212 1285 2240; x_wconf 88' lang='lat' dir='ltr'><strong>de</strong></span> <span class='ocrx_word' id='word_1_356' title='bbox 1296 2212 1407 2240; x_wconf 85' lang='lat' dir='ltr'><strong>entibus</strong></span> <span class='ocrx_word' id='word_1_357' title='bbox 1419 2212 1615 2241; x_wconf 76' lang='lat' dir='ltr'><strong>exsistentibus</strong></span> <span class='ocrx_word' id='word_1_358' title='bbox 1623 2213 1810 2247; x_wconf 86' lang='lat' dir='ltr'><strong>instituerunt,</strong></span> 
     </span>
    </p>
   </div>
   <div class='ocr_carea' id='block_1_62' title="bbox 176 2253 969 2297">
    <p class='ocr_par' dir='ltr' id='par_1_62' title="bbox 176 2257 969 2295">
     <span class='ocr_line' id='line_1_62' title="bbox 176 2257 969 2295; baseline 0.004 -11"><span class='ocrx_word' id='word_1_359' title='bbox 176 2258 316 2292; x_wconf 84' lang='grc' dir='ltr'>γνῶναι...</span> <span class='ocrx_word' id='word_1_360' title='bbox 333 2258 382 2285; x_wconf 81' lang='grc' dir='ltr'><strong>καὶ</strong></span> <span class='ocrx_word' id='word_1_361' title='bbox 392 2257 479 2290; x_wconf 73' lang='grc' dir='ltr'>οὕτως</span> <span class='ocrx_word' id='word_1_362' title='bbox 493 2259 522 2285; x_wconf 84' lang='grc' dir='ltr'>ὲν</span> <span class='ocrx_word' id='word_1_363' title='bbox 536 2258 606 2294; x_wconf 77' lang='grc' dir='ltr'>αὐτῇ</span> <span class='ocrx_word' id='word_1_364' title='bbox 619 2259 667 2286; x_wconf 74' lang='grc' dir='ltr'><strong>καὶ</strong></span> <span class='ocrx_word' id='word_1_365' title='bbox 681 2258 714 2285; x_wconf 84' lang='grc' dir='ltr'>δι’</span> <span class='ocrx_word' id='word_1_366' title='bbox 730 2259 822 2286; x_wconf 81' lang='grc' dir='ltr'>αὐτῶν</span> <span class='ocrx_word' id='word_1_367' title='bbox 833 2259 901 2295; x_wconf 76' lang='grc' dir='ltr'>πρὸς</span> <span class='ocrx_word' id='word_1_368' title='bbox 914 2260 969 2287; x_wconf 82' lang='grc' dir='ltr'><strong>πᾶ-</strong></span> 
     </span>
    </p>
   </div>
   <div class='ocr_carea' id='block_1_63' title="bbox 1021 2253 1811 2297">
    <p class='ocr_par' dir='ltr' id='par_1_63' title="bbox 1022 2258 1811 2297">
     <span class='ocr_line' id='line_1_63' title="bbox 1022 2258 1811 2297; baseline 0.004 -12"><span class='ocrx_word' id='word_1_369' title='bbox 1022 2266 1080 2297; x_wconf 87' lang='lat' dir='ltr'><strong>non</strong></span> <span class='ocrx_word' id='word_1_370' title='bbox 1101 2265 1268 2293; x_wconf 79' lang='lat' dir='ltr'><strong>cognoscere</strong></span> <span class='ocrx_word' id='word_1_371' title='bbox 1336 2262 1364 2285; x_wconf 90' lang='lat' dir='ltr'><strong>et</strong></span> <span class='ocrx_word' id='word_1_372' title='bbox 1389 2258 1425 2286; x_wconf 88' lang='lat' dir='ltr'><strong>ita</strong></span> <span class='ocrx_word' id='word_1_373' title='bbox 1452 2258 1479 2286; x_wconf 93' lang='lat' dir='ltr'><strong>in</strong></span> <span class='ocrx_word' id='word_1_374' title='bbox 1499 2258 1558 2293; x_wconf 86' lang='lat' dir='ltr'><strong>ipsa</strong></span> <span class='ocrx_word' id='word_1_375' title='bbox 1582 2262 1610 2286; x_wconf 92' lang='lat' dir='ltr'><strong>et</strong></span> <span class='ocrx_word' id='word_1_376' title='bbox 1634 2266 1682 2294; x_wconf 89' lang='lat' dir='ltr'><strong>per</strong></span> <span class='ocrx_word' id='word_1_377' title='bbox 1707 2259 1753 2287; x_wconf 88' lang='lat' dir='ltr'><strong>illa</strong></span> <span class='ocrx_word' id='word_1_378' title='bbox 1778 2261 1811 2288; x_wconf 90' lang='lat' dir='ltr'><strong>ad</strong></span> 
     </span>
    </p>
   </div>
   <div class='ocr_carea' id='block_1_64' title="bbox 177 2303 970 2340">
    <p class='ocr_par' dir='ltr' id='par_1_64' title="bbox 177 2303 970 2340">
     <span class='ocr_line' id='line_1_64' title="bbox 177 2303 970 2340; baseline 0.004 -11"><span class='ocrx_word' id='word_1_379' title='bbox 177 2312 227 2330; x_wconf 90' lang='grc' dir='ltr'><strong>σαν</strong></span> <span class='ocrx_word' id='word_1_380' title='bbox 243 2303 449 2338; x_wconf 74' lang='grc' dir='ltr'>ἀληθογνωςίαν</span> <span class='ocrx_word' id='word_1_381' title='bbox 463 2303 621 2338; x_wconf 86' lang='grc' dir='ltr'>όδηγεῖσθαι</span> <span class='ocrx_word' id='word_1_382' title='bbox 645 2304 692 2330; x_wconf 76' lang='grc' dir='ltr'>καὶ</span> <span class='ocrx_word' id='word_1_383' title='bbox 716 2312 816 2332; x_wconf 87' lang='grc' dir='ltr'>κατε...</span> <span class='ocrx_word' id='word_1_384' title='bbox 833 2305 970 2340; x_wconf 77' lang='grc' dir='ltr'>κατηξίω·</span> 
     </span>
    </p>
   </div>
   <div class='ocr_carea' id='block_1_65' title="bbox 177 2348 970 2386">
    <p class='ocr_par' dir='ltr' id='par_1_65' title="bbox 177 2348 970 2386">
     <span class='ocr_line' id='line_1_65' title="bbox 177 2348 970 2386; baseline 0.005 -12"><span class='ocrx_word' id='word_1_385' title='bbox 177 2356 241 2375; x_wconf 82' lang='grc' dir='ltr'>σαν·</span> <span class='ocrx_word' id='word_1_386' title='bbox 256 2349 302 2375; x_wconf 76' lang='grc' dir='ltr'><strong>διὰ</strong></span> <span class='ocrx_word' id='word_1_387' title='bbox 317 2349 398 2375; x_wconf 80' lang='grc' dir='ltr'>τοῦτο</span> <span class='ocrx_word' id='word_1_388' title='bbox 410 2348 472 2375; x_wconf 75' lang='grc' dir='ltr'>οὗτε</span> <span class='ocrx_word' id='word_1_389' title='bbox 485 2349 550 2384; x_wconf 80' lang='grc' dir='ltr'>περὶ</span> <span class='ocrx_word' id='word_1_390' title='bbox 562 2349 667 2385; x_wconf 79' lang='grc' dir='ltr'>ἀρχῶν.</span> <span class='ocrx_word' id='word_1_391' title='bbox 677 2349 738 2376; x_wconf 69' lang='grc' dir='ltr'>οὔτε</span> <span class='ocrx_word' id='word_1_392' title='bbox 754 2350 819 2386; x_wconf 83' lang='grc' dir='ltr'>περὶ</span> <span class='ocrx_word' id='word_1_393' title='bbox 833 2350 888 2377; x_wconf 84' lang='grc' dir='ltr'>τῶν</span> <span class='ocrx_word' id='word_1_394' title='bbox 900 2350 970 2386; x_wconf 84' lang='grc' dir='ltr'>μετά</span> 
     </span>
    </p>
   </div>
   <div class='ocr_carea' id='block_1_66' title="bbox 160 2386 970 2431">
    <p class='ocr_par' dir='ltr' id='par_1_66' title="bbox 160 2386 970 2431">
     <span class='ocr_line' id='line_1_66' title="bbox 160 2386 970 2431; baseline 0.002 -9"><span class='ocrx_word' id='word_1_395' title='bbox 160 2386 226 2427; x_wconf 30' lang='lat' dir='ltr'><strong>rei;</strong></span> <span class='ocrx_word' id='word_1_396' title='bbox 244 2396 344 2430; x_wconf 76' lang='grc' dir='ltr'><strong>ἀρχὰς,</strong></span> <span class='ocrx_word' id='word_1_397' title='bbox 372 2395 435 2422; x_wconf 79' lang='grc' dir='ltr'>οὗτε</span> <span class='ocrx_word' id='word_1_398' title='bbox 466 2397 532 2431; x_wconf 75' lang='grc' dir='ltr'>περὶ</span> <span class='ocrx_word' id='word_1_399' title='bbox 558 2395 606 2423; x_wconf 85' lang='grc' dir='ltr'>τοῦ</span> <span class='ocrx_word' id='word_1_400' title='bbox 626 2396 680 2423; x_wconf 83' lang='grc' dir='ltr'><strong>τῶν</strong></span> <span class='ocrx_word' id='word_1_401' title='bbox 704 2397 855 2431; x_wconf 86' lang='grc' dir='ltr'>γινομένων</span> <span class='ocrx_word' id='word_1_402' title='bbox 876 2397 970 2430; x_wconf 70' lang='grc' dir='ltr'>τέλους</span> 
     </span>
    </p>
   </div>
   <div class='ocr_carea' id='block_1_67' title="bbox 175 2441 969 2478">
    <p class='ocr_par' dir='ltr' id='par_1_67' title="bbox 175 2441 969 2478">
     <span class='ocr_line' id='line_1_67' title="bbox 175 2441 969 2478; baseline 0.004 -11"><span class='ocrx_word' id='word_1_403' title='bbox 175 2441 314 2475; x_wconf 77' lang='grc' dir='ltr'>ἀξιόλογον</span> <span class='ocrx_word' id='word_1_404' title='bbox 329 2441 346 2477; x_wconf 77' lang='grc' dir='ltr'>ἢ</span> <span class='ocrx_word' id='word_1_405' title='bbox 362 2442 484 2475; x_wconf 52' lang='lat' dir='ltr'><strong>eadem</strong></span> <span class='ocrx_word' id='word_1_406' title='bbox 499 2450 526 2468; x_wconf 86' lang='grc' dir='ltr'><strong>τι</strong></span> <span class='ocrx_word' id='word_1_407' title='bbox 556 2441 787 2477; x_wconf 81' lang='grc' dir='ltr'>φιλοσοφήσαντες</span> <span class='ocrx_word' id='word_1_408' title='bbox 802 2442 969 2478; x_wconf 80' lang='grc' dir='ltr'>ἀπελέγχον-</span> 
     </span>
    </p>
   </div>
   <div class='ocr_carea' id='block_1_68' title="bbox 175 2487 967 2524">
    <p class='ocr_par' dir='ltr' id='par_1_68' title="bbox 175 2487 967 2524">
     <span class='ocr_line' id='line_1_68' title="bbox 175 2487 967 2524; baseline 0.003 -10"><span class='ocrx_word' id='word_1_409' title='bbox 175 2494 238 2514; x_wconf 87' lang='grc' dir='ltr'>ται·</span> <span class='ocrx_word' id='word_1_410' title='bbox 256 2487 317 2514; x_wconf 78' lang='grc' dir='ltr'>ὅθεν</span> <span class='ocrx_word' id='word_1_411' title='bbox 335 2487 386 2522; x_wconf 80' lang='grc' dir='ltr'>τῆς</span> <span class='ocrx_word' id='word_1_412' title='bbox 403 2489 467 2523; x_wconf 75' lang='grc' dir='ltr'>μιᾶς</span> <span class='ocrx_word' id='word_1_413' title='bbox 488 2488 536 2515; x_wconf 77' lang='grc' dir='ltr'><strong>καὶ</strong></span> <span class='ocrx_word' id='word_1_414' title='bbox 551 2489 636 2524; x_wconf 82' lang='grc' dir='ltr'>μόνης</span> <span class='ocrx_word' id='word_1_415' title='bbox 654 2487 700 2514; x_wconf 81' lang='grc' dir='ltr'>τοῦ</span> <span class='ocrx_word' id='word_1_416' title='bbox 713 2488 797 2520; x_wconf 73' lang='grc' dir='ltr'>ὅντως</span> <span class='ocrx_word' id='word_1_417' title='bbox 810 2488 886 2521; x_wconf 82' lang='grc' dir='ltr'>δντος</span> <span class='ocrx_word' id='word_1_418' title='bbox 899 2488 967 2516; x_wconf 85' lang='grc' dir='ltr'><strong>Θεοῦ</strong></span> 
     </span>
    </p>
   </div>
   <div class='ocr_carea' id='block_1_69' title="bbox 176 2532 968 2570">
    <p class='ocr_par' dir='ltr' id='par_1_69' title="bbox 176 2532 968 2570">
     <span class='ocr_line' id='line_1_69' title="bbox 176 2532 968 2570; baseline 0.004 -11"><span class='ocrx_word' id='word_1_419' title='bbox 176 2532 273 2567; x_wconf 69' lang='grc' dir='ltr'>σοφίας</span> <span class='ocrx_word' id='word_1_420' title='bbox 293 2535 341 2560; x_wconf 78' lang='grc' dir='ltr'><strong>καὶ</strong></span> <span class='ocrx_word' id='word_1_421' title='bbox 365 2534 494 2569; x_wconf 75' lang='grc' dir='ltr'>ἀληθείας</span> <span class='ocrx_word' id='word_1_422' title='bbox 511 2533 712 2569; x_wconf 83' lang='grc' dir='ltr'>διαμαρτόντες</span> <span class='ocrx_word' id='word_1_423' title='bbox 725 2554 733 2567; x_wconf 85' lang='grc'><strong>,</strong></span> <span class='ocrx_word' id='word_1_424' title='bbox 751 2534 863 2570; x_wconf 85' lang='grc' dir='ltr'>μυρίαις</span> <span class='ocrx_word' id='word_1_425' title='bbox 877 2534 968 2568; x_wconf 78' lang='grc' dir='ltr'>δόξαις</span> 
     </span>
    </p>
   </div>
   <div class='ocr_carea' id='block_1_70' title="bbox 175 2579 962 2616">
    <p class='ocr_par' dir='ltr' id='par_1_70' title="bbox 175 2579 962 2616">
     <span class='ocr_line' id='line_1_70' title="bbox 175 2579 962 2616; baseline 0.003 -10"><span class='ocrx_word' id='word_1_426' title='bbox 175 2580 223 2606; x_wconf 78' lang='grc' dir='ltr'><strong>καὶ</strong></span> <span class='ocrx_word' id='word_1_427' title='bbox 237 2579 353 2612; x_wconf 83' lang='grc' dir='ltr'>πλάναις</span> <span class='ocrx_word' id='word_1_428' title='bbox 371 2580 419 2607; x_wconf 73' lang='grc' dir='ltr'><strong>καὶ</strong></span> <span class='ocrx_word' id='word_1_429' title='bbox 440 2580 611 2616; x_wconf 67' lang='grc' dir='ltr'>ἐναντιότης-ι</span> <span class='ocrx_word' id='word_1_430' title='bbox 632 2580 702 2616; x_wconf 86' lang='grc' dir='ltr'>πρός</span> <span class='ocrx_word' id='word_1_431' title='bbox 726 2589 756 2607; x_wconf 87' lang='grc' dir='ltr'><strong>τε</strong></span> <span class='ocrx_word' id='word_1_432' title='bbox 781 2581 896 2613; x_wconf 69' lang='grc' dir='ltr'>ἑαυτοὺς</span> <span class='ocrx_word' id='word_1_433' title='bbox 915 2582 962 2608; x_wconf 77' lang='grc' dir='ltr'><strong>καὶ</strong></span> 
     </span>
    </p>
   </div>
   <div class='ocr_carea' id='block_1_71' title="bbox 174 2626 967 2662">
    <p class='ocr_par' dir='ltr' id='par_1_71' title="bbox 174 2626 967 2662">
     <span class='ocr_line' id='line_1_71' title="bbox 174 2626 967 2662; baseline 0.001 -9"><span class='ocrx_word' id='word_1_434' title='bbox 174 2626 308 2661; x_wconf 75' lang='grc' dir='ltr'>ἀλλήλους</span> <span class='ocrx_word' id='word_1_435' title='bbox 320 2626 524 2662; x_wconf 80' lang='grc' dir='ltr'>διενεχθέντες,</span> <span class='ocrx_word' id='word_1_436' title='bbox 547 2626 810 2662; x_wconf 74' lang='grc' dir='ltr'>ἀπεδοκιμάσθησαν</span> <span class='ocrx_word' id='word_1_437' title='bbox 830 2626 893 2654; x_wconf 76' lang='grc' dir='ltr'>οὔτε</span> <span class='ocrx_word' id='word_1_438' title='bbox 910 2629 967 2659; x_wconf 86' lang='grc' dir='ltr'>τοῖς</span> 
     </span>
    </p>
   </div>
   <div class='ocr_carea' id='block_1_72' title="bbox 175 2672 966 2709">
    <p class='ocr_par' dir='ltr' id='par_1_72' title="bbox 175 2672 966 2709">
     <span class='ocr_line' id='line_1_72' title="bbox 175 2672 966 2709; baseline 0.003 -11"><span class='ocrx_word' id='word_1_439' title='bbox 175 2672 242 2707; x_wconf 71' lang='grc' dir='ltr'>περὶ</span> <span class='ocrx_word' id='word_1_440' title='bbox 255 2672 324 2699; x_wconf 76' lang='grc' dir='ltr'>Θεοῦ</span> <span class='ocrx_word' id='word_1_441' title='bbox 343 2672 433 2707; x_wconf 72' lang='grc' dir='ltr'>λόγοις</span> <span class='ocrx_word' id='word_1_442' title='bbox 448 2673 646 2708; x_wconf 83' lang='grc' dir='ltr'>συμϐαίνοντες</span> <span class='ocrx_word' id='word_1_443' title='bbox 665 2672 736 2709; x_wconf 83' lang='grc' dir='ltr'>(πῶς</span> <span class='ocrx_word' id='word_1_444' title='bbox 753 2673 809 2709; x_wconf 84' lang='grc' dir='ltr'><strong>γὰρ</strong></span> <span class='ocrx_word' id='word_1_445' title='bbox 822 2673 870 2700; x_wconf 81' lang='grc' dir='ltr'><strong>καὶ</strong></span> <span class='ocrx_word' id='word_1_446' title='bbox 883 2673 966 2708; x_wconf 77' lang='grc' dir='ltr'>ἐμελ-</span> 
     </span>
    </p>
   </div>
   <div class='ocr_carea' id='block_1_73' title="bbox 175 2715 966 2754">
    <p class='ocr_par' dir='ltr' id='par_1_73' title="bbox 175 2715 966 2754">
     <span class='ocr_line' id='line_1_73' title="bbox 175 2715 966 2754; baseline 0.003 -12"><span class='ocrx_word' id='word_1_447' title='bbox 175 2715 222 2743; x_wconf 87' lang='grc' dir='ltr'><strong>λον</strong></span> <span class='ocrx_word' id='word_1_448' title='bbox 239 2716 264 2743; x_wconf 80' lang='grc' dir='ltr'>οἱ</span> <span class='ocrx_word' id='word_1_449' title='bbox 278 2717 316 2752; x_wconf 79' lang='grc' dir='ltr'>μὴ</span> <span class='ocrx_word' id='word_1_450' title='bbox 331 2718 397 2753; x_wconf 83' lang='grc' dir='ltr'>παρ’</span> <span class='ocrx_word' id='word_1_451' title='bbox 414 2718 498 2745; x_wconf 84' lang='grc' dir='ltr'>αὐτοῦ</span> <span class='ocrx_word' id='word_1_452' title='bbox 515 2718 579 2754; x_wconf 76' lang='grc' dir='ltr'>περὶ</span> <span class='ocrx_word' id='word_1_453' title='bbox 592 2718 676 2746; x_wconf 80' lang='grc' dir='ltr'>αὑτοῦ</span> <span class='ocrx_word' id='word_1_454' title='bbox 694 2717 854 2754; x_wconf 83' lang='grc' dir='ltr'>μυούμενοι,</span> <span class='ocrx_word' id='word_1_455' title='bbox 868 2717 899 2744; x_wconf 80' lang='grc' dir='ltr'>τὸ</span> <span class='ocrx_word' id='word_1_456' title='bbox 912 2718 966 2745; x_wconf 80' lang='grc' dir='ltr'><strong>πᾶν</strong></span> 
     </span>
    </p>
   </div>
   <div class='ocr_carea' id='block_1_74' title="bbox 205 2802 967 2840">
    <p class='ocr_par' dir='ltr' id='par_1_74' title="bbox 205 2802 967 2840">
     <span class='ocr_line' id='line_1_74' title="bbox 205 2802 967 2840; baseline 0.003 -10"><span class='ocrx_word' id='word_1_457' title='bbox 205 2802 260 2839; x_wconf 81' lang='grc' dir='ltr'>(ιι)</span> <span class='ocrx_word' id='word_1_458' title='bbox 281 2803 345 2837; x_wconf 76' lang='lat' dir='ltr'><strong>Mai,</strong></span> <span class='ocrx_word' id='word_1_459' title='bbox 363 2803 489 2840; x_wconf 77' lang='lat' dir='ltr'><strong>Spicileq.</strong></span> <span class='ocrx_word' id='word_1_460' title='bbox 514 2804 590 2832; x_wconf 81' lang='lat' dir='ltr'><strong>Rom.</strong></span> <span class='ocrx_word' id='word_1_461' title='bbox 607 2803 639 2838; x_wconf 84' lang='lat' dir='ltr'><strong>V,</strong></span> <span class='ocrx_word' id='word_1_462' title='bbox 658 2805 769 2840; x_wconf 17' lang='lat' dir='ltr'><strong>397.7ex</strong></span> <span class='ocrx_word' id='word_1_463' title='bbox 783 2804 878 2832; x_wconf 83' lang='lat' dir='ltr'><strong>codice</strong></span> <span class='ocrx_word' id='word_1_464' title='bbox 889 2803 967 2832; x_wconf 71' lang='lat' dir='ltr'><strong>Vati-</strong></span> 
     </span>
    </p>
   </div>
   <div class='ocr_carea' id='block_1_75' title="bbox 176 2839 966 2875">
    <p class='ocr_par' dir='ltr' id='par_1_75' title="bbox 176 2839 966 2875">
     <span class='ocr_line' id='line_1_75' title="bbox 176 2839 966 2875; baseline 0 -9"><span class='ocrx_word' id='word_1_465' title='bbox 176 2846 247 2867; x_wconf 74' lang='lat' dir='ltr'><strong>eauo</strong></span> <span class='ocrx_word' id='word_1_466' title='bbox 263 2840 322 2874; x_wconf 86' lang='lat' dir='ltr'><strong>qui,</strong></span> <span class='ocrx_word' id='word_1_467' title='bbox 338 2845 429 2875; x_wconf 83' lang='lat' dir='ltr'><strong>ulpntc</strong></span> <span class='ocrx_word' id='word_1_468' title='bbox 451 2839 483 2868; x_wconf 59' lang='lat' dir='ltr'><strong>es</strong></span> <span class='ocrx_word' id='word_1_469' title='bbox 515 2841 671 2875; x_wconf 87' lang='lat' dir='ltr'><strong>antiquiore</strong></span> <span class='ocrx_word' id='word_1_470' title='bbox 699 2839 840 2868; x_wconf 80' lang='lat' dir='ltr'><strong>Siortiano</strong></span> <span class='ocrx_word' id='word_1_471' title='bbox 863 2839 966 2867; x_wconf 85' lang='lat' dir='ltr'><strong>descri-</strong></span> 
     </span>
    </p>
   </div>
   <div class='ocr_carea' id='block_1_76' title="bbox 177 2875 966 2911">
    <p class='ocr_par' dir='ltr' id='par_1_76' title="bbox 177 2875 966 2911">
     <span class='ocr_line' id='line_1_76' title="bbox 177 2875 966 2911; baseline 0.003 -10"><span class='ocrx_word' id='word_1_472' title='bbox 177 2879 250 2909; x_wconf 87' lang='lat' dir='ltr'><strong>ptus,</strong></span> <span class='ocrx_word' id='word_1_473' title='bbox 270 2875 375 2903; x_wconf 79' lang='lat' dir='ltr'><strong>lacunis</strong></span> <span class='ocrx_word' id='word_1_474' title='bbox 388 2875 493 2911; x_wconf 80' lang='lat' dir='ltr'><strong>aliquot</strong></span> <span class='ocrx_word' id='word_1_475' title='bbox 508 2875 626 2910; x_wconf 83' lang='lat' dir='ltr'><strong>laborat,</strong></span> <span class='ocrx_word' id='word_1_476' title='bbox 639 2880 751 2911; x_wconf 83' lang='lat' dir='ltr'><strong>propter</strong></span> <span class='ocrx_word' id='word_1_477' title='bbox 763 2875 863 2903; x_wconf 90' lang='lat' dir='ltr'><strong>veteris</strong></span> <span class='ocrx_word' id='word_1_478' title='bbox 875 2883 966 2903; x_wconf 77' lang='lat' dir='ltr'><strong>exem-</strong></span> 
     </span>
    </p>
   </div>
   <div class='ocr_carea' id='block_1_77' title="bbox 1022 2303 1813 2339">
    <p class='ocr_par' dir='ltr' id='par_1_77' title="bbox 1022 2303 1813 2339">
     <span class='ocr_line' id='line_1_77' title="bbox 1022 2303 1813 2339; baseline 0.003 -8"><span class='ocrx_word' id='word_1_479' title='bbox 1022 2311 1130 2331; x_wconf 87' lang='lat' dir='ltr'><strong>omnem</strong></span> <span class='ocrx_word' id='word_1_480' title='bbox 1156 2311 1250 2331; x_wconf 82' lang='lat' dir='ltr'><strong>veram</strong></span> <span class='ocrx_word' id='word_1_481' title='bbox 1274 2303 1457 2339; x_wconf 77' lang='lat' dir='ltr'><strong>cognitionem</strong></span> <span class='ocrx_word' id='word_1_482' title='bbox 1471 2304 1583 2339; x_wconf 86' lang='lat' dir='ltr'><strong>perduci</strong></span> <span class='ocrx_word' id='word_1_483' title='bbox 1601 2308 1628 2332; x_wconf 86' lang='lat' dir='ltr'><strong>et</strong></span> <span class='ocrx_word' id='word_1_484' title='bbox 1691 2306 1813 2333; x_wconf 66' lang='lat' dir='ltr'><strong>estima-</strong></span> 
     </span>
    </p>
   </div>
   <div class='ocr_carea' id='block_1_78' title="bbox 1021 2349 1812 2385">
    <p class='ocr_par' dir='ltr' id='par_1_78' title="bbox 1021 2349 1812 2385">
     <span class='ocr_line' id='line_1_78' title="bbox 1021 2349 1812 2385; baseline 0.003 -9"><span class='ocrx_word' id='word_1_485' title='bbox 1021 2354 1131 2376; x_wconf 83' lang='lat' dir='ltr'><strong>verunt.</strong></span> <span class='ocrx_word' id='word_1_486' title='bbox 1154 2349 1218 2377; x_wconf 87' lang='lat' dir='ltr'><strong>Idco</strong></span> <span class='ocrx_word' id='word_1_487' title='bbox 1241 2356 1329 2384; x_wconf 85' lang='lat' dir='ltr'><strong>neque</strong></span> <span class='ocrx_word' id='word_1_488' title='bbox 1353 2349 1424 2376; x_wconf 88' lang='lat' dir='ltr'><strong>circa</strong></span> <span class='ocrx_word' id='word_1_489' title='bbox 1454 2349 1599 2384; x_wconf 86' lang='lat' dir='ltr'><strong>principia.</strong></span> <span class='ocrx_word' id='word_1_490' title='bbox 1627 2357 1715 2385; x_wconf 89' lang='lat' dir='ltr'><strong>neque</strong></span> <span class='ocrx_word' id='word_1_491' title='bbox 1738 2351 1812 2378; x_wconf 84' lang='lat' dir='ltr'><strong>circa</strong></span> 
     </span>
    </p>
   </div>
   <div class='ocr_carea' id='block_1_79' title="bbox 1021 2394 1811 2430">
    <p class='ocr_par' dir='ltr' id='par_1_79' title="bbox 1021 2394 1811 2430">
     <span class='ocr_line' id='line_1_79' title="bbox 1021 2394 1811 2430; baseline 0.004 -7"><span class='ocrx_word' id='word_1_492' title='bbox 1021 2402 1065 2423; x_wconf 86' lang='lat' dir='ltr'><strong>res</strong></span> <span class='ocrx_word' id='word_1_493' title='bbox 1082 2402 1143 2429; x_wconf 73' lang='lat' dir='ltr'><strong>qua:</strong></span> <span class='ocrx_word' id='word_1_494' title='bbox 1161 2394 1303 2430; x_wconf 89' lang='lat' dir='ltr'><strong>principiis</strong></span> <span class='ocrx_word' id='word_1_495' title='bbox 1317 2395 1479 2428; x_wconf 88' lang='lat' dir='ltr'><strong>succedunt,</strong></span> <span class='ocrx_word' id='word_1_496' title='bbox 1495 2403 1587 2430; x_wconf 86' lang='lat' dir='ltr'><strong>neque</strong></span> <span class='ocrx_word' id='word_1_497' title='bbox 1607 2396 1680 2424; x_wconf 88' lang='lat' dir='ltr'><strong>circa</strong></span> <span class='ocrx_word' id='word_1_498' title='bbox 1705 2398 1811 2426; x_wconf 82' lang='lat' dir='ltr'><strong>entiutn</strong></span> 
     </span>
    </p>
   </div>
   <div class='ocr_carea' id='block_1_80' title="bbox 1021 2440 1812 2476">
    <p class='ocr_par' dir='ltr' id='par_1_80' title="bbox 1021 2440 1812 2476">
     <span class='ocr_line' id='line_1_80' title="bbox 1021 2440 1812 2476; baseline 0.001 -8"><span class='ocrx_word' id='word_1_499' title='bbox 1021 2440 1103 2468; x_wconf 90' lang='lat' dir='ltr'><strong>linem</strong></span> <span class='ocrx_word' id='word_1_500' title='bbox 1127 2440 1230 2476; x_wconf 85' lang='lat' dir='ltr'><strong>aliquid</strong></span> <span class='ocrx_word' id='word_1_501' title='bbox 1259 2440 1421 2468; x_wconf 85' lang='lat' dir='ltr'><strong>rationabile</strong></span> <span class='ocrx_word' id='word_1_502' title='bbox 1448 2441 1491 2468; x_wconf 85' lang='lat' dir='ltr'><strong>vel</strong></span> <span class='ocrx_word' id='word_1_503' title='bbox 1519 2441 1660 2476; x_wconf 86' lang='lat' dir='ltr'><strong>probabile</strong></span> <span class='ocrx_word' id='word_1_504' title='bbox 1688 2442 1812 2476; x_wconf 76' lang='lat' dir='ltr'><strong>philoso-</strong></span> 
     </span>
    </p>
   </div>
   <div class='ocr_carea' id='block_1_81' title="bbox 1021 2487 1812 2523">
    <p class='ocr_par' dir='ltr' id='par_1_81' title="bbox 1021 2487 1812 2523">
     <span class='ocr_line' id='line_1_81' title="bbox 1021 2487 1812 2523; baseline 0.004 -9"><span class='ocrx_word' id='word_1_505' title='bbox 1021 2487 1100 2523; x_wconf 86' lang='lat' dir='ltr'><strong>phari</strong></span> <span class='ocrx_word' id='word_1_506' title='bbox 1125 2487 1312 2515; x_wconf 87' lang='lat' dir='ltr'><strong>inveniuntur.</strong></span> <span class='ocrx_word' id='word_1_507' title='bbox 1336 2487 1415 2515; x_wconf 89' lang='lat' dir='ltr'><strong>Unde</strong></span> <span class='ocrx_word' id='word_1_508' title='bbox 1438 2487 1496 2515; x_wconf 87' lang='lat' dir='ltr'><strong>sola</strong></span> <span class='ocrx_word' id='word_1_509' title='bbox 1515 2491 1543 2515; x_wconf 90' lang='lat' dir='ltr'><strong>et</strong></span> <span class='ocrx_word' id='word_1_510' title='bbox 1567 2487 1648 2515; x_wconf 89' lang='lat' dir='ltr'><strong>unica</strong></span> <span class='ocrx_word' id='word_1_511' title='bbox 1676 2487 1722 2516; x_wconf 89' lang='lat' dir='ltr'><strong>Dei</strong></span> <span class='ocrx_word' id='word_1_512' title='bbox 1749 2496 1812 2517; x_wconf 82' lang='lat' dir='ltr'><strong>vere</strong></span> 
     </span>
    </p>
   </div>
   <div class='ocr_carea' id='block_1_82' title="bbox 1021 2532 1811 2568">
    <p class='ocr_par' dir='ltr' id='par_1_82' title="bbox 1021 2532 1811 2568">
     <span class='ocr_line' id='line_1_82' title="bbox 1021 2532 1811 2568; baseline 0.001 -8"><span class='ocrx_word' id='word_1_513' title='bbox 1021 2532 1180 2561; x_wconf 79' lang='lat' dir='ltr'><strong>exsistentis</strong></span> <span class='ocrx_word' id='word_1_514' title='bbox 1207 2532 1339 2568; x_wconf 84' lang='lat' dir='ltr'><strong>sapientia</strong></span> <span class='ocrx_word' id='word_1_515' title='bbox 1370 2537 1398 2560; x_wconf 89' lang='lat' dir='ltr'><strong>et</strong></span> <span class='ocrx_word' id='word_1_516' title='bbox 1428 2534 1543 2560; x_wconf 82' lang='lat' dir='ltr'><strong>veritate</strong></span> <span class='ocrx_word' id='word_1_517' title='bbox 1569 2538 1705 2565; x_wconf 82' lang='lat' dir='ltr'><strong>carentes.</strong></span> <span class='ocrx_word' id='word_1_518' title='bbox 1737 2534 1811 2561; x_wconf 79' lang='lat' dir='ltr'><strong>mul-</strong></span> 
     </span>
    </p>
   </div>
   <div class='ocr_carea' id='block_1_83' title="bbox 1021 2578 1810 2614">
    <p class='ocr_par' dir='ltr' id='par_1_83' title="bbox 1021 2578 1810 2614">
     <span class='ocr_line' id='line_1_83' title="bbox 1021 2578 1810 2614; baseline 0.003 -8"><span class='ocrx_word' id='word_1_519' title='bbox 1021 2579 1056 2606; x_wconf 79' lang='lat' dir='ltr'><strong>tis</strong></span> <span class='ocrx_word' id='word_1_520' title='bbox 1079 2578 1256 2614; x_wconf 86' lang='lat' dir='ltr'><strong>opinionibus</strong></span> <span class='ocrx_word' id='word_1_521' title='bbox 1277 2584 1305 2605; x_wconf 84' lang='lat' dir='ltr'><strong>et</strong></span> <span class='ocrx_word' id='word_1_522' title='bbox 1324 2578 1463 2606; x_wconf 86' lang='lat' dir='ltr'><strong>erroribus</strong></span> <span class='ocrx_word' id='word_1_523' title='bbox 1488 2583 1516 2606; x_wconf 90' lang='lat' dir='ltr'><strong>et</strong></span> <span class='ocrx_word' id='word_1_524' title='bbox 1547 2580 1810 2608; x_wconf 84' lang='lat' dir='ltr'><strong>contradictionibus</strong></span> 
     </span>
    </p>
   </div>
   <div class='ocr_carea' id='block_1_84' title="bbox 1021 2624 1809 2660">
    <p class='ocr_par' dir='ltr' id='par_1_84' title="bbox 1021 2624 1809 2660">
     <span class='ocr_line' id='line_1_84' title="bbox 1021 2624 1809 2660; baseline 0.001 -8"><span class='ocrx_word' id='word_1_525' title='bbox 1021 2633 1083 2652; x_wconf 91' lang='lat' dir='ltr'><strong>cum</strong></span> <span class='ocrx_word' id='word_1_526' title='bbox 1099 2625 1196 2660; x_wconf 85' lang='lat' dir='ltr'><strong>seipsis</strong></span> <span class='ocrx_word' id='word_1_527' title='bbox 1213 2629 1240 2652; x_wconf 81' lang='lat' dir='ltr'><strong>et</strong></span> <span class='ocrx_word' id='word_1_528' title='bbox 1259 2632 1322 2652; x_wconf 88' lang='lat' dir='ltr'><strong>cum</strong></span> <span class='ocrx_word' id='word_1_529' title='bbox 1344 2624 1405 2652; x_wconf 86' lang='lat' dir='ltr'><strong>aliis</strong></span> <span class='ocrx_word' id='word_1_530' title='bbox 1421 2624 1528 2659; x_wconf 81' lang='lat' dir='ltr'><strong>agitati,</strong></span> <span class='ocrx_word' id='word_1_531' title='bbox 1547 2625 1683 2660; x_wconf 87' lang='lat' dir='ltr'><strong>reprobati</strong></span> <span class='ocrx_word' id='word_1_532' title='bbox 1700 2631 1764 2653; x_wconf 85' lang='lat' dir='ltr'><strong>sunt</strong></span> <span class='ocrx_word' id='word_1_533' title='bbox 1780 2626 1809 2653; x_wconf 93' lang='lat' dir='ltr'><strong>in</strong></span> 
     </span>
    </p>
   </div>
   <div class='ocr_carea' id='block_1_85' title="bbox 1020 2669 1808 2705">
    <p class='ocr_par' dir='ltr' id='par_1_85' title="bbox 1020 2669 1808 2705">
     <span class='ocr_line' id='line_1_85' title="bbox 1020 2669 1808 2705; baseline 0.001 -9"><span class='ocrx_word' id='word_1_534' title='bbox 1020 2670 1192 2697; x_wconf 82' lang='lat' dir='ltr'><strong>sermonibus</strong></span> <span class='ocrx_word' id='word_1_535' title='bbox 1208 2670 1280 2697; x_wconf 84' lang='lat' dir='ltr'><strong>circa</strong></span> <span class='ocrx_word' id='word_1_536' title='bbox 1293 2669 1376 2697; x_wconf 88' lang='lat' dir='ltr'><strong>Deum</strong></span> <span class='ocrx_word' id='word_1_537' title='bbox 1386 2678 1440 2698; x_wconf 93' lang='lat' dir='ltr'><strong>non</strong></span> <span class='ocrx_word' id='word_1_538' title='bbox 1456 2671 1663 2698; x_wconf 89' lang='lat' dir='ltr'><strong>convenientes:</strong></span> <span class='ocrx_word' id='word_1_539' title='bbox 1673 2671 1808 2705; x_wconf 86' lang='lat' dir='ltr'><strong>quomodo</strong></span> 
     </span>
    </p>
   </div>
   <div class='ocr_carea' id='block_1_86' title="bbox 1021 2715 1808 2752">
    <p class='ocr_par' dir='ltr' id='par_1_86' title="bbox 1021 2715 1808 2752">
     <span class='ocr_line' id='line_1_86' title="bbox 1021 2715 1808 2752; baseline -0.003 -8"><span class='ocrx_word' id='word_1_540' title='bbox 1021 2715 1094 2744; x_wconf 85' lang='lat' dir='ltr'><strong>enim</strong></span> <span class='ocrx_word' id='word_1_541' title='bbox 1112 2716 1222 2744; x_wconf 72' lang='lat' dir='ltr'><strong>evenire</strong></span> <span class='ocrx_word' id='word_1_542' title='bbox 1235 2715 1350 2744; x_wconf 86' lang='lat' dir='ltr'><strong>debebat</strong></span> <span class='ocrx_word' id='word_1_543' title='bbox 1367 2716 1410 2744; x_wconf 87' lang='lat' dir='ltr'><strong>his</strong></span> <span class='ocrx_word' id='word_1_544' title='bbox 1424 2716 1471 2752; x_wconf 91' lang='lat' dir='ltr'><strong>qui</strong></span> <span class='ocrx_word' id='word_1_545' title='bbox 1489 2724 1544 2744; x_wconf 94' lang='lat' dir='ltr'><strong>non</strong></span> <span class='ocrx_word' id='word_1_546' title='bbox 1566 2716 1601 2744; x_wconf 89' lang='lat' dir='ltr'><strong>ab</strong></span> <span class='ocrx_word' id='word_1_547' title='bbox 1626 2716 1672 2743; x_wconf 89' lang='lat' dir='ltr'><strong>illo</strong></span> <span class='ocrx_word' id='word_1_548' title='bbox 1705 2716 1738 2743; x_wconf 84' lang='lat' dir='ltr'><strong>de</strong></span> <span class='ocrx_word' id='word_1_549' title='bbox 1760 2715 1808 2742; x_wconf 89' lang='lat' dir='ltr'><strong>illo</strong></span> 
     </span>
    </p>
   </div>
   <div class='ocr_carea' id='block_1_87' title="bbox 1017 2801 1805 2866">
    <p class='ocr_par' dir='ltr' id='par_1_87' title="bbox 1017 2801 1805 2866">
     <span class='ocr_line' id='line_1_87' title="bbox 1017 2801 1805 2866; baseline -0.003 -35"><span class='ocrx_word' id='word_1_550' title='bbox 1017 2804 1103 2866; x_wconf 64' lang='lat' dir='ltr'><strong>Klaris</strong></span> <span class='ocrx_word' id='word_1_551' title='bbox 1118 2804 1229 2832; x_wconf 85' lang='lat' dir='ltr'><strong>damna.</strong></span> <span class='ocrx_word' id='word_1_552' title='bbox 1244 2803 1324 2831; x_wconf 74' lang='lat' dir='ltr'><strong>Deest</strong></span> <span class='ocrx_word' id='word_1_553' title='bbox 1334 2805 1385 2832; x_wconf 88' lang='lat' dir='ltr'><strong>hoc</strong></span> <span class='ocrx_word' id='word_1_554' title='bbox 1395 2803 1589 2839; x_wconf 75' lang='lat' dir='ltr'><strong>procemiumin</strong></span> <span class='ocrx_word' id='word_1_555' title='bbox 1601 2801 1805 2843; x_wconf 70' lang='lat' dir='ltr'><strong>Commentario</strong></span> 
     </span>
     <span class='ocr_line' id='line_1_88' title="bbox 1033 2838 1804 2866; baseline -0.001 0"><span class='ocrx_word' id='word_1_556' title='bbox 1033 2839 1118 2866; x_wconf 74' lang='lat' dir='ltr'><strong>&#39;icetae</strong></span> <span class='ocrx_word' id='word_1_557' title='bbox 1145 2839 1218 2866; x_wconf 87' lang='lat' dir='ltr'><strong>nuod</strong></span> <span class='ocrx_word' id='word_1_558' title='bbox 1246 2845 1307 2866; x_wconf 82' lang='lat' dir='ltr'><strong>Dost</strong></span> <span class='ocrx_word' id='word_1_559' title='bbox 1331 2839 1455 2866; x_wconf 58' lang='lat' dir='ltr'><strong>Gregorii</strong></span> <span class='ocrx_word' id='word_1_560' title='bbox 1485 2838 1651 2866; x_wconf 75' lang='lat' dir='ltr'><strong>Nazianzeni</strong></span> <span class='ocrx_word' id='word_1_561' title='bbox 1679 2846 1804 2866; x_wconf 85' lang='lat' dir='ltr'><strong>carunna</strong></span> 
     </span>
    </p>
   </div>
   <div class='ocr_carea' id='block_1_88' title="bbox 1033 2839 1804 2875">
    <p class='ocr_par' dir='ltr' id='par_1_88' title="bbox 1033 2839 1804 2875">
     <span class='ocr_line' id='line_1_89' title="bbox 1033 2839 1804 2875; baseline 0 -10"><span class='ocrx_word' id='word_1_562' title='bbox 1033 2839 1118 2867; x_wconf 74' lang='lat' dir='ltr'><strong>iicetae</strong></span> <span class='ocrx_word' id='word_1_563' title='bbox 1145 2839 1218 2875; x_wconf 87' lang='lat' dir='ltr'><strong>quod</strong></span> <span class='ocrx_word' id='word_1_564' title='bbox 1246 2845 1307 2875; x_wconf 82' lang='lat' dir='ltr'><strong>post</strong></span> <span class='ocrx_word' id='word_1_565' title='bbox 1331 2839 1460 2875; x_wconf 72' lang='lat' dir='ltr'><strong>Gregorii</strong></span> <span class='ocrx_word' id='word_1_566' title='bbox 1485 2839 1651 2866; x_wconf 75' lang='lat' dir='ltr'><strong>Nazianzeni</strong></span> <span class='ocrx_word' id='word_1_567' title='bbox 1679 2839 1804 2866; x_wconf 83' lang='lat' dir='ltr'><strong>carmina</strong></span> 
     </span>
    </p>
   </div>
   <div class='ocr_carea' id='block_1_89' title="bbox 1016 2861 1521 2911">
    <p class='ocr_par' dir='ltr' id='par_1_89' title="bbox 1016 2861 1521 2911">
     <span class='ocr_line' id='line_1_90' title="bbox 1016 2861 1521 2911; baseline -0.004 -7"><span class='ocrx_word' id='word_1_568' title='bbox 1016 2861 1234 2911; x_wconf 44' lang='lat' dir='ltr'><strong>iamneque</strong></span> <span class='ocrx_word' id='word_1_569' title='bbox 1240 2861 1430 2911; x_wconf 44' lang='lat' dir='ltr'><strong>filiiﬁlii)“:</strong></span> <span class='ocrx_word' id='word_1_570' title='bbox 1438 2861 1521 2903; x_wconf 62' lang='grc' dir='ltr'><strong>ἑυῐὲῖ</strong></span> 
     </span>
    </p>
   </div>
  </div>
