2092 3156
288 144 339 176 579

865 139 1012 170 NICETEE
1030 139 1297 182 FAPHLAGONIS

1863 141 1917 173 580

289 196 426 227 edocti.in
445 195 520 223 omni
539 202 568 222 re
590 195 648 222 suis
669 196 787 230 propriis
811 197 1021 230 cogitationibus
1046 203 1075 223 se

1127 195 1154 221 δὲ
1173 196 1230 227 τοῖς
1246 195 1321 227 ἰδίοις
1332 195 1529 230 επιτρέψαντες
1543 195 1682 231 λογισμοῖς
1693 196 1729 231 ;),
1745 196 1805 223 οὔτε
1822 196 1850 223 δὲ
1865 199 1921 223 τῶν

288 242 604 278 permittebant?neque
617 241 651 267 de
669 241 711 268 his
730 249 792 276 qua:
804 241 837 268 ad
855 241 938 268 Deum
961 242 1078 268 attinent

291 289 455 315 t‘onrot‘dv‘m
473 293 499 314 et
517 288 625 314 ﬁrmum
644 294 799 314 sermonem
814 291 841 313 ct
863 286 1076 314 determinatum

289 341 337 367 per
349 332 473 359 veritatis
487 340 610 359 amorem
628 332 780 359 ehtrnbrati
795 337 868 359 sunt.

324 379 505 411 Quamobrem
535 384 607 405 certe
637 378 774 412 sapienter
785 384 895 406 etrecte
909 384 1073 414 supernatu-

288 424 380 450 raliter
393 424 599 456 supernatat-ale
613 424 657 450 Dei
673 424 761 452 Patris
776 425 905 456 Verbum,
915 425 1078 460 utiudignos

288 470 339 496 title
351 472 377 496 et
402 470 512 496 insanos
525 469 612 496 laetos
628 469 688 497 illos
705 477 765 497 esse
793 471 885 505 arguit
911 475 938 498 et
957 475 1078 498 contem-

289 515 407 549 ptibiles,
420 515 554 548 homoque
565 523 612 549 per
623 515 727 549 paterni
738 515 856 548 Spiritus
868 516 894 542 in
903 517 1076 551 purissimam

288 560 400 587 Mariam
415 560 666 591 obumbratioucm.
683 565 709 587 et
725 561 784 588 sine
800 567 909 595 peccato
928 562 1077 589 humanam

290 607 429 641 ingressus
445 607 537 638 vitam,
555 607 726 633 st-rtnonihus
739 615 799 642 quze
813 609 846 634 ad
861 616 941 634 unam
953 613 980 635 et
991 609 1076 635 solam

289 652 316 679 ill
338 652 469 680 Trinitate
485 652 604 679 divinam
623 653 805 680 hierart-hiam
819 654 984 685 attinebant.
1000 663 1077 682 reve-

288 697 353 724 lavit
380 706 387 729 ;
406 705 466 732 qua:
486 703 574 724 autem
601 698 627 724 in
649 699 708 732 ipso
724 698 824 726 fiebant
844 705 889 727 aut
907 699 976 727 facta
999 707 1078 729 erant

289 742 427 769 similibus
443 743 533 770 verbis
550 751 582 770 ac
597 745 737 778 propheta:
754 744 901 778 patefecit;
918 749 946 771 et
967 753 1026 780 qua:
1043 746 1076 773 de

288 796 340 815 suo
356 788 409 815 ﬁne
430 794 508 816 erant
526 789 677 824 grandibus
691 795 718 816 et
730 790 819 825 dignis
836 792 1010 818 sermonibus
1032 800 1076 818 rc-

289 840 349 861 rtas
364 839 391 861 et
407 834 588 869 iutelligentcs
604 843 684 863 aures
696 837 806 863 edocuit
822 846 828 868 ;
843 837 971 871 operibus
984 844 1075 864 autem

287 880 416 907 omnibus
429 884 456 906 et
469 881 569 908 divinis
586 881 672 916 signis
685 889 751 910 suos
767 889 908 909 sermones
927 883 1074 910 coulirma-
1092 875 1112 902 Β

287 926 327 952 vit
350 931 376 953 et
399 926 476 952 [idem
498 927 612 961 adeptus
636 932 688 959 est,
715 928 807 962 itaque
829 928 938 955 stultam
964 936 1073 956 omnem

289 971 385 998 mundi
413 971 575 1005 Sapientiam
607 981 669 1000 eum
704 973 908 1001 manifestasset
939 979 1073 1009 quantum

289 1020 378 1050 [mi-st
387 1016 486 1050 aliquis
497 1025 545 1050 per
556 1025 665 1044 crucem
681 1022 708 1044 et
723 1018 893 1053 sepulturam
907 1024 934 1046 et
951 1027 1075 1047 resurre-

288 1061 421 1090 ctionem.
446 1061 481 1087 ad
506 1061 613 1088 Patrem
628 1070 644 1089 ιι
657 1070 712 1097 quo
735 1063 830 1092 exivit.
844 1068 872 1091 et
888 1064 921 1090 ad
937 1064 1075 1098 propriam

289 1105 405 1140 gloriam
433 1107 554 1134 ascendit
574 1116 581 1141 ;
599 1115 679 1151 suum
702 1117 766 1136 vero
787 1110 814 1136 in
840 1110 930 1137 locum
951 1110 1073 1145 ejusdem

288 1156 394 1178 natura:
418 1152 551 1187 Spiritum
567 1153 676 1181 famulis
692 1155 750 1182 suis
766 1156 887 1187 mittens,
902 1163 950 1190 per
967 1163 1073 1188 omnes,

288 1196 335 1231 qui
351 1197 456 1225 cunctis
481 1198 703 1232 generationibus
732 1204 856 1234 surgent.
884 1207 979 1228 servos
996 1208 1071 1234 suos,

291 1248 402 1272 sanctas
428 1247 455 1271 et
483 1252 598 1272 arcanas
629 1245 664 1273 de
690 1245 744 1272 Deo
770 1246 951 1274 revelationes
977 1251 1004 1273 et
1028 1254 1074 1273 sa-

286 1289 396 1324 pientiae
424 1291 552 1318 veritates
576 1291 834 1325 etmagniﬁcentias
862 1291 998 1319 diii'undit.
1028 1292 1074 1319 Vi-

287 1336 390 1362 dentur
410 1336 520 1371 quidem
546 1336 662 1364 diverste
675 1337 800 1371 quaedam
815 1343 878 1365 esse
889 1341 916 1364 ct
934 1336 1074 1364 multifor-

288 1388 358 1413 nies,
375 1381 491 1409 fortasse
506 1381 588 1409 etiam
605 1383 756 1410 contradici
771 1384 895 1417 qumdam
911 1388 1074 1418 reputaren-

287 1430 334 1454 tur
359 1434 374 1453 a
408 1427 585 1461 quibusdam,
615 1428 649 1455 de
676 1428 731 1456 Deo
760 1429 901 1459 doctrina).
938 1437 998 1463 qua:
1026 1436 1075 1464 per

286 1473 435 1506 prophetas
450 1477 476 1499 et
491 1473 628 1506 apostolos
644 1477 671 1500 et
687 1474 792 1508 hosqui
805 1474 891 1501 secuti
902 1479 967 1500 sunt.
982 1474 1073 1508 plures

288 1523 401 1544 sanctos
417 1519 541 1545 doctores
561 1519 694 1546 institutze
717 1525 781 1547 sunt
799 1529 805 1546 :
827 1527 860 1546 ne
889 1527 940 1546 una
964 1519 1072 1554 quidem

292 1563 363 1597 apud
383 1563 443 1590 illos
458 1563 504 1597 qui
521 1570 612 1590 veram
632 1564 745 1598 gloriam
769 1564 933 1590 annuntiant
954 1565 1075 1591 occurrit

286 1608 480 1635 contradictio.
511 1606 612 1636 Omnes
637 1609 711 1635 enim
732 1617 747 1636 a
766 1609 820 1636 Deo
840 1610 978 1644 inspirata:
995 1610 1073 1636 theo-

287 1652 386 1688 logia,
401 1660 435 1680 ex
452 1661 506 1681 uno
535 1658 562 1681 et
583 1654 642 1688 ejus
659 1659 756 1682 sancto
781 1654 882 1690 Spiritu
909 1655 1074 1690 principium

284 1703 470 1732 assumentes,
503 1704 530 1727 et
563 1701 596 1727 ad
626 1708 712 1728 unum
743 1701 866 1729 veritatis
905 1703 1073 1736 propositum

287 1744 440 1776 tendentes.
455 1746 605 1773 concordes
621 1754 713 1774 secum
731 1751 759 1774 ct
781 1755 844 1774 cum
859 1747 921 1774 aliis
945 1755 1075 1774 consonat

287 1799 349 1819 esse
377 1792 502 1825 debent;
521 1792 659 1819 veteribus
684 1800 793 1828 quoque
821 1793 973 1828 Scripturis
998 1800 1075 1820 novae

285 1836 471 1872 insequuntur
485 1842 512 1865 et
523 1842 627 1865 veteres
645 1840 724 1866 n0vis
736 1839 921 1870 consentiunt,
935 1844 961 1866 et
973 1839 1075 1866 mtllam

288 1883 447 1912 hominibus
456 1893 537 1912 sensu
549 1886 671 1920 praeditis
681 1886 924 1913 contradictionem
937 1886 1074 1920 praabent;

284 1928 342 1955 nisi
360 1929 423 1964 quis
436 1929 471 1956 ab
486 1930 546 1956 aliis
559 1930 692 1965 theologis
706 1929 822 1963 dictum,
834 1930 896 1957 aliis
906 1925 1074 1963 attribuerit;

285 1974 360 2009 quod
386 1975 457 2009 apud
484 1976 631 2010 prophetas
656 1976 774 2003 obscure
790 1980 817 2002 et
844 1975 1017 2011 aenigmaticc
1033 1975 1076 2002 di-

285 2026 362 2050 ctum
383 2027 426 2050 est
449 2028 561 2058 propter
582 2029 700 2058 tempus,
726 2024 800 2051 clare
813 2029 840 2052 et
854 2024 914 2052 sine
940 2023 1076 2059 ambigui-

284 2073 343 2109 tate
362 2077 410 2104 per
420 2070 602 2103 evangelistas
614 2070 737 2103 dicatur;
753 2075 810 2102 aut,
829 2070 862 2096 ad
879 2070 937 2096 inec
952 2076 1074 2104 quoque,

287 2114 341 2142 nisi
356 2114 421 2149 qttid
443 2115 553 2142 concise
565 2119 592 2142 et
605 2115 699 2149 rapide
715 2115 785 2149 apud
801 2115 940 2149 apostolos
958 2115 1073 2145 dictum,

285 2160 440 2194 explicatis,
457 2161 555 2195 amplis
585 2165 612 2187 et
632 2160 740 2187 diﬂ'usis
764 2162 854 2188 verbis
877 2169 924 2195 per
948 2161 1076 2188 Ecclesia:

287 2202 496 2234 adiﬁcationem
510 2215 525 2233 a
540 2207 699 2234 doctoribus
714 2211 857 2234 tractatum
871 2208 920 2235 sit.

287 2312 291 2315 -
323 2295 351 2323 Si
367 2295 430 2331 quis
445 2295 526 2331 igitur
542 2295 605 2322 talia
620 2295 833 2323 discordantiam
847 2297 874 2323 in
888 2297 975 2324 sueris
991 2296 1076 2323 Litte-

287 2343 327 2370 ris
342 2343 520 2377 repntaverit,
539 2342 651 2370 omnino
678 2343 721 2370 ille
745 2343 824 2378 longe
839 2351 853 2369 a
873 2344 996 2370 veritatis
1011 2351 1076 2375 pro-

289 2389 377 2423 posito
405 2388 514 2416 decidit.
529 2388 589 2416 Non
603 2396 668 2424 ergo
688 2389 872 2416 discordantia
889 2391 1012 2424 quaedam
1030 2393 1076 2415 aut

287 2434 470 2462 contradictio
497 2436 567 2462 inest
583 2436 609 2462 in
629 2436 751 2463 veritatis
767 2436 900 2470 theologis
920 2436 992 2463 circa
1007 2436 1076 2463 sitn-

289 2481 348 2515 plex
373 2486 401 2508 et
423 2489 508 2508 unum
523 2482 646 2509 veritatis
671 2483 795 2515 verbntn,
821 2487 870 2509 aut
888 2482 921 2509 ad
947 2482 1075 2513 invicem,

288 2528 518 2561 quemadmodum
537 2527 563 2555 in
579 2528 749 2563 philosophis
775 2528 913 2556 extraneis
942 2536 1002 2556 esse
1029 2528 1076 2555 de-

290 2577 476 2606 monstratur;
500 2581 609 2608 semper
625 2574 697 2601 cnim
723 2574 768 2608 qui
786 2574 868 2601 unius
883 2573 990 2601 Domini
1012 2577 1077 2600 sunt

279 2618 411 2646 -veritatis
437 2619 551 2653 spiritus
577 2619 635 2646 suis
654 2619 902 2654 prmdecessoribus
927 2619 953 2646 in
977 2619 1029 2646 lide
1050 2623 1077 2646 et

288 2664 388 2700 pietate
405 2672 454 2692 ceu
471 2665 594 2700 patribus
615 2670 642 2692 et
657 2666 772 2693 ducibus
787 2665 843 2693 suis
857 2670 918 2700 post
936 2666 1076 2693 Christum

288 2712 385 2738 devote
400 2712 573 2745 inluereutes,
585 2716 610 2739 et
628 2711 733 2739 illorttnt
744 2713 857 2747 gratiam
875 2716 902 2739 et
915 2713 1076 2747 sapientiam

289 2760 322 2785 ad
337 2766 366 2785 se
381 2759 558 2789 adducentes.
575 2762 602 2785 et
617 2758 639 2785 si
653 2758 715 2793 quid
730 2766 842 2785 necesse
856 2762 897 2785 est
912 2759 953 2785 vel
970 2758 1043 2785 aliud
1062 2766 1076 2785 a

289 2812 318 2832 sc
332 2805 424 2839 adjici,
442 2813 495 2831 non
517 2805 569 2832 sibi
583 2804 628 2832 sed
651 2804 774 2839 patribus
792 2804 940 2838 prudenter
955 2804 1077 2832 referen-

290 2854 342 2884 tes,
358 2852 454 2879 merito
469 2851 580 2878 Patrum
596 2851 684 2878 laudis
700 2850 821 2878 haerech
840 2855 866 2878 et
879 2850 929 2885 ipsi
945 2851 1077 2879 exhiben-

1131 241 1209 275 παρὰ
1224 241 1292 268 Θεοῦ
1307 242 1458 277 γινομένων
1481 243 1625 278 σύμφωνον
1649 244 1696 269 καὶ
1710 244 1815 270 ὲπτῶτα
1840 244 1920 278 λόγον

1131 287 1179 313 καὶ
1191 286 1343 323 ὡρισμένον
1360 287 1515 323 φιλαλήθως
1530 288 1734 323 διεπονήσαντο.

1165 376 1211 402 Διὸ
1221 376 1253 411 δὴ
1267 376 1355 410 σοφῶς
1374 385 1404 403 τε
1425 377 1473 403 καὶ
1490 378 1692 413 ἀγαθοπρεπῶς
1717 378 1887 412 (malequam;
1907 380 1921 406 ὁ

1130 422 1294 457 ὑπερούσιος
1311 423 1358 449 τοῦ
1374 423 1442 450 Θεοῦ
1468 424 1573 458 Πατρὸς
1599 424 1695 458 Λόγος,
1728 425 1766 456 ὡς
1794 425 1919 456 ἀναξίους

1131 468 1249 495 πίστεως
1262 468 1309 494 καὶ
1326 469 1573 503 μεματαιωμένους
1584 470 1683 500 αὐτοὺς
1697 469 1858 504 ἐξελέγχων,
1871 471 1920 496 καὶ

1129 513 1327 546 ἐξουδενωκὼς,
1355 515 1503 550 ἀνδρωθείς
1531 524 1561 541 τε
1583 516 1627 542 διὰ
1643 516 1693 550 τῆς
1719 516 1766 542 τοῦ
1784 517 1918 551 πατρικοῦ

1130 559 1288 593 Πνεύματος
1305 560 1352 586 ἐπὶ
1364 559 1413 595 τὴν
1431 560 1586 595 ὑπέραγνον
1604 561 1721 595 Μαριὰμ
1736 561 1917 594 ἐπελεύσεως,

1130 604 1176 630 καὶ
1192 605 1278 639 χωρὶς
1303 605 1439 640 ἁμαρτίας
1461 606 1507 631 τὸν
1526 605 1696 640 ἀνθρώπινον
1711 606 1834 633 ὑπελθὼν
1851 607 1917 642 βίον,

1128 650 1219 684 λόγοις
1244 651 1294 685 μὲν
1308 651 1343 677 τὰ
1363 652 1427 685 περὶ
1440 652 1491 686 τῆς
1513 652 1577 686 μιᾶς
1601 652 1648 678 καὶ
1666 652 1750 686 μόνης
1774 653 1920 688 τριαδικῆς

1129 697 1259 732 θεαρχίας
1276 697 1463 733 διηγγελκὼς’
1480 698 1514 724 τά
1529 706 1557 724 τε
1570 698 1634 733 περὶ
1649 698 1703 726 τῶν
1719 698 1753 724 δι’
1772 698 1854 724 αὐτοῦ
1873 707 1918 732 γε-

1128 743 1256 777 γονότων,
1271 743 1287 778 ἢ
1304 744 1455 777 γινομένων
1482 743 1621 778 ὁμολόγως
1641 744 1679 778 τῷ
1701 743 1773 779 λόγῳ
1797 745 1844 771 καὶ
1864 746 1919 776 τοῖς

1128 789 1283 823 προφήταις
1299 789 1489 824 ἀνηγγελκὼς·
1508 789 1542 816 τά
1560 798 1590 815 τε
1607 790 1671 824 περὶ
1690 790 1738 816 τοῦ
1759 790 1853 821 τέλους
1868 791 1918 817 αὗ-

1127 834 1175 861 τοῦ
1191 835 1408 870 μεγαλοπρεπῶς
1426 835 1472 861 καὶ
1488 835 1664 870 ἀξιοπρεπῶς
1677 836 1770 862 εὐθέσι
1786 836 1833 862 καὶ
1857 845 1918 862 συν-

1127 882 1196 912 ετοίς
1212 880 1348 915 ὲνηχήσας
1372 880 1455 907 ὠσί-ι’
1476 880 1567 915 ἔργοις
1588 880 1616 907 δὲ
1638 881 1704 907 πᾶσι
1722 881 1768 907 καὶ
1793 881 1917 917 σημείοις

1126 926 1258 958 ἀξιοθέοις
1275 926 1481 961 ὲπισφραγίσας
1504 927 1568 958 τοὺς
1596 926 1680 953 αὑτοῦ
1697 927 1794 961 λόγους
1809 928 1855 954 καὶ
1876 936 1918 954 πι-

1126 972 1309 1007 στωσάμενος,
1339 973 1387 999 καὶ
1401 973 1497 1014 μωρὰν
1508 972 1580 999 ὀῦτω
1606 973 1697 1000 πᾶσαν
1717 973 1767 1009 τὴν
1781 975 1918 1009 κοσμικὴν

1127 1019 1224 1052 σοφίαν
1238 1019 1390 1053 ἀποφήνας,
1409 1019 1496 1053 ὁπόση
1508 1028 1550 1050 τις
1566 1019 1610 1045 διὰ
1630 1020 1747 1055 σταυροῦ
1765 1020 1812 1046 καὶ
1826 1019 1917 1054 ταφῆς

1127 1065 1176 1091 καὶ
1187 1065 1374 1095 ἀναστάσεως,
1389 1065 1458 1100 πρὸς
1473 1065 1519 1090 τὸν
1530 1065 1652 1099 Πατέρα,
1665 1067 1729 1101 παρ’
1743 1063 1772 1093 οὐ
1788 1065 1915 1100 ἐξελήλυο

1131 1110 1189 1141 θεν,
1206 1110 1253 1136 καὶ
1269 1110 1318 1145 τὴν
1336 1109 1405 1136 [δίαν
1418 1110 1555 1144 ἐπανῆλθε
1574 1110 1654 1142 δόξαν
1666 1118 1672 1124 '
1692 1110 1789 1137 ἑαυτοῦ
1803 1110 1831 1136 δὲ
1851 1111 1915 1137 ἀντ-

1125 1156 1253 1191 άλλαγμα
1271 1156 1301 1182 τὸ
1322 1155 1444 1190 συμφυὲς
1462 1155 1576 1189 Πνεῦμα
1599 1156 1656 1186 τοῖς
1668 1156 1780 1187 οἰκείοις
1795 1156 1917 1190 παρεχό‹

1127 1210 1205 1236 μενος
1238 1201 1282 1227 διὰ
1309 1201 1365 1227 τῶν
1397 1200 1440 1235 ἐφ’
1468 1201 1587 1235 ἑκάστης
1617 1202 1714 1234 γενεᾶς
1746 1201 1916 1236 ἑξεγειρομέ-

1126 1255 1178 1272 νων
1190 1245 1271 1272 αὐτοῦ
1291 1246 1479 1281 θεραπευτῶν,
1493 1246 1543 1277 τὰς
1558 1246 1749 1281 ίεροκρυφίους
1761 1246 1915 1282 θεορῥημο.

1126 1292 1209 1323 σύνας
1239 1291 1285 1318 καὶ
1313 1290 1496 1327 ἁληθοσοῳίας
1524 1291 1607 1318 αὐτοῦ
1640 1291 1689 1318 καὶ
1715 1292 1917 1327 μεγαλουργίας

1124 1338 1273 1373 ἀναφέρει·
1290 1337 1398 1364 δοκοῦσι
1423 1338 1472 1373 μὲν
1488 1336 1534 1365 οὖν
1549 1338 1670 1365 ποικίλαι
1687 1338 1760 1369 τινὲς
1779 1337 1848 1365 εἷναι
1869 1339 1917 1366 καὶ

1125 1384 1310 1418 πολυσχεδεῖς,
1337 1384 1403 1416 ἴσως
1426 1384 1454 1410 δέ
1479 1392 1544 1410 ποτε
1569 1384 1617 1411 καὶ
1635 1383 1823 1411 ἐναντιοῦσθαί
1842 1393 1916 1414 τινες

1125 1430 1299 1463 ὑπονοηθεῖέν
1319 1438 1399 1461 τισιν,
1422 1429 1452 1456 αῖ
1466 1439 1495 1456 τε
1511 1429 1555 1457 διὰ
1576 1430 1725 1466 προφητῶν
1738 1430 1785 1456 καὶ
1799 1431 1917 1456 ἀποστό-

1124 1474 1178 1500 λων
1197 1475 1243 1500 καὶ
1264 1475 1316 1500 τῶν
1330 1474 1430 1509 ἑφεξῆς
1449 1475 1619 1501 διδασκάλων
1637 1475 1722 1509 ἁγίων
1737 1475 1837 1502 πλείων
1849 1475 1916 1502 ἁνα-

1125 1521 1288 1555 ταττόμεναι
1312 1521 1468 1556 οεηγορίαι·
1485 1521 1599 1557 οὐδεμία
1624 1521 1652 1548 δὲ
1681 1521 1755 1556 παρὰ
1789 1522 1845 1552 τοῖς
1866 1521 1917 1556 τὴν

1126 1566 1213 1602 ἁληθῆ
1237 1567 1316 1599 δόξαν
1338 1567 1539 1605 πρεσϐεύουσιν
1564 1567 1737 1602 ἐναντιότης·
1757 1567 1841 1593 πᾶσαι
1862 1567 1917 1601 γὰρ

1125 1613 1154 1639 αι
1173 1614 1346 1640 θεόπνευστοι
1357 1613 1504 1648 θεολογίαι,
1524 1614 1571 1641 iis:
1585 1613 1615 1646 ἐξ
1631 1614 1690 1645 ἐνὸς
1711 1613 1758 1639 καὶ
1773 1612 1818 1639 τοῦ
1834 1613 1916 1639 αὐτοῦ

1126 1658 1204 1692 ἁγίου
1220 1659 1378 1694 Πνεύματος
1393 1659 1442 1695 τὴν
1461 1660 1548 1695 ἀρχὴν
1563 1659 1772 1694 ἀφορμὼμεναι,
1782 1659 1829 1685 καὶ
1848 1659 1918 1694 πρὸς
1942 1656 1943 1659 “

1125 1704 1173 1730 ινα
1192 1704 1238 1730 τὸν
1257 1705 1305 1739 τῆς
1325 1705 1454 1740 ἀληθείας
1473 1706 1574 1732 σκοπὸν
1608 1708 1826 1741 συντεινόμεναι,
1848 1705 1917 1740 σύμ-

1126 1750 1210 1785 φωνοι
1224 1759 1254 1777 τε
1273 1751 1341 1786 πρὸς
1361 1751 1462 1783 ἑαυτὰς
1481 1752 1528 1778 καὶ
1546 1752 1675 1788 ἀλλήλαις
1691 1752 1819 1787 ὁμόλογοι
1830 1760 1837 1768 ·
1854 1753 1917 1784 ταῖς

1126 1804 1155 1822 τε
1171 1797 1304 1829 Παλαιαῖς
1325 1797 1448 1832 Γραφαῖς
1464 1799 1490 1824 αἱ
1509 1798 1607 1824 Καιναὶ
1633 1799 1826 1833 συνεπόμεναι,
1840 1799 1871 1825 αῖ
1885 1807 1917 1826 τε

1127 1841 1245 1868 Παλαιαὶ
1259 1842 1420 1878 συνᾴδουσαι
1436 1845 1497 1875 ταῖς
1508 1844 1634 1875 Καιναῖς,
1650 1845 1697 1870 καὶ
1713 1844 1850 1879 μηδεμίαν
1860 1845 1916 1875 τοῖς

1127 1896 1158 1922 γε
1175 1887 1237 1914 νοῦν
1258 1888 1365 1923 ἔχουσιν
1381 1889 1540 1916 ἐναντίωσιν
1565 1889 1766 1924 ὑποφαίνουσαι
1777 1898 1784 1906 ·
1805 1889 1874 1924 πλὴν
1891 1891 1916 1916 εί

1128 1933 1165 1968 μή
1183 1941 1224 1964 τις
1241 1933 1271 1959 τὸ
1289 1934 1354 1969 παρ’
1375 1933 1466 1966 ἄλλοις
1488 1934 1543 1961 τῶν
1565 1934 1699 1969 θεολόγων
1718 1935 1809 1970 ῥηθὲν,
1826 1934 1917 1966 ἄλλοις

1126 1978 1155 2004 δὲ
1172 1979 1290 2013 παρεθέν
1300 1988 1309 1995 υ
1329 1980 1377 2006 καὶ
1393 1981 1424 2006 τὺ
1437 1980 1514 2016 παρὰ
1530 1981 1588 2011 τοῖς
1602 1982 1758 2015 προφήταις
1771 1981 1883 2015 ἀσαφῶς
1899 1980 1916 2016 ἢ

1126 2024 1336 2059 αἰνιγματωδῶς
1362 2026 1506 2061 εἰρημένον
1520 2025 1566 2052 διὰ
1586 2026 1634 2052 τὸν
1654 2026 1760 2061 καιρὸν,
1777 2027 1870 2060 σαφῶς
1887 2026 1917 2053 δὲ

1126 2071 1174 2097 καὶ
1188 2071 1456 2106 ἁνακεκαλνμμένως
1467 2072 1511 2098 διὰ
1523 2072 1577 2098 τῶν
1592 2072 1802 2106 εὐαγγελιστῶν·
1816 2072 1832 2108 ἢ
1847 2072 1915 2107 πρὸς

1126 2117 1233 2149 τούτοις
1251 2117 1303 2150 ἔτι,
1320 2118 1344 2143 εί
1368 2117 1400 2144 τὸ
1422 2118 1652 2153 συντετμημένως
1679 2119 1725 2144 καὶ
1749 2118 1857 2152 γοργῶς
1870 2118 1915 2145 διὰ

1126 2162 1181 2189 τῶν
1205 2163 1372 2196 ἀποστόλων,
1400 2163 1604 2198 ἁνηπλωμὲνως
1626 2163 1654 2189 δὲ
1678 2163 1726 2190 καὶ
1751 2163 1916 2198 πολυμερῶς

1090 2213 1113 2241 1)
1127 2209 1283 2241 διεξοδικῶς
1299 2209 1369 2245 πρὸς
1381 2209 1430 2244 τὴν
1441 2209 1587 2245 οἰκοδομὴν
1605 2209 1656 2244 τῆς
1676 2209 1843 2245 Ἐκκλησίας
1863 2210 1918 2237 ὐπὸ

1127 2254 1182 2281 τῶν
1199 2255 1366 2283 διδασκάλων
1380 2256 1605 2290 ἐξεργαζόμενον.
1641 2266 1643 2269 ·

1163 2301 1196 2328 Εἴ
1206 2310 1248 2332 τις
1262 2300 1309 2328 οὖν
1317 2301 1351 2327 τὰ
1366 2302 1476 2328 τοιαῦτα
1488 2301 1637 2336 διαφωνίαν
1651 2302 1706 2329 τῶν
1718 2302 1799 2338 ίερῶν
1807 2303 1914 2337 Λογὶων

1128 2347 1326 2381 ὑπολογίζοιτο,
1344 2347 1518 2374 παντάπασιν
1543 2348 1557 2373 ὁ
1578 2347 1698 2380 τοιοῦτος
1721 2348 1768 2375 τοῦ
1781 2349 1829 2382 τῆς
1848 2349 1916 2383 ἀλη-

1128 2394 1203 2425 θείας
1219 2394 1313 2429 πόρρω
1329 2393 1424 2420 πίπτει
1441 2394 1542 2420 σκοποῦ
1554 2401 1561 2408 ·
1577 2394 1674 2421 οὔκουν
1690 2394 1822 2427 διαφωνία
1839 2403 1879 2425 τις
1898 2395 1914 2429 ῆ

1127 2440 1286 2470 ἐναντίωσις
1302 2440 1357 2470 τοῖς
1374 2439 1511 2474 ἀληθινοῖς
1535 2439 1671 2473 θεολόγοις
1687 2440 1752 2475 περὶ
1766 2439 1813 2466 τοῦ
1828 2439 1915 2466 ἁπλοῦ

1127 2486 1174 2512 καὶ
1183 2486 1243 2517 ἑνὸς
1254 2485 1304 2520 τῆς
1316 2485 1445 2519 ἀληθείας
1460 2485 1550 2520 λόγον,
1566 2486 1582 2521 ἢ
1599 2486 1666 2521 προς
1681 2485 1917 2521 ἀλλήλους,καθά-

1127 2541 1180 2567 περ
1201 2533 1256 2564 τοῖς
1273 2532 1327 2558 τῶν
1347 2532 1463 2566 θύραθεν
1485 2532 1642 2567 φιλοσόφοις
1666 2532 1852 2567 παρίσταται·
1873 2531 1916 2557 ἀεὶ

1126 2571 1182 2613 γὰρ
1194 2578 1217 2603 οἱ
1234 2577 1281 2604 τοῦ
1294 2578 1353 2609 sit;
1369 2577 1444 2606 ὖντες
1459 2577 1564 2612 Κυρίου
1583 2578 1631 2612 τῆς
1647 2577 1776 2612 ἀληθείας
1789 2576 1915 2612 Πνεῦμα-

1127 2632 1184 2655 τος,
1196 2624 1252 2655 τοίς
1263 2623 1355 2650 αὐτῶν
1366 2623 1564 2659 πρεσϐυτέροις
1578 2625 1611 2658 τῇ
1631 2623 1721 2650 πίστει
1734 2623 1782 2650 καὶ
1793 2625 1825 2658 τῇ
1839 2624 1917 2649 εὐσε-

1128 2669 1201 2704 ϐείᾳ,
1217 2669 1256 2701 ὼς
1266 2670 1402 2704 πατράσιν
1416 2669 1521 2695 ἑαυτῶν
1534 2669 1579 2696 καὶ
1591 2669 1772 2704 καθηγηταῖς,
1790 2670 1858 2703 μετὰ
1872 2669 1916 2694 τὸν

1129 2713 1257 2749 Χριστὸν,
1274 2713 1396 2744 εὐλαϐῶς
1411 2714 1586 2749 ἐφεπόμενοι,
1602 2714 1762 2741 καὶτούτων
1773 2714 1821 2749 τὴν
1837 2714 1916 2749 χάριν

1129 2760 1178 2786 καὶ
1189 2761 1238 2794 τὴν
1259 2760 1355 2793 σοφίαν
1381 2761 1421 2792 είς
1441 2761 1554 2792 ἑαυτοὺς
1575 2761 1771 2795 ἐπισπώμενοι,
1792 2760 1839 2787 καὶ
1853 2760 1916 2786 εἴτι

1129 2806 1352 2840 προσθεῖναιδέον
1365 2806 1429 2841 παρ’
1447 2807 1561 2838 ἑαυτῶν,
1575 2807 1621 2833 καὶ
1631 2807 1720 2840 τοῦτο,
1735 2806 1784 2842 οὐχ
1801 2807 1916 2838 ἑαυτοῖς,

1129 2851 1197 2879 ἀλλὰ
1211 2852 1267 2884 τοῖς
1281 2852 1418 2887 Πατράσιν
1434 2853 1612 2888 εὐγνωμόνως
1625 2852 1818 2888 ἀναφέροντες,
1834 2852 1918 2884 ἀξίως
