2092 3156
194 150 247 183 581

627 149 668 179 ΙΝ
686 148 858 179 CARMINA
879 147 1027 178 ARCANA
1048 148 1238 179 GREGORII
1257 149 1393 181 TBEOL.

1777 154 1831 186 58%

195 208 251 234 τῶν
283 206 430 241 Πατρικῶν
463 205 593 240 εὖλογιῶν
629 206 792 242 κληρονόμοι
829 206 877 233 καὶ
911 206 981 233 αὐτοἺ

1039 210 1093 232 tur.
1120 207 1182 234 Ideo
1204 212 1231 234 et
1257 215 1307 236 nos
1323 209 1369 243 qni
1396 209 1437 236 his
1463 209 1593 238 omnibus
1617 212 1785 245 posteriores
1803 219 1830 240 ut

196 252 435 279 καταδείκνυνται.
468 251 514 277 Διὸ
525 251 576 278 ’καὶ
590 252 671 286 ἡμεῖς
695 252 720 278 οἱ
751 251 861 278 πάντων
876 251 984 287 ἔσχατοι

196 299 244 326 καὶ
260 299 428 334 μικρότεροι,
442 299 510 333 πρὸς
520 298 566 324 τὸν
581 298 651 333 ὑπὲρ
669 299 773 330 πάντας
785 299 849 330 τοὺς
867 298 986 334 ττρεσϐυ⁴

195 345 292 378 τέρους
304 343 351 370 καὶ
362 343 539 374 διδασκάλους
554 343 737 378 τετιμημένον
751 344 817 379 ἡμῖν
834 343 986 379 Γρηγόριον

194 390 241 416 τὸν
255 389 387 424 Θεολόγον
399 389 445 416 τὸν
454 389 517 415 νοῦν
531 389 728 424 ἐπερείδοντες,
735 389 772 421 ὡς
783 389 832 424 τῆς
848 388 985 424 ἡμετέρας

195 435 373 470 καθηγεμόνα
396 433 496 469 ψυχῆς,
520 434 569 460 καὶ
591 433 630 466 ὡς
657 434 858 470 περισσοτέρως
882 434 914 460 ὲκ
930 433 985 460 τῶν

196 479 280 507 αὑτοῦ
305 479 450 513 θεολογιῶν
472 478 704 514 οέκοδομούμενοι,
722 479 830 513 ὀλίγους
850 479 928 510 τινὰς
952 479 984 505 ὲκ

194 525 250 551 τῶν
263 524 346 552 αὑτοῦ
359 524 540 560 δυσφράστων
551 524 597 550 καὶ
607 524 805 561 δυσθεωρήτων
817 525 914 559 λόγων,
924 526 984 560 ἧτοι

195 570 372 605 θεοφράστων
388 569 472 602 ἐπῶν,
488 568 522 594 τὰ
537 569 748 605 ἀπορῤητότερα
768 570 816 596 καὶ
839 570 896 601 τοῖς
920 569 985 596 πολ-

194 616 251 647 λοῖς
263 615 417 642 ἁνεπίοπτα
438 615 478 646 εὶς
494 613 625 650 ἐξήγησιν
647 615 842 650 προὺοὴκαμεν
856 615 962 647 ἑαυτοῖς
975 623 982 630 ·

192 661 262 697 ὁμοῦ
290 661 340 696 μὲν
355 660 401 687 τὸν
418 660 489 687 θεῖον
518 661 628 696 Πατέρα
648 663 707 693 ταῖς
734 661 820 696 ἱεραῖς
849 662 984 696 τιμῶντες

195 706 395 743 μνημοσύναις.
404 706 472 742 ὁμοῦ
486 706 515 733 δὲ
534 707 582 733 καὶ
595 707 662 741 πρὸς
676 707 721 733 τὸν
734 707 840 733 ἐκείνου
856 707 983 742 θεόσοφον

193 753 256 780 νοῦν
270 752 316 779 τὸν
341 753 442 779 οἰκεῖον
469 752 514 779 διὰ
535 753 586 788 τῆς
602 752 752 788 ἑρμηνείας
776 753 825 787 τῆς
841 752 940 786 λέξεως
955 753 984 785 ἐξ

192 799 316 833 ἀνάγκης
339 798 551 834 παρενείραντες
575 799 592 834 ἢ
618 798 849 834 παρεκτείναντες
866 798 939 831 νοῦν,
959 799 983 825 εἰ

193 844 241 872 καὶ
256 844 365 880 ἀληθῶς
375 844 406 870 τὸ
423 844 578 880 ἐγχείρημα
593 844 730 879 τολμηρόν
741 852 749 860 ο
775 844 821 870 καὶ
845 844 880 870 δι’
899 843 982 870 αὐτοῦ

1039 253 1119 289 longe
1145 255 1265 282 minores
1292 257 1324 282 ad
1343 257 1431 283 \irum
1457 265 1540 289 super
1553 266 1650 286 omnes
1672 266 1780 287 veteres
1803 266 1831 289 et

1039 300 1165 328 doctores
1188 301 1268 328 nobis
1295 302 1459 330 honoratum
1479 303 1640 339 Gregorium
1659 305 1830 342 Thcologum

1039 351 1158 374 mentem
1184 351 1306 375 nostram
1320 348 1528 384 applicavimus,
1547 355 1576 377 ut
1589 352 1623 376 ad
1642 351 1725 378 animi
1743 353 1828 379 nostri

1038 392 1154 424 ducem,
1179 398 1208 421 et
1233 398 1364 429 tanquam
1386 395 1573 424 abundantius
1597 404 1630 425 ex
1654 398 1727 425 illius
1751 398 1830 427 libris

1038 439 1197 473 theologicis
1213 439 1319 474 refecti,
1333 441 1360 468 in
1383 441 1478 476 paucis
1490 442 1651 478 quibusdam
1670 444 1742 472 inter
1757 445 1830 473 illius

1038 491 1180 513 sermones
1198 487 1268 521 stylo
1282 491 1310 514 et
1324 487 1503 522 intelligentia
1520 488 1641 515 dilliciles
1653 510 1660 522 ,
1675 495 1748 518 certe
1762 490 1831 518 divi-

1039 538 1090 558 nos
1105 535 1195 559 tamen
1210 540 1362 566 sermones,
1386 533 1445 561 loca
1459 541 1559 562 arcana
1577 535 1664 570 magis
1681 540 1708 563 et
1734 536 1829 564 multis

1038 577 1170 617 impervia
1191 585 1238 612 per
1251 579 1387 613 exegesim
1405 579 1630 614 expianavimus;
1654 581 1737 609 simul
1760 582 1831 609 divi-

1039 631 1106 650 num
1123 623 1231 651 Patrem
1255 631 1334 652 sacra
1351 625 1483 652 memoria
1500 626 1677 660 honorantes,
1690 627 1830 662 simulque

1037 670 1070 697 ad
1093 670 1167 698 illius
1182 670 1230 698 Dei
1253 671 1388 706 sapientia
1412 672 1518 706 plenam
1536 680 1666 705 mentem,
1691 675 1828 710 propriam

1038 724 1086 752 per
1100 717 1352 752 interpretationem
1366 717 1500 746 orationis
1516 719 1669 747 necessario
1688 721 1830 759 applican-

1037 766 1079 789 tes
1094 766 1121 790 et
1134 761 1311 791 intendentes
1336 769 1458 791 nostram
1478 770 1595 792 mentem
1609 786 1616 798 ,
1635 766 1686 794 etsi
1700 775 1764 794 vere
1788 772 1829 794 te-

1036 809 1186 836 merarium
1209 809 1290 836 fuerit
1314 814 1472 844 susceptum
1500 819 1507 838 :
1528 815 1556 838 et
1578 818 1626 846 per
1643 811 1696 840 hoc
1720 812 1754 840 ad
1768 821 1829 840 am-

1037 854 1198 889 plitudinem
1230 854 1396 889 cognitionis
1421 855 1571 883 secundum
1600 856 1677 884 illum
1704 857 1829 885 veritatis

193 890 261 925 πρὸς
274 890 305 916 τὸ
321 890 421 922 πλάτος
440 890 490 926 τῆς
510 891 570 917 κατ’
594 890 674 917 αὑτὸν
692 889 897 925 ἀληθογνωσιας
915 899 981 917 κατ-

1034 888 1142 933 directi,
1160 900 1201 928 sic
1218 888 1278 927 aliis
1291 900 1434 936 discipulis
1455 909 1509 929 non
1534 909 1645 936 parvam
1665 903 1738 930 forte
1751 903 1826 930 utili.

192 935 379 971 ευθυνόμενοι,
409 934 482 963 οὕτω
503 935 525 962 δ’
541 936 574 962 ἂν
591 935 639 962 καὶ
653 935 743 967 ἄλλοις
758 935 812 962 τῶν
832 936 983 963 πεπαιδευ-

194 981 283 1017 μένων
309 981 340 1007 οὒ
368 981 468 1017 μικρὰν
492 980 558 1013 iam;
573 980 624 1017 τὴν
643 980 776 1016 ὠφέλειαν
793 981 837 1008 διὰ
863 983 913 1015 τῆς
928 981 983 1008 τῶν

192 1027 359 1062 θεολογικῶν
384 1027 529 1063 δογμάτων
564 1026 722 1062 ἐξηγήσεως
757 1027 980 1062 προξενήσοιμεν.

192 1074 340 1110 Πρόκειται
363 1073 390 1100 δὲ
407 1073 517 1109 πρῶτον
533 1074 598 1109 ἡμῖν
613 1072 678 1105 hoc
694 1074 734 1105 είς
750 1073 894 1108 ἐπίσκεψιν
912 1073 983 1108 Περὶ

191 1119 304 1155 ἀρχῶν.

228 1164 260 1192 οι
281 1165 331 1200 τῆς
346 1164 483 1200 κοσμικῆς
499 1164 597 1199 σοφίας
621 1164 672 1198 τὴν
687 1163 843 1200 ἀκροτάτην
863 1164 982 1191 καταλαε

193 1211 252 1238 δεῖν
273 1210 445 1246 κατοιόμενοι
460 1210 617 1245 περιωπήν,
635 1210 726 1236 πάντα
748 1210 783 1237 τὰ
808 1209 873 1237 ὄντα
887 1210 935 1237 καὶ
949 1210 983 1237 τὰ

191 1257 324 1292 γινόμενα
344 1258 384 1289 είς
407 1258 482 1292 τρεῖς
499 1256 548 1288 τὰς
565 1257 739 1292 κυριωτάτας
756 1256 804 1283 καὶ
825 1257 983 1292 πρωτίστας

192 1304 284 1335 αῑτίας
317 1303 364 1329 καὶ
403 1303 490 1337 ἀρχὰς
523 1302 707 1338 ἀναφέροντες
743 1301 981 1338 ἐκκορυφοῦνται·

191 1348 296 1380 ταύτας
310 1348 338 1375 δὲ
353 1347 427 1381 νοῦν,
444 1348 492 1374 καὶ
510 1346 588 1383 ὕλην,
608 1347 656 1374 καὶ
673 1344 742 1379 εἶδος
754 1346 912 1378 καλοῦντες,
921 1355 984 1374 ουν-

192 1395 327 1430 ανάρχους
353 1395 402 1421 καὶ
420 1394 573 1425 συναιτίους
588 1393 642 1420 τῶν
666 1393 775 1420 πάντων
798 1392 982 1426 ὑποτίθενται,

192 1441 254 1468 κατ’
266 1440 396 1476 οὐδεμιᾶς
409 1440 512 1475 τρόπον
537 1439 644 1471 ἑννοίας
658 1440 675 1476 ᾗ
688 1438 775 1475 ἀρχὴν
789 1439 806 1474 ἢ
818 1439 895 1470 τέλος
911 1438 984 1465 δεδέ-

192 1485 286 1519 ξεσθαι
303 1485 414 1511 πώποτε
432 1485 585 1520 δυναμένας
603 1485 621 1520 ἧ
638 1485 824 1520 δυνησομένας
835 1493 842 1500 ·
858 1484 903 1511 τὸν
920 1484 984 1510 νοῦν

194 1532 245 1568 μὲν
260 1532 309 1558 καὶ
330 1531 398 1558 Θεὸν
421 1531 660 1564 κατωνομὰκασιν,
692 1531 729 1562 ὡς
742 1530 787 1557 διὰ
802 1531 911 1557 πάντων
927 1539 982 1565 χω-

195 1578 305 1614 ροῦντα,
323 1578 373 1604 καὶ
387 1576 597 1611 καταθεώμενον
608 1576 642 1603 τὰ
665 1576 755 1604 πάντα
765 1584 772 1591 ’
786 1575 854 1611 ὓλην
869 1575 898 1602 δέ
916 1585 981 1610 φασι

193 1626 249 1653 τῶν
261 1625 438 1661 καλουμένων
451 1625 593 1660 στοιχείων
609 1624 658 1660 τὴν
673 1623 834 1659 τετρακτύν·
858 1623 926 1659 πρὶς
953 1623 982 1650 δὲ

192 1673 241 1700 καὶ
265 1671 389 1707 πέμπτον
408 1671 449 1698 ἔτι
477 1671 556 1707 σῶμα
578 1670 609 1697 τὸ
631 1670 771 1705 οὐράνιον·
793 1667 863 1701 εἶδος
884 1669 912 1695 δὲ
931 1669 981 1703 τὴν

194 1713 345 1754 ἰδιότροπον
363 1718 479 1745 ἑκάστου
495 1718 543 1744 καὶ
557 1716 792 1752 συμπληρωτικῆν
812 1716 862 1750 τῆς
887 1715 981 1746 οὐσίας

194 1764 323 1799 ἰδιότητα,
347 1764 381 1799 ἣν
401 1764 425 1790 οι
447 1763 498 1798 μὲν
519 1762 636 1797 υὺοιώδη
659 1762 807 1796 ποιότητα,
825 1762 850 1788 oi.
864 1761 892 1787 δὲ
909 1761 981 1788 ἰδέαν

191 1809 352 1844 ὡνομάκασι
365 1816 372 1822 ·
394 1810 470 1844 τρεῖς
495 1805 542 1835 οὖν
558 1807 660 1839 ταύτας
681 1807 735 1834 τῶν
756 1807 841 1834 ὕντων
860 1807 908 1834 καὶ
927 1807 981 1833 τῶν

190 1855 344 1890 γινομένων
359 1856 449 1887 αἰτίας
467 1854 653 1890 συνανάρχους
661 1855 704 1882 ἀεὶ
717 1854 840 1885 ἑστώσας
851 1854 899 1880 καὶ
914 1861 981 1880 συν-

191 1900 307 1932 αῖδίους,
321 1900 384 1936 μήτ’
397 1900 485 1935 ἀρχὴν
501 1901 569 1935 μήτε
582 1900 658 1931 τέλος
680 1900 794 1934 ἐχούσας
804 1899 980 1935 διῃρημένως

191 1947 253 1974 καθ’
285 1947 386 1978 ἑαυτὰς
413 1947 575 1982 θεωρεῖσθαι
603 1947 784 1982 διορίζουσιν·
817 1945 847 1978 ἑξ
881 1942 918 1972 ὧν
949 1946 981 1972 ὲκ

191 1992 336 2027 ποιητικοῦ
361 1992 454 2019 ὑλικοῦ
477 2001 508 2018 τε
531 1993 577 2018 καὶ
593 1991 678 2018 ἰδικοῦ
694 1991 794 2022 αἰτίου,
819 1990 981 2027 ἀνθρώπους

189 2048 219 2066 τε
234 2040 278 2066 καὶ
298 2039 356 2071 ζῶα
377 2039 476 2070 πάντα,
498 2039 592 2066 καὶτὰ
608 2040 654 2065 ἐπὶ
669 2039 770 2074 μέρους
787 2038 859 2073 φυτὰ
878 2039 979 2071 πάντα,

190 2084 285 2111 ἄλλοτε
299 2083 366 2111 ἄλλα
381 2083 425 2109 διὰ
440 2084 573 2117 γενέσεως
590 2083 629 2114 είς
647 2083 692 2109 τὸν
711 2083 814 2117 κόσμον
835 2083 879 2109 ἀεὶ
906 2091 980 2118 παρ-

191 2130 324 2164 αγόμενα,
339 2128 386 2155 καὶ
402 2128 446 2154 διὰ
461 2127 563 2163 φθορᾶς
578 2127 757 2162 ἀποιχόμενα,
771 2128 841 2154 κατά
853 2136 978 2163 συντυχί-

191 2176 245 2209 κήν
263 2183 324 2201 τινα
341 2175 386 2200 καὶ
401 2174 515 2209 ἄπειρον
529 2173 576 2200 καὶ
591 2173 717 2208 ἀόριστον
732 2174 764 2200 ἐκ
779 2173 903 2208 διαδοχῆς
914 2173 981 2200 ἀνα-

193 2221 342 2255 κύκλησιν·
367 2220 456 2252 οὕτως
477 2221 604 2255 ἁνάρχως
619 2219 666 2246 καὶ
682 2219 871 2254 ἁτελευτήτως
899 2221 927 2251 ἐς
949 2219 980 2246 τὸ

190 2267 314 2302 διηνεκὲς
329 2266 531 2293 ἀποτελεῖσθαι.
545 2266 663 2301 Τοιαύτη
678 2265 728 2301 μὲν
740 2266 756 2300 ἠ
767 2265 822 2291 τῶν
836 2264 981 2301 οῐη[πι]σό-

191 2321 250 2347 ςων
267 2314 427 2347 ματαιότης.
447 2313 485 2343 ὡ;
511 2313 544 2339 δι’
563 2312 662 2346 ὀλίγων
682 2312 849 2346 ὑπομνῆσαι,
864 2311 926 2343 ἄξια
941 2310 980 2346 τῷ

190 2361 248 2387 δντι
267 2359 316 2394 τῆς
334 2360 425 2387 αὐτῶν
442 2360 589 2395 ἀθεότητος
604 2359 738 2394 ἀναρχίας
754 2367 785 2385 τε
802 2359 849 2384 καὶ
866 2358 979 2390 ἀταξίας

191 2405 374 2441 ὑποτιθεμένη
385 2414 393 2420 ·
409 2406 456 2431 καὶ
473 2407 505 2440 τῇ
523 2405 739 2441 ἀρχηγικωτάτῃ
754 2405 809 2430 τῶν
823 2404 891 2430 ὅλων
906 2405 977 2439 ἀρχῇ

191 2451 238 2477 καὶ
253 2451 327 2486 αἰτία
342 2451 372 2478 τὸ
388 2451 492 2478 ὰνίδεον
504 2450 600 2485 αἶσχος
615 2450 664 2485 τὴν
681 2449 758 2484 ὓλην.
768 2450 816 2476 καὶ
833 2450 863 2476 τὸ
877 2450 978 2476 ἀνυπό-

190 2505 288 2523 στατον
312 2495 379 2528 εἶδος
399 2497 553 2532 ὁμοσθενῶς
578 2497 622 2523 ἀεὶ
639 2495 825 2530 συνυπάρχειν
848 2495 979 2530 δογματί-

189 2542 289 2573 ζουσα·
299 2539 335 2568 ὦν
351 2543 399 2577 τῆς
412 2541 569 2576 παραλόγου
584 2541 781 2576 ματαιοσοφιας
795 2540 826 2566 τὸ
839 2540 978 2575 αἴσχιστον

189 2585 237 2610 καὶ
251 2584 407 2619 παράλογον
422 2585 523 2617 ἱκανῶς
539 2587 595 2616 τοῖς
612 2584 748 2617 θεολόγοις
765 2584 977 2619 ἐξεληλεγμένον

189 2630 324 2664 παρέντες
337 2632 418 2666 ἡμεῖς
441 2633 474 2667 τῇ
492 2631 539 2658 τοῦ
565 2631 681 2667 μεγάλου
697 2629 808 2666 θώμεθα
825 2629 976 2666 Γρηγορίου

189 2675 367 2712 ὰληθοσοφίᾳ,
384 2685 412 2703 κ.
430 2685 456 2704 τ.
473 2676 499 2703 λ.

996 1558 1017 1587 C

1035 950 1117 973 tatem
1134 953 1182 980 per
1196 946 1413 982 theologicorum
1433 946 1592 982 dogmatum
1608 948 1745 982 exegesim
1762 956 1828 984 pro-

1035 991 1204 1018 curabimus.
1234 991 1401 1027 Proponitur
1414 998 1505 1020 autem
1520 993 1600 1022 nobis
1613 993 1721 1029 primus
1736 1001 1829 1023 sermo

1033 1036 1067 1064 ad
1080 1037 1298 1072 disquisitionem
1310 1037 1348 1065 De
1360 1037 1510 1073 principiis.

1071 1163 1123 1197 Qui
1139 1164 1286 1192 mundana:
1301 1164 1443 1200 sapientia
1465 1173 1601 1193 summam
1621 1166 1747 1202 accipere
1756 1173 1830 1202 pr:-

1034 1215 1147 1238 sumunt
1158 1210 1354 1246 cognitionem,
1366 1211 1458 1239 omnia
1476 1212 1551 1240 entia
1565 1216 1595 1240 et
1608 1217 1701 1241 creata
1714 1213 1749 1241 ad
1771 1218 1827 1242 tres

1035 1256 1199 1291 principales
1210 1261 1238 1284 et
1250 1257 1395 1291 primariae
1408 1264 1511 1286 causas
1532 1266 1579 1286 seu
1603 1259 1737 1294 principia
1756 1260 1827 1288 refc-

1034 1307 1126 1329 rentes
1141 1306 1323 1335 enumerant;
1342 1302 1394 1330 llas
1407 1308 1506 1330 vocant
1523 1310 1652 1338 mentem,
1669 1306 1826 1338 materiam.

1034 1353 1061 1376 et
1075 1348 1204 1381 speciem,
1220 1355 1290 1382 quas
1302 1349 1459 1377 communia
1473 1349 1608 1385 principia
1623 1355 1651 1378 et
1665 1359 1828 1380 communes

1034 1401 1134 1421 causas
1156 1393 1279 1420 omnium
1296 1399 1464 1429 supponunt.
1486 1403 1549 1423 cum
1566 1396 1641 1424 nullo
1652 1397 1698 1432 qui
1716 1398 1825 1434 concipi

1035 1443 1119 1474 queat
1146 1440 1238 1472 modo,
1257 1443 1304 1466 aut
1321 1439 1485 1475 principium
1516 1446 1564 1469 aut
1589 1443 1670 1470 linem
1701 1444 1828 1479 accipere

1034 1492 1155 1519 unquam
1182 1489 1371 1520 possuntaut
1395 1490 1535 1520 poterunt.
1570 1486 1688 1515 Mentem
1715 1489 1825 1523 quidem

1035 1530 1119 1557 Deum
1144 1530 1359 1565 appellaverunt,
1385 1536 1416 1558 ut
1443 1539 1490 1566 per
1512 1533 1606 1560 omnia
1632 1533 1773 1567 diil‘usum,
1800 1540 1828 1562 et

1034 1577 1127 1604 omnia
1143 1583 1378 1610 commoventem;
1391 1578 1533 1605 materiam
1548 1586 1613 1607 vero
1625 1579 1721 1607 dicunt
1731 1588 1825 1608 cortnn

1033 1629 1095 1656 quae
1111 1627 1244 1649 vocantur
1272 1622 1420 1654 elementa,
1437 1624 1667 1659 quaternitatem;
1691 1625 1817 1660 quiututn

1033 1673 1124 1695 autem
1144 1668 1272 1702 adjicitur
1290 1675 1390 1703 corpus
1416 1669 1529 1697 caeleste
1544 1678 1551 1696 :
1567 1670 1687 1704 speciem
1704 1671 1825 1706 denique

1034 1714 1173 1749 propriam
1200 1715 1315 1740 formam
1334 1714 1469 1750 cujusque
1481 1720 1508 1742 et
1523 1715 1673 1750 perfectam
1695 1717 1827 1745 substan-

1034 1760 1078 1787 tia:
1095 1759 1288 1795 proprietatem
1301 1780 1309 1792 ,
1326 1757 1408 1795 quam
1432 1761 1642 1789 substantialem
1665 1762 1826 1797 qualitatem

1033 1807 1092 1840 alii,
1107 1808 1152 1834 alii
1170 1807 1259 1834 ideam
1272 1807 1495 1836 nominaverunt.
1515 1809 1582 1837 Tres
1601 1810 1683 1844 igitur
1699 1810 1760 1838 illas
1776 1819 1825 1838 en-

1034 1853 1102 1880 tium
1127 1858 1154 1881 et
1179 1858 1332 1881 creatorum
1351 1862 1449 1882 causas
1482 1855 1692 1891 coprincipalcs,
1719 1864 1827 1892 semper

1033 1900 1196 1927 cxsisteutes
1211 1904 1239 1928 et
1254 1906 1404 1929 coa2ternas
1416 1922 1423 1934 ,
1441 1909 1528 1936 neque
1546 1902 1710 1937 principium
1734 1911 1824 1939 neque

1033 1946 1115 1972 liuent
1133 1945 1264 1974 habentes
1278 1947 1408 1975 distincte
1430 1956 1477 1982 per
1495 1955 1524 1975 se
1541 1947 1724 1975 demonsrrari
1739 1956 1826 1984 expo—

1033 1996 1118 2022 nunt;
1136 2000 1150 2018 e
1169 1992 1268 2026 qutbus
1285 1997 1349 2020 sunt
1369 2001 1402 2020 ex
1425 1993 1514 2020 activa
1536 1993 1650 2021 ntateria
1671 1997 1698 2020 et
1715 1994 1825 2029 propria

1034 2043 1130 2068 causa,
1145 2036 1270 2065 homines
1288 2042 1315 2065 et
1331 2037 1462 2064 animalia
1479 2043 1588 2069 cuncta.
1604 2041 1631 2064 et
1646 2037 1826 2073 particularcs

1033 2089 1128 2108 omnes
1143 2082 1250 2116 plantat.
1267 2087 1294 2110 et
1316 2083 1425 2110 aliunde
1440 2083 1492 2110 alia
1507 2090 1556 2118 per
1574 2082 1782 2117 productionem
1797 2084 1824 2111 in

1033 2127 1168 2154 mundum
1194 2135 1302 2162 semper
1325 2128 1453 2160 inducta,
1480 2133 1507 2155 et
1535 2135 1583 2163 per
1611 2128 1825 2157 destructionem

1033 2178 1207 2208 consumpta,
1224 2174 1374 2201 secundum
1399 2174 1539 2201 fortuitam
1556 2174 1715 2208 quamdam,
1731 2174 1825 2201 inﬁni-

1034 2223 1088 2246 tam
1106 2224 1133 2246 et
1158 2219 1322 2246 illimitatam
1355 2219 1518 2247 circularem
1549 2220 1770 2253 successionem;
1787 2221 1824 2248 ita

1034 2264 1137 2298 absque
1153 2265 1285 2300 principio
1298 2271 1325 2293 et
1338 2265 1391 2293 line
1408 2266 1435 2292 in
1450 2266 1610 2294 continuum
1631 2266 1822 2301 perﬁciuntur.

1033 2310 1109 2338 Talis
1135 2311 1244 2346 quidem
1270 2315 1312 2339 est
1338 2312 1435 2339 horum
1461 2312 1640 2347 superborum
1658 2313 1775 2345 inSania,
1793 2318 1824 2340 ut

1032 2358 1127 2391 paucis
1154 2365 1320 2389 memorem,
1351 2358 1388 2384 illi
1415 2358 1461 2392 qui
1489 2363 1535 2386 est
1561 2359 1642 2392 digna
1669 2359 1823 2386 attribuens

1032 2402 1156 2429 athe-ima:
1165 2410 1260 2430 eorum
1270 2404 1406 2431 anarcbiae
1418 2409 1445 2431 et
1459 2404 1646 2438 confusionis;
1659 2410 1685 2432 et
1694 2413 1823 2440 supremo

1031 2449 1154 2475 omnium
1185 2449 1319 2484 principio
1347 2454 1374 2476 et
1398 2457 1486 2477 causa:
1511 2458 1611 2485 per...
1626 2451 1822 2478 contumeliam

1033 2494 1188 2527 Iuateriam,
1205 2500 1232 2524 et
1249 2495 1309 2523 sine
1322 2496 1474 2526 substantia
1497 2498 1616 2531 speciem
1642 2497 1700 2532 pari
1722 2497 1824 2524 virtute

1032 2549 1139 2575 Semper
1155 2542 1306 2569 consociari
1322 2542 1525 2577 dogmatizans;
1538 2550 1654 2578 quorum
1671 2544 1760 2571 stultae
1777 2552 1823 2570 sa-

1031 2587 1141 2621 pientia!
1155 2587 1352 2623 turpitudinem
1368 2593 1394 2616 et
1414 2588 1557 2616 stultitiam
1573 2589 1671 2617 merito
1687 2589 1822 2623 theologis

1031 2633 1241 2660 condemnatam
1267 2634 1441 2668 linquentes,
1468 2642 1520 2662 nos
1547 2635 1582 2662 ad
1614 2641 1706 2662 veram
1730 2633 1823 2668 magni

1031 2678 1152 2714 Gregorii
1167 2680 1327 2714 sapientiam
1345 2681 1547 2715 incumbamus,
1561 2686 1614 2709 etc.
