2092 3156
220 191 226 198 τ
243 177 297 208 589

673 174 890 205 REFUTATIO
912 173 1104 204 EPISTOLAS
1127 173 1243 203 REGIS
1261 173 1455 203 AIUIEXLE.

1822 174 1874 206 50

242 231 308 264 λε’ἱν,
327 231 365 262 ὡς
382 229 475 266 πόρρω
488 238 538 256 που
553 230 709 262 διεστῶτες,
728 231 955 267 ἐξαδυνατουμεν,
971 232 1032 258 τού-

1096 235 1116 257 It
1133 230 1216 257 verbo
1238 230 1369 257 extricem
1386 229 1514 256 universo
1532 229 1632 263 populo
1649 234 1771 265 accepto,
1788 236 1816 258 et
1831 240 1875 259 re-

242 286 304 309 τους
316 277 360 304 διὰ
376 277 548 312 γραμμάτων
567 277 756 312 ὲπιστηρίζειν
769 277 956 313 σπουδάζομεν
966 285 973 292 θ
986 279 1032 304 καὶ

242 323 335 356 ἀπλῶς
347 324 445 356 εἰπεῖν,
463 324 551 350 πάντα
563 323 608 350 τὸν
623 324 780 358 περιούσιον
791 324 865 357 λαὸν,
881 325 927 351 καὶ
938 324 969 350 τὸ
985 324 1032 358 βα-

244 370 342 396 σίλειον
354 369 502 405 ἱεράτευμα
514 369 687 404 χρηματίσαν
699 370 814 404 Κυρίου,
830 371 876 396 καὶ
889 370 1033 404 δεομένους

242 416 377 450 ὠφελείας
395 417 444 451 τῆς
468 415 633 451 κρείττονος,
651 416 688 448 ὡς
704 413 760 443 οἶόν
781 425 823 448 τε,
839 417 946 451 ὁδηγεῖν
960 417 1034 452 ἡμᾶς

243 462 409 495 ἐπάναγκες.
438 461 519 488 Τουτὶ
546 462 601 497 γὰρ
621 462 700 497 χρέος
726 463 923 497 ἁφωσιωμένον
939 463 1034 497 ἀρχιε-

245 506 337 541 ρεῦσιν
352 505 395 533 ἀεὶ
407 506 571 542 καθέστηκε.
587 506 679 543 Ταύτῃ
693 515 734 534 τοι
749 507 868 534 διαθέσει
883 507 972 542 ψυχῆς
987 508 1035 534 καὶ

244 552 313 586 πρὸς
331 551 382 587 τὴν
397 551 524 579 εὔκλειαν
547 553 595 578 τοῦ
624 552 815 587 πεποθημένου
831 553 909 588 ἡμῶν
925 553 1035 584 τέκνου,

244 599 290 624 καὶ
304 597 414 633 χρονίας
426 598 492 633 ἡμῖν
511 598 622 633 ἀγάπης
643 598 711 633 πρὸς
725 598 806 624 αὑτὸν
820 598 1035 632 καθισταμένης,

244 644 290 670 καὶ
304 643 448 675 πλείστων,
464 643 501 675 ὡς
513 644 596 675 εἰκὸς,
618 644 685 678 πρὸς
708 644 739 670 τὸ
757 644 872 680 γράψειν
888 645 955 679 ἡμῖν
972 653 1036 670 συν-

243 689 397 721 ωθούντων,
420 689 494 721 ἔδοξε
520 689 620 724 μᾶλλον
635 689 680 716 διὰ
703 689 744 720 τί,
769 690 818 716 οὐκ
840 687 888 715 οἷδ’
903 689 988 721 ὃπως,
1005 689 1038 715 ὲκ

245 736 344 762 πολλοῦ
360 736 457 770 χρόνου
471 737 499 762 ὲν
513 737 568 767 τοῖς
583 736 631 771 τῆς
648 736 793 770 Ἀρμενίας
809 735 925 771 κλίμασι
936 736 1039 770 δόγμα-

244 789 289 813 τος
301 782 350 808 οὐκ
361 780 441 816 ὀρθοῦ
455 781 647 816 ὲπεισρυέντος
660 782 706 808 καὶ
722 782 934 816 ἐπισκήψαντος,
953 781 1039 815 Σεϐή-

247 834 294 860 ρου
306 825 388 858 τινὸς,
403 827 484 861 φημὶ,
498 826 675 860 αἱρεσιάρχου
691 826 737 852 καὶ
752 827 815 857 τοὺς
830 827 919 852 ἐκεῖσε
934 825 1040 856 πάντας

246 871 507 906 καταλυμηναμένου
531 872 600 906 πρὸς
628 872 659 901 τὸ
683 871 1038 907 γράφεινπαρορμηθῆναι.

1083 279 1128 313 gio
1145 278 1299 305 sacerdotio
1313 297 1321 310 ,
1340 278 1412 311 quod
1433 276 1521 304 fuerat
1540 277 1668 311 Domini,
1688 284 1794 306 necnon
1828 287 1877 314 po-

1084 324 1161 351 tioris
1175 324 1299 351 utilitatis
1310 323 1439 358 indigenti
1455 331 1505 357 pro
1524 323 1629 350 viribus
1638 324 1710 351 viam
1735 332 1877 353 common-

1085 375 1173 397 strare
1189 370 1374 397 necessarium
1383 374 1422 397 est
1438 378 1444 396 :
1459 370 1511 396 hoc
1523 371 1621 396 etenim
1640 375 1795 405 semperest
1815 380 1879 407 pro-

1086 416 1175 449 prium
1198 415 1351 442 antistitum
1370 423 1469 442 munus
1485 419 1566 449 atque
1591 415 1720 445 omeium.
1734 417 1878 451 Propterea

1085 464 1143 486 tum
1160 459 1336 486 inclinatione
1345 459 1491 486 voluntatis
1504 467 1557 493 qua
1568 460 1600 486 ad
1608 460 1721 494 gloriam
1732 462 1819 489 nostri
1832 462 1879 490 de-

1087 505 1277 533 sideratissimi
1289 505 1335 532 lilii
1347 504 1555 540 propendemus,
1568 510 1624 533 tum
1640 514 1732 534 amore
1740 507 1879 542 diuturno,

1087 559 1142 586 quo
1152 559 1213 578 eum
1228 551 1429 586 prosequimur,
1448 551 1586 586 plerisque
1599 548 1682 579 étiam
1698 553 1731 580 ad
1748 554 1877 588 scriptio-

1088 605 1149 623 nem
1166 597 1400 631 compellentibus,
1420 597 1508 624 visum
1530 602 1572 624 est
1582 598 1680 631 satius,
1697 605 1808 633 propter
1831 607 1881 627 ne-

1089 642 1147 669 scio
1158 649 1213 677 qua
1234 642 1338 669 ratione
1347 642 1433 669 multo
1442 642 1476 669 ab
1484 642 1546 669 hinc
1556 648 1676 677 tempore
1688 644 1715 671 in
1726 644 1882 680 regionibus

1090 689 1271 715 Armenorum
1289 689 1386 723 dogma
1405 696 1459 715 non
1478 693 1583 716 rectum
1596 709 1603 721 ,
1621 689 1714 717 Severi
1735 690 1877 725 cujusdam

1091 734 1281 761 haeresiarchae
1293 733 1350 768 jam
1375 742 1422 769 per
1444 743 1540 762 omnes
1567 743 1613 762 eas
1636 740 1727 770 partes
1750 737 1876 764 introdu-

1090 783 1177 811 ctum,
1197 778 1269 813 quod
1285 779 1435 806 desaeviens
1458 787 1555 807 omnes
1571 780 1606 807 ibi
1629 780 1782 809 habitantes
1806 789 1882 809 sunt-

1092 832 1202 860 mapere
1227 824 1310 855 ltedit.
1335 824 1368 851 ad
1391 825 1566 852 scribendum
1586 826 1706 853 animum
1731 827 1881 862 applicare,

1093 871 1190 899 utindc
1201 876 1302 899 nostra:
1316 870 1438 906 epistolae
1449 871 1587 907 plerisque
1596 872 1883 902 demonstrationibus

247 916 328 942 Ὅθεν
339 916 372 952 δὴ
385 916 434 951 τῆς
449 916 586 952 ἡμετέρας
602 916 746 952 ἐπιστολῆς
755 916 868 948 πολλαῖς
880 915 1037 948 ἀποδείξεσι

1096 917 1142 948 isi,
1153 916 1252 951 quibus
1272 917 1434 951 quantocius
1450 925 1498 944 vos
1516 919 1548 943 ad
1562 917 1598 950 id,
1615 918 1688 952 quod
1706 925 1814 954 aequum
1829 924 1882 952 est,

247 960 426 996 χρησάμενοι,
455 961 484 987 ὲν
499 957 543 992 αἷς
563 960 660 987 θᾶττον
688 961 757 996 πρὸς
772 961 803 987 τὸ
822 960 882 987 δέον
902 961 949 987 καὶ
966 961 1038 996 ὑμᾶς

248 1006 443 1042 πεισθήσεσθαι
466 1006 585 1038 ἐδόκουν,
601 1007 647 1033 καὶ
662 1007 869 1042 ἀναμυηθέντας
889 1007 920 1033 τὸ
938 1006 1038 1042 ἀληθὲς

248 1053 295 1087 τῆς
308 1051 426 1087 ἀμώμου
440 1053 486 1079 καὶ
501 1053 625 1087 καθαρᾶς
641 1053 759 1083 πίστεως
779 1052 827 1079 τοῦ
839 1053 907 1079 κατὰ
922 1052 1038 1086 Χριστὶν

250 1099 401 1134 μυστηρίου
418 1099 478 1134 μεθ’
493 1099 572 1134 ἡμῶν
592 1099 703 1134 στῆναι”
717 1099 764 1125 καὶ
779 1099 837 1133 ἅμα
851 1099 897 1125 τὸν
907 1099 954 1126 ἕνα
970 1099 1038 1132 Χρι-

250 1146 312 1171 στὸν
325 1144 372 1172 καὶ
387 1145 500 1180 Κύριον,
519 1146 566 1172 καὶ
581 1145 647 1172 Θεὸν
661 1144 740 1180 ἡμῶν
754 1145 799 1171 τὶν
813 1145 846 1171 ἐκ
862 1144 909 1171 δύο
921 1144 1038 1179 φύσεων,

249 1192 298 1218 καὶ
310 1192 339 1217 ὲν
351 1191 398 1218 δύο
416 1191 525 1226 φύσεσι,
538 1192 585 1218 καὶ
598 1191 644 1218 δύο
657 1191 753 1226 φύσεις
768 1191 874 1226 ἔχοντα,
891 1191 942 1226 μιᾷ
962 1190 990 1217 δὲ
1006 1192 1039 1226 τῇ

250 1235 400 1263 ὑποστάσει
414 1236 478 1262 ὄντα
494 1237 597 1271 κυρίως
611 1236 733 1267 δοξάσαι.
749 1235 837 1270 Ὅπερ
851 1235 984 1262 ἀνέκαθεν
994 1236 1041 1262 καὶ

251 1282 345 1317 σχεδον
359 1283 447 1309 εἰπεῖν
470 1282 487 1317 ἡ
515 1282 628 1317 ὑφήλιος
644 1283 729 1313 πᾶσα,
749 1282 795 1308 καὶ
809 1281 833 1307 οί
853 1281 1042 1316 ἀρχιερατικοὶ

251 1329 333 1355 πέντε
344 1328 433 1363 θρόνοι
447 1327 497 1363 τῆς
510 1327 658 1362 καθολικῆς
668 1328 716 1354 καὶ
725 1327 906 1362 ἀποστολικῆς
925 1326 1042 1361 Ἐκκλη-

252 1373 315 1406 σὶας
340 1373 371 1400 τὺ
393 1373 522 1409 τηνικάδε
550 1375 579 1400 ἑν
603 1375 636 1409 τῇ
663 1373 857 1408 Χαλκηδονίων
878 1372 1044 1408 μητροπόλει

253 1419 505 1454 συναθροισθέντες,
529 1418 576 1446 καὶ
601 1419 671 1446 κατά
685 1419 775 1446 πάντα
791 1418 887 1445 ὀπαδοὶ
903 1419 949 1445 καὶ
977 1417 1044 1452 ὁμό-

252 1474 352 1501 φρονες
368 1467 429 1497 ταῖς
439 1464 535 1501 πρώην
549 1465 741 1500 τρισὶνζάγίαις
760 1464 878 1496 συνόδοις
890 1464 1043 1499 γενόμενοι,

253 1511 323 1538 κατά
341 1511 424 1547 μηδὲν
442 1511 663 1547 διαφωνήσαντες
679 1510 823 1542 συνοδικῶς
833 1510 937 1546 ὣρισάν
952 1519 982 1536 τε
999 1511 1046 1537 καὶ

253 1558 410 1585 ὲθέσπισαν.
426 1557 576 1593 Τοιγαροῦν
587 1557 680 1584 ἔκτοτε
697 1557 743 1583 καὶ
761 1557 841 1592 μέχρι
861 1557 910 1592 τῆς
926 1557 1046 1592 σήμερον

253 1605 278 1630 οι
299 1603 387 1640 ὀρθῶς
405 1604 452 1631 καὶ
469 1604 589 1636 εὐσεῦὠς
606 1603 676 1638 μετά
690 1603 740 1637 τῆς
757 1602 905 1637 καθολικῆς
921 1603 967 1629 καὶ
978 1603 1046 1629 ἀπο-

254 1650 382 1685 στολικῆς
415 1650 578 1685 Ἑκκλησίας
605 1649 679 1684 βιοῦν
705 1648 854 1681 ἐθέλοντες,
881 1648 931 1684 τὴν
957 1649 1046 1674 ἐκεῖσε

255 1696 488 1733 συγκροτηθεῖσαν
501 1696 609 1724 σύνοδον
622 1696 702 1730 ἁγίαν
717 1696 764 1723 καὶ
787 1695 981 1730 οίχουμενικὴν
1002 1703 1048 1721 τε·

254 1743 359 1778 τάρτην
373 1743 441 1778 πρὸς
452 1744 513 1774 ταῖς
524 1742 618 1774 ἀλλαις
637 1743 725 1778 τρισὶν
738 1741 864 1777 ἀσμένως
881 1740 1048 1776 ὑποδεχόμε-

255 1798 308 1821 νοι,
330 1789 477 1821 διαπαντὸς
499 1790 618 1816 σέϐουσι.
631 1789 769 1823 Μενοῦνγε
793 1788 870 1820 ἐλπὶς
889 1789 954 1823 ἡμῖν
965 1787 1014 1822 οὐχ
1029 1788 1046 1823 ἡ

254 1835 373 1871 τυχοῦσα
388 1837 488 1871 παρῆν,
516 1835 589 1867 ὅπως
617 1835 649 1862 ὲκ
665 1835 714 1870 τῆς
741 1834 877 1870 ἡμετέρας
900 1833 1045 1867 ἐπιστολῆς

257 1881 424 1914 πεισθέντες,
444 1882 486 1908 ὃτι
510 1881 626 1916 τάχιστα
649 1882 698 1916 τῆς
721 1881 843 1916 χείρονος
869 1879 949 1914 δόξης
964 1887 1046 1914 μετα-

258 1929 380 1962 σταίητε,
408 1928 456 1954 καὶ
484 1927 553 1962 πρὸς
578 1926 609 1954 τὸ
625 1926 780 1962 παρ’ἠμῶν
790 1926 870 1962 ὀρθὸν
895 1925 984 1960 δόγμα
996 1925 1047 1960 τῆς

1090 962 1183 990 reduci
1204 963 1333 990 existimo
1356 971 1362 990 :
1380 967 1407 990 et
1423 963 1457 991 de
1472 970 1544 991 novo
1578 964 1720 991 veritatem
1738 964 1885 1000 inculpata:

1089 1007 1258 1042 sinceraque
1274 1007 1491 1035 ﬂdeiChristiani
1504 1009 1624 1044 mysterii
1639 1009 1727 1037 edocti
1748 1017 1801 1037 ttna
1818 1019 1882 1038 cum

1090 1053 1168 1080 nobis
1186 1053 1320 1086 sentiatis,
1340 1059 1368 1080 et
1384 1055 1466 1081 simul
1482 1062 1566 1082 unum
1592 1055 1732 1083 Christum
1749 1061 1776 1084 et
1793 1055 1886 1084 Domi-

1090 1106 1168 1130 num,
1185 1103 1212 1125 et
1227 1098 1312 1126 Deum
1331 1104 1466 1132 nostrum,
1485 1100 1531 1134 qui
1548 1107 1579 1126 ex
1601 1100 1712 1128 duabus
1729 1102 1845 1135 naturis,
1859 1106 1888 1129 et

1091 1145 1118 1171 in
1132 1145 1238 1172 duabus
1251 1145 1368 1176 naturis,
1379 1150 1407 1172 et
1427 1145 1495 1173 duas
1511 1151 1624 1174 naturas
1647 1146 1727 1174 habet
1748 1155 1810 1174 cum
1825 1148 1887 1175 uni-

1090 1197 1123 1217 ca
1137 1189 1286 1225 hypostasi.
1301 1191 1340 1217 uti
1350 1195 1401 1223 est,
1421 1191 1547 1223 teneatis,
1565 1192 1636 1225 quod
1646 1192 1680 1219 ab
1689 1192 1801 1227 antiquo
1813 1198 1886 1220 tem-

1093 1244 1169 1272 pore,
1193 1242 1220 1264 et
1232 1237 1298 1269 fere,
1308 1242 1336 1264 ut
1348 1237 1383 1264 ita
1393 1237 1495 1269 dicant,
1504 1237 1648 1264 universus
1656 1241 1791 1264 terrarum
1800 1237 1886 1270 orbis,

1094 1289 1119 1310 et
1138 1283 1259 1317 quinque
1267 1282 1455 1310 archieraticae
1464 1282 1541 1310 sedes
1554 1283 1693 1310 catholicae
1699 1283 1888 1318 ctapostolicaa

1094 1328 1222 1356 Ecclesia:
1235 1333 1293 1356 tum
1305 1328 1332 1356 in
1346 1327 1612 1356 Chalcedonensium
1628 1329 1772 1364 metropoli
1786 1330 1886 1361 coacti.

1095 1376 1121 1402 in
1141 1375 1269 1402 omnibus
1294 1378 1438 1402 consortes
1461 1382 1493 1402 ac
1513 1375 1664 1403 concordes
1687 1394 1695 1407 ,
1713 1380 1739 1402 et
1760 1383 1773 1402 a
1792 1376 1888 1410 primis

1096 1420 1185 1447 tribus
1202 1419 1314 1455 synodis
1340 1419 1453 1447 minime
1481 1419 1508 1447 in
1528 1420 1623 1455 aliquo
1641 1420 1830 1455 discrepantes
1853 1428 1888 1449 ex

1097 1465 1194 1500 synodi
1223 1465 1359 1492 sententia
1387 1465 1570 1492 decreverunt
1606 1469 1633 1493 et
1659 1465 1886 1494 determinarunl.

1097 1511 1269 1546 Quapropter
1285 1519 1318 1539 ex
1333 1517 1371 1538 eo
1380 1516 1503 1546 tempore
1517 1512 1550 1538 ad
1569 1513 1642 1539 hunc
1659 1511 1742 1545 diem,
1758 1512 1804 1546 qui
1817 1519 1890 1540 recte

1098 1559 1196 1593 pieque
1216 1565 1278 1586 eum
1296 1558 1430 1585 catholica
1444 1562 1471 1585 et
1484 1557 1638 1592 apOstolica
1661 1559 1782 1586 Ecclesia
1799 1559 1890 1586 vivere

1060 1617 1083 1645 ο
1100 1608 1239 1639 satagunt,
1253 1604 1290 1631 ibi
1302 1607 1424 1632 coactum
1434 1604 1568 1639 synodum
1582 1609 1716 1636 sanctam,
1729 1608 1756 1632 et
1767 1612 1890 1632 cacume-

1099 1651 1188 1678 nicam
1201 1655 1338 1685 quartam,
1355 1658 1410 1686 pra:
1421 1650 1481 1678 aliis
1494 1651 1583 1678 tribus
1594 1650 1721 1678 lubenter
1736 1650 1889 1678 exosculati

1099 1703 1146 1731 per
1163 1697 1255 1723 omnia
1270 1700 1446 1723 venerantur.
1462 1696 1531 1732 Spes
1548 1697 1640 1731 itaque
1653 1702 1727 1724 certa
1740 1704 1789 1724 nos
1804 1700 1889 1730 tenet.

1100 1750 1150 1770 vos
1167 1748 1260 1770 nostra
1272 1743 1323 1770 hae
1349 1743 1464 1777 epistola
1499 1751 1658 1778 persuasos,
1684 1743 1790 1778 abjecta
1814 1743 1889 1770 omni
1924 1738 1926 1741 ’

1098 1789 1272 1817 cunctatione
1285 1797 1300 1816 a
1310 1790 1427 1824 pessima
1435 1794 1524 1817 νοςιτο
1538 1789 1674 1817 sententia
1685 1797 1852 1821 recessuros,
1862 1795 1892 1816 et

1099 1835 1132 1862 ad
1151 1839 1255 1862 rectum
1276 1835 1401 1862 veritatis
1419 1835 1528 1870 dogma,
1546 1835 1618 1869 quod
1637 1843 1690 1863 nos
1716 1835 1888 1869 proﬁtemur,

1101 1886 1198 1914 nempe
1213 1880 1240 1906 in
1253 1880 1408 1907 ceconomia
1419 1879 1522 1920 Qhristi
1538 1879 1607 1907 duas
1621 1885 1746 1913 naturas.
1763 1886 1790 1908 et
1807 1889 1889 1909 unam

1101 1925 1270 1960 hypostasim
1288 1933 1360 1959 esse,
1376 1924 1449 1952 facili
1466 1925 1575 1960 negotio
1591 1925 1755 1960 relapsuros.

256 1973 386 2009 ἀληθείας
402 1973 631 2008 πρεσϐευόμενον,
648 1972 730 2007 ἤγουν
742 1971 772 1998 τὺ
793 1970 915 2004 δοξάζειν
934 1969 981 1997 δύο
993 1969 1088 2004 φύσεις
1102 1971 1150 1997 καὶ
1175 1969 1240 2005 μίαν
1265 1970 1413 1997 ὑπόστασιν
1440 1969 1486 1996 ἐπὶ
1510 1970 1560 2004 τῆς
1580 1969 1735 2004 οἰκονομίας
1759 1969 1891 2005 Χριποῦν

258 2022 386 2057 εὐμαρῶς
403 2021 591 2057 μεταπέσοιτε.

294 2068 327 2103 β’.
343 2068 420 2094 Ἐπεὶ
436 2067 482 2095 οὖν
495 2067 526 2094 τὸ
554 2066 731 2101 ἐλπιζόμενον
759 2065 826 2100 ἡμῖν
846 2064 884 2095 εἰς
897 2064 982 2099 πέρας
998 2064 1048 2090 οὐκ

259 2114 421 2148 ὲκεέεηκεν,
437 2113 505 2140 ἀλλά
517 2113 564 2139 καὶ
578 2112 644 2148 πρὸς
653 2111 687 2138 τὰ
700 2110 841 2146 γραφέντα
856 2110 1046 2145 ἐδυσχέρανας·

260 2160 308 2186 καὶ
324 2159 354 2185 οὺ
370 2159 449 2194 μόνον
463 2158 549 2189 τουτὶ,
570 2157 638 2184 ἀλλὰ
665 2157 713 2182 καὶ
731 2156 868 2182 ἀντειπεῖν
892 2154 941 2181 καὶ⁹
957 2155 1049 2189 ἀντιρ-

263 2206 392 2241 ῥητικοὺς
407 2206 472 2240 ἡμῖν
484 2204 579 2238 λόγους
593 2203 696 2238 γράψαι
713 2201 872 2237 ἐπειράθης,
888 2200 985 2227 τούτου
998 2201 1049 2236 χά-

262 2261 305 2288 ριν
320 2251 457 2287 πυρωθεὶς
478 2250 518 2286 τῷ
543 2249 606 2285 θείῳ
625 2249 708 2283 ζήλῳ,
734 2248 782 2275 καὶ
804 2247 854 2283 τὴν
869 2247 918 2282 τῆς
944 2248 1050 2282 σιωπῆς

263 2298 438 2333 ὑφορώμενος
463 2296 560 2331 δίκην.
583 2295 637 2322 οὐδ’
667 2293 790 2322 ἐνταυθοῖ
817 2293 987 2328 ἀτημέλητόν
1018 2300 1049 2318 σε

263 2344 309 2371 καὶ
326 2342 513 2378 ἀθεράπευτον
529 2341 688 2368 καταλιπεῖν
710 2339 849 2375 ᾠήθημεν,
872 2338 919 2364 Διὸ
934 2338 984 2365 ὅσα
1001 2337 1050 2372 μὲν

263 2391 291 2416 ὲν
308 2389 347 2424 τῷ
365 2387 510 2424 γράμματί
524 2395 570 2414 σου
584 2386 630 2413 ἐπὶ
654 2385 763 2420 διαὸολῇ
774 2383 823 2418 τῆς
834 2383 971 2419 ἡμετέρας
984 2382 1051 2417 ἀλη-

263 2433 340 2467 θινῆς
365 2432 506 2467 ὁμολογίας
528 2431 689 2466 ἐμφέρεται,
717 2430 764 2456 καὶ
777 2428 841 2461 ἀξια
860 2428 952 2459 ποσῶς
971 2427 1050 2461 λόγου

264 2479 339 2513 οντα,
353 2478 439 2505 ταῦτα
450 2479 490 2509 εἱς
516 2478 597 2512 μέσον
611 2475 772 2510 ἀγαγόντες,
790 2473 941 2509 ἀνατρέψαι
953 2481 1051 2508 πειρα-

266 2524 379 2561 σόμεθα.
389 2524 534 2559 Τοιγάρτοι
549 2522 645 2558 μικρὸν
658 2521 727 2556 μετά
745 2521 775 2548 τὸ
789 2520 931 2556 προοίμιον
943 2519 993 2554 τῆς
1004 2519 1053 2553 σῆς

267 2570 412 2606 ἐπιστολῆς
425 2570 507 2597 οἱονεὶ
521 2569 691 2603 ὲπισφίγγων
706 2568 754 2594 κα)⁸
768 2565 934 2593 ἑπισυνδέων
948 2565 995 2600 τὴν
1005 2564 1054 2598 τῆς

267 2618 377 2653 ἀγάπης
392 2617 488 2652 κτῆσιν
501 2616 570 2651 μετά
578 2616 628 2650 τὴν
641 2616 681 2647 είς
696 2615 760 2649 μίαν
771 2612 916 2649 ὁμολογίαν
927 2612 975 2646 τῆς
989 2612 1055 2647 ἀλη-

269 2664 346 2699 θινῆς
361 2664 409 2691 καὶ
426 2663 576 2698 ἀμωμήτου
591 2662 719 2692 πίστεως,
738 2658 895 2690 σπουδάζων
913 2658 976 2689 τοὺς
990 2658 1056 2692 ὀμο-

270 2710 387 2746 τρόπους
402 2711 430 2736 ὲν
443 2709 626 2744 οἵκῳΚυρίου
638 2706 801 2742 φωτίζεσθαι
819 2714 848 2732 τε
864 2706 910 2731 καὶ
925 2703 1056 2739 καταρτί-

273 2757 366 2789 ζεσθαι
377 2765 384 2772 ·
413 2756 446 2783 El
461 2756 510 2783 καί
533 2763 612 2788 τινες
630 2753 805 2786 ἀπέδρασαν
820 2751 855 2778 ἐκ
878 2751 988 2784 ταύτης
1002 2749 1058 2783 τῆς

272 2802 370 2837 καλῆς
394 2802 443 2829 καὶ
464 2801 555 2836 ὀρθῆς
582 2799 752 2835 ὁμολογίας,
776 2795 813 2833 ἧς
834 2795 1010 2830 παρέδωκαν
1032 2796 1059 2821 οὶ

271 2849 347 2884 ἅγιοι
362 2849 537 2879 ἀπόστολοι,
557 2847 605 2873 καὶ
623 2845 822 2879 κατώρθωσαν
835 2843 864 2869 al
888 2841 967 2876 ἅγιαι
982 2840 1060 2874 τρεῖς

272 2892 408 2925 σύνοδοι,
421 2893 468 2920 καὶ
486 2892 518 2919 τὰ
533 2892 605 2925 ἑξῆς,
619 2889 795 2926 ἁριδηλότατα
818 2888 883 2923 ἡμῖν
899 2887 942 2913 διὰ
958 2885 1061 2912 τούτων

1136 2063 1163 2089 9..
1184 2062 1252 2089 Cum
1268 2069 1344 2098 ergo,
1363 2063 1435 2097 quod
1450 2070 1501 2090 nos
1523 2062 1710 2097 sperabamus,
1730 2062 1810 2090 linem
1835 2070 1890 2090 non

1103 2108 1240 2140 habuerit,
1259 2107 1314 2134 imo
1332 2107 1442 2142 scriptis
1472 2108 1554 2135 etiam
1582 2107 1684 2136 nostris
1712 2112 1890 2142 exasperatus

1104 2158 1160 2181 tum
1171 2158 1198 2180 et
1210 2158 1305 2180 contra
1321 2152 1407 2185 ire,et
1419 2153 1605 2180 refutatoriam
1618 2159 1727 2187 quoque
1735 2153 1889 2180 orationem

1105 2199 1225 2226 scribere
1242 2202 1357 2225 conatus
1370 2205 1412 2231 es,
1423 2197 1484 2225 ideo
1497 2197 1589 2225 divino
1603 2197 1662 2224 zelo
1680 2197 1819 2230 succensi.
1833 2198 1890 2225 cri-

1104 2253 1165 2272 men
1180 2244 1280 2272 silcntii
1305 2249 1331 2271 et
1346 2244 1549 2272 accusationem
1562 2243 1732 2278 effugientes,
1758 2247 1786 2270 te
1799 2243 1891 2279 negle-

1104 2296 1178 2318 ctum
1194 2295 1220 2318 et
1236 2290 1388 2318 incuratum
1400 2289 1526 2318 deserere
1537 2297 1625 2324 opera:
1635 2289 1753 2324 pretium
1763 2296 1823 2317 esse
1838 2296 1890 2316 non

1104 2337 1243 2364 duximus.
1257 2335 1347 2369 Quare
1357 2343 1527 2371 quaecunque
1546 2335 1572 2362 in
1585 2335 1700 2370 epistola
1713 2338 1759 2362 tua
1769 2340 1890 2362 nostram

1105 2389 1198 2409 veram
1214 2381 1410 2416 professionem
1429 2380 1613 2408 calumniatus
1635 2380 1784 2412 attesuisti,
1800 2380 1892 2415 aliquo

1106 2433 1197 2455 tamen
1210 2427 1290 2454 modo
1303 2434 1357 2454 non
1373 2425 1484 2461 indigna
1499 2424 1717 2452 consideratione
1730 2425 1757 2452 in
1773 2424 1892 2452 medium

1107 2473 1266 2504 aﬂerentes.
1295 2472 1457 2506 redarguere
1492 2470 1663 2497 conabimur.
1691 2470 1789 2503 Atqui-
1812 2471 1893 2506 paulo

1107 2523 1170 2554 post
1196 2523 1250 2545 tua:
1267 2517 1388 2553 epistola:
1410 2516 1586 2552 promminm,
1604 2516 1682 2551 quasi
1698 2516 1852 2550 astringens
1867 2521 1895 2543 et

1108 2565 1223 2599 alligans
1237 2569 1360 2591 mutuam
1374 2562 1521 2590 amicitiam
1536 2569 1598 2589 cum
1612 2558 1667 2589 una
1677 2569 1748 2589 verte
1759 2567 1787 2589 et
1800 2561 1896 2587 imma-

1110 2610 1208 2638 culata;
1224 2609 1284 2636 ﬁdei
1300 2608 1482 2644 professione,
1504 2608 1671 2643 sludensqne
1687 2611 1717 2635 ut
1734 2607 1773 2634 tui
1790 2606 1895 2634 similes

1111 2657 1138 2683 in
1154 2656 1235 2683 domo
1245 2655 1351 2682 Domini
1368 2654 1556 2682 illuminentur
1571 2659 1598 2682 et
1621 2655 1792 2681 instruantur
1805 2660 1811 2678 :
1825 2651 1896 2678 Licet

1111 2701 1241 2734 nonnulli,
1265 2701 1315 2734 ais,
1331 2708 1363 2728 ea;
1379 2701 1461 2735 proba
1477 2700 1526 2727 hac
1541 2705 1661 2734 rectaque
1678 2698 1840 2733 professione
1858 2705 1898 2723 re-

1112 2747 1246 2778 cesserint,
1257 2754 1336 2781 quom
1351 2746 1436 2772 sancti
1447 2745 1560 2779 apostoli
1571 2744 1747 2775 tradiderunt,
1762 2747 1786 2769 et
1800 2747 1899 2769 sanch

1114 2798 1165 2819 tm
1184 2791 1279 2826 synodi
1303 2791 1477 2825 perfecerunt,
1492 2794 1558 2820 εις..
1575 2787 1797 2816 manifestissime
1819 2787 1893 2814 nobi‘

1114 2845 1162 2872 per
1176 2838 1232 2864 haec
1247 2841 1320 2864 tuam
1337 2837 1492 2872 opinionem
1519 2835 1655 2866 indicasti,
1671 2833 1799 2861 laudibus
1813 2833 1900 2860 extol-

1115 2884 1173 2910 lens
1186 2888 1213 2911 et
1231 2883 1325 2911 beatos
1341 2890 1389 2911 eos
1403 2882 1575 2914 existimans,
1605 2880 1704 2915 quibus
1719 2886 1783 2908 cum
1808 2878 1901 2907 divino
