2092 3156
212 160 261 194 591

844 153 989 189 NlCETrE
1006 159 1094 190 DYZ.\
1100 160 1160 190 NTl
1167 160 1207 190 NI

1789 163 1842 196 592

206 225 298 245 amore
314 224 382 244 verae
397 216 455 243 ﬁ.lei
469 214 604 251 professio
619 222 672 242 una
684 219 734 242 cst.
753 215 786 242 At
797 223 922 250 quaenam
935 217 988 243 hmc

1045 217 1177 252 ἐνέφηνας
1189 217 1238 254 τὴν
1252 217 1367 244 σεαυτοῦ
1377 217 1456 250 δόξαν
1469 218 1675 254 ἀποσεμνύνων,
1689 219 1734 246 καὶ
1751 228 1841 254 μακσμ

207 265 288 293 fuerit
306 263 446 291 verissima
468 261 612 298 professio,
638 269 719 296 quam
734 262 850 296 apostoli
874 262 994 290 tradide—

206 315 279 344 runt,
300 313 328 338 et
345 315 401 337 tres
413 314 514 336 sanctae
537 308 633 343 synodi
653 308 908 340 conslabiliverunt,
931 309 995 336 licet

205 356 289 391 aliqui
306 365 340 384 ex
363 356 413 382 hac
438 359 510 382 recta
527 355 579 381 ﬁde
598 354 766 387 rebellarint,
784 355 897 382 omnino
920 355 994 382 dices

206 407 291 432 luam,
304 408 365 436 quae
379 400 460 428 unius
474 404 579 426 natura:
594 407 678 426 unum
696 399 836 426 Christum
860 405 886 426 et
901 398 993 432 [Deum

206 453 329 475 nostrum
345 455 378 474 ex
403 446 518 473 diversis
536 446 641 472 naturis
665 450 726 480 post
742 445 871 473 unionem
889 445 992 472 fartum

206 493 355 528 proﬁtetur,
370 498 397 520 et
412 501 443 520 ex
457 493 564 520 duabus
584 493 690 520 naturis
703 497 730 520 et
742 493 810 520 duas
823 497 936 520 naturas
946 493 994 519 ha-

205 541 268 567 bere
282 540 308 567 in
325 548 378 567 una
393 540 530 575 hypwstasi
545 545 684 574 pernegat.
699 540 778 567 Hunc
794 540 865 566 cnim
879 547 992 573 compo-

205 586 313 614 sitionis
328 587 440 613 modum
459 587 485 613 in
508 586 594 613 divini
611 586 691 613 Verbi
709 586 810 613 unione
825 594 887 613 cum
910 593 993 613 carne

204 632 306 659 factum
334 631 419 659 fuisse
439 632 526 666 palam
543 632 612 659 inira
629 632 778 659 declamas.
795 631 851 659 llen
867 640 923 659 rem
941 633 993 658 mi-

204 679 279 705 ram!
293 677 416 711 Quanam
430 682 458 705 tu
475 677 578 705 ratione
593 682 676 706 testes
694 678 818 705 oculatos
845 682 872 704 et
885 678 992 705 divinos

203 724 325 751 veritatis
336 731 486 758 praecones,
498 732 604 752 necnon
624 728 734 751 sanctos
743 731 773 750 ac
787 723 904 750 dcil‘cros
920 723 992 750 viros

202 770 262 797 aliis
283 773 365 804 atque
387 770 449 797 aliis
467 770 635 804 temporibus
656 769 689 796 ad
706 769 826 804 synodos
845 777 992 804 congri-ga-

203 821 246 844 los
271 815 380 843 tandem
410 816 505 850 culpas
530 820 557 842 et
584 815 750 842 contumelia
779 815 899 842 oneras?
924 814 991 847 Quis

201 862 275 890 enim
287 870 319 890 ex
333 862 379 894 iis,
396 862 443 896 qui
456 869 499 889 res
510 861 677 896 dijudicandi
695 860 790 895 peritia
805 861 916 896 pollent,
934 865 991 887 tra-

1051 265 1158 299 ριστοῦς
1174 262 1243 290 εἶναι
1258 264 1392 299 οἰόμενος,
1409 262 1450 296 οἷς
1471 265 1503 292 ἂν
1523 266 1592 300 μετὰ
1603 266 1651 300 τῆς
1665 266 1758 293 ἐνθέου
1772 268 1842 301 ἀγά-

1049 318 1103 345 πης
1122 311 1167 336 καὶ
1182 311 1199 343 ἡ
1215 311 1263 344 τῆς
1282 310 1399 346 ἀληθοῦς
1415 311 1534 343 πίστεως
1558 312 1689 347 ὁμολογία
1705 313 1754 348 μία
1770 313 1840 348 πάρ-

1048 364 1117 383 εστι.
1146 356 1195 388 Τίς
1221 356 1249 383 δὲ
1275 356 1379 392 αὖτηή
1408 357 1578 392 ἀληθεστάτη
1605 358 1745 393 ὁμολογία,
1767 359 1802 394 ἢν
1817 359 1843 384 οὶ

1047 402 1190 428 ἀπόστολοι
1215 403 1388 438 παρέδωκαν,
1403 403 1450 430 καὶ
1471 403 1499 430 αἱ
1527 403 1604 437 ἅγιαι
1636 406 1710 438 τρεῖς
1738 404 1842 431 σύνοδοι

1047 448 1243 484 κατώρθωσαν,
1270 449 1294 475 εί
1309 449 1356 475 καί
1368 458 1441 480 τινες
1464 449 1496 475 ἐκ
1510 449 1613 484 ταύτης
1628 450 1678 484 τῆς
1695 450 1778 486 ὀρθῆς
1795 451 1842 477 πί-

1047 499 1133 526 στεως
1160 495 1403 530 ἀπεδυσπέτησαν;
1421 496 1532 527 Πάντως
1555 497 1626 531 ἐρεῖς
1649 497 1699 530 τὴν
1714 496 1840 528 σεαυτοῦ,

1046 541 1106 576 ἥτις
1123 541 1188 575 μιᾶς
1203 540 1310 575 φύσεως
1321 541 1366 567 τὸν
1380 541 1428 567 ἕνα
1439 541 1556 577 Χριστὸν
1573 541 1618 567 καὶ
1637 541 1703 567 Θεὸν
1718 541 1797 576 ἡμῶν
1809 542 1840 568 ὲκ

1045 585 1183 620 διαφόρων
1208 585 1316 619 φύσεων
1349 586 1417 620 μετὰ
1434 585 1483 620 τὴν
1505 585 1604 612 ἕνωσιν
1621 585 1841 613 ἀποτελεσθέντα

1045 631 1181 665 ὁμολογεῖ,
1196 631 1241 657 καὶ
1256 633 1288 657 ἐκ
1302 631 1348 657 δύο
1362 631 1480 665 φύσεων,
1499 632 1546 658 καὶ
1560 631 1606 657 δύο
1624 631 1721 665 φύσεις
1743 631 1840 666 ἔχοντα

1045 676 1074 702 ὲν
1089 676 1139 712 μιᾷ
1167 675 1316 702 ὑποστάσει
1342 676 1405 703 ὄντα
1425 677 1558 711 ἀρνεῖται.
1589 677 1692 703 Τοῦτον
1711 677 1764 712 γὰρ
1794 677 1840 703 τὸν

1044 722 1146 757 τρόπον
1160 721 1209 756 τῆς
1237 722 1388 753 συνθέσεως
1411 722 1591 758 παρακατιὼν
1610 723 1639 748 ὲν
1650 724 1684 758 τῇ
1701 723 1748 750 τοῦ
1766 723 1839 750 θείου

1044 767 1133 801 Λόγου
1150 767 1215 802 πρὺ;
1234 767 1322 803 σάρκα
1340 767 1435 794 ἐνώσει
1453 767 1618 803 γεγενῆσθαι
1644 768 1737 803 σαφῶς
1748 769 1840 802 διαγο-

1046 813 1146 848 ρεύεις.
1160 813 1248 839 Βσὸαὶ
1258 813 1306 839 τοῦ
1319 813 1472 848 θαύματοςί
1487 813 1547 845 Πῶς
1561 814 1601 846 είς
1617 814 1681 845 τοὺς
1701 815 1840 846 αὐτόπτας

1045 859 1090 886 καὶ
1102 858 1191 890 θείους
1206 859 1330 894 κήρυκας
1341 860 1389 895 τῆς
1404 859 1543 894 ἀληθείας,
1559 859 1627 886 ἀλλὰ
1648 859 1702 895 μὴν
1716 860 1763 886 καὶ
1776 861 1840 892 τοὺς

201 909 285 935 ditam
301 915 374 939 esse,
392 912 440 934 aut
453 907 645 935 conﬁrmatam
661 907 733 935 dicet
748 907 819 942 apud
839 907 918 934 Verbi
940 908 988 934 mi-

1043 905 1114 931 κατά
1129 905 1276 940 διαφόρους
1305 905 1419 939 χρόνους
1437 905 1586 937 συνοδικῶς
1616 906 1839 940 συνειλεγμένους

201 954 314 986 nistros,
330 958 378 980 aut
389 953 483 981 Patres
501 953 620 986 divinos,
640 961 722 988 quam
735 958 764 980 tu
779 953 914 988 proﬁteris
929 961 992 980 scn-

201 1000 324 1032 tentiam,
342 1007 403 1034 qua:
419 1004 534 1032 asserat,
555 999 695 1027 Christum
711 999 791 1027 unius
815 1004 917 1026 natura:
931 1004 992 1034 post

201 1046 330 1073 unionem
345 1053 416 1078 esse,
431 1050 458 1073 et
471 1053 504 1073 ex
517 1046 620 1073 duabus
636 1046 766 1073 unionem
784 1045 947 1076 cenieclam.
963 1045 990 1073 in

199 1091 306 1120 duabus
323 1099 397 1125 vero,
417 1096 464 1119 aut
476 1091 544 1119 duas
560 1099 621 1120 esse
640 1096 754 1119 naturas
775 1096 837 1126 post
860 1092 990 1119 unionem

200 1135 358 1164 lnﬁcietur?
373 1136 518 1171 Propterea
536 1137 648 1165 accedat
661 1137 788 1172 princeps
803 1137 990 1171 apostolorum

200 1180 296 1208 Petrus
308 1189 357 1216 per
367 1189 445 1209 suam
462 1182 675 1214 confessionem,
689 1186 714 1209 te
723 1189 784 1217 qum
795 1182 886 1209 dixisti
895 1189 990 1208 emen-

200 1228 279 1255 titum
293 1235 353 1255 esse
366 1227 511 1256 manifesto
523 1228 651 1256 evincens
659 1233 695 1261 et,
708 1236 757 1263 per
767 1236 828 1256 eum
845 1228 990 1255 universus

199 1273 387 1308 apostolorum
411 1278 510 1301 cretus.
536 1273 642 1300 Etenim
656 1274 782 1301 Christus
805 1273 937 1301 Deminus
961 1277 988 1300 et

199 1319 271 1348 Deus
284 1325 375 1347 noster
390 1320 458 1347 dixit
478 1321 666 1355 apostolorum
684 1320 801 1355 principi
827 1320 907 1347 Petro
922 1327 930 1346 :
949 1319 989 1346 Tu

197 1375 224 1394 es
240 1366 347 1400 Petrus,
363 1373 387 1394 et
400 1375 479 1401 super
492 1367 559 1394 lianc
572 1372 675 1401 petram
688 1367 826 1402 wdiﬁcabo
841 1366 987 1394 Ecclesium

198 1421 294 1445 meam,
319 1417 345 1440 et
363 1403 446 1448 parta:
472 1413 551 1447 inferi
580 1420 632 1439 non
657 1412 835 1447 prwvalebunt
861 1413 987 1439 adversus

197 1467 255 1486 eam
272 1459 291 1486 ί.
307 1458 369 1486 Πίου
383 1466 465 1494 porro
480 1458 612 1486 Dominus
628 1458 708 1486 Petro
722 1458 837 1491 dixerat,
853 1465 916 1486 cum
933 1457 987 1485 Do-

198 1505 273 1532 mino
308 1505 486 1539 semetipsum
519 1504 657 1532 heminem
688 1504 859 1539 nuncupanti
888 1504 987 1532 Petrus

197 1554 376 1581 enuntiasset,
401 1548 422 1575 Τ
424 1558 441 1575 ιι
458 1557 484 1576 es
505 1549 626 1576 Christus
645 1548 733 1576 Filius
748 1548 798 1575 Dei
811 1549 862 1576 vivi
876 1549 898 1575 ¹.
916 1549 984 1576 Tum

1044 950 1138 984 ἁγίους
1152 951 1199 976 καὶ
1223 951 1370 986 θεοφόρους
1396 951 1495 984 ἀνδρας
1519 951 1646 978 τοσοῦτον
1661 952 1781 986 ἑπιχέεις
1792 952 1839 978 τὸν

1044 996 1160 1031 μῶμον;
1175 996 1223 1028 Τίς
1239 998 1293 1032 γὰρ
1305 997 1359 1024 τῶν
1375 997 1460 1032 ὑγιῶς
1485 998 1590 1033 κρίνειν
1609 997 1729 1031 εἰδότων,
1746 1007 1837 1033 παρα-

1041 1036 1175 1074 δεδόσθαι,
1191 1043 1207 1078 ἢ
1220 1042 1395 1077 βεόαιοῦσθαι
1411 1044 1508 1079 φήσειε
1524 1044 1600 1078 παρὰ
1612 1045 1668 1075 τοῖς
1684 1043 1837 1079 ὑπηρέταις

1041 1087 1089 1115 τοῦ
1112 1088 1203 1122 λόγου,
1221 1089 1237 1124 ἢ
1263 1090 1320 1121 τοῖς
1337 1089 1420 1121 θείοις
1435 1089 1560 1124 Πατράσι
1577 1089 1627 1124 τὴν
1646 1089 1746 1117 οὑτωσὶ
1762 1090 1837 1126 παρὰ

1043 1134 1090 1161 σοῦ
1105 1135 1329 1171 πρεσϐευομένην
1337 1135 1427 1169 δόξαν,
1436 1136 1486 1171 τὴν
1495 1136 1652 1170 φάσκουσαν
1664 1136 1709 1163 τὸν
1719 1136 1836 1172 Χριστὸν

1042 1181 1108 1216 μιᾶς
1122 1181 1229 1216 φύσεως
1243 1181 1312 1216 μετά
1327 1181 1377 1217 τὴν
1389 1182 1487 1208 ἕνωσιν
1501 1179 1583 1214 εἶναι,
1605 1183 1651 1208 καὶ
1676 1184 1708 1209 ἐκ
1727 1182 1774 1209 δύο
1787 1183 1836 1217 μὲν

1040 1226 1268 1254 ἀποτελεσθεῖσαν
1280 1227 1330 1262 τὴν
1343 1227 1452 1260 ἕνωσιν,
1470 1228 1500 1254 ἐν
1515 1227 1561 1254 δύο
1574 1227 1613 1262 δὲ,
1630 1228 1646 1262 ἢ
1660 1228 1706 1254 δύο
1721 1226 1791 1254 εἶναι
1805 1228 1836 1254 τδ

1039 1272 1120 1307 φύσει
1130 1274 1200 1307 μετά
1211 1273 1260 1308 τὴν
1270 1273 1367 1299 ἕνωσιν
1375 1273 1614 1309 ἀπαγορεύουσαν;
1628 1273 1673 1300 Διὸ
1681 1274 1836 1308 εἰσαχοήτω

1038 1321 1052 1347 ὸ
1067 1321 1213 1354 κορυφαῖος
1235 1319 1290 1346 τῶν
1309 1319 1466 1346 ἀποστόλων
1490 1320 1604 1355 Πέτρος,
1617 1319 1661 1346 διὰ
1674 1319 1723 1354 τῆς
1738 1318 1835 1346 ἑαυτοῦ

1037 1365 1184 1401 ὁμολογίας
1205 1365 1426 1401 ψευδηγοροῦντά
1439 1374 1468 1392 σε
1476 1365 1617 1396 δεικνύων.
1631 1365 1677 1392 καὶ
1685 1365 1719 1392 δι’
1730 1365 1835 1392 ἐκείνου

1038 1411 1110 1442 ἄπας
1125 1412 1139 1438 6
1149 1411 1204 1437 τῶν
1216 1411 1375 1438 ἀποστόλων
1393 1411 1533 1445 σύλλογος.
1549 1411 1606 1437 Καὶ
1617 1411 1672 1446 γὰρ
1688 1411 1805 1446 Χριστὸς
1819 1411 1834 1437 ὀ

1038 1457 1139 1492 Κύριος
1151 1457 1197 1483 καὶ
1213 1456 1280 1488 Θεὸς
1295 1457 1374 1492 ἡμῶν
1384 1456 1423 1492 τῷ
1440 1457 1495 1483 τῶν
1508 1457 1668 1483 ἀποστόλων
1681 1457 1733 1491 ἔφη
1751 1465 1832 1492 κορυσ

1037 1499 1110 1535 φαίῳ
1127 1501 1222 1535 Πέτρῳ
1235 1509 1241 1516 ·
1270 1501 1312 1528 Σὺ
1339 1501 1369 1527 εἴ
1398 1500 1519 1535 Πέτρος,
1551 1501 1601 1528 καὶ
1621 1501 1669 1528 ἐπὶ
1690 1502 1783 1535 ταύτῃ
1797 1500 1834 1535 τῇ

1037 1547 1130 1580 πέτρᾳ
1139 1546 1327 1581 οἰκοδομήσω
1332 1556 1392 1582 μου
1404 1547 1461 1581 τὴν
1475 1548 1671 1581 Ἐκκλησίαν,
1682 1547 1730 1574 καὶ
1740 1549 1833 1574 πύλαι

198 1602 263 1622 vero
277 1596 304 1622 in
316 1594 426 1622 Christo
441 1594 558 1622 Domino
568 1599 594 1622 et
609 1595 663 1622 Deo
675 1599 770 1622 nostro
781 1594 839 1622 haec
850 1594 904 1622 duo
915 1594 986 1622 dicta

1040 1592 1113 1625 ᾅδου
1124 1593 1161 1619 οὐ
1169 1593 1414 1627 κατισχύσουσιν
1426 1592 1532 1627 αὐτῆς.
1549 1593 1649 1620 Τοῦτον
1657 1593 1685 1619 δὲ
1696 1593 1740 1619 τὸν
1754 1593 1833 1627 λόγον

197 1640 325 1674 copulata
342 1645 417 1671 sunt,
434 1639 683 1675 conﬁrmatumque
698 1644 750 1672 est.
768 1644 796 1668 et
810 1640 895 1667 Deum
916 1647 987 1673 esse,

198 1690 226 1713 et
242 1685 390 1712 hominem.
405 1684 433 1712 Si
449 1685 541 1719 itaque
558 1685 645 1712 ambae
661 1685 702 1713 hae
719 1685 830 1712 deitatis
850 1690 878 1712 et
891 1685 988 1718 huma-

165 1747 168 1750 ~
199 1730 294 1758 nitatis
322 1729 455 1762 rationes,
480 1737 541 1757 eum
570 1729 697 1758 Christus
719 1730 852 1758 Dominus
868 1734 894 1758 et
917 1729 988 1758 Deus

198 1778 293 1802 noster
310 1781 383 1801 unus
398 1774 522 1808 exsistat,
540 1782 602 1810 posr
615 1775 702 1810 ipsius
718 1775 847 1802 unionem
862 1774 896 1802 de
904 1782 937 1802 eo
945 1775 988 1802 di-

198 1825 310 1854 cuntur,
326 1824 353 1848 et
366 1828 437 1849 unus
453 1825 480 1848 et
492 1820 561 1848 idem
572 1825 615 1848 est
630 1821 812 1856 sempiternus
826 1821 911 1849 Filius
925 1825 988 1849 ante

198 1867 291 1895 omnia
307 1867 405 1895 saecula
429 1874 444 1894 a
466 1866 545 1895 Patre
566 1867 623 1895 sine
645 1873 766 1903 tempore
785 1873 814 1896 et
837 1869 987 1896 mutatione

198 1918 360 1949 prognatus,
372 1914 418 1949 qui
440 1917 482 1942 est
505 1921 558 1941 una
583 1914 764 1941 sanctissima:
777 1914 919 1942 Trinitatis
938 1914 987 1951 hy-

199 1959 328 1995 postasis,
337 1959 409 1987 Deus
419 1959 493 1986 Patri
505 1959 654 1987 secundum
667 1961 847 1987 aeternitatem
859 1960 984 1995 aequalis,

198 2011 340 2042 paternam
352 2006 498 2034 essentiam
514 2010 541 2033 ct
553 2010 678 2033 naturam
700 2007 728 2034 in
745 2014 775 2034 se
789 2011 919 2042 perpetuo
935 2007 985 2035 ha-

197 2051 333 2085 bens,sed
343 2052 387 2087 qui
397 2052 526 2080 extremis
538 2052 704 2087 temporibus
725 2059 757 2080 ex
770 2051 873 2087 Spiritu
889 2057 986 2080 saneto

196 2099 315 2126 etMaria
327 2098 436 2134 Virgine
447 2105 557 2126 carnem
568 2103 595 2126 et
617 2098 812 2126 humanitatem
823 2099 984 2133 assumpsit,

197 2144 243 2172 hic
257 2149 375 2172 aeternus
392 2143 478 2172 Filius
499 2144 559 2172 sine
574 2144 628 2171 ulla
644 2145 795 2172 mutatione
809 2144 906 2183 ,l'actus
925 2150 986 2171 tan-

197 2197 278 2226 quam
293 2197 366 2218 unus
383 2197 417 2218 ex
433 2190 601 2224 hominibus,
615 2198 663 2225 per
677 2190 768 2218 omnia
784 2197 841 2225 pra:
855 2198 909 2218 uno
926 2198 986 2225 pee-

197 2240 271 2269 cato,
296 2241 402 2270 nostra,
423 2243 506 2271 quam
528 2236 585 2271 ipse
606 2244 660 2264 non
679 2236 806 2269 habebat,
822 2240 918 2264 natura
938 2244 985 2264 ae-

1038 1638 1052 1664 ό
1070 1637 1171 1672 Κύριος
1194 1638 1245 1672 ἔφη
1271 1638 1311 1674 τῷ
1340 1639 1446 1674 Πέτρῳ,
1475 1639 1556 1673 ἡνίκα
1573 1634 1641 1673 ⁵ιτρδς
1653 1639 1697 1665 τὸν
1718 1640 1831 1675 Κύριον.

1038 1682 1133 1709 ἑαυτὸν
1147 1683 1211 1710 Υίὸν
1238 1683 1385 1719 ἀνθρώπου
1411 1685 1576 1720 κεκληκότα,
1595 1686 1699 1721 Πέτρος
1716 1685 1812 1721 εἴρηκε
1823 1692 1831 1700 ·

1038 1728 1080 1754 Σὺ
1095 1726 1152 1756 εἴό
1174 1730 1303 1764 Χριστὸς
1329 1731 1346 1757 ὁ
1373 1731 1441 1764 nec
1470 1731 1524 1758 τοῦ
1544 1731 1620 1758 Θεοῦ
1636 1731 1690 1759 τοῦ
1709 1731 1828 1764 ζῶντος.

1038 1774 1093 1800 Καὶ.
1107 1775 1279 1810 συνήχθησαν
1308 1777 1354 1803 ἐπὶ
1370 1776 1489 1813 Χριστοῦ
1505 1777 1552 1804 τοῦ
1576 1778 1678 1813 Κυρίου
1693 1778 1740 1804 καὶ
1763 1778 1831 1805 Θεοῦ

1037 1822 1116 1858 ἡμῶν
1141 1823 1289 1859 ἀμφότεροι
1303 1824 1328 1850 oi.
1344 1823 1429 1858 λόγοι,
1448 1825 1494 1851 καὶ
1511 1825 1696 1858 πεπίστωται,
1723 1826 1764 1852 ὃτι
1783 1826 1831 1853 καὶ

1037 1869 1103 1900 Θεὸς
1115 1869 1163 1895 καὶ
1175 1869 1318 1905 ἄνθρωπός
1334 1871 1418 1898 ἐστιν.
1434 1872 1466 1898 El
1480 1871 1527 1898 οὖν
1538 1872 1690 1908 ἀμφότεροι
1701 1873 1726 1899 οἱ
1743 1873 1828 1907 λόγοι,

1037 1915 1087 1950 τῆς
1098 1916 1235 1950 θεότητος,
1252 1917 1335 1951 φημὶ,
1351 1917 1398 1943 καὶ
1420 1917 1470 1952 τῆς
1482 1917 1692 1953 ἀνθρωπότητος
1703 1919 1751 1945 τοῦ
1768 1919 1829 1950 sub;

1036 1961 1112 1993 ὄντος
1131 1961 1250 1997 Χριστοῦ
1262 1962 1310 1989 καὶ
1325 1963 1429 1998 Κυρίου
1447 1964 1494 1990 καὶ
1507 1963 1574 1990 Θεοῦ
1590 1964 1678 1999 ἡμῶν,
1698 1965 1766 1999 μετὰ
1780 1964 1830 2000 τὴν

1035 2007 1133 2034 ἕνωσιν
1159 2007 1241 2034 αὑτοῦ
1262 2008 1492 2044 κατηγοροῦνται,
1523 2009 1570 2035 καὶ
1584 2007 1625 2041 εἷς
1647 2010 1695 2036 καὶ
1720 2010 1734 2036 ὁ
1748 2010 1830 2042 αὐτός

1036 2053 1110 2079 ἐστιν
1137 2053 1151 2080 ό
1165 2053 1249 2084 ἀΐδιος
1267 2053 1341 2086 Υίὺς,
1357 2054 1371 2080 ὁ
1399 2053 1452 2089 πρὸ
1478 2054 1587 2081 πάντων
1599 2055 1654 2081 τῶν
1670 2055 1776 2082 αἰώνων
1797 2057 1830 2082 ὲκ

1035 2097 1083 2124 τοῦ
1099 2098 1205 2133 Πατρὸς
1227 2098 1350 2134 ἀχρόνως
1366 2099 1413 2126 καὶ
1437 2100 1551 2132 ἀπαθῶς
1575 2102 1784 2137 γεγεννημένος,
1800 2102 1830 2133 ὃς

1036 2143 1110 2169 ἐστιν
1124 2143 1273 2175 ὑπόστασις
1298 2144 1348 2179 μία
1373 2145 1422 2179 τῆς
1438 2145 1519 2178 ἁγίας
1531 2145 1657 2179 Τριάδος,
1675 2144 1742 2177 Θεὸς
1772 2146 1828 2177 ἶσος

1036 2187 1074 2223 τῷ
1093 2189 1180 2224 Πατρὶ
1195 2189 1265 2216 κατὰ
1277 2189 1326 2224 τὴν
1341 2190 1488 2224 ἀῖδιότητα,
1510 2189 1559 2225 τὴν
1573 2191 1711 2226 πατρικὴν
1734 2190 1828 2216 οὐσίαν

1037 2234 1085 2260 καὶ
1097 2233 1178 2269 φύσιν
1191 2234 1284 2266 ἀῖόίως
1300 2236 1328 2261 ὲν
1342 2235 1432 2270 ἑαυτῷ
1445 2235 1524 2269 ἔχων,
1541 2235 1585 2261 ἐπ’
1601 2235 1724 2270 ἐσχάτων
1734 2235 1763 2261 δὲ
1774 2236 1828 2262 τῶν

198 2285 288 2317 cepta,
314 2283 342 2308 In
369 2289 402 2309 eo
415 2269 518 2315 divina,
531 2269 612 2317 quam
636 2282 671 2309 ab
691 2286 793 2310 aeterno
816 2283 982 2317 possidebat,

1040 2279 1149 2314 ἡμερῶν
1168 2279 1201 2305 ὲκ
1215 2279 1371 2314 Πνεύματος
1386 2279 1464 2313 ἁγίου
1476 2280 1524 2306 καὶ
1538 2280 1649 2316 Μαρίας
1663 2280 1712 2315 τῆς
1727 2280 1829 2315 Παρθέ.

197 2332 384 2362 permanente,
402 2327 578 2356 manifestum
592 2332 643 2361 est,
660 2327 688 2355 in
704 2328 809 2356 duabus
823 2328 939 2369 naturis,
955 2332 983 2356 et

198 2373 267 2400 duas
279 2378 392 2401 naturas
402 2373 552 2408 possidere,
561 2373 607 2408 qui
620 2381 690 2401 unus
703 2378 744 2401 est
755 2374 893 2408 hypostasi
904 2373 983 2402 Chri-

199 2420 259 2446 stus
273 2421 336 2453 post
349 2417 488 2450 unionem,
507 2418 530 2445 si
543 2418 622 2445 modo
638 2419 860 2453 compellationes
875 2418 946 2446 Deus
957 2423 985 2446 et

199 2467 276 2492 Immo
290 2468 404 2492 naturas
418 2464 550 2497 indicant,
571 2468 701 2499 tanquam
719 2472 779 2500 quae
793 2465 827 2492 de
836 2464 928 2492 multis
942 2464 983 2492 di-

198 2517 309 2540 cuntur.
346 2510 533 2538 Confessionis
564 2510 655 2546 itaque
684 2510 718 2538 de
742 2510 852 2538 Christo
886 2518 983 2538 verum

199 2556 296 2591 dogma
305 2555 331 2582 in
345 2554 516 2583 Chalcedone
526 2554 667 2582 celebrata
686 2554 784 2582 divina}
797 2554 894 2589 synodi
920 2561 984 2581 san-

197 2606 304 2629 ctorum
313 2599 424 2628 Patrum
440 2599 562 2628 deﬁnitio
574 2604 645 2627 recte
655 2599 928 2632 decernit,Christum
938 2599 986 2626 de-

198 2647 358 2680 terminans,
379 2653 462 2674 unam
489 2652 549 2673 esse
568 2653 602 2672 ex
623 2650 718 2673 saneta
742 2644 876 2672 'l‘rinitate
901 2644 982 2678 hypo

197 2693 294 2722 stasim
307 2693 375 2721 duas
399 2696 513 2720 naturas
529 2691 686 2725 habentem,
708 2695 834 2719 naturam
862 2689 982 2717 divinam

196 2745 223 2767 et
238 2744 364 2767 naturam
376 2740 535 2767 humanam.

1037 2333 1082 2352 νου
1108 2325 1271 2360 σαρκωθεὶς,
1302 2327 1348 2352 καὶ
1365 2325 1590 2362 ὲνανθρωπήσας,
1616 2323 1694 2359 οὗτος
1713 2328 1727 2354 ὀ
1743 2327 1828 2359 ἀΐδιος

1037 2371 1101 2403 Υίδς
1112 2371 1256 2406 ἀτρέπτως
1271 2372 1316 2398 καὶ
1329 2371 1527 2405 ἀναλλοιὼτως,
1544 2373 1592 2400 καὶ
1603 2373 1723 2408 γεγονὼς
1740 2374 1777 2405 ὠς
1788 2371 1827 2404 εἷς

1037 2416 1091 2443 τῶν
1106 2416 1258 2451 ἀνθρώπων
1274 2419 1345 2445 κατά
1358 2418 1458 2453 πάντα,
1479 2420 1564 2454 χωρὶς
1580 2420 1728 2455 ἁμαρτίας,
1741 2428 1826 2454 προσ-

1035 2461 1154 2497 ειληφὼς
1164 2462 1213 2496 τὴν
1226 2463 1374 2497 ἡμετέραν,
1392 2464 1426 2500 ἢν
1443 2465 1493 2491 οὐκ
1506 2462 1573 2500 εἶχε,
1596 2465 1688 2499 φύσιν,
1708 2473 1825 2500 μεμενη-

1036 2507 1115 2539 κυίας
1140 2507 1214 2543 αὑτῷ
1241 2509 1291 2544 τῆς
1305 2509 1391 2543 θείας,
1406 2511 1440 2546 ἣν
1459 2511 1553 2543 ἀῖδίως
1568 2513 1690 2546 προεῖχε,
1707 2511 1824 2545 φύσεως·

1035 2553 1162 2588 φανερὸν,
1178 2553 1218 2580 ὅτι
1233 2555 1262 2581 ὲν
1275 2554 1321 2581 δύο
1334 2555 1431 2589 φύσεσι
1445 2556 1550 2583 καὶδύο
1562 2556 1657 2590 φύσεις
1673 2556 1742 2590 ἔχων
1753 2555 1827 2582 ἐστὶν

1037 2600 1051 2625 ὁ
1065 2597 1106 2630 εἷς
1117 2601 1150 2635 τῇ
1165 2599 1312 2628 ὑποστάσει
1326 2601 1444 2636 Χριστὸς
1456 2602 1526 2636 μετὰ
1543 2602 1592 2637 τὴν
1616 2602 1729 2629 ἕνωσιν·
1748 2603 1828 2637 εἴπερ

1036 2644 1067 2670 τὸ
1083 2646 1155 2678 Θεὸς
1167 2646 1253 2681 δνομα
1263 2646 1311 2673 καὶ
1323 2647 1479 2680 ἄνθρωπος
1493 2647 1602 2682 φύσεών
1612 2649 1665 2674 εισι
1678 2647 1825 2682 δηλωτικὰ.

1037 2691 1073 2722 ὼς
1088 2691 1158 2717 κατὰ
1168 2692 1273 2718 πολλῶν
1282 2692 1430 2728 φερόμενα.
1439 2693 1543 2720 Οὐκοῦν
1552 2693 1583 2720 τὸ
1597 2694 1646 2728 τῆς
1659 2694 1699 2725 είς
1711 2691 1827 2729 Χριστὸν

1037 2737 1182 2771 ὁμολογίας
1197 2738 1243 2764 τοῦ
1266 2737 1429 2765 ’Δποστόλου
1457 2738 1583 2774 ἀληθινὸν
1596 2739 1684 2774 δόγμα
1707 2740 1722 2766 ὁ
1732 2740 1781 2773 τῆς
1797 2739 1825 2764 ἐν

197 2785 348 2820 Χαλκηδόνι
360 2784 617 2821 συγκεκροτημένης
628 2783 702 2814 θείας
711 2783 819 2810 συνόδου
830 2782 884 2810 τῶν
898 2783 984 2816 ἁγίων
1003 2782 1133 2817 Πατέρων
1156 2783 1218 2818 ὄρος
1244 2783 1398 2820 ὀρθοτομεῖ,
1427 2784 1473 2811 τὸν
1496 2785 1614 2820 Χριστὸν
1640 2784 1739 2820 ὁρίζων
1761 2784 1827 2820 μίαν

198 2830 346 2857 ὑπόστασιν
371 2831 404 2857 ὲκ
425 2831 475 2866 τῆς
493 2830 573 2865 ἁγίας
601 2830 714 2864 Τριάὃοτ
728 2828 808 2864 εἷναι,
824 2830 871 2857 δύο
888 2830 983 2864 φύσεις
996 2829 1102 2865 ἔχοντα,
1124 2831 1204 2865 φύσιν
1215 2831 1290 2858 θείαν
1306 2832 1352 2858 καὶ
1363 2832 1445 2867 φύσιν
1459 2832 1644 2868 ἀνθρωπίνην.

233 2884 242 2900 ¹
255 2883 350 2912 Matth.
371 2892 427 2919 xvr,
444 2885 489 2913 18.
525 2887 535 2901 ¹
550 2885 617 2914 Ibid.
630 2885 674 2913 16.
