2092 3156
237 175 288 207 593

235 276 311 311 ορᾷν,
327 273 377 302 ὦδε
393 284 399 290 '
413 276 622 310 Προκείσθωσαν
635 278 681 304 οὖν
693 279 815 313 χρύπινοι
834 281 908 315 τρεῖς
919 300 926 311 ,
949 281 963 306 ὁ
985 279 1025 311 εἷς

233 321 382 356 ἐμϐληθεὶς
399 323 476 357 πυρὶ.
494 323 541 349 καὶ
553 324 689 358 πυριιιθεὶς
705 325 813 358 ἐγένετο
827 326 891 361 πῦρ⁷
907 335 1025 361 μεμενη-

234 367 290 400 κὼς
305 369 416 402 χρυσὸς,
433 366 487 401 οἷος
510 367 554 405 ἦν.
581 370 616 397 Σὺ
636 368 681 397 οὖν
699 372 722 397 εἰ
739 371 813 406 Θείης
833 373 862 398 ὲν
876 373 954 408 μέρει
976 373 1025 408 μὲν

234 414 295 445 τοὺς
310 415 406 445 ἄλλους
419 415 466 441 δύο
481 416 637 450 χρυσίνους,
657 417 686 443 ἐν
707 418 785 452 μέρει
805 418 833 444 δὲ
847 418 961 451 πολλοὺς
977 419 1024 446 ἄν-

233 461 338 496 θρακας
354 462 493 497 πυρίνους,
510 461 569 489 εἶτα
585 463 629 489 τὸν
646 463 775 498 χρύσινον
787 463 832 490 τὸν
852 464 1022 499 πυρωθέντα,

233 506 347 541 καὶπῦρ
363 507 509 541 γενόμενον
534 509 636 543 μεταξὺ
657 509 710 535 τῶν
726 510 814 536 ἄλλων
826 510 873 536 δύο
890 511 1025 545 χρυσίνων

233 553 278 578 καὶ
288 552 342 578 τῶν
361 552 516 587 ἀνθράκων,
531 554 577 580 τὸν
591 554 718 589 διάμεσον
731 555 779 581 ἐὰν
799 556 884 592 θεάσῃ
897 556 1024 591 χρύσινον

231 597 328 632 ἔχοντα
340 599 389 634 τήν
405 608 433 625 τε
448 599 530 633 φύσιν
540 600 594 627 τῶν
606 601 692 627 ἄλλων
704 600 750 628 δύο
762 602 896 636 χρυσίνων
906 601 1023 635 τελείαν,

230 645 370 672 τουτέστιν
393 645 457 672 ὅντα
483 647 595 681 χρυσδιν,
620 647 658 678 ὡς
671 649 727 674 τοῖν
743 648 815 674 δυοῖν
842 648 956 674 ἐκείνοιν
968 649 1024 675 τοῖν

231 692 368 726 χρυσίνοιν
383 692 522 727 ἑκάτερον,
535 693 583 720 καὶ
595 693 652 719 τῶν
666 693 812 728 ἀνθράκων
827 694 919 728 φύσιν,
930 694 1024 728 ἐπειδὴ

231 737 287 772 πῦρ
306 738 392 769 ἐστιν,
419 737 515 773 ὥσπερ
542 739 595 766 τῶν
612 739 700 766 ἄλλων
716 740 861 774 ἀνθράκων
890 740 1022 771 ἕκαστος’

230 783 276 809 τὸν
293 783 374 810 ait)»:
391 784 421 818 δὴ
438 784 537 819 τρόπον
550 786 563 811 ὁ
578 785 663 816 ἀΐδιος
691 785 755 816 Υἱῦς
769 785 798 818 ἐξ
812 785 928 820 οὐρανοῦ
941 794 1025 811 κειτα-

230 829 291 862 63ις,
309 830 358 864 οὔχ
378 830 528 856 ortos—43w
556 831 585 863 ἐξ
611 831 701 866 ἡμῶν,
724 832 792 858 ἀλλὰ
819 832 868 866 τὴν
886 832 1024 866 ἡμετέραν

230 875 310 908 ᾳῦσιν
326 875 417 906 ἔλαϐε,
437 877 483 903 καὶ
496 877 607 910 γέγονεν
619 878 656 909 ὡς
672 876 712 910 εἷς
727 878 756 911 ἐξ
771 878 859 912 ἡμῶν,
872 878 910 910 ὡς
923 879 936 905 ὁ
952 878 1023 909 θεῖος

229 922 376 953 ﬁnio-.010;
396 922 501 954 Παῦλος
517 923 601 956 λέγει,
616 923 819 956 πεπειρᾶσθαί
832 923 908 950 κατὰ
924 924 1024 951 πάντα

229 967 296 995 καθ’
310 967 458 1002 ἡμετέραν
470 970 627 1003 ὁμοιότητα
641 969 731 1004 χωρ)ς
753 970 907 1004 ἁμαρτίας.
926 970 1023 996 Τοίνυν

228 1012 275 1039 οὖν
294 1014 308 1040 ὁ
324 1014 409 1045 ἀΐδιος
436 1014 499 1045 Υἱὸς
515 1014 571 1048 ἔχει
587 1015 638 1049 τήν
652 1023 681 1041 τε
706 1015 753 1041 τοῦ
780 1015 887 1050 [ἰατρὸς
911 1015 958 1041 καὶ
975 1015 1021 1041 τοῦ

228 1059 306 1090 ἁγίου
320 1059 488 1093 Π-,ιεύματο;,
503 1060 537 1095 ἢν
548 1060 591 1086 ἀεὶ
600 1062 711 1095 προεῖχε
722 1060 814 1094 φύσιν,
823 1060 872 1095 τὴν
883 1061 1022 1096 ἡμετέραν

228 1104 402 1139 ἀνθρωπίνην
433 1105 515 1138 φύσιν
537 1107 605 1140 μετὰ
621 1106 668 1132 καὶ
692 1105 741 1140 τὴν
758 1105 854 1132 ἑαυτοῦ
871 1106 1020 1141 σάρκωσιν,

229 1151 278 1182 μία
294 1150 424 1185 ὑπάρχων
440 1151 472 1177 ὲκ
482 1152 531 1186 τῆς
547 1151 628 1185 ἁγίας
649 1151 766 1186 Τριάδος
783 1151 943 1184 ὑπόστασις,
972 1152 1022 1187 τῆς

227 1197 308 1230 ἁγίας
337 1197 451 1232 Τριάδος
474 1198 635 1232 προσθήκην
649 1198 698 1224 οὐκ
724 1198 931 1233 εἰσδεξαμένης.
948 1198 979 1224 El
993 1198 1021 1225 δὲ

227 1242 305 1269 τοῦτο
320 1244 438 1278 φανερὸν
464 1243 511 1269 καὶ
537 1245 594 1274 τοῖς
610 1244 695 1279 μικρὰ
721 1243 880 1279 δυναμένοις
906 1246 1021 1280 συνορᾷν

227 1289 311 1321 ἔστιν,
323 1289 363 1316 ὅτι
382 1289 431 1325 τὴν
448 1289 562 1316 σεαυτοῦ
583 1289 671 1322 δόξαν,
691 1290 740 1326 τὴν
752 1291 817 1325 περὶ
833 1291 898 1325 μιᾶς
913 1291 1021 1325 φύσεως

227 1335 274 1362 τοῦ
292 1336 422 1371 Χριστοῦ,
434 1336 496 1362 οὔτε
510 1336 565 1363 τῶν
578 1337 736 1364 ἀποστόλων
745 1338 759 1364 ὁ
768 1338 849 1373 χορὸς
864 1338 1021 1374 παραδέδω-

227 1390 286 1415 κεν,
304 1381 366 1408 οὖτε
380 1382 435 1417 μὴν
447 1384 474 1408 αἱ
488 1382 565 1416 ἆγιαι
584 1384 659 1418 τρεῖς
684 1383 799 1415 σύνοδοι,
822 1384 851 1410 αἱ
879 1384 951 1411 κατὰ
965 1384 1021 1410 δια-

227 1429 328 1463 φόρους
342 1429 456 1464 καιροὺς
472 1429 537 1464 παρ’
549 1429 670 1455 εὐσεὸῶν
682 1429 814 1464 βασιλέων
828 1430 941 1465 προνοίᾳ
953 1429 1020 1456 Θεοῦ

229 1475 476 1510 συναθροισθεῖσαι,
494 1472 538 1506 αἶς
553 1475 598 1502 καὶ
610 1476 692 1507 αὐτὸς
706 1475 750 1502 διὰ
763 1475 811 1502 τοῦ
830 1475 876 1502 σοῦ
888 1476 1020 1511 γράμμα-

227 1530 272 1554 τος
285 1522 487 1557 συνομολογεῖς,
506 1523 552 1548 καὶ
568 1522 699 1558 ἀποδέχῃ,
717 1522 778 1549 ἐπεὶ
795 1522 955 1557 καθαιρέσει
970 1522 1020 1556 μὲν

662 179 878 209 REFUTATlO
899 179 1090 210 EPISTOLE
1107 179 1222 212 REGIS
1242 180 1436 212 ARMENLE.

269 229 303 264 γ’.
317 229 371 256 Καὶ
386 231 468 264 σαφὲς
486 231 580 258 τούτου
606 233 791 268 παράδειγμα,
809 235 832 260 εί
849 234 935 265 θέλεις
963 243 1026 260 συν·
1043 238 1063 263 Δ

1817 187 1868 218 594

1113 235 1138 261 5.
1156 234 1186 260 Ει
1202 236 1360 269 prmelarum
1390 236 1504 271 hujusce
1528 238 1565 265 rei
1595 239 1761 274 exemplum,
1789 241 1867 270 dum-

1078 281 1158 307 modo
1169 281 1194 307 id
1212 289 1265 308 non
1283 290 1392 315 renuas,
1407 283 1453 310 tibi
1469 284 1575 312 habeto.
1588 284 1649 313 Sint
1664 286 1740 312 aurei
1762 287 1868 315 nummi

1077 331 1131 353 tres
1146 337 1152 353 :
1174 335 1244 354 unus
1260 328 1287 354 in
1304 328 1392 362 ignem
1409 329 1549 363 conjectus
1564 336 1590 357 ct
1607 331 1708 366 ignitus
1725 331 1813 360 factus
1827 338 1870 361 est

1077 372 1158 406 ignis,
1175 380 1318 400 remanens
1328 373 1353 400 id
1370 374 1442 408 quod
1455 375 1530 409 prius
1541 382 1599 403 erat
1614 385 1721 404 aurum.
1734 377 1774 404 'l‘u
1788 386 1869 412 porro

1077 419 1099 446 si
1131 419 1286 453 seposueris
1316 420 1385 448 alios
1411 421 1481 449 duos
1497 430 1625 450 nummos
1649 431 1749 452 aureos
1768 426 1794 452 in
1814 433 1868 453 una

1076 469 1163 498 parte,
1177 469 1204 491 et
1227 472 1258 492 ex
1278 465 1330 492 alia
1346 466 1446 494 multos
1465 468 1600 496 carbones
1619 470 1728 505 ignitus,
1748 475 1869 505 postmo-

1076 510 1140 537 dum
1171 510 1285 545 ignitum
1303 512 1377 539 illum
1398 520 1524 545 aureum,
1538 518 1564 541 et
1588 514 1677 550 ignem
1691 515 1746 550 jam
1766 516 1868 544 factum

1077 556 1148 583 inter
1164 557 1232 584 alios
1247 558 1316 585 duos
1338 567 1437 586 aureos
1453 566 1478 587 et
1493 561 1627 589 carbones
1641 562 1786 597 eonjieias,
1812 571 1869 591 me-

1076 600 1150 627 dium
1162 609 1303 630 nummum
1319 610 1431 636 aureum
1447 604 1594 631 intueberis
1608 610 1734 632 naturam
1750 606 1868 634 aliorum

1076 645 1192 672 duorum
1221 654 1366 675 aureorum
1399 648 1542 676 habentem
1562 650 1720 684 perfectam,
1737 656 1867 686 tanquam

1076 691 1122 725 qui
1146 699 1243 719 aurum
1258 698 1310 725 est,
1331 694 1562 728 quemadmodum
1577 701 1604 722 et
1629 696 1683 723 duo
1704 697 1749 724 alii
1781 698 1867 731 aurei,

1076 738 1225 765 carbonum
1240 746 1351 774 quoque
1367 745 1506 773 naturam,
1522 741 1630 776 qnamlo
1645 742 1714 777 ignis
1732 747 1783 775 est,
1799 743 1869 771 sicut

1075 789 1103 812 et
1129 792 1162 811 ex
1188 785 1248 812 aliis
1268 786 1433 813 carbonibus
1461 787 1585 821 quilibet.
1606 787 1665 815 Non
1690 789 1742 816 alia
1763 789 1868 816 ratione

1076 830 1258 864 sempiternus
1276 831 1362 859 Filius
1379 832 1412 860 de
1423 833 1494 859 coelo
1509 833 1678 861 descr-ndens
1690 842 1743 861 non
1760 842 1774 861 a
1789 835 1868 862 nobis

1077 875 1256 910 bypostasim,
1276 879 1322 904 sed
1335 883 1458 905 naturam
1473 879 1589 913 accepit.
1605 884 1630 907 et
1647 879 1734 907 laetus
1751 887 1791 908 est
1804 888 1866 908 tan-

1075 929 1157 956 quam
1174 930 1244 950 unus
1256 931 1289 949 ex
1309 923 1400 951 nobis.
1419 923 1451 951 Et
1468 925 1576 952 divinus
1602 925 1702 953 Paulus
1725 927 1866 961 apostolus

1075 968 1390 1001 asseverat,’tentatmn
1418 971 1500 1004 fuisse
1534 979 1579 1006 per
1607 972 1698 998 omnia
1724 973 1868 999 secundum

1075 1017 1193 1040 nostram
1206 1014 1406 1042 similitudinem
1424 1016 1520 1050 absque
1536 1021 1642 1051 pet-culo
1658 1017 1677 1044 ³.
1696 1017 1780 1052 igitur
1797 1026 1868 1045 sent-

1074 1059 1197 1094 piternus
1229 1059 1315 1089 Filius
1340 1061 1422 1089 habet
1451 1061 1541 1090 Patris
1565 1068 1592 1090 et
1620 1063 1739 1098 Spiritus
1767 1065 1866 1096 sancti,

1074 1114 1155 1141 quam
1170 1115 1275 1142 semper
1286 1113 1364 1136 antea
1379 1109 1547 1143 possederat,
1557 1115 1694 1142 naturam,
1705 1114 1732 1137 et
1746 1115 1867 1137 nostram

1074 1153 1232 1186 humanam,
1247 1159 1307 1188 post
1324 1162 1400 1182 suam
1415 1155 1633 1183 incarnationem
1647 1176 1653 1188 ,
1670 1163 1731 1183 cum
1753 1156 1789 1183 sit
1813 1164 1866 1184 una

1073 1204 1174 1226 sancte
1195 1199 1337 1229 Trinitatis
1359 1202 1524 1236 hypostasis,
1540 1202 1615 1229 nullo
1637 1207 1738 1230 sanctae
1760 1202 1868 1230 'I‘riadis

1073 1245 1269 1274 ad-litamento.
1283 1247 1310 1273 Id
1336 1247 1358 1274 si
1382 1247 1419 1274 ita
1435 1252 1487 1279 est,
1511 1247 1686 1275 manifestum
1711 1248 1746 1275 sit
1759 1248 1802 1280 iis,
1820 1249 1866 1282 qui

1073 1291 1171 1326 pusilla
1183 1291 1264 1318 etiam
1276 1299 1374 1325 capere
1393 1296 1519 1327 possunt,
1542 1296 1616 1320 tuam
1637 1292 1670 1320 de
1695 1300 1748 1319 una
1764 1292 1868 1320 Christi

1073 1342 1171 1364 natura
1192 1337 1364 1369 sententiam,
1384 1345 1473 1372 neque
1488 1337 1674 1373 apostolorum
1690 1341 1801 1370 emtum,
1818 1345 1867 1365 ne-

1072 1390 1125 1417 que
1140 1388 1195 1411 tres
1206 1388 1316 1411 sanctas
1334 1383 1454 1419 synodos
1466 1383 1584 1411 diversis
1601 1383 1771 1418 temporibus
1784 1391 1798 1411 a
1815 1383 1870 1418 piis

1073 1428 1285 1463 imperatoribus
1297 1428 1388 1456 divina
1405 1427 1578 1456 Providentia
1593 1433 1783 1464 congregatas,
1798 1435 1870 1463 quas

1072 1479 1098 1501 et
1113 1474 1170 1509 ipse
1184 1482 1232 1510 per
1244 1479 1317 1502 tuam
1336 1475 1479 1510 epistolam
1495 1475 1604 1510 recipis,
1620 1479 1647 1502 et
1667 1475 1761 1503 eodem
1786 1479 1868 1510 atque

1073 1528 1124 1548 nos
1156 1520 1248 1548 animo
1279 1520 1474 1555 voluntateque
1501 1520 1620 1555 probas,
1646 1519 1801 1547 tradidisse.
1826 1519 1870 1546 Ad

227 1570 276 1604 τῆς
300 1569 347 1595 τοῦ
383 1569 501 1604 Ἀρείου,
532 1569 579 1596 καὶ
599 1569 781 1600 Μακεδονίου,
809 1569 857 1596 καὶ
872 1568 1021 1604 Νεστορὶου

1073 1566 1236 1594 refellendas
1258 1566 1384 1601 equidem
1400 1565 1469 1598 Arii,
1482 1565 1631 1594 Macedonii
1646 1569 1673 1593 et
1686 1565 1802 1593 Nestorii
1819 1572 1866 1592 ve-

228 1616 388 1648 κακοδοξίας
400 1616 508 1651 πρῶτον
522 1615 626 1642 σύνοδοι
650 1615 902 1650 συναγηγερμέναι,
927 1615 954 1641 αἱ
972 1615 1021 1649 μὲν

228 1662 360 1697 πρότεραι
385 1661 432 1688 δύο
454 1662 504 1697 τὴν
536 1662 582 1688 ἐπὶ
619 1661 745 1697 θεολογίᾳ
768 1661 851 1697 ὀρθὴν
877 1655 1021 1696 ὁμολογίαν

227 1708 384 1743 ἑτράνωσάν
396 1717 426 1734 τε
444 1708 492 1734 καὶ
505 1708 664 1739 ὲθέσπισαν,
687 1708 735 1734 τοῦ
755 1708 897 1742 ὁμολογεῖν
913 1709 1021 1744 ἀληθῶς

227 1753 273 1780 τὸν
286 1753 372 1780 ἀΐδιον
387 1753 451 1779 Υἱὸν
466 1754 514 1780 καὶ
529 1753 615 1786 Λόγον
632 1752 679 1779 τοῦ
691 1753 759 1780 Θεοῦ
777 1754 824 1780 καὶ
846 1753 961 1788 Πατρδς,
975 1754 1022 1780 καὶ

227 1799 258 1826 τὺ
273 1799 385 1835 Πνεῦμα
399 1799 429 1826 τδ
441 1799 519 1833 ἆγιον
537 1799 669 1834 ὸμοούσια
679 1799 718 1833 τῷ
733 1799 820 1834 Πατρὶ
839 1799 885 1826 καὶ
901 1799 1021 1835 ὁμοφυῆ.

227 1845 276 1872 καὶ
289 1845 338 1880 τῆς
348 1845 433 1880 αὐτῆς
447 1845 494 1872 καὶ
509 1846 574 1880 μιᾶς
585 1845 724 1880 θεότητος,
739 1845 869 1877 ίσοκλεῶς
882 1845 920 1880 τῷ
934 1845 1021 1880 Πατρὶ

226 1890 272 1917 τὸν
287 1891 353 1917 Υῑὸν
380 1890 427 1917 καὶ
453 1890 484 1916 τὸ
513 1890 590 1924 ἆγιον
622 1891 737 1925 Πνεῦμα
756 1891 892 1925 μετέχειν,
911 1891 957 1917 καὶ
974 1891 1022 1917 ἕνα

225 1936 294 1963 Θεὸν
307 1937 342 1963 τὰ
356 1936 419 1972 τρία
444 1936 576 1969 δοξάζειν,
594 1936 645 1963 κᾶν
672 1936 736 1971 τρία
760 1938 818 1968 ταῖς
840 1937 955 1971 ἰδιότησι
972 1945 1021 1963 πι-

227 1982 366 2018 στεύηται,
374 1983 422 2010 καὶ
434 1982 581 2018 μηδέτερον
592 1985 633 2014 είς
643 1984 747 2018 κτίσμα
759 1983 861 2010 τούτων
878 1983 1020 2017 κατάγειν.

226 2025 311 2056 Δῦται
322 2029 351 2055 δὲ
363 2029 429 2064 περὶ
442 2029 507 2063 μιᾶς
518 2029 626 2063 φύσεως
640 2028 688 2056 τοῦ
701 2029 773 2056 κατὰ
784 2029 903 2064 Χριστὸν
919 2037 1023 2064 μυστη-

229 2075 287 2110 ρίου
297 2074 424 2110 οὐδαμῶς
438 2074 586 2102 ὲθέσπισᾶν
600 2083 630 2101 τε
643 2075 691 2102 καὶ
704 2074 819 2110 ὥρισαν.
842 2075 874 2102 Ἦ
885 2075 914 2101 δὲ
926 2075 1021 2110 πρώτη

228 2112 278 2155 μὲν
290 2121 318 2146 ὲν
329 2119 446 2154 Ἐφέσῳ,
455 2119 534 2155 τρίτη
546 2119 575 2146 δὲ
589 2119 658 2156 προς
671 2121 732 2152 ταῖς
753 2119 831 2147 δυσὶν
845 2121 1022 2155 οίκουμενικὴ

227 2165 293 2200 ἁγία
304 2166 423 2198 σύνοδος,
438 2166 508 2202 αὕτη
522 2166 571 2201 μὲν
584 2166 632 2201 τὴν
643 2166 690 2193 τοῦ
704 2166 852 2200 Νεστορίου
863 2166 1022 2199 κακοδοξίαν

228 2211 446 2247 θριαμϐεύσασα,
461 2212 522 2247 ἥτις
537 2212 583 2238 τὸν
599 2212 646 2239 ἕνα
660 2213 777 2248 Χριστὸν
790 2213 836 2239 καὶ
856 2212 958 2248 Κύριον
975 2213 1021 2240 καὶ

227 2258 293 2285 Θεδν
308 2257 386 2293 ἡμῶν
411 2259 451 2290 είς
477 2258 524 2285 δύο
539 2258 614 2290 υἱοὺς
636 2259 684 2286 καὶ
700 2258 747 2285 δύο
762 2258 896 2294 πρόσωπα
907 2267 1022 2286 κατατε-

229 2305 289 2340 μεῖν
303 2304 446 2340 ἐτόλμησε,
460 2305 507 2331 καί
521 2304 571 2340 τὴν
589 2305 727 2339 πάναγνον
743 2305 788 2332 καὶ
811 2304 893 2339 ἁγίαν
914 2305 1021 2340 Παρθέ-

227 2358 273 2376 νον
289 2351 434 2377 Θεοτόκον
456 2350 549 2377 καλεῖν
575 2351 847 2386 ἀπηρυοριαπμὲνως
874 2351 888 2377 ὁ
905 2351 1022 2383 δείλαιος

227 2396 277 2423 οὐκ
291 2395 378 2431 ἠξίου,
407 2396 507 2432 μᾶλλον
524 2397 573 2432 μὲν
599 2395 646 2424 οὖν
660 2398 873 2431 Χριστοτόκον,
890 2398 928 2429 ὡς
944 2397 1022 2432 ψιλὸν

227 2441 371 2476 ἄνθρωπον
383 2443 564 2478 γεννήσασαν.
579 2443 634 2474 Τὰς
648 2444 703 2479 γὰρ
719 2443 765 2471 δύο
777 2444 872 2478 φύσεις
885 2443 930 2470 τοῦ
956 2444 1021 2479 Ἐμ-

229 2486 362 2522 μανουὴλ,
371 2487 400 2520 ἐξ
413 2484 450 2514 ὧν
460 2488 506 2514 καὶ
520 2488 549 2514 ὲν
563 2485 608 2519 αἷς
617 2489 631 2515 ὁ
645 2488 762 2524 Χριστὸς
774 2489 1018 2525 ὲθεωρεῖτο,ἦγουν

227 2531 278 2567 τὴν
287 2531 411 2567 θεότητα,
423 2534 504 2568 φημὶ,
522 2534 570 2561 καὶ
580 2534 630 2570 τὴν
640 2534 846 2569 ἀνθρωπότητα,
862 2535 914 2561 ἀνὰ
936 2535 1019 2570 μέρος

227 2577 325 2611 τιθεὶς,
342 2579 388 2605 καὶ
407 2579 598 2611 ίδιοσυστάτως
612 2581 715 2611 ταύτας
740 2580 890 2615 ὁμολογῶν,
906 2581 952 2607 καὶ
968 2581 1021 2616 φύο

199 2643 205 2649 .
229 2632 270 2650 σιν
280 2624 445 2659 ἀπρόσωπτν
467 2625 505 2661 μὴ
532 2626 660 2660 δοξάζων,
683 2627 730 2653 καὶ
749 2626 793 2654 διὰ
803 2626 881 2653 τοῦτο
893 2627 954 2653 ὅσαι
972 2627 1022 2662 μὲν

227 2670 257 2696 αἱ
266 2670 372 2704 φύσεις,
385 2671 503 2698 τοσαῦτα
517 2673 564 2699 καὶ
581 2673 614 2699 τὰ
630 2673 762 2708 πρόσωπα
779 2673 960 2707 συνεισάγων,
975 2673 1021 2700 καὶ

229 2716 357 2752 σχετικὴν
372 2717 468 2744 ἕνωσιν
480 2718 526 2745 τοῦ
540 2718 607 2745 Θεοῦ
626 2719 713 2753 Λόγου
732 2719 799 2755 πρὸς
812 2719 857 2746 τὸν
866 2720 897 2745 ὲκ
909 2718 1020 2753 Μαρίας

227 2762 393 2797 γεννηθέντα
405 2763 549 2799 ὡμολόγει.
564 2765 711 2801 Τοιγάρτοι
730 2765 825 2792 τοῦτον
854 2764 1019 2800 ἀναθεματί-

229 2815 309 2841 eam,
326 2807 453 2836 ἐθέσπισε
472 2818 501 2836 τε
520 2811 566 2837 καὶ
590 2811 714 2847 ἐκύρωσε
729 2811 779 2847 τὴν
794 2811 854 2838 καθ’
871 2811 1019 2837 ὑπόστασιν

283 2899 293 2914 ³
309 2897 393 2926 llcbr.
408 2908 445 2932 tv,
466 2899 508 2928 l5.

1073 1621 1156 1640 sanas
1166 1613 1309 1648 opiniones
1326 1612 1378 1640 illa:
1396 1616 1499 1640 coactat
1516 1616 1597 1644 sunt;
1611 1612 1706 1647 prima:
1722 1612 1783 1639 duae
1802 1619 1868 1646 pro-

1073 1658 1219 1686 fessionem
1235 1658 1269 1686 de
1281 1659 1335 1686 Deo
1349 1664 1450 1686 rectam
1473 1663 1677 1694 expOsuerunt,
1697 1662 1724 1685 et
1737 1657 1867 1684 decreve-

1072 1710 1146 1737 runt,
1161 1710 1190 1732 ut
1203 1712 1299 1733 omnes
1323 1712 1386 1733 vere
1402 1705 1578 1740 proﬁtentur,
1606 1704 1802 1739 sempiternum
1822 1703 1867 1731 Fi-

1073 1751 1138 1778 lium
1156 1756 1183 1778 et
1196 1750 1315 1778 Verbum
1329 1750 1376 1778 Dei
1399 1754 1426 1778 et
1439 1750 1539 1783 Patris,
1557 1757 1662 1777 necnon
1691 1754 1718 1777 et
1741 1754 1865 1777 sanetum

1074 1797 1206 1832 Spiritum
1237 1797 1358 1832 ejusdem
1384 1797 1510 1825 essentia:
1533 1800 1692 1830 naturaeque
1718 1803 1779 1823 esse
1802 1802 1868 1827 eum

1072 1844 1164 1878 Patre,
1177 1849 1203 1872 et
1228 1845 1351 1872 eamdem
1367 1848 1394 1872 et
1405 1852 1487 1871 unam
1510 1843 1679 1870 divinitatem
1697 1842 1794 1877 :equali
1809 1842 1867 1876 glo-

1073 1891 1112 1919 ria
1131 1899 1192 1919 cum
1215 1890 1295 1918 Patre
1310 1891 1409 1918 Filium
1437 1895 1464 1918 et
1487 1890 1618 1925 Spiritum
1640 1892 1765 1917 sanctum
1781 1889 1866 1923 parti-

1073 1937 1174 1972 cipare,
1188 1942 1215 1964 et
1230 1945 1315 1964 unum
1329 1935 1413 1963 Deum
1436 1935 1487 1963 tria
1503 1935 1561 1962 haec
1576 1934 1710 1966 conﬁteri,
1731 1933 1794 1961 licet
1806 1940 1868 1967 pro—

1073 1983 1235 2019 prietatibus
1249 1983 1302 2010 tria
1318 1990 1379 2011 esse
1405 1983 1562 2014 credantur,
1576 1985 1604 2008 et
1618 1989 1650 2008 ex
1677 1980 1721 2007 his
1737 1984 1864 2007 neutrum

1073 2030 1106 2057 ad
1123 2034 1264 2056 creaturas
1275 2028 1392 2056 deferre.
1410 2027 1444 2055 Et
1458 2028 1500 2055 bat
1513 2028 1546 2055 de
1559 2033 1614 2053 una
1630 2030 1728 2053 natura
1745 2025 1865 2060 mysterii

1072 2077 1222 2104 secundum
1236 2075 1375 2103 Christum
1388 2074 1455 2101 nihil
1468 2073 1654 2105 sanciverunt,
1677 2076 1723 2099 aut
1738 2071 1866 2098 definive-

1073 2128 1147 2149 runt.
1174 2121 1264 2148 Prima
1295 2125 1385 2147 autem
1418 2118 1565 2154 Ephesina,
1592 2118 1640 2145 sed
1667 2117 1745 2144 tertia
1770 2116 1866 2144 ordine

1074 2167 1243 2195 (Tecumcnica
1261 2170 1355 2194 sancta
1371 2165 1502 2201 synodus,
1518 2163 1636 2191 Nestorii
1653 2155 1749 2190 haeresi
1769 2162 1863 2190 debel-

1075 2214 1147 2245 lata,
1170 2213 1215 2248 qui
1233 2220 1317 2240 unum
1346 2211 1484 2238 Christum
1500 2215 1527 2237 et
1553 2209 1697 2236 Dominum
1727 2212 1754 2235 et
1780 2206 1863 2233 Deum

1074 2264 1198 2287 nostrum
1220 2259 1247 2285 in
1272 2258 1341 2286 duos
1359 2257 1440 2289 ﬁlios,
1462 2260 1489 2283 et
1503 2255 1572 2283 duas
1599 2262 1731 2290 personas
1745 2253 1866 2280 dividere

1072 2313 1178 2337 ausus,
1203 2302 1488 2331 immaculatissimam
1516 2306 1696 2335 sanctamque
1726 2299 1864 2335 Virginem

1071 2352 1192 2379 vocitare
1209 2350 1352 2384 Deiparam
1369 2347 1553 2376 inverecunde
1570 2345 1653 2374 nimis
1668 2345 1750 2372 miser
1770 2352 1865 2372 renue-

1071 2397 1126 2428 bat,
1145 2397 1191 2424 sed
1208 2396 1298 2430 potius
1314 2395 1522 2429 Cltristipuram,
1535 2398 1677 2426 tanquam,
1694 2398 1755 2426 quat
1766 2398 1863 2426 purum

1071 2443 1209 2470 hominem
1223 2441 1362 2476 genuisset
1378 2449 1384 2466 :
1402 2446 1520 2474 namque
1537 2439 1605 2465 duas
1618 2437 1806 2464 Emmanuelis
1817 2444 1865 2463 na-

1074 2494 1160 2519 turas,
1172 2496 1203 2514 ex
1228 2487 1328 2522 quibus
1343 2486 1406 2513 etin
1424 2484 1524 2520 quibus
1540 2484 1680 2512 Christum
1696 2482 1862 2516 contempla-

1073 2541 1145 2565 mur,
1158 2532 1284 2560 deitatem
1299 2537 1395 2565 nempe
1406 2534 1433 2556 et
1455 2528 1650 2556 lmmanitatem
1664 2535 1712 2562 per
1726 2535 1755 2554 se
1771 2533 1864 2552 unam-

1072 2586 1210 2616 quamque
1227 2583 1369 2612 separans,
1385 2579 1411 2602 et
1422 2582 1500 2609 teque
1517 2581 1550 2601 ac
1562 2574 1584 2600 si
1601 2573 1710 2608 propria
1726 2570 1865 2607 hypostasi

1072 2626 1254 2654 subsisterent
1271 2629 1441 2653 asseverans,
1457 2625 1484 2647 et
1494 2620 1598 2653 absque
1611 2625 1727 2653 persona
1740 2621 1864 2643 naturaet

1073 2671 1175 2700 nullam
1189 2676 1350 2705 agnoscens,
1366 2672 1393 2695 et
1416 2672 1559 2702 propterea
1577 2669 1615 2691 tot
1639 2670 1779 2698 personas,
1798 2665 1865 2695 quot

1073 2722 1151 2746 erant
1167 2721 1280 2746 natura,
1297 2715 1485 2744 introdueens,
1500 2711 1651 2739 secundant
1676 2707 1863 2735 habitudinem

1075 2763 1204 2792 unionem
1217 2761 1262 2789 Dei
1276 2751 1356 2789 vorbi
1373 2760 1405 2787 ad
1421 2767 1495 2790 eum,
1509 2756 1555 2792 qui
1570 2763 1601 2783 ex
1619 2754 1703 2781 Maria
1715 2756 1865 2788 prognatus

1075 2815 1145 2843 erat,
1161 2809 1310 2841 asserebat,
1327 2806 1451 2836 eumdem
1469 2804 1640 2832 anathemate
1671 2801 1753 2834 fcriit,
1767 2800 1862 2829 decre-
