2092 3156
207 187 260 220 595

841 191 878 221 Nl
885 193 988 222 (ΣΕΤίΕ
1008 193 1095 223 ΠΥΖΛ
1101 193 1211 224 N'l‘lNI

1786 191 1839 223 596

204 246 300 281 vitque
327 250 355 274 et
383 248 524 275 constituit
551 247 681 274 unionem
706 247 879 274 essentiztlcm
902 253 928 275 el
954 255 997 275 se-

1059 251 1096 276 ια).
1108 249 1225 284 οὐσιώδη
1253 249 1351 276 ἕνωσιν
1366 249 1419 276 τῶν
1438 248 1484 275 δύο
1503 249 1622 284 φύσεων,
1639 249 1687 283 τῆς
1701 248 1838 284 Θεότητος.

207 292 326 319 cundum
355 292 520 328 hypostasim
548 292 662 319 duarum
686 297 865 322 naturarum.
891 293 1000 320 deitatis

208 338 312 365 scilicet
329 342 355 364 et
369 338 556 370 humanitatis,
584 339 609 364 in
627 345 682 365 uno
698 338 817 370 Christo,
833 346 886 365 una
902 347 998 373 nempe

209 383 349 419 hypostasi
365 384 514 411 observari.
542 383 622 411 Nullo
638 385 729 418 itaque
750 385 831 412 modo
846 390 938 412 sancta
955 393 999 421 sy-

209 430 308 462 nodus,
320 430 419 463 vesani.
428 430 543 459 Nestorii
557 430 727 464 opinionem,
738 438 798 465 quae
812 430 879 457 duas
888 431 914 457 in
926 430 1002 457 Chri-

209 478 252 500 sto
272 481 402 507 personas
413 475 563 506 astruebat,
580 475 868 508 condemnans,una1n
883 477 909 503 in
921 475 1000 504 Chri-

209 524 253 546 sto
283 524 409 546 naluram
440 528 552 554 prorsus
577 521 751 548 asserendam
779 529 840 549 esse
867 522 998 549 decernit.

209 565 317 593 Etenim
334 573 421 601 neque
436 567 521 601 prima
536 571 630 594 sancta
642 568 772 603 synodus,
783 575 844 602 qua;
855 572 909 596 tres
925 572 1002 595 natu-

211 619 257 639 ras
272 611 300 639 in
313 612 423 644 divinis,
439 619 500 647 qum
514 617 572 640 erat
588 613 644 639 Arii
658 613 762 648 opinio,
783 613 903 646 sustulit,
919 606 1003 648 proti-

212 665 265 685 nus
294 662 323 685 et
353 657 466 685 triadem
500 658 680 692 hyposlascon
717 659 870 693 denegavit.
904 658 948 686 Sic
977 664 1003 686 et

212 702 350 737 Ephesina
366 704 443 730 tertia
469 704 589 739 synodus
614 704 648 731 de
671 704 778 731 duabus
806 705 1000 740 hypwstasihus

213 749 373 776 sententiam
381 750 553 777 anathemate
564 750 674 782 feriens,
684 758 738 777 non
750 751 841 778 statim
852 755 878 777 et
890 755 1002 778 natura-

215 803 274 822 rum
291 795 475 823 diversitatem
493 796 692 823 condemnavit.
712 796 842 829 Quinimo
869 796 901 823 ad
918 797 1004 823 stabi-

213 840 330 868 liendam
347 841 498 868 secundum
517 841 682 877 hypostasim
698 842 906 869 etessentialem
925 841 1004 868 unio—

214 894 276 913 nem
297 891 457 914 naturarum
478 888 561 915 unius
580 887 693 920 Christi,
707 887 817 914 deitatis
836 892 862 913 rt
879 887 1005 914 humani-

215 932 288 962 tatis,
301 932 420 960 hominis
433 933 587 968 exemplum
603 934 754 968 usurpavit,
771 934 817 968 qui
841 941 871 960 ex
897 933 1004 960 duabus
1023 934 1043 962 Β

215 977 332 1010 naturis,
361 986 494 1013 corporea
522 984 604 1014 atque
634 979 791 1013 incorporea
811 979 957 1010 conﬂatus,
978 979 1006 1005 in

215 1024 322 1051 duabus
337 1024 442 1051 naturis
453 1025 654 1058 consideratur,
671 1025 734 1052 licet
763 1033 815 1052 una
837 1029 940 1052 tantum
959 1025 1006 1060 hy-

215 1071 333 1105 postasis
348 1071 383 1098 sit
397 1071 553 1106 quicunque
569 1072 660 1099 homo.
674 1072 706 1098 Et
719 1072 846 1106 quamvis
854 1072 1005 1106 exemp'um

216 1115 248 1143 de
267 1115 376 1143 homine
392 1117 551 1152 particulari
575 1125 627 1145 non
643 1118 669 1144 in
690 1118 817 1145 omnibus
838 1117 1007 1144 assimilatur

216 1161 311 1188 unioni
325 1160 443 1194 Christi,
469 1169 502 1189 eo
520 1167 609 1189 tamen
635 1162 807 1190 solummodo
822 1162 855 1190 ad
883 1163 1006 1190 insanam

216 1204 335 1233 Nestorii
355 1206 510 1241 opinionem
529 1208 704 1235 refellendam
722 1215 770 1235 usa
782 1212 833 1240 est,
853 1208 898 1242 qui
918 1208 1005 1243 palam

217 1249 370 1278 alﬂrmabat
385 1251 486 1279 nullam
499 1259 560 1280 esse
574 1253 678 1288 absque
695 1253 803 1288 propria
822 1261 936 1287 persona
959 1261 1008 1280 m-

217 1300 320 1328 turam,
334 1296 448 1331 ﬁerique
472 1305 525 1324 non
548 1305 638 1332 posse,
655 1303 685 1325 ut
705 1298 765 1325 duae
786 1303 891 1326 natura:
908 1306 1008 1326 secun-

218 1341 282 1368 dum
300 1341 466 1376 hypostasim
481 1346 508 1369 et
523 1343 796 1371 essentialiterunitm
814 1343 840 1371 in
853 1352 906 1371 una
923 1344 1007 1379 hypo.

217 1387 284 1414 stasi
302 1387 492 1420 observentur,
514 1396 576 1423 quas
601 1396 655 1416 non
680 1388 799 1416 inferant
813 1394 839 1417 et
854 1391 920 1417 duas
946 1398 1008 1425 per-

218 1440 311 1465 sonas.
327 1433 401 1467 quod
428 1434 557 1462 unionem
586 1435 746 1468 schcticam,
773 1437 831 1463 sive
857 1437 1007 1464 secundum

218 1479 418 1510 habitudinem.
445 1480 538 1511 edicit.
562 1481 678 1516 ideoque
706 1481 776 1509 duos
799 1482 869 1509 ﬁlios
888 1488 915 1509 et
938 1482 1008 1509 duos
1027 1498 1031 1501 -

218 1525 344 1554 Christos
357 1526 439 1554 miser
452 1527 661 1561 deprmdicabat.
683 1528 760 1555 lianc
786 1528 881 1555 falsam
900 1529 1007 1563 opinio-

219 1579 281 1599 nem
299 1572 441 1604 dirimens,
464 1573 582 1600 hominis
597 1574 751 1608 exemplum
780 1575 932 1608 usurpavit.
952 1573 1008 1600 lmo

219 1617 362 1653 plerosque
377 1618 495 1646 deiferos
512 1619 607 1647 Patres
630 1620 658 1647 in
678 1605 780 1647 sancta
799 1605 876 1648 tertia
904 1621 1008 1657 synodo
1024 1605 1044 1634 c

219 1663 355 1698 Ephesina
366 1665 446 1692 divus
461 1665 580 1700 (Iyrillus
598 1666 623 1693 in
647 1667 767 1694 medium
782 1667 907 1699 adduxit,
923 1667 1009 1695 stabi-

219 1710 288 1738 lieus
300 1711 449 1738 secundum
468 1711 633 1746 hypostasim
661 1713 790 1740 unionem
809 1714 835 1740 in
854 1722 906 1740 una
923 1715 1008 1749 hypo-

219 1757 297 1788 stasi,
313 1756 359 1791 qui
377 1761 419 1783 est
432 1756 559 1785 Christus
574 1758 601 1787 in
616 1758 732 1786 diversis
761 1760 867 1786 naturis
891 1760 1008 1794 agnitus.

219 1801 297 1834 Quod
315 1809 379 1828 vero
397 1802 423 1828 in
442 1801 558 1830 diversis
574 1803 677 1830 naturis
700 1804 868 1838 agnoscitur.
897 1805 1010 1832 omnino

220 1847 248 1874 in
267 1847 320 1875 illis
330 1852 381 1879 est,
400 1847 427 1875 in
442 1848 541 1883 quibus
552 1849 720 1883 agnoscitur.
734 1850 801 1877 Cum
819 1851 909 1885 itaque
924 1851 1010 1879 ora'io

219 1893 491 1922 demoustraveritde
508 1903 560 1922 una
577 1895 677 1923 Christi
691 1901 788 1924 natura
799 1897 1009 1929 confessionem,

219 1945 308 1972 neque
324 1939 358 1965 ah
377 1939 507 1974 apostolis
517 1939 602 1967 fuisse
612 1945 857 1975 assertam,neque
872 1949 887 1969 a
906 1942 1010 1969 sanetis

220 1984 307 2012 tribus
322 1985 433 2020 synodis
449 1985 663 2019 constabilitam,
684 1987 786 2015 frustra
801 1987 868 2015 falsa
880 1988 1011 2016 fabularis

218 2032 378 2064 enuntians,
395 2040 454 2060 eam
477 2040 492 2059 a
519 2033 622 2061 sanctis
646 2034 778 2069 apostolis
792 2035 932 2067 traditam,
949 2039 975 2061 et
996 2043 1010 2061 a

219 2078 321 2105 sanctis
338 2073 425 2105 tribus
457 2079 570 2113 synodis
602 2079 688 2107 fuisse
709 2080 921 2107 confirmatam:
947 2088 1009 2107 nam

219 2125 308 2152 oratio
324 2125 413 2158 potius
429 2130 588 2153 naturarum
605 2126 790 2155 diversitatem
807 2128 833 2155 in
862 2136 916 2155 uno
931 2128 1010 2155 Chri-

220 2175 264 2198 sto
279 2161 493 2205 rcprmscntavit.
519 2172 588 2200 Illud
616 2177 707 2200 autem
739 2181 848 2201 rursum
877 2181 1010 2207 asserere,

220 2217 271 2244 etsi
295 2217 416 2244 nonnulli
433 2225 464 2244 ea:
485 2217 534 2244 hac
560 2220 689 2246 sententia
717 2227 814 2255 nempe
841 2220 1009 2252 allirmante.

1051 296 1133 329 λέγω.
1150 295 1197 322 καὶ
1229 295 1277 330 τῆς
1293 294 1504 330 ἅνθρωπότητος
1530 295 1559 320 ὲν
1587 293 1625 328 τῷ
1653 294 1693 320 ἐν),
1717 293 1840 329 Χριστῷ,

1051 342 1134 377 ἤγουν
1145 344 1176 377 τῇ
1195 343 1244 377 μιᾷ
1263 342 1411 369 ὑποστάσει
1425 340 1597 376 θεωρεῖσθαι.
1615 340 1748 375 Οὐδαμῶς
1763 339 1809 366 οὖν
1821 340 1838 375 ἠ

1051 389 1202 424 ἀναιροῦσα
1213 389 1277 423 ἁγία
1291 389 1398 420 σύνοδος
1412 389 1442 415 τὸ
1457 387 1504 414 τοῦ
1522 387 1722 422 ματαιόιρρονος
1734 386 1836 413 Nesto-

1053 436 1111 471 ρίου
1125 435 1300 470 φρόνημα,τδ
1311 434 1421 467 δοξάζον
1440 434 1486 460 ἐπὶ
1497 432 1615 468 Χριστοῦ
1628 432 1675 458 δύο
1689 431 1837 466 πρόσωπα,

1053 481 1207 512 συνεισάγει
1232 480 1381 514 ὲξάπαντος
1407 480 1437 506 τὸ
1463 479 1528 513 μίαν
1555 478 1636 513 φύσιν
1651 478 1697 504 ἐπὶ
1721 478 1841 513 Χριστοῦ

1051 527 1202 561 ὁμολογεῖν.
1219 527 1272 553 Καὶ
1283 527 1337 561 γὰρ
1352 526 1398 552 ἐπὶ
1413 525 1462 559 τῆς
1477 523 1627 558 θεολογίας,
1655 523 1703 558 οὐχ
1728 525 1743 558 ὴ
1763 524 1841 549 ἀναι-

1054 573 1137 607 ροῦσα
1151 573 1249 608 πρώτη
1265 572 1331 607 ἁγία
1347 572 1454 602 σύνοδος
1466 571 1496 598 τδ
1509 570 1618 606 τρισσὸν
1630 569 1680 605 τῆς
1696 569 1842 604 ὁμολογίας

1051 619 1106 646 τῶν
1122 619 1231 653 φύσεων
1257 619 1288 644 τὸ
1314 617 1361 644 τοῦ
1384 617 1492 653 Ἀρείου
1519 616 1658 651 φρόνημα.
1676 615 1726 650 ήδη
1752 615 1798 641 καὶ
1814 614 1844 640 τὸ

1052 665 1164 700 τρισσὺν
1187 664 1236 698 τῆς
1267 664 1443 695 ὑποστάσεως
1471 663 1578 698 ἀνῄρει.
1611 661 1704 692 Οὕτως
1719 661 1766 687 καὶ
1780 662 1796 695 ἡ
1815 661 1844 702 ἐν

1059 712 1164 746 Ἐφέσῳ
1178 711 1242 744 ἁγία
1257 711 1336 746 τρίτη
1354 709 1462 740 σύνοδος
1478 707 1702 742 ἀναθεματίσασα
1718 706 1748 733 τὸ
1758 707 1844 733 διττῖν

1053 758 1107 784 τῶν
1122 756 1298 784 ὑποστάσεων
1313 756 1451 791 φρόνημα,
1473 755 1523 781 οὐχ
1547 754 1598 790 ἡῗη
1614 753 1661 780 καὶ
1685 753 1714 779 τὺ
1728 752 1782 779 τῶν
1795 752 1845 786 φύ-

1055 812 1123 830 σεων
1137 803 1265 838 διάφορον
1277 802 1377 829 ἀνεῖλε.
1394 800 1534 834 Μενοῦνγε
1548 800 1615 835 πρὸς
1632 797 1778 834 βεϐαίωσιν
1795 797 1844 832 τῆς

1055 851 1116 877 καθ’
1129 850 1277 876 ὑπόστασιν
1295 849 1341 875 καὶ
1354 847 1502 878 οὺσιώδους
1519 845 1641 877 ἑνώσεως
1664 844 1719 872 τῶν
1737 844 1850 878 φύσεων

1054 896 1102 923 τοῦ
1122 896 1182 927 ἑνὸς
1198 895 1330 930 Χριστοῦ,
1347 894 1418 929 φημὶ
1428 893 1455 919 δὲ
1470 893 1519 927 τῆς
1535 892 1662 927 θεότητος
1679 890 1726 918 καὶ
1739 890 1845 925 ἀνορω-

1057 943 1185 979 πότητος,
1199 943 1245 969 καὶ
1257 942 1303 969 τόν
1319 950 1379 968 τινα
1393 934 1535 976 άνθρωπον
1552 939 1751 974 ὑποδείγματος
1763 937 1847 973 χάριν

1057 989 1250 1026 προσείληφεν,
1282 988 1312 1020 ὃς
1329 989 1360 1014 ὲκ
1376 987 1422 1015 δύο
1441 987 1488 1022 μὲν
1504 986 1624 1021 φύσεων,
1654 984 1782 1020 σώματός
1805 993 1845 1017 τε,

1058 1036 1139 1071 φημὶ,
1163 1035 1211 1062 καὶ
1231 1034 1388 1073 ἀσωμάτου,
1416 1033 1465 1068 τὴν
1492 1032 1617 1059 σύνθεσιν
1631 1031 1741 1066 ἔσχηκε,
1759 1030 1805 1056 καὶ
1819 1031 1847 1055 ἐν

1056 1080 1103 1107 δύο
1127 1081 1225 1115 φύσεσι
1248 1080 1401 1114 θεωρεῖται,
1424 1078 1473 1114 μία
1500 1086 1542 1110 τις
1570 1077 1720 1108 ὑπόστασις
1746 1073 1812 1102 οὖσα
1833 1075 1848 1101 ὁ

1058 1126 1217 1153 καθέκαστα
1232 1125 1386 1162 ἄνθρωπος.
1406 1124 1461 1152 Καὶ
1471 1125 1502 1151 οὑ
1515 1123 1585 1150 κατὰ
1602 1124 1691 1150 πάντα
1709 1120 1848 1156 ἐξομοιού-

1060 1180 1142 1207 μενον
1158 1172 1188 1198 τὸ
1207 1171 1384 1206 παράδειγμα
1399 1170 1446 1198 τοῦ
1465 1179 1538 1202 τινος
1553 1169 1699 1205 ἀνθρώπου
1718 1167 1784 1203 πρὸς
1797 1166 1848 1202 τὴν

1058 1217 1129 1244 κατὰ
1157 1217 1274 1252 Χριστδν
1290 1216 1398 1248 ἕνωσιν,
1420 1217 1489 1243 ἀλλὰ
1521 1216 1602 1252 μόνον
1632 1215 1700 1250 πρὸς
1727 1213 1775 1250 τὴν
1799 1212 1847 1240 τοῦ

1058 1263 1208 1299 Νεστορῖου
1222 1263 1367 1290 κακόνοιαν
1386 1263 1595 1297 ἀποτεινομένη,
1613 1261 1642 1293 ὃς
1657 1260 1761 1297 τρανῶς
1780 1258 1847 1294 ἔφα-

1060 1319 1120 1343 σκε,
1136 1310 1173 1345 μὴ
1186 1308 1257 1336 εἶναι
1281 1309 1361 1344 φύσιν
1386 1309 1470 1344 χωρὶς
1499 1307 1599 1334 οἰκείου
1627 1307 1784 1343 προσώπου,
1800 1304 1849 1331 καὶ

1059 1356 1191 1383 ἀδύνατόν
1205 1356 1279 1382 ἐστιν
1297 1355 1362 1382 ἰδεῖν
1375 1355 1422 1382 δύο
1441 1354 1536 1389 φύσεις
1553 1353 1614 1379 καθ’
1629 1352 1788 1382 ὑπόστασιν,
1798 1349 1847 1377 καὶ

1060 1401 1197 1433 οὐσιωδῶς
1219 1400 1364 1436 ἡνωμένας
1388 1400 1417 1427 ἐν
1436 1400 1486 1435 μιᾷ
1512 1398 1670 1429 ὑποστάσει,
1687 1396 1724 1433 μὴ
1740 1404 1848 1423 συνεισ-

1060 1446 1180 1481 αγοὺσας
1193 1447 1240 1473 καὶ
1254 1446 1301 1473 δύο
1314 1446 1459 1481 πρόσωπα,
1475 1446 1542 1480 ὅπερ
1554 1445 1625 1471 ποιεῖ
1638 1442 1765 1478 σχετικὴν
1779 1441 1848 1468 ἕνω-

1061 1501 1113 1521 σιν,
1133 1493 1179 1518 καὶ
1202 1492 1246 1519 διὰ
1269 1492 1348 1518 τοῦτο
1375 1491 1421 1518 δύο
1435 1491 1520 1523 υἱοὺς,
1541 1490 1588 1516 καὶ
1605 1490 1652 1516 δύο
1675 1488 1819 1524 Χριστοῦς,
1835 1487 1849 1513 6

1060 1539 1175 1570 δείλαιος
1187 1539 1332 1574 ἐκήρυττε.
1349 1538 1439 1574 Ταύτῃ
1455 1546 1494 1564 τοι
1507 1537 1556 1565 τὴν
1571 1536 1655 1572 ψευδῆ
1679 1535 1757 1568 δόξαν
1771 1535 1849 1561 ἀναι-

1061 1585 1147 1620 ροῦσα
1171 1585 1211 1620 τῷ
1227 1593 1299 1616 τινος
1323 1584 1468 1620 ἀνθρώπου
1483 1583 1686 1619 παραδείγματι
1702 1582 1847 1617 ἐχρήσατο.

1068 1631 1148 1658 Ἀλλὰ
1170 1631 1218 1658 καὶ
1233 1631 1347 1669 πολλοὺς
1372 1631 1425 1657 τῶν
1444 1630 1581 1664 θεοφόρων
1602 1628 1732 1664 Πατέρων
1747 1627 1785 1658 εἰς
1800 1626 1850 1661 τὴν

1062 1679 1122 1705 κατ’
1140 1678 1258 1712 Ἔφεσον
1272 1677 1353 1712 ἁγίαν
1368 1677 1463 1713 τρίτην
1487 1677 1596 1703 σύνοδον
1617 1674 1821 1711 προκεκόμικεν
1835 1674 1850 1700 6

1061 1725 1089 1750 ἐν
1114 1724 1201 1758 ἁγίοις
1230 1723 1374 1759 Κύριλλος,
1400 1722 1532 1749 συνιστῶν
1552 1721 1601 1757 τὴν
1627 1720 1686 1748 καθ’
1699 1720 1852 1747 ὑπόστασιν

1062 1770 1159 1797 ἕνωσιν
1179 1771 1207 1796 ἐν
1234 1770 1283 1805 μιᾷ
1307 1769 1465 1801 ὑποστάσει,
1493 1769 1522 1800 ὃς
1556 1769 1629 1794 ἐστιν
1648 1768 1662 1794 6
1679 1766 1796 1802 Χριστός
1823 1766 1852 1791 ἐν

1061 1816 1200 1850 διαφόροις
1225 1815 1323 1849 φύσεσι
1351 1815 1563 1850 γνωριζόμενος,
1582 1814 1618 1839 T6
1632 1813 1653 1839 δ’
1672 1813 1701 1839 ἐν
1713 1812 1852 1846 διαφόροις

1063 1862 1161 1895 φύσεσι
1178 1860 1380 1896 γνωριζόμενον
1398 1859 1507 1891 πάντως
1527 1859 1574 1886 καὶ
1591 1858 1619 1885 ὲν
1631 1857 1749 1889 ἐκείναις
1767 1857 1851 1889 ἐστὶν,

1063 1909 1091 1934 ὲν
1105 1904 1149 1939 αἶς
1157 1907 1204 1933 καὶ
1212 1905 1386 1942 γνωρίζεται.
1403 1906 1482 1932 Ἐπεὶ
1494 1903 1540 1931 οὖν
1551 1905 1565 1931 6
1577 1904 1655 1938 λόγος
1668 1903 1853 1939 παρέστησεν,

1062 1951 1103 1978 ὅτι
1122 1951 1171 1987 τὴν
1187 1950 1251 1986 περὶ
1266 1951 1331 1986 μιᾶς
1357 1949 1465 1984 φύσεως
1488 1948 1536 1975 τοῦ
1563 1947 1682 1984 Χριστοῦ
1696 1946 1852 1982 ὁμολογίαν,

1062 1996 1124 2023 οὔτε
1147 2005 1188 2027 τις
1213 1995 1267 2022 τῶν
1282 1995 1440 2022 ἀποστόλων
1457 1994 1579 2029 εἴρηκεν,
1601 1992 1663 2020 οὔτε
1687 1991 1739 2027 μὴν
1756 1990 1852 2018 ἐκτῶν

1064 2043 1148 2077 ἁγίων
1161 2042 1243 2078 τριῶν
1259 2041 1375 2068 συνόδων
1392 2040 1555 2075 ἐϐεϐαιώθη,
1567 2039 1665 2073 Μάτην
1685 2037 1852 2072 ψευδοεπεῖς,

1063 2089 1161 2123 λέγων,
1189 2089 1286 2122 ὅτιπερ
1309 2087 1341 2113 ὲκ
1361 2086 1414 2113 τῶν
1430 2086 1514 2119 ἁγίων
1528 2083 1685 2112 ἀποστόλων
1704 2082 1852 2118 παρεδόθη,

1063 2137 1096 2163 ὲκ
1121 2135 1149 2162 δὲ
1162 2135 1216 2161 τῶν
1229 2134 1314 2168 ἁγίων
1327 2133 1412 2168 τριῶν
1428 2132 1543 2159 συνόδων
1559 2129 1711 2164 ἐϐεϐαιώθη
1721 2138 1728 2144 ·
1745 2131 1759 2156 6
1775 2129 1853 2162 λόγος

1063 2182 1118 2217 γὰρ
1134 2180 1234 2216 μᾶλλον
1251 2179 1305 2206 τῶν
1319 2178 1426 2214 φύσεων
1442 2178 1472 2204 τδ
1486 2178 1612 2213 διάφορον
1626 2177 1654 2202 ὲν
1670 2175 1709 2210 τῷ
1730 2175 1769 2202 ἐν).
1785 2175 1853 2210 Χρι-

1064 2226 1119 2263 στῷ
1135 2226 1300 2262 παρέστησε.
1317 2225 1354 2252 Τὸ
1367 2225 1395 2251 δὲ
1410 2223 1491 2251 πάλιν
1505 2223 1657 2259 εἰρηκέναι,
1669 2222 1694 2248 εὶ
1706 2221 1763 2248 ’καί
1775 2228 1853 2253 τινες

221 2262 304 2289 unius
319 2270 380 2290 esse
395 2269 499 2290 natura:
508 2263 647 2291 Christum
662 2270 725 2300 post
738 2265 875 2298 unionem,
889 2266 1008 2301 transfu-

1065 2275 1099 2302 ἐκ
1112 2274 1223 2307 ταύτης
1236 2273 1330 2308 (ἤγουν
1344 2271 1393 2306 τῆς
1407 2270 1497 2305 δόξης,
1510 2270 1559 2305 τῆς
1575 2269 1708 2304 λεγούσης
1721 2269 1784 2303 μιᾶς
1801 2267 1853 2302 φύ-

221 2312 322 2342 gerunt,
340 2307 372 2335 ad
389 2316 436 2335 eos
452 2308 566 2341 scilicet,
591 2310 637 2345 qui
656 2310 725 2338 duas
741 2316 852 2340 naturas
869 2312 1009 2340 Christum

222 2353 322 2381 habere
334 2359 393 2388 post
403 2355 532 2382 unionem
549 2356 722 2391 profitentur,
735 2365 868 2392 quosnam
881 2359 1011 2394 ignoran-

221 2399 265 2426 tia:
278 2400 408 2427 terminos
431 2409 485 2428 non
501 2403 671 2437 exsuperat?
684 2403 751 2436 Quis
766 2404 837 2432 cnim
862 2413 914 2432 non
937 2405 1012 2432 novit

221 2450 323 2478 partem
335 2453 350 2473 a
367 2450 434 2478 toto,
448 2447 539 2475 minus
552 2455 565 2474 a
583 2449 740 2478 multesimo
751 2450 901 2478 decedere?
912 2451 943 2478 Et
958 2459 1011 2479 non

221 2495 326 2518 contra.
342 2490 514 2527 Quapropter
526 2493 572 2528 qui
587 2499 684 2522 vestrm
701 2497 923 2530 suntseutentize,
939 2497 961 2524 si
977 2498 1010 2524 ad

220 2544 279 2568 eos,
295 2536 342 2571 qui
368 2542 468 2565 nostra:
483 2543 556 2573 sunt,
585 2545 789 2576 comparentur,
807 2542 949 2569 minimam
969 2547 1013 2570 at-

221 2590 274 2617 que
291 2582 411 2611 inﬁmam
426 2589 528 2618 partem
541 2593 675 2621 occupare
688 2588 901 2622 compcrienlur.
920 2588 1011 2621 Quare

221 2628 348 2658 indecore
359 2629 417 2664 agis
430 2629 524 2657 dicens
547 2639 598 2659 nos
613 2640 646 2660 ex
668 2640 756 2660 vestra
781 2634 914 2662 sententia
931 2634 1011 2661 aufu-

221 2674 301 2708 gisse.
315 2670 400 2708 Quin,
413 2680 442 2703 ut
457 2677 548 2711 potius
565 2685 659 2705 verum
686 2679 790 2712 dicam,
816 2687 865 2707 vos
890 2687 905 2707 a
930 2681 1009 2708 nobis

221 2719 388 2749 decessistis.

257 2820 283 2847 4.
305 2821 378 2848 lnl'ra
394 2822 475 2850 etiam
495 2823 521 2849 in
536 2823 650 2857 cpistola
667 2827 711 2850 tua
730 2824 825 2851 nolens
845 2830 966 2852 sanctam
984 2831 1010 2853 et

222 2867 401 2895 nuiversalem
417 2870 549 2906 synodum
563 2871 805 2906 admitterc,qumn
820 2880 868 2899 nos
884 2873 955 2900 inter
970 2882 1011 2900 rc-

220 2910 311 2947 lxquas
337 2914 405 2942 alias
429 2922 538 2944 sa~ctas
565 2921 619 2945 tres
649 2917 766 2952 synodos
784 2926 1008 2954 annumerantus,

1066 2329 1135 2352 σεως
1144 2318 1212 2347 εἶναι
1220 2319 1266 2346 τδν
1278 2317 1395 2354 Χριστὸν
1407 2317 1476 2353 μετὰ
1487 2316 1537 2352 τὴν
1546 2315 1655 2351 ἕνωσιν)
1666 2315 1852 2349 ἀπέδρασαν,

1065 2366 1102 2398 ὼς
1116 2365 1196 2402 δῆθεν
1206 2364 1268 2396 τοὺς
1279 2363 1325 2390 δύο
1342 2361 1437 2398 φύσεις
1447 2362 1492 2389 τὸν
1506 2361 1624 2398 Χριστὸν
1637 2361 1709 2397 ἔχειν
1724 2361 1792 2397 μετὰ
1804 2362 1854 2396 τὴν

1067 2412 1163 2440 ’ἐνωσιν
1173 2409 1382 2446 ὁμολογοῦντας,
1396 2408 1426 2441 ἐξ
1440 2408 1530 2436 αὐτῶν
1541 2408 1765 2443 ἀποδεδρακέναι,
1775 2408 1853 2439 ποίας

1067 2459 1187 2495 ἀμαθίας
1201 2457 1352 2492 ἀνάμεστον
1366 2456 1416 2482 οὐκ
1429 2455 1461 2482 ἂν
1471 2455 1514 2490 εἴη
1525 2463 1533 2487 ;
1543 2455 1591 2486 Τίς
1607 2455 1660 2488 γὰρ
1676 2454 1706 2481 οὺ
1724 2454 1852 2486 σύνοιδεν,

1066 2506 1108 2533 ὅτι
1121 2504 1151 2531 τὸ
1170 2504 1253 2539 μέρος
1273 2504 1304 2529 ἐκ
1320 2501 1367 2529 τοῦ
1380 2501 1453 2535 ὅλου,
1468 2501 1498 2527 τὸ
1515 2499 1654 2534 ὀλιγοστὸν
1673 2500 1705 2526 ἐκ
1725 2499 1772 2526 τοῦ
1790 2500 1854 2526 πολ-

1066 2550 1163 2578 λοστοῦ
1176 2549 1298 2585 ἀποδρᾷν
1312 2548 1424 2575 εῐωοεν·
1443 2547 1472 2574 οὐ
1492 2547 1544 2582 μὴν
1561 2546 1698 2581 ἔμπαλιν;
1714 2547 1757 2572 Διό
1770 2547 1795 2572 οἱ
1807 2546 1853 2580 τῆ.Ι

1067 2595 1202 2632 ὑμετέρας
1215 2594 1294 2629 δόξης
1309 2592 1378 2628 πρὸς
1388 2591 1451 2623 τοὺς
1467 2591 1517 2626 τὴν
1536 2591 1673 2626 ἡμετέραν
1689 2590 1854 2626 πρεσὸεύον-

1065 2651 1116 2674 τας
1137 2643 1162 2668 εἰ
1177 2639 1388 2676 παραϐληθείεν,
1411 2638 1442 2666 τδ
1455 2637 1593 2671 ὀλιγοστὸν
1608 2636 1640 2663 ἂν
1653 2637 1701 2671 καὶ
1715 2637 1854 2672 ἐλάχιστον

1067 2689 1162 2725 μόριον
1177 2687 1285 2723 ἔχοντες
1303 2688 1423 2722 φανεῖεν,
1449 2687 1531 2713 Ὥστε
1545 2686 1575 2712 οὐ
1591 2686 1631 2712 δεῖ
1655 2683 1854 2719 ἀποφαίνεσθαί

1067 2743 1107 2768 σε,
1123 2735 1197 2770 ἡμᾶς
1212 2734 1422 2769 ἀποδεδρακέναι
1435 2734 1466 2760 ὲκ
1477 2733 1527 2767 τῆς
1539 2733 1673 2768 ὑμετέρας
1685 2732 1773 2767 δόξης,
1787 2730 1855 2759 ἀλλὰ

1069 2781 1169 2816 μᾶλλον
1185 2780 1299 2816 τάληθὲς
1314 2780 1411 2811 είπείν,
1430 2780 1500 2814 ὑμᾶς
1519 2779 1548 2812 ἐξ
1563 2779 1651 2814 ἡμῶν.

1102 2827 1133 2855 δ’.
1150 2827 1331 2862 Παρακατιὼν
1347 2828 1374 2854 δὲ
1389 2828 1417 2854 ὲν
1436 2827 1474 2863 τῷ
1490 2827 1634 2863 γράμματί
1649 2834 1707 2858 σου,
1726 2825 1770 2851 καὶ
1784 2825 1853 2851 ἀπο-

1065 2874 1205 2901 δυσπετῶν
1225 2875 1293 2909 πρὸς
1319 2875 1367 2908 τὴν
1383 2875 1518 2909 ἀποδοχὴν
1533 2874 1580 2908 τῆς
1601 2873 1681 2906 ἁγίας
1701 2872 1747 2898 καὶ
1765 2873 1854 2897 οἰκου-

1069 2919 1181 2955 μενικῆς
1198 2920 1331 2954 τετάρτης
1344 2918 1464 2953 συνόδου,
1478 2919 1521 2946 διὰ
1536 2919 1565 2946 τό
1588 2918 1660 2953 ἡμᾶς
1677 2916 1853 2952 συναρὶομιον
