2092 3156
189 192 199 207 κ
221 172 272 204 597

641 171 858 202 REFUTATIO
871 171 1061 202 EPISTOL/E
1080 173 1196 204 REGIS
1216 175 1413 206 ARMENIIE.

1789 177 1843 208 598

221 226 332 261 ποιῆσαι
348 224 388 260 τῷ
401 224 511 260 ἀριθμῷ
532 224 586 251 τῶν
604 225 706 252 λοιπῶν
736 226 820 260 ἁγίων
840 228 924 263 τριῶν
939 237 1003 254 συν-
1019 253 1020 256 η

1064 229 1134 263 ιιιιιεί
1144 237 1177 257 cx
1190 230 1343 258 rationabili
1357 238 1442 258 causa
1455 237 1514 258 eam
1531 238 1642 266 respuas
1656 231 1753 263 similia
1775 234 1845 260 seri-

219 272 298 302 όΞων,
318 271 364 297 καὶ
376 269 470 305 ὥσπερ
489 269 519 303 ἐξ
530 270 642 304 εὐλόγου
651 271 738 302 αἰτίας
750 271 852 307 ταύτην
862 273 1007 300 ἀπαναινό-

222 325 312 351 μενος,
342 315 431 342 τοιάδε
455 316 588 351 γράφεις·
607 314 678 343 Οἶδα
698 317 766 351 μὲν,
791 317 835 344 ὅτι
856 319 912 345 οὐκ
941 318 1007 346 ἔστι

222 361 423 396 κεκρυμμένος
451 363 495 395 εἰς
522 361 600 397 ὑμᾶς
622 363 638 389 ό
655 364 764 396 τρόπος
784 363 839 398 τῆς
866 364 1008 399 τετάρτης

222 408 365 440 συνόδου,
381 408 425 435 ὅτι
438 409 473 435 ὲν
487 408 528 441 τῷ
541 409 686 443 γράμματι
705 409 800 443 αὐτῆς
818 411 837 444 ή
856 410 1007 445 ἁγιωσύνῃ

221 463 279 482 σου
295 455 430 490 ἐμνήσθη
454 456 567 489 ταύτην
585 456 643 489 τὴν
663 455 806 488 σύνοδον,
830 457 878 484 καὶ
902 457 1009 489 ἔταξεν

220 500 319 534 αὐτὴν
325 501 400 535 μετὰ
416 500 476 527 τῶν
491 501 606 528 λοιπῶν
619 501 707 536 τριῶν
726 503 875 537 συνόδων,
893 503 942 531 καὶ
965 503 1010 531 θέ-

222 549 268 574 λει
285 547 334 573 καὶ
348 546 428 581 ἡμᾶς
450 547 564 582 ταύτην
578 547 729 582 δέχεσθαι,
744 548 783 583 ἣν
796 551 852 576 οὐκ
867 549 1009 582 ἐδέξαντο

222 594 249 619 οὶ
264 592 392 627 Πατέρες
407 592 500 626 ἡμῶν,
515 593 584 620 οὔτε
600 594 628 620 οὶ
642 593 820 621 διδάσκαλοι
835 595 929 629 ἡμῶν,
946 594 1009 622 ὲπι-

223 638 365 673 στάμενοι
385 640 442 673 τὴν
458 640 644 674 κενοφωνίαν
657 640 751 674 αὐτῆς
769 641 803 667 ἐκ
822 641 881 667 τῶν
896 641 1011 668 λοιπῶν

223 684 312 719 τριῶν
324 685 472 718 συνόδων,
492 685 553 712 τῶν
574 685 827 721 διαγνωσθέντων,
850 687 898 714 καὶ
921 696 1011 721 κηρυ-

224 731 342 762 ξάντων
353 731 413 763 ὅλῳ
427 731 467 763 τῷ
484 732 588 766 κόσμῳ
603 732 657 760 τὸν
668 732 723 759 ἕνα
732 733 862 766 Χριστὸν
875 734 924 760 καὶ
943 734 1011 760 Υἱὸν

223 777 272 802 καὶ
291 777 408 810 Κύριον,
437 777 584 805 ἐνωθὲντα
605 778 638 804 ἐκ
653 777 706 804 δύο
723 779 855 813 φύσεων,
878 779 1012 813 ἀσυγχύ-

222 831 290 855 τως,
315 823 364 850 καὶ
386 823 546 857 ἀτρέπτως,
565 823 615 850 καὶ
640 824 823 858 ἁχωρίστως,
846 824 900 859 τῆς
917 824 1012 859 αὐτῆς

223 869 359 896 συνόδου
373 870 416 902 εις
428 869 482 896 δύο
494 870 602 904 φύσεις
616 871 838 905 κεχωρισμένας
850 872 1009 906 λετ-οὐσίης,
1029 893 1049 920 Β

224 914 272 940 καὶ
289 915 448 948 ἐνεργείας,
472 915 521 942 καὶ
550 916 701 950 θελήσεις,
723 916 948 951 ὁμοφωνήσασα
973 917 1013 950 τῷ

224 960 384 994 Νεστορίῳ,
410 960 494 994 πλὴν
511 962 554 994 εὶς
581 961 616 988 τὰ
639 962 695 989 δύο
716 963 876 996 πρόσωπα·
895 963 1012 990 ἐκείνου

223 1005 280 1039 μὲν
298 1006 442 1040 λέγοντος
454 1007 510 1034 δύο
531 1008 686 1041 πρόσωπα,
708 1007 804 1042 αὐτῆς
818 1008 853 1034 δὲ
875 1008 1013 1040 δοξαζού-

225 1059 284 1085 σης
297 1051 342 1086 ἐν,
363 1052 412 1079 καὶ
439 1053 488 1079 διὰ
502 1053 590 1080 τοῦτο
614 1054 686 1086 τοὺς
701 1053 881 1087 ὀρθοδόξους
903 1054 1013 1088 χλευά-

225 1106 318 1130 σασα,
335 1099 380 1125 ὅτι
397 1100 432 1126 οὐ
446 1099 604 1134 συμφωνεῖ
620 1100 658 1132 τῷ
680 1101 840 1134 Νεστορίῳ.
858 1099 1013 1134 Θαυμάζειν

227 1153 273 1178 μοι
305 1143 394 1171 ἔπεισι
414 1145 527 1171 τοιαῦτα
547 1146 697 1181 γράφοντός
716 1154 763 1172 σου
777 1154 784 1161 ·
802 1146 862 1172 οὐδὲ
880 1146 934 1181 γὰρ
952 1155 1014 1172 συν·

226 1190 306 1225 ῆκας,
322 1191 360 1223 ὦς
376 1191 407 1225 γέ
426 1200 471 1226 μοι
494 1191 569 1218 δοκεῖ
591 1192 623 1218 ἐκ
646 1191 699 1218 τῶν
716 1192 770 1218 σῶν
796 1192 937 1227 ῥημάτων,
962 1192 1012 1226 τῆς

229 1236 308 1270 ἁγίας
329 1236 464 1271 τετάρτης
494 1236 602 1263 συνόδου
630 1238 661 1263 τό
682 1245 713 1263 τε
738 1237 860 1272 βούλημα
891 1238 937 1263 καὶ
965 1237 1015 1272 τὴν

229 1283 432 1318 πραγματείαν.
447 1283 572 1318 Οὐδαμοῦ
588 1283 640 1318 γὰρ
656 1283 780 1317 φαίνεται
797 1284 814 1318 ἡ
824 1283 935 1318 τοιαύτη
949 1283 1016 1317 ἁγία

231 1327 347 1360 σύνοδος,
365 1327 410 1353 δύο
425 1327 520 1361 φύσεις
539 1329 744 1363 κεχωρισμένας
768 1328 957 1359 ίδιοσυστάτως
972 1327 1016 1354 οὒ-

231 1382 291 1405 σας,
305 1374 352 1399 καὶ
365 1373 425 1399 καθ’
437 1374 536 1405 ἑαυτὰς
550 1374 601 1400 ἀνὰ
619 1374 702 1408 μέρος
715 1374 891 1409 ὑπαρχούσας
908 1374 953 1400 ἐπὶ
969 1372 1015 1399 τοῦ

231 1419 301 1445 κατὰ
322 1419 438 1454 Χριστὸν
458 1419 607 1454 μυστηρίου
633 1420 792 1452 δοξάζουσα,
814 1421 838 1446 εἰ
857 1420 903 1446 καὶ
917 1419 1017 1450 ἀδίκως

231 1465 295 1500 παρ’
311 1465 387 1500 ὑμῶν
406 1467 623 1500 συκοφαντεῖται,
641 1466 741 1500 μᾶλλον
762 1466 810 1500 μὲν
823 1466 870 1493 οὖν
887 1466 936 1498 τὰς
952 1467 1017 1502 παρ’

231 1511 348 1546 ἑκάτερα
365 1511 413 1545 τῆς
428 1512 585 1546 μεσότητος,
608 1512 690 1547 ἤγουν
704 1512 753 1547 τῆς
773 1512 912 1547 ἀληθείας,
928 1512 1018 1546 δόξας,

1058 275 1101 303 bis
1119 284 1126 303 :
1147 275 1196 303 Sat
1216 277 1275 304 novi
1291 277 1361 311 apud
1374 285 1418 304 vos
1433 285 1485 304 non
1506 285 1562 305 esse
1585 278 1612 304 in
1627 279 1730 306 occulto
1743 283 1845 313 quartae

1058 322 1150 356 synodi
1168 322 1284 356 modum,
1299 323 1376 357 cujus
1388 323 1516 350 sanctitas
1539 327 1585 350 tua
1596 323 1624 350 in
1643 324 1756 358 epistola
1772 332 1845 351 men-

1059 367 1155 394 tionem
1166 368 1283 402 induxit,
1293 376 1401 403 eamque
1416 377 1468 396 una
1485 377 1544 395 cum
1558 369 1619 396 aliis
1643 369 1726 396 tribus
1738 371 1845 404 agundis

1059 413 1219 441 collocavit:
1240 415 1360 450 cupitque
1386 423 1432 442 nos
1449 423 1507 442 eam
1524 416 1653 450 recipere,
1669 424 1749 451 quam
1764 425 1846 451 neque

1059 459 1165 491 Patres,
1176 468 1256 495 neque
1267 461 1385 488 doctores
1398 461 1480 488 nostri
1496 466 1657 495 receperunt,
1667 462 1776 489 scientes
1788 470 1847 489 eam

1059 506 1120 533 aliis
1139 507 1221 534 tribus
1236 507 1355 542 synodia,
1372 515 1432 542 qua:
1449 507 1669 541 deter-minarum,
1688 512 1712 534 et
1726 508 1846 535 universo

1061 556 1191 579 terrarum
1204 552 1261 579 orbi
1273 556 1486 588 promulgarunt,
1500 561 1582 580 unum
1610 553 1744 580 Christum
1756 559 1781 581 et
1796 553 1846 581 Fi-

1060 597 1126 624 lium
1151 602 1175 624 et
1194 597 1334 624 Dominum
1355 598 1458 625 unitum
1472 605 1504 624 ea:
1515 597 1617 624 duabus
1634 598 1737 625 naturis
1755 598 1847 624 incon-

1061 642 1129 676 fuse,
1154 643 1354 670 intmutabiliter
1391 649 1415 670 et
1451 643 1674 677 inseparabiliter,
1697 643 1796 670 absona
1817 651 1848 669 ac

1061 687 1163 714 diuersa
1179 688 1320 719 censuisse,
1331 696 1390 714 cum
1407 692 1509 715 asserat
1523 688 1591 714 duas
1608 692 1720 714 naturus
1738 687 1848 720 divisas,

1061 736 1086 759 et
1098 733 1303 766 operationes,et
1314 732 1474 766 voluntates,
1491 732 1614 760 Nestorio
1630 733 1692 768 ipsi.
1709 733 1777 759 duas
1790 741 1849 767 per-

1061 787 1140 806 sonas
1153 780 1177 806 si
1196 780 1324 814 excipias,
1343 780 1522 811 consentiens;
1536 779 1581 806 ille
1589 780 1657 806 enim
1672 779 1770 814 {aletur
1780 780 1848 806 duas

1062 834 1197 860 personas,
1215 826 1331 860 synodus
1350 834 1440 857 unam,
1473 826 1560 860 sicque
1585 825 1740 852 orthodoxis
1759 826 1849 860 [urunt

1063 873 1164 906 faciens
1188 872 1264 906 quasi
1288 879 1339 898 non
1365 872 1510 898 consentiat
1540 870 1675 898 Nestorio.
1700 871 1850 898 Admiratio

1063 926 1129 946 sane
1142 926 1184 945 tne
1197 922 1278 950 tenet,
1306 923 1332 944 te
1352 917 1453 944 similia
1471 917 1599 945 scribere.
1615 916 1707 952 Neque
1721 917 1792 944 enim
1807 917 1850 944 in-

1063 964 1172 998 telligis,
1186 969 1215 991 ut
1227 964 1284 998 ipse
1295 970 1327 990 ex
1341 964 1394 991 tuis
1401 963 1490 990 verbis
1499 963 1626 998 coniicio,
1639 967 1740 990 sanctte
1747 967 1852 997 quarta:

1063 1010 1158 1046 synodi
1173 1018 1261 1045 neque
1273 1010 1454 1045 propositum,
1468 1016 1557 1044 neque
1571 1016 1693 1044 scopum.
1711 1009 1851 1044 Siquidem

1064 1060 1157 1084 sancta
1176 1056 1232 1083 hmc
1243 1055 1364 1090 synodus
1386 1055 1455 1082 duas
1472 1059 1585 1082 naturas
1598 1062 1632 1082 ex
1655 1062 1684 1082 se
1700 1055 1853 1082 subsisten-

1065 1106 1105 1129 tes
1138 1102 1338 1136 separatimque
1359 1100 1522 1128 exsistenles
1544 1100 1570 1127 in
1596 1100 1696 1128 Christi
1723 1101 1857 1135 mysterio

1064 1154 1204 1182 nunquam
1221 1146 1317 1178 tenuit,
1335 1145 1397 1173 licet
1408 1153 1457 1172 vos
1474 1145 1547 1172 illam
1563 1152 1617 1172 non
1634 1144 1694 1172 sine
1708 1144 1853 1172 calumniae

1065 1192 1214 1228 ignominia
1229 1192 1426 1225 criminami‘ni,
1444 1191 1568 1226 quinimo
1584 1191 1654 1217 inter
1664 1195 1785 1218 extrema
1799 1198 1855 1217 me-

1065 1239 1140 1266 dium
1155 1238 1275 1265 veritatis
1290 1237 1425 1265 duntaxat
1448 1244 1576 1271 sequens,
1592 1244 1735 1264 excessum
1756 1241 1782 1264 et
1803 1237 1852 1264 de-

1067 1284 1183 1316 fectum,
1197 1292 1257 1318 qua:
1284 1287 1349 1311 sunt
1375 1290 1390 1311 e
1421 1283 1511 1310 medio
1536 1282 1709 1315 diverticula,
1738 1282 1854 1317 ideoque

1067 1330 1134 1356 t'alsa
1159 1329 1329 1364 abjudicans,
1349 1329 1466 1355 medium
1485 1328 1575 1354 locum
1602 1332 1780 1362 occupantem
1794 1335 1854 1355 sen-

1067 1375 1178 1402 tentiam
1197 1374 1304 1402 veritati
1319 1374 1441 1401 innixam
1458 1374 1652 1401 constabilivit.
1669 1373 1856 1406 Quemadmo-

1067 1421 1132 1448 dum
1150 1420 1223 1447 enim
1247 1420 1273 1447 in
1306 1419 1407 1446 divinis
1436 1419 1555 1447 medium
1579 1419 1682 1446 obtinet
1698 1427 1791 1447 verum
1809 1427 1855 1446 ca-

1068 1467 1174 1494 tholica:
1186 1470 1214 1493 et
1239 1465 1394 1500 apostolica:
1411 1465 1539 1493 Ecclesia:
1549 1465 1657 1500 dogma,
1676 1464 1713 1492 ita
1726 1472 1862 1493 excessus.

1069 1517 1096 1541 et
1110 1512 1230 1540 deiectus
1250 1512 1359 1538 falsum.
1380 1510 1432 1544 Qui
1447 1518 1576 1545 namque,
1591 1515 1701 1546 propter
1726 1511 1857 1546 hyposta-

232 1558 303 1591 φημὶ
317 1557 349 1593 δὴ
376 1557 421 1583 τὸν
441 1557 609 1592 πλεονασμὸν
623 1559 670 1585 καὶ
692 1558 740 1594 τὴν
755 1558 867 1591 ἔνδειαν,
883 1558 1018 1594 ἐκτροπὰς

1070 1565 1134 1585 seon
1151 1557 1263 1584 lriadem
1278 1564 1311 1583 ac
1320 1556 1516 1588 diversitatem,
1533 1561 1693 1583 naturarum
1709 1556 1772 1583 item
1789 1557 1855 1583 tria-

232 1603 314 1634 οὔσας
331 1603 381 1638 τῆς
406 1603 563 1639 μεσότητος,
583 1604 630 1630 καὶ
649 1604 693 1631 διὰ
715 1604 794 1631 τοῦτο
807 1604 914 1639 ψευδεῖς
937 1604 1019 1636 οὔσας

232 1648 463 1686 ὲξοστρακίσασα,
473 1649 522 1685 τὴν
538 1650 624 1685 μέσην
642 1650 718 1682 τάξιν
732 1651 845 1685 ἔχουσαν
853 1651 943 1683 δόξαν,
955 1651 1021 1686 ἀλη-

235 1695 309 1726 θείας
334 1695 466 1730 ἐχομένην
488 1695 630 1730 ἐκράτυνε.
654 1697 707 1722 Καὶ
726 1696 780 1732 γὰρ
798 1696 891 1731 ὥσπερ
907 1697 952 1723 ἐπὶ
972 1697 1021 1731 τῆς

236 1740 373 1774 θεολογίας
385 1742 401 1775 ἡ
419 1742 535 1777 μεσότης
549 1741 672 1776 φαίνεται
690 1742 788 1777 ἔχουσα
801 1742 917 1777 τάληθὲς
935 1742 1022 1778 δόγμα

236 1785 286 1820 τῆς
308 1786 455 1821 καθολικῆς
482 1787 528 1813 καὶ
548 1788 730 1822 ἀποστολικῆς
758 1788 933 1824 Ἐκκλησίας,
956 1789 970 1815 ό
993 1789 1022 1815 δὲ

237 1831 406 1866 πλεονασμὸς
422 1831 470 1858 καὶ
488 1833 504 1867 ἡ
520 1832 607 1859 ἔνδεια
628 1833 658 1859 τὺ
677 1833 772 1867 ψεῦδος
788 1834 831 1869 (ὃς
849 1834 904 1869 γὰρ
930 1835 975 1861 διὰ
993 1834 1024 1861 τὸ

236 1877 346 1912 τρισσὸν
362 1877 412 1912 τῆς
430 1877 605 1910 ὑποστάσεως
620 1878 667 1905 καὶ
681 1879 818 1914 διάφορον,
835 1881 881 1906 καὶ
903 1880 933 1906 τὸ
949 1889 1024 1915 τρισ-

238 1923 284 1955 σὸν
309 1917 363 1950 τῶν
383 1923 490 1958 φύσεων
514 1924 646 1957 δοξάσειε,
671 1926 715 1952 ναὶ
740 1926 794 1960 μὴν
814 1926 862 1952 καὶ
885 1926 914 1957 ὃς
935 1925 980 1953 διὰ
994 1926 1025 1953 τδ

239 1970 338 1996 ἑνιαῖον
352 1970 401 2004 τῆς
424 1969 543 2005 φύσεως.
564 1971 611 1997 καὶ
628 1970 658 1997 τὸ
679 1971 822 2005 μοναδιχὸν
842 1972 890 2006 τῆς
906 1972 1024 1999 ὑποστά-

241 2023 308 2047 σεως
331 2016 513 2050 συνεισφέροι,
528 2016 599 2051 τάχα
622 2025 667 2050 μοι
694 2016 766 2043 δοκεῖ
782 2016 830 2042 καὶ
843 2018 876 2052 τῇ
900 2017 1024 2052 ἀληθείᾳ,

240 2063 273 2098 τῇ
290 2062 361 2089 κατὰ
377 2062 546 2097 πλεονασμὸν
568 2062 615 2089 καὶ
631 2062 735 2088 ἔνδειαν
749 2062 813 2097 δόξῃ
839 2062 1025 2097 νενοσηχέναι.

242 2107 330 2142 Ὅπερ
349 2106 483 2133 πέπονθεν
497 2107 606 2142 Ἀρειός
623 2115 653 2133 τε
674 2106 722 2133 καὶ
738 2106 881 2138 Σαὸἐλλιος
898 2107 911 2133 ὁ
932 2106 1026 2139 Λίϐυς,

242 2152 277 2179 τὰ
296 2153 328 2179 ἐκ
340 2152 486 2187 διαμέτρου
507 2153 591 2182 κακὰ,
613 2153 661 2179 καὶ
679 2152 796 2187 ὀμότιμα
820 2151 869 2186 τὴν
889 2151 1026 2179 ἀσέϐειαν.

250 2199 281 2226 Ἦ
305 2199 333 2225 δὲ
349 2198 398 2233 τῆς
423 2199 550 2234 ἀληθείας
567 2198 625 2228 ὀδδς
650 2197 719 2233 μέση
744 2206 785 2229 τις
810 2195 887 2229 οὖσα,
903 2197 950 2224 καὶ
981 2198 1028 2224 τοῦ

245 2245 294 2280 μὲν
308 2245 338 2271 τὸ
356 2244 467 2279 τρισσὺν
489 2245 543 2271 τῶν
568 2245 686 2278 φύσεων,
701 2243 748 2270 τοῦ
768 2243 796 2270 δὲ
818 2243 848 2270 τὸ
865 2244 1027 2278 συγχυτικὸν

244 2292 290 2317 καὶ
310 2291 453 2326 μοναδικδν
477 2291 526 2326 τῆς
543 2289 717 2321 ὑποστάσεως
740 2288 966 2324 ὲξοστρακίσασα,
981 2289 1029 2315 Eva.

245 2335 330 2368 Θεὸν,
357 2336 440 2371 ἤγουν
468 2335 533 2370 μίαν
559 2335 653 2362 οὐσίαν
680 2335 727 2361 καὶ
761 2335 859 2369 φύσιν,
890 2334 937 2361 καὶ
957 2335 1031 2368 τρεῖς

246 2382 407 2413 ὑποστάσεις
435 2381 593 2416 ὁμοουσίους
616 2382 662 2408 ἐπὶ
683 2382 732 2415 τῆς
760 2381 899 2416 θεολογίας
925 2381 1031 2417 τρανῶς

246 2427 439 2462 ἁνακηρύττει.
465 2427 552 2462 Ὅπερ
575 2426 692 2460 εὐσεϐῶς
723 2428 740 2462 ὴ
762 2427 827 2461 ἁγία
860 2427 907 2453 καὶ
941 2427 1031 2453 οἰκου-

249 2473 345 2509 μενικὴ
377 2472 474 2509 πρώτη
501 2473 609 2505 σύνοδος
633 2473 760 2500 ἐθέσπισέ
786 2482 817 2499 τε
847 2473 893 2500 καὶ
924 2473 1031 2508 aptae)-

249 2519 293 2545 τὸν
309 2519 390 2545 αὒτδν
416 2519 449 2554 δὴ
476 2519 575 2554 τρόπον
595 2519 642 2546 καὶ
666 2520 712 2545 ἐπὶ
726 2519 775 2553 τῆς
796 2519 877 2553 ἁγίας
900 2519 1034 2553 τετάρτης

250 2564 359 2591 συνόδου
384 2565 496 2600 θεωρεῖν
511 2565 609 2592 ἔνεστι.
628 2564 681 2591 Τοῦ
700 2565 753 2600 γὰρ
772 2565 920 2600 Νεστορίου
943 2564 988 2591 διὰ
1005 2564 1035 2590 τὺ

249 2609 340 2636 δισσὸν
353 2610 401 2644 τῆς
415 2611 560 2645 ὁμολογίας
573 2611 628 2636 τῶν
641 2611 757 2644 φύσεων,
776 2610 823 2636 καὶ
841 2610 872 2636 τὺ
884 2609 975 2636 δισσὸν
985 2610 1035 2644 τῆς

250 2655 425 2687 ὑποστάσεως
439 2656 604 2689 εἰσάγοντος,
619 2656 666 2682 καὶ
683 2655 727 2682 διὰ
741 2655 820 2682 τοῦτο
838 2655 885 2681 δύο
901 2655 975 2686 υἱοὺς
990 2655 1036 2681 ἐπὶ

228 2701 300 2749 ὅὶτῆς
313 2701 467 2737 οἰκονομίας
482 2702 650 2734 δοξάζοντος,
662 2701 708 2728 τοῦ
719 2710 750 2735 γε
764 2702 818 2736 μὴν
831 2701 977 2736 Εὗτυχοῦς,
990 2700 1038 2727 καὶ

229 2745 410 2781 ⁷’Διοσκόρου,
425 2746 473 2773 καὶ
488 2746 609 2780 Σεὸήρου
624 2746 672 2773 καὶ
692 2746 740 2780 τῆς
756 2746 824 2780 ἀμφ’
837 2745 918 2771 αὑτὸν
934 2753 1039 2779 συμμο-

255 2791 326 2827 ρίας,
341 2792 385 2819 διὰ
399 2791 429 2818 τὸ
444 2793 544 2818 ὲνιαῖον
559 2792 607 2826 τῆς
625 2792 809 2823 ὑποστάσεως,
826 2791 873 2816 καὶ
882 2790 912 2816 τδ
932 2789 1039 2825 μοναδι-

255 2837 302 2864 κδν
315 2837 365 2872 τῆς
386 2837 493 2872 φύσεως
509 2836 650 2871 λέγοντος¹
670 2835 786 2871 φανερὸν
806 2835 946 2870 δήπουθεν,
965 2835 1005 2860 ὅτι
1024 2834 1040 2860 ὁ

257 2884 307 2918 μὲν
320 2885 353 2919 τῇ
378 2884 449 2910 κατὰ
474 2883 640 2918 πλεονασμὸν
655 2882 748 2916 ψευδεί
766 2881 828 2917 δόξῃ
855 2881 1010 2916 νενόσηκεν,
1026 2881 1040 2906 ὁ

1067 1603 1127 1631 dell
1143 1602 1322 1638 persenserit,
1337 1602 1378 1629 vel
1399 1606 1510 1636 propter
1525 1606 1628 1628 naturae
1648 1602 1778 1629 unitatem
1799 1602 1855 1629 sin-

1066 1649 1158 1684 gulare
1172 1649 1253 1675 etiam
1276 1647 1452 1683 hypostaseos
1479 1647 1672 1677 introduxerit.
1689 1655 1730 1674 nat
1743 1647 1766 1674 is
1787 1647 1855 1674 mihi

1065 1694 1172 1722 videtur
1185 1702 1198 1721 a
1212 1693 1335 1721 veritatis
1353 1693 1483 1727 opinione
1508 1693 1535 1720 in
1557 1700 1599 1726 ea,
1616 1700 1676 1727 quae
1693 1700 1726 1721 ex
1741 1699 1860 1720 excessu.

1066 1745 1093 1768 et
1107 1740 1214 1768 deiectu
1227 1739 1407 1774 consequitur
1416 1758 1424 1771 ,
1451 1739 1570 1766 falsitate
1586 1739 1705 1774 graviter
1718 1738 1856 1766 aberrare.

1066 1786 1143 1820 Quod
1160 1785 1278 1821 perpessi
1294 1789 1358 1812 sunt
1379 1784 1461 1812 Arius
1488 1790 1515 1812 et
1539 1784 1603 1812 Mer
1626 1784 1774 1817 Sabellius,
1785 1784 1857 1811 mala

1066 1840 1099 1860 ex
1111 1831 1244 1858 diametro
1267 1838 1297 1858 se
1315 1830 1433 1858 invicem
1452 1830 1636 1862 adversantia,
1656 1830 1751 1865 juncta
1766 1834 1858 1857 tamen

1069 1878 1215 1913 impietate.
1228 1877 1280 1904 Sed
1297 1877 1420 1904 veritatis
1434 1876 1476 1903 via
1492 1876 1591 1908 media,
1608 1882 1636 1904 et
1654 1876 1736 1911 hujus
1751 1875 1858 1910 quidem

1069 1923 1155 1950 triade
1182 1927 1354 1954 naturarum,
1380 1922 1454 1949 illius
1475 1921 1591 1949 confuso
1621 1929 1654 1949 ac
1680 1921 1860 1956 hyposlaseos

1070 1969 1202 2004 singulari
1223 1968 1394 2004 proscriptis,
1418 1975 1503 1995 unum
1523 1967 1620 1999 Deum,
1647 1974 1730 1994 unam
1756 1966 1860 1994 scilicet

1069 2014 1226 2044 essentiam,
1241 2018 1268 2040 et
1280 2017 1416 2044 naturam,
1427 2016 1455 2039 et
1479 2017 1534 2039 tres
1554 2011 1677 2046 ejusdem
1690 2015 1795 2038 naturae
1809 2011 1859 2046 hy-

1069 2065 1193 2095 postases
1205 2059 1232 2086 in
1245 2058 1346 2086 divinis
1363 2058 1452 2093 palam
1467 2057 1641 2092 depraedicat,
1658 2057 1730 2092 quod
1742 2057 1786 2091 pie
1796 2063 1861 2084 san-

1070 2110 1113 2133 cta
1138 2110 1165 2132 et
1184 2103 1352 2132 (ecumenica
1374 2102 1463 2138 prima
1484 2102 1602 2138 synodus
1626 2101 1746 2129 decrevit
1771 2106 1798 2128 et
1814 2100 1862 2128 dc-

1072 2151 1236 2184 terminavit.
1255 2149 1343 2177 Simili
1369 2149 1475 2177 ratione
1489 2153 1516 2176 et
1529 2148 1564 2176 de
1586 2151 1680 2175 sancta
1695 2151 1792 2182 quarta
1818 2154 1863 2182 sy-

1071 2197 1144 2225 nodo
1156 2195 1405 2232 pltilosopbandum
1431 2199 1484 2223 est.
1507 2193 1735 2229 Nam,Nestorio,
1754 2197 1864 2228 propter

1080 2242 1214 2277 geminam
1227 2245 1362 2272 naturam,
1380 2239 1514 2275 geminam
1532 2238 1615 2266 etiam
1639 2237 1806 2273 hypostasim
1824 2237 1864 2264 in-

1081 2286 1252 2318 troducente,
1277 2285 1392 2319 ideoque
1407 2283 1477 2311 duos
1493 2283 1563 2311 ﬁlios
1581 2283 1608 2310 in
1623 2282 1775 2310 mconomia
1793 2289 1865 2309 asse-

1081 2337 1158 2360 rente
1173 2341 1179 2359 :
1192 2330 1314 2367 Eutyche
1332 2337 1396 2358 vero
1406 2336 1438 2357 ac
1459 2329 1598 2361 Dioscoro,
1619 2334 1725 2355 necnon
1751 2326 1864 2360 Severo,

1082 2379 1198 2414 aliisque
1212 2377 1333 2413 ejusdem
1343 2376 1475 2404 doetrinae
1488 2374 1671 2406 consortibus,
1686 2376 1796 2407 propter
1806 2372 1866 2399 uni-

1084 2430 1167 2452 tatem
1184 2423 1346 2460 hypostasis,
1370 2421 1508 2457 singulare
1526 2427 1635 2456 quoque
1662 2424 1766 2446 naturae
1780 2418 1868 2445 l'aten—

1084 2471 1167 2504 tibus,
1183 2469 1357 2497 manifestum
1380 2472 1434 2501 est,
1463 2467 1537 2494 hunc
1561 2465 1668 2500 quidem
1693 2472 1726 2492 ex
1742 2471 1867 2494 excessu.

1084 2518 1152 2544 alios
1166 2523 1198 2543 ex
1213 2514 1319 2550 deiectu
1341 2513 1411 2540 mala
1425 2511 1552 2547 opinione
1571 2510 1720 2537 laborasse.
1735 2507 1787 2536 Sed
1802 2507 1868 2535 dcti-

1086 2561 1153 2588 nitio
1163 2564 1264 2588 sanetae
1279 2556 1509 2586 Chalcedonensis
1524 2554 1619 2591 synodi
1634 2553 1752 2581 mediam
1767 2552 1868 2580 verita-

1086 2607 1121 2633 tis
1143 2606 1214 2632 viam
1228 2604 1360 2638 ingressa,
1374 2605 1551 2635 sanctamque
1564 2603 1591 2627 et
1604 2597 1802 2627 (ecumenicam
1812 2596 1869 2630 pri-

1087 2658 1158 2677 mam
1174 2648 1306 2685 synodum
1317 2652 1420 2679 secuta,
1436 2652 1497 2680 qua:
1524 2644 1640 2671 mediam
1654 2641 1776 2670 veritatis
1797 2640 1869 2667 viam

1088 2693 1279 2726 constabilivit,
1293 2691 1411 2720 absurda
1424 2697 1508 2725 penes
1521 2694 1653 2720 extrema,
1667 2686 1765 2720 duplex
1774 2691 1871 2718 nempe

1089 2742 1277 2776 hypostaseos,
1307 2737 1379 2772 quod
1394 2737 1464 2763 duos
1480 2735 1551 2762 ﬁlios
1565 2733 1630 2765 facit
1654 2735 1681 2759 et
1695 2733 1764 2776 duos
1790 2728 1871 2776 Chrif

1089 2773 1155 2818 stos,
1171 2785 1243 2820 quod
1261 2788 1302 2812 est
1326 2790 1374 2818 per
1384 2788 1537 2812 excessum,
1554 2779 1610 2806 imo
1623 2782 1650 2804 et
1662 2775 1809 2808 defectum,
1825 2773 1872 2808 qui

1090 2819 1200 2868 propter
1214 2829 1350 2864 singulare
1362 2826 1525 2862 hypostasis,
1540 2828 1644 2868 naturae
1660 2827 1768 2855 quoque
1784 2819 1874 2868 unita-

1093 2865 1147 2905 tem
1166 2875 1284 2908 exhibet,
1299 2873 1447 2907 corrigens,
1458 2868 1580 2898 veritatis
1590 2867 1671 2901 viam,
1681 2873 1741 2901 quae
1753 2865 1872 2893 medium
