2092 3156
246 186 298 219 599

877 183 1024 216 NICETzE
1044 185 1246 219 BYZANTINI

1825 186 1881 218 600

243 248 361 279 occupat
373 242 557 275 conﬁrmavit,
583 244 610 270 et
625 242 714 276 palam
730 242 876 270 conﬁtetur
888 242 916 269 itt
932 242 1016 270 union

1086 241 1114 268 δὲ
1126 245 1157 280 τῇ
1173 244 1233 271 κατ’
1247 245 1360 272 ἔνδειαν.
1373 244 1404 271 Ἢ
1415 245 1444 271 δὲ
1457 245 1506 280 τῆς
1522 245 1550 271 ὲν
1561 243 1711 279 Χαλκηδόνι
1721 243 1801 277 ἁγίας
1816 252 1877 270 συν-

245 293 344 320 (lhristi
365 291 514 320 secundum
531 291 710 326 ltypostasim,
727 292 794 318 duas
810 296 923 318 naturas
935 298 1036 318 convco

244 340 318 368 uisse
332 340 448 375 partium
467 339 554 366 locum
568 339 593 365 itt
617 346 673 366 uno
684 338 793 366 Christo
811 338 992 371 continentes,
1007 344 1035 365 ct

244 393 326 413 unam
341 384 507 422 hypostasim
520 393 526 411 :
540 383 650 419 quando
659 383 777 411 medium
794 383 896 417 aliquid
912 383 1035 410 obtineat

243 439 305 460 cum
325 430 455 458 extremis
468 437 624 462 commune,
641 434 668 457 et
683 431 710 457 in
726 430 817 465 aliquo
828 430 946 463 dilferat,
962 434 989 457 et
1007 430 1031 456 in

241 476 342 511 quibus
357 483 419 503 cum
429 483 541 503 excessu
559 475 741 508 disconvenit,
764 483 826 504 cum
842 476 948 503 defectu
964 483 1028 503 aon-

241 522 352 555 Cordat;
369 522 396 548 in
414 522 514 557 quibus
533 526 623 550 autem
639 531 654 549 a
677 522 783 550 defectu
803 523 951 555 discordat,
970 530 1032 551 cum

240 574 354 595 excessu
366 567 504 594 convenit.
522 567 645 602 Exempli
661 576 742 596 causa
756 577 762 595 ε
780 568 908 596 Ecclesize
927 569 1030 604 opinio,

239 618 302 647 qua:
312 611 346 639 ab
359 611 434 647 Ario;
446 612 596 639 secundum
619 617 733 639 naturas
748 613 884 645 dissentit,
899 621 960 640 ctttn
979 613 1029 640 Sa-

239 658 320 686 bellio
336 665 417 685 unam
436 663 560 685 naturam
570 663 708 686 asserente
723 659 875 692 consentit;
893 667 952 694 quae
968 667 1029 687 cum

239 703 359 731 Sabelliu
373 708 475 739 pugnat
502 705 653 732 secundum
683 705 821 740 singulare
841 710 867 732 ct
883 704 1028 732 confusum

238 749 401 786 hypostasis,
416 758 469 778 non
489 750 618 778 abhorret
629 751 663 777 ab
672 750 738 778 Ario
749 751 898 778 secundum
916 751 1029 779 triadetn

238 797 431 832 hypostascon.
452 798 498 824 Sic
512 798 595 824 etiam
625 798 834 825 discurrendum
855 803 897 825 est
911 797 938 825 in
953 805 1029 826 teco-

237 844 376 871 nomia’de
391 843 480 871 media,
495 844 550 876 \ia,
567 843 692 870 veritatis
709 851 806 878 nempe
824 845 986 871 sententiam
1002 845 1028 871 in

235 889 327 923 aliquo
342 896 404 916 cum
416 889 545 916 extremis
559 889 735 921 concordare,
759 890 786 916 in
801 890 894 924 aliquo
909 890 1027 920 dillerrc.

234 933 299 961 etin
317 932 516 969 quibusdilicrt
531 934 564 961 ab
579 942 704 968 excessu,
717 943 777 962 cum
795 935 900 963 defectu
914 944 1030 963 concor-

235 979 312 1012 dare,
333 980 360 1006 in
375 980 477 1015 quibus
498 989 512 1007 a
527 980 645 1012 defectu,
676 989 738 1008 cttm
764 989 890 1009 excessu.
919 982 960 1009 Sit
980 990 1028 1017 pro

234 1026 369 1061 exemplo.
387 1026 525 1054 Ponantur
541 1027 697 1061 opiniones,
713 1028 843 1061 Nestorii,
862 1028 986 1062 inquam.
1001 1033 1028 1056 et

233 1071 403 1107 Eutychetis,
425 1077 452 1101 et
467 1073 570 1105 Severi,
586 1081 702 1108 qttarum
725 1074 810 1101 altera
829 1074 899 1102 (luas
915 1081 1028 1103 naturas

233 1122 261 1146 et
274 1118 343 1146 duas
359 1126 491 1153 personas
515 1118 614 1147 fatetur
626 1139 633 1152 ,
648 1120 732 1147 altera
748 1128 830 1147 unam
857 1126 981 1148 naturam
1000 1127 1028 1149 et

233 1171 316 1192 uuam
332 1166 500 1201 ltypostasim
515 1165 622 1193 asserit.
645 1165 816 1193 Manifestum
830 1167 847 1193 iv
860 1171 900 1194 ter
921 1175 968 1195 eas
985 1170 1027 1195 sc-

232 1212 351 1239 cundum
361 1218 503 1240 excessum
512 1215 594 1247 atque
605 1212 740 1240 defectum
750 1213 864 1240 nimium
881 1214 1024 1247 iulercssc,

231 1258 368 1293 siquidem
387 1266 482 1286 earum
499 1258 656 1293 longissime
670 1259 777 1286 diversa
796 1259 866 1287 ratio
876 1263 927 1290 est.
944 1261 1026 1287 nihil-

230 1311 284 1338 que
297 1307 348 1334 est,
360 1310 413 1338 quo
430 1307 537 1336 natura,
554 1303 594 1330 vel
607 1303 759 1338 hypostasis
774 1304 843 1331 inter
856 1312 885 1331 se
903 1312 1026 1332 commu-

231 1350 332 1377 uiccnt.
345 1349 435 1383 Quare
448 1353 605 1377 assumatur
629 1357 660 1376 ea
686 1349 789 1384 opinio,
817 1358 878 1385 qua:
902 1351 1023 1378 medium

229 1396 353 1424 veritatis
369 1401 498 1431 occupat;
515 1404 546 1424 ea
560 1397 673 1424 omnino
700 1397 727 1424 itt
745 1397 837 1431 aliquo
855 1405 916 1425 cum
931 1404 1020 1426 extre-

229 1443 283 1471 mis
295 1443 442 1470 conrenirc
457 1443 546 1472 debet.
565 1448 592 1471 et
612 1443 638 1470 in
663 1444 755 1479 aliquo
773 1445 938 1480 discrepare.
955 1453 980 1474 et
995 1447 1022 1474 iu

229 1489 330 1524 quibus
344 1490 377 1516 ab
389 1497 503 1517 excessu
512 1490 697 1522 disconvenit,
710 1498 771 1518 cum
785 1490 893 1519 defectu
905 1500 1022 1519 consen-

228 1537 290 1569 tire,
306 1536 331 1563 in
344 1536 444 1572 quibus
458 1535 575 1563 defectui
588 1544 640 1563 tton
658 1537 817 1569 concordat,
832 1545 893 1565 cum
906 1547 1020 1566 excessu

1087 290 1148 317 όδου
1167 290 1330 326 Θεσμοθεσία
1351 291 1437 326 μέσην
1453 291 1512 318 όδῆν
1528 291 1576 326 τῆς
1591 290 1718 326 ἀληθείας
1733 290 1876 324 βαδίσασα.

1087 338 1135 364 καὶ
1150 337 1325 373 μιμησαμένη
1342 337 1392 372 τὴν
1405 337 1487 372 ἁγίαν
1498 338 1546 363 καὶ
1559 336 1751 370 οἱκουμενικὴν
1763 336 1876 371 πρώτην

1087 383 1206 415 σύνοδον,
1230 383 1292 419 ἥτις
1317 383 1366 418 τὴν
1392 383 1478 418 μέσην
1504 383 1563 409 ὁδὸν
1589 383 1637 416 τῆς
1662 382 1791 417 ἀληθείας
1817 381 1877 407 ἐϐε-

1086 429 1198 462 ϐαίωσε,
1214 430 1262 456 καὶ
1273 429 1342 465 αὑτὴ
1361 430 1396 456 τὰ
1411 430 1475 464 παρ’
1490 430 1610 464 ἑκάτερα
1628 428 1726 460 ἄτοπα,
1739 427 1770 454 τὸ
1786 427 1877 454 δισσδν

1084 475 1139 502 τῶν
1152 476 1338 509 ὑποστάσεων,
1353 477 1422 512 ὅπερ
1435 477 1507 503 ποιεῖ
1528 475 1575 502 δύο
1596 475 1671 507 υἱοὺς
1687 475 1734 502 καὶ
1753 475 1799 501 δύο
1817 483 1876 509 χρι-

1086 523 1175 556 στοὺς,
1190 523 1204 549 ὂ
1226 524 1284 550 ἐστι
1307 523 1378 550 κατὰ
1393 523 1572 558 πλεονασμον,
1598 522 1666 550 ἀλλὰ
1681 522 1735 557 μὴν
1754 521 1800 548 καὶ
1826 521 1876 556 τὴν

1084 569 1200 602 ἔνδειαν,
1216 570 1284 604 ὅπερ
1297 569 1342 596 διὰ
1356 569 1386 595 τὸ
1401 569 1502 596 ἑνιαῖον
1516 569 1565 604 τῆς
1586 568 1762 600 ὑποστάσεως
1775 569 1808 603 τῇ
1824 568 1875 601 φό-

1084 624 1125 641 σει
1147 616 1178 641 τὸ
1197 616 1341 650 μοναδικδν
1369 616 1471 648 δίδωσι,
1488 615 1538 650 τὴν
1560 615 1645 650 μέσην
1668 613 1745 647 τάξιν
1761 613 1876 648 ἔχουσαν

1083 661 1141 688 ὁδὸν
1164 660 1294 696 ἀληθείας
1316 661 1459 696 ἐκράτυνε,
1484 661 1531 687 καὶ
1551 659 1734 695 ἀνακηρύττει
1757 659 1803 684 ἐπὶ
1825 658 1875 693 τῆς

1083 706 1144 733 καθ’
1160 705 1309 733 ὑπόστασιν
1323 705 1446 737 ἑνώσεως
1463 705 1510 732 τοῦ
1534 704 1651 739 Χριστοῦ
1666 703 1711 730 δύο
1726 703 1822 737 φύσεις
1841 703 1874 729 τὰ

1083 752 1254 785 συνελθόντα,
1272 752 1363 788 μερῶν
1378 751 1454 784 τάξιν
1469 751 1564 786 ἔχοντα
1580 751 1609 776 ἐν
1626 749 1664 786 τῷ
1688 751 1728 776 ἐνὶ
1751 749 1872 784 Χριστῷ,

1083 799 1148 833 μίαν
1161 798 1188 824 δὲ
1208 798 1257 833 τὴν
1278 797 1438 824 ὑπόστασιν.
1461 796 1572 831 Ἐπειδὴ
1594 796 1610 831 ἡ
1633 795 1749 830 μεσότης
1775 795 1821 821 ἐπί
1847 803 1873 820 τι

1081 845 1205 870 κοινωνεῖ
1217 844 1272 875 τοῖς
1285 843 1392 878 ἄκροις,
1409 843 1455 870 καὶ
1474 843 1520 868 tu:
1535 851 1561 869 τι
1576 842 1711 877 διαφέρει,
1727 841 1775 868 καὶ
1793 842 1821 867 ὲν
1833 837 1874 872 οἷς

1080 889 1240 925 διαφέρεται
1250 889 1289 924 τῷ
1303 889 1476 925 πλεονασμῷ,
1495 890 1620 916 κοινωνεῖ
1632 890 1663 923 τῇ
1676 887 1775 923 ἐνδείᾳ,
1790 888 1817 913 ἐν
1833 884 1873 918 οἷς

1080 935 1108 962 δὲ
1131 936 1291 971 διαφέρεται
1313 937 1346 970 τῇ
1364 935 1465 970 ἐνδείᾳ,
1487 936 1611 962 κοινωνεί
1634 934 1672 968 τῷ
1698 933 1870 968 πλεονασμῷ.

1080 978 1143 1008 Οῗόν
1155 981 1181 1008 τί
1193 989 1278 1016 φημι”
1296 981 1332 1007 Τὸ
1349 982 1398 1016 τῆς
1417 980 1580 1015 Ἐκκλησίας
1595 980 1734 1015 φρόνημα,
1745 979 1872 1013 διαφερό-

1080 1035 1162 1061 μενον
1177 1027 1216 1061 τῷ
1231 1026 1277 1053 τοῦ
1299 1026 1404 1062 ’Λρείου
1424 1026 1495 1052 κατὰ
1509 1025 1558 1057 τὰς
1578 1026 1684 1060 φύσεις,
1700 1026 1823 1052 κοινωνεῖ
1832 1024 1872 1058 τῷ

1078 1072 1236 1106 Σαϐελλίου,
1251 1072 1290 1107 τῷ
1312 1073 1376 1107 μίαν
1399 1072 1481 1107 φύσιν
1500 1071 1640 1104 δοξάζειν·
1657 1071 1704 1097 τοῦ
1719 1071 1746 1097 δὲ
1765 1071 1797 1104 δὴ
1816 1070 1870 1096 Σα-

1078 1118 1185 1144 ϐελλίου
1200 1118 1397 1154 διαφερόμενον
1413 1119 1483 1145 κατὰ
1501 1119 1531 1144 τὸ
1553 1118 1696 1152 μοναδικὸν
1709 1117 1756 1144 καὶ
1773 1125 1871 1154 συγχυ-

1077 1164 1153 1190 τικδν
1171 1165 1221 1199 τῆς
1246 1164 1434 1196 ὑποστάσεως,
1459 1165 1611 1200 συμφρονεί
1633 1163 1672 1199 τῷ
1695 1163 1741 1190 τοῦ
1763 1163 1869 1197 ’Δρείου

1077 1210 1148 1236 κατὰ
1175 1211 1206 1237 τὸ
1233 1210 1344 1246 τρισσὸν
1364 1210 1418 1238 τῶν
1448 1211 1634 1237 ὑποστάσεων.
1658 1210 1752 1242 Οὕτως
1781 1209 1869 1236 ἔνεστι

1077 1259 1189 1284 σκοπεῖν
1218 1257 1265 1284 καὶ
1278 1257 1324 1283 ἐπὶ
1341 1257 1390 1292 τῆς
1406 1257 1562 1292 οἰκονομίας
1581 1257 1630 1292 τὴν
1649 1257 1734 1292 μέσην
1750 1257 1809 1283 ὁδον
1820 1256 1869 1291 τῆς

1075 1303 1206 1338 ἀληθείας
1227 1303 1317 1336 δόξαν,
1337 1304 1383 1330 ὲπί
1405 1312 1430 1330 τι
1453 1305 1592 1330 κοινωνεῖν
1617 1304 1665 1330 καὶ
1691 1303 1869 1338 διαφέρεσθαι

1075 1351 1131 1381 τοῖς
1149 1349 1262 1386 ἄκροις⁸
1289 1351 1336 1377 καὶ
1351 1347 1435 1382 ἐνόἷς
1451 1350 1610 1384 διαφέρεται
1631 1349 1669 1385 τῷ
1694 1349 1868 1383 πλεονασμῷ,

1075 1397 1200 1422 κοινωνεῖ
1215 1397 1249 1431 τῇ
1267 1396 1367 1432 ἐνδείᾳ,
1388 1397 1417 1422 ὲν
1433 1393 1474 1427 οἷς
1492 1396 1520 1422 δὲ
1540 1395 1698 1432 διαφέρεται
1713 1396 1746 1431 τῇ
1768 1395 1866 1430 ἐνδείᾳ,

1074 1441 1247 1476 κοινωνείτῷ
1261 1441 1433 1476 πλεονασμῷ.
1444 1440 1506 1468 Οἶόν
1519 1450 1545 1469 τι
1556 1441 1628 1475 λέγω
1639 1450 1645 1456 ”
1655 1440 1868 1477 Προκείσοωσαν

1073 1487 1159 1519 δόξαι,
1177 1487 1223 1513 τοῦ
1241 1487 1400 1522 Νεστορίου,
1418 1487 1501 1522 φημὶ,
1522 1487 1568 1513 καὶ
1585 1487 1733 1522 Εὖτυχοῦς,
1753 1487 1800 1512 καὶ
1817 1487 1866 1512 Σε-

1074 1533 1159 1568 ΰήρου
1172 1533 1208 1568 ,ἡ
1226 1533 1275 1567 μὲν
1294 1533 1341 1560 δύο
1363 1533 1459 1567 φύσεις
1477 1533 1525 1559 καὶ
1541 1533 1587 1559 δύο
1614 1533 1747 1568 πρόσωπα
1762 1531 1865 1565 κηρ·¹τ-

227 1581 367 1617 conjungi.
384 1580 459 1609 Talis
476 1586 520 1609 est
541 1587 641 1609 sancta:
663 1587 768 1617 quarta;
793 1584 889 1618 synodi
911 1589 1019 1612 Senten-

1073 1587 1169 1611 τουσα,
1187 1579 1203 1613 ἠ
1225 1579 1253 1605 δὲ
1281 1579 1347 1614 μίαν
1364 1578 1446 1613 φύσιν
1466 1579 1514 1605 καὶ
1536 1578 1600 1613 μίαν
1617 1578 1767 1604 ὑπόστασιν
1790 1577 1867 1609 δοξά-

227 1627 276 1658 tia,
296 1627 323 1654 iu
338 1627 448 1654 Christo
466 1627 535 1654 dttas
561 1632 674 1655 naturas
700 1632 726 1654 et
742 1636 824 1655 ttttatn
852 1630 1017 1665 hypostasiut

227 1672 391 1703 cnuntians,
408 1679 467 1706 qum
492 1680 507 1698 a
534 1671 661 1700 Nestorio
680 1674 830 1701 secundum
848 1675 1017 1710 hypostnsim

226 1717 393 1745 dissentiens
404 1717 461 1752 (ille
474 1717 545 1744 enim
565 1718 645 1750 duas,
666 1718 723 1745 hzcc
744 1728 826 1746 unatn
851 1721 1016 1756 proﬁtetur),

226 1770 288 1790 cum
315 1762 437 1797 Eutyche
457 1768 537 1797 atque
552 1763 654 1792 Severo
667 1766 814 1797 censi-mit.
838 1767 910 1801 quod
924 1773 949 1794 et
966 1768 1016 1802 ipsi

227 1814 308 1834 unam
336 1807 503 1842 hypostasim
522 1809 696 1837 confitentur.
725 1810 776 1838 Sed
803 1819 912 1839 rursum
930 1821 944 1840 ιι
959 1814 1017 1840 Din-

225 1859 316 1884 scoro,
334 1856 362 1880 et
379 1852 508 1888 Eutyche,
529 1859 556 1881 ct
571 1854 672 1883 Severo
691 1856 900 1886 disconvenicns
918 1867 1016 1887 secun-

225 1900 289 1927 dum
305 1905 429 1927 naturam
443 1920 452 1934 ,
473 1901 546 1935 qttod
564 1901 602 1928 illi
618 1909 699 1929 unam
717 1907 843 1931 naturam
860 1905 885 1931 itt
902 1913 1014 1933 cecouo-

225 1945 279 1973 tuia
302 1950 438 1979 asseram,
465 1947 509 1973 illa
526 1946 606 1980 duas,
628 1955 682 1974 tton
701 1947 816 1976 dissidet
839 1957 855 1977 a
877 1949 1013 1984 Nestorio,

223 1991 271 2026 qui
286 1991 354 2020 duas
369 1992 561 2020 tantummodo
586 1998 699 2022 naturas
720 1994 747 2021 itt
776 1995 887 2024 Christo
911 1997 1012 2032 posuit.

224 2035 364 2073 Nemoque
382 2045 415 2065 ex
437 2045 470 2065 eo
488 2038 561 2073 quod
588 2039 614 2066 in
632 2039 724 2072 aliquo
746 2041 807 2075 quis
830 2043 1013 2071 communicat

222 2091 285 2110 t-um
304 2083 366 2115 alio,
379 2083 491 2110 omnino
505 2091 566 2110 cum
591 2091 623 2111 eo
646 2085 851 2114 communicare
873 2087 1011 2122 opinetur,

222 2134 250 2157 et
263 2135 392 2163 tanquam
406 2137 457 2156 una
470 2130 631 2158 sentientem
646 2139 719 2163 eum,
733 2132 778 2165 qui
801 2132 827 2159 in
846 2133 938 2168 aliquo
950 2142 1011 2162 cutn

221 2175 352 2210 quopiam
381 2176 472 2205 sentit.
489 2175 515 2202 in
531 2176 627 2203 eodem
658 2177 766 2209 habeat,
790 2182 872 2212 atque
890 2187 1012 2207 exsecre-

223 2225 280 2253 tur;
299 2219 519 2254 quandoquidem
535 2224 562 2247 et
583 2228 646 2248 vera
664 2221 793 2250 Ecclesia:
817 2224 920 2258 opinio,
938 2226 1010 2259 quod

221 2266 248 2293 itt
266 2265 435 2301 aliquocunt
447 2266 577 2294 extremis
590 2268 748 2302 concordat,
757 2269 822 2297 Ario
834 2274 859 2297 et
880 2270 1009 2304 Sabellio,

222 2316 252 2338 ut
272 2310 362 2338 oratio
376 2310 573 2346 comprobavit,
597 2313 795 2347 proscribetur.
815 2314 848 2343 Et
867 2317 929 2351 quis
945 2322 1007 2344 tau-

221 2363 276 2384 tam
296 2356 494 2389 blasphemiam
509 2357 580 2385 ferre
593 2360 710 2393 poterit?
728 2359 790 2388 Pari
806 2362 912 2390 ratione
927 2368 954 2391 et
975 2364 1007 2392 de

219 2407 314 2430 sancta
330 2407 426 2437 quarta
449 2403 554 2438 synodo
579 2404 622 2438 pie
649 2405 840 2434 disserendttm
867 2413 918 2436 est.
939 2409 1008 2442 Quia

219 2447 357 2475 consentit
372 2446 399 2474 in
426 2447 523 2485 aliquot
538 2455 600 2475 cutn
622 2448 758 2483 Nestorio,
785 2451 882 2480 ideonc
907 2458 934 2481 et
953 2462 1008 2482 una

219 2501 282 2521 cum
297 2501 330 2520 eo
345 2493 448 2521 sentire
461 2493 605 2522 dicemus?
619 2497 722 2530 Apage.
754 2496 817 2525 Haec
847 2499 940 2534 itaque
960 2508 1006 2535 sy-

218 2538 307 2566 nodus
335 2539 386 2566 hoc
399 2538 479 2566 modo
499 2539 614 2566 mediam
640 2541 763 2569 veritatis
787 2543 858 2570 viam
878 2545 1009 2581 evulgans
1026 2554 1031 2557 ·

217 2594 271 2613 ttott
299 2589 341 2613 est
361 2586 487 2621 improbo
505 2586 639 2618 consilio.
664 2591 691 2615 et
714 2596 821 2617 summa
839 2590 1009 2626 ignoratione

216 2631 420 2664 calumniando,
439 2631 682 2668 abjudicandaquc,
699 2634 747 2662 sed
764 2637 854 2670 potius
869 2637 915 2665 ttbi
931 2639 1007 2672 prius

216 2684 320 2707 rectum
334 2678 421 2713 ipsius
441 2678 538 2714 dogma
557 2679 699 2714 amplexus
724 2680 818 2715 fueris,
845 2685 1008 2713 exosculan-

216 2725 266 2754 da.
290 2724 553 2760 anuumerandaque
575 2732 637 2753 cum
660 2726 722 2754 aliis
737 2728 840 2756 sanctis
855 2729 944 2759 tribus
959 2738 1007 2766 sy-

216 2767 305 2799 nodis,
319 2768 403 2803 quod,
416 2772 447 2795 ut
458 2768 548 2796 oratio
562 2768 845 2802 demonstravitmihil
868 2781 924 2808 pra:
946 2775 1008 2803 aliis

216 2813 319 2842 sanctis
329 2815 416 2843 tribus
431 2815 542 2851 synodis
552 2815 709 2851 innovavitg;
723 2818 859 2853 quinimo,
875 2820 897 2847 si
913 2829 1005 2850 verum

217 2857 297 2887 fateri
319 2861 459 2895 volumus,
491 2861 585 2890 eadem
612 2869 736 2897 prorsus,
757 2871 889 2901 aequeque
913 2868 1007 2896 omnia

1074 1625 1169 1656 ζουσα.
1191 1624 1310 1659 Φανερὺν
1335 1625 1376 1651 ὅτι
1402 1624 1472 1651 κατὰ
1494 1623 1666 1659 πλεονασμὸν
1690 1623 1736 1650 καὶ
1762 1623 1866 1649 ἔνδειαν

1073 1669 1180 1696 ἔσονται
1198 1670 1402 1705 ἀντικείμεναι·
1419 1671 1499 1706 εἴπερ
1516 1671 1549 1697 τὰ
1564 1670 1665 1697 οὑτωσὶ
1683 1671 1771 1705 πάντη
1789 1669 1864 1696 ἀντί-

1073 1725 1188 1748 κεινται,
1203 1717 1249 1742 καὶ
1265 1716 1395 1752 οὐδεμίαν
1411 1717 1557 1743 κοινωνίαν
1579 1716 1688 1751 φύσεως
1717 1716 1730 1751 ἢ
1747 1716 1864 1743 ὑποστά-

1072 1771 1140 1794 σεως
1152 1763 1220 1798 πρὸς
1234 1763 1353 1799 ἀλλήλας
1375 1763 1534 1797 κέκτηνται.
1549 1762 1653 1789 Οὐκοῦν
1677 1763 1806 1798 ληφθῇτω
1822 1771 1864 1794 τις

1070 1809 1145 1843 δόξα,
1159 1810 1176 1844 ἡ
1201 1809 1232 1835 τὺ
1249 1809 1332 1844 μέσον
1350 1809 1401 1844 τῆς
1423 1809 1552 1845 ἀληθείας
1577 1809 1676 1844 ἔχουσα
1691 1817 1698 1824 θ
1722 1809 1793 1844 αὕτη
1817 1807 1864 1835 οὖν

1069 1856 1116 1883 ἐπί
1132 1865 1158 1883 τι
1175 1858 1230 1888 τοῖς
1246 1856 1341 1891 ἄκροις
1356 1856 1531 1891 ὲποφείλεται
1547 1858 1696 1889 κοινωνεῖν,
1713 1856 1760 1882 καὶ
1776 1855 1822 1882 ὲπί
1836 1865 1862 1882 τι

1068 1903 1218 1938 διαφέρειν,
1233 1902 1280 1929 καὶ
1290 1903 1319 1929 ὲν
1333 1900 1373 1934 οἷς
1386 1903 1545 1938 διαφέρεται
1561 1902 1599 1938 τῷ
1615 1902 1789 1937 πλεονασμῷ,
1805 1911 1863 1928 κοι-

1069 1951 1163 1976 νωνεῖν
1176 1951 1208 1984 τῇ
1225 1949 1324 1985 ἐνδείᾳ,
1339 1950 1369 1975 ὲν
1382 1947 1423 1981 οἷς
1433 1949 1461 1976 δὲ
1470 1950 1628 1984 διαφέρεται
1643 1951 1675 1985 τῇ
1692 1949 1790 1983 ἐνδείᾳ,
1804 1957 1861 1974 κοι-

1068 1996 1162 2022 νιυνεῖν
1185 1994 1222 2030 τῷ
1250 1994 1423 2030 πλεονασμῷ.
1438 1995 1557 2030 Τοιαύτη
1577 1996 1619 2027 τίς
1643 1997 1701 2022 ἐστι
1717 1995 1763 2022 καὶ
1779 1996 1796 2030 ἡ
1813 1995 1860 2029 τῆς

1067 2041 1149 2075 ἁγίας
1175 2042 1311 2076 τετάρτης
1333 2042 1443 2068 συνόδου
1471 2042 1517 2068 ἐπὶ
1541 2042 1672 2077 Χριστοῦ,
1694 2042 1740 2068 δύο
1763 2042 1860 2076 φύσεις

1067 2088 1114 2114 καὶ
1131 2088 1196 2122 μίαν
1212 2088 1361 2114 ὑπόστασιν
1385 2088 1570 2123 κηρύττουσα,
1595 2089 1656 2123 ἥτις
1675 2088 1858 2124 διαφερομένῃ

1065 2134 1105 2170 τῷ
1123 2133 1264 2169 Νεστορίῳ
1290 2134 1360 2160 κατὰ
1378 2134 1426 2169 τὴν
1442 2134 1593 2161 ὑπόστασιν
1610 2135 1659 2168 (ὅτι
1677 2135 1691 2160 ὁ
1705 2135 1753 2168 μὲν
1769 2134 1825 2165 filo,
1841 2135 1857 2168 ἡ

1064 2179 1093 2206 δὲ
1106 2179 1174 2214 μίαν
1191 2179 1345 2214 κηρύττει),
1357 2182 1481 2206 κοινωνεῖ
1495 2179 1533 2215 τῷ
1547 2180 1661 2214 Εὐτυχεῖ
1675 2180 1721 2205 καὶ
1733 2176 1856 2214 Σεῦήρῳ,

1065 2225 1137 2252 κατὰ
1152 2226 1180 2252 τὸ
1201 2225 1266 2260 μίαν
1284 2226 1431 2252 ὑπόστασιν
1449 2227 1589 2261 ὁμολογεῖν
1604 2226 1652 2252 καὶ
1669 2226 1778 2257 αὐτούς.
1801 2225 1857 2252 Πᾶς

1028 2263 1049 2290 D
1063 2272 1105 2298 λιν
1119 2272 1142 2298 δ’
1154 2272 1188 2299 αὖ
1201 2272 1386 2309 διαφερομένη
1398 2273 1436 2307 τῷ
1445 2273 1592 2308 Διοσκόρῳ,
1606 2273 1652 2300 καὶ
1668 2272 1792 2307 Εὑτυχεί,
1809 2273 1857 2299 καὶ

1066 2318 1177 2353 Σεϐήρῳ
1189 2317 1262 2344 κατὰ
1276 2318 1326 2352 τὴν
1346 2318 1428 2352 φύσιν
1444 2320 1495 2354 (ὅτι
1511 2320 1535 2345 οἱ
1554 2319 1603 2353 μὲν
1629 2319 1693 2354 μίαν
1714 2319 1795 2352 φύσιν
1810 2319 1856 2346 ἐπὶ

1064 2365 1115 2399 τῆς
1128 2363 1286 2399 οἰκονομίας
1301 2364 1493 2400 κηρύττουσιν,
1510 2366 1527 2400 ἡ
1543 2366 1568 2393 δὲ
1591 2366 1660 2399 δύο),
1678 2368 1803 2394 κοινωνεῖ
1817 2366 1856 2402 τῷ

1064 2410 1214 2445 Νεστορίῳ,
1235 2410 1305 2436 κατὰ
1320 2410 1351 2436 τὸ
1366 2410 1415 2441 τὰς
1436 2411 1483 2436 δύο
1501 2411 1549 2437 καὶ
1570 2412 1650 2445 μόνον
1665 2411 1760 2446 φύσεις
1775 2412 1854 2445 δοξά-

1064 2456 1122 2488 ζειν
1136 2457 1182 2483 ἐπὶ
1199 2456 1329 2492 Χριστοῦ.
1345 2457 1398 2483 Καὶ
1416 2457 1447 2483 οὺ
1463 2456 1503 2483 δεῖ
1518 2458 1549 2483 ἐκ
1561 2458 1607 2484 τοῦ
1629 2459 1699 2485 κατά
1714 2468 1739 2486 τι
1756 2468 1852 2485 κοινω-

1063 2504 1129 2536 νεῖν,
1157 2503 1204 2530 καὶ
1232 2503 1263 2529 τὸ
1283 2503 1377 2534 ἁπλῶς
1392 2505 1532 2530 κοινωνεῖν
1557 2504 1724 2538 λογίζεσθαι,
1748 2505 1795 2532 καὶ
1817 2506 1853 2536 ὡς

1062 2549 1200 2584 ὁμόφρονα
1223 2549 1269 2575 τὸν
1298 2549 1369 2576 κατά
1392 2557 1419 2575 τι
1445 2549 1627 2576 κοινωνοῦντα
1654 2559 1724 2582 τινι,
1755 2551 1853 2577 ταυτὸν

1061 2593 1160 2628 ἐκείνῳ
1186 2593 1342 2628 λογίζεσθαι
1361 2594 1407 2620 καὶ
1437 2594 1633 2628 μυσάττεσοαι.
1653 2595 1730 2622 Ἐπεὶ
1752 2596 1798 2622 καὶ
1823 2596 1854 2622 τὸ

1060 2639 1160 2675 ἀληθὲς
1171 2640 1299 2675 φρόνημα
1309 2640 1359 2674 τῆς
1379 2640 1554 2675 Ἐκκλησίας,
1567 2641 1633 2667 διότι
1650 2641 1697 2667 ὲπί
1711 2650 1735 2668 τι
1756 2651 1853 2668 κοινω-

1060 2686 1101 2711 νεῖ
1114 2687 1169 2717 τοῖς
1182 2685 1288 2720 ἄκροις,
1310 2686 1419 2721 *Λρείῳ,
1434 2686 1516 2720 φημὶ,
1532 2686 1579 2712 καὶ
1595 2686 1743 2722 Σαϐελλίῳ,
1760 2688 1852 2719 καθὼς

1059 2731 1074 2757 ὁ
1092 2730 1171 2764 λόγος
1195 2731 1376 2767 παρέστησεν,
1392 2731 1664 2767 ἀποκηρυχοήσεται.
1681 2733 1734 2759 Καὶ
1753 2734 1796 2765 τίς
1818 2733 1852 2761 ἂν

1059 2776 1158 2813 ὑποίσῃ
1169 2776 1199 2803 τὸ
1215 2776 1390 2812 βλάσφημονς
1406 2777 1513 2804 Οὖτωσὶ
1534 2778 1581 2804 καὶ
1601 2778 1648 2804 ἐπὶ
1665 2778 1714 2812 τῇς
1730 2779 1760 2805 έν
1775 2778 1849 2805 Χαλ-

1059 2823 1150 2858 κηδόνι
1175 2823 1255 2857 ἁγίας
1281 2823 1415 2858 τετάρτης
1446 2823 1556 2850 συνόδου
1585 2823 1706 2856 εὐσεϐῶς
1733 2825 1850 2860 συνορᾷν

1059 2869 1146 2897 ἔνεστι
1156 2879 1162 2885 ·
1179 2869 1245 2897 διότι
1258 2871 1382 2897 κοινωνεῖ
1396 2870 1443 2897 ἐπί
1455 2879 1481 2897 τι
1503 2870 1542 2905 τῷ
1555 2871 1703 2906 Νεστορίῳ,
1720 2871 1770 2906 ήδη
1783 2872 1848 2906 ὀμο-
