  <div class='ocr_page' id='page_1' title='image "/cluster/home/n/w/nwhite01/storage/ocr_20150623/105/njp.32101077772893/362.png"; bbox 0 0 2092 3156; ppageno 0'>
   <div class='ocr_carea' id='block_1_1' title="bbox 194 177 244 209">
    <p class='ocr_par' dir='ltr' id='par_1_1' title="bbox 194 177 244 209">
     <span class='ocr_line' id='line_1_1' title="bbox 194 177 244 209; baseline 0 0"><span class='ocrx_word' id='word_1_1' title='bbox 194 177 244 209; x_wconf 81' lang='lat'><strong>601</strong></span> 
     </span>
    </p>
   </div>
   <div class='ocr_carea' id='block_1_2' title="bbox 618 180 1388 216">
    <p class='ocr_par' dir='ltr' id='par_1_2' title="bbox 618 180 1388 216">
     <span class='ocr_line' id='line_1_2' title="bbox 618 180 1388 216; baseline 0.009 -7"><span class='ocrx_word' id='word_1_2' title='bbox 618 180 835 212; x_wconf 72' lang='lat' dir='ltr'><strong>REFUTATIO</strong></span> <span class='ocrx_word' id='word_1_3' title='bbox 854 183 1047 214; x_wconf 65' lang='lat' dir='ltr'><strong>EPISTOLE</strong></span> <span class='ocrx_word' id='word_1_4' title='bbox 1063 185 1176 215; x_wconf 83' lang='lat' dir='ltr'><strong>REGIS</strong></span> <span class='ocrx_word' id='word_1_5' title='bbox 1193 186 1388 216; x_wconf 66' lang='lat' dir='ltr'><strong>ARMENLE.</strong></span> 
     </span>
    </p>
   </div>
   <div class='ocr_carea' id='block_1_3' title="bbox 1774 190 1830 222">
    <p class='ocr_par' dir='ltr' id='par_1_3' title="bbox 1774 190 1830 222">
     <span class='ocr_line' id='line_1_3' title="bbox 1774 190 1830 222; baseline 0.036 -2"><span class='ocrx_word' id='word_1_6' title='bbox 1774 190 1830 222; x_wconf 71' lang='lat'><strong>(03</strong></span> 
     </span>
    </p>
   </div>
   <div class='ocr_carea' id='block_1_4' title="bbox 194 235 984 282">
    <p class='ocr_par' dir='ltr' id='par_1_4' title="bbox 194 235 984 275">
     <span class='ocr_line' id='line_1_4' title="bbox 194 235 984 275; baseline 0.01 -15"><span class='ocrx_word' id='word_1_7' title='bbox 194 235 303 270; x_wconf 77' lang='grc' dir='ltr'>φρονεῖν</span> <span class='ocrx_word' id='word_1_8' title='bbox 332 235 472 271; x_wconf 88' lang='grc' dir='ltr'>δὼσομεν;</span> <span class='ocrx_word' id='word_1_9' title='bbox 501 237 650 272; x_wconf 80' lang='grc' dir='ltr'>Οῠμενουν.</span> <span class='ocrx_word' id='word_1_10' title='bbox 681 239 786 265; x_wconf 82' lang='grc' dir='ltr'>Οὐκοῦν</span> <span class='ocrx_word' id='word_1_11' title='bbox 810 240 859 275; x_wconf 79' lang='grc' dir='ltr'>τὴν</span> <span class='ocrx_word' id='word_1_12' title='bbox 885 242 984 268; x_wconf 77' lang='grc' dir='ltr'>οὑτωσὶ</span> 
     </span>
    </p>
   </div>
   <div class='ocr_carea' id='block_1_5' title="bbox 1036 235 1833 282">
    <p class='ocr_par' dir='ltr' id='par_1_5' title="bbox 1037 243 1833 282">
     <span class='ocr_line' id='line_1_5' title="bbox 1037 243 1833 282; baseline 0.006 -14"><span class='ocrx_word' id='word_1_13' title='bbox 1037 243 1153 274; x_wconf 79' lang='lat' dir='ltr'><strong>studuit,</strong></span> <span class='ocrx_word' id='word_1_14' title='bbox 1163 249 1189 270; x_wconf 87' lang='lat' dir='ltr'><strong>et</strong></span> <span class='ocrx_word' id='word_1_15' title='bbox 1202 245 1374 271; x_wconf 69' lang='lat' dir='ltr'><strong>Ctlttt&#39;ornilur</strong></span> <span class='ocrx_word' id='word_1_16' title='bbox 1385 245 1468 271; x_wconf 80' lang='lat' dir='ltr'><strong>\‘olnlt</strong></span> <span class='ocrx_word' id='word_1_17' title='bbox 1480 253 1539 272; x_wconf 77' lang='lat' dir='ltr'><strong>cum</strong></span> <span class='ocrx_word' id='word_1_18' title='bbox 1555 245 1617 279; x_wconf 87' lang='lat' dir='ltr'><strong>illis,</strong></span> <span class='ocrx_word' id='word_1_19' title='bbox 1630 251 1758 281; x_wconf 81' lang='lat' dir='ltr'><strong>tanquam</strong></span> <span class='ocrx_word' id='word_1_20' title='bbox 1770 255 1833 282; x_wconf 65' lang='lat' dir='ltr'><strong>qua:</strong></span> 
     </span>
    </p>
   </div>
   <div class='ocr_carea' id='block_1_6' title="bbox 193 279 985 322">
    <p class='ocr_par' dir='ltr' id='par_1_6' title="bbox 193 279 985 322">
     <span class='ocr_line' id='line_1_6' title="bbox 193 279 985 322; baseline 0.01 -17"><span class='ocrx_word' id='word_1_21' title='bbox 193 279 275 313; x_wconf 83' lang='grc' dir='ltr'>ἁγίαν</span> <span class='ocrx_word' id='word_1_22' title='bbox 298 279 418 313; x_wconf 83' lang='grc' dir='ltr'><strong>σύνοδον,</strong></span> <span class='ocrx_word' id='word_1_23' title='bbox 436 281 485 316; x_wconf 83' lang='grc' dir='ltr'>τὴν</span> <span class='ocrx_word' id='word_1_24' title='bbox 502 282 589 317; x_wconf 81' lang='grc' dir='ltr'><strong>μέσην</strong></span> <span class='ocrx_word' id='word_1_25' title='bbox 611 283 670 310; x_wconf 79' lang='grc' dir='ltr'>ὁδὸν</span> <span class='ocrx_word' id='word_1_26' title='bbox 684 284 734 319; x_wconf 84' lang='grc' dir='ltr'>τῆς</span> <span class='ocrx_word' id='word_1_27' title='bbox 748 284 878 320; x_wconf 76' lang='grc' dir='ltr'><strong>ἀληθείας</strong></span> <span class='ocrx_word' id='word_1_28' title='bbox 897 287 985 322; x_wconf 78' lang='grc' dir='ltr'>κηρύ-</span> 
     </span>
    </p>
   </div>
   <div class='ocr_carea' id='block_1_7' title="bbox 1038 289 1494 318">
    <p class='ocr_par' dir='ltr' id='par_1_7' title="bbox 1038 289 1494 318">
     <span class='ocr_line' id='line_1_7' title="bbox 1038 289 1494 318; baseline 0.004 -3"><span class='ocrx_word' id='word_1_29' title='bbox 1038 289 1156 316; x_wconf 70' lang='grc' dir='ltr'>ιηριιίςιιιι</span> <span class='ocrx_word' id='word_1_30' title='bbox 1172 290 1292 317; x_wconf 81' lang='lat' dir='ltr'><strong>veritatis</strong></span> <span class='ocrx_word' id='word_1_31' title='bbox 1307 291 1377 317; x_wconf 79' lang='lat' dir='ltr'><strong>viam</strong></span> <span class='ocrx_word' id='word_1_32' title='bbox 1393 291 1494 318; x_wconf 74' lang='lat' dir='ltr'><strong>inierit.</strong></span> 
     </span>
    </p>
   </div>
   <div class='ocr_carea' id='block_1_8' title="bbox 193 326 1833 374">
    <p class='ocr_par' dir='ltr' id='par_1_8' title="bbox 193 326 1833 374">
     <span class='ocr_line' id='line_1_8' title="bbox 193 326 1833 374; baseline 0.007 -22"><span class='ocrx_word' id='word_1_33' title='bbox 193 326 288 360; x_wconf 75' lang='grc' dir='ltr'>εασαν,</span> <span class='ocrx_word' id='word_1_34' title='bbox 303 327 331 354; x_wconf 83' lang='grc' dir='ltr'>οὐ</span> <span class='ocrx_word' id='word_1_35' title='bbox 351 328 392 354; x_wconf 84' lang='grc' dir='ltr'><strong>δεῖ</strong></span> <span class='ocrx_word' id='word_1_36' title='bbox 412 329 577 365; x_wconf 85' lang='grc' dir='ltr'>κακοϐουλίᾳ</span> <span class='ocrx_word' id='word_1_37' title='bbox 595 331 641 357; x_wconf 80' lang='grc' dir='ltr'>καὶ</span> <span class='ocrx_word' id='word_1_38' title='bbox 661 331 779 368; x_wconf 70' lang='grc' dir='ltr'>ἀμαθείᾳ</span> <span class='ocrx_word' id='word_1_39' title='bbox 806 335 983 368; x_wconf 71' lang='grc' dir='ltr'><strong>συκοφαντεῖν</strong></span> <span class='ocrx_word' id='word_1_40' title='bbox 1014 335 1060 362; x_wconf 76' lang='grc' dir='ltr'>καὶ</span> <span class='ocrx_word' id='word_1_41' title='bbox 1085 336 1309 371; x_wconf 78' lang='grc' dir='ltr'>ἀποπέμπεσθαι,</span> <span class='ocrx_word' id='word_1_42' title='bbox 1332 337 1400 364; x_wconf 70' lang='grc' dir='ltr'>ἀλλὰ</span> <span class='ocrx_word' id='word_1_43' title='bbox 1426 338 1526 372; x_wconf 82' lang='grc' dir='ltr'>μᾶλλον</span> <span class='ocrx_word' id='word_1_44' title='bbox 1549 339 1579 364; x_wconf 65' lang='grc' dir='ltr'>το</span> <span class='ocrx_word' id='word_1_45' title='bbox 1619 338 1721 373; x_wconf 70' lang='grc' dir='ltr'>ταύτης</span> <span class='ocrx_word' id='word_1_46' title='bbox 1754 339 1833 374; x_wconf 67' lang='grc' dir='ltr'><strong>ὁρῦὶν</strong></span> 
     </span>
    </p>
   </div>
   <div class='ocr_carea' id='block_1_9' title="bbox 191 373 1835 421">
    <p class='ocr_par' dir='ltr' id='par_1_9' title="bbox 191 373 1835 421">
     <span class='ocr_line' id='line_1_9' title="bbox 191 373 1835 421; baseline 0.007 -21"><span class='ocrx_word' id='word_1_47' title='bbox 191 373 280 409; x_wconf 83' lang='grc' dir='ltr'><strong>δόγμα</strong></span> <span class='ocrx_word' id='word_1_48' title='bbox 307 376 522 411; x_wconf 82' lang='grc' dir='ltr'>ὁμολογήσαντα,</span> <span class='ocrx_word' id='word_1_49' title='bbox 549 379 739 414; x_wconf 80' lang='grc' dir='ltr'>ἀποδέχεσθαι,</span> <span class='ocrx_word' id='word_1_50' title='bbox 767 382 814 408; x_wconf 77' lang='grc' dir='ltr'>καὶ</span> <span class='ocrx_word' id='word_1_51' title='bbox 840 383 909 417; x_wconf 85' lang='grc' dir='ltr'>μετὰ</span> <span class='ocrx_word' id='word_1_52' title='bbox 943 383 998 410; x_wconf 78' lang='grc' dir='ltr'><strong>τῶν</strong></span> <span class='ocrx_word' id='word_1_53' title='bbox 1035 383 1136 411; x_wconf 84' lang='grc' dir='ltr'><strong>λοιπῶν</strong></span> <span class='ocrx_word' id='word_1_54' title='bbox 1171 385 1256 419; x_wconf 82' lang='grc' dir='ltr'>ἁγίων</span> <span class='ocrx_word' id='word_1_55' title='bbox 1281 385 1365 421; x_wconf 84' lang='grc' dir='ltr'>τριῶν</span> <span class='ocrx_word' id='word_1_56' title='bbox 1399 386 1515 412; x_wconf 72' lang='grc' dir='ltr'>συνόδων</span> <span class='ocrx_word' id='word_1_57' title='bbox 1540 386 1729 421; x_wconf 66' lang='grc' dir='ltr'>καταριθμεῖν.</span> <span class='ocrx_word' id='word_1_58' title='bbox 1757 373 1802 411; x_wconf 64' lang='grc' dir='ltr'>Διὶ</span> <span class='ocrx_word' id='word_1_59' title='bbox 1820 386 1835 411; x_wconf 86' lang='grc' dir='ltr'>ὁ</span> 
     </span>
    </p>
   </div>
   <div class='ocr_carea' id='block_1_10' title="bbox 191 420 1836 467">
    <p class='ocr_par' dir='ltr' id='par_1_10' title="bbox 191 420 1836 467">
     <span class='ocr_line' id='line_1_10' title="bbox 191 420 1836 467; baseline 0.007 -21"><span class='ocrx_word' id='word_1_60' title='bbox 191 420 271 454; x_wconf 83' lang='grc' dir='ltr'>λόγος</span> <span class='ocrx_word' id='word_1_61' title='bbox 297 422 382 454; x_wconf 76' lang='grc' dir='ltr'>ἔδειξε</span> <span class='ocrx_word' id='word_1_62' title='bbox 409 423 545 458; x_wconf 84' lang='grc' dir='ltr'>μηδεμίαν</span> <span class='ocrx_word' id='word_1_63' title='bbox 575 426 744 459; x_wconf 72' lang='grc' dir='ltr'>κενοφωνίαν</span> <span class='ocrx_word' id='word_1_64' title='bbox 759 427 923 462; x_wconf 80' lang='grc' dir='ltr'>εἰσάγουσαν</span> <span class='ocrx_word' id='word_1_65' title='bbox 950 429 999 464; x_wconf 80' lang='grc' dir='ltr'>τὴν</span> <span class='ocrx_word' id='word_1_66' title='bbox 1028 430 1109 463; x_wconf 82' lang='grc' dir='ltr'>ἁγίαν</span> <span class='ocrx_word' id='word_1_67' title='bbox 1140 431 1273 466; x_wconf 82' lang='grc' dir='ltr'><strong>τετάρτην</strong></span> <span class='ocrx_word' id='word_1_68' title='bbox 1301 420 1410 458; x_wconf 83' lang='grc' dir='ltr'>σύνοδον</span> <span class='ocrx_word' id='word_1_69' title='bbox 1435 432 1502 467; x_wconf 69' lang='grc' dir='ltr'>προς</span> <span class='ocrx_word' id='word_1_70' title='bbox 1530 433 1589 462; x_wconf 86' lang='grc' dir='ltr'>ταῖς</span> <span class='ocrx_word' id='word_1_71' title='bbox 1615 431 1722 462; x_wconf 74' lang='grc' dir='ltr'>λοιπαῖς</span> <span class='ocrx_word' id='word_1_72' title='bbox 1743 432 1836 464; x_wconf 72' lang='grc' dir='ltr'>ἁγίαις</span> 
     </span>
    </p>
   </div>
   <div class='ocr_carea' id='block_1_11' title="bbox 191 469 1836 514">
    <p class='ocr_par' dir='ltr' id='par_1_11' title="bbox 191 469 1836 514">
     <span class='ocr_line' id='line_1_11' title="bbox 191 469 1836 514; baseline 0.007 -20"><span class='ocrx_word' id='word_1_73' title='bbox 191 469 266 503; x_wconf 77' lang='grc' dir='ltr'>τρισὶ</span> <span class='ocrx_word' id='word_1_74' title='bbox 294 470 423 501; x_wconf 78' lang='grc' dir='ltr'>συνόδοις,</span> <span class='ocrx_word' id='word_1_75' title='bbox 453 471 552 506; x_wconf 84' lang='grc' dir='ltr'>μᾶλλον</span> <span class='ocrx_word' id='word_1_76' title='bbox 570 471 608 504; x_wconf 79' lang='grc' dir='ltr'>δὲ,</span> <span class='ocrx_word' id='word_1_77' title='bbox 625 474 649 499; x_wconf 85' lang='grc' dir='ltr'><strong>εί</strong></span> <span class='ocrx_word' id='word_1_78' title='bbox 675 475 728 509; x_wconf 78' lang='grc' dir='ltr'><strong>χρὴ</strong></span> <span class='ocrx_word' id='word_1_79' title='bbox 743 474 859 510; x_wconf 83' lang='grc' dir='ltr'>τάληθὲς</span> <span class='ocrx_word' id='word_1_80' title='bbox 884 476 982 509; x_wconf 80' lang='grc' dir='ltr'>εἰπεῖν,</span> <span class='ocrx_word' id='word_1_81' title='bbox 1003 477 1134 513; x_wconf 80' lang='grc' dir='ltr'><strong>μεγίστην</strong></span> <span class='ocrx_word' id='word_1_82' title='bbox 1146 479 1306 513; x_wconf 74' lang='grc' dir='ltr'>συμφωνίαν</span> <span class='ocrx_word' id='word_1_83' title='bbox 1321 479 1404 506; x_wconf 77' lang='grc' dir='ltr'>διὰτὸ</span> <span class='ocrx_word' id='word_1_84' title='bbox 1416 480 1461 506; x_wconf 81' lang='grc' dir='ltr'>καὶ</span> <span class='ocrx_word' id='word_1_85' title='bbox 1477 479 1562 514; x_wconf 80' lang='grc' dir='ltr'>αὐτὴν</span> <span class='ocrx_word' id='word_1_86' title='bbox 1590 479 1639 514; x_wconf 83' lang='grc' dir='ltr'>τὴν</span> <span class='ocrx_word' id='word_1_87' title='bbox 1656 479 1742 514; x_wconf 69' lang='grc' dir='ltr'>μέσην</span> <span class='ocrx_word' id='word_1_88' title='bbox 1775 480 1836 505; x_wconf 62' lang='grc' dir='ltr'>οδω</span> 
     </span>
    </p>
   </div>
   <div class='ocr_carea' id='block_1_12' title="bbox 191 516 753 556">
    <p class='ocr_par' dir='ltr' id='par_1_12' title="bbox 191 516 753 556">
     <span class='ocr_line' id='line_1_12' title="bbox 191 516 753 556; baseline 0.012 -15"><span class='ocrx_word' id='word_1_89' title='bbox 191 516 242 551; x_wconf 82' lang='grc' dir='ltr'>τῆς</span> <span class='ocrx_word' id='word_1_90' title='bbox 254 516 384 551; x_wconf 78' lang='grc' dir='ltr'>ἀληθείας</span> <span class='ocrx_word' id='word_1_91' title='bbox 396 517 513 552; x_wconf 81' lang='grc' dir='ltr'>βαδίσαι,</span> <span class='ocrx_word' id='word_1_92' title='bbox 529 519 624 556; x_wconf 84' lang='grc' dir='ltr'>ὥσπερ</span> <span class='ocrx_word' id='word_1_93' title='bbox 639 521 753 548; x_wconf 83' lang='grc' dir='ltr'>ἐκεῖναι.</span> 
     </span>
    </p>
   </div>
   <div class='ocr_carea' id='block_1_13' title="bbox 227 561 983 604">
    <p class='ocr_par' dir='ltr' id='par_1_13' title="bbox 227 561 983 604">
     <span class='ocr_line' id='line_1_13' title="bbox 227 561 983 604; baseline 0.012 -16"><span class='ocrx_word' id='word_1_94' title='bbox 227 561 258 590; x_wconf 87' lang='grc' dir='ltr'><strong>ε’.</strong></span> <span class='ocrx_word' id='word_1_95' title='bbox 277 563 386 589; x_wconf 86' lang='grc' dir='ltr'>Ἐνεστι</span> <span class='ocrx_word' id='word_1_96' title='bbox 399 563 427 590; x_wconf 78' lang='grc' dir='ltr'>δὲ</span> <span class='ocrx_word' id='word_1_97' title='bbox 450 566 562 591; x_wconf 86' lang='grc' dir='ltr'>σκοπεῖν</span> <span class='ocrx_word' id='word_1_98' title='bbox 577 566 625 592; x_wconf 76' lang='grc' dir='ltr'>καὶ</span> <span class='ocrx_word' id='word_1_99' title='bbox 643 566 673 599; x_wconf 77' lang='grc' dir='ltr'><strong>ἐξ</strong></span> <span class='ocrx_word' id='word_1_100' title='bbox 690 568 776 601; x_wconf 75' lang='grc' dir='ltr'>αὐτῆς</span> <span class='ocrx_word' id='word_1_101' title='bbox 797 569 846 604; x_wconf 82' lang='grc' dir='ltr'><strong>τῆς</strong></span> <span class='ocrx_word' id='word_1_102' title='bbox 862 570 983 601; x_wconf 84' lang='grc' dir='ltr'>συνόδου,</span> 
     </span>
    </p>
   </div>
   <div class='ocr_carea' id='block_1_14' title="bbox 191 609 983 652">
    <p class='ocr_par' dir='ltr' id='par_1_14' title="bbox 191 609 983 652">
     <span class='ocr_line' id='line_1_14' title="bbox 191 609 983 652; baseline 0.011 -18"><span class='ocrx_word' id='word_1_103' title='bbox 191 609 217 635; x_wconf 82' lang='grc' dir='ltr'><strong>τί</strong></span> <span class='ocrx_word' id='word_1_104' title='bbox 233 609 288 644; x_wconf 85' lang='grc' dir='ltr'>ἄρα</span> <span class='ocrx_word' id='word_1_105' title='bbox 307 609 431 644; x_wconf 82' lang='grc' dir='ltr'>βούλεται</span> <span class='ocrx_word' id='word_1_106' title='bbox 456 611 603 647; x_wconf 80' lang='grc' dir='ltr'>κηρύττειν</span> <span class='ocrx_word' id='word_1_107' title='bbox 625 614 670 640; x_wconf 81' lang='grc' dir='ltr'><strong>ἐπὶ</strong></span> <span class='ocrx_word' id='word_1_108' title='bbox 693 615 824 649; x_wconf 72' lang='grc' dir='ltr'>Χριστοῦ.</span> <span class='ocrx_word' id='word_1_109' title='bbox 846 616 983 652; x_wconf 66' lang='grc' dir='ltr'>Ἰᾱπομένη</span> 
     </span>
    </p>
   </div>
   <div class='ocr_carea' id='block_1_15' title="bbox 191 655 983 695">
    <p class='ocr_par' dir='ltr' id='par_1_15' title="bbox 191 655 983 695">
     <span class='ocr_line' id='line_1_15' title="bbox 191 655 983 695; baseline 0.01 -14"><span class='ocrx_word' id='word_1_110' title='bbox 191 655 255 690; x_wconf 76' lang='grc' dir='ltr'>γὰρ,</span> <span class='ocrx_word' id='word_1_111' title='bbox 285 656 322 687; x_wconf 85' lang='grc' dir='ltr'><strong>ὡς</strong></span> <span class='ocrx_word' id='word_1_112' title='bbox 347 656 415 692; x_wconf 77' lang='grc' dir='ltr'>αὐτή</span> <span class='ocrx_word' id='word_1_113' title='bbox 433 666 510 692; x_wconf 85' lang='grc' dir='ltr'>φησι,</span> <span class='ocrx_word' id='word_1_114' title='bbox 539 659 595 690; x_wconf 84' lang='grc' dir='ltr'>τοῖς</span> <span class='ocrx_word' id='word_1_115' title='bbox 616 659 749 695; x_wconf 81' lang='grc' dir='ltr'>Πατράσι,</span> <span class='ocrx_word' id='word_1_116' title='bbox 763 661 834 688; x_wconf 77' lang='grc' dir='ltr'>κατὰ</span> <span class='ocrx_word' id='word_1_117' title='bbox 846 661 917 694; x_wconf 76' lang='grc' dir='ltr'>λέξιν</span> <span class='ocrx_word' id='word_1_118' title='bbox 932 659 983 689; x_wconf 72' lang='grc' dir='ltr'><strong>ὧδε</strong></span> 
     </span>
    </p>
   </div>
   <div class='ocr_carea' id='block_1_16' title="bbox 192 699 983 743">
    <p class='ocr_par' dir='ltr' id='par_1_16' title="bbox 192 699 983 743">
     <span class='ocr_line' id='line_1_16' title="bbox 192 699 983 743; baseline 0.011 -17"><span class='ocrx_word' id='word_1_119' title='bbox 192 701 308 734; x_wconf 85' lang='grc' dir='ltr'>φάσκει·</span> <span class='ocrx_word' id='word_1_120' title='bbox 327 701 395 728; x_wconf 83' lang='grc' dir='ltr'>Ἕνα</span> <span class='ocrx_word' id='word_1_121' title='bbox 420 702 466 729; x_wconf 74' lang='grc' dir='ltr'><strong>καὶ</strong></span> <span class='ocrx_word' id='word_1_122' title='bbox 489 703 535 729; x_wconf 82' lang='grc' dir='ltr'>τὸν</span> <span class='ocrx_word' id='word_1_123' title='bbox 552 704 633 731; x_wconf 77' lang='grc' dir='ltr'>αὐτὸν</span> <span class='ocrx_word' id='word_1_124' title='bbox 656 699 758 741; x_wconf 80' lang='grc' dir='ltr'>Κύριον</span> <span class='ocrx_word' id='word_1_125' title='bbox 780 708 858 742; x_wconf 82' lang='grc' dir='ltr'>ἡμῶν</span> <span class='ocrx_word' id='word_1_126' title='bbox 877 708 983 743; x_wconf 78' lang='grc' dir='ltr'>Ἰησοῦν</span> 
     </span>
    </p>
   </div>
   <div class='ocr_carea' id='block_1_17' title="bbox 191 747 984 789">
    <p class='ocr_par' dir='ltr' id='par_1_17' title="bbox 191 747 984 789">
     <span class='ocr_line' id='line_1_17' title="bbox 191 747 984 789; baseline 0.01 -16"><span class='ocrx_word' id='word_1_127' title='bbox 191 747 312 782; x_wconf 82' lang='grc' dir='ltr'>Χριστὸν</span> <span class='ocrx_word' id='word_1_128' title='bbox 343 748 496 783; x_wconf 85' lang='grc' dir='ltr'>συμφώνως</span> <span class='ocrx_word' id='word_1_129' title='bbox 510 750 651 784; x_wconf 80' lang='grc' dir='ltr'>ὁμολογεῖν</span> <span class='ocrx_word' id='word_1_130' title='bbox 676 752 851 779; x_wconf 76' lang='grc' dir='ltr'>ἐκδιδάσκει·</span> <span class='ocrx_word' id='word_1_131' title='bbox 873 753 917 781; x_wconf 80' lang='grc' dir='ltr'>διὰ</span> <span class='ocrx_word' id='word_1_132' title='bbox 935 755 984 789; x_wconf 81' lang='grc' dir='ltr'>μὲν</span> 
     </span>
    </p>
   </div>
   <div class='ocr_carea' id='block_1_18' title="bbox 189 794 986 835">
    <p class='ocr_par' dir='ltr' id='par_1_18' title="bbox 189 794 986 835">
     <span class='ocr_line' id='line_1_18' title="bbox 189 794 986 835; baseline 0.008 -15"><span class='ocrx_word' id='word_1_133' title='bbox 189 794 236 820; x_wconf 81' lang='grc' dir='ltr'>τοῦ</span> <span class='ocrx_word' id='word_1_134' title='bbox 252 794 420 829; x_wconf 58' lang='grc' dir='ltr'>συμφώνως</span> <span class='ocrx_word' id='word_1_135' title='bbox 434 795 542 830; x_wconf 76' lang='grc' dir='ltr'>ἐκείνην</span> <span class='ocrx_word' id='word_1_136' title='bbox 565 796 614 832; x_wconf 82' lang='grc' dir='ltr'>τὴν</span> <span class='ocrx_word' id='word_1_137' title='bbox 637 797 755 832; x_wconf 70' lang='grc' dir='ltr'>ὑποψίαν</span> <span class='ocrx_word' id='word_1_138' title='bbox 782 801 986 835; x_wconf 82' lang='grc' dir='ltr'>προῦποτεμνο-</span> 
     </span>
    </p>
   </div>
   <div class='ocr_carea' id='block_1_19' title="bbox 192 839 983 880">
    <p class='ocr_par' dir='ltr' id='par_1_19' title="bbox 192 839 983 880">
     <span class='ocr_line' id='line_1_19' title="bbox 192 839 983 880; baseline 0.009 -15"><span class='ocrx_word' id='word_1_139' title='bbox 192 839 270 875; x_wconf 77' lang='grc' dir='ltr'>μένη,</span> <span class='ocrx_word' id='word_1_140' title='bbox 287 840 337 874; x_wconf 85' lang='grc' dir='ltr'>τὴν</span> <span class='ocrx_word' id='word_1_141' title='bbox 355 841 404 866; x_wconf 76' lang='grc' dir='ltr'>οὐκ</span> <span class='ocrx_word' id='word_1_142' title='bbox 417 841 449 867; x_wconf 79' lang='grc' dir='ltr'>ἐκ</span> <span class='ocrx_word' id='word_1_143' title='bbox 471 842 579 868; x_wconf 80' lang='grc' dir='ltr'>πάντων</span> <span class='ocrx_word' id='word_1_144' title='bbox 594 843 720 878; x_wconf 83' lang='grc' dir='ltr'>οίομὲνην</span> <span class='ocrx_word' id='word_1_145' title='bbox 736 844 790 871; x_wconf 80' lang='grc' dir='ltr'>τῶν</span> <span class='ocrx_word' id='word_1_146' title='bbox 811 853 983 880; x_wconf 78' lang='grc' dir='ltr'>συναγηγερ-</span> 
     </span>
    </p>
   </div>
   <div class='ocr_carea' id='block_1_20' title="bbox 191 886 984 925">
    <p class='ocr_par' dir='ltr' id='par_1_20' title="bbox 191 886 984 925">
     <span class='ocr_line' id='line_1_20' title="bbox 191 886 984 925; baseline 0.008 -14"><span class='ocrx_word' id='word_1_147' title='bbox 191 886 281 920; x_wconf 81' lang='grc' dir='ltr'>μένων</span> <span class='ocrx_word' id='word_1_148' title='bbox 299 886 457 912; x_wconf 79' lang='grc' dir='ltr'>ἐπισκόπων</span> <span class='ocrx_word' id='word_1_149' title='bbox 476 887 505 913; x_wconf 78' lang='grc' dir='ltr'>ἐν</span> <span class='ocrx_word' id='word_1_150' title='bbox 521 887 588 922; x_wconf 79' lang='grc' dir='ltr'>αὐτῇ</span> <span class='ocrx_word' id='word_1_151' title='bbox 604 888 654 924; x_wconf 84' lang='grc' dir='ltr'>τὴν</span> <span class='ocrx_word' id='word_1_152' title='bbox 676 889 861 925; x_wconf 81' lang='grc' dir='ltr'>ὑποκειμένην</span> <span class='ocrx_word' id='word_1_153' title='bbox 875 891 984 917; x_wconf 74' lang='grc' dir='ltr'>ἔκθεσιν</span> 
     </span>
    </p>
   </div>
   <div class='ocr_carea' id='block_1_21' title="bbox 191 931 981 971">
    <p class='ocr_par' dir='ltr' id='par_1_21' title="bbox 191 931 981 971">
     <span class='ocr_line' id='line_1_21' title="bbox 191 931 981 971; baseline 0.009 -15"><span class='ocrx_word' id='word_1_154' title='bbox 191 931 342 965; x_wconf 80' lang='grc' dir='ltr'>γεγονέναι,</span> <span class='ocrx_word' id='word_1_155' title='bbox 359 931 417 958; x_wconf 81' lang='grc' dir='ltr'>ἀλλ’</span> <span class='ocrx_word' id='word_1_156' title='bbox 439 932 469 965; x_wconf 76' lang='grc' dir='ltr'><strong>ἐξ</strong></span> <span class='ocrx_word' id='word_1_157' title='bbox 483 933 571 965; x_wconf 87' lang='grc' dir='ltr'>ὲνίων,</span> <span class='ocrx_word' id='word_1_158' title='bbox 592 931 633 965; x_wconf 76' lang='grc' dir='ltr'>οἷς</span> <span class='ocrx_word' id='word_1_159' title='bbox 653 935 700 960; x_wconf 77' lang='grc' dir='ltr'>καὶ</span> <span class='ocrx_word' id='word_1_160' title='bbox 717 936 809 970; x_wconf 77' lang='grc' dir='ltr'>μόνοις</span> <span class='ocrx_word' id='word_1_161' title='bbox 833 936 932 971; x_wconf 85' lang='grc' dir='ltr'>ἀρέσαι</span> <span class='ocrx_word' id='word_1_162' title='bbox 945 939 981 964; x_wconf 70' lang='grc' dir='ltr'><strong>τὰ</strong></span> 
     </span>
    </p>
   </div>
   <div class='ocr_carea' id='block_1_22' title="bbox 190 977 981 1016">
    <p class='ocr_par' dir='ltr' id='par_1_22' title="bbox 190 977 981 1016">
     <span class='ocr_line' id='line_1_22' title="bbox 190 977 981 1016; baseline 0.009 -14"><span class='ocrx_word' id='word_1_163' title='bbox 190 977 334 1012; x_wconf 80' lang='grc' dir='ltr'>εἰρημένα.</span> <span class='ocrx_word' id='word_1_164' title='bbox 359 978 437 1004; x_wconf 76' lang='grc' dir='ltr'>Μετὰ</span> <span class='ocrx_word' id='word_1_165' title='bbox 461 978 488 1005; x_wconf 83' lang='grc' dir='ltr'>δὲ</span> <span class='ocrx_word' id='word_1_166' title='bbox 517 978 596 1005; x_wconf 83' lang='grc' dir='ltr'>τοῦτο</span> <span class='ocrx_word' id='word_1_167' title='bbox 622 979 717 1016; x_wconf 82' lang='grc' dir='ltr'>ὥσπερ</span> <span class='ocrx_word' id='word_1_168' title='bbox 743 983 981 1016; x_wconf 80' lang='grc' dir='ltr'>συνεκτικωτάτην</span> 
     </span>
    </p>
   </div>
   <div class='ocr_carea' id='block_1_23' title="bbox 191 1024 980 1063">
    <p class='ocr_par' dir='ltr' id='par_1_23' title="bbox 191 1024 980 1063">
     <span class='ocr_line' id='line_1_23' title="bbox 191 1024 980 1063; baseline 0.008 -14"><span class='ocrx_word' id='word_1_169' title='bbox 191 1024 295 1060; x_wconf 87' lang='grc' dir='ltr'>πλάνην</span> <span class='ocrx_word' id='word_1_170' title='bbox 312 1024 458 1059; x_wconf 78' lang='grc' dir='ltr'>ὲξιωμένη,</span> <span class='ocrx_word' id='word_1_171' title='bbox 484 1024 556 1059; x_wconf 90' lang='grc' dir='ltr'>λέγω</span> <span class='ocrx_word' id='word_1_172' title='bbox 577 1025 609 1060; x_wconf 85' lang='grc' dir='ltr'>δὴ</span> <span class='ocrx_word' id='word_1_173' title='bbox 624 1026 672 1061; x_wconf 82' lang='grc' dir='ltr'>τὴν</span> <span class='ocrx_word' id='word_1_174' title='bbox 695 1026 746 1062; x_wconf 85' lang='grc' dir='ltr'>τῆς</span> <span class='ocrx_word' id='word_1_175' title='bbox 765 1027 812 1053; x_wconf 82' lang='grc' dir='ltr'>τοῦ</span> <span class='ocrx_word' id='word_1_176' title='bbox 833 1028 980 1063; x_wconf 78' lang='grc' dir='ltr'>Νεστορίου</span> 
     </span>
    </p>
   </div>
   <div class='ocr_carea' id='block_1_24' title="bbox 189 1069 982 1110">
    <p class='ocr_par' dir='ltr' id='par_1_24' title="bbox 189 1069 982 1110">
     <span class='ocr_line' id='line_1_24' title="bbox 189 1069 982 1110; baseline 0.008 -15"><span class='ocrx_word' id='word_1_177' title='bbox 189 1069 350 1101; x_wconf 87' lang='grc' dir='ltr'>δυσσεϐείας</span> <span class='ocrx_word' id='word_1_178' title='bbox 377 1069 524 1105; x_wconf 81' lang='grc' dir='ltr'>διαίρεσιν,</span> <span class='ocrx_word' id='word_1_179' title='bbox 551 1071 770 1108; x_wconf 82' lang='grc' dir='ltr'>ἐπεισαγομένην</span> <span class='ocrx_word' id='word_1_180' title='bbox 795 1075 827 1108; x_wconf 84' lang='grc' dir='ltr'><strong>τῇ</strong></span> <span class='ocrx_word' id='word_1_181' title='bbox 854 1075 982 1110; x_wconf 77' lang='grc' dir='ltr'>ἀχραντῳ</span> 
     </span>
    </p>
   </div>
   <div class='ocr_carea' id='block_1_25' title="bbox 192 1115 982 1155">
    <p class='ocr_par' dir='ltr' id='par_1_25' title="bbox 192 1115 982 1155">
     <span class='ocr_line' id='line_1_25' title="bbox 192 1115 982 1155; baseline 0.009 -15"><span class='ocrx_word' id='word_1_182' title='bbox 192 1115 345 1150; x_wconf 77' lang='grc' dir='ltr'>οἰκονομίᾳ,</span> <span class='ocrx_word' id='word_1_183' title='bbox 375 1116 421 1142; x_wconf 84' lang='grc' dir='ltr'><strong>Διὸ</strong></span> <span class='ocrx_word' id='word_1_184' title='bbox 440 1116 532 1150; x_wconf 80' lang='grc' dir='ltr'>λέγει,</span> <span class='ocrx_word' id='word_1_185' title='bbox 550 1117 598 1143; x_wconf 73' lang='grc' dir='ltr'>ἕνα</span> <span class='ocrx_word' id='word_1_186' title='bbox 620 1118 668 1144; x_wconf 78' lang='grc' dir='ltr'>καὶ</span> <span class='ocrx_word' id='word_1_187' title='bbox 682 1119 727 1145; x_wconf 71' lang='grc' dir='ltr'>τὸν</span> <span class='ocrx_word' id='word_1_188' title='bbox 743 1119 824 1146; x_wconf 79' lang='grc' dir='ltr'>αὐτὸν</span> <span class='ocrx_word' id='word_1_189' title='bbox 840 1120 982 1155; x_wconf 76' lang='grc' dir='ltr'>ὁμολογεῖν</span> 
     </span>
    </p>
   </div>
   <div class='ocr_carea' id='block_1_26' title="bbox 191 1161 981 1202">
    <p class='ocr_par' dir='ltr' id='par_1_26' title="bbox 191 1161 981 1202">
     <span class='ocr_line' id='line_1_26' title="bbox 191 1161 981 1202; baseline 0.008 -15"><span class='ocrx_word' id='word_1_190' title='bbox 191 1161 254 1188; x_wconf 81' lang='grc' dir='ltr'>Υίὸν</span> <span class='ocrx_word' id='word_1_191' title='bbox 266 1162 312 1188; x_wconf 75' lang='grc' dir='ltr'><strong>τὸν</strong></span> <span class='ocrx_word' id='word_1_192' title='bbox 326 1161 428 1197; x_wconf 82' lang='grc' dir='ltr'>Κύριον</span> <span class='ocrx_word' id='word_1_193' title='bbox 442 1163 521 1197; x_wconf 83' lang='grc' dir='ltr'>ἡμῶν</span> <span class='ocrx_word' id='word_1_194' title='bbox 541 1163 644 1198; x_wconf 80' lang='grc' dir='ltr'>Ἰησοῦν</span> <span class='ocrx_word' id='word_1_195' title='bbox 661 1165 780 1200; x_wconf 76' lang='grc' dir='ltr'>Χριστόν</span> <span class='ocrx_word' id='word_1_196' title='bbox 790 1173 796 1180; x_wconf 89' lang='grc'>·</span> <span class='ocrx_word' id='word_1_197' title='bbox 812 1165 856 1192; x_wconf 71' lang='grc' dir='ltr'><strong>διὰ</strong></span> <span class='ocrx_word' id='word_1_198' title='bbox 872 1167 921 1202; x_wconf 85' lang='grc' dir='ltr'>τῆς</span> <span class='ocrx_word' id='word_1_199' title='bbox 934 1167 981 1193; x_wconf 77' lang='grc' dir='ltr'>τοῦ</span> 
     </span>
    </p>
   </div>
   <div class='ocr_carea' id='block_1_27' title="bbox 190 1207 982 1248">
    <p class='ocr_par' dir='ltr' id='par_1_27' title="bbox 190 1207 982 1248">
     <span class='ocr_line' id='line_1_27' title="bbox 190 1207 982 1248; baseline 0.006 -14"><span class='ocrx_word' id='word_1_200' title='bbox 190 1207 251 1238; x_wconf 78' lang='grc' dir='ltr'>ἑνὸς</span> <span class='ocrx_word' id='word_1_201' title='bbox 265 1209 312 1234; x_wconf 74' lang='grc' dir='ltr'>καὶ</span> <span class='ocrx_word' id='word_1_202' title='bbox 331 1207 378 1235; x_wconf 86' lang='grc' dir='ltr'>τοῦ</span> <span class='ocrx_word' id='word_1_203' title='bbox 396 1209 477 1235; x_wconf 82' lang='grc' dir='ltr'>αὑτοῦ</span> <span class='ocrx_word' id='word_1_204' title='bbox 493 1210 690 1246; x_wconf 78' lang='grc' dir='ltr'>προσηγορίας,</span> <span class='ocrx_word' id='word_1_205' title='bbox 706 1211 853 1247; x_wconf 64' lang='grc' dir='ltr'>πρόρριζον</span> <span class='ocrx_word' id='word_1_206' title='bbox 867 1212 916 1248; x_wconf 82' lang='grc' dir='ltr'>τὴν</span> <span class='ocrx_word' id='word_1_207' title='bbox 932 1214 982 1248; x_wconf 77' lang='grc' dir='ltr'>τῆς</span> 
     </span>
    </p>
   </div>
   <div class='ocr_carea' id='block_1_28' title="bbox 190 1255 983 1295">
    <p class='ocr_par' dir='ltr' id='par_1_28' title="bbox 190 1255 983 1295">
     <span class='ocr_line' id='line_1_28' title="bbox 190 1255 983 1295; baseline 0.006 -14"><span class='ocrx_word' id='word_1_208' title='bbox 190 1255 349 1290; x_wconf 80' lang='grc' dir='ltr'>διαιρέσεως</span> <span class='ocrx_word' id='word_1_209' title='bbox 365 1255 510 1290; x_wconf 78' lang='grc' dir='ltr'>ἐξαίρουσα</span> <span class='ocrx_word' id='word_1_210' title='bbox 529 1256 624 1288; x_wconf 80' lang='grc' dir='ltr'>δόξαν·</span> <span class='ocrx_word' id='word_1_211' title='bbox 641 1258 689 1284; x_wconf 76' lang='grc' dir='ltr'>καὶ</span> <span class='ocrx_word' id='word_1_212' title='bbox 707 1259 807 1292; x_wconf 79' lang='grc' dir='ltr'>μᾶλλον</span> <span class='ocrx_word' id='word_1_213' title='bbox 818 1259 860 1285; x_wconf 85' lang='grc' dir='ltr'><strong>διὰ</strong></span> <span class='ocrx_word' id='word_1_214' title='bbox 872 1260 921 1294; x_wconf 79' lang='grc' dir='ltr'>τῆς</span> <span class='ocrx_word' id='word_1_215' title='bbox 933 1260 983 1295; x_wconf 74' lang='grc' dir='ltr'><strong>ἆῤ-</strong></span> 
     </span>
    </p>
   </div>
   <div class='ocr_carea' id='block_1_29' title="bbox 190 1303 982 1340">
    <p class='ocr_par' dir='ltr' id='par_1_29' title="bbox 190 1303 982 1340">
     <span class='ocr_line' id='line_1_29' title="bbox 190 1303 982 1340; baseline 0.005 -12"><span class='ocrx_word' id='word_1_216' title='bbox 190 1303 301 1338; x_wconf 77' lang='grc' dir='ltr'>ῥενικῆς</span> <span class='ocrx_word' id='word_1_217' title='bbox 331 1304 483 1338; x_wconf 72' lang='grc' dir='ltr'>προφορᾶς.</span> <span class='ocrx_word' id='word_1_218' title='bbox 502 1303 579 1331; x_wconf 79' lang='grc' dir='ltr'><strong>’Ἕνα</strong></span> <span class='ocrx_word' id='word_1_219' title='bbox 607 1304 661 1339; x_wconf 75' lang='grc' dir='ltr'>γὰρ</span> <span class='ocrx_word' id='word_1_220' title='bbox 673 1303 761 1337; x_wconf 75' lang='grc' dir='ltr'>εἶπεν,</span> <span class='ocrx_word' id='word_1_221' title='bbox 785 1305 834 1340; x_wconf 75' lang='grc' dir='ltr'><strong>οὐχ</strong></span> <span class='ocrx_word' id='word_1_222' title='bbox 859 1305 907 1332; x_wconf 80' lang='grc' dir='ltr'><strong>ἓν·</strong></span> <span class='ocrx_word' id='word_1_223' title='bbox 936 1306 982 1332; x_wconf 75' lang='grc' dir='ltr'>καὶ</span> 
     </span>
    </p>
   </div>
   <div class='ocr_carea' id='block_1_30' title="bbox 188 1349 981 1386">
    <p class='ocr_par' dir='ltr' id='par_1_30' title="bbox 188 1349 981 1386">
     <span class='ocr_line' id='line_1_30' title="bbox 188 1349 981 1386; baseline 0.005 -11"><span class='ocrx_word' id='word_1_224' title='bbox 188 1349 277 1385; x_wconf 81' lang='grc' dir='ltr'>ταύτῃ</span> <span class='ocrx_word' id='word_1_225' title='bbox 302 1349 352 1384; x_wconf 83' lang='grc' dir='ltr'>τὴν</span> <span class='ocrx_word' id='word_1_226' title='bbox 375 1350 438 1385; x_wconf 83' lang='grc' dir='ltr'>ὃλην</span> <span class='ocrx_word' id='word_1_227' title='bbox 456 1350 579 1377; x_wconf 76' lang='grc' dir='ltr'>σύνθεσιν</span> <span class='ocrx_word' id='word_1_228' title='bbox 607 1352 833 1386; x_wconf 81' lang='grc' dir='ltr'>ἀποσημαίνουσα</span> <span class='ocrx_word' id='word_1_229' title='bbox 847 1360 861 1384; x_wconf 46' lang='grc' dir='ltr'>,κ</span> <span class='ocrx_word' id='word_1_230' title='bbox 878 1353 925 1379; x_wconf 72' lang='grc' dir='ltr'><strong>καὶ</strong></span> <span class='ocrx_word' id='word_1_231' title='bbox 951 1353 981 1379; x_wconf 85' lang='grc' dir='ltr'>οὐ</span> 
     </span>
    </p>
   </div>
   <div class='ocr_carea' id='block_1_31' title="bbox 189 1395 983 1434">
    <p class='ocr_par' dir='ltr' id='par_1_31' title="bbox 189 1395 983 1434">
     <span class='ocr_line' id='line_1_31' title="bbox 189 1395 983 1434; baseline 0.004 -11"><span class='ocrx_word' id='word_1_232' title='bbox 189 1396 260 1424; x_wconf 85' lang='grc' dir='ltr'>κατὰ</span> <span class='ocrx_word' id='word_1_233' title='bbox 273 1397 355 1431; x_wconf 81' lang='grc' dir='ltr'>μέρος</span> <span class='ocrx_word' id='word_1_234' title='bbox 365 1397 460 1431; x_wconf 71' lang='grc' dir='ltr'>αὐτῆς,</span> <span class='ocrx_word' id='word_1_235' title='bbox 472 1397 540 1431; x_wconf 77' lang='grc' dir='ltr'>ὅπερ</span> <span class='ocrx_word' id='word_1_236' title='bbox 554 1398 628 1426; x_wconf 76' lang='grc' dir='ltr'>εἰκὸς</span> <span class='ocrx_word' id='word_1_237' title='bbox 641 1395 675 1433; x_wconf 82' lang='grc' dir='ltr'>ἦν</span> <span class='ocrx_word' id='word_1_238' title='bbox 688 1398 736 1433; x_wconf 78' lang='grc' dir='ltr'>τὴν</span> <span class='ocrx_word' id='word_1_239' title='bbox 750 1399 833 1434; x_wconf 80' lang='grc' dir='ltr'>ἄλλην</span> <span class='ocrx_word' id='word_1_240' title='bbox 847 1399 983 1426; x_wconf 79' lang='grc' dir='ltr'>ἐνδείκνυ-</span> 
     </span>
    </p>
   </div>
   <div class='ocr_carea' id='block_1_32' title="bbox 190 1444 983 1480">
    <p class='ocr_par' dir='ltr' id='par_1_32' title="bbox 190 1444 983 1480">
     <span class='ocr_line' id='line_1_32' title="bbox 190 1444 983 1480; baseline 0.003 -10"><span class='ocrx_word' id='word_1_241' title='bbox 190 1444 252 1470; x_wconf 89' lang='grc' dir='ltr'>σθαι</span> <span class='ocrx_word' id='word_1_242' title='bbox 269 1444 422 1480; x_wconf 76' lang='grc' dir='ltr'>προφορὰν,</span> <span class='ocrx_word' id='word_1_243' title='bbox 439 1445 491 1471; x_wconf 83' lang='grc' dir='ltr'>κάν</span> <span class='ocrx_word' id='word_1_244' title='bbox 507 1444 595 1479; x_wconf 86' lang='grc' dir='ltr'>τούτῳ</span> <span class='ocrx_word' id='word_1_245' title='bbox 612 1445 768 1480; x_wconf 80' lang='grc' dir='ltr'>μιμουμένη</span> <span class='ocrx_word' id='word_1_246' title='bbox 790 1446 835 1472; x_wconf 72' lang='grc' dir='ltr'><strong>τὸν</strong></span> <span class='ocrx_word' id='word_1_247' title='bbox 850 1446 880 1472; x_wconf 82' lang='grc' dir='ltr'>ὲν</span> <span class='ocrx_word' id='word_1_248' title='bbox 895 1445 983 1479; x_wconf 83' lang='grc' dir='ltr'>ἁγίοις</span> 
     </span>
    </p>
   </div>
   <div class='ocr_carea' id='block_1_33' title="bbox 189 1490 982 1526">
    <p class='ocr_par' dir='ltr' id='par_1_33' title="bbox 189 1490 982 1526">
     <span class='ocr_line' id='line_1_33' title="bbox 189 1490 982 1526; baseline 0.003 -10"><span class='ocrx_word' id='word_1_249' title='bbox 189 1490 355 1526; x_wconf 86' lang='grc' dir='ltr'>Γρηγόριον·</span> <span class='ocrx_word' id='word_1_250' title='bbox 367 1491 412 1517; x_wconf 79' lang='grc' dir='ltr'><strong>διὰ</strong></span> <span class='ocrx_word' id='word_1_251' title='bbox 428 1490 478 1525; x_wconf 86' lang='grc' dir='ltr'>μὲν</span> <span class='ocrx_word' id='word_1_252' title='bbox 490 1490 548 1522; x_wconf 82' lang='grc' dir='ltr'>τοῦ,</span> <span class='ocrx_word' id='word_1_253' title='bbox 569 1491 667 1524; x_wconf 78' lang='grc' dir='ltr'>ἄλλος</span> <span class='ocrx_word' id='word_1_254' title='bbox 688 1491 737 1518; x_wconf 81' lang='grc' dir='ltr'>καὶ</span> <span class='ocrx_word' id='word_1_255' title='bbox 752 1491 858 1524; x_wconf 79' lang='grc' dir='ltr'>ἄλλος,</span> <span class='ocrx_word' id='word_1_256' title='bbox 877 1493 907 1518; x_wconf 84' lang='grc' dir='ltr'>τὸ</span> <span class='ocrx_word' id='word_1_257' title='bbox 921 1492 982 1518; x_wconf 84' lang='grc' dir='ltr'>ὅλον</span> 
     </span>
    </p>
   </div>
   <div class='ocr_carea' id='block_1_34' title="bbox 191 1536 980 1574">
    <p class='ocr_par' dir='ltr' id='par_1_34' title="bbox 191 1536 980 1574">
     <span class='ocr_line' id='line_1_34' title="bbox 191 1536 980 1574; baseline 0.004 -12"><span class='ocrx_word' id='word_1_258' title='bbox 191 1536 370 1571; x_wconf 82' lang='grc' dir='ltr'>σημαίνουσα,</span> <span class='ocrx_word' id='word_1_259' title='bbox 387 1536 430 1563; x_wconf 87' lang='grc' dir='ltr'><strong>διὰ</strong></span> <span class='ocrx_word' id='word_1_260' title='bbox 456 1536 484 1563; x_wconf 84' lang='grc' dir='ltr'>δὲ</span> <span class='ocrx_word' id='word_1_261' title='bbox 505 1537 563 1568; x_wconf 84' lang='grc' dir='ltr'>τοῦ,</span> <span class='ocrx_word' id='word_1_262' title='bbox 576 1537 653 1564; x_wconf 79' lang='grc' dir='ltr'>ἄλλο</span> <span class='ocrx_word' id='word_1_263' title='bbox 672 1536 721 1563; x_wconf 78' lang='grc' dir='ltr'>καὶ</span> <span class='ocrx_word' id='word_1_264' title='bbox 744 1537 832 1568; x_wconf 74' lang='grc' dir='ltr'>ἄλλο,</span> <span class='ocrx_word' id='word_1_265' title='bbox 849 1538 883 1564; x_wconf 83' lang='grc' dir='ltr'><strong>τὰ</strong></span> <span class='ocrx_word' id='word_1_266' title='bbox 899 1537 980 1574; x_wconf 80' lang='grc' dir='ltr'>μέρη.</span> 
     </span>
    </p>
   </div>
   <div class='ocr_carea' id='block_1_35' title="bbox 1075 569 1833 605">
    <p class='ocr_par' dir='ltr' id='par_1_35' title="bbox 1075 569 1833 605">
     <span class='ocr_line' id='line_1_35' title="bbox 1075 569 1833 605; baseline -0.001 -8"><span class='ocrx_word' id='word_1_267' title='bbox 1075 571 1103 597; x_wconf 84' lang='grc'><strong>5.</strong></span> <span class='ocrx_word' id='word_1_268' title='bbox 1115 569 1267 597; x_wconf 79' lang='lat' dir='ltr'><strong>Possumus</strong></span> <span class='ocrx_word' id='word_1_269' title='bbox 1288 570 1369 598; x_wconf 89' lang='lat' dir='ltr'><strong>etiam</strong></span> <span class='ocrx_word' id='word_1_270' title='bbox 1400 578 1433 598; x_wconf 84' lang='lat' dir='ltr'><strong>cx</strong></span> <span class='ocrx_word' id='word_1_271' title='bbox 1450 571 1544 598; x_wconf 87' lang='lat' dir='ltr'><strong>eadem</strong></span> <span class='ocrx_word' id='word_1_272' title='bbox 1571 570 1675 605; x_wconf 80' lang='lat' dir='ltr'><strong>synodo</strong></span> <span class='ocrx_word' id='word_1_273' title='bbox 1693 571 1833 605; x_wconf 68' lang='lat' dir='ltr'><strong>colligcrt&#39;.</strong></span> 
     </span>
    </p>
   </div>
   <div class='ocr_carea' id='block_1_36' title="bbox 1039 617 1834 651">
    <p class='ocr_par' dir='ltr' id='par_1_36' title="bbox 1039 617 1834 651">
     <span class='ocr_line' id='line_1_36' title="bbox 1039 617 1834 651; baseline 0 -9"><span class='ocrx_word' id='word_1_274' title='bbox 1039 617 1103 651; x_wconf 84' lang='lat' dir='ltr'><strong>quid</strong></span> <span class='ocrx_word' id='word_1_275' title='bbox 1118 617 1174 651; x_wconf 85' lang='lat' dir='ltr'><strong>ipsa</strong></span> <span class='ocrx_word' id='word_1_276' title='bbox 1193 617 1225 643; x_wconf 87' lang='lat' dir='ltr'><strong>de</strong></span> <span class='ocrx_word' id='word_1_277' title='bbox 1237 617 1347 644; x_wconf 86' lang='lat' dir='ltr'><strong>Christo</strong></span> <span class='ocrx_word' id='word_1_278' title='bbox 1363 617 1533 651; x_wconf 81' lang='lat' dir='ltr'><strong>proﬁteatur.</strong></span> <span class='ocrx_word' id='word_1_279' title='bbox 1559 617 1668 643; x_wconf 76' lang='lat' dir='ltr'><strong>l’alrum</strong></span> <span class='ocrx_word' id='word_1_280' title='bbox 1685 618 1754 644; x_wconf 71' lang='lat' dir='ltr'><strong>alii»:</strong></span> <span class='ocrx_word' id='word_1_281' title='bbox 1766 618 1834 643; x_wconf 81' lang='lat' dir='ltr'><strong>msi-</strong></span> 
     </span>
    </p>
   </div>
   <div class='ocr_carea' id='block_1_37' title="bbox 1037 663 1831 698">
    <p class='ocr_par' dir='ltr' id='par_1_37' title="bbox 1037 663 1831 698">
     <span class='ocr_line' id='line_1_37' title="bbox 1037 663 1831 698; baseline 0.003 -10"><span class='ocrx_word' id='word_1_282' title='bbox 1037 667 1108 688; x_wconf 73' lang='lat' dir='ltr'><strong>steus</strong></span> <span class='ocrx_word' id='word_1_283' title='bbox 1133 663 1258 697; x_wconf 78' lang='lat' dir='ltr'><strong>vestigiis,</strong></span> <span class='ocrx_word' id='word_1_284' title='bbox 1296 667 1325 689; x_wconf 89' lang='lat' dir='ltr'><strong>ut</strong></span> <span class='ocrx_word' id='word_1_285' title='bbox 1340 663 1398 698; x_wconf 88' lang='lat' dir='ltr'><strong>ipsa</strong></span> <span class='ocrx_word' id='word_1_286' title='bbox 1418 663 1450 690; x_wconf 89' lang='lat' dir='ltr'><strong>ad</strong></span> <span class='ocrx_word' id='word_1_287' title='bbox 1468 663 1580 690; x_wconf 83' lang='lat' dir='ltr'><strong>verbum</strong></span> <span class='ocrx_word' id='word_1_288' title='bbox 1598 664 1690 696; x_wconf 79' lang='lat' dir='ltr'><strong>refert,</strong></span> <span class='ocrx_word' id='word_1_289' title='bbox 1705 673 1787 690; x_wconf 85' lang='lat' dir='ltr'><strong>unum</strong></span> <span class='ocrx_word' id='word_1_290' title='bbox 1807 670 1831 690; x_wconf 76' lang='lat' dir='ltr'><strong>et</strong></span> 
     </span>
    </p>
   </div>
   <div class='ocr_carea' id='block_1_38' title="bbox 1037 708 1831 737">
    <p class='ocr_par' dir='ltr' id='par_1_38' title="bbox 1037 708 1831 737">
     <span class='ocr_line' id='line_1_38' title="bbox 1037 708 1831 737; baseline 0.001 -2"><span class='ocrx_word' id='word_1_291' title='bbox 1037 709 1155 735; x_wconf 81' lang='lat' dir='ltr'><strong>etnudem</strong></span> <span class='ocrx_word' id='word_1_292' title='bbox 1169 708 1311 735; x_wconf 81' lang='lat' dir='ltr'><strong>Dominum</strong></span> <span class='ocrx_word' id='word_1_293' title='bbox 1324 714 1442 736; x_wconf 81' lang='lat' dir='ltr'><strong>uostrmu</strong></span> <span class='ocrx_word' id='word_1_294' title='bbox 1460 709 1552 736; x_wconf 76' lang='lat' dir='ltr'><strong>Iesum</strong></span> <span class='ocrx_word' id='word_1_295' title='bbox 1568 710 1705 737; x_wconf 77' lang='lat' dir='ltr'><strong>Christum</strong></span> <span class='ocrx_word' id='word_1_296' title='bbox 1721 719 1831 736; x_wconf 76' lang='lat' dir='ltr'><strong>raucor-</strong></span> 
     </span>
    </p>
   </div>
   <div class='ocr_carea' id='block_1_39' title="bbox 1037 755 1833 791">
    <p class='ocr_par' dir='ltr' id='par_1_39' title="bbox 1037 755 1833 791">
     <span class='ocr_line' id='line_1_39' title="bbox 1037 755 1833 791; baseline 0.003 -10"><span class='ocrx_word' id='word_1_297' title='bbox 1037 755 1106 782; x_wconf 79' lang='lat' dir='ltr'><strong>diter</strong></span> <span class='ocrx_word' id='word_1_298' title='bbox 1116 755 1245 789; x_wconf 81' lang='lat' dir='ltr'><strong>conﬁteri,</strong></span> <span class='ocrx_word' id='word_1_299' title='bbox 1263 763 1312 783; x_wconf 87' lang='lat' dir='ltr'><strong>nos</strong></span> <span class='ocrx_word' id='word_1_300' title='bbox 1325 756 1421 783; x_wconf 66' lang='grc' dir='ltr'>ειίοοιιι</span> <span class='ocrx_word' id='word_1_301' title='bbox 1435 766 1441 783; x_wconf 88' lang='lat'>:</span> <span class='ocrx_word' id='word_1_302' title='bbox 1467 764 1514 791; x_wconf 88' lang='lat' dir='ltr'><strong>per</strong></span> <span class='ocrx_word' id='word_1_303' title='bbox 1530 757 1642 783; x_wconf 74' lang='lat' dir='ltr'><strong>vernum</strong></span> <span class='ocrx_word' id='word_1_304' title='bbox 1665 758 1833 783; x_wconf 54' lang='lat' dir='ltr'><strong>concorditer</strong></span> 
     </span>
    </p>
   </div>
   <div class='ocr_carea' id='block_1_40' title="bbox 1037 801 1829 837">
    <p class='ocr_par' dir='ltr' id='par_1_40' title="bbox 1037 801 1829 837">
     <span class='ocr_line' id='line_1_40' title="bbox 1037 801 1829 837; baseline 0.003 -9"><span class='ocrx_word' id='word_1_305' title='bbox 1037 801 1221 835; x_wconf 79' lang='lat' dir='ltr'><strong>suspicionem</strong></span> <span class='ocrx_word' id='word_1_306' title='bbox 1238 801 1311 828; x_wconf 85' lang='lat' dir='ltr'><strong>illam</strong></span> <span class='ocrx_word' id='word_1_307' title='bbox 1340 802 1449 835; x_wconf 77' lang='lat' dir='ltr'><strong>tollens,</strong></span> <span class='ocrx_word' id='word_1_308' title='bbox 1476 810 1530 837; x_wconf 85' lang='lat' dir='ltr'><strong>qua</strong></span> <span class='ocrx_word' id='word_1_309' title='bbox 1548 803 1757 830; x_wconf 76' lang='lat' dir='ltr'><strong>existimabatur</strong></span> <span class='ocrx_word' id='word_1_310' title='bbox 1776 811 1829 830; x_wconf 88' lang='lat' dir='ltr'><strong>non</strong></span> 
     </span>
    </p>
   </div>
   <div class='ocr_carea' id='block_1_41' title="bbox 1036 847 1829 884">
    <p class='ocr_par' dir='ltr' id='par_1_41' title="bbox 1036 847 1829 884">
     <span class='ocr_line' id='line_1_41' title="bbox 1036 847 1829 884; baseline 0.004 -11"><span class='ocrx_word' id='word_1_311' title='bbox 1036 847 1071 874; x_wconf 88' lang='lat' dir='ltr'><strong>ab</strong></span> <span class='ocrx_word' id='word_1_312' title='bbox 1097 848 1225 874; x_wconf 87' lang='lat' dir='ltr'><strong>omnibus</strong></span> <span class='ocrx_word' id='word_1_313' title='bbox 1252 848 1387 882; x_wconf 79' lang='lat' dir='ltr'><strong>episcopis</strong></span> <span class='ocrx_word' id='word_1_314' title='bbox 1417 849 1511 876; x_wconf 85' lang='lat' dir='ltr'><strong>eodem</strong></span> <span class='ocrx_word' id='word_1_315' title='bbox 1537 850 1640 876; x_wconf 77' lang='lat' dir='ltr'><strong>cunctis</strong></span> <span class='ocrx_word' id='word_1_316' title='bbox 1655 850 1829 884; x_wconf 69' lang='lat' dir='ltr'><strong>prmpositum</strong></span> 
     </span>
    </p>
   </div>
   <div class='ocr_carea' id='block_1_42' title="bbox 1038 891 1830 930">
    <p class='ocr_par' dir='ltr' id='par_1_42' title="bbox 1038 891 1830 930">
     <span class='ocr_line' id='line_1_42' title="bbox 1038 891 1830 930; baseline 0.006 -13"><span class='ocrx_word' id='word_1_317' title='bbox 1038 891 1098 919; x_wconf 79' lang='lat' dir='ltr'><strong>ﬁdei</strong></span> <span class='ocrx_word' id='word_1_318' title='bbox 1125 893 1324 927; x_wconf 81' lang='lat' dir='ltr'><strong>expositionem</strong></span> <span class='ocrx_word' id='word_1_319' title='bbox 1355 894 1548 928; x_wconf 82' lang='lat' dir='ltr'><strong>compositam,</strong></span> <span class='ocrx_word' id='word_1_320' title='bbox 1579 895 1626 922; x_wconf 85' lang='lat' dir='ltr'><strong>sed</strong></span> <span class='ocrx_word' id='word_1_321' title='bbox 1642 895 1675 921; x_wconf 77' lang='lat' dir='ltr'><strong>ali</strong></span> <span class='ocrx_word' id='word_1_322' title='bbox 1691 895 1830 930; x_wconf 72' lang='lat' dir='ltr'><strong>aliquibus</strong></span> 
     </span>
    </p>
   </div>
   <div class='ocr_carea' id='block_1_43' title="bbox 1037 940 1828 975">
    <p class='ocr_par' dir='ltr' id='par_1_43' title="bbox 1037 940 1828 975">
     <span class='ocr_line' id='line_1_43' title="bbox 1037 940 1828 975; baseline 0.003 -9"><span class='ocrx_word' id='word_1_323' title='bbox 1037 940 1237 971; x_wconf 84' lang='lat' dir='ltr'><strong>tantummodo,</strong></span> <span class='ocrx_word' id='word_1_324' title='bbox 1271 940 1370 974; x_wconf 81' lang='lat' dir='ltr'><strong>quibus</strong></span> <span class='ocrx_word' id='word_1_325' title='bbox 1400 948 1429 967; x_wconf 85' lang='lat' dir='ltr'><strong>ca</strong></span> <span class='ocrx_word' id='word_1_326' title='bbox 1462 941 1533 968; x_wconf 89' lang='lat' dir='ltr'><strong>dicta</strong></span> <span class='ocrx_word' id='word_1_327' title='bbox 1562 941 1588 967; x_wconf 88' lang='lat' dir='ltr'><strong>in</strong></span> <span class='ocrx_word' id='word_1_328' title='bbox 1604 941 1710 975; x_wconf 72' lang='lat' dir='ltr'><strong>integro</strong></span> <span class='ocrx_word' id='word_1_329' title='bbox 1743 942 1828 968; x_wconf 71' lang='lat' dir='ltr'><strong>fuere.</strong></span> 
     </span>
    </p>
   </div>
   <div class='ocr_carea' id='block_1_44' title="bbox 1036 985 1829 1021">
    <p class='ocr_par' dir='ltr' id='par_1_44' title="bbox 1036 985 1829 1021">
     <span class='ocr_line' id='line_1_44' title="bbox 1036 985 1829 1021; baseline 0.001 -9"><span class='ocrx_word' id='word_1_330' title='bbox 1036 985 1213 1012; x_wconf 89' lang='lat' dir='ltr'><strong>Postmodum</strong></span> <span class='ocrx_word' id='word_1_331' title='bbox 1228 986 1308 1013; x_wconf 82' lang='lat' dir='ltr'><strong>veluti</strong></span> <span class='ocrx_word' id='word_1_332' title='bbox 1328 987 1470 1021; x_wconf 68' lang='lat' dir='ltr'><strong>primario,</strong></span> <span class='ocrx_word' id='word_1_333' title='bbox 1494 992 1520 1014; x_wconf 87' lang='lat' dir='ltr'><strong>ct</strong></span> <span class='ocrx_word' id='word_1_334' title='bbox 1549 987 1668 1021; x_wconf 86' lang='lat' dir='ltr'><strong>reliquos</strong></span> <span class='ocrx_word' id='word_1_335' title='bbox 1681 987 1829 1014; x_wconf 81' lang='lat' dir='ltr'><strong>continenti</strong></span> 
     </span>
    </p>
   </div>
   <div class='ocr_carea' id='block_1_45' title="bbox 1035 1032 1830 1066">
    <p class='ocr_par' dir='ltr' id='par_1_45' title="bbox 1035 1032 1830 1066">
     <span class='ocr_line' id='line_1_45' title="bbox 1035 1032 1830 1066; baseline 0 -8"><span class='ocrx_word' id='word_1_336' title='bbox 1035 1033 1134 1063; x_wconf 73' lang='lat' dir='ltr'><strong>crrOIi,</strong></span> <span class='ocrx_word' id='word_1_337' title='bbox 1148 1032 1220 1066; x_wconf 83' lang='lat' dir='ltr'><strong>impii</strong></span> <span class='ocrx_word' id='word_1_338' title='bbox 1231 1032 1364 1059; x_wconf 73' lang='lat' dir='ltr'><strong>iluntnmt</strong></span> <span class='ocrx_word' id='word_1_339' title='bbox 1375 1032 1492 1059; x_wconf 65' lang='lat' dir='ltr'><strong>stlorii</strong></span> <span class='ocrx_word' id='word_1_340' title='bbox 1506 1033 1645 1066; x_wconf 82' lang='lat' dir='ltr'><strong>divisioni,</strong></span> <span class='ocrx_word' id='word_1_341' title='bbox 1655 1033 1681 1060; x_wconf 91' lang='lat' dir='ltr'><strong>in</strong></span> <span class='ocrx_word' id='word_1_342' title='bbox 1696 1034 1830 1060; x_wconf 84' lang='lat' dir='ltr'><strong>immacu-</strong></span> 
     </span>
    </p>
   </div>
   <div class='ocr_carea' id='block_1_46' title="bbox 1036 1077 1828 1108">
    <p class='ocr_par' dir='ltr' id='par_1_46' title="bbox 1036 1077 1828 1108">
     <span class='ocr_line' id='line_1_46' title="bbox 1036 1077 1828 1108; baseline 0.003 -5"><span class='ocrx_word' id='word_1_343' title='bbox 1036 1077 1117 1103; x_wconf 81' lang='lat' dir='ltr'><strong>latam</strong></span> <span class='ocrx_word' id='word_1_344' title='bbox 1135 1078 1314 1104; x_wconf 70' lang='lat' dir='ltr'><strong>meonouiiam</strong></span> <span class='ocrx_word' id='word_1_345' title='bbox 1330 1078 1436 1105; x_wconf 85' lang='lat' dir='ltr'><strong>intruso</strong></span> <span class='ocrx_word' id='word_1_346' title='bbox 1449 1079 1582 1105; x_wconf 72' lang='lat' dir='ltr'><strong>medicina</strong></span> <span class='ocrx_word' id='word_1_347' title='bbox 1597 1079 1756 1108; x_wconf 80' lang='lat' dir='ltr'><strong>admovcns.</strong></span> <span class='ocrx_word' id='word_1_348' title='bbox 1770 1079 1805 1105; x_wconf 83' lang='lat' dir='ltr'><strong>ait</strong></span> <span class='ocrx_word' id='word_1_349' title='bbox 1821 1088 1828 1105; x_wconf 96' lang='lat'><strong>:</strong></span> 
     </span>
    </p>
   </div>
   <div class='ocr_carea' id='block_1_47' title="bbox 1039 1122 1829 1157">
    <p class='ocr_par' dir='ltr' id='par_1_47' title="bbox 1039 1122 1829 1157">
     <span class='ocr_line' id='line_1_47' title="bbox 1039 1122 1829 1157; baseline 0.001 -8"><span class='ocrx_word' id='word_1_350' title='bbox 1039 1122 1125 1149; x_wconf 73' lang='lat' dir='ltr'><strong>L&#39;uum</strong></span> <span class='ocrx_word' id='word_1_351' title='bbox 1139 1128 1161 1149; x_wconf 82' lang='lat' dir='ltr'><strong>et</strong></span> <span class='ocrx_word' id='word_1_352' title='bbox 1172 1123 1289 1150; x_wconf 84' lang='lat' dir='ltr'><strong>eumdem</strong></span> <span class='ocrx_word' id='word_1_353' title='bbox 1301 1123 1422 1157; x_wconf 79' lang='lat' dir='ltr'><strong>conﬁteri</strong></span> <span class='ocrx_word' id='word_1_354' title='bbox 1441 1123 1540 1150; x_wconf 70' lang='lat' dir='ltr'><strong>Filium</strong></span> <span class='ocrx_word' id='word_1_355' title='bbox 1556 1123 1696 1150; x_wconf 80' lang='lat' dir='ltr'><strong>Dominum</strong></span> <span class='ocrx_word' id='word_1_356' title='bbox 1709 1129 1829 1150; x_wconf 78' lang='lat' dir='ltr'><strong>nostrum</strong></span> 
     </span>
    </p>
   </div>
   <div class='ocr_carea' id='block_1_48' title="bbox 1035 1168 1829 1205">
    <p class='ocr_par' dir='ltr' id='par_1_48' title="bbox 1035 1168 1829 1205">
     <span class='ocr_line' id='line_1_48' title="bbox 1035 1168 1829 1205; baseline 0.005 -11"><span class='ocrx_word' id='word_1_357' title='bbox 1035 1168 1127 1195; x_wconf 82' lang='lat' dir='ltr'><strong>Jesum</strong></span> <span class='ocrx_word' id='word_1_358' title='bbox 1157 1168 1311 1198; x_wconf 74' lang='lat' dir='ltr'><strong>Christum.</strong></span> <span class='ocrx_word' id='word_1_359' title='bbox 1329 1170 1407 1196; x_wconf 80' lang='lat' dir='ltr'><strong>unius</strong></span> <span class='ocrx_word' id='word_1_360' title='bbox 1430 1169 1598 1205; x_wconf 77' lang='lat' dir='ltr'><strong>ejusdemque</strong></span> <span class='ocrx_word' id='word_1_361' title='bbox 1621 1171 1829 1205; x_wconf 81' lang='lat' dir='ltr'><strong>compellatione</strong></span> 
     </span>
    </p>
   </div>
   <div class='ocr_carea' id='block_1_49' title="bbox 1037 1213 1830 1250">
    <p class='ocr_par' dir='ltr' id='par_1_49' title="bbox 1037 1213 1830 1250">
     <span class='ocr_line' id='line_1_49' title="bbox 1037 1213 1830 1250; baseline 0.003 -10"><span class='ocrx_word' id='word_1_362' title='bbox 1037 1213 1161 1241; x_wconf 77' lang='lat' dir='ltr'><strong>funditus</strong></span> <span class='ocrx_word' id='word_1_363' title='bbox 1177 1214 1321 1241; x_wconf 73' lang='lat' dir='ltr'><strong>divisionis</strong></span> <span class='ocrx_word' id='word_1_364' title='bbox 1334 1215 1490 1249; x_wconf 88' lang='lat' dir='ltr'><strong>opinionem</strong></span> <span class='ocrx_word' id='word_1_365' title='bbox 1508 1221 1645 1247; x_wconf 74' lang='lat' dir='ltr'><strong>evertens,</strong></span> <span class='ocrx_word' id='word_1_366' title='bbox 1672 1224 1699 1243; x_wconf 87' lang='lat' dir='ltr'><strong>et</strong></span> <span class='ocrx_word' id='word_1_367' title='bbox 1719 1217 1830 1250; x_wconf 83' lang='lat' dir='ltr'><strong>potissi-</strong></span> 
     </span>
    </p>
   </div>
   <div class='ocr_carea' id='block_1_50' title="bbox 1038 1260 1828 1295">
    <p class='ocr_par' dir='ltr' id='par_1_50' title="bbox 1038 1260 1828 1295">
     <span class='ocr_line' id='line_1_50' title="bbox 1038 1260 1828 1295; baseline 0.001 -8"><span class='ocrx_word' id='word_1_368' title='bbox 1038 1268 1110 1287; x_wconf 89' lang='lat' dir='ltr'><strong>mum</strong></span> <span class='ocrx_word' id='word_1_369' title='bbox 1132 1260 1282 1287; x_wconf 86' lang='lat' dir='ltr'><strong>masculine</strong></span> <span class='ocrx_word' id='word_1_370' title='bbox 1309 1262 1490 1295; x_wconf 86' lang='lat' dir='ltr'><strong>pronuntians</strong></span> <span class='ocrx_word' id='word_1_371' title='bbox 1508 1270 1515 1288; x_wconf 85' lang='lat'><strong><em>:</em></strong></span> <span class='ocrx_word' id='word_1_372' title='bbox 1532 1270 1599 1288; x_wconf 77' lang='lat' dir='ltr'><strong>unus</strong></span> <span class='ocrx_word' id='word_1_373' title='bbox 1616 1262 1687 1288; x_wconf 83' lang='lat' dir='ltr'><strong>enim</strong></span> <span class='ocrx_word' id='word_1_374' title='bbox 1705 1262 1742 1289; x_wconf 88' lang='lat' dir='ltr'><strong>illi</strong></span> <span class='ocrx_word' id='word_1_375' title='bbox 1759 1263 1828 1290; x_wconf 86' lang='lat' dir='ltr'><strong>dici-</strong></span> 
     </span>
    </p>
   </div>
   <div class='ocr_carea' id='block_1_51' title="bbox 1037 1307 1828 1342">
    <p class='ocr_par' dir='ltr' id='par_1_51' title="bbox 1037 1307 1828 1342">
     <span class='ocr_line' id='line_1_51' title="bbox 1037 1307 1828 1342; baseline 0.001 -10"><span class='ocrx_word' id='word_1_376' title='bbox 1037 1310 1091 1338; x_wconf 89' lang='lat' dir='ltr'><strong>tur,</strong></span> <span class='ocrx_word' id='word_1_377' title='bbox 1106 1314 1159 1333; x_wconf 87' lang='lat' dir='ltr'><strong>non</strong></span> <span class='ocrx_word' id='word_1_378' title='bbox 1176 1315 1268 1337; x_wconf 79' lang='lat' dir='ltr'><strong>unum,</strong></span> <span class='ocrx_word' id='word_1_379' title='bbox 1287 1311 1370 1341; x_wconf 90' lang='lat' dir='ltr'><strong>atque</strong></span> <span class='ocrx_word' id='word_1_380' title='bbox 1386 1307 1541 1334; x_wconf 73' lang='lat' dir='ltr'><strong>univcrsam</strong></span> <span class='ocrx_word' id='word_1_381' title='bbox 1553 1307 1828 1342; x_wconf 74' lang='lat' dir='ltr'><strong>cotnpositiom-tn,rt</strong></span> 
     </span>
    </p>
   </div>
   <div class='ocr_carea' id='block_1_52' title="bbox 1036 1353 1829 1387">
    <p class='ocr_par' dir='ltr' id='par_1_52' title="bbox 1036 1353 1829 1387">
     <span class='ocr_line' id='line_1_52' title="bbox 1036 1353 1829 1387; baseline 0.004 -10"><span class='ocrx_word' id='word_1_382' title='bbox 1036 1359 1090 1378; x_wconf 86' lang='lat' dir='ltr'><strong>non</strong></span> <span class='ocrx_word' id='word_1_383' title='bbox 1108 1356 1212 1386; x_wconf 79' lang='lat' dir='ltr'><strong>partem</strong></span> <span class='ocrx_word' id='word_1_384' title='bbox 1231 1353 1316 1387; x_wconf 83' lang='lat' dir='ltr'><strong>ipsius</strong></span> <span class='ocrx_word' id='word_1_385' title='bbox 1332 1353 1552 1387; x_wconf 75' lang='lat' dir='ltr'><strong>exprimit,quo.l</strong></span> <span class='ocrx_word' id='word_1_386' title='bbox 1567 1353 1699 1380; x_wconf 60' lang='lat' dir='ltr'><strong>insinuari</strong></span> <span class='ocrx_word' id='word_1_387' title='bbox 1717 1361 1829 1380; x_wconf 81' lang='lat' dir='ltr'><strong>necesse</strong></span> 
     </span>
    </p>
   </div>
   <div class='ocr_carea' id='block_1_53' title="bbox 1036 1398 1827 1434">
    <p class='ocr_par' dir='ltr' id='par_1_53' title="bbox 1036 1398 1827 1434">
     <span class='ocr_line' id='line_1_53' title="bbox 1036 1398 1827 1434; baseline 0.003 -10"><span class='ocrx_word' id='word_1_388' title='bbox 1036 1403 1106 1430; x_wconf 84' lang='lat' dir='ltr'><strong>eral,</strong></span> <span class='ocrx_word' id='word_1_389' title='bbox 1119 1398 1141 1425; x_wconf 82' lang='lat' dir='ltr'><strong>si</strong></span> <span class='ocrx_word' id='word_1_390' title='bbox 1159 1398 1236 1425; x_wconf 87' lang='lat' dir='ltr'><strong>aliter</strong></span> <span class='ocrx_word' id='word_1_391' title='bbox 1250 1399 1411 1431; x_wconf 81' lang='lat' dir='ltr'><strong>extulisset;</strong></span> <span class='ocrx_word' id='word_1_392' title='bbox 1429 1399 1455 1425; x_wconf 94' lang='lat' dir='ltr'><strong>in</strong></span> <span class='ocrx_word' id='word_1_393' title='bbox 1473 1399 1525 1426; x_wconf 83' lang='lat' dir='ltr'><strong>hoc</strong></span> <span class='ocrx_word' id='word_1_394' title='bbox 1536 1399 1747 1434; x_wconf 71' lang='lat' dir='ltr'><strong>quoqucldirum</strong></span> <span class='ocrx_word' id='word_1_395' title='bbox 1760 1399 1827 1426; x_wconf 85' lang='lat' dir='ltr'><strong>Grc-</strong></span> 
     </span>
    </p>
   </div>
   <div class='ocr_carea' id='block_1_54' title="bbox 1036 1444 1828 1480">
    <p class='ocr_par' dir='ltr' id='par_1_54' title="bbox 1036 1444 1828 1480">
     <span class='ocr_line' id='line_1_54' title="bbox 1036 1444 1828 1480; baseline 0.003 -11"><span class='ocrx_word' id='word_1_396' title='bbox 1036 1444 1142 1479; x_wconf 75' lang='lat' dir='ltr'><strong>gnrinm</strong></span> <span class='ocrx_word' id='word_1_397' title='bbox 1157 1448 1260 1475; x_wconf 84' lang='lat' dir='ltr'><strong>secuta,</strong></span> <span class='ocrx_word' id='word_1_398' title='bbox 1275 1452 1324 1478; x_wconf 89' lang='lat' dir='ltr'><strong>per</strong></span> <span class='ocrx_word' id='word_1_399' title='bbox 1339 1445 1415 1476; x_wconf 87' lang='lat' dir='ltr'><strong>illud,</strong></span> <span class='ocrx_word' id='word_1_400' title='bbox 1432 1444 1502 1472; x_wconf 74' lang='lat' dir='ltr'><strong>alius</strong></span> <span class='ocrx_word' id='word_1_401' title='bbox 1518 1450 1542 1472; x_wconf 81' lang='lat' dir='ltr'><strong>et</strong></span> <span class='ocrx_word' id='word_1_402' title='bbox 1557 1445 1639 1478; x_wconf 79' lang='lat' dir='ltr'><strong>alius,</strong></span> <span class='ocrx_word' id='word_1_403' title='bbox 1655 1449 1753 1476; x_wconf 84' lang='lat' dir='ltr'><strong>totum,</strong></span> <span class='ocrx_word' id='word_1_404' title='bbox 1780 1453 1828 1480; x_wconf 76' lang='lat' dir='ltr'><strong>per</strong></span> 
     </span>
    </p>
   </div>
   <div class='ocr_carea' id='block_1_55' title="bbox 1036 1488 1829 1524">
    <p class='ocr_par' dir='ltr' id='par_1_55' title="bbox 1036 1488 1829 1524">
     <span class='ocr_line' id='line_1_55' title="bbox 1036 1488 1829 1524; baseline 0 -8"><span class='ocrx_word' id='word_1_405' title='bbox 1036 1488 1114 1520; x_wconf 86' lang='lat' dir='ltr'><strong>illud,</strong></span> <span class='ocrx_word' id='word_1_406' title='bbox 1133 1489 1208 1515; x_wconf 79' lang='lat' dir='ltr'><strong>aliud</strong></span> <span class='ocrx_word' id='word_1_407' title='bbox 1219 1494 1243 1515; x_wconf 81' lang='lat' dir='ltr'><strong>et</strong></span> <span class='ocrx_word' id='word_1_408' title='bbox 1255 1489 1340 1519; x_wconf 82' lang='lat' dir='ltr'><strong>aliud.</strong></span> <span class='ocrx_word' id='word_1_409' title='bbox 1356 1494 1446 1524; x_wconf 84' lang='lat' dir='ltr'><strong>partes</strong></span> <span class='ocrx_word' id='word_1_410' title='bbox 1465 1490 1605 1517; x_wconf 73' lang='lat' dir='ltr'><strong>indicavit.</strong></span> <span class='ocrx_word' id='word_1_411' title='bbox 1625 1489 1722 1518; x_wconf 79' lang='lat' dir='ltr'><strong>Postea</strong></span> <span class='ocrx_word' id='word_1_412' title='bbox 1734 1489 1829 1517; x_wconf 63' lang='lat' dir='ltr'><strong>advel&quot;</strong></span> 
     </span>
    </p>
   </div>
   <div class='ocr_carea' id='block_1_56' title="bbox 1036 1535 1828 1571">
    <p class='ocr_par' dir='ltr' id='par_1_56' title="bbox 1036 1535 1828 1571">
     <span class='ocr_line' id='line_1_56' title="bbox 1036 1535 1828 1571; baseline 0.004 -10"><span class='ocrx_word' id='word_1_413' title='bbox 1036 1543 1073 1562; x_wconf 75' lang='lat' dir='ltr'><strong>sm</strong></span> <span class='ocrx_word' id='word_1_414' title='bbox 1094 1543 1182 1570; x_wconf 75' lang='lat' dir='ltr'><strong>prava:</strong></span> <span class='ocrx_word' id='word_1_415' title='bbox 1203 1535 1340 1569; x_wconf 85' lang='lat' dir='ltr'><strong>opinionis</strong></span> <span class='ocrx_word' id='word_1_416' title='bbox 1355 1536 1526 1570; x_wconf 87' lang='lat' dir='ltr'><strong>suspiciones</strong></span> <span class='ocrx_word' id='word_1_417' title='bbox 1556 1537 1625 1564; x_wconf 86' lang='lat' dir='ltr'><strong>tollit</strong></span> <span class='ocrx_word' id='word_1_418' title='bbox 1650 1537 1753 1569; x_wconf 83' lang='lat' dir='ltr'><strong>dicens,</strong></span> <span class='ocrx_word' id='word_1_419' title='bbox 1768 1544 1828 1571; x_wconf 81' lang='lat' dir='ltr'><strong>per—</strong></span> 
     </span>
    </p>
   </div>
   <div class='ocr_carea' id='block_1_57' title="bbox 189 1581 984 1624">
    <p class='ocr_par' dir='ltr' id='par_1_57' title="bbox 189 1582 982 1620">
     <span class='ocr_line' id='line_1_57' title="bbox 189 1582 982 1620; baseline 0.004 -11"><span class='ocrx_word' id='word_1_420' title='bbox 189 1583 266 1610; x_wconf 82' lang='grc' dir='ltr'>Μετὰ</span> <span class='ocrx_word' id='word_1_421' title='bbox 290 1582 377 1610; x_wconf 81' lang='grc' dir='ltr'>ταῦτα</span> <span class='ocrx_word' id='word_1_422' title='bbox 400 1583 429 1609; x_wconf 81' lang='grc' dir='ltr'>δὲ</span> <span class='ocrx_word' id='word_1_423' title='bbox 443 1583 493 1618; x_wconf 87' lang='grc' dir='ltr'><strong>τῆς</strong></span> <span class='ocrx_word' id='word_1_424' title='bbox 517 1583 549 1609; x_wconf 86' lang='grc' dir='ltr'>ὲκ</span> <span class='ocrx_word' id='word_1_425' title='bbox 568 1584 616 1610; x_wconf 83' lang='grc' dir='ltr'><strong>τοῦ</strong></span> <span class='ocrx_word' id='word_1_426' title='bbox 640 1583 761 1610; x_wconf 83' lang='grc' dir='ltr'>ἐναντίου</span> <span class='ocrx_word' id='word_1_427' title='bbox 776 1584 881 1620; x_wconf 82' lang='grc' dir='ltr'>φαύλης</span> <span class='ocrx_word' id='word_1_428' title='bbox 903 1584 982 1618; x_wconf 77' lang='grc' dir='ltr'>δόξης</span> 
     </span>
    </p>
   </div>
   <div class='ocr_carea' id='block_1_58' title="bbox 1036 1581 1828 1624">
    <p class='ocr_par' dir='ltr' id='par_1_58' title="bbox 1036 1581 1828 1617">
     <span class='ocr_line' id='line_1_58' title="bbox 1036 1581 1828 1617; baseline 0.003 -10"><span class='ocrx_word' id='word_1_429' title='bbox 1036 1581 1135 1615; x_wconf 76' lang='lat' dir='ltr'><strong>fetlum</strong></span> <span class='ocrx_word' id='word_1_430' title='bbox 1163 1581 1249 1616; x_wconf 84' lang='lat' dir='ltr'><strong>ipsum</strong></span> <span class='ocrx_word' id='word_1_431' title='bbox 1274 1582 1302 1608; x_wconf 81' lang='lat' dir='ltr'><strong>in</strong></span> <span class='ocrx_word' id='word_1_432' title='bbox 1320 1582 1427 1615; x_wconf 80' lang='lat' dir='ltr'><strong>deitate,</strong></span> <span class='ocrx_word' id='word_1_433' title='bbox 1447 1586 1471 1609; x_wconf 80' lang='lat' dir='ltr'><strong>et</strong></span> <span class='ocrx_word' id='word_1_434' title='bbox 1496 1582 1642 1617; x_wconf 77' lang='lat' dir='ltr'><strong>perfectum</strong></span> <span class='ocrx_word' id='word_1_435' title='bbox 1659 1583 1777 1610; x_wconf 81' lang='lat' dir='ltr'><strong>eumdem</strong></span> <span class='ocrx_word' id='word_1_436' title='bbox 1800 1583 1828 1609; x_wconf 78' lang='lat' dir='ltr'><strong>in</strong></span> 
     </span>
    </p>
   </div>
   <div class='ocr_carea' id='block_1_59' title="bbox 189 1629 982 1665">
    <p class='ocr_par' dir='ltr' id='par_1_59' title="bbox 189 1629 982 1665">
     <span class='ocr_line' id='line_1_59' title="bbox 189 1629 982 1665; baseline 0.003 -10"><span class='ocrx_word' id='word_1_437' title='bbox 189 1629 326 1660; x_wconf 75' lang='grc' dir='ltr'>ὑπονοίας,</span> <span class='ocrx_word' id='word_1_438' title='bbox 340 1629 417 1664; x_wconf 76' lang='grc' dir='ltr'>φησὶ,</span> <span class='ocrx_word' id='word_1_439' title='bbox 432 1630 551 1656; x_wconf 81' lang='grc' dir='ltr'>Τέλειον</span> <span class='ocrx_word' id='word_1_440' title='bbox 561 1629 615 1656; x_wconf 74' lang='grc' dir='ltr'>τὸν</span> <span class='ocrx_word' id='word_1_441' title='bbox 628 1629 723 1656; x_wconf 79' lang='grc' dir='ltr'>αὐτὸν</span> <span class='ocrx_word' id='word_1_442' title='bbox 742 1630 777 1656; x_wconf 82' lang='grc' dir='ltr'>ἐν</span> <span class='ocrx_word' id='word_1_443' title='bbox 792 1630 918 1665; x_wconf 80' lang='grc' dir='ltr'>θεότητι,</span> <span class='ocrx_word' id='word_1_444' title='bbox 932 1630 982 1658; x_wconf 80' lang='grc' dir='ltr'>καί</span> 
     </span>
    </p>
   </div>
   <div class='ocr_carea' id='block_1_60' title="bbox 189 1674 980 1711">
    <p class='ocr_par' dir='ltr' id='par_1_60' title="bbox 189 1674 980 1711">
     <span class='ocr_line' id='line_1_60' title="bbox 189 1674 980 1711; baseline 0.001 -9"><span class='ocrx_word' id='word_1_445' title='bbox 189 1675 306 1703; x_wconf 77' lang='grc' dir='ltr'>τέλειον</span> <span class='ocrx_word' id='word_1_446' title='bbox 322 1676 376 1702; x_wconf 64' lang='grc' dir='ltr'><strong>τεν</strong></span> <span class='ocrx_word' id='word_1_447' title='bbox 388 1676 482 1703; x_wconf 80' lang='grc' dir='ltr'>αὐτὸν</span> <span class='ocrx_word' id='word_1_448' title='bbox 496 1676 532 1703; x_wconf 79' lang='grc' dir='ltr'><strong>ἐν</strong></span> <span class='ocrx_word' id='word_1_449' title='bbox 545 1675 762 1710; x_wconf 79' lang='grc' dir='ltr'>ἀνθρωπότητι,</span> <span class='ocrx_word' id='word_1_450' title='bbox 777 1676 879 1711; x_wconf 74' lang='grc' dir='ltr'>ἓτερον,</span> <span class='ocrx_word' id='word_1_451' title='bbox 892 1674 980 1711; x_wconf 75' lang='grc' dir='ltr'>οἶμαι,</span> 
     </span>
    </p>
   </div>
   <div class='ocr_carea' id='block_1_61' title="bbox 189 1722 982 1759">
    <p class='ocr_par' dir='ltr' id='par_1_61' title="bbox 189 1722 982 1759">
     <span class='ocr_line' id='line_1_61' title="bbox 189 1722 982 1759; baseline 0 -10"><span class='ocrx_word' id='word_1_452' title='bbox 189 1723 307 1758; x_wconf 79' lang='grc' dir='ltr'>λέγουσα</span> <span class='ocrx_word' id='word_1_453' title='bbox 322 1722 408 1756; x_wconf 81' lang='grc' dir='ltr'>οὐδὲν,</span> <span class='ocrx_word' id='word_1_454' title='bbox 427 1724 451 1749; x_wconf 87' lang='grc' dir='ltr'>εἰ</span> <span class='ocrx_word' id='word_1_455' title='bbox 471 1723 508 1758; x_wconf 88' lang='grc' dir='ltr'>μή</span> <span class='ocrx_word' id='word_1_456' title='bbox 525 1731 551 1749; x_wconf 85' lang='grc' dir='ltr'><strong>τι</strong></span> <span class='ocrx_word' id='word_1_457' title='bbox 568 1723 667 1759; x_wconf 79' lang='grc' dir='ltr'>νομίσῃ</span> <span class='ocrx_word' id='word_1_458' title='bbox 682 1731 724 1754; x_wconf 80' lang='grc' dir='ltr'><strong>τις</strong></span> <span class='ocrx_word' id='word_1_459' title='bbox 737 1723 782 1749; x_wconf 79' lang='grc' dir='ltr'><strong>διὰ</strong></span> <span class='ocrx_word' id='word_1_460' title='bbox 795 1724 845 1758; x_wconf 81' lang='grc' dir='ltr'><strong>τῆς</strong></span> <span class='ocrx_word' id='word_1_461' title='bbox 861 1723 907 1750; x_wconf 79' lang='grc' dir='ltr'>τοῦ</span> <span class='ocrx_word' id='word_1_462' title='bbox 923 1723 982 1754; x_wconf 82' lang='grc' dir='ltr'>ἑνδς</span> 
     </span>
    </p>
   </div>
   <div class='ocr_carea' id='block_1_62' title="bbox 190 1769 982 1806">
    <p class='ocr_par' dir='ltr' id='par_1_62' title="bbox 190 1769 982 1806">
     <span class='ocr_line' id='line_1_62' title="bbox 190 1769 982 1806; baseline -0.001 -9"><span class='ocrx_word' id='word_1_463' title='bbox 190 1770 392 1806; x_wconf 80' lang='grc' dir='ltr'>προσηγορίας,</span> <span class='ocrx_word' id='word_1_464' title='bbox 419 1770 436 1805; x_wconf 81' lang='grc' dir='ltr'>ἢ</span> <span class='ocrx_word' id='word_1_465' title='bbox 466 1770 573 1805; x_wconf 79' lang='grc' dir='ltr'>γυμνὴν</span> <span class='ocrx_word' id='word_1_466' title='bbox 597 1769 772 1805; x_wconf 84' lang='grc' dir='ltr'>ἀνθρωπίνης</span> <span class='ocrx_word' id='word_1_467' title='bbox 798 1770 907 1805; x_wconf 79' lang='grc' dir='ltr'>φύσεως</span> <span class='ocrx_word' id='word_1_468' title='bbox 933 1770 982 1805; x_wconf 86' lang='grc' dir='ltr'>τὴν</span> 
     </span>
    </p>
   </div>
   <div class='ocr_carea' id='block_1_63' title="bbox 190 1816 981 1853">
    <p class='ocr_par' dir='ltr' id='par_1_63' title="bbox 190 1816 981 1853">
     <span class='ocr_line' id='line_1_63' title="bbox 190 1816 981 1853; baseline -0.001 -9"><span class='ocrx_word' id='word_1_469' title='bbox 190 1817 308 1853; x_wconf 80' lang='grc' dir='ltr'>θεότητα</span> <span class='ocrx_word' id='word_1_470' title='bbox 328 1816 472 1852; x_wconf 83' lang='grc' dir='ltr'>πληρῶσαι</span> <span class='ocrx_word' id='word_1_471' title='bbox 490 1816 539 1852; x_wconf 83' lang='grc' dir='ltr'>τὴν</span> <span class='ocrx_word' id='word_1_472' title='bbox 560 1816 760 1852; x_wconf 82' lang='grc' dir='ltr'>οίκονομίαν,ἢ</span> <span class='ocrx_word' id='word_1_473' title='bbox 784 1817 888 1852; x_wconf 81' lang='grc' dir='ltr'>τροπὴν</span> <span class='ocrx_word' id='word_1_474' title='bbox 912 1817 981 1844; x_wconf 68' lang='lat' dir='ltr'><strong>imo-</strong></span> 
     </span>
    </p>
   </div>
   <div class='ocr_carea' id='block_1_64' title="bbox 192 1862 983 1898">
    <p class='ocr_par' dir='ltr' id='par_1_64' title="bbox 192 1862 983 1898">
     <span class='ocr_line' id='line_1_64' title="bbox 192 1862 983 1898; baseline 0.001 -9"><span class='ocrx_word' id='word_1_475' title='bbox 192 1863 324 1898; x_wconf 84' lang='grc' dir='ltr'>μείνασαν</span> <span class='ocrx_word' id='word_1_476' title='bbox 345 1863 385 1894; x_wconf 81' lang='grc' dir='ltr'><strong>είς</strong></span> <span class='ocrx_word' id='word_1_477' title='bbox 399 1862 545 1895; x_wconf 73' lang='grc' dir='ltr'>ἀνθρώπου</span> <span class='ocrx_word' id='word_1_478' title='bbox 560 1862 651 1896; x_wconf 80' lang='grc' dir='ltr'>φύσιν,</span> <span class='ocrx_word' id='word_1_479' title='bbox 670 1862 738 1889; x_wconf 79' lang='grc' dir='ltr'>ἀλλὰ</span> <span class='ocrx_word' id='word_1_480' title='bbox 760 1862 863 1889; x_wconf 84' lang='grc' dir='ltr'>τέλειον</span> <span class='ocrx_word' id='word_1_481' title='bbox 875 1863 921 1890; x_wconf 84' lang='grc' dir='ltr'>τὸν</span> <span class='ocrx_word' id='word_1_482' title='bbox 934 1866 983 1890; x_wconf 83' lang='grc' dir='ltr'><strong>αὒ-</strong></span> 
     </span>
    </p>
   </div>
   <div class='ocr_carea' id='block_1_65' title="bbox 190 1908 982 1945">
    <p class='ocr_par' dir='ltr' id='par_1_65' title="bbox 190 1908 982 1945">
     <span class='ocr_line' id='line_1_65' title="bbox 190 1908 982 1945; baseline -0.001 -9"><span class='ocrx_word' id='word_1_483' title='bbox 190 1911 236 1937; x_wconf 75' lang='grc' dir='ltr'><strong>τὺν</strong></span> <span class='ocrx_word' id='word_1_484' title='bbox 259 1910 320 1936; x_wconf 80' lang='grc' dir='ltr'>κατ’</span> <span class='ocrx_word' id='word_1_485' title='bbox 334 1909 417 1944; x_wconf 78' lang='grc' dir='ltr'>ἄμφω</span> <span class='ocrx_word' id='word_1_486' title='bbox 441 1909 607 1944; x_wconf 77' lang='grc' dir='ltr'>ὑπάρχοντα,</span> <span class='ocrx_word' id='word_1_487' title='bbox 624 1909 675 1943; x_wconf 78' lang='grc' dir='ltr'>τήν</span> <span class='ocrx_word' id='word_1_488' title='bbox 697 1917 726 1934; x_wconf 85' lang='grc' dir='ltr'><strong>τε</strong></span> <span class='ocrx_word' id='word_1_489' title='bbox 747 1908 871 1945; x_wconf 58' lang='lat' dir='ltr'><strong>Oed-squ,</strong></span> <span class='ocrx_word' id='word_1_490' title='bbox 899 1909 982 1944; x_wconf 65' lang='grc' dir='ltr'>φημὶ.</span> 
     </span>
    </p>
   </div>
   <div class='ocr_carea' id='block_1_66' title="bbox 191 1954 984 1995">
    <p class='ocr_par' dir='ltr' id='par_1_66' title="bbox 191 1954 984 1995">
     <span class='ocr_line' id='line_1_66' title="bbox 191 1954 984 1995; baseline -0.004 -11"><span class='ocrx_word' id='word_1_491' title='bbox 191 1957 239 1984; x_wconf 81' lang='grc' dir='ltr'>καὶ</span> <span class='ocrx_word' id='word_1_492' title='bbox 254 1957 304 1992; x_wconf 83' lang='grc' dir='ltr'>τὴν</span> <span class='ocrx_word' id='word_1_493' title='bbox 324 1955 533 1995; x_wconf 73' lang='grc' dir='ltr'>ἀνθρωπότητα,</span> <span class='ocrx_word' id='word_1_494' title='bbox 558 1955 595 1986; x_wconf 85' lang='grc' dir='ltr'>ὡς</span> <span class='ocrx_word' id='word_1_495' title='bbox 608 1954 667 1982; x_wconf 84' lang='grc' dir='ltr'>ὅλον</span> <span class='ocrx_word' id='word_1_496' title='bbox 690 1955 719 1980; x_wconf 84' lang='grc' dir='ltr'>ὲν</span> <span class='ocrx_word' id='word_1_497' title='bbox 732 1955 788 1986; x_wconf 84' lang='grc' dir='ltr'>τοῖς</span> <span class='ocrx_word' id='word_1_498' title='bbox 809 1955 919 1986; x_wconf 84' lang='grc' dir='ltr'>οἰκείοις</span> <span class='ocrx_word' id='word_1_499' title='bbox 936 1955 984 1989; x_wconf 86' lang='grc' dir='ltr'>μέ-</span> 
     </span>
    </p>
   </div>
   <div class='ocr_carea' id='block_1_67' title="bbox 192 2000 984 2038">
    <p class='ocr_par' dir='ltr' id='par_1_67' title="bbox 192 2000 984 2038">
     <span class='ocr_line' id='line_1_67' title="bbox 192 2000 984 2038; baseline -0.003 -9"><span class='ocrx_word' id='word_1_500' title='bbox 192 2011 252 2038; x_wconf 87' lang='grc' dir='ltr'>ρεσι</span> <span class='ocrx_word' id='word_1_501' title='bbox 268 2002 469 2037; x_wconf 79' lang='grc' dir='ltr'>γνωριζόμενον</span> <span class='ocrx_word' id='word_1_502' title='bbox 486 2001 551 2027; x_wconf 77' lang='grc' dir='ltr'>Θεὸν</span> <span class='ocrx_word' id='word_1_503' title='bbox 562 2000 680 2036; x_wconf 84' lang='grc' dir='ltr'>ἀληθῶς,</span> <span class='ocrx_word' id='word_1_504' title='bbox 697 2001 743 2027; x_wconf 81' lang='grc' dir='ltr'>καὶ</span> <span class='ocrx_word' id='word_1_505' title='bbox 759 2000 901 2036; x_wconf 75' lang='grc' dir='ltr'>ἄνθρωπον</span> <span class='ocrx_word' id='word_1_506' title='bbox 917 2001 984 2036; x_wconf 77' lang='grc' dir='ltr'>ἀλη-</span> 
     </span>
    </p>
   </div>
   <div class='ocr_carea' id='block_1_68' title="bbox 191 2046 983 2082">
    <p class='ocr_par' dir='ltr' id='par_1_68' title="bbox 191 2046 983 2082">
     <span class='ocr_line' id='line_1_68' title="bbox 191 2046 983 2082; baseline -0.004 -7"><span class='ocrx_word' id='word_1_507' title='bbox 191 2049 257 2081; x_wconf 83' lang='grc' dir='ltr'>θῶς,</span> <span class='ocrx_word' id='word_1_508' title='bbox 274 2048 319 2074; x_wconf 74' lang='grc' dir='ltr'><strong>τὸν</strong></span> <span class='ocrx_word' id='word_1_509' title='bbox 331 2048 363 2074; x_wconf 83' lang='grc' dir='ltr'>ὲκ</span> <span class='ocrx_word' id='word_1_510' title='bbox 384 2047 474 2082; x_wconf 76' lang='grc' dir='ltr'>ψυχῆς</span> <span class='ocrx_word' id='word_1_511' title='bbox 499 2046 612 2081; x_wconf 79' lang='grc' dir='ltr'>λογικῆς</span> <span class='ocrx_word' id='word_1_512' title='bbox 635 2046 682 2073; x_wconf 76' lang='grc' dir='ltr'><strong>καὶ</strong></span> <span class='ocrx_word' id='word_1_513' title='bbox 705 2046 846 2081; x_wconf 81' lang='grc' dir='ltr'>σώματος·</span> <span class='ocrx_word' id='word_1_514' title='bbox 868 2046 915 2072; x_wconf 73' lang='grc' dir='ltr'>καὶ</span> <span class='ocrx_word' id='word_1_515' title='bbox 934 2046 983 2081; x_wconf 81' lang='grc' dir='ltr'><strong>οὐχ</strong></span> 
     </span>
    </p>
   </div>
   <div class='ocr_carea' id='block_1_69' title="bbox 191 2091 984 2128">
    <p class='ocr_par' dir='ltr' id='par_1_69' title="bbox 191 2091 984 2128">
     <span class='ocr_line' id='line_1_69' title="bbox 191 2091 984 2128; baseline -0.001 -9"><span class='ocrx_word' id='word_1_516' title='bbox 191 2093 286 2124; x_wconf 83' lang='grc' dir='ltr'>ἁπλῶς</span> <span class='ocrx_word' id='word_1_517' title='bbox 298 2092 329 2128; x_wconf 82' lang='grc' dir='ltr'>δὴ</span> <span class='ocrx_word' id='word_1_518' title='bbox 345 2093 422 2123; x_wconf 80' lang='grc' dir='ltr'>Θεὸν,</span> <span class='ocrx_word' id='word_1_519' title='bbox 436 2093 452 2128; x_wconf 83' lang='grc' dir='ltr'>ἦ</span> <span class='ocrx_word' id='word_1_520' title='bbox 465 2092 620 2126; x_wconf 76' lang='grc' dir='ltr'>ἄνθρωπον,</span> <span class='ocrx_word' id='word_1_521' title='bbox 637 2091 696 2118; x_wconf 70' lang='grc' dir='ltr'>ἀλλ’</span> <span class='ocrx_word' id='word_1_522' title='bbox 715 2091 857 2126; x_wconf 73' lang='grc' dir='ltr'>ὀμοούσιον</span> <span class='ocrx_word' id='word_1_523' title='bbox 871 2092 910 2126; x_wconf 80' lang='grc' dir='ltr'>τῷ</span> <span class='ocrx_word' id='word_1_524' title='bbox 928 2092 984 2118; x_wconf 82' lang='grc' dir='ltr'><strong>Πα-</strong></span> 
     </span>
    </p>
   </div>
   <div class='ocr_carea' id='block_1_70' title="bbox 190 2138 984 2174">
    <p class='ocr_par' dir='ltr' id='par_1_70' title="bbox 190 2138 984 2174">
     <span class='ocr_line' id='line_1_70' title="bbox 190 2138 984 2174; baseline -0.001 -9"><span class='ocrx_word' id='word_1_525' title='bbox 190 2138 238 2174; x_wconf 74' lang='grc' dir='ltr'>τρὶ</span> <span class='ocrx_word' id='word_1_526' title='bbox 254 2138 324 2165; x_wconf 73' lang='grc' dir='ltr'>κατὰ</span> <span class='ocrx_word' id='word_1_527' title='bbox 334 2138 384 2174; x_wconf 85' lang='grc' dir='ltr'>τὴν</span> <span class='ocrx_word' id='word_1_528' title='bbox 401 2138 526 2173; x_wconf 78' lang='grc' dir='ltr'>θεότητα,</span> <span class='ocrx_word' id='word_1_529' title='bbox 545 2138 592 2165; x_wconf 75' lang='grc' dir='ltr'><strong>καὶ</strong></span> <span class='ocrx_word' id='word_1_530' title='bbox 608 2139 675 2173; x_wconf 77' lang='grc' dir='ltr'>ἡμῖν</span> <span class='ocrx_word' id='word_1_531' title='bbox 696 2138 766 2164; x_wconf 81' lang='grc' dir='ltr'>κατὰ</span> <span class='ocrx_word' id='word_1_532' title='bbox 778 2139 827 2173; x_wconf 86' lang='grc' dir='ltr'><strong>τὴν</strong></span> <span class='ocrx_word' id='word_1_533' title='bbox 842 2138 984 2172; x_wconf 78' lang='grc' dir='ltr'>ἀνθρωπό-</span> 
     </span>
    </p>
   </div>
   <div class='ocr_carea' id='block_1_71' title="bbox 192 2183 984 2220">
    <p class='ocr_par' dir='ltr' id='par_1_71' title="bbox 192 2183 984 2220">
     <span class='ocr_line' id='line_1_71' title="bbox 192 2183 984 2220; baseline -0.004 -8"><span class='ocrx_word' id='word_1_534' title='bbox 192 2194 261 2220; x_wconf 83' lang='grc' dir='ltr'>τητα</span> <span class='ocrx_word' id='word_1_535' title='bbox 275 2185 321 2211; x_wconf 77' lang='grc' dir='ltr'>τὸν</span> <span class='ocrx_word' id='word_1_536' title='bbox 336 2184 428 2212; x_wconf 84' lang='grc' dir='ltr'>αὐτόν.</span> <span class='ocrx_word' id='word_1_537' title='bbox 444 2184 499 2210; x_wconf 79' lang='grc' dir='ltr'>Καὶ</span> <span class='ocrx_word' id='word_1_538' title='bbox 511 2185 567 2214; x_wconf 82' lang='grc' dir='ltr'>τοῖς</span> <span class='ocrx_word' id='word_1_539' title='bbox 581 2183 630 2218; x_wconf 86' lang='grc' dir='ltr'>μὲν</span> <span class='ocrx_word' id='word_1_540' title='bbox 643 2183 730 2219; x_wconf 80' lang='grc' dir='ltr'>ὀρθῶς</span> <span class='ocrx_word' id='word_1_541' title='bbox 746 2183 910 2219; x_wconf 80' lang='grc' dir='ltr'>προσέχουσι</span> <span class='ocrx_word' id='word_1_542' title='bbox 928 2185 984 2214; x_wconf 81' lang='grc' dir='ltr'>τοῖς</span> 
     </span>
    </p>
   </div>
   <div class='ocr_carea' id='block_1_72' title="bbox 193 2227 984 2266">
    <p class='ocr_par' dir='ltr' id='par_1_72' title="bbox 193 2227 984 2266">
     <span class='ocr_line' id='line_1_72' title="bbox 193 2227 984 2266; baseline -0.003 -8"><span class='ocrx_word' id='word_1_543' title='bbox 193 2231 359 2266; x_wconf 81' lang='grc' dir='ltr'>εἰρημένοις,</span> <span class='ocrx_word' id='word_1_544' title='bbox 374 2230 449 2257; x_wconf 62' lang='grc' dir='ltr'>οὐδὲν</span> <span class='ocrx_word' id='word_1_545' title='bbox 469 2230 508 2256; x_wconf 77' lang='grc' dir='ltr'>ἔτι</span> <span class='ocrx_word' id='word_1_546' title='bbox 525 2227 560 2266; x_wconf 82' lang='grc' dir='ltr'>ἦν</span> <span class='ocrx_word' id='word_1_547' title='bbox 580 2230 621 2261; x_wconf 82' lang='grc' dir='ltr'><strong>εἰς</strong></span> <span class='ocrx_word' id='word_1_548' title='bbox 640 2229 769 2264; x_wconf 76' lang='grc' dir='ltr'>ἐξήγησιν</span> <span class='ocrx_word' id='word_1_549' title='bbox 788 2229 984 2264; x_wconf 78' lang='grc' dir='ltr'>ὑπολελειμμέ-</span> 
     </span>
    </p>
   </div>
   <div class='ocr_carea' id='block_1_73' title="bbox 1034 1628 1827 1663">
    <p class='ocr_par' dir='ltr' id='par_1_73' title="bbox 1034 1628 1827 1663">
     <span class='ocr_line' id='line_1_73' title="bbox 1034 1628 1827 1663; baseline 0.001 -8"><span class='ocrx_word' id='word_1_550' title='bbox 1034 1629 1201 1656; x_wconf 78' lang='lat' dir='ltr'><strong>humanitate</strong></span> <span class='ocrx_word' id='word_1_551' title='bbox 1220 1638 1228 1655; x_wconf 90' lang='lat'><em>:</em></span> <span class='ocrx_word' id='word_1_552' title='bbox 1248 1628 1437 1655; x_wconf 79' lang='lat' dir='ltr'><strong>tantummodo</strong></span> <span class='ocrx_word' id='word_1_553' title='bbox 1457 1636 1595 1661; x_wconf 72' lang='lat' dir='ltr'><strong>asserens,</strong></span> <span class='ocrx_word' id='word_1_554' title='bbox 1611 1629 1664 1656; x_wconf 84' lang='lat' dir='ltr'><strong>nisi</strong></span> <span class='ocrx_word' id='word_1_555' title='bbox 1692 1629 1827 1663; x_wconf 86' lang='lat' dir='ltr'><strong>quispiam</strong></span> 
     </span>
    </p>
   </div>
   <div class='ocr_carea' id='block_1_74' title="bbox 1033 1673 1827 1709">
    <p class='ocr_par' dir='ltr' id='par_1_74' title="bbox 1033 1673 1827 1709">
     <span class='ocr_line' id='line_1_74' title="bbox 1033 1673 1827 1709; baseline 0 -8"><span class='ocrx_word' id='word_1_556' title='bbox 1033 1673 1233 1701; x_wconf 79' lang='lat' dir='ltr'><strong>existimaverit</strong></span> <span class='ocrx_word' id='word_1_557' title='bbox 1251 1681 1297 1708; x_wconf 84' lang='lat' dir='ltr'><strong>per</strong></span> <span class='ocrx_word' id='word_1_558' title='bbox 1313 1674 1393 1701; x_wconf 86' lang='lat' dir='ltr'><strong>unius</strong></span> <span class='ocrx_word' id='word_1_559' title='bbox 1407 1675 1627 1709; x_wconf 84' lang='lat' dir='ltr'><strong>appellationem,</strong></span> <span class='ocrx_word' id='word_1_560' title='bbox 1645 1679 1693 1701; x_wconf 89' lang='lat' dir='ltr'><strong>aut</strong></span> <span class='ocrx_word' id='word_1_561' title='bbox 1708 1674 1827 1701; x_wconf 84' lang='lat' dir='ltr'><strong>humana</strong></span> 
     </span>
    </p>
   </div>
   <div class='ocr_carea' id='block_1_75' title="bbox 1034 1719 1828 1752">
    <p class='ocr_par' dir='ltr' id='par_1_75' title="bbox 1034 1719 1828 1752">
     <span class='ocr_line' id='line_1_75' title="bbox 1034 1719 1828 1752; baseline 0.001 -6"><span class='ocrx_word' id='word_1_562' title='bbox 1034 1725 1131 1747; x_wconf 88' lang='lat' dir='ltr'><strong>natura</strong></span> <span class='ocrx_word' id='word_1_563' title='bbox 1157 1720 1321 1747; x_wconf 85' lang='lat' dir='ltr'><strong>denudatam</strong></span> <span class='ocrx_word' id='word_1_564' title='bbox 1353 1720 1500 1752; x_wconf 79' lang='lat' dir='ltr'><strong>deitatem.</strong></span> <span class='ocrx_word' id='word_1_565' title='bbox 1529 1719 1711 1748; x_wconf 75' lang='lat' dir='ltr'><strong>(econmniam</strong></span> <span class='ocrx_word' id='word_1_566' title='bbox 1739 1719 1828 1747; x_wconf 89' lang='lat' dir='ltr'><strong>adim-</strong></span> 
     </span>
    </p>
   </div>
   <div class='ocr_carea' id='block_1_76' title="bbox 1034 1766 1830 1801">
    <p class='ocr_par' dir='ltr' id='par_1_76' title="bbox 1034 1766 1830 1801">
     <span class='ocr_line' id='line_1_76' title="bbox 1034 1766 1830 1801; baseline -0.003 -8"><span class='ocrx_word' id='word_1_567' title='bbox 1034 1767 1132 1801; x_wconf 81' lang='lat' dir='ltr'><strong>plesse,</strong></span> <span class='ocrx_word' id='word_1_568' title='bbox 1149 1771 1196 1794; x_wconf 87' lang='lat' dir='ltr'><strong>aut</strong></span> <span class='ocrx_word' id='word_1_569' title='bbox 1212 1767 1390 1794; x_wconf 87' lang='lat' dir='ltr'><strong>mutationem</strong></span> <span class='ocrx_word' id='word_1_570' title='bbox 1413 1774 1521 1801; x_wconf 86' lang='lat' dir='ltr'><strong>passam</strong></span> <span class='ocrx_word' id='word_1_571' title='bbox 1541 1766 1567 1793; x_wconf 90' lang='lat' dir='ltr'><strong>in</strong></span> <span class='ocrx_word' id='word_1_572' title='bbox 1598 1766 1717 1792; x_wconf 85' lang='lat' dir='ltr'><strong>humana</strong></span> <span class='ocrx_word' id='word_1_573' title='bbox 1732 1769 1830 1793; x_wconf 85' lang='lat' dir='ltr'><strong>natura</strong></span> 
     </span>
    </p>
   </div>
   <div class='ocr_carea' id='block_1_77' title="bbox 1033 1812 1827 1848">
    <p class='ocr_par' dir='ltr' id='par_1_77' title="bbox 1033 1812 1827 1848">
     <span class='ocr_line' id='line_1_77' title="bbox 1033 1812 1827 1848; baseline 0 -8"><span class='ocrx_word' id='word_1_574' title='bbox 1033 1812 1184 1848; x_wconf 81' lang='lat' dir='ltr'><strong>perfectum</strong></span> <span class='ocrx_word' id='word_1_575' title='bbox 1200 1813 1327 1840; x_wconf 86' lang='lat' dir='ltr'><strong>eumdem</strong></span> <span class='ocrx_word' id='word_1_576' title='bbox 1344 1813 1497 1841; x_wconf 84' lang='lat' dir='ltr'><strong>secundum</strong></span> <span class='ocrx_word' id='word_1_577' title='bbox 1512 1817 1628 1848; x_wconf 86' lang='lat' dir='ltr'><strong>utraque</strong></span> <span class='ocrx_word' id='word_1_578' title='bbox 1640 1812 1827 1840; x_wconf 80' lang='lat' dir='ltr'><strong>exsistentem.</strong></span> 
     </span>
    </p>
   </div>
   <div class='ocr_carea' id='block_1_78' title="bbox 1033 1856 1829 1892">
    <p class='ocr_par' dir='ltr' id='par_1_78' title="bbox 1033 1856 1829 1892">
     <span class='ocr_line' id='line_1_78' title="bbox 1033 1856 1829 1892; baseline -0.001 -8"><span class='ocrx_word' id='word_1_579' title='bbox 1033 1858 1178 1890; x_wconf 82' lang='lat' dir='ltr'><strong>deitatem,</strong></span> <span class='ocrx_word' id='word_1_580' title='bbox 1196 1858 1320 1892; x_wconf 88' lang='lat' dir='ltr'><strong>inquam,</strong></span> <span class='ocrx_word' id='word_1_581' title='bbox 1343 1861 1370 1884; x_wconf 90' lang='lat' dir='ltr'><strong>et</strong></span> <span class='ocrx_word' id='word_1_582' title='bbox 1392 1857 1602 1888; x_wconf 83' lang='lat' dir='ltr'><strong>humanitatem,</strong></span> <span class='ocrx_word' id='word_1_583' title='bbox 1631 1861 1761 1891; x_wconf 83' lang='lat' dir='ltr'><strong>tanquam</strong></span> <span class='ocrx_word' id='word_1_584' title='bbox 1783 1856 1829 1889; x_wconf 85' lang='lat' dir='ltr'><strong>qui</strong></span> 
     </span>
    </p>
   </div>
   <div class='ocr_carea' id='block_1_79' title="bbox 1036 1902 1829 1938">
    <p class='ocr_par' dir='ltr' id='par_1_79' title="bbox 1036 1902 1829 1938">
     <span class='ocr_line' id='line_1_79' title="bbox 1036 1902 1829 1938; baseline -0.004 -7"><span class='ocrx_word' id='word_1_585' title='bbox 1036 1908 1109 1931; x_wconf 85' lang='lat' dir='ltr'><strong>totus</strong></span> <span class='ocrx_word' id='word_1_586' title='bbox 1125 1911 1157 1930; x_wconf 92' lang='lat' dir='ltr'><strong>ac</strong></span> <span class='ocrx_word' id='word_1_587' title='bbox 1180 1903 1318 1938; x_wconf 81' lang='lat' dir='ltr'><strong>perfectus</strong></span> <span class='ocrx_word' id='word_1_588' title='bbox 1335 1903 1361 1929; x_wconf 92' lang='lat' dir='ltr'><strong>in</strong></span> <span class='ocrx_word' id='word_1_589' title='bbox 1378 1903 1496 1938; x_wconf 90' lang='lat' dir='ltr'><strong>propriis</strong></span> <span class='ocrx_word' id='word_1_590' title='bbox 1517 1903 1643 1938; x_wconf 82' lang='lat' dir='ltr'><strong>partibus</strong></span> <span class='ocrx_word' id='word_1_591' title='bbox 1661 1902 1829 1937; x_wconf 71' lang='lat' dir='ltr'><strong>agnosceba-</strong></span> 
     </span>
    </p>
   </div>
   <div class='ocr_carea' id='block_1_80' title="bbox 1034 1948 1826 1982">
    <p class='ocr_par' dir='ltr' id='par_1_80' title="bbox 1034 1948 1826 1982">
     <span class='ocr_line' id='line_1_80' title="bbox 1034 1948 1826 1982; baseline -0.004 -5"><span class='ocrx_word' id='word_1_592' title='bbox 1034 1955 1091 1981; x_wconf 86' lang='lat' dir='ltr'><strong>tur,</strong></span> <span class='ocrx_word' id='word_1_593' title='bbox 1104 1957 1166 1977; x_wconf 82' lang='lat' dir='ltr'><strong>vcre</strong></span> <span class='ocrx_word' id='word_1_594' title='bbox 1183 1950 1277 1982; x_wconf 88' lang='lat' dir='ltr'><strong>Deum,</strong></span> <span class='ocrx_word' id='word_1_595' title='bbox 1291 1953 1318 1976; x_wconf 85' lang='lat' dir='ltr'><strong>et</strong></span> <span class='ocrx_word' id='word_1_596' title='bbox 1331 1957 1394 1976; x_wconf 80' lang='lat' dir='ltr'><strong>vere</strong></span> <span class='ocrx_word' id='word_1_597' title='bbox 1408 1957 1442 1976; x_wconf 81' lang='lat' dir='ltr'><strong>ex</strong></span> <span class='ocrx_word' id='word_1_598' title='bbox 1453 1949 1546 1976; x_wconf 90' lang='lat' dir='ltr'><strong>animo</strong></span> <span class='ocrx_word' id='word_1_599' title='bbox 1560 1948 1675 1976; x_wconf 84' lang='lat' dir='ltr'><strong>rationis</strong></span> <span class='ocrx_word' id='word_1_600' title='bbox 1687 1951 1826 1982; x_wconf 84' lang='lat' dir='ltr'><strong>compote,</strong></span> 
     </span>
    </p>
   </div>
   <div class='ocr_carea' id='block_1_81' title="bbox 1033 1993 1829 2030">
    <p class='ocr_par' dir='ltr' id='par_1_81' title="bbox 1033 1993 1829 2030">
     <span class='ocr_line' id='line_1_81' title="bbox 1033 1993 1829 2030; baseline -0.006 -6"><span class='ocrx_word' id='word_1_601' title='bbox 1033 2002 1060 2025; x_wconf 89' lang='lat' dir='ltr'><strong>ct</strong></span> <span class='ocrx_word' id='word_1_602' title='bbox 1076 2003 1190 2030; x_wconf 86' lang='lat' dir='ltr'><strong>corpore</strong></span> <span class='ocrx_word' id='word_1_603' title='bbox 1215 1995 1365 2027; x_wconf 85' lang='lat' dir='ltr'><strong>hominem,</strong></span> <span class='ocrx_word' id='word_1_604' title='bbox 1383 2003 1471 2030; x_wconf 85' lang='lat' dir='ltr'><strong>neque</strong></span> <span class='ocrx_word' id='word_1_605' title='bbox 1486 1994 1645 2029; x_wconf 80' lang='lat' dir='ltr'><strong>simpliciter</strong></span> <span class='ocrx_word' id='word_1_606' title='bbox 1669 1993 1763 2024; x_wconf 79' lang='lat' dir='ltr'><strong>Deum,</strong></span> <span class='ocrx_word' id='word_1_607' title='bbox 1780 1999 1829 2020; x_wconf 79' lang='lat' dir='ltr'><strong>aut</strong></span> 
     </span>
    </p>
   </div>
   <div class='ocr_carea' id='block_1_82' title="bbox 1035 2039 1830 2074">
    <p class='ocr_par' dir='ltr' id='par_1_82' title="bbox 1035 2039 1830 2074">
     <span class='ocr_line' id='line_1_82' title="bbox 1035 2039 1830 2074; baseline -0.005 -4"><span class='ocrx_word' id='word_1_608' title='bbox 1035 2043 1187 2074; x_wconf 82' lang='lat' dir='ltr'><strong>hominem,</strong></span> <span class='ocrx_word' id='word_1_609' title='bbox 1204 2042 1251 2070; x_wconf 85' lang='lat' dir='ltr'><strong>sed</strong></span> <span class='ocrx_word' id='word_1_610' title='bbox 1271 2041 1352 2069; x_wconf 91' lang='lat' dir='ltr'><strong>unius</strong></span> <span class='ocrx_word' id='word_1_611' title='bbox 1371 2048 1433 2068; x_wconf 88' lang='lat' dir='ltr'><strong>cum</strong></span> <span class='ocrx_word' id='word_1_612' title='bbox 1448 2041 1526 2068; x_wconf 83' lang='lat' dir='ltr'><strong>Patre</strong></span> <span class='ocrx_word' id='word_1_613' title='bbox 1541 2040 1665 2068; x_wconf 69' lang='lat' dir='ltr'><strong>essentia:</strong></span> <span class='ocrx_word' id='word_1_614' title='bbox 1677 2039 1830 2068; x_wconf 86' lang='lat' dir='ltr'><strong>secundum</strong></span> 
     </span>
    </p>
   </div>
   <div class='ocr_carea' id='block_1_83' title="bbox 1035 2086 1831 2122">
    <p class='ocr_par' dir='ltr' id='par_1_83' title="bbox 1035 2086 1831 2122">
     <span class='ocr_line' id='line_1_83' title="bbox 1035 2086 1831 2122; baseline -0.004 -6"><span class='ocrx_word' id='word_1_615' title='bbox 1035 2089 1183 2122; x_wconf 86' lang='lat' dir='ltr'><strong>deitatem,</strong></span> <span class='ocrx_word' id='word_1_616' title='bbox 1207 2092 1233 2116; x_wconf 85' lang='lat' dir='ltr'><strong>et</strong></span> <span class='ocrx_word' id='word_1_617' title='bbox 1253 2088 1332 2115; x_wconf 87' lang='lat' dir='ltr'><strong>nobis</strong></span> <span class='ocrx_word' id='word_1_618' title='bbox 1346 2088 1471 2115; x_wconf 87' lang='lat' dir='ltr'><strong>eumdem</strong></span> <span class='ocrx_word' id='word_1_619' title='bbox 1492 2087 1644 2115; x_wconf 88' lang='lat' dir='ltr'><strong>secundum</strong></span> <span class='ocrx_word' id='word_1_620' title='bbox 1674 2086 1831 2114; x_wconf 76' lang='lat' dir='ltr'><strong>immanita-</strong></span> 
     </span>
    </p>
   </div>
   <div class='ocr_carea' id='block_1_84' title="bbox 1036 2132 1828 2171">
    <p class='ocr_par' dir='ltr' id='par_1_84' title="bbox 1036 2132 1828 2171">
     <span class='ocr_line' id='line_1_84' title="bbox 1036 2132 1828 2171; baseline -0.005 -9"><span class='ocrx_word' id='word_1_621' title='bbox 1036 2140 1105 2169; x_wconf 63' lang='lat' dir='ltr'><strong>tem;</strong></span> <span class='ocrx_word' id='word_1_622' title='bbox 1124 2139 1153 2162; x_wconf 90' lang='lat' dir='ltr'><strong>ut</strong></span> <span class='ocrx_word' id='word_1_623' title='bbox 1168 2135 1214 2169; x_wconf 86' lang='lat' dir='ltr'><strong>qui</strong></span> <span class='ocrx_word' id='word_1_624' title='bbox 1240 2139 1314 2162; x_wconf 86' lang='lat' dir='ltr'><strong>recta</strong></span> <span class='ocrx_word' id='word_1_625' title='bbox 1333 2139 1425 2161; x_wconf 90' lang='lat' dir='ltr'><strong>mente</strong></span> <span class='ocrx_word' id='word_1_626' title='bbox 1455 2133 1535 2161; x_wconf 87' lang='lat' dir='ltr'><strong>dictis</strong></span> <span class='ocrx_word' id='word_1_627' title='bbox 1547 2133 1669 2171; x_wconf 84' lang='lat' dir='ltr'><strong>animum</strong></span> <span class='ocrx_word' id='word_1_628' title='bbox 1700 2132 1828 2167; x_wconf 84' lang='lat' dir='ltr'><strong>applicat,</strong></span> 
     </span>
    </p>
   </div>
   <div class='ocr_carea' id='block_1_85' title="bbox 1037 2179 1832 2217">
    <p class='ocr_par' dir='ltr' id='par_1_85' title="bbox 1037 2179 1832 2217">
     <span class='ocr_line' id='line_1_85' title="bbox 1037 2179 1832 2217; baseline -0.004 -8"><span class='ocrx_word' id='word_1_629' title='bbox 1037 2182 1106 2210; x_wconf 88' lang='lat' dir='ltr'><strong>nihil</strong></span> <span class='ocrx_word' id='word_1_630' title='bbox 1122 2187 1253 2217; x_wconf 66' lang='lat' dir='ltr'><strong>praeterea</strong></span> <span class='ocrx_word' id='word_1_631' title='bbox 1268 2182 1301 2209; x_wconf 86' lang='lat' dir='ltr'><strong>ad</strong></span> <span class='ocrx_word' id='word_1_632' title='bbox 1312 2181 1458 2216; x_wconf 80' lang='lat' dir='ltr'><strong>perfectam</strong></span> <span class='ocrx_word' id='word_1_633' title='bbox 1473 2180 1654 2208; x_wconf 61' lang='lat' dir='ltr'><strong>immaculata:</strong></span> <span class='ocrx_word' id='word_1_634' title='bbox 1669 2179 1832 2207; x_wconf 67' lang='lat' dir='ltr'><strong>oeconomia:</strong></span> 
     </span>
    </p>
   </div>
   <div class='ocr_carea' id='block_1_86' title="bbox 1037 2226 1831 2263">
    <p class='ocr_par' dir='ltr' id='par_1_86' title="bbox 1037 2226 1831 2263">
     <span class='ocr_line' id='line_1_86' title="bbox 1037 2226 1831 2263; baseline -0.003 -8"><span class='ocrx_word' id='word_1_635' title='bbox 1037 2228 1236 2263; x_wconf 73' lang='lat' dir='ltr'><strong>expositionem</strong></span> <span class='ocrx_word' id='word_1_636' title='bbox 1251 2235 1266 2254; x_wconf 94' lang='lat' dir='ltr'><strong>a</strong></span> <span class='ocrx_word' id='word_1_637' title='bbox 1280 2227 1385 2263; x_wconf 84' lang='lat' dir='ltr'><strong>synodo</strong></span> <span class='ocrx_word' id='word_1_638' title='bbox 1397 2227 1544 2255; x_wconf 86' lang='lat' dir='ltr'><strong>desideret.</strong></span> <span class='ocrx_word' id='word_1_639' title='bbox 1563 2226 1629 2259; x_wconf 65' lang='lat' dir='ltr'><strong>Quae</strong></span> <span class='ocrx_word' id='word_1_640' title='bbox 1641 2227 1712 2254; x_wconf 86' lang='lat' dir='ltr'><strong>ultra</strong></span> <span class='ocrx_word' id='word_1_641' title='bbox 1727 2233 1831 2261; x_wconf 70' lang='lat' dir='ltr'><strong>prazco-</strong></span> 
     </span>
    </p>
   </div>
   <div class='ocr_carea' id='block_1_87' title="bbox 193 2271 984 2314">
    <p class='ocr_par' dir='ltr' id='par_1_87' title="bbox 193 2276 984 2314">
     <span class='ocr_line' id='line_1_87' title="bbox 193 2276 984 2314; baseline -0.004 -9"><span class='ocrx_word' id='word_1_642' title='bbox 193 2288 238 2306; x_wconf 82' lang='lat' dir='ltr'><strong>vov</strong></span> <span class='ocrx_word' id='word_1_643' title='bbox 255 2280 303 2314; x_wconf 77' lang='grc' dir='ltr'>τῆς</span> <span class='ocrx_word' id='word_1_644' title='bbox 318 2277 452 2313; x_wconf 78' lang='grc' dir='ltr'>ἀχρὰντου</span> <span class='ocrx_word' id='word_1_645' title='bbox 471 2277 626 2312; x_wconf 80' lang='grc' dir='ltr'>οἰκονομίας</span> <span class='ocrx_word' id='word_1_646' title='bbox 640 2278 672 2312; x_wconf 87' lang='grc' dir='ltr'>τῇ</span> <span class='ocrx_word' id='word_1_647' title='bbox 687 2276 798 2311; x_wconf 77' lang='grc' dir='ltr'>συνόδῳ,</span> <span class='ocrx_word' id='word_1_648' title='bbox 818 2276 879 2311; x_wconf 73' lang='grc' dir='ltr'>ἥτις</span> <span class='ocrx_word' id='word_1_649' title='bbox 898 2277 945 2303; x_wconf 77' lang='grc' dir='ltr'>καὶ</span> <span class='ocrx_word' id='word_1_650' title='bbox 957 2277 984 2302; x_wconf 67' lang='grc' dir='ltr'>τὲ</span> 
     </span>
    </p>
   </div>
   <div class='ocr_carea' id='block_1_88' title="bbox 1036 2271 1832 2314">
    <p class='ocr_par' dir='ltr' id='par_1_88' title="bbox 1039 2273 1832 2309">
     <span class='ocr_line' id='line_1_88' title="bbox 1039 2273 1832 2309; baseline -0.003 -8"><span class='ocrx_word' id='word_1_651' title='bbox 1039 2281 1173 2309; x_wconf 79' lang='lat' dir='ltr'><strong>gnoscens</strong></span> <span class='ocrx_word' id='word_1_652' title='bbox 1205 2273 1353 2300; x_wconf 86' lang='lat' dir='ltr'><strong>nonnullos</strong></span> <span class='ocrx_word' id='word_1_653' title='bbox 1381 2281 1432 2300; x_wconf 85' lang='lat' dir='ltr'><strong>nec</strong></span> <span class='ocrx_word' id='word_1_654' title='bbox 1447 2273 1582 2308; x_wconf 87' lang='lat' dir='ltr'><strong>passioni,</strong></span> <span class='ocrx_word' id='word_1_655' title='bbox 1611 2281 1661 2301; x_wconf 85' lang='lat' dir='ltr'><strong>nec</strong></span> <span class='ocrx_word' id='word_1_656' title='bbox 1676 2273 1767 2305; x_wconf 86' lang='lat' dir='ltr'><strong>morti,</strong></span> <span class='ocrx_word' id='word_1_657' title='bbox 1780 2280 1832 2300; x_wconf 86' lang='lat' dir='ltr'><strong>nec</strong></span> 
     </span>
    </p>
   </div>
   <div class='ocr_carea' id='block_1_89' title="bbox 196 2323 988 2360">
    <p class='ocr_par' dir='ltr' id='par_1_89' title="bbox 196 2323 988 2360">
     <span class='ocr_line' id='line_1_89' title="bbox 196 2323 988 2360; baseline 0 -10"><span class='ocrx_word' id='word_1_658' title='bbox 196 2324 292 2360; x_wconf 81' lang='grc' dir='ltr'>μέλλον</span> <span class='ocrx_word' id='word_1_659' title='bbox 318 2323 534 2360; x_wconf 75' lang='grc' dir='ltr'>προῦπιὸομένη,</span> <span class='ocrx_word' id='word_1_660' title='bbox 550 2323 622 2356; x_wconf 83' lang='grc' dir='ltr'>λέγω</span> <span class='ocrx_word' id='word_1_661' title='bbox 641 2323 673 2358; x_wconf 82' lang='grc' dir='ltr'>δὴ</span> <span class='ocrx_word' id='word_1_662' title='bbox 694 2323 724 2349; x_wconf 85' lang='grc' dir='ltr'>τὸ</span> <span class='ocrx_word' id='word_1_663' title='bbox 737 2323 841 2354; x_wconf 80' lang='grc' dir='ltr'>ἀπαθὲς</span> <span class='ocrx_word' id='word_1_664' title='bbox 860 2323 907 2350; x_wconf 73' lang='grc' dir='ltr'><strong>καὶ</strong></span> <span class='ocrx_word' id='word_1_665' title='bbox 921 2323 988 2350; x_wconf 83' lang='grc' dir='ltr'><strong>ἀθά-</strong></span> 
     </span>
    </p>
   </div>
   <div class='ocr_carea' id='block_1_90' title="bbox 194 2367 988 2403">
    <p class='ocr_par' dir='ltr' id='par_1_90' title="bbox 194 2367 988 2403">
     <span class='ocr_line' id='line_1_90' title="bbox 194 2367 988 2403; baseline -0.005 -6"><span class='ocrx_word' id='word_1_666' title='bbox 194 2379 274 2397; x_wconf 76' lang='grc' dir='ltr'>νατον</span> <span class='ocrx_word' id='word_1_667' title='bbox 289 2369 376 2400; x_wconf 75' lang='grc' dir='ltr'>ἐνίους</span> <span class='ocrx_word' id='word_1_668' title='bbox 393 2369 439 2395; x_wconf 72' lang='grc' dir='ltr'><strong>καὶ</strong></span> <span class='ocrx_word' id='word_1_669' title='bbox 451 2369 589 2403; x_wconf 70' lang='grc' dir='ltr'>ἄφθαρτον</span> <span class='ocrx_word' id='word_1_670' title='bbox 604 2369 635 2394; x_wconf 83' lang='grc' dir='ltr'>ὲκ</span> <span class='ocrx_word' id='word_1_671' title='bbox 646 2368 757 2402; x_wconf 80' lang='grc' dir='ltr'>πρώτης</span> <span class='ocrx_word' id='word_1_672' title='bbox 774 2367 941 2401; x_wconf 77' lang='grc' dir='ltr'>συλλήψεως,</span> <span class='ocrx_word' id='word_1_673' title='bbox 958 2367 988 2393; x_wconf 79' lang='grc' dir='ltr'>τὸ</span> 
     </span>
    </p>
   </div>
   <div class='ocr_carea' id='block_1_91' title="bbox 195 2411 988 2448">
    <p class='ocr_par' dir='ltr' id='par_1_91' title="bbox 195 2411 988 2448">
     <span class='ocr_line' id='line_1_91' title="bbox 195 2411 988 2448; baseline -0.003 -9"><span class='ocrx_word' id='word_1_674' title='bbox 195 2413 268 2440; x_wconf 84' lang='grc' dir='ltr'>θεῖον</span> <span class='ocrx_word' id='word_1_675' title='bbox 287 2413 375 2439; x_wconf 74' lang='grc' dir='ltr'>ἐκεῖνο</span> <span class='ocrx_word' id='word_1_676' title='bbox 388 2413 438 2439; x_wconf 74' lang='grc' dir='ltr'>καὶ</span> <span class='ocrx_word' id='word_1_677' title='bbox 452 2411 586 2448; x_wconf 79' lang='grc' dir='ltr'>ἄχραντον</span> <span class='ocrx_word' id='word_1_678' title='bbox 605 2412 652 2438; x_wconf 84' lang='grc' dir='ltr'>τοῦ</span> <span class='ocrx_word' id='word_1_679' title='bbox 672 2411 775 2446; x_wconf 84' lang='grc' dir='ltr'>Κυρίου</span> <span class='ocrx_word' id='word_1_680' title='bbox 792 2411 870 2447; x_wconf 86' lang='grc' dir='ltr'>σῶμα</span> <span class='ocrx_word' id='word_1_681' title='bbox 885 2411 988 2446; x_wconf 78' lang='grc' dir='ltr'>τολμᾷν</span> 
     </span>
    </p>
   </div>
   <div class='ocr_carea' id='block_1_92' title="bbox 194 2455 988 2493">
    <p class='ocr_par' dir='ltr' id='par_1_92' title="bbox 194 2455 988 2493">
     <span class='ocr_line' id='line_1_92' title="bbox 194 2455 988 2493; baseline -0.004 -9"><span class='ocrx_word' id='word_1_682' title='bbox 194 2458 346 2493; x_wconf 80' lang='grc' dir='ltr'>ὁμολογεῖν,</span> <span class='ocrx_word' id='word_1_683' title='bbox 365 2457 412 2484; x_wconf 72' lang='grc' dir='ltr'>καὶ</span> <span class='ocrx_word' id='word_1_684' title='bbox 430 2457 517 2492; x_wconf 80' lang='grc' dir='ltr'>ταύτῃ</span> <span class='ocrx_word' id='word_1_685' title='bbox 539 2456 703 2490; x_wconf 77' lang='grc' dir='ltr'>ἀνατρέπειν</span> <span class='ocrx_word' id='word_1_686' title='bbox 727 2455 777 2490; x_wconf 85' lang='grc' dir='ltr'>τὴν</span> <span class='ocrx_word' id='word_1_687' title='bbox 800 2455 864 2490; x_wconf 80' lang='grc' dir='ltr'>ὅλην</span> <span class='ocrx_word' id='word_1_688' title='bbox 883 2455 988 2481; x_wconf 76' lang='grc' dir='ltr'>οἰκονο-</span> 
     </span>
    </p>
   </div>
   <div class='ocr_carea' id='block_1_93' title="bbox 196 2501 987 2539">
    <p class='ocr_par' dir='ltr' id='par_1_93' title="bbox 196 2501 987 2539">
     <span class='ocr_line' id='line_1_93' title="bbox 196 2501 987 2539; baseline -0.001 -10"><span class='ocrx_word' id='word_1_689' title='bbox 196 2504 272 2539; x_wconf 84' lang='grc' dir='ltr'>μίαν,</span> <span class='ocrx_word' id='word_1_690' title='bbox 284 2503 357 2536; x_wconf 86' lang='grc' dir='ltr'>λέγει</span> <span class='ocrx_word' id='word_1_691' title='bbox 368 2512 374 2518; x_wconf 88' lang='grc'>·</span> <span class='ocrx_word' id='word_1_692' title='bbox 393 2502 474 2531; x_wconf 80' lang='grc' dir='ltr'>Κατὰ</span> <span class='ocrx_word' id='word_1_693' title='bbox 487 2502 586 2530; x_wconf 80' lang='grc' dir='ltr'>πάντα</span> <span class='ocrx_word' id='word_1_694' title='bbox 596 2502 698 2536; x_wconf 79' lang='grc' dir='ltr'>ὅμοιον</span> <span class='ocrx_word' id='word_1_695' title='bbox 712 2501 784 2536; x_wconf 78' lang='grc' dir='ltr'>ἡμῖν</span> <span class='ocrx_word' id='word_1_696' title='bbox 797 2502 885 2536; x_wconf 76' lang='grc' dir='ltr'>χωρὶς</span> <span class='ocrx_word' id='word_1_697' title='bbox 897 2502 987 2536; x_wconf 81' lang='grc' dir='ltr'>ἀμαρ-</span> 
     </span>
    </p>
   </div>
   <div class='ocr_carea' id='block_1_94' title="bbox 195 2549 988 2586">
    <p class='ocr_par' dir='ltr' id='par_1_94' title="bbox 195 2549 988 2586">
     <span class='ocr_line' id='line_1_94' title="bbox 195 2549 988 2586; baseline -0.004 -8"><span class='ocrx_word' id='word_1_698' title='bbox 195 2552 272 2584; x_wconf 78' lang='grc' dir='ltr'><strong>’τιίις,</strong></span> <span class='ocrx_word' id='word_1_699' title='bbox 287 2551 376 2586; x_wconf 82' lang='grc' dir='ltr'>Ὅπερ</span> <span class='ocrx_word' id='word_1_700' title='bbox 398 2552 448 2586; x_wconf 77' lang='grc' dir='ltr'>τῆς</span> <span class='ocrx_word' id='word_1_701' title='bbox 471 2551 520 2585; x_wconf 76' lang='grc' dir='ltr'>μὲν</span> <span class='ocrx_word' id='word_1_702' title='bbox 534 2550 613 2583; x_wconf 84' lang='grc' dir='ltr'>ἁγίας</span> <span class='ocrx_word' id='word_1_703' title='bbox 628 2551 687 2576; x_wconf 72' lang='grc' dir='ltr'>ἐστὶ</span> <span class='ocrx_word' id='word_1_704' title='bbox 707 2549 829 2585; x_wconf 79' lang='grc' dir='ltr'>Γραφῆς,</span> <span class='ocrx_word' id='word_1_705' title='bbox 851 2549 988 2582; x_wconf 84' lang='grc' dir='ltr'>εὐκαίρως</span> 
     </span>
    </p>
   </div>
   <div class='ocr_carea' id='block_1_95' title="bbox 195 2595 988 2631">
    <p class='ocr_par' dir='ltr' id='par_1_95' title="bbox 195 2595 988 2631">
     <span class='ocr_line' id='line_1_95' title="bbox 195 2595 988 2631; baseline -0.003 -8"><span class='ocrx_word' id='word_1_706' title='bbox 195 2597 223 2623; x_wconf 77' lang='grc' dir='ltr'>δὲ</span> <span class='ocrx_word' id='word_1_707' title='bbox 250 2597 376 2631; x_wconf 84' lang='grc' dir='ltr'>κείμενον</span> <span class='ocrx_word' id='word_1_708' title='bbox 391 2596 519 2627; x_wconf 74' lang='grc' dir='ltr'>ἐνταῦθα,</span> <span class='ocrx_word' id='word_1_709' title='bbox 543 2595 715 2631; x_wconf 74' lang='grc' dir='ltr'>ἐπιστομίζει</span> <span class='ocrx_word' id='word_1_710' title='bbox 740 2596 803 2627; x_wconf 82' lang='grc' dir='ltr'>τοὺς</span> <span class='ocrx_word' id='word_1_711' title='bbox 821 2595 854 2622; x_wconf 82' lang='grc' dir='ltr'><strong>τὰ</strong></span> <span class='ocrx_word' id='word_1_712' title='bbox 877 2595 988 2622; x_wconf 80' lang='grc' dir='ltr'>τοιαῦτα</span> 
     </span>
    </p>
   </div>
   <div class='ocr_carea' id='block_1_96' title="bbox 198 2641 988 2678">
    <p class='ocr_par' dir='ltr' id='par_1_96' title="bbox 198 2641 988 2678">
     <span class='ocr_line' id='line_1_96' title="bbox 198 2641 988 2678; baseline -0.001 -9"><span class='ocrx_word' id='word_1_713' title='bbox 198 2643 372 2678; x_wconf 71' lang='grc' dir='ltr'>φρονοῦντας.</span> <span class='ocrx_word' id='word_1_714' title='bbox 391 2643 422 2669; x_wconf 80' lang='lat' dir='ltr'><strong>El</strong></span> <span class='ocrx_word' id='word_1_715' title='bbox 434 2643 488 2678; x_wconf 78' lang='grc' dir='ltr'><strong>γὰρ</strong></span> <span class='ocrx_word' id='word_1_716' title='bbox 501 2642 563 2669; x_wconf 77' lang='grc' dir='ltr'>οὔτε</span> <span class='ocrx_word' id='word_1_717' title='bbox 577 2642 661 2674; x_wconf 74' lang='grc' dir='ltr'>πάθος</span> <span class='ocrx_word' id='word_1_718' title='bbox 676 2642 812 2676; x_wconf 80' lang='grc' dir='ltr'>σώματος,</span> <span class='ocrx_word' id='word_1_719' title='bbox 828 2641 889 2668; x_wconf 62' lang='grc' dir='ltr'>οὔτε</span> <span class='ocrx_word' id='word_1_720' title='bbox 905 2641 988 2668; x_wconf 77' lang='grc' dir='ltr'>θάνα-</span> 
     </span>
    </p>
   </div>
   <div class='ocr_carea' id='block_1_97' title="bbox 198 2687 988 2724">
    <p class='ocr_par' dir='ltr' id='par_1_97' title="bbox 198 2687 988 2724">
     <span class='ocr_line' id='line_1_97' title="bbox 198 2687 988 2724; baseline -0.003 -9"><span class='ocrx_word' id='word_1_721' title='bbox 198 2697 252 2720; x_wconf 80' lang='grc' dir='ltr'>τος,</span> <span class='ocrx_word' id='word_1_722' title='bbox 263 2688 325 2715; x_wconf 74' lang='grc' dir='ltr'>οὔτε</span> <span class='ocrx_word' id='word_1_723' title='bbox 341 2689 392 2723; x_wconf 84' lang='grc' dir='ltr'>μὴν</span> <span class='ocrx_word' id='word_1_724' title='bbox 404 2689 536 2721; x_wconf 76' lang='grc' dir='ltr'>διάλυσις,</span> <span class='ocrx_word' id='word_1_725' title='bbox 551 2689 584 2724; x_wconf 83' lang='grc' dir='ltr'>ἣν</span> <span class='ocrx_word' id='word_1_726' title='bbox 599 2689 631 2723; x_wconf 83' lang='grc' dir='ltr'>δὴ</span> <span class='ocrx_word' id='word_1_727' title='bbox 647 2687 751 2723; x_wconf 81' lang='grc' dir='ltr'>φθορὰν</span> <span class='ocrx_word' id='word_1_728' title='bbox 769 2688 842 2718; x_wconf 87' lang='grc' dir='ltr'>ίδίως</span> <span class='ocrx_word' id='word_1_729' title='bbox 858 2688 988 2722; x_wconf 79' lang='grc' dir='ltr'>ἀξιοῦμεν</span> 
     </span>
    </p>
   </div>
   <div class='ocr_carea' id='block_1_98' title="bbox 196 2733 989 2770">
    <p class='ocr_par' dir='ltr' id='par_1_98' title="bbox 196 2733 989 2770">
     <span class='ocr_line' id='line_1_98' title="bbox 196 2733 989 2770; baseline -0.003 -8"><span class='ocrx_word' id='word_1_730' title='bbox 196 2735 350 2765; x_wconf 78' lang='grc' dir='ltr'>καλεῖσθαι,</span> <span class='ocrx_word' id='word_1_731' title='bbox 366 2735 499 2770; x_wconf 82' lang='grc' dir='ltr'>ἁμαρτία·</span> <span class='ocrx_word' id='word_1_732' title='bbox 516 2735 600 2769; x_wconf 75' lang='grc' dir='ltr'>χωρὶς</span> <span class='ocrx_word' id='word_1_733' title='bbox 619 2735 647 2760; x_wconf 80' lang='grc' dir='ltr'>δὲ</span> <span class='ocrx_word' id='word_1_734' title='bbox 661 2735 744 2768; x_wconf 71' lang='grc' dir='ltr'>μόνης</span> <span class='ocrx_word' id='word_1_735' title='bbox 762 2733 899 2768; x_wconf 84' lang='grc' dir='ltr'>ἁμαρτίας</span> <span class='ocrx_word' id='word_1_736' title='bbox 918 2733 989 2760; x_wconf 81' lang='grc' dir='ltr'>κατὰ</span> 
     </span>
    </p>
   </div>
   <div class='ocr_carea' id='block_1_99' title="bbox 197 2779 989 2816">
    <p class='ocr_par' dir='ltr' id='par_1_99' title="bbox 197 2779 989 2816">
     <span class='ocr_line' id='line_1_99' title="bbox 197 2779 989 2816; baseline -0.001 -9"><span class='ocrx_word' id='word_1_737' title='bbox 197 2781 286 2808; x_wconf 79' lang='grc' dir='ltr'>πάντα</span> <span class='ocrx_word' id='word_1_738' title='bbox 296 2781 329 2807; x_wconf 72' lang='grc' dir='ltr'><strong>τὰ</strong></span> <span class='ocrx_word' id='word_1_739' title='bbox 338 2781 404 2808; x_wconf 84' lang='grc' dir='ltr'>ἄλλα</span> <span class='ocrx_word' id='word_1_740' title='bbox 412 2782 461 2816; x_wconf 80' lang='grc' dir='ltr'>τῆς</span> <span class='ocrx_word' id='word_1_741' title='bbox 470 2781 555 2815; x_wconf 75' lang='grc' dir='ltr'>αὐτῆς</span> <span class='ocrx_word' id='word_1_742' title='bbox 562 2781 628 2815; x_wconf 88' lang='grc' dir='ltr'>ἡμῖν</span> <span class='ocrx_word' id='word_1_743' title='bbox 639 2779 745 2814; x_wconf 76' lang='grc' dir='ltr'>φύσεώς</span> <span class='ocrx_word' id='word_1_744' title='bbox 755 2781 813 2806; x_wconf 81' lang='grc' dir='ltr'>ἐστι</span> <span class='ocrx_word' id='word_1_745' title='bbox 821 2779 851 2805; x_wconf 70' lang='grc' dir='ltr'><strong>τὸ</strong></span> <span class='ocrx_word' id='word_1_746' title='bbox 858 2780 989 2814; x_wconf 77' lang='grc' dir='ltr'>ἄχραντον</span> 
     </span>
    </p>
   </div>
   <div class='ocr_carea' id='block_1_100' title="bbox 197 2817 989 2862">
    <p class='ocr_par' dir='ltr' id='par_1_100' title="bbox 197 2817 989 2862">
     <span class='ocr_line' id='line_1_100' title="bbox 197 2817 989 2862; baseline -0.004 -8"><span class='ocrx_word' id='word_1_747' title='bbox 197 2828 286 2854; x_wconf 82' lang='grc' dir='ltr'>έκεῖνο</span> <span class='ocrx_word' id='word_1_748' title='bbox 303 2827 351 2854; x_wconf 82' lang='grc' dir='ltr'>καὶ</span> <span class='ocrx_word' id='word_1_749' title='bbox 363 2817 495 2861; x_wconf 80' lang='grc' dir='ltr'>πανάγιον</span> <span class='ocrx_word' id='word_1_750' title='bbox 511 2827 608 2862; x_wconf 86' lang='grc' dir='ltr'>σῶμα·</span> <span class='ocrx_word' id='word_1_751' title='bbox 631 2825 741 2861; x_wconf 80' lang='grc' dir='ltr'>εὓδηλον</span> <span class='ocrx_word' id='word_1_752' title='bbox 757 2826 797 2852; x_wconf 77' lang='grc' dir='ltr'>ὅτι</span> <span class='ocrx_word' id='word_1_753' title='bbox 811 2826 824 2852; x_wconf 82' lang='grc' dir='ltr'><em>ὸ</em></span> <span class='ocrx_word' id='word_1_754' title='bbox 841 2825 989 2860; x_wconf 77' lang='grc' dir='ltr'>εὐδοκήσας</span> 
     </span>
    </p>
   </div>
   <div class='ocr_carea' id='block_1_101' title="bbox 198 2872 989 2910">
    <p class='ocr_par' dir='ltr' id='par_1_101' title="bbox 198 2872 989 2910">
     <span class='ocr_line' id='line_1_101' title="bbox 198 2872 989 2910; baseline -0.003 -10"><span class='ocrx_word' id='word_1_755' title='bbox 198 2875 263 2906; x_wconf 65' lang='grc' dir='ltr'>Θεὸς</span> <span class='ocrx_word' id='word_1_756' title='bbox 276 2874 326 2910; x_wconf 75' lang='grc' dir='ltr'>τὴν</span> <span class='ocrx_word' id='word_1_757' title='bbox 344 2874 482 2909; x_wconf 78' lang='grc' dir='ltr'>ἡμετέραν</span> <span class='ocrx_word' id='word_1_758' title='bbox 503 2873 638 2908; x_wconf 78' lang='grc' dir='ltr'>πτωχείαν</span> <span class='ocrx_word' id='word_1_759' title='bbox 661 2873 763 2904; x_wconf 84' lang='grc' dir='ltr'>λαϐεῖν,</span> <span class='ocrx_word' id='word_1_760' title='bbox 778 2872 907 2906; x_wconf 78' lang='grc' dir='ltr'>τοιαύτην</span> <span class='ocrx_word' id='word_1_761' title='bbox 929 2873 989 2899; x_wconf 66' lang='grc' dir='ltr'>ἕλοις</span> 
     </span>
    </p>
   </div>
   <div class='ocr_carea' id='block_1_102' title="bbox 198 2917 988 2956">
    <p class='ocr_par' dir='ltr' id='par_1_102' title="bbox 198 2917 988 2956">
     <span class='ocr_line' id='line_1_102' title="bbox 198 2917 988 2956; baseline -0.004 -9"><span class='ocrx_word' id='word_1_762' title='bbox 198 2919 255 2952; x_wconf 82' lang='grc' dir='ltr'>ϐεν,</span> <span class='ocrx_word' id='word_1_763' title='bbox 279 2920 314 2956; x_wconf 80' lang='grc' dir='ltr'>ἦν</span> <span class='ocrx_word' id='word_1_764' title='bbox 336 2920 382 2947; x_wconf 77' lang='grc' dir='ltr'>καὶ</span> <span class='ocrx_word' id='word_1_765' title='bbox 408 2920 543 2954; x_wconf 73' lang='grc' dir='ltr'>πτωχείαν</span> <span class='ocrx_word' id='word_1_766' title='bbox 569 2917 709 2946; x_wconf 85' lang='grc' dir='ltr'>καλεῖσθαι</span> <span class='ocrx_word' id='word_1_767' title='bbox 733 2917 854 2950; x_wconf 78' lang='grc' dir='ltr'>δικαίως,</span> <span class='ocrx_word' id='word_1_768' title='bbox 882 2917 988 2945; x_wconf 69' lang='grc' dir='ltr'>ἅπαντα</span> 
     </span>
    </p>
   </div>
   <div class='ocr_carea' id='block_1_103' title="bbox 1040 2319 1831 2354">
    <p class='ocr_par' dir='ltr' id='par_1_103' title="bbox 1040 2319 1831 2354">
     <span class='ocr_line' id='line_1_103' title="bbox 1040 2319 1831 2354; baseline -0.001 -7"><span class='ocrx_word' id='word_1_769' title='bbox 1040 2319 1211 2354; x_wconf 85' lang='lat' dir='ltr'><strong>corruptioni</strong></span> <span class='ocrx_word' id='word_1_770' title='bbox 1234 2320 1384 2347; x_wconf 77' lang='lat' dir='ltr'><strong>obnoxium</strong></span> <span class='ocrx_word' id='word_1_771' title='bbox 1401 2319 1436 2346; x_wconf 86' lang='lat' dir='ltr'><strong>ab</strong></span> <span class='ocrx_word' id='word_1_772' title='bbox 1452 2319 1509 2354; x_wconf 80' lang='lat' dir='ltr'><strong>ipsa</strong></span> <span class='ocrx_word' id='word_1_773' title='bbox 1528 2320 1615 2354; x_wconf 84' lang='lat' dir='ltr'><strong>prima</strong></span> <span class='ocrx_word' id='word_1_774' title='bbox 1640 2319 1831 2352; x_wconf 85' lang='lat' dir='ltr'><strong>conceptione.</strong></span> 
     </span>
    </p>
   </div>
   <div class='ocr_carea' id='block_1_104' title="bbox 1040 2364 1830 2393">
    <p class='ocr_par' dir='ltr' id='par_1_104' title="bbox 1040 2364 1830 2393">
     <span class='ocr_line' id='line_1_104' title="bbox 1040 2364 1830 2393; baseline 0 -1"><span class='ocrx_word' id='word_1_775' title='bbox 1040 2365 1162 2392; x_wconf 86' lang='lat' dir='ltr'><strong>divinum</strong></span> <span class='ocrx_word' id='word_1_776' title='bbox 1192 2364 1258 2392; x_wconf 90' lang='lat' dir='ltr'><strong>illud</strong></span> <span class='ocrx_word' id='word_1_777' title='bbox 1294 2369 1322 2392; x_wconf 88' lang='lat' dir='ltr'><strong>et</strong></span> <span class='ocrx_word' id='word_1_778' title='bbox 1348 2364 1430 2392; x_wconf 87' lang='lat' dir='ltr'><strong>nullis</strong></span> <span class='ocrx_word' id='word_1_779' title='bbox 1461 2365 1589 2392; x_wconf 85' lang='lat' dir='ltr'><strong>sordibus</strong></span> <span class='ocrx_word' id='word_1_780' title='bbox 1614 2365 1830 2393; x_wconf 82' lang='lat' dir='ltr'><strong>contaminatum</strong></span> 
     </span>
    </p>
   </div>
   <div class='ocr_carea' id='block_1_105' title="bbox 1040 2410 1831 2446">
    <p class='ocr_par' dir='ltr' id='par_1_105' title="bbox 1040 2410 1831 2446">
     <span class='ocr_line' id='line_1_105' title="bbox 1040 2410 1831 2446; baseline 0 -8"><span class='ocrx_word' id='word_1_781' title='bbox 1040 2411 1148 2438; x_wconf 91' lang='lat' dir='ltr'><strong>Domini</strong></span> <span class='ocrx_word' id='word_1_782' title='bbox 1166 2418 1267 2445; x_wconf 91' lang='lat' dir='ltr'><strong>corpus</strong></span> <span class='ocrx_word' id='word_1_783' title='bbox 1284 2415 1419 2443; x_wconf 82' lang='lat' dir='ltr'><strong>astruere,</strong></span> <span class='ocrx_word' id='word_1_784' title='bbox 1442 2410 1537 2446; x_wconf 88' lang='lat' dir='ltr'><strong>sicque</strong></span> <span class='ocrx_word' id='word_1_785' title='bbox 1550 2415 1635 2438; x_wconf 86' lang='lat' dir='ltr'><strong>totam</strong></span> <span class='ocrx_word' id='word_1_786' title='bbox 1648 2413 1831 2439; x_wconf 73' lang='lat' dir='ltr'><strong>(economiam</strong></span> 
     </span>
    </p>
   </div>
   <div class='ocr_carea' id='block_1_106' title="bbox 1039 2458 1831 2492">
    <p class='ocr_par' dir='ltr' id='par_1_106' title="bbox 1039 2458 1831 2492">
     <span class='ocr_line' id='line_1_106' title="bbox 1039 2458 1831 2492; baseline 0 -8"><span class='ocrx_word' id='word_1_787' title='bbox 1039 2462 1161 2485; x_wconf 86' lang='lat' dir='ltr'><strong>evertere</strong></span> <span class='ocrx_word' id='word_1_788' title='bbox 1176 2464 1294 2484; x_wconf 86' lang='lat' dir='ltr'><strong>ausuros</strong></span> <span class='ocrx_word' id='word_1_789' title='bbox 1307 2458 1440 2490; x_wconf 82' lang='lat' dir='ltr'><strong>annectit,</strong></span> <span class='ocrx_word' id='word_1_790' title='bbox 1454 2466 1499 2492; x_wconf 80' lang='lat' dir='ltr'><strong>per</strong></span> <span class='ocrx_word' id='word_1_791' title='bbox 1518 2458 1607 2484; x_wconf 81' lang='lat' dir='ltr'><strong>omnia</strong></span> <span class='ocrx_word' id='word_1_792' title='bbox 1625 2458 1698 2485; x_wconf 70' lang='lat' dir='ltr'><strong>uobis</strong></span> <span class='ocrx_word' id='word_1_793' title='bbox 1718 2459 1831 2485; x_wconf 73' lang='lat' dir='ltr'><strong>simi/cm</strong></span> 
     </span>
    </p>
   </div>
   <div class='ocr_carea' id='block_1_107' title="bbox 1039 2502 1832 2539">
    <p class='ocr_par' dir='ltr' id='par_1_107' title="bbox 1039 2502 1832 2539">
     <span class='ocr_line' id='line_1_107' title="bbox 1039 2502 1832 2539; baseline 0.004 -11"><span class='ocrx_word' id='word_1_794' title='bbox 1039 2502 1136 2537; x_wconf 80' lang='lat' dir='ltr'><strong>absque</strong></span> <span class='ocrx_word' id='word_1_795' title='bbox 1149 2507 1266 2536; x_wconf 71' lang='lat' dir='ltr'><strong>peccato.</strong></span> <span class='ocrx_word' id='word_1_796' title='bbox 1284 2502 1361 2535; x_wconf 87' lang='lat' dir='ltr'><strong>Quod</strong></span> <span class='ocrx_word' id='word_1_797' title='bbox 1374 2511 1461 2530; x_wconf 64' lang='lat' dir='ltr'><strong>sacrae</strong></span> <span class='ocrx_word' id='word_1_798' title='bbox 1473 2503 1622 2538; x_wconf 59' lang='lat' dir='ltr'><strong>Scriptura!</strong></span> <span class='ocrx_word' id='word_1_799' title='bbox 1633 2509 1687 2537; x_wconf 78' lang='lat' dir='ltr'><strong>est,</strong></span> <span class='ocrx_word' id='word_1_800' title='bbox 1700 2510 1832 2539; x_wconf 89' lang='lat' dir='ltr'><strong>opportu-</strong></span> 
     </span>
    </p>
   </div>
   <div class='ocr_carea' id='block_1_108' title="bbox 1039 2549 1831 2583">
    <p class='ocr_par' dir='ltr' id='par_1_108' title="bbox 1039 2549 1831 2583">
     <span class='ocr_line' id='line_1_108' title="bbox 1039 2549 1831 2583; baseline 0.001 -8"><span class='ocrx_word' id='word_1_801' title='bbox 1039 2556 1128 2582; x_wconf 80' lang='lat' dir='ltr'><strong>neque</strong></span> <span class='ocrx_word' id='word_1_802' title='bbox 1145 2549 1189 2575; x_wconf 81' lang='lat' dir='ltr'><strong>liic</strong></span> <span class='ocrx_word' id='word_1_803' title='bbox 1211 2549 1366 2583; x_wconf 82' lang='lat' dir='ltr'><strong>appositum</strong></span> <span class='ocrx_word' id='word_1_804' title='bbox 1383 2550 1483 2577; x_wconf 86' lang='lat' dir='ltr'><strong>similia</strong></span> <span class='ocrx_word' id='word_1_805' title='bbox 1509 2550 1685 2578; x_wconf 88' lang='lat' dir='ltr'><strong>sentientium</strong></span> <span class='ocrx_word' id='word_1_806' title='bbox 1702 2551 1831 2578; x_wconf 79' lang='lat' dir='ltr'><strong>eﬂrenem</strong></span> 
     </span>
    </p>
   </div>
   <div class='ocr_carea' id='block_1_109' title="bbox 1039 2594 1832 2633">
    <p class='ocr_par' dir='ltr' id='par_1_109' title="bbox 1039 2594 1832 2633">
     <span class='ocr_line' id='line_1_109' title="bbox 1039 2594 1832 2633; baseline 0.001 -11"><span class='ocrx_word' id='word_1_807' title='bbox 1039 2594 1242 2622; x_wconf 84' lang='lat' dir='ltr'><strong>contumaciam</strong></span> <span class='ocrx_word' id='word_1_808' title='bbox 1271 2596 1405 2629; x_wconf 86' lang='lat' dir='ltr'><strong>reprimit.</strong></span> <span class='ocrx_word' id='word_1_809' title='bbox 1432 2596 1539 2624; x_wconf 85' lang='lat' dir='ltr'><strong>Etenim</strong></span> <span class='ocrx_word' id='word_1_810' title='bbox 1568 2598 1591 2625; x_wconf 85' lang='lat' dir='ltr'><strong>si</strong></span> <span class='ocrx_word' id='word_1_811' title='bbox 1621 2606 1709 2633; x_wconf 65' lang='lat' dir='ltr'><strong>neque</strong></span> <span class='ocrx_word' id='word_1_812' title='bbox 1740 2598 1832 2632; x_wconf 84' lang='lat' dir='ltr'><strong>passio</strong></span> 
     </span>
    </p>
   </div>
   <div class='ocr_carea' id='block_1_110' title="bbox 1039 2639 1832 2678">
    <p class='ocr_par' dir='ltr' id='par_1_110' title="bbox 1039 2639 1832 2678">
     <span class='ocr_line' id='line_1_110' title="bbox 1039 2639 1832 2678; baseline 0.004 -12"><span class='ocrx_word' id='word_1_813' title='bbox 1039 2639 1174 2674; x_wconf 89' lang='lat' dir='ltr'><strong>corporis,</strong></span> <span class='ocrx_word' id='word_1_814' title='bbox 1189 2648 1277 2676; x_wconf 88' lang='lat' dir='ltr'><strong>neque</strong></span> <span class='ocrx_word' id='word_1_815' title='bbox 1293 2649 1378 2674; x_wconf 86' lang='lat' dir='ltr'><strong>mors,</strong></span> <span class='ocrx_word' id='word_1_816' title='bbox 1391 2649 1479 2677; x_wconf 86' lang='lat' dir='ltr'><strong>neque</strong></span> <span class='ocrx_word' id='word_1_817' title='bbox 1493 2643 1649 2677; x_wconf 88' lang='lat' dir='ltr'><strong>dissolutio,</strong></span> <span class='ocrx_word' id='word_1_818' title='bbox 1669 2652 1751 2678; x_wconf 85' lang='lat' dir='ltr'><strong>quam</strong></span> <span class='ocrx_word' id='word_1_819' title='bbox 1769 2651 1832 2677; x_wconf 87' lang='lat' dir='ltr'><strong>pro-</strong></span> 
     </span>
    </p>
   </div>
   <div class='ocr_carea' id='block_1_111' title="bbox 1039 2686 1830 2725">
    <p class='ocr_par' dir='ltr' id='par_1_111' title="bbox 1039 2686 1830 2725">
     <span class='ocr_line' id='line_1_111' title="bbox 1039 2686 1830 2725; baseline 0.003 -13"><span class='ocrx_word' id='word_1_820' title='bbox 1039 2686 1098 2720; x_wconf 83' lang='lat' dir='ltr'><strong>prie</strong></span> <span class='ocrx_word' id='word_1_821' title='bbox 1107 2687 1311 2721; x_wconf 83' lang='lat' dir='ltr'><strong>corruptionem</strong></span> <span class='ocrx_word' id='word_1_822' title='bbox 1325 2689 1462 2723; x_wconf 86' lang='lat' dir='ltr'><strong>appellare</strong></span> <span class='ocrx_word' id='word_1_823' title='bbox 1474 2691 1675 2721; x_wconf 81' lang='lat' dir='ltr'><strong>consuevimus,</strong></span> <span class='ocrx_word' id='word_1_824' title='bbox 1691 2694 1830 2725; x_wconf 81' lang='lat' dir='ltr'><strong>peccatum</strong></span> 
     </span>
    </p>
   </div>
   <div class='ocr_carea' id='block_1_112' title="bbox 1039 2733 1830 2772">
    <p class='ocr_par' dir='ltr' id='par_1_112' title="bbox 1039 2733 1830 2772">
     <span class='ocr_line' id='line_1_112' title="bbox 1039 2733 1830 2772; baseline 0.003 -13"><span class='ocrx_word' id='word_1_825' title='bbox 1039 2737 1091 2764; x_wconf 82' lang='lat' dir='ltr'><strong>cst,</strong></span> <span class='ocrx_word' id='word_1_826' title='bbox 1117 2733 1220 2768; x_wconf 83' lang='lat' dir='ltr'><strong>absque</strong></span> <span class='ocrx_word' id='word_1_827' title='bbox 1246 2742 1311 2761; x_wconf 90' lang='lat' dir='ltr'><strong>vero</strong></span> <span class='ocrx_word' id='word_1_828' title='bbox 1339 2736 1397 2763; x_wconf 90' lang='lat' dir='ltr'><strong>solo</strong></span> <span class='ocrx_word' id='word_1_829' title='bbox 1415 2742 1526 2771; x_wconf 79' lang='lat' dir='ltr'><strong>peccato</strong></span> <span class='ocrx_word' id='word_1_830' title='bbox 1543 2745 1591 2772; x_wconf 83' lang='lat' dir='ltr'><strong>per</strong></span> <span class='ocrx_word' id='word_1_831' title='bbox 1618 2737 1721 2771; x_wconf 81' lang='lat' dir='ltr'><strong>reliqua</strong></span> <span class='ocrx_word' id='word_1_832' title='bbox 1738 2735 1830 2763; x_wconf 78' lang='lat' dir='ltr'><strong>omnia</strong></span> 
     </span>
    </p>
   </div>
   <div class='ocr_carea' id='block_1_113' title="bbox 1039 2779 1830 2817">
    <p class='ocr_par' dir='ltr' id='par_1_113' title="bbox 1039 2779 1830 2817">
     <span class='ocr_line' id='line_1_113' title="bbox 1039 2779 1830 2817; baseline 0.003 -11"><span class='ocrx_word' id='word_1_833' title='bbox 1039 2779 1163 2814; x_wconf 83' lang='lat' dir='ltr'><strong>ejusdem</strong></span> <span class='ocrx_word' id='word_1_834' title='bbox 1187 2788 1248 2808; x_wconf 87' lang='lat' dir='ltr'><strong>cum</strong></span> <span class='ocrx_word' id='word_1_835' title='bbox 1265 2781 1343 2809; x_wconf 86' lang='lat' dir='ltr'><strong>nobis</strong></span> <span class='ocrx_word' id='word_1_836' title='bbox 1356 2787 1462 2810; x_wconf 61' lang='lat' dir='ltr'><strong>natura:</strong></span> <span class='ocrx_word' id='word_1_837' title='bbox 1476 2786 1538 2815; x_wconf 88' lang='lat' dir='ltr'><strong>’est,</strong></span> <span class='ocrx_word' id='word_1_838' title='bbox 1566 2783 1744 2817; x_wconf 85' lang='lat' dir='ltr'><strong>purissimum</strong></span> <span class='ocrx_word' id='word_1_839' title='bbox 1764 2782 1830 2809; x_wconf 80' lang='lat' dir='ltr'><strong>illud</strong></span> 
     </span>
    </p>
   </div>
   <div class='ocr_carea' id='block_1_114' title="bbox 1040 2825 1828 2862">
    <p class='ocr_par' dir='ltr' id='par_1_114' title="bbox 1040 2825 1828 2862">
     <span class='ocr_line' id='line_1_114' title="bbox 1040 2825 1828 2862; baseline 0.003 -10"><span class='ocrx_word' id='word_1_840' title='bbox 1040 2830 1067 2852; x_wconf 90' lang='lat' dir='ltr'><strong>et</strong></span> <span class='ocrx_word' id='word_1_841' title='bbox 1090 2825 1296 2857; x_wconf 79' lang='lat' dir='ltr'><strong>sanctissimum</strong></span> <span class='ocrx_word' id='word_1_842' title='bbox 1322 2835 1433 2862; x_wconf 87' lang='lat' dir='ltr'><strong>corpus,</strong></span> <span class='ocrx_word' id='word_1_843' title='bbox 1461 2828 1634 2855; x_wconf 81' lang='lat' dir='ltr'><strong>manifestum</strong></span> <span class='ocrx_word' id='word_1_844' title='bbox 1664 2827 1714 2860; x_wconf 81' lang='lat' dir='ltr'><strong>ﬁt,</strong></span> <span class='ocrx_word' id='word_1_845' title='bbox 1732 2828 1828 2860; x_wconf 90' lang='lat' dir='ltr'><strong>Dcum,</strong></span> 
     </span>
    </p>
   </div>
   <div class='ocr_carea' id='block_1_115' title="bbox 1041 2869 1829 2907">
    <p class='ocr_par' dir='ltr' id='par_1_115' title="bbox 1041 2869 1829 2907">
     <span class='ocr_line' id='line_1_115' title="bbox 1041 2869 1829 2907; baseline 0.005 -11"><span class='ocrx_word' id='word_1_846' title='bbox 1041 2869 1084 2897; x_wconf 86' lang='lat' dir='ltr'><strong>cui</strong></span> <span class='ocrx_word' id='word_1_847' title='bbox 1100 2875 1222 2897; x_wconf 82' lang='lat' dir='ltr'><strong>nostram</strong></span> <span class='ocrx_word' id='word_1_848' title='bbox 1236 2873 1394 2906; x_wconf 85' lang='lat' dir='ltr'><strong>pauperiem</strong></span> <span class='ocrx_word' id='word_1_849' title='bbox 1408 2880 1549 2901; x_wconf 81' lang='lat' dir='ltr'><strong>assumere</strong></span> <span class='ocrx_word' id='word_1_850' title='bbox 1561 2872 1736 2907; x_wconf 88' lang='lat' dir='ltr'><strong>complacuit,</strong></span> <span class='ocrx_word' id='word_1_851' title='bbox 1748 2873 1829 2901; x_wconf 83' lang='lat' dir='ltr'><strong>talem</strong></span> 
     </span>
    </p>
   </div>
   <div class='ocr_carea' id='block_1_116' title="bbox 1042 2919 1828 2956">
    <p class='ocr_par' dir='ltr' id='par_1_116' title="bbox 1042 2919 1828 2956">
     <span class='ocr_line' id='line_1_116' title="bbox 1042 2919 1828 2956; baseline 0.001 -10"><span class='ocrx_word' id='word_1_852' title='bbox 1042 2919 1235 2954; x_wconf 85' lang='lat' dir='ltr'><strong>assumpsisse,</strong></span> <span class='ocrx_word' id='word_1_853' title='bbox 1257 2928 1339 2955; x_wconf 88' lang='lat' dir='ltr'><strong>quam</strong></span> <span class='ocrx_word' id='word_1_854' title='bbox 1366 2928 1420 2948; x_wconf 90' lang='lat' dir='ltr'><strong>non</strong></span> <span class='ocrx_word' id='word_1_855' title='bbox 1436 2921 1506 2949; x_wconf 84' lang='lat' dir='ltr'><strong>male</strong></span> <span class='ocrx_word' id='word_1_856' title='bbox 1521 2927 1572 2949; x_wconf 87' lang='lat' dir='ltr'><strong>nos</strong></span> <span class='ocrx_word' id='word_1_857' title='bbox 1586 2921 1744 2956; x_wconf 81' lang='lat' dir='ltr'><strong>paupcricm</strong></span> <span class='ocrx_word' id='word_1_858' title='bbox 1759 2928 1828 2948; x_wconf 84' lang='lat' dir='ltr'><strong>nun-</strong></span> 
     </span>
    </p>
   </div>
  </div>
