2092 3156
253 170 306 202 503

884 171 1029 200 NlCET/E
1046 170 1249 201 BYZANTINI

1824 166 1876 198 604

254 224 427 261 cupabimus,
453 224 579 252 omnilms
604 225 703 252 nostris
716 226 886 252 naturalibus
904 227 1040 260 passioni-

1101 226 1205 258 νξουσαν
1231 226 1265 252 τὰ
1280 224 1381 259 φυσικὰ
1399 224 1472 259 πάθη
1497 223 1575 258 ἡμῶν
1600 223 1647 250 καὶ
1669 223 1810 258 ἰδιώματα.
1829 225 1877 248 Δια

254 273 305 298 bus
333 277 414 306 atque
428 272 638 306 proprietatibus
658 273 817 299 obnoxiam.
842 273 1041 308 Proptercaque

255 318 333 349 dixit,
351 317 400 344 Per
413 318 501 344 omnia
513 317 624 344 similem
638 318 712 345 nobis
727 318 823 352 absque
835 324 950 352 peccato.
970 318 1041 346 Rur-

259 369 306 389 sus
336 369 399 388 vero
415 370 476 389 eum
502 361 670 389 Nestorianis
684 370 737 389 non
766 363 883 396 placeret
901 363 1040 398 Dc’param

254 415 316 434 esse
331 407 532 433 iminaculatam
547 406 826 442 Virginem,subdidit
841 417 847 434 :
861 409 927 435 Ante
943 409 1042 435 uetula

255 459 289 478 ex
303 451 382 478 Patre
409 453 541 487 genitum,
567 454 706 486 postremis
726 462 784 480 vero
804 454 895 481 diebus
924 455 1043 481 eumdem

255 503 360 531 propter
383 506 429 525 nos
448 502 472 525 et
498 504 616 525 nostram
638 499 751 526 salutent
772 507 805 526 ea:
825 499 913 527 Maria
938 499 1043 536 Virgine

255 547 280 570 et
313 544 426 578 Deipara
445 549 602 579 prognatum
621 545 764 572 secundum
789 545 991 572 humanitatem.
1011 545 1044 573 Et

257 596 344 624 pauca
357 589 413 616 haec
427 597 458 616 ex
473 595 568 624 quarta
585 590 701 626 synodo,
714 598 746 618 nc
757 591 906 626 prolixiora
921 591 1042 624 aﬂ‘eram,

257 635 324 662 satis
339 635 405 664 sint.
421 634 526 663 Poterit.
543 644 607 663 vero
619 637 733 671 quilibet
749 637 835 664 multo
850 637 938 672 plura,
958 638 981 664 si
997 645 1045 665 vo-

258 680 350 712 luerit,
363 688 396 708 ex
409 688 440 708 ca
455 681 595 716 colligere,
611 682 712 716 quibus
727 681 865 709 constabit
881 684 1043 717 compertis-

259 727 338 760 sime,
355 727 428 754 nulla
444 727 469 754 in
487 735 516 755 re
530 735 544 754 a
571 728 659 756 tribus
688 728 791 756 sanctis
805 729 916 764 synodis
940 729 1044 756 discre-

259 780 349 807 passe,
367 774 413 801 sed
436 773 463 800 in
479 775 607 802 omnibus
629 776 802 808 concordem,
818 775 942 803 eumdem
959 784 1044 803 unum

258 819 408 852 Christum,
420 823 447 848 et
457 819 611 852 Dominum,
621 826 648 848 ct
663 821 746 848 Deum
759 826 882 849 nostrum
894 822 1045 856 professum

261 873 292 892 ex
308 865 424 898 duabus,
442 870 469 893 et
492 866 518 893 in
535 866 641 894 duabus
668 867 782 899 naturis,
802 871 829 894 et
851 867 918 894 duas
935 872 1046 894 naturas

1091 272 1171 299 τοῦτό
1192 281 1233 298 τοι
1263 271 1331 306 ἔφη·
1348 270 1428 298 Κατὰ
1451 270 1550 297 πάντα
1575 270 1678 304 ὅμοιον
1701 269 1774 304 ἡμῖν
1790 268 1879 302 χωρὶς

1091 318 1247 352 ἁμαρτίας.
1272 317 1354 344 Πάλιν
1375 317 1398 343 δ’
1414 315 1448 343 αὖ
1462 317 1503 342 ὅτι
1517 317 1572 346 τοῖς
1583 315 1637 342 ἀπὸ
1655 314 1802 350 Νεστορίου
1812 314 1876 340 Θεο-

1091 363 1169 395 τόκος
1185 363 1234 389 οὐχ
1245 363 1332 389 ὲδὸκει
1351 363 1367 397 ἡ
1381 362 1515 397 ἄχραντος
1540 359 1609 386 εἶναι
1631 359 1778 395 Παρθένος,
1795 366 1879 392 προσ.

1093 408 1175 443 έθηκε
1185 416 1193 423 ·
1222 408 1277 435 Τὸν
1293 408 1351 441 πρὸ
1367 407 1481 434 αιώνων
1499 407 1534 433 ἐκ
1563 405 1619 433 τοῦ
1641 404 1755 438 Πατρὸς
1771 412 1879 438 γεννη-

1094 455 1194 487 θέντα,
1209 455 1255 481 ἐπ’
1269 454 1406 488 ἐσχάτων
1421 453 1455 480 δὲ
1469 452 1528 480 τῶν
1539 451 1657 487 ἡμερῶν
1670 452 1724 477 τὸν
1738 450 1831 477 αὐτὸν
1842 451 1879 477 δι’

1094 499 1172 535 ἡμᾶς
1189 500 1238 527 καὶ
1263 499 1311 526 διὰ
1325 499 1381 533 τὴν
1392 498 1538 532 ἡμετέραν
1551 497 1702 531 σωτηρίαν
1714 497 1749 524 ἐκ
1765 497 1880 530 Μαρίας

1093 546 1149 580 τῆς
1162 546 1313 580 Παρθένου
1326 545 1377 572 καὶ
1390 544 1535 572 Θεοτόκου
1545 543 1726 578 γεννηθέντα
1737 542 1811 569 κατὰ
1824 541 1880 574 τὴν

1094 591 1318 624 ἀνθρωπότητα.
1337 590 1392 617 Καὶ
1408 589 1493 617 ταῦτα
1507 589 1557 624 μὲν
1576 588 1654 622 ὀλίγα
1671 589 1702 614 ὲκ
1719 588 1767 622 τῆς
1781 588 1879 622 τετάρ-

1095 644 1144 670 της
1162 635 1271 662 συνόδου
1294 635 1338 662 διὰ
1358 635 1390 661 τὸ
1407 635 1494 670 μῆκος
1513 634 1561 661 τοῦ
1586 634 1683 668 λόγου·
1710 633 1771 659 ἐπεὶ
1792 633 1880 659 ἔνεστι

1095 682 1208 708 πλεῖστα
1220 682 1279 714 ὅσα,
1295 682 1322 708 εῐ
1331 690 1373 713 τις
1389 681 1524 716 βούλεται,
1545 681 1575 713 ἐξ
1594 680 1678 715 αὐτῆς
1689 679 1880 712 ἀναλέγεσθαι,

1096 729 1124 754 ἐν
1139 725 1179 759 οἷς
1191 727 1342 763 τρανότατα
1363 727 1487 761 φαίνεται
1509 728 1569 757 ταῖς
1595 726 1686 761 τρισὶν
1703 726 1794 760 ἁγίαις
1818 734 1882 752 συν-

1096 773 1166 805 όδοις
1193 774 1262 800 κατὰ
1278 773 1360 809 μηδὲν
1381 773 1584 808 διαφωνήσασα,
1613 772 1670 798 ἀλλ’
1693 773 1792 804 emat;
1812 772 1882 798 κατὰ

1097 820 1185 846 πάντα
1199 819 1343 854 γενομένη,
1359 819 1403 845 τὸν
1418 819 1500 845 αὑτὸν
1518 819 1566 844 ἕνα
1579 818 1697 853 Χριστὸν
1715 817 1761 844 καὶ
1782 817 1883 852 Κύριον

1097 865 1144 891 καὶ
1156 864 1222 891 Θεὸν
1238 864 1316 900 ἡμῶν
1331 864 1472 900 κηρύττει,
1485 864 1517 891 έκ
1531 864 1577 891 δύο
1592 863 1710 898 φύσεων,
1725 863 1771 889 καὶ
1784 864 1814 889 ὲν
1826 863 1882 894 δύο,

261 915 323 945 post
350 912 489 943 unionem,
504 917 625 938 extrema
645 919 660 937 a
681 912 769 939 medio
789 911 878 946 inepta
893 912 1044 939 absurdita-

1101 911 1146 937 καὶ
1164 911 1210 937 δύο
1227 911 1323 944 φύσεις
1340 908 1410 937 εἶναι
1422 910 1493 944 μετὰ
1509 910 1557 945 τὴν
1569 910 1675 942 ἕνωσιν,
1692 910 1738 941 καὶ
1754 909 1802 941 τὰς
1815 910 1881 944 παρ’

260 961 365 991 tesque,
381 965 552 992 qmeeunquc
567 957 618 985 ilhc
634 957 746 989 fuerint,
766 958 859 992 procul
871 958 1045 991 amaudasse,

260 1004 453 1038 mansisscque
482 1004 508 1031 in
526 1004 649 1032 veritatis
670 1004 760 1031 medio
776 1005 881 1031 lirmam
909 1009 990 1039 atque
1006 1004 1047 1031 in-

260 1056 435 1076 concussam.
464 1048 511 1076 llis
527 1057 541 1076 a
554 1053 652 1084 quarta
668 1054 763 1077 sancta
781 1051 886 1085 synodo
901 1050 1048 1085 ipsissimis

260 1095 351 1121 verbis
366 1095 491 1128 sancitis,
511 1096 662 1123 cnunliatis
691 1102 718 1124 et
731 1097 909 1132 promulgatis
923 1097 956 1124 dc
968 1097 1048 1124 Chri-

261 1139 296 1167 sti
311 1141 451 1173 mvsterio,
468 1141 608 1176 quisnam,
624 1141 773 1169 dummodo
784 1149 838 1169 non
854 1142 957 1170 delirus
970 1147 1049 1170 estet

260 1190 352 1212 mente
368 1191 473 1220 captus,
503 1187 669 1215 asscvcrabit
700 1192 825 1222 quartam
846 1188 979 1224 synodum
995 1196 1048 1216 una

261 1239 324 1258 cum
336 1230 462 1259 Nestorio
471 1233 582 1265 sentire,
592 1233 665 1260 illius
675 1233 742 1260 falsa
755 1234 883 1268 opinione
895 1235 1049 1269 deceptam?

262 1276 329 1304 Illud
351 1277 442 1311 potius
458 1279 668 1306 asseverandum
697 1284 751 1312 est,
768 1280 803 1307 ab
817 1280 911 1307 eadem
933 1281 1048 1308 anathe-

263 1327 335 1350 male
346 1323 424 1356 ictos,
439 1328 464 1351 et
481 1323 652 1358 Diosc0rum,
674 1330 700 1352 ct
725 1325 891 1358 Nestorium,
910 1331 937 1353 et
966 1326 1049 1362 Euty-

263 1367 354 1401 ehem,
369 1377 400 1395 cx
420 1369 554 1397 diametro
567 1377 627 1398 sese
646 1370 830 1405 adversantia,
850 1371 896 1400 sed
912 1372 1050 1407 impietate

265 1413 334 1441 mala
347 1414 433 1449 paria.

300 1505 327 1533 6.
343 1505 458 1539 Quando
473 1513 537 1534 vero
561 1510 587 1534 te
612 1506 710 1542 duplex
730 1511 890 1535 naturarum
906 1508 1008 1541 turbat,
1025 1513 1053 1536 et

264 1551 371 1578 numeri
401 1552 489 1580 dualis
514 1552 669 1580 enuntiatio
698 1554 790 1580 statim
808 1553 855 1581 tibi
873 1561 964 1581 rerum
983 1554 1052 1581 divi-

264 1597 368 1623 sionem
384 1597 515 1631 suggerit,
534 1598 709 1632 upinarisquc
722 1605 831 1625 omnem
848 1606 990 1626 numerum
1005 1607 1052 1634 per

266 1647 327 1668 sese
350 1641 530 1669 subsistentes
560 1642 693 1675 indicare,
713 1643 838 1678 ignavius
855 1645 948 1679 potius
969 1653 1051 1680 quam

266 1686 424 1720 prudenter,
455 1687 679 1720 determincmus,
710 1689 757 1716 sed
779 1689 909 1724 breviter,
934 1697 1052 1725 quonam

265 1731 346 1758 modo
365 1732 398 1758 de
414 1732 521 1760 biuario
541 1738 567 1760 ct
583 1733 687 1768 reliquo
700 1735 774 1762 omni
790 1743 903 1762 numero
918 1736 1053 1771 exquisita

265 1777 385 1811 cognitio
401 1778 494 1806 haberi
519 1780 614 1814 possit.
630 1779 765 1808 Numerus
786 1781 930 1816 dupliciter
942 1782 1052 1815 dicitur,

266 1822 336 1850 alius
350 1823 521 1858 simpliciter,
533 1830 560 1853 et
576 1833 624 1860 per
647 1833 677 1853 se
688 1826 763 1854 solus
776 1836 782 1854 :
796 1827 867 1854 alius
882 1827 909 1854 in
923 1827 1055 1855 relatione

265 1873 293 1895 et
309 1869 390 1897 rebus
402 1870 600 1904 consideratur,
618 1873 847 1906 quemadmodum
871 1874 963 1901 album
981 1874 1055 1901 albe-

266 1914 357 1941 diuem
385 1919 410 1942 et
424 1915 550 1944 albedine
567 1918 709 1952 pratditum
723 1923 810 1946 notat.
829 1918 929 1946 Natura
945 1919 1054 1946 numeri

266 1967 314 1994 per
326 1968 356 1988 se
374 1969 459 1996 neque
477 1963 636 1998 coujnngit,
652 1971 739 1999 neque
755 1964 863 1998 dividit,
880 1972 967 2000 neque
981 1965 1054 1992 enim

267 2005 348 2033 habet
361 2014 405 2034 res
422 2007 473 2034 sibi
489 2008 627 2043 subjectas
645 2017 651 2036 :
666 2016 728 2036 nam
745 2017 876 2037 numerus
892 2010 948 2044 ipse
963 2017 1011 2044 per
1025 2017 1056 2037 se

265 2057 356 2085 neque
369 2051 488 2086 copulat,
501 2060 589 2087 neque
606 2057 725 2088 separat,
738 2054 784 2081 sed
801 2057 948 2088 utrumque
956 2054 1057 2081 admit-

265 2098 309 2129 t‘l,
319 2097 364 2124 tali
376 2097 414 2124 vel
424 2097 469 2125 tali
493 2103 627 2133 respectu,
640 2099 721 2127 veluti
736 2100 868 2132 binarius,
878 2104 905 2127 et
913 2104 1056 2134 quaterna-

265 2142 323 2170 rius
332 2151 470 2176 numerus,
483 2144 505 2170 si
517 2145 635 2172 unitates
644 2145 784 2180 respicias,
797 2153 830 2173 ex
841 2145 940 2180 quibus
947 2152 1057 2179 compo-

266 2189 352 2219 nitur,
362 2189 387 2216 in
398 2196 445 2217 eas
454 2190 598 2223 dividitur;
611 2191 633 2218 si
646 2191 775 2218 unitatem
791 2191 887 2218 borum
905 2191 1015 2225 quaeris,
1024 2198 1056 2217 ex

267 2234 301 2261 iis
310 2235 482 2269 componitur
491 2236 560 2263 :duo
567 2236 700 2270 ctenimfet
710 2236 775 2266 duo,
783 2236 804 2264 si
816 2236 852 2264 ita
861 2236 982 2267 fuerit,iu
991 2243 1056 2270 qua-

268 2285 331 2308 tuor
340 2281 406 2313 abit,
418 2287 535 2316 quatuor
544 2290 607 2309 vero
619 2283 644 2309 in
654 2283 708 2310 duo
723 2283 811 2310 ctduo
820 2283 958 2310 dividitur.
967 2282 1056 2316 Quare

267 2326 439 2354 vurissimum
452 2327 534 2354 fuerit
545 2333 667 2355 naturam
678 2330 782 2356 numeri
794 2329 860 2356 nihil
871 2328 1056 2363 prmscriptum

269 2370 379 2403 habere,
397 2379 485 2406 neque
496 2380 660 2406 separatum,
671 2381 757 2408 neque
770 2373 888 2404 unitum,
907 2372 953 2400 sed
967 2373 993 2400 in
1014 2381 1057 2400 rc-

268 2423 329 2443 rum
347 2417 488 2452 complexu
504 2424 530 2445 et
541 2420 737 2454 compositione
745 2420 848 2448 subire.
860 2419 956 2448 Inscite
967 2420 1058 2454 itaque

269 2463 445 2498 improbeque
454 2464 677 2493 determinaveris
685 2470 809 2492 naturam
817 2465 922 2493 numeri
932 2473 1058 2493 necessa-

269 2509 311 2534 rio
326 2516 416 2535 rerum
425 2509 588 2537 divisionem
601 2511 741 2546 subsequi,
753 2516 779 2538 ct
791 2519 844 2538 non
857 2519 948 2539 rerum
964 2511 1056 2543 unitzr,

269 2558 317 2580 aut
332 2554 427 2582 divisa:
448 2560 552 2583 naturze
571 2564 727 2589 numerum,
744 2562 773 2584 ut
787 2562 852 2592 quot
867 2557 922 2584 sint
937 2557 1059 2592 subjecta

270 2599 453 2634 innotescant,
477 2602 584 2636 signum
610 2607 740 2636 statuere,
758 2611 820 2630 cum
850 2604 902 2631 alia
932 2604 1012 2637 ratio,
1032 2607 1059 2630 ct

271 2653 324 2672 non
353 2654 484 2675 numerus
513 2655 545 2675 ea
570 2649 725 2676 subdividat
747 2654 773 2676 et
799 2649 915 2684 copulet.
938 2649 1059 2683 Namque

270 2692 364 2719 decem
382 2693 461 2720 ulnas
485 2693 549 2729 ligni
569 2695 702 2728 continui,
720 2695 742 2723 si
760 2696 795 2722 ita
813 2694 905 2726 fuerit,
929 2695 1059 2727 dicimus,

271 2745 324 2765 non
349 2746 463 2766 numero
488 2740 639 2768 dividentes
664 2742 803 2774 unionem,
825 2749 886 2776 qua:
911 2742 938 2768 in
966 2742 1058 2769 decem

270 2782 395 2810 ulnarum
411 2784 483 2820 ligno
494 2791 554 2818 est;
569 2793 734 2820 rursumque
755 2786 848 2813 decem
867 2786 972 2814 modios
994 2787 1059 2813 dum

271 2827 399 2862 dicimus,
418 2831 520 2858 divisos
543 2839 590 2858 eos
613 2832 796 2866 agnoscimus.
811 2832 846 2859 Ita
869 2840 913 2860 res
931 2841 960 2860 sc
980 2832 1060 2859 habet

271 2877 297 2899 0³
316 2875 396 2904 rebus
413 2877 438 2903 in
452 2877 523 2913 aliis.
536 2878 564 2905 Si
578 2885 706 2906 numerus
719 2878 751 2905 dc
764 2878 868 2906 naturis
885 2878 1057 2913 prmdicctur.

1072 2260 1094 2289 ι)

1099 956 1217 991 ἑκάτερα
1233 957 1283 990 τῆς
1309 956 1457 991 μεσότητος
1478 956 1604 987 ἀτοπίας,
1619 956 1682 982 ὅσαι
1705 955 1738 982 ἂν
1753 955 1801 982 καὶ
1817 953 1882 986 εἷεν,

1098 1001 1296 1036 ὲξοστρακίζει,
1314 1002 1362 1028 καὶ
1379 1002 1454 1036 μένει
1470 1002 1568 1037 βεῦαια
1579 1003 1625 1028 καὶ
1639 1001 1838 1036 ἀμετακίνητος
1854 1003 1884 1028 ἐν

1097 1048 1130 1082 τῇ
1148 1048 1198 1082 τῆς
1216 1047 1346 1082 ἀληθείας
1371 1047 1511 1082 μεσότητι.
1532 1047 1624 1080 Ταῦτα
1642 1047 1717 1082 παρὰ
1738 1048 1787 1082 τῆς
1804 1047 1884 1082 ἁγίας

1097 1094 1231 1128 τετάρτης
1261 1093 1370 1120 συνόδου
1395 1094 1490 1125 αὑταῖς
1519 1093 1623 1126 λέξεσιν
1652 1094 1805 1129 ὁρισθέντα,
1837 1094 1885 1120 καὶ

1099 1139 1300 1174 ὲκφωνηθέντα,
1320 1139 1368 1166 καὶ
1383 1138 1560 1174 κηρυχθέντα
1571 1141 1636 1174 περὶ
1657 1140 1705 1166 τοῦ
1724 1140 1794 1166 κατὰ
1816 1140 1884 1174 Χρι-

1100 1185 1161 1211 στὸν
1175 1183 1336 1219 μυστηρίου,
1352 1184 1392 1215 τίς
1405 1185 1478 1210 ἐστιν
1492 1184 1531 1217 ὃς,
1548 1184 1596 1211 καὶ
1615 1184 1701 1219 ὑγιεῖς
1720 1184 1769 1216 τὰς
1784 1185 1885 1219 φρένας

1099 1230 1179 1265 ἔχων,
1199 1230 1306 1265 φήσειε,
1321 1230 1370 1266 τὴν
1392 1230 1527 1266 τετάρτην
1544 1229 1653 1256 σύνοδον
1671 1231 1834 1265 συμφρονεῖν
1847 1229 1886 1264 τῷ

1099 1276 1249 1310 Νεστορίῳ,
1272 1276 1365 1311 καὶτῇ
1389 1275 1436 1302 ἀπ’
1452 1275 1535 1302 αὐτοῦ
1562 1275 1707 1312 κακοδοξίᾳ
1729 1276 1885 1309 συναπάγε-

1100 1321 1179 1355 σοαι;
1197 1321 1296 1356 μᾶλλον
1313 1321 1363 1357 μὲν
1377 1319 1423 1348 οὖν
1438 1321 1490 1359 ὑπὸ
1504 1321 1606 1356 ταύτης
1620 1321 1669 1356 τῆς
1693 1321 1802 1348 συνόδου
1820 1321 1886 1347 ἀνα-

1101 1369 1298 1404 θεματισθέντα
1317 1369 1363 1396 τόν
1383 1379 1412 1396 τε
1431 1369 1585 1404 Διόσκορον,
1602 1371 1650 1397 καὶ
1667 1369 1823 1405 Νεστόριον.
1840 1370 1888 1396 καὶ

1101 1415 1234 1450 Εὑτυχέα,
1261 1415 1295 1442 τὰ
1319 1416 1350 1442 ἐκ
1370 1415 1518 1451 διαμέτρου
1543 1415 1616 1442 κακὰ
1635 1416 1682 1442 καὶ
1704 1415 1822 1451 όμότιμα
1838 1416 1888 1450 τὴν

1101 1460 1181 1487 ἀσέὃε
1188 1469 1240 1487 ιαν.

1138 1505 1174 1537 ς’.
1190 1507 1220 1532 Εἰ
1235 1506 1263 1532 δέ
1280 1514 1309 1532 σε
1319 1506 1349 1533 τὸ
1361 1506 1451 1533 δισσὸν
1463 1506 1517 1533 τῶν
1533 1507 1639 1541 φύσεων
1657 1507 1827 1541 ἐκταράττει,
1841 1507 1888 1533 καὶ

1103 1551 1182 1586 ήτῆς
1195 1552 1289 1584 δυάδος
1303 1552 1351 1578 τοῦ
1371 1551 1488 1587 ἀριθμοῦ
1510 1552 1665 1587 ἐκφώνησις
1685 1552 1841 1587 παραυτίκα
1859 1552 1890 1578 τὸ

1103 1597 1266 1633 διῃρημένον
1278 1598 1332 1624 τῶν
1346 1598 1516 1633 πραγμάτων
1531 1598 1675 1634 ὑποτίθησί
1700 1607 1729 1624 σε
1744 1599 1824 1629 νοεῖν,
1842 1598 1889 1624 καὶ

1103 1643 1209 1680 λογίζῃ,
1220 1645 1260 1671 ὅτι
1279 1645 1333 1676 πᾶς
1347 1644 1461 1680 ἀριθμὸς
1485 1644 1540 1671 τῶν
1557 1644 1747 1672 ιδιοσυστάτων
1762 1645 1890 1679 πραγμά-

1102 1697 1156 1716 των
1173 1689 1230 1716 ἐστὶ
1250 1689 1408 1724 δηλωτικὸς,
1429 1689 1624 1724 ἀμαθαίνοντός
1637 1691 1694 1716 ἐστι
1715 1689 1802 1720 τοῦτο,
1819 1689 1890 1724 ἤπερ

1103 1735 1214 1767 εἰδότος.
1239 1735 1343 1762 Οὐκοῦν
1365 1735 1547 1771 διορισώμεθα
1568 1735 1611 1762 διὰ
1627 1735 1760 1770 βραχέων,
1776 1735 1834 1766 πῶς
1850 1735 1891 1761 δεῖ

1104 1781 1169 1816 περὶ
1181 1780 1275 1813 δυάδος
1295 1781 1342 1807 καὶ
1361 1780 1406 1807 τοῦ
1427 1780 1521 1807 λοιποῦ
1534 1780 1634 1811 παντὸς
1655 1780 1772 1815 ἀριθμοῦ
1789 1780 1890 1814 ἀκριϐῆ

1105 1827 1208 1853 ἔννοιαν
1223 1826 1306 1862 ἔχειν.
1323 1827 1353 1853 ’0
1368 1826 1422 1862 γὰρ
1438 1826 1554 1862 ἀριθμὸς
1570 1826 1666 1857 διττῶς
1679 1826 1799 1860 λέγεται,
1813 1826 1827 1852 ό
1841 1825 1892 1860 μέν

1104 1881 1145 1904 τις
1160 1873 1251 1904 ἁπλῶς
1267 1873 1315 1899 καὶ
1331 1872 1391 1900 καθ’
1405 1872 1510 1905 ἑαυτὸν,
1524 1873 1538 1899 ό
1553 1872 1581 1898 δὲ
1601 1873 1630 1898 ὲν
1643 1871 1734 1906 σχέσει
1757 1871 1803 1897 καὶ
1820 1871 1892 1906 πρά-

1106 1926 1192 1952 γματι
1214 1917 1412 1953 Θεωρούμενος,
1434 1916 1529 1952 ὥσπερ
1546 1916 1653 1949 λευκὸν,
1678 1916 1696 1952 ἥ
1713 1925 1742 1943 τε
1762 1916 1893 1951 λευκότης

1105 1964 1152 1990 καὶ
1180 1964 1211 1990 τὸ
1233 1963 1458 1998 λελευκασμένον.
1487 1962 1561 1997 Αὐτὴ
1583 1962 1673 1989 τοίνυν
1695 1963 1711 1997 ἠ
1739 1962 1820 1996 φύσις
1845 1962 1892 1988 τοῦ

1105 2008 1222 2044 ἀριθμοῦ
1237 2008 1297 2036 καθ’
1315 2008 1415 2043 ἑαυτὴν
1426 2007 1488 2035 οὗτε
1499 2008 1640 2038 συνάπτει,
1656 2006 1717 2034 οὔτε
1731 2007 1844 2041 διαιρεῖ·
1861 2006 1893 2033 οὐ

1105 2055 1160 2088 γὰρ
1174 2053 1231 2089 ἔχει
1248 2053 1416 2088 ὑποκείμενα
1431 2053 1592 2089 πράγματα.
1614 2053 1669 2079 Καὶ
1680 2052 1733 2086 γὰρ
1749 2053 1763 2078 ὁ
1777 2051 1893 2086 ἀριθμὸς

1106 2100 1187 2132 αὺτδς
1202 2099 1263 2127 καθ’
1275 2099 1380 2132 ἑαυτὸν,
1395 2098 1457 2125 οὗτε
1474 2098 1615 2130 συνάπτει,
1632 2097 1694 2124 οὔτε
1710 2097 1819 2132 διαιρεῖ,
1834 2097 1891 2123 ἀλλ’

1106 2146 1250 2181 ἀμφότερα
1267 2145 1373 2180 δέχεται
1387 2146 1420 2180 τῇ
1437 2145 1500 2179 ποιᾷ
1517 2144 1618 2179 σχέσει.
1631 2140 1717 2178 Οἶονὴ
1729 2143 1803 2175 δυὰς,
1818 2143 1864 2169 καὶ
1876 2144 1892 2179 ἡ

1106 2192 1216 2227 τετρὰς,
1228 2192 1252 2217 ει
1263 2191 1311 2226 μὲν
1319 2191 1366 2222 τὰς
1377 2190 1492 2226 μονάδας
1503 2189 1625 2225 Θεωρεῖς,
1635 2190 1663 2222 ἐξ
1672 2186 1709 2215 ὧν
1717 2189 1892 2224 συνέστηκεν,

1108 2238 1147 2269 εἰς
1155 2237 1256 2268 ταύτας
1266 2237 1419 2270 διαιρεῖται·
1431 2236 1455 2262 εἰ
1466 2236 1494 2262 δὲ
1505 2235 1553 2271 τὴν
1568 2235 1668 2270 μονάδα
1678 2235 1779 2261 τούτων
1791 2235 1893 2269 ζητεῖς,

1107 2284 1139 2310 ἐκ
1149 2283 1250 2310 τούτων
1263 2282 1444 2309 συνάπτεται·
1461 2281 1507 2308 δύο
1524 2281 1578 2317 γὰρ
1595 2281 1709 2311 καὶδύο,
1720 2281 1744 2307 εἰ
1755 2280 1841 2315 τύχοι,
1853 2280 1893 2311 εἰς

1106 2329 1228 2364 τέσσαρα
1238 2329 1412 2360 συνάπτεται,
1420 2327 1452 2354 τὰ
1463 2327 1491 2353 δὲ
1503 2327 1622 2362 τέσσαρα
1631 2326 1722 2358 εἰςδύο
1737 2326 1781 2352 χαὶ
1792 2325 1839 2351 δύο
1852 2325 1892 2351 δι-

1107 2376 1234 2410 αιρεῖται,
1247 2374 1330 2400 Ὥστε
1342 2373 1441 2404 παντὸς
1457 2372 1638 2407 ἀληθέστερον
1653 2372 1740 2398 εἰπεῖν
1754 2371 1803 2406 τὴν
1814 2370 1894 2404 φύσιν

1107 2421 1154 2448 τοῦ
1168 2420 1284 2455 ἀριθμοῦ
1297 2419 1380 2455 μηδὲν
1390 2419 1579 2455 ἀφωρισμένον
1592 2418 1673 2453 ἔχειν,
1688 2418 1755 2452 μήτε
1769 2417 1799 2443 τὸ
1810 2425 1896 2451 κεχω-

1110 2466 1246 2502 ρισμένον,
1264 2466 1332 2500 μήτε
1348 2465 1378 2491 τὺ
1396 2465 1545 2500 ἡνωμένον,
1562 2465 1591 2491 ὲν
1606 2465 1634 2491 δὲ
1651 2465 1683 2500 τῇ
1697 2463 1751 2490 τῶν
1767 2463 1896 2498 πραγμά-

1108 2521 1160 2539 των
1190 2511 1323 2546 ὲπιπλοκῇ
1364 2512 1411 2538 καὶ
1453 2511 1576 2538 συνθέσει
1605 2510 1685 2537 τοῦτο
1720 2509 1895 2543 ὑφίστασθαι.

1115 2558 1230 2592 ’Λμαϐὲς
1255 2556 1301 2584 οὖν
1319 2558 1349 2584 τδ
1365 2558 1398 2593 τῇ
1425 2557 1504 2592 φύσει
1532 2556 1580 2583 τοῦ
1600 2555 1717 2591 ἀριθμοῦ
1740 2555 1895 2589 ἀναγκαῖως

1109 2605 1157 2640 τὴν
1178 2604 1310 2639 διαίρεσιν
1331 2603 1385 2630 τῶν
1402 2603 1573 2639 πραγμάτων
1596 2603 1710 2629 ἕπεσθαι
1729 2601 1896 2636 νομοθετεῖν,

1110 2650 1177 2676 ἀλλὰ
1191 2650 1268 2685 μὴτῇ
1279 2649 1333 2677 τῶν
1345 2650 1513 2685 πραγμάτων
1525 2649 1652 2685 ἡνωμένη
1664 2647 1732 2683 γε,ἢ
1744 2647 1896 2682 διῃρημένη

1110 2695 1202 2729 φύσει,
1217 2696 1263 2721 τὸν
1277 2695 1394 2730 ἀριθμὸν
1408 2696 1520 2729 σημεῖον
1535 2695 1672 2721 ποιεῖσθαι
1686 2695 1732 2722 τοῦ
1747 2694 1830 2721 ποσοῦ
1842 2695 1897 2721 τῶν

1111 2741 1310 2775 ἑποκειμένων,
1321 2740 1400 2767 ἄλλον
1418 2740 1499 2775 λόγου
1515 2741 1562 2767 καὶ
1571 2742 1601 2767 οὐ
1620 2741 1666 2768 τοῦ
1679 2741 1797 2776 ἀριθμοῦ
1809 2740 1897 2767 ταῦτα

1110 2786 1276 2820 διαιροῦντος
1297 2787 1342 2813 καὶ
1361 2786 1550 2818 συνάπτοντος.
1581 2787 1636 2813 Καὶ
1655 2787 1707 2822 γὰρ
1721 2787 1787 2813 δέκα
1802 2787 1899 2821 πήχεις

1110 2832 1227 2866 λέγομεν
1241 2831 1290 2858 τοῦ
1309 2833 1446 2867 συνεχοῦς,
1463 2833 1486 2859 εἰ
1511 2832 1598 2866 τύχοι,
1621 2831 1709 2865 ξύλου,
1728 2833 1757 2858 οὺ
1779 2832 1898 2858 συνδιαι-

1113 2878 1221 2913 (missa;
1237 2878 1273 2912 τῷ
1290 2878 1397 2914 ἀριθμῷ
1414 2878 1458 2905 καὶ
1475 2878 1521 2913 τὴν
1538 2879 1650 2913 ἑνότητα
1663 2878 1711 2913 τὴν
1727 2879 1755 2904 ἐν
1771 2877 1809 2912 τῷ
1821 2877 1899 2904 δεκα-
