2092 3156
150 183 206 216 605

575 180 792 212 REFUTATIO
809 182 1000 213 EPISTOLE
1015 183 1129 213 REGIS
1149 184 1345 215 ARMEN’i/E.

1734 188 1790 221 606

151 240 233 274 πήχει
259 236 339 272 ξύλῳ.
365 235 413 263 καὶ
431 236 512 263 πάλιν
537 235 602 262 δέκα
624 237 732 271 μοδίους
758 237 894 271 λέγοντες,
915 238 944 263 ὲν

1002 246 1051 265 non
1069 246 1165 266 earnm
1181 239 1363 274 quantitatem
1380 239 1582 272 antecedenter,
1599 240 1647 268 sed
1663 247 1787 270 naturam

152 285 284 321 διαιρέσει
307 283 419 314 τούτους
436 283 619 317 ἐπιστάμεθα.
643 283 736 315 Οὕτως
760 281 806 310 οὖν
832 284 879 310 καὶ
900 283 946 309 ἐπὶ

152 331 207 358 τῶν
223 330 325 365 ἐτέρων
340 329 397 364 ἔχει
411 328 598 364 πραγμάτων·
615 329 640 355 εἰ
664 329 714 364 μὲν
732 330 746 356 ὁ
764 329 881 365 ἀριθμὸς
895 329 946 362 φύ-

152 386 228 404 σεσιν
247 375 431 410 ἑπιφημισθῇ,
448 375 479 402 οὑ
502 375 532 401 τὸ
549 375 632 401 ποσὸν
656 375 747 402 αὐτῶν
770 376 946 411 προηγουμέ-

153 432 217 454 νως,
233 422 300 449 ἀλλὰ
319 421 350 448 τὸ
376 421 533 456 ὲτερογενὲς
557 421 733 456 παρίστησιν.
756 422 855 449 Ἵππου
880 423 946 458 γὰρ,

152 469 201 496 καὶ
215 468 373 503 ἀνθρώπου,
390 467 438 494 καὶ
453 467 514 502 βοὸς
528 468 603 502 τρεῖς
616 467 740 502 λέγοντες
755 467 862 502 φύσεις,
875 469 906 495 οὑ
916 469 947 495 τὸ

151 515 319 550 διῃρημένον
337 514 427 540 αὐτῶν
447 513 518 540 κατὰ
541 513 571 540 τὸ
591 514 685 546 ποσὸν,
702 514 770 542 ἀλλὰ
784 514 815 541 τδ
841 515 947 550 παρηλ-

153 561 289 596 λαγμένον
311 560 382 587 κατὰ
398 560 429 586 τὸ
451 557 522 591 εἶδος
539 560 710 595 σημαίνομεν
723 569 729 576 -
746 561 821 596 τρεῖς
845 561 874 588 δὲ
899 561 947 587 ἀν-

154 607 291 642 θρώπους.
313 607 337 633 εί
352 606 440 641 τύχοι,
456 606 572 640 Πέτρον,
587 606 635 633 καὶ
650 606 766 638 Παῦλον,
783 607 830 634 καὶ
855 607 944 634 Ἰωάνα

153 663 203 690 νην
224 654 255 680 τὸ
277 653 444 689 διῃρημένον
457 653 546 679 αὐτῶν
565 653 676 688 μᾶλλον,
699 653 746 680 καὶ
759 653 801 680 ὅτι
815 654 899 685 τόσοι,
917 653 948 681 οὗ

153 700 270 727 τοιοῦτοι
294 699 334 731 δὲ,
348 698 537 734 παριστῶμεν,
558 698 638 726 Οὖτω
661 699 708 726 καὶ
721 699 766 725 ἐπὶ
781 699 831 732 τῆς
847 700 950 726 οἰκονο-

156 746 221 781 μίας
236 745 283 772 δύο
298 745 422 778 λέγοντες
437 744 486 776 τὰς
509 744 616 779 φύσεις,
633 744 664 771 τὸ
682 745 829 780 ἑτεροειδὲς
846 745 948 778 αὐτῶν,

155 791 187 817 οὑ
205 791 235 817 τὸ
263 790 466 826 κεχωρισμένον
481 790 628 824 δηλοῦμεν,
656 790 833 822 ἐκϐάλλοντες
854 791 882 817 δὲ
899 791 949 818 αὑ-

155 837 222 868 τῶν,
238 837 261 863 ιί
277 836 323 863 καὶ
348 836 385 871 μὴ
404 833 459 862 εἷεν
480 836 668 870 ἐνυπόστατοι,
690 836 736 863 τὸν
759 836 814 863 τῶν
830 837 949 864 ὑποστά-

157 891 227 910 σεων
253 882 379 917 ἀριθμὸν,
404 882 434 908 εὖ
459 882 531 917 μάλα
560 882 671 914 εἰδότες,
687 882 729 909 ὅτι
752 882 806 909 οὐδ’
826 883 872 910 ἐπὶ
894 882 949 909 τῶν

157 929 306 956 ὑποστάσει
331 929 378 955 καὶ
394 929 473 965 οὐσίᾳ
491 929 715 964 κεχωρισμένων,
735 927 790 956 οἷον
808 929 886 957 τοῦδε
902 930 948 957 τοῦ

157 975 254 1006 ἵππου,
269 975 315 1001 καὶ
327 974 403 1001 τοῦδε
417 974 464 1001 τοῦ
479 975 539 1010 βοὸς
553 976 569 1009 ἡ
583 975 674 1009 φύσις,
687 975 717 1002 οὗ
730 976 760 1002 τὸ
774 976 946 1012 διῃρημένον,

157 1021 226 1047 ἀλλὰ
240 1021 271 1048 τι
283 1021 420 1055 διάφορον,
439 1020 534 1056 ὥσπερ
548 1021 596 1047 καὶ
612 1021 629 1057 ὴ
645 1021 795 1053 ὑπόστασις
807 1022 836 1048 τὸ
853 1022 949 1058 διῃρη-

161 1066 251 1101 μένον,
270 1067 375 1102 ἧπουγε
401 1066 448 1092 ἐπὶ
465 1065 520 1092 τῶν
544 1066 581 1101 μὴ
600 1067 660 1093 καθ’
676 1067 759 1093 ἑαυτὰ
782 1067 950 1102 ἐμφαινομέ-

158 1120 222 1144 νων,
240 1111 308 1138 ἀλλὰ
332 1112 390 1146 ἅμα
416 1120 445 1138 τε
466 1112 512 1138 καὶ
534 1112 563 1138 ὲν
586 1112 711 1147 ἀλλήλοις
727 1113 812 1140 ὄντων
840 1114 889 1149 μὲν
905 1114 951 1140 καὶ

158 1158 318 1192 γινομένων,
345 1159 361 1193 ἡ
386 1157 477 1192 φύσις,
492 1158 523 1184 οὐ
543 1158 574 1185 τὸ
598 1159 813 1194 κεχωρισμένον,
835 1159 903 1186 ἀλλὰ
920 1160 950 1186 τὺ

157 1204 286 1239 διάφορον
307 1204 432 1239 δηλώσει,
456 1205 510 1231 εῐτε
535 1205 581 1230 ἐπὶ
599 1204 748 1239 θεολογίας,
763 1205 819 1232 εἴτε
842 1206 888 1232 ἐπὶ
901 1205 951 1240 τῆς

158 1251 326 1286 οἰκονομίας,
341 1251 397 1277 εἴτε
412 1251 459 1278 ἐπὶ
473 1252 573 1284 παντὸς
596 1252 767 1288 πράγματος.
782 1253 835 1279 Καὶ
851 1253 950 1285 ἄλλως,

158 1298 200 1324 ὅτι
219 1297 244 1323 ει
266 1297 314 1323 καὶ
333 1297 504 1332 ἀριθμοῦμεν
523 1297 571 1329 τὰς
585 1298 632 1324 τοῦ
646 1297 764 1334 Χριστοῦ
781 1298 827 1325 δύο
845 1298 950 1333 φύσεις,

157 1343 206 1370 δύο
220 1343 322 1374 ταύτας
342 1342 478 1377 λέγοντες,
495 1343 544 1370 οὑκ
561 1343 707 1379 εἰσάγομεν
718 1344 861 1379 διαίρεσιν,
875 1345 950 1378 ἐνερ-

158 1388 222 1424 γείᾳ
234 1387 290 1414 τῶν
309 1388 416 1422 φύσεων
429 1389 476 1415 καὶ
496 1389 550 1416 τῶν
570 1389 719 1425 ἰδιοτήτων.
741 1390 797 1422 Πᾶς
814 1389 868 1425 γὰρ
887 1391 950 1424 ἀρι-

159 1433 231 1469 θμὸς
250 1434 305 1461 τῶν
320 1434 504 1470 διαφερόντων
517 1435 577 1462 ἐστί
588 1443 594 1450 ·
609 1428 662 1462 καὶ⁸
670 1427 800 1462 ἀδύνατον
822 1436 951 1471 ἀριθμεῖ-

160 1480 223 1507 σθαι
235 1481 268 1507 τὰ
281 1481 350 1507 κατὰ
360 1481 444 1516 μηδὲν
457 1481 628 1517 διαφέροντα,
643 1481 705 1508 καθ’
720 1482 734 1508 ὃ
743 1482 771 1508 δὲ
780 1482 950 1517 διαφέρουσι,

159 1529 230 1556 κατὰ
246 1529 324 1555 τοῦτο
339 1529 387 1556 καὶ
398 1528 592 1565 ἀριθμοῦνται·
607 1528 663 1556 οἷον
675 1530 690 1556 ὁ
703 1529 814 1565 Πέτρος,
827 1530 843 1564 ἦ
856 1531 869 1555 ὁ
882 1530 952 1556 Παῦ-

159 1575 215 1606 λος,
231 1576 292 1602 καθ’
308 1575 322 1602 ὃ
339 1575 390 1610 μὲν
403 1576 533 1610 ἥνωνται,
553 1576 603 1602 οὑκ
615 1575 795 1611 ἀριθμοῦνται
807 1585 810 1589 ν
824 1576 863 1611 τῷ
880 1576 952 1610 λόγῳ
966 1594 987 1622 C

159 1621 214 1656 γὰρ
231 1622 278 1656 τῆς
295 1621 388 1653 οὐσίας
417 1622 561 1656 ἡνωμένοι,
586 1622 634 1648 δύο
654 1621 750 1656 φύσεις
772 1622 802 1648 οὐ
824 1622 951 1648 δύναντιιι

161 1666 300 1699 λέγεσθαι,
321 1666 383 1693 καθ’
399 1666 548 1694 ὑπόστασιν
570 1667 599 1694 δὲ
620 1667 805 1702 διαφέροντες,
825 1668 871 1694 δύο
888 1669 952 1694 ὑπο·

161 1712 274 1743 στάσεις
291 1712 426 1746 λέγονται.
440 1713 522 1738 Ὥστε
537 1713 550 1738 ὁ
563 1713 681 1748 ἀριθμὸς
699 1712 952 1748 τῶν’διαφερόντων

159 1758 228 1791 ἐστὶ,
246 1758 293 1784 καὶ
309 1755 331 1792 ᾦ
343 1758 435 1793 τρόπῳ
448 1758 606 1794 διαφέρουσι
623 1759 657 1784 τὰ
677 1759 852 1794 διαφέροντα,
866 1759 952 1793 τούτῳ
982 1758 987 1762 ’

160 1803 200 1838 τῷ
222 1803 315 1839 τρόπῳ
342 1804 389 1830 καὶ
411 1803 604 1839 ἀριθμοῦνται.
619 1804 758 1830 Ἤνωνται
785 1804 834 1839 μὲν
859 1805 886 1830 αἱ
904 1804 951 1830 τοῦ

160 1849 264 1884 Κυρίου
279 1849 374 1884 φύσεις
385 1849 546 1884 ἀτυγχύτως
558 1849 620 1876 καθ’
634 1849 795 1880 ὑπόστασιν,
811 1849 952 1884 διῄρηνται

159 1895 188 1922 δὲ
204 1896 366 1930 ἁδιαιρέτως
379 1896 450 1931 λόγῳ
468 1897 515 1922 καὶ
531 1896 624 1930 τρόπῳ
635 1896 686 1930 τῆς
700 1895 840 1930 διαφορᾶς.
858 1896 912 1922 Καὶ

163 1942 212 1976 μὲν
227 1942 321 1976 τρόπῳ
335 1942 464 1977 ἤνωνται,
485 1942 536 1968 οὐκ
554 1941 750 1977 ἀριθμοῦνται·
772 1942 802 1968 οὐ
815 1941 869 1976 γὰρ
892 1941 952 1968 καθ’

161 1987 311 2014 ὑπόστασιν
324 1987 371 2014 δύο
390 1988 480 2023 φαμὲν
495 1985 565 2014 εἷναι
582 1988 630 2019 τὰς
652 1987 748 2022 φύσεις
761 1987 807 2013 τοῦ
822 1987 950 2022 Χριστοῦ.

161 2030 197 2070 ⁷ῼ
207 2033 235 2060 δὲ
249 2034 341 2068 τρόπῳ
352 2034 512 2068 ἀδιαιρέῖως
530 2034 682 2069 διῄρηνται,
698 2033 878 2069 ἀριθμοῦνται
889 2041 895 2047 ·
907 2033 954 2059 δύο

161 2081 216 2116 γάρ
228 2082 296 2107 εἰσιν
311 2081 339 2108 αἱ
356 2081 451 2115 φύσεις
467 2080 513 2107 τοῦ
526 2080 644 2115 Χριστοῦ
658 2080 730 2115 λόγῳ
741 2079 789 2106 καὶ
802 2079 894 2114 τρόπῳ
904 2080 954 2114 τῆς

162 2127 306 2161 διαφορᾶς,
318 2127 455 2162 ἡνωμέναι
474 2127 523 2161 μὲν
541 2126 601 2152 καθ’
618 2126 778 2157 ὑπόστασιν,
799 2126 844 2152 καὶ
863 2125 912 2160 τὴν
926 2126 954 2151 ἐν

161 2172 292 2207 ἀλλήλαις
305 2172 493 2207 περιχώρησιν
508 2171 630 2207 ἔχουσαι,
653 2170 812 2206 ἁσυγχὺτως
824 2171 953 2206 ῆνωνται,

162 2218 211 2252 τὴν
227 2219 331 2244 οἰκείαν
348 2218 450 2252 ἑκάστη
467 2217 585 2252 φυσικὴν
606 2217 739 2252 διαφορὰν
758 2216 952 2248 διασώζουσαι.

997 283 1134 311 diversam
1149 285 1279 320 importat
1292 285 1371 320 :equi
1385 285 1458 312 ettim
1477 291 1505 313 et
1522 287 1652 319 hominis,
1670 292 1696 315 et
1712 289 1789 317 bovis

996 333 1051 356 II‘L‘S
1068 334 1178 357 naturas
1186 335 1351 362 asserentes,
1361 338 1415 357 non
1429 338 1523 358 comm
1541 333 1690 360 secundum
1703 341 1791 369 quan-

996 374 1100 401 titatem
1129 374 1303 408 divisionem,
1323 376 1370 403 sed
1394 376 1549 411 seiunctum
1581 385 1614 405 ac
1632 384 1788 413 separatum

996 419 1024 446 in
1039 420 1128 454 specie
1142 420 1329 455 signiﬁcamus
1343 430 1349 448 :
1365 426 1420 450 tres
1435 430 1500 450 vero
1518 423 1643 452 homines
1655 425 1788 459 dicentes,

997 465 1019 493 si
1036 465 1148 499 fuerint,
1167 466 1288 501 Petrum,
1305 471 1333 494 el
1355 467 1482 502 Paulum,
1496 474 1523 496 et
1537 468 1682 503 Joannem,
1694 479 1790 499 eorum

997 512 1087 546 potius
1100 511 1273 544 divisionem.
1287 517 1315 539 et
1335 517 1374 540 tot
1387 521 1435 541 eos
1451 521 1522 548 esse,
1538 522 1591 542 non
1609 516 1678 544 tales
1693 521 1789 543 osten—

997 559 1101 587 dimus.
1113 559 1159 587 Sic
1171 564 1198 587 et
1221 560 1248 586 in
1264 561 1418 588 meonomia
1437 561 1506 589 duas
1529 568 1662 597 ponentes
1677 568 1792 591 naturas

997 605 1132 633 diversam
1152 606 1310 633 eorumdem
1341 606 1475 640 formam,
1502 616 1555 635 non
1590 609 1791 643 separationem

998 651 1187 687 exprimimus,
1202 660 1235 679 ex
1250 645 1319 687 ipsis
1333 653 1486 688 ejicientes.
1505 655 1569 682 licet
1584 655 1689 690 absque
1706 656 1792 691 hypo-

999 698 1064 725 stasi
1085 705 1139 725 non
1161 702 1263 730 essent,
1282 698 1464 734 hypostaseon
1496 708 1659 734 numerum,
1678 703 1792 736 pulchre

999 743 1129 771 callentes
1161 744 1188 771 in
1218 744 1359 780 ltypostasi
1380 749 1407 772 et
1428 746 1548 774 essentia
1572 747 1685 780 divisis,
1711 748 1792 783 hujus

998 790 1102 817 scilicet
1114 790 1187 824 equi,
1203 795 1231 817 et
1249 789 1331 825 hujus
1351 791 1429 818 bovis
1442 796 1568 819 naturam
1587 801 1639 820 non
1661 794 1791 827 divisum,

999 835 1046 862 sed
1073 835 1223 868 diversum,
1241 836 1471 870 quemadmodum
1498 842 1526 864 et
1547 838 1703 873 hypostasis
1723 841 1792 867 divi-

1000 885 1109 914 sum,et
1127 881 1213 908 multo
1239 882 1326 916 magis
1342 882 1368 908 in
1382 882 1426 915 iis,
1440 890 1502 917 qua:
1517 891 1549 910 ex
1566 891 1626 911 sese
1641 892 1695 912 non
1710 893 1792 920 appa-

1002 932 1072 959 rent,
1089 927 1136 954 sed
1153 931 1217 955 sunt
1232 927 1323 960 simul,
1340 936 1481 963 unutnquc
1509 929 1554 956 alii
1571 930 1658 963 inest‘,
1671 936 1695 958 et
1713 932 1791 964 tium,

1001 977 1127 1000 naturam
1149 981 1201 1000 non
1226 974 1437 1008 separationem,
1453 975 1499 1002 sed
1521 975 1706 1004 diversitatem
1724 977 1794 1004 indi-

1001 1024 1134 1051 caturam,
1148 1023 1206 1047 tum
1224 1020 1250 1046 in
1268 1020 1378 1052 divinis,
1393 1026 1450 1048 tum
1469 1021 1495 1048 in
1513 1023 1679 1056 oeconomia.
1692 1027 1749 1050 tum
1765 1024 1792 1051 in

1001 1073 1164 1100 quacunque
1176 1065 1229 1093 alia
1245 1073 1283 1092 re.
1299 1066 1376 1100 Item,
1391 1067 1456 1094 licet
1470 1075 1519 1094 nos
1538 1075 1715 1097 numeremus
1725 1070 1793 1097 duas

1001 1110 1101 1139 Christi
1119 1118 1243 1143 naturas,
1260 1113 1329 1140 duas
1351 1113 1413 1140 illas
1427 1113 1559 1147 dicentes,
1576 1123 1629 1142 non
1649 1116 1709 1143 ideo
1729 1121 1792 1143 actu

1003 1159 1160 1187 inducimus
1178 1159 1338 1187 divisionem
1357 1164 1519 1188 naturarum
1547 1166 1573 1188 et
1586 1162 1792 1196 proprietatum.

1001 1203 1096 1232 Omnis
1113 1205 1186 1232 enim
1216 1212 1348 1232 numerus
1373 1212 1470 1232 eorum
1497 1211 1548 1238 est,
1563 1213 1625 1240 qua:
1649 1206 1791 1238 dim-runt.

1003 1250 1151 1285 nequitque
1178 1251 1246 1283 Iieri.
1264 1256 1293 1278 ut
1312 1259 1428 1279 numero
1448 1252 1719 1287 comprehendantur
1745 1261 1793 1286 ea,

1002 1304 1062 1330 quae
1080 1303 1127 1330 per
1139 1297 1231 1324 omnia
1249 1297 1300 1324 sibi
1322 1297 1420 1324 similia
1436 1302 1510 1329 sunt,
1529 1306 1623 1325 verum
1643 1299 1792 1325 secundum

1004 1342 1041 1373 id,
1050 1350 1105 1377 quo
1115 1342 1256 1375 dili‘erunt,
1266 1351 1379 1371 numero
1391 1343 1586 1378 subjiciuntur,
1598 1343 1680 1371 veluti
1697 1343 1794 1372 Petrus

1003 1391 1043 1417 vel
1061 1391 1159 1418 Paulus
1186 1391 1337 1418 secundum
1370 1390 1408 1423 id,
1424 1398 1480 1425 quo
1500 1391 1704 1426 coniunguntur
1716 1411 1723 1422 ,
1741 1398 1794 1417 non

1003 1437 1106 1463 cadunt
1134 1436 1185 1464 sub
1204 1445 1318 1464 numero
1337 1446 1343 1464 :
1360 1437 1464 1464 ratione
1484 1437 1556 1465 enim
1582 1438 1708 1464 essentia:
1727 1437 1794 1463 uniti

1003 1490 1055 1510 non
1065 1487 1180 1518 possunt
1190 1483 1250 1510 dum
1263 1487 1366 1511 natura:
1376 1483 1429 1510 dici
1442 1492 1448 1510 :
1460 1483 1506 1511 sed
1519 1483 1658 1519 hyposlasi
1668 1482 1796 1510 diﬂ'eren-

1004 1532 1060 1559 tes,
1084 1529 1145 1556 dua:
1172 1528 1333 1563 hyposlases
1353 1528 1491 1562 dicuntur,
1519 1529 1586 1556 adeo
1606 1533 1636 1556 ut
1662 1537 1794 1556 numerus

1003 1573 1187 1601 dili‘crentium
1208 1573 1254 1606 sit,
1265 1578 1292 1601 ct
1308 1574 1399 1607 modo,
1418 1580 1472 1609 quo
1489 1574 1793 1607 diﬂ'eruntdiﬂ'ercntia,

1003 1621 1097 1648 eodem
1116 1625 1143 1647 et
1156 1625 1344 1648 numerentur.
1365 1619 1471 1648 Junctaa
1485 1624 1549 1648 sunt
1564 1620 1673 1648 Domini
1691 1625 1797 1648 natura:

1004 1667 1147 1695 inconiuse
1165 1668 1315 1695 secundum
1342 1667 1521 1703 hypostasim,
1533 1667 1630 1695 divisae
1646 1675 1712 1694 τρι-ο
1731 1673 1796 1695 sunt

1005 1714 1119 1740 indivise
1135 1714 1240 1741 ratione
1264 1715 1400 1748 modoque
1410 1713 1570 1740 diﬂerentim
1582 1722 1590 1746 ;
1600 1721 1655 1748 quo
1664 1713 1797 1740 uniuntnr

1005 1760 1083 1786 modo
1098 1767 1151 1786 non
1168 1764 1347 1786 numerantur
1367 1768 1374 1786 :
1396 1767 1449 1786 non
1465 1759 1539 1786 enim
1554 1759 1623 1786 duas
1644 1759 1796 1787 secundum

1003 1804 1172 1839 lnypostasim
1185 1804 1303 1831 dicimus
1322 1812 1386 1831 esse
1396 1804 1497 1832 Christi
1512 1809 1624 1832 naturas
1639 1813 1645 1830 ε
1658 1811 1713 1840 quo
1729 1812 1795 1832 vero

1004 1851 1084 1877 modo
1097 1850 1213 1878 indivise
1228 1857 1401 1884 separantur.
1413 1855 1609 1878 numerantur:
1623 1850 1683 1878 dum
1695 1850 1798 1877 etenim

1003 1901 1065 1922 sttttl
1084 1895 1186 1924 Christi
1214 1900 1318 1922 naturze
1342 1895 1448 1922 ratione
1477 1896 1611 1930 modoque
1626 1895 1796 1928 diﬂ‘ercntim,

1003 1941 1106 1976 juncta:
1118 1941 1225 1974 quidem
1242 1941 1392 1967 secundum
1409 1940 1588 1976 hypostasim,
1606 1945 1633 1967 et
1651 1947 1712 1967 sese
1727 1941 1797 1966 invi-

1005 1995 1064 2014 cem
1096 1991 1268 2020 penetrantes
1285 1986 1427 2014 inconl'nse
1452 1987 1595 2018 unittttlttr,
1618 1990 1644 2012 ct
1658 1985 1798 2020 propriam

1004 2031 1118 2065 singulae
1144 2030 1294 2057 naturalem
1316 2029 1499 2056 diﬂ'rrenliam
1522 2033 1696 2057 conservant.
1719 2028 1800 2055 Modo

1005 2076 1098 2111 itaque
1114 2076 1272 2103 diﬂ'crentize
1283 2076 1474 2103 tantummodo
1486 2083 1500 2101 ιι
1515 2075 1593 2102 nobis
1605 2079 1795 2105 numerantur.

1005 2131 1059 2150 non
1079 2123 1238 2150 ditiduntur
1269 2127 1330 2150 actu
1360 2127 1387 2148 et
1417 2121 1588 2154 exsisteutia,
1620 2126 1650 2148 ut
1675 2121 1732 2156 ipse
1749 2120 1800 2147 tibi

1005 2167 1095 2203 ﬁngis.
1113 2167 1199 2197 Aliter
1219 2167 1301 2194 etiatn
1319 2166 1353 2194 de
1372 2167 1424 2194 hoc
1441 2166 1537 2194 eodem
1562 2165 1799 2201 philosophamur.

1005 2213 1063 2240 Non
1072 2213 1162 2241 omnis
1174 2221 1305 2241 numerus
1320 2221 1363 2241 res
1373 2221 1419 2249 per
1437 2221 1474 2240 se.
1484 2213 1666 2240 subsistentes
1677 2212 1778 2240 indicat
1790 2221 1798 2238 ι

162 2265 207 2299 Τῷ
217 2265 310 2300 τρόπῳ
321 2264 464 2300 τοιγαροῦν
474 2266 524 2300 τῆς
534 2265 665 2301 διαφορᾶς
675 2264 723 2290 καὶ
735 2264 814 2299 μόνον
824 2262 952 2298 ἀριθμού-

1008 2260 1089 2295 idque
1119 2259 1294 2287 manifestum
1323 2259 1375 2286 erit
1394 2266 1426 2286 ex
1449 2258 1638 2294 sequentibus.
1660 2257 1800 2292 Quidquid

165 2318 244 2345 μεναι
261 2310 305 2344 ὑφ’
321 2309 409 2345 ἡμῶν,
423 2310 454 2337 οὑ
473 2310 640 2346 διαιροῦνται
657 2310 784 2345 ἐνεργείᾳ
803 2310 852 2336 καὶ
867 2309 955 2344 ὑπάρ-

163 2357 214 2390 ξει,
227 2357 274 2383 καὶ
287 2357 325 2388 ὡς
340 2357 372 2383 σὺ
389 2356 524 2388 ὑπονοεῖς.
546 2357 602 2383 Καὶ
617 2357 706 2388 ἄλλως
723 2357 764 2388 είς
779 2355 808 2383 τὸ
824 2355 902 2398 αὑτὸΞ
915 2355 955 2382 ὄτι

163 2403 224 2438 οὐχὶ
241 2404 295 2435 πᾶς
308 2402 425 2438 ἀριθμὸς
437 2402 490 2429 τῶν
507 2402 698 2429 ίδιοσυστάτων
714 2402 885 2438 πραγμάτων
898 2401 956 2428 ἐστὶ

163 2448 312 2482 δηλωτικός
323 2457 331 2465 ο
346 2449 393 2475 καὶ
409 2448 488 2475 τοῦτο
503 2448 582 2484 δῆλον
601 2447 737 2474 ἐντεῦθεν.
751 2448 785 2474 Εἰ
798 2456 824 2474 τι
841 2447 890 2482 μὲν
902 2448 956 2482 γὰρ

165 2493 348 2520 ίδιοσύστατὸν
363 2495 432 2523 ἐστι.
444 2493 524 2520 τοῦτο
537 2494 646 2524 πάντως
661 2494 689 2520 ὲν
700 2493 811 2529 ἀριθμῷ
827 2493 955 2528 τυγχάνει

163 2539 209 2566 δν·
229 2539 259 2566 οὑ
276 2541 331 2567 πᾶν
348 2540 377 2567 δὲ
391 2540 421 2566 τὸ
437 2541 466 2566 ἐν
481 2539 590 2575 ἀριθμῴ
611 2539 756 2574 τυγχάνον,
772 2538 956 2566 ίδιοσύστατον

165 2584 198 2611 ἂν
217 2585 270 2619 εἴη.
289 2585 329 2612 Τὰ
357 2585 423 2620 γοῦν
441 2586 470 2612 ἐν
490 2587 546 2617 τοῖς
573 2585 722 2617 συνθέτοις,
740 2585 784 2611 ἵνα
808 2585 845 2620 μὴ
872 2584 957 2611 πολλὰ

164 2630 247 2664 λέγω,
264 2631 322 2663 ἑνὸς
334 2631 400 2658 ὄντα
415 2630 646 2666 συμπληρωτικὰ,
663 2630 710 2657 καὶ
727 2630 799 2657 κατὰ
813 2630 877 2665 μίαν
891 2638 957 2662 συγ-

165 2676 281 2710 κείμενα
307 2676 357 2712 τὴν
377 2678 528 2712 συνέχειαν,
546 2677 620 2711 ὅμως
641 2675 712 2702 αὐτὰ
729 2675 778 2710 μὲν
794 2675 836 2710 ἐφ’
853 2674 957 2702 ἑαυτῶν

167 2720 235 2748 ἰδίαν
250 2721 368 2757 ὓπαρξιν
381 2722 432 2749 οὐκ
455 2721 513 2757 ἔχει
523 2730 530 2737 ·
547 2722 607 2753 ἑνὸς
621 2721 649 2748 δὲ
673 2720 894 2756 συμπὶηρωτικὰ
911 2728 957 2754 γε-

164 2766 266 2802 νόμενα
278 2768 306 2794 ὲν
317 2767 355 2803 τῷ
368 2768 490 2803 συλλόγῳ
499 2763 549 2802 τὴν
563 2768 667 2794 οἰκείαν
681 2767 797 2803 ὓπαρξιν
810 2767 957 2794 ἐπιδείκνυ-

164 2821 220 2840 ται.
241 2814 345 2849 Ὥσπερ
368 2814 463 2848 ἀμέλει
483 2814 512 2840 τὸ
525 2814 605 2846 ζῶον,
621 2814 652 2840 τὸ
673 2813 793 2847 λογικὸν,
805 2812 835 2839 τὸ
850 2812 957 2847 θνητὸν,

165 2860 196 2886 οὗ
215 2859 267 2894 μὴν
293 2859 334 2886 ἔτι
358 2869 389 2894 γε
409 2860 456 2887 καὶ
473 2860 534 2886 καθ’
563 2861 631 2886 αὐτὰ
653 2861 810 2895 ὑπάρχοντα
838 2858 956 2892 ὁρᾶται,

166 2904 224 2931 ἀλλ’
241 2905 270 2933 ὲν
287 2906 327 2940 τῷ
339 2906 392 2940 ὅλῳ
405 2914 436 2939 γε
449 2905 488 2940 τῷ
502 2905 648 2940 ἀνθριῖιπῳ,
663 2906 744 2940 φημὶ,
761 2905 833 2939 ne?)
853 2904 902 2939 τὴν
917 2905 956 2930 οὶ-

1006 2309 1081 2336 enim
1107 2315 1155 2342 per
1178 2315 1208 2335 se
1236 2306 1373 2339 subsistit,
1388 2307 1414 2334 id
1438 2307 1552 2336 omnino
1567 2310 1594 2333 et
1609 2305 1661 2333 sub
1683 2312 1799 2333 numero

1006 2359 1059 2386 est,
1077 2362 1130 2380 non
1148 2358 1239 2381 autem
1258 2360 1339 2381 omne
1362 2352 1435 2388 qttod
1459 2353 1511 2380 sub
1528 2350 1643 2379 numero
1665 2355 1717 2384 est,
1733 2352 1799 2378 item

1006 2407 1054 2435 per
1070 2407 1100 2427 se
1113 2399 1266 2426 subsistere
1288 2398 1403 2426 dicetur.
1422 2398 1488 2431 Quae
1505 2405 1572 2433 ergo
1592 2398 1618 2424 in
1637 2397 1800 2432 compositis

1007 2451 1082 2477 sunt,
1100 2452 1135 2473 ne
1170 2445 1295 2480 pluribus
1316 2452 1373 2472 rem
1399 2452 1491 2479 agam,
1513 2451 1575 2471 cum
1610 2450 1694 2470 unum
1724 2450 1799 2470 com-

1007 2490 1112 2524 pleant,
1131 2494 1158 2517 et
1186 2497 1239 2517 una
1259 2489 1441 2516 continuitate
1474 2492 1616 2518 constent.
1635 2496 1668 2514 ex
1697 2493 1799 2515 semet-

1008 2535 1075 2569 ipsis
1112 2535 1291 2562 nihilominus
1317 2535 1454 2570 propriam
1482 2533 1669 2562 exsistcntiam
1695 2533 1799 2560 nullam

1008 2581 1120 2613 habent,
1136 2581 1184 2608 sed
1212 2588 1296 2608 unum
1325 2580 1391 2608 dum
1419 2580 1589 2608 constituunt
1623 2579 1649 2606 in
1680 2579 1799 2606 coitione

1008 2628 1144 2662 propriam
1158 2627 1347 2654 exsistentiam
1359 2631 1586 2657 commonstrant.
1617 2625 1798 2660 quemadmo-

1008 2675 1072 2702 dum
1099 2675 1200 2702 animal
1226 2673 1342 2701 rationis
1365 2680 1489 2707 compos,
1510 2673 1625 2700 mortale
1641 2680 1648 2698 :
1662 2679 1714 2698 non
1731 2678 1800 2705 prte-

1009 2724 1082 2747 terca
1099 2727 1165 2747 vero
1185 2724 1212 2746 et
1238 2727 1286 2753 per
1307 2726 1368 2747 sese
1393 2718 1553 2746 exsistentia
1579 2715 1798 2750 conspiciuntur.

1009 2764 1055 2792 sed
1080 2765 1106 2791 in
1142 2768 1198 2791 toto
1220 2764 1329 2792 homine
1362 2768 1484 2798 apertam
1516 2766 1706 2797 potentemque
1735 2766 1800 2794 pro-

1008 2810 1095 2844 priam
1118 2809 1160 2837 sui
1182 2808 1590 2837 cxsislentinm-ostendunt:et
1608 2805 1714 2833 ratione
1740 2811 1800 2831 mo-

1009 2856 1098 2890 doque
1123 2855 1281 2882 dili‘crentian
1309 2859 1464 2886 numerata,
1487 2851 1649 2879 divisionem
1678 2849 1799 2877 hominis

1009 2909 1063 2929 non
1081 2901 1228 2937 impellant
1241 2911 1247 2935 ;
1262 2906 1352 2936 partes
1370 2900 1444 2928 enim
1464 2898 1588 2926 dicentur
1604 2895 1735 2928 hominis,
1750 2895 1798 2923 sed
