2092 3156
277 168 328 201 6οἹ

916 167 1063 197 ΝΙΕΕΤίΕ
1085 167 1287 198 ΒΥΖΛΝΤΙἪ

1852 171 1903 202 603

277 232 332 251 non
357 231 405 258 per
419 229 478 250 srse
497 221 684 250 exsistcntiam
706 221 853 248 habebunt.
869 220 957 254 Quare
980 222 1065 248 mani-

1121 223 1198 248 κείαν
1219 222 1338 257 ὓπαρξιν
1350 222 1549 254 ἐπιδείκνυται,
1568 223 1614 250 καὶ
1631 223 1822 259 ἀριθμούμενα
1841 224 1913 260 λόγῳ

277 269 377 296 festum
395 270 441 301 tit,
456 277 508 295 non
532 276 639 295 omnem
663 275 807 294 numerum
828 274 872 294 res
891 275 937 302 per
956 275 986 294 se
999 268 1066 294 sub-

275 316 405 343 sistenlcs
423 315 553 342 indicare.

1123 268 1170 294 καὶ
1191 268 1285 303 τρόπῳ
1303 268 1352 302 τῆς
1374 267 1516 303 διαφορᾶς,
1535 268 1668 304 διαίρεσιν
1691 268 1739 295 τοῦ
1769 270 1913 305 ἀνθρώπου

1120 313 1169 340 οὐκ
1185 314 1337 346 εἰσάγουσι.
1355 314 1434 349 Μέρη
1452 313 1501 348 μὲν
1515 314 1568 349 γὰρ
1586 314 1694 350 ρηθεϊεν
1709 315 1867 350 ἀνθρώπου,
1882 316 1914 342 οὺ

275 361 360 396 δήπου
378 361 428 396 μὲν
451 360 497 386 καὶ
512 360 573 387 καθ’
587 360 672 387 ἑαυτὰ
691 361 740 396 τὴν
757 360 874 397 ὕπαρξιν
896 361 963 397 ἔχει.
982 362 1063 388 Ὣττε
1084 360 1175 395 δῆλον,
1189 361 1231 388 ὅτι
1245 362 1275 388 οὺ
1287 362 1340 393 πᾶς
1353 361 1469 397 ἀριθμὸς
1480 361 1533 388 τῶν
1565 361 1758 388 ἰδιοσυστάτων
1789 363 1916 398 πραγμά-

274 419 329 436 των
345 410 401 436 ἐστὶ
416 408 573 444 δηλωτικός.

313 455 340 480 7.
356 455 424 481 Cum
443 459 533 481 autem
550 459 681 488 pra-terea
712 459 825 490 propter
838 455 1001 483 divisionem
1018 464 1069 483 na-

275 506 396 528 turarum
409 505 436 527 ct
449 501 656 535 proprietatum,
681 507 805 528 sanctam
831 508 857 529 et
873 503 1069 529 meumeuiram

274 550 402 580 quartum
415 545 550 580 synodum
563 546 709 573 criminose
723 547 914 578 calumniaris,
927 547 1007 582 quasi
1022 547 1068 574 illa

275 591 395 626 probans
411 591 480 618 duas
507 596 619 618 naturas
641 596 668 619 et
686 592 865 626 proprietates
892 597 1064 624 naturarum,

275 637 443 665 omnimodis
460 645 521 665 cum
535 637 662 665 Nestorio
679 638 833 669 conveniat,
848 644 1009 665 naturarum
1024 639 1067 665 di-

275 684 408 711 visionem
421 684 607 717 introducens,
619 689 815 720 proptereaque
832 692 884 712 non
902 692 964 712 esse
996 686 1067 713 hanc

275 730 408 765 synodum
427 739 441 757 a
459 730 538 758 nobis
565 731 758 765 recipiendam,
784 737 833 758 nos
855 731 1064 766 respondentes.

275 782 303 805 et
316 778 459 806 divisionis
484 778 713 814 proprietatisquc
730 779 862 807 rationem
876 780 1064 815 explanantcs,

273 822 391 849 dicimus
413 822 515 851 Christi
542 827 665 853 naturas,
694 823 821 851 deitatem
844 832 941 860 nempe
967 830 993 853 et
1017 826 1064 852 bu-

275 869 446 901 manitatem,
465 877 496 897 ex
525 870 625 904 quibus
639 874 666 897 et
683 871 708 897 in
726 871 826 905 quibus
842 872 952 898 unicum
979 873 1060 906 hypo-

1160 454 1192 486 ζ’.
1215 452 1326 488 Ἐπειδὴ
1348 452 1376 479 δὲ
1399 451 1527 487 καὶπερὶ
1552 451 1712 487 διαιρέσεως
1733 452 1788 479 τῶν
1805 452 1912 487 φύσεων

1124 500 1171 526 καὶ
1192 500 1247 525 τῶν
1265 499 1404 534 ἰδιοτήτων
1416 498 1513 534 μῶμον
1530 497 1651 532 συνῆψας
1669 499 1701 533 τῇ
1724 498 1789 534 ἁγία
1807 499 1855 526 καὶ
1874 501 1914 526 οξ-

1123 547 1275 582 κουμενιχῇ
1301 546 1421 582 τετάρτῃ
1450 545 1563 580 συνόδῳ,
1580 545 1617 576 ὡς
1634 544 1714 580 δῆθεν
1731 545 1849 580 λέγουσα
1867 545 1914 573 δύο

1122 592 1218 626 φύσεις
1243 592 1290 618 καὶ
1311 591 1447 627 ἰδιότητας
1467 591 1522 618 τῶν
1539 591 1660 626 φύσεων,
1681 591 1832 624 ὲξάπαντος
1845 601 1914 627 συμο

1121 639 1206 672 φωνεῖ
1215 637 1254 673 τῷ
1266 636 1413 673 Νεστορίῳ,
1425 637 1555 672 διαίρεσιν
1565 637 1619 663 τῶν
1632 637 1739 671 φύσεων
1750 638 1912 672 ἐμποιοῦσα,

1120 683 1168 710 aut
1185 683 1229 709 διὰ
1245 683 1324 710 τοῦτο
1346 683 1396 709 οὐκ
1410 682 1482 709 ἔστιν
1496 683 1649 709 ἀποδεκτέα
1668 682 1738 718 αὕτη
1765 684 1782 719 ἡ
1805 683 1913 716 σύνοδος

1119 729 1186 764 παρ’
1211 728 1302 764 ήμῶν,
1319 728 1608 764 ὑπεραποὶιογοὺμενοι
1618 727 1676 762 οὖν,
1691 730 1737 755 καὶ
1751 729 1913 764 διασαφοῦν-

1117 783 1161 807 τες
1177 775 1223 802 τὸν
1240 775 1304 810 περὶ
1326 775 1486 810 διαιρέσεως
1511 775 1559 802 καὶ
1596 775 1727 810 ἰδιότητος
1749 775 1840 810 λόγον,
1860 785 1912 810 φα-

1118 823 1178 857 μὲν,
1203 822 1253 854 τὰς
1267 822 1363 857 φύσεις
1384 822 1432 849 τοῦ
1454 821 1586 857 Χριστοῦ,
1604 822 1689 857 ἤγουν
1705 822 1776 858 φημὶ
1790 822 1840 858 τὴν
1852 823 1912 849 Θεό-

1115 877 1183 904 τητα
1207 868 1253 895 καὶ
1269 869 1320 903 τὴν
1337 868 1547 903 ἀνθρωπότητα,
1566 867 1597 900 ὲξ
1626 865 1664 894 ὧν
1677 869 1724 895 καὶ
1741 869 1770 894 ἐν
1783 865 1826 900 αἷς
1844 869 1858 895 ὁ
1871 865 1911 900 εἷς

275 918 382 941 staseos
399 914 481 941 veluti
500 903 588 941 totum
610 915 839 950 contemplamur,
856 916 879 943 si
902 916 963 950 quis
984 916 1063 943 intel-

1117 915 1167 950 τῆς
1181 914 1359 946 ὑποστάσεως
1382 914 1420 945 ὠς
1441 914 1501 946 ὅλος
1527 913 1722 948 ἐνθεωρεῖται,
1751 914 1775 940 εἰ
1798 914 1848 950 μὲν
1877 915 1909 949 τῇ

274 959 345 987 lectu
361 964 387 987 et
412 960 528 992 ratione,
543 961 735 995 proprietates,
751 961 874 996 inquam.
887 969 948 989 cum
960 963 1074 990 naturis‘

273 1004 409 1037 diviserit,
425 1012 478 1031 non
495 1012 561 1032 vero
586 1006 747 1032 exsistentia
764 1011 791 1033 et
815 1011 887 1038 actu,
914 1014 1002 1041 neque
1018 1008 1066 1034 ab-

273 1048 367 1082 surde,
392 1056 480 1084 neque
506 1050 641 1077 inerudite
665 1050 775 1084 fecerit;
802 1051 854 1079 hoc
874 1052 959 1084 enim,
985 1057 1014 1080 ut
1028 1052 1064 1080 ita

274 1095 374 1128 dicam,
387 1103 483 1124 omnes
497 1095 592 1124 Patres
613 1103 706 1132 aperte
721 1098 852 1126 clamant.
873 1098 943 1126 Audi
960 1099 1064 1134 Grego-

274 1140 344 1168 rium
358 1141 526 1176 Theologum
543 1142 678 1170 dicentem
695 1152 702 1170 :
720 1143 786 1170 Cum
801 1149 906 1171 natum
921 1145 1062 1180 cogitatio-

275 1186 352 1214 nibus
375 1192 544 1222 separantur,
572 1189 777 1216 subdividunlur
799 1195 824 1216 et
840 1191 959 1223 nomina,
983 1192 1062 1226 quasi

276 1232 389 1266 diceret,
411 1234 483 1269 quod
500 1234 663 1269 cogitatione
684 1235 818 1264 asseritur
833 1236 863 1264 fit
881 1237 914 1264 ad
936 1237 1063 1264 ditl‘ercn-

273 1278 338 1306 tiam
354 1279 508 1312 divisionis,
524 1288 586 1315 qua:
607 1285 671 1308 actu
701 1286 728 1309 et
751 1282 911 1310 exsistentia
928 1288 979 1316 est,
990 1291 1062 1318 eam,

273 1333 356 1360 quam
374 1326 534 1362 longissime
554 1327 716 1361 abjicientcs
737 1332 798 1356 actu
815 1329 924 1364 quidem
949 1335 1062 1358 naturas

272 1379 335 1400 esse
353 1377 380 1399 et
393 1372 446 1400 dici
463 1373 584 1405 tradunt,
600 1373 697 1401 harum
710 1382 774 1402 vero
787 1375 950 1403 divisionem
962 1375 1063 1411 cogita-

274 1418 348 1445 tione
358 1423 526 1453 acceperunt
541 1428 548 1446 :
566 1427 626 1454 qute
639 1419 721 1448 rebus
735 1419 803 1454 ipsis
817 1420 905 1448 divisa
919 1427 972 1448 non
985 1425 1060 1452 sunt,

273 1464 403 1496 tanquam
421 1462 507 1490 divisa
525 1463 630 1491 ratione
645 1469 832 1499 supponentes
843 1469 954 1500 propter
965 1465 1062 1493 immu-

273 1505 381 1532 tabilem
400 1506 557 1540 nnitorum,
576 1507 659 1535 etiam
682 1513 742 1543 post
768 1509 909 1542 unionem,
933 1510 1061 1538 diil'ercn-

273 1552 338 1578 tiam
356 1556 383 1579 et
402 1554 615 1588 proprietatem;
641 1559 669 1581 ut
683 1554 739 1589 jam
769 1555 872 1582 clarum
888 1556 934 1590 sit,
957 1556 1009 1583 dici
1028 1556 1061 1583 de

272 1598 380 1626 naturis
395 1603 422 1626 et
437 1600 651 1634 proprietatibus
665 1600 841 1634 divisionem,
857 1609 918 1637 qua:
929 1610 961 1629 ex
981 1602 1061 1629 intel-

272 1642 343 1671 lectu
356 1649 407 1677 est,
422 1651 512 1679 neque
526 1645 553 1672 in
576 1653 715 1680 quoquam
733 1653 748 1673 a
771 1654 835 1674 vero
864 1648 1062 1682 aberrabimus,

273 1687 338 1714 licet
352 1688 386 1715 de
411 1696 443 1716 ea
458 1693 551 1716 sancta
567 1693 594 1717 et
617 1690 789 1727 (neumetiica
818 1696 916 1726 quarta
944 1693 1064 1728 synodus

274 1732 342 1759 nihil
354 1733 485 1766 tradidit;
503 1735 684 1763 nihilominus
699 1744 749 1764 nos
761 1736 879 1765 dicimus
893 1747 898 1764 :
913 1745 975 1766 cum
991 1739 1064 1766 enim

273 1777 454 1813 integritatem
469 1780 621 1816 bypostasis
631 1782 730 1811 Christi
740 1784 969 1818 conteniplamur,
979 1789 1063 1812 totum

275 1824 369 1851 animo
386 1825 533 1860 agitamus,
549 1827 658 1862 quando
670 1833 756 1856 totum
771 1837 804 1856 ex
819 1830 944 1864 partibus
962 1830 1064 1858 conﬂa-

275 1874 373 1901 tur.et
393 1871 418 1898 in
445 1872 565 1906 partibus
583 1873 782 1907 consideratur.
813 1879 841 1902 et
867 1880 924 1903 tum
955 1877 1066 1911 potissi-

276 1923 350 1943 mum
379 1925 441 1944 culti
473 1925 506 1944 cx
529 1918 710 1947 dissimilibus
739 1921 922 1955 componitur,
949 1923 1066 1950 servatis

275 1969 374 1997 nempe
402 1957 547 1991 iuconfuse
572 1965 697 1999 partibus
726 1966 752 1992 in
772 1967 883 2000 unione,
911 1968 1020 2003 quando
1039 1973 1067 1996 et

273 2011 382 2042 partes,
410 2016 471 2043 qua!
500 2009 527 2036 in
553 2014 609 2038 toto
633 2015 711 2044 sunt,
739 2013 822 2040 totius
846 2017 1016 2048 reputantur,
1041 2018 1068 2042 et

275 2054 455 2088 proprietates
488 2056 607 2090 partium
636 2057 720 2084 totius
751 2058 968 2092 reputabuntur,
1006 2059 1068 2088 licet

275 2100 393 2134 partium
410 2102 518 2136 propria
534 2110 624 2130 sermo
635 2103 800 2138 cogitatione
812 2105 938 2133 dividens
949 2106 1069 2140 judicatr

278 2146 361 2174 Verbi
380 2148 467 2182 gratia
482 2157 490 2175 :
507 2148 590 2177 Visus
611 2151 637 2177 in
655 2151 787 2182 scnsorio.
804 2152 884 2180 oculo
898 2160 995 2187 nempe
1009 2153 1067 2181 ﬁeri

276 2193 357 2227 solet,
372 2195 412 2222 sic
428 2195 509 2222 etiam
529 2196 681 2225 ambulatio
694 2197 720 2224 in
734 2198 874 2230 cruribus,
889 2200 936 2227 sed
949 2208 1003 2227 non
1025 2201 1068 2228 di-

1116 959 1225 994 ἐπινοίᾳ
1251 967 1294 990 τις
1315 957 1362 985 καὶ
1378 959 1417 992 τῷ
1434 958 1506 993 λόγῳ
1525 958 1575 989 τὰς
1593 958 1730 992 ἰδιότητας
1761 958 1831 993 μετᾶ
1856 958 1910 984 τῶν

1116 1005 1224 1039 φύσεων
1239 1005 1349 1040 διαιρεῖ,
1369 1004 1491 1039 καὶρὺχ
1507 1004 1623 1039 ὑπάρξει
1645 1004 1693 1030 καὶ
1709 1004 1845 1039 ἐνεργείᾳ,
1859 1004 1910 1031 οὐκ

1115 1050 1169 1082 ἔξω
1187 1049 1234 1077 τοῦ
1257 1050 1362 1082 εἰκότος
1383 1050 1520 1084 ποιήσειε·
1534 1049 1613 1076 τοῦτο
1638 1049 1693 1085 γὰρ
1714 1050 1808 1085 σχεδὸν
1824 1051 1911 1076 εἰπεῖν

1115 1095 1216 1126 πάντες
1240 1095 1266 1121 οἰ
1284 1087 1408 1129 Πατέρες
1436 1094 1585 1130 διαρρήδην
1604 1093 1768 1130 κεκράγασι.
1784 1094 1840 1121 Καὶ
1857 1095 1910 1130 γὰρ

1114 1141 1266 1177 Γρηγοριου
1280 1140 1328 1167 τοῦ
1343 1141 1475 1175 Θεολόγου
1500 1140 1616 1167 ἄκουσον
1644 1141 1780 1174 λέγοντος·
1805 1140 1911 1167 Ἦνίκα

1113 1189 1169 1224 γὰρ
1181 1191 1210 1216 al
1220 1190 1330 1224 φύσεις
1341 1189 1509 1216 διίστανται
1522 1189 1586 1221 ταῖς
1600 1189 1757 1222 ἐπινοίαις,
1773 1189 1910 1215 συνδιαι-

1109 1237 1234 1270 ροῦνται
1248 1236 1295 1263 καί
1312 1236 1348 1263 τὰ
1359 1236 1499 1270 ὀνόματα,
1516 1235 1553 1267 ὡς
1567 1232 1639 1261 εἶναι
1657 1235 1734 1270 τδςτῇ
1747 1235 1855 1270 ἐπινοίᾳ
1867 1235 1910 1261 λε-

1113 1283 1238 1318 γόμενον,
1255 1284 1324 1318 προς
1341 1282 1545 1317 άντιδιαστολὴν
1567 1283 1616 1318 τῆς
1633 1281 1694 1308 κατ’
1711 1282 1854 1316 ἐνέργειαν
1863 1281 1911 1308 καὶ

1114 1329 1232 1365 ὓπαρξιν
1257 1329 1427 1365 διαιρέσεως,
1451 1329 1484 1365 ἢν
1497 1329 1535 1360 ὡς
1551 1329 1726 1365 πορρωτάτω
1741 1328 1910 1362 ἀποπεμψά-

1114 1383 1189 1410 μενοι
1203 1375 1236 1409 τῇ
1263 1374 1312 1409 μὲν
1331 1373 1458 1409 ἐνεργείᾳ.
1472 1373 1521 1404 τὰς
1536 1372 1631 1407 φύσεις
1656 1370 1728 1399 εἷναί
1743 1380 1773 1398 τε
1796 1371 1843 1397 καὶ
1859 1379 1911 1397 κα-

1112 1420 1217 1447 λεῖσθαι
1239 1428 1315 1454 φασι,
1329 1419 1378 1455 τὴν
1405 1420 1433 1446 δὲ
1449 1419 1551 1445 τούτων
1571 1418 1703 1452 διαίρεσιν
1717 1417 1779 1444 κατ’
1789 1417 1911 1444 ἐπίνοιαν

1112 1467 1226 1500 ἐλαῆον,
1241 1467 1277 1493 τὰ
1311 1466 1348 1502 μὴ
1380 1465 1532 1501 διῃρημένα
1556 1465 1612 1495 τοῖς
1636 1464 1797 1499 πράγμασιν
1821 1463 1859 1494 ὡς
1874 1462 1912 1488 δι-

1112 1513 1241 1550 ῃρημένα
1258 1511 1297 1547 τῷ
1326 1511 1397 1546 λόγῳ
1425 1510 1624 1545 ὑποτιθέμενοι,
1654 1509 1698 1536 διὰ
1715 1509 1763 1544 τὴν
1778 1509 1912 1545 ἄτρεπτον

1112 1558 1166 1585 τῶν
1184 1557 1400 1589 ὲνωθέντων,χαὶ
1417 1557 1485 1592 μετὰ
1501 1556 1550 1592 τὴν
1560 1555 1809 1591 ἐνωσιν,διαφοράν
1817 1563 1846 1581 τε
1865 1563 1912 1583 και

1118 1604 1333 1638 ἰδιότητα.¹Ὢο-τε
1342 1603 1421 1638 δῆλόν
1434 1603 1491 1629 ἐστι
1504 1602 1595 1636 λέγειν
1606 1601 1652 1628 ἐπὶ
1677 1601 1731 1627 τῶν
1744 1601 1851 1635 φύσεων
1865 1600 1912 1627 καὶ

1114 1649 1169 1677 τῶν
1181 1649 1320 1685 ῑδιοτήτων
1329 1649 1470 1684 διαίρεσιν,
1482 1647 1530 1684 τὴν
1541 1648 1601 1675 κατ’
1612 1648 1734 1674 ἐπίνοιαν
1747 1647 1909 1681 λεγομένην,

1116 1696 1165 1723 καὶ
1190 1695 1267 1722 οὐδὲν
1282 1695 1329 1722 τοῦ
1358 1695 1463 1727 εἰκότος
1478 1694 1715 1730 ἀποσφαλοίμεθα.
1731 1695 1755 1720 si
1775 1695 1822 1720 καὶ
1849 1694 1912 1728 περὶ

1114 1741 1217 1776 ταύτης
1231 1742 1248 1777 ἠ
1261 1741 1326 1775 ἁγία
1336 1741 1381 1768 καὶ
1393 1740 1570 1776 οἰκουμενικὴ
1581 1741 1700 1776 τετάρτη
1716 1739 1823 1772 σύνοδος
1834 1739 1912 1767 οὐδὲν

1116 1787 1283 1823 ἑξεφὼνησε.
1301 1787 1370 1822 πλὴν
1386 1785 1432 1814 οὗν
1458 1788 1540 1823 ἡμεῖς
1550 1787 1676 1822 λέγομεν.
1687 1787 1772 1814 Ὅταν
1795 1786 1850 1821 γὰρ
1871 1787 1912 1818 εἰς

1115 1835 1164 1869 τὴν
1174 1834 1290 1869 ὸλότητα
1302 1834 1350 1868 τῆς
1359 1833 1459 1868 κατὰῙΧ
1463 1833 1554 1870 ριστὸν
1565 1833 1740 1864 ὑποστάσεως
1750 1832 1911 1866 ἀποόλέψω-

1117 1887 1179 1914 μεν,
1201 1879 1232 1906 τὸ
1256 1879 1318 1906 ὃλον
1332 1878 1565 1912 ἀνασκοποῦντες,
1580 1879 1674 1913 ἐπειδὴ
1694 1878 1724 1905 τὸ
1743 1879 1803 1905 ὅλον
1817 1879 1850 1904 ἐκ
1863 1885 1911 1913 με-

1119 1925 1173 1960 ρῶν
1202 1925 1357 1959 σύγκειται,
1380 1925 1427 1951 καὶ
1445 1925 1475 1952 ὲν
1491 1925 1547 1956 τοῖς
1566 1924 1663 1960 μέρεσι
1687 1924 1842 1959 θεωρεῖται,
1864 1923 1912 1950 καὶ

1119 1971 1238 2006 μάλιστα
1253 1972 1318 1998 ὅταν
1343 1970 1373 2003 ἐξ
1395 1970 1603 2006 ἁνομοιομερῶν
1630 1971 1774 2004 σύγκειται
1795 1971 1825 1996 τὸ
1840 1969 1911 1999 ὄὶον.

1119 2016 1282 2052 σωζομένων
1305 2017 1428 2050 δηλονότι
1459 2016 1620 2051 ἀσυγχύτως
1637 2016 1692 2042 τῶν
1715 2015 1807 2051 μερῶν
1831 2017 1860 2042 ὲν
1878 2016 1910 2050 τῇ

1118 2062 1223 2093 ἑνώσει,
1240 2063 1334 2097 ἐπειδὴ
1352 2063 1386 2089 τὰ
1403 2062 1472 2098 μέρη
1487 2062 1515 2087 ὲν
1528 2061 1568 2097 τῷ
1582 2061 1636 2096 ὅλῳ
1661 2061 1851 2097 ἐνυπάρχοντα
1865 2059 1912 2086 τοῦ

1119 2109 1182 2136 ὅλου
1212 2108 1377 2143 λογίζονται,
1397 2109 1444 2135 καὶ
1462 2107 1497 2134 τὰ
1521 2107 1655 2142 ἰδιώματα
1683 2107 1738 2133 τῶν
1758 2106 1851 2143 μερῶν
1865 2105 1912 2132 τοῦ

1118 2154 1180 2182 ὅλου
1194 2154 1413 2189 λογισθήσονται,
1431 2153 1456 2179 ει
1478 2153 1526 2179 καὶ
1543 2152 1598 2179 τῶν
1612 2152 1703 2187 μερῶν
1716 2152 1754 2182 ὡς
1772 2151 1825 2177 [δια
1840 2147 1911 2176 εἶναι

1119 2201 1133 2227 ὸ
1146 2201 1223 2234 λόγος
1237 2202 1269 2235 τῇ
1284 2200 1391 2235 ἐπινοίᾳ
1405 2199 1520 2234 διαιρῶν
1539 2198 1637 2234 κρῖνει·
1651 2195 1707 2224 οἷόν
1734 2197 1760 2223 τί
1776 2204 1858 2232 φημι·
1879 2196 1911 2222 'll

276 2240 364 2268 cimus
380 2246 427 2269 aut
440 2243 551 2270 oculum
567 2244 672 2277 videre,
687 2249 734 2272 aut
747 2253 827 2273 crura
840 2245 1000 2279 ambulare;
1018 2246 1063 2275 sed

1117 2246 1212 2282 ὅρασις
1229 2247 1258 2272 ὲν
1274 2245 1314 2280 τῷ
1332 2245 1515 2280 αἰσθητηρίῳ,
1532 2244 1616 2280 ἤγουν
1640 2242 1680 2277 τῷ
1692 2242 1837 2277 ὀφθαλμῷ,
1861 2241 1912 2268 πέ-

277 2285 370 2319 homo,
385 2287 432 2322 qui
447 2295 478 2315 ea
497 2293 628 2323 tanquam
641 2294 733 2323 partes
744 2291 876 2325 possidet,
892 2291 984 2319 videre
999 2292 1066 2320 dici-

277 2337 322 2359 tur
344 2337 371 2360 et
387 2334 537 2361 ambulare.
559 2335 659 2363 Eodem
684 2335 765 2364 modo
791 2340 818 2363 et
839 2337 872 2364 de
894 2337 997 2364 Christi
1014 2337 1066 2373 hy-

277 2380 378 2413 postasi
388 2388 394 2406 :
406 2387 523 2415 namque
540 2380 573 2407 ad
586 2381 768 2416 integritatem
784 2382 856 2410 illius
868 2383 967 2410 mentis
979 2383 1065 2411 aciem

278 2425 390 2460 ligentes
404 2425 520 2454 dicimus
534 2426 660 2461 Ejusdem
674 2429 756 2456 unius
768 2433 870 2456 sanctae
884 2428 993 2457 Triadis
1006 2428 1067 2456 Filii

276 2470 324 2498 Dei
338 2477 401 2499 sunt
415 2476 442 2499 et
460 2480 503 2500 res
515 2473 675 2501 mirabiliter
685 2479 777 2509 gestia,
795 2479 822 2502 et
833 2475 986 2510 passiones.
1006 2475 1064 2502 Etsi

278 2517 427 2544 secundum
443 2518 523 2544 aliam
540 2523 642 2553 partem
661 2519 802 2554 passiones
823 2520 906 2552 Subit.
935 2520 1064 2547 humani-

277 2567 359 2590 tatem
371 2563 486 2596 scilicet,
498 2564 649 2592 secundum
663 2565 744 2592 aliam
763 2565 832 2593 mira
847 2566 939 2597 ellicit,
954 2571 984 2593 ut
997 2567 1068 2601 ejus-

276 2610 338 2638 dem
356 2616 460 2638 naturte
491 2619 554 2638 cum
580 2611 636 2639 Deo
654 2616 682 2639 ct
706 2611 794 2645 Patre,
824 2618 851 2639 et
882 2613 984 2648 Spiritu
1013 2619 1066 2641 est.

278 2656 384 2684 Rursus
396 2661 496 2692 partes,
515 2665 546 2684 ex
561 2658 662 2692 quilms
684 2663 769 2686 totum
789 2659 974 2692 constituitur,
1002 2668 1068 2686 con-

277 2703 393 2730 servatis
410 2702 464 2731 illis
479 2703 623 2731 ittconfusc
641 2705 667 2731 in
686 2705 786 2732 unione
801 2705 1019 2735 considerantes,
1037 2710 1064 2732 ct

277 2749 458 2777 ditlerentiam
473 2750 500 2777 in
516 2750 617 2777 unione
636 2750 816 2783 invenientes,
835 2751 881 2784 ubi
904 2758 968 2777 vero
991 2751 1068 2778 dim--

278 2797 378 2828 rentia,
396 2796 496 2824 ibidem
515 2797 628 2823 omnino
639 2800 666 2823 et
679 2804 811 2824 numerus
823 2797 1016 2829 introducitur,
1031 2803 1069 2824 tot

280 2842 397 2870 dicimus
405 2847 496 2876 partes
504 2851 575 2875 esse,
587 2843 693 2870 ratione
703 2842 883 2875 discriminis,
897 2852 947 2871 ncc
959 2852 974 2871 a
985 2852 1069 2878 δίηνο

282 2887 450 2916 aberramus.
477 2889 785 2925 Quandoquidcmttnio
799 2894 841 2917 est
870 2898 976 2922 eorum,
1008 2898 1068 2925 qum

1118 2300 1189 2325 φυκε
1203 2290 1338 2324 γίνεσθαι,
1363 2289 1494 2321 ὡσαύτως
1515 2289 1543 2315 δὲ
1571 2288 1617 2315 καὶ
1636 2289 1652 2324 ἡ
1675 2287 1778 2322 βάδισις
1803 2289 1832 2314 ὲν
1854 2288 1911 2318 τοῖς

1118 2337 1254 2363 σκέλεσιν·
1271 2336 1329 2362 ἀλλ’
1345 2336 1376 2362 οὐ
1393 2335 1519 2370 λέγομεν,
1533 2335 1575 2361 ὅτι
1595 2335 1610 2360 ὁ
1624 2334 1762 2369 ὀφθαλμὸς
1773 2334 1833 2368 ὁρᾷ.
1847 2333 1863 2367 ἦ
1877 2332 1912 2359 τὰ

1119 2381 1202 2417 σκέλη
1219 2381 1401 2417 βαδίξει,άλλ’
1416 2381 1560 2416 ἄνθρωπος
1573 2381 1587 2407 ό
1600 2381 1688 2407 ταῦτα
1703 2379 1772 2415 ἔχων
1787 2379 1824 2410 ὡς
1840 2379 1910 2414 μέρη

1117 2428 1228 2463 λέγεται
1243 2427 1354 2463 βλέπειν
1378 2427 1425 2454 καὶ
1455 2427 1584 2462 βαδίζειν.
1603 2426 1712 2453 Οὑτωσὶ-
1732 2426 1780 2452 καὶ
1796 2425 1843 2451 ἐπὶ
1862 2424 1911 2459 τῆς

1119 2474 1294 2505 ὑποστάσεως
1305 2472 1352 2500 τοῦ
1365 2473 1496 2508 Χριστοῦ.
1515 2473 1601 2500 Ὅταν
1616 2472 1668 2507 γὰρ
1677 2472 1717 2502 εἰς
1732 2471 1781 2506 τὴν
1796 2469 1910 2504 ὀλότητα

1118 2521 1203 2555 αὐτῆς
1211 2520 1366 2555 βλέπωμεν,
1379 2519 1506 2553 λέγομεν,
1524 2517 1612 2544 Αὑτοῦ
1624 2516 1671 2543 τοῦ
1687 2516 1746 2555 ἐνὸς
1762 2515 1811 2550 τῆς
1829 2515 1911 2548 ἁγίας

1119 2566 1244 2602 Τριάδος,
1269 2565 1394 2592 τουτέστι
1419 2564 1466 2591 τοῦ
1491 2563 1557 2590 Υἰοῦ
1579 2563 1628 2589 τοῦ
1648 2561 1729 2592 Θεοῦ,
1750 2561 1803 2587 εἰσὶ
1824 2561 1858 2587 τά
1881 2568 1911 2586 τε

1119 2612 1258 2647 θαύματα,
1277 2612 1325 2638 καὶ
1341 2611 1375 2638 τὰ
1399 2610 1487 2645 πάθη.
1506 2610 1530 2636 εἰ
1556 2610 1603 2636 καὶ
1627 2608 1688 2635 κατ’
1703 2608 1768 2634 ἄλλο
1782 2608 1865 2642 μέρος
1877 2606 1912 2633 τὰ

1120 2659 1194 2694 πάθη
1210 2659 1370 2694 ἀναδέχεται
1388 2657 1458 2684 κατὰ
1477 2658 1509 2683 τὸ
1529 2656 1712 2690 ἀνθρώπινον,
1730 2654 1792 2681 κατ³
1807 2654 1871 2680 ἄλλο
1884 2653 1912 2679 δὲ

1119 2705 1154 2732 τὰ
1179 2705 1280 2740 σημεῖα
1307 2704 1389 2735 ποιεῖ,
1406 2702 1444 2733 ὡς
1471 2701 1630 2736 ὁμοούσιος,
1645 2700 1768 2735 δηλονότι
1791 2699 1831 2733 τῷ
1853 2697 1913 2732 Θεῷ

1120 2752 1168 2777 καὶ
1184 2751 1282 2785 Πατρὶ,
1304 2750 1351 2776 καὶ
1365 2749 1405 2784 τῷ
1419 2748 1571 2783 Πνεύματι.
1587 2747 1673 2773 ’Ὅταν
1687 2746 1710 2772 δ’
1732 2745 1766 2772 αὖ
1781 2745 1862 2771 πάλιν
1873 2744 1912 2774 εἰς

1120 2797 1154 2823 τὰ
1175 2797 1257 2832 μέρη,
1274 2796 1304 2828 ἑξ
1325 2792 1362 2822 ὧν
1379 2794 1409 2821 τὸ
1433 2795 1493 2821 ὅλον
1508 2794 1660 2827 σύγκειται.
1682 2791 1843 2826 σωζομένων
1861 2790 1895 2815 αὑ

1121 2843 1176 2869 τῶν
1190 2842 1311 2878 δηλονότι
1336 2841 1498 2877 ἀσυγχύτως
1522 2841 1551 2867 ἐν
1571 2841 1604 2874 τῇ
1629 2839 1725 2866 ἐνώσει
1752 2836 1912 2870 σκοπῶμεν,

1122 2890 1169 2917 καὶ
1193 2890 1242 2922 τῆς
1261 2888 1393 2923 διαφορᾶς
1408 2889 1436 2914 ὲν
1452 2888 1484 2922 τῇ
1499 2885 1606 2920 ἑνώσει,
1621 2883 1818 2920 εὐρισχομένης
1834 2881 1913 2917 (ὃπου
