2092 3156
161 167 217 200 609

615 167 833 198 REFUTATIO
846 168 1039 199 EPISTOL/E
1055 169 1169 199 REGIS
1187 169 1384 200 ΑΒΜΕΝΙᾸΞ.

1746 176 1799 210 610
1827 173 1832 180 ’

160 224 189 250 δὲ
211 222 337 259 διαφορὰ,
357 221 416 249 ἐκεί
432 223 541 254 πάντως
559 223 605 250 καὶ
621 224 635 250 ὁ
656 224 774 260 ἀριθμὸς
796 224 952 258 συνεισάγε-

1009 225 1042 252 ad
1055 225 1160 260 aliquid
1173 230 1238 254 sunt
1253 235 1261 254 2
1277 228 1343 254 unio
1357 227 1430 255 enim
1443 235 1550 262 eorum,
1570 237 1630 265 qna‘
1656 231 1800 267 uniuntur,

162 272 234 307 ται)“
248 272 370 306 δηλονότι
390 272 458 299 τόσα
474 272 591 308 λέγομεν
617 273 652 299 τὰ
669 272 740 308 μέρη
765 273 899 308 ὑπάρχειν
916 273 956 307 τῷ

162 318 234 353 λόγῳ
253 318 304 353 τῆς
327 318 471 353 διαφορᾶς,
495 318 544 345 καὶ
565 318 641 345 οὐδὲν
658 318 823 353 σφάλλομεν.
846 318 955 353 Ἐπειδὴ

163 365 180 399 ἡ
198 364 248 399 μὲν
263 364 361 395 ἓνωσις
374 364 430 390 τῶν
447 364 516 400 πρός
540 364 566 390 τί
589 365 658 391 ἐστι.
674 364 730 391 Καὶ
752 364 806 400 γὰρ
823 364 840 400 ἡ
859 364 956 395 ἓνωσις

164 411 319 446 ὲνουμένων
348 410 421 436 ἐστὶν
449 411 564 442 ἓνωσις,
589 410 635 437 καὶ
657 410 691 437 τὰ
707 410 841 445 ἑνούμενα
860 410 957 437 ἐνώσει

163 456 295 483 ἑνοῦνται·
312 455 443 488 ὡσαύτως
459 456 487 483 δὲ
505 457 551 483 καὶ
570 456 599 482 τὸ
614 456 691 489 ὅλον,
714 456 805 491 μερῶν
822 456 892 488 ὅλον,
909 456 957 482 καὶ

162 504 196 530 τὰ
215 503 285 538 μέρη
299 503 361 529 ὅλου
390 503 472 538 μέρη.
500 503 540 529 Τὰ
567 503 595 529 δὲ
617 503 684 538 πρός
710 511 748 534 τι,
776 503 823 530 ἐὰν
843 502 957 537 θάτερον

164 549 291 584 ἐνεργείᾳ
312 546 346 586 ᾗ,
370 549 465 575 καὶτὸ
494 549 587 585 ἕτερον
611 549 732 584 δηλονότι
763 547 793 581 ἒξ
822 549 956 583 ἀνάγκης.

169 595 246 621 Ἐπεὶ
262 595 309 621 οὖν
322 596 339 630 ἡ
352 595 423 621 κατὰ
441 595 559 630 Χριστὸν
574 594 669 630 ὁλότης
681 595 728 621 καὶ
743 595 760 630 ἡ
771 594 867 626 Evam;
880 595 957 629 ἐνερ-

161 641 225 676 γείᾳ
240 641 370 675 πρόσεστι
395 641 442 667 καὶ
458 641 492 667 τὰ
508 641 579 676 μέρη
595 641 723 676 ἐνεργείᾳ
734 640 852 672 ἔσονται,
874 639 921 666 καὶ
937 640 953 675 ἡ

161 686 263 713 τούτων
290 685 419 720 διαφορά.
443 686 476 712 El
502 686 530 712 δὲ
554 685 633 712 τοῦτο
654 685 765 721 ἀληθὲς,
789 685 884 721 ὥσπερ
911 685 957 712 οὖν

161 734 207 759 καὶ
221 732 332 768 ἀληθὲς,
352 733 367 758 ὁ
386 732 423 768 μὴ
441 732 579 768 ὁμολογῶν
591 733 626 759 τὰ
638 733 709 767 μέρη
730 733 797 759 τόσα
814 729 894 765 εἶναι,
912 732 958 767 δη-

160 779 247 805 λονότι
261 779 322 805 οὐδὲ
345 778 375 805 τὸ
388 778 449 805 ὅλον
469 779 583 814 φήσειεν
608 778 641 805 ἂν
656 777 736 810 εἶναι,
753 778 821 805 ἀλλὰ
835 778 890 805 τῶν
908 786 957 813 με-

162 826 216 860 ρῶν
239 826 288 860 τῆς
310 825 444 860 διαφορᾶς
460 825 671 860 ἀναιρουμένης,
687 825 734 851 καὶ
755 824 786 851 τὸ
807 825 868 851 ὅλον
892 824 957 859 φθα-

162 873 286 908 ρήσεται.
302 871 358 898 Καὶ
373 871 414 902 τίς
429 871 462 898 ἂν
478 871 510 897 οὑ
526 871 637 906 συνήσει
653 870 684 897 τὸ
702 871 820 903 ἄτοπον;
836 869 957 905 Φανερδν

159 920 223 953 ἄρα,
239 918 280 944 ὅτι
305 919 362 944 ὅσοι
380 916 430 952 τὴν
454 917 520 951 μίαν
545 917 695 944 ὑπόστασιν
712 916 759 943 τοῦ
776 915 896 951 Χριστοῦ
915 915 953 947 ὡς

1007 271 1073 297 ιιιιίο
1081 275 1132 304 est,
1143 272 1388 306 etfquzeuniuntur,
1399 274 1499 302 unione
1507 276 1648 304 uniuntur.
1659 277 1705 305 Sic
1716 279 1798 306 etiam

1007 320 1092 343 totum
1104 317 1222 351 partium
1236 321 1322 345 totum
1339 321 1391 351 est,
1406 324 1431 346 et
1447 324 1537 354 partes
1551 320 1634 349 totius
1645 327 1745 356 partes.
1762 324 1800 351 Ea

1006 369 1086 397 porro
1099 370 1160 398 qua:
1175 363 1208 390 ad
1226 364 1329 399 aliquid
1342 369 1416 397 sunt,
1435 366 1457 393 si
1474 374 1559 394 unum
1575 375 1607 394 ex
1621 368 1654 395 iis
1666 373 1727 396 actu
1746 372 1801 402 est,

1006 415 1119 436 necesse
1128 415 1180 442 est,
1197 414 1224 437 et
1236 409 1352 437 alterum
1364 418 1433 438 esse.
1447 410 1515 438 Cum
1539 412 1630 448 itaque
1639 413 1743 442 Christi
1759 414 1802 442 in-

1007 454 1119 490 tegi-itas
1148 460 1175 482 et
1197 456 1264 483 unio
1286 462 1348 484 actu
1366 462 1417 490 est,
1434 462 1516 485 erunt
1533 462 1560 485 et
1581 464 1672 494 partes
1689 462 1802 488 omnino

1007 505 1080 532 actu,
1096 504 1123 528 et
1134 508 1229 528 eorum
1242 501 1399 529 discrimen.
1419 502 1474 531 lloc
1492 505 1515 531 si
1531 512 1625 532 verum
1636 511 1687 538 est,
1705 514 1803 541 quem-

1006 546 1152 574 admodum
1177 555 1271 575 verum
1304 553 1355 580 est,
1391 549 1437 584 qui
1459 557 1513 577 non
1541 551 1686 579 conﬁtetur
1711 558 1803 587 partes

1007 596 1048 619 tot.
1061 600 1132 626 esse,
1150 600 1240 628 neque
1254 597 1340 621 totum
1361 593 1496 622 fatebitur
1510 603 1581 628 esse,
1605 597 1652 624 sed
1679 598 1798 632 partium

996 637 1160 666 'diﬂerentia
1177 639 1295 674 sublata,
1312 644 1398 667 totum
1410 648 1520 676 quoque
1534 643 1666 670 destruet.
1687 644 1718 671 Et
1735 645 1800 679 quis

1008 684 1159 712 absurdum
1191 686 1230 713 rei
1254 686 1434 722 ineptumque
1448 695 1502 716 non
1519 689 1628 723 capiet?
1646 690 1723 718 Patet
1747 692 1801 719 ita-

1007 738 1059 764 que
1070 739 1129 763 eos,
1141 731 1188 766 qui
1205 740 1287 759 unam
1301 732 1405 761 Christi
1419 734 1599 769 hypostasim,
1612 737 1695 764 veluti
1711 741 1799 765 totum

1007 778 1144 813 quoddam
1167 787 1200 806 ex
1236 780 1337 808 deitale
1363 785 1390 808 et
1418 780 1588 809 humanitate
1618 785 1799 818 compositum

1008 824 1183 860 protltontur,
1202 831 1294 861 partes
1310 827 1379 855 duas
1393 828 1499 856 scilicet
1512 833 1623 857 naturas
1640 832 1799 858 necessario

1008 869 1142 903 fassuros,
1161 871 1224 899 licet
1237 879 1285 899 vos
1297 872 1324 900 id
1342 873 1480 901 abnuatis.
1505 873 1583 906 Quod
1608 880 1702 902 sancta
1718 876 1801 903 Chal-

1006 916 1168 944 cedonensis
1188 918 1309 952 synodus
1323 918 1411 953 palam
1430 919 1623 954 promulgavit.

159 966 220 992 ὅλον
237 974 263 992 τι
279 966 312 991 ἐκ
333 964 460 999 θεότητος
485 964 531 991 καὶ.
549 963 768 999 Ιάνορωπότητος
803 963 986 998 συγκειμένην
1002 963 1176 998 ὁμολογοῦσι.
1199 965 1246 991 καὶ
1268 965 1303 992 τὰ
1325 965 1396 1001 μέρη
1421 965 1468 992 δύο
1486 966 1582 1000 φύσεις
1607 967 1710 995 εἴποιεν
1723 969 1755 996 ἂν
1770 970 1801 1002 ἐξ

159 1013 292 1047 ἀνάγκης,
308 1012 361 1039 κᾶν
379 1011 460 1047 ὑμεῖς
478 1011 516 1047 μὴ
544 1011 687 1046 βούλησθε,
711 1011 779 1045 ὅπερ
795 1011 812 1046 ἡ
834 1010 864 1036 ὲν
883 1010 1036 1045 Χαλκηδόνι
1053 1010 1118 1044 ἁγία
1140 1010 1252 1043 σύνοδος
1268 1012 1376 1047 τρανῶς
1393 1011 1560 1049 ἑξεφώνησε.

194 1059 230 1095 η’.
245 1060 282 1085 To
296 1059 325 1086 δὲ
343 1059 424 1086 πάλιν
444 1058 598 1093 λέγειν,ὅτι
616 1057 651 1086 Ἢ
674 1057 798 1092 τετάρτη
819 1057 952 1090 σύνοδος

1039 1057 1068 1085 8.
1083 1057 1218 1085 Prmtcrca
1242 1058 1310 1085 illud
1340 1060 1415 1092 item,
1446 1065 1568 1094 quartam
1595 1061 1724 1094 .-ynodum
1746 1069 1800 1089 una

159 1104 317 1140 συμφωνεῖ
328 1104 368 1138 τῷ
380 1105 544 1139 Νεστορίῳ,
560 1104 605 1132 ὅτι
621 1104 676 1131 δύο
687 1104 797 1138 φύσεις
809 1103 955 1137 ἁέγουσα,

159 1151 297 1184 κάκεῖνος
315 1151 457 1184 ὡσαύτως
471 1151 526 1178 δύο
539 1151 648 1185 φύσεις
661 1150 759 1184 λέγων
768 1169 775 1182 ,
795 1148 957 1183 ὀμοφρονεῖ

158 1199 199 1231 τῷ
228 1198 390 1231 Νεστορίῳ.
419 1197 508 1230 Πλὴν
530 1196 724 1230 διαφέρονται
754 1196 800 1228 είς
834 1195 871 1221 τὰ
897 1194 953 1221 δύο

159 1243 316 1277 πρόσωπα,
336 1242 455 1268 ἐκείνου
471 1241 535 1276 ⁸μὲν
559 1242 704 1276 λέγοντος
726 1240 782 1268 δύο
796 1240 954 1274 πρόσωπα,

159 1287 255 1321 αὐτῆς
277 1287 311 1314 δὲ
328 1286 516 1320 δοξαζούσης
537 1285 589 1313 ἓν·
613 1286 664 1313 καί
688 1286 738 1313 διὰ
767 1286 856 1313 τοῦτο
883 1285 956 1319 τοὺς

159 1332 344 1366 ὀρθοδύξους
362 1331 556 1367 χλευάσασα,
586 1332 633 1358 ὅτι
663 1332 700 1359 οὐ
723 1331 896 1366 συμφρονεῖ
915 1331 956 1363 τῷ

159 1378 327 1412 Νεστορίῳ,
358 1377 471 1404 αὐτόθεν
501 1377 697 1413 φανερωτάτην
722 1377 781 1412 ἔχει
811 1378 861 1412 τὴν
892 1377 955 1404 ἐπί-

160 1424 243 1459 ληψιν
273 1425 307 1450 ὲκ
345 1423 393 1450 τοῦ
414 1431 478 1450 Ασου
514 1423 613 1457 λόγου,
648 1423 690 1450 ὅτι
727 1423 778 1458 οὺχ
808 1423 956 1458 ὁμοφρονεϊ

161 1472 200 1507 τῷ
232 1470 390 1507 Νεστορίῳ,
419 1469 511 1502 καθὼς
536 1470 695 1505 ψευδοεπῶν
721 1471 897 1505 κατηγορεῖς.
922 1469 954 1497 Εἰ

161 1518 216 1554 γὰρ
239 1519 254 1544 ό
270 1518 318 1552 μὲν
342 1518 388 1544 δύο
412 1518 548 1553 πρόσωπα
569 1517 686 1550 δοξάζει,
704 1516 825 1552 δηλονότι
843 1517 891 1544 καὶ
906 1517 954 1549 τὰς

158 1564 207 1590 δύο
218 1563 313 1599 φύσεις
333 1563 542 1598 κεχωρισμένας
567 1562 769 1593 ίδιοσυστάτους
785 1561 867 1593 οὑσας
886 1563 953 1596 ὁμο-

160 1610 243 1644 λογεῖ,
259 1610 303 1636 διά
322 1618 363 1636 τοι
375 1609 455 1636 τοῦτο
469 1610 517 1636 καὶ
526 1609 576 1644 τὴν
592 1609 690 1636 ἕνωσιν
707 1607 810 1635 τούτων
825 1607 955 1643 σχετικὴν

160 1656 245 1690 λέγει.
269 1656 301 1682 Ἠ
315 1655 344 1682 δὲ
358 1655 424 1690 ἁγία
438 1655 558 1686 σύνοδος,
575 1654 613 1686 ὼς
629 1655 662 1681 σὺ
680 1654 743 1690 φὴς,
761 1654 791 1681 ἓν
807 1654 954 1688 πρόσωπον

160 1701 208 1728 καὶ
230 1700 295 1735 μίαν
310 1700 460 1726 ὑπόστασιν
486 1699 665 1731 θεσπίζουσα,
691 1698 808 1734 φανερὸν
833 1699 876 1725 ὅτι
903 1698 954 1729 τὰς

1008 1111 1068 1130 cum
1095 1102 1220 1130 Nestorio
1236 1105 1344 1136 sentire,
1361 1105 1431 1139 quod
1448 1105 1515 1132 duos
1529 1113 1641 1133 naturas
1656 1107 1776 1141 fateatur
1789 1115 1800 1134 :

1005 1149 1129 1176 similiter
1143 1150 1224 1176 etiam
1249 1158 1309 1176 cum
1332 1151 1456 1178 Nestorio
1469 1153 1630 1179 concordare
1651 1153 1801 1189 quicunque

1007 1194 1075 1221 duas
1103 1200 1216 1231 natura;
1242 1196 1342 1230 fatetur
1358 1204 1367 1224 .'
1383 1198 1411 1224 in
1426 1206 1455 1225 eo
1474 1201 1656 1226 tantunmwdo
1680 1201 1799 1235 (li/ferre,

1005 1242 1074 1276 quod
1088 1242 1133 1269 ille
1145 1241 1222 1274 duas,
1241 1243 1360 1277 synodus
1376 1252 1457 1271 unam
1472 1250 1578 1272 tantum
1597 1254 1739 1280 personant
1757 1252 1796 1274 te-

1005 1291 1078 1317 neat,
1095 1291 1120 1313 ιι
1138 1295 1185 1321 per
1199 1286 1226 1313 id
1243 1287 1335 1321 fucum
1350 1288 1505 1315 orthodoxi:
1524 1289 1626 1324 fecisse,
1643 1290 1754 1323 jactans
1768 1298 1797 1317 se

1005 1339 1021 1357 α
1039 1330 1167 1358 Nestorio
1180 1331 1333 1364 dissentire,
1348 1339 1381 1359 ex
1408 1337 1454 1359 tua
1479 1333 1566 1367 ipsius
1584 1333 1708 1359 oratione
1722 1340 1801 1367 aper-

1005 1377 1111 1405 tissime
1129 1377 1281 1411 refellitur,
1297 1379 1547 1413 comprohaturqne
1567 1386 1626 1406 eam
1642 1386 1656 1405 a
1672 1377 1800 1406 Nestor-io

1007 1424 1172 1458 discrepare,
1193 1424 1244 1452 etsi
1263 1424 1321 1458 ipse
1345 1423 1416 1451 falso
1429 1431 1489 1451 eam
1509 1424 1549 1452 cri
1562 1424 1676 1451 ninaris.
1692 1424 1798 1451 Etenim

1005 1468 1160 1497 Nestorium
1176 1470 1246 1497 duas
1269 1474 1382 1504 naturas
1405 1470 1607 1497 existimantem
1637 1470 1726 1504 palam
1757 1475 1799 1497 est

1005 1477 1160 1497 neswnum
1176 1477 1246 1497 uuas
1269 1477 1343 1497 Itttlltt
1369 1478 1382 1497 s
1405 1477 1607 1497 existimantem
1637 1477 1726 1504 palam
1757 1477 1797 1497 est

1005 1516 1074 1543 duas
1090 1521 1203 1543 naturas
1216 1515 1340 1543 diversas
1351 1477 1412 1551 iter
1438 1524 1467 1543 se
1493 1516 1675 1544 subsistentes
1698 1516 1797 1544 fateri:

1005 1561 1121 1596 ideoque
1137 1569 1232 1588 eorum
1264 1562 1392 1588 unionem
1426 1562 1577 1589 secundum
1610 1562 1797 1589 habitudinem

1005 1613 1096 1635 vocat.
1117 1608 1216 1635 Sancta
1246 1616 1310 1635 vero
1325 1609 1457 1644 synodus,
1477 1614 1504 1635 ut
1521 1613 1548 1636 tu
1567 1610 1617 1641 ais,
1637 1617 1717 1635 unam
1736 1617 1797 1643 pcr—

1004 1662 1101 1682 sonam
1119 1660 1146 1681 et
1176 1662 1257 1681 unam
1277 1655 1446 1689 hypostasim
1468 1655 1606 1687 sanciens,
1633 1655 1702 1682 duas
1719 1660 1800 1682 natu-

1007 1707 1053 1726 ras
1068 1700 1094 1726 in
1126 1707 1180 1726 una
1205 1707 1321 1734 persona
1346 1707 1393 1734 per
1420 1701 1569 1727 essentiam
1595 1705 1621 1727 et
1648 1701 1799 1728 secundum

159 1746 255 1780 φύσεις
266 1746 296 1773 ὲν
320 1745 359 1781 τῷ
373 1745 414 1772 ἑνὶ
427 1744 568 1780 προσώπῳ
587 1745 725 1777 οὑσιωδῶς
741 1745 789 1772 καὶ
809 1744 871 1772 καθ’
887 1744 952 1770 ὑπό-

1009 1746 1176 1781 hypostasim
1205 1747 1305 1778 unitas,
1327 1752 1356 1773 ιιι
1379 1746 1437 1780 ipse
1455 1747 1520 1773 mihi
1538 1747 1702 1782 persuadeo,
1720 1755 1796 1775 asse-

160 1801 255 1819 στασιν
267 1791 409 1827 ἡνωμένας
422 1792 489 1827 φαίη
503 1792 546 1819 ἄν·
564 1792 594 1818 οὑ
607 1791 661 1826 γὰρ
673 1791 705 1819 ἂν
720 1791 808 1823 ἄλλως
824 1791 952 1826 ἐγχωρεῖ,

159 1838 206 1865 δύο
223 1837 316 1872 φύσεις
336 1837 427 1872 λέγειν
442 1839 470 1864 ὲν
487 1838 528 1864 ἑνὶ
546 1837 686 1872 προσώπῳ
709 1837 757 1864 καὶ
775 1838 825 1873 μιᾷ
838 1839 872 1872 τῇ
888 1837 954 1863 ὑπο-

160 1885 264 1916 στάσει,
287 1885 311 1910 ei
331 1884 368 1919 μὴ
394 1882 457 1910 καθ’
476 1883 626 1910 ὑπόστασιν
646 1883 693 1910 καὶ
714 1883 852 1914 οὑσιωδῶς
867 1883 954 1918 ἥνων-

159 1939 214 1958 ται.
241 1931 272 1958 Εἰ
295 1930 324 1956 δὲ
339 1929 429 1962 τοῦτο,
449 1930 566 1966 φανερὸν
577 1930 712 1957 δέδεικται
731 1930 763 1956 ἐκ
780 1929 828 1956 τοῦ
845 1929 892 1956 σοῦ
908 1929 953 1956 λό-

158 1985 220 2012 γου,
243 1977 285 2003 ὅτι
300 1977 329 2003 οὺ
350 1976 560 2011 κεχωρισμένας
575 1976 625 2008 τὰς
638 1976 734 2010 φύσεις
749 1976 796 2002 xui.
810 1975 860 2006 τὰς
877 1975 953 2010 ὲνερ-

158 2023 236 2058 γείας
263 2023 309 2049 ἐπὶ
333 2023 452 2058 Χριστοῦ
479 2022 585 2058 λέγειή
607 2022 675 2057 ἁγία
698 2023 746 2050 καὶ
771 2021 952 2057 οίκουμενικὴ

161 2069 278 2105 τετάρτη
307 2068 435 2102 σύνοδος,
463 2068 521 2096 ἀλλ’
538 2070 682 2104 ήνωμένας
709 2068 772 2095 καθ’
791 2068 950 2095 ὑπόστασιν.

161 2115 217 2141 Καὶ
231 2115 319 2147 ἄλλως
343 2115 373 2141 τὸ
386 2115 464 2141 αὑτό·
496 2115 526 2141 Εἰ
547 2115 590 2141 διὰ
616 2115 664 2150 τὴν
679 2114 776 2141 ἕνωσιν
790 2114 838 2140 καὶ
856 2114 951 2149 μόνην,

161 2161 232 2194 λέγω
253 2161 285 2196 δὴ
306 2161 356 2196 τὴν
382 2161 443 2188 καθ’
466 2161 615 2187 ὑπόστασιν
628 2182 634 2193 ,
663 2161 688 2187 οι
708 2161 758 2195 τῆς
789 2159 952 2194 Ἐκκλησίας

158 2205 286 2241 τρόφιμοι
304 2206 482 2242 διαφέρονται
495 2205 535 2241 τῷ
557 2206 707 2240 Νεστορίῳ,
725 2204 819 2237 καθὼς
834 2207 882 2232 καὶ
895 2206 909 2231 ὁ
922 2206 951 2232 ἐν

159 2253 248 2287 ἁγίοις
264 2252 398 2287 Κύριλλος
414 2252 524 2286 φάσκει,
539 2253 587 2279 καὶ
607 2252 637 2278 οὺ
648 2252 693 2278 διὰ
707 2250 757 2282 τὰς
771 2251 818 2278 δύο
843 2250 950 2286 φύσεις,

160 2299 192 2324 σὺ
215 2298 242 2324 δὲ
262 2298 342 2330 αὐτὸς
367 2298 445 2332 ἔφης,
473 2298 514 2324 ὅτι
543 2298 560 2332 ἡ
587 2297 697 2328 σύνοδος
727 2296 887 2332 διαφέρεται
912 2296 951 2331 τῷ

159 2344 299 2378 Νεστορίῳ
314 2343 386 2370 κατὰ
399 2343 429 2369 τὸ
447 2342 476 2370 ἓν
495 2343 650 2378 πρόσωπον,
676 2342 724 2369 καὶ
749 2342 783 2368 τὰ
804 2341 861 2373 δύο,
881 2342 950 2377 ὅπερ

158 2390 232 2415 ποιεῖ
249 2389 280 2415 τὸ
298 2389 347 2424 μὲν
366 2389 405 2421 ἓν,
420 2388 477 2415 τῶν
495 2388 603 2423 φύσεων
620 2388 669 2424 τὴν
686 2388 793 2421 ἕνωσιν,
811 2388 844 2414 τὰ
857 2388 886 2414 δὲ
902 2387 950 2414 δύο

157 2435 207 2470 τὴν
222 2435 365 2470 διαίρεσιν·
383 2434 501 2470 φανερὸν
523 2435 564 2461 ὅτι
581 2434 652 2460 κατὰ.
665 2433 696 2460 τὸ
709 2433 789 2469 ὀρθὸν
812 2434 863 2468 τῆς
885 2433 948 2460 Ἐκ-

159 2480 274 2515 κ).ησίας
295 2480 454 2516 διαφέρεται
470 2481 487 2516 ἡ
508 2480 619 2512 σύνοδος
635 2480 675 2515 τῷ
701 2479 852 2515 Νεστορίῳ.
871 2480 902 2506 El
920 2480 948 2506 δὲ

155 2525 246 2558 τοῦτο,
272 2526 394 2561 δηλονότι
409 2526 470 2552 οὐδὲ
496 2527 646 2561 συμφωνεῖ.
665 2525 777 2557 ’Δδίκως
798 2525 852 2560 ἄρα
873 2525 948 2561 παρὰ

157 2571 206 2598 σοῦ
222 2573 443 2606 συκοφαντεῖται.
463 2573 517 2598 Καὶ
534 2573 574 2599 ὅτι
592 2571 671 2598 τοῦτο
686 2571 796 2607 ἀληθὲς,
813 2571 950 2606 Κυρίλλου

157 2618 274 2644 ἄκουσον
285 2618 355 2652 πρὸς
372 2617 501 2653 Εὑλόγιον
515 2618 548 2644 δι’
564 2618 709 2652 ἐπιστολῆς
724 2618 820 2648 αὑταῖς
834 2616 949 2649 λέξεσιν·

162 2664 383 2698 Ἐπιλημϐάνον
387 2664 433 2691 ται
441 2673 521 2697 τινες
530 2665 584 2698 τῆς
590 2664 746 2696 ἐκθέσεως,
756 2663 796 2697 ἣν
802 2663 947 2697 πεποίηνα

155 2717 203 2736 ται
215 2711 241 2736 οι
262 2710 444 2738 Ἀνατολικσί
454 2719 461 2726 ⁸
481 2711 530 2738 καί
547 2719 639 2746 φασιν
660 2709 712 2737 Διά
726 2710 755 2736 τί
767 2709 822 2736 δύο
838 2709 947 2744 φύσεις

154 2755 360 2790 ὀνομαζόντων
382 2756 492 2789 αὐτῶν,
513 2757 662 2792 ἠνέσχετο
689 2756 738 2783 καί
757 2756 908 2790 ἐπῄνεσεν
931 2757 948 2783 ὁ

153 2801 210 2835 τῆς
228 2802 455 2837 Ἀλεξανδρείας
463 2811 472 2836 ;
483 2804 514 2830 Ol
528 2802 562 2829 δὲ
575 2804 611 2830 τὰ
624 2803 786 2837 Νεστορίου
797 2801 946 2837 φρονοῦν-

154 2856 203 2880 τες
230 2848 357 2883 λέγουσι
380 2850 522 2877 κάκεῖνον
543 2849 620 2876 οὕτω
636 2849 768 2884 φρονεῖν,
793 2848 945 2883 συναρπά-

154 2892 255 2929 ζοντες
271 2895 341 2929 τοὺς
357 2897 412 2924 οὐκ
429 2896 545 2930 είδότας
560 2896 593 2924 τὸ
605 2895 734 2930 ἀκριϐές.
752 2894 814 2930 Χρὴ
834 2894 869 2921 δὲ
883 2894 946 2927 τοῖς

1007 1797 1134 1819 verntura
1150 1797 1190 1819 est
1205 1802 1210 1819 :
1227 1800 1315 1827 neque
1329 1792 1402 1819 enim
1421 1792 1478 1820 ﬁeri
1505 1798 1594 1828 potest
1630 1793 1698 1820 duas
1713 1798 1797 1820 natu-

1006 1846 1051 1866 ras
1068 1838 1095 1865 in
1112 1846 1166 1865 una
1181 1846 1299 1873 persona
1332 1843 1359 1866 et
1377 1846 1431 1866 una
1450 1839 1591 1874 liypostasi
1614 1840 1716 1872 dicere,
1745 1839 1798 1866 nisi

1005 1892 1044 1911 eae
1073 1885 1223 1912 scentulum
1245 1885 1413 1919 hypostasim
1435 1891 1462 1912 et
1479 1885 1626 1912 essentiam
1654 1886 1795 1912 uniantnr.

1005 1931 1081 1964 Quod
1097 1930 1120 1957 si
1138 1931 1162 1957 id
1180 1931 1281 1957 nemini
1295 1930 1409 1957 dubium
1425 1935 1477 1961 est,
1492 1938 1525 1957 ex
1550 1935 1594 1957 tua
1621 1931 1707 1965 ipsius
1738 1938 1797 1957 cra-

1005 1977 1079 2005 tione
1090 1977 1305 2009 demonstratur,
1322 1983 1376 2003 non
1387 1981 1529 2010 separatas
1554 1981 1665 2003 naturas
1679 1981 1705 2002 l‘l
1718 1981 1796 2003 actus

1005 2024 1031 2051 in
1044 2023 1154 2050 Christo
1167 2023 1258 2049 dicere
1269 2026 1392 2049 sanctam
1415 2027 1442 2048 et
1456 2021 1652 2048 annimenicam
1669 2026 1794 2056 quartam

1004 2069 1150 2105 synodum,
1176 2068 1223 2094 sed
1248 2068 1340 2094 unitas
1354 2067 1504 2094 secundum
1537 2066 1716 2101 llyposlasim.
1735 2066 1794 2093 Alia

1003 2115 1085 2142 etiam
1096 2114 1203 2141 ratione
1216 2113 1241 2140 id
1252 2113 1322 2140 idem
1336 2114 1479 2148 probatur.
1496 2112 1523 2139 Si
1538 2117 1648 2148 propter
1663 2112 1791 2140 unionem

1004 2160 1103 2193 solam,
1114 2167 1174 2186 eam
1191 2159 1334 2192 duntaxat,
1351 2167 1412 2194 qua:
1443 2158 1595 2186 secundum
1622 2158 1790 2194 hypostasim

1002 2210 1054 2238 est,
1067 2211 1093 2233 et
1109 2213 1162 2233 non
1179 2211 1289 2240 propter
1306 2206 1374 2232 duas
1389 2210 1503 2232 naturas
1529 2204 1658 2232 Ecclesia:
1685 2205 1790 2231 alumni

1003 2260 1066 2280 cum
1084 2251 1210 2279 Nestorio
1225 2252 1403 2283 altercantnr,
1429 2256 1459 2278 ut
1481 2255 1594 2278 sanctus
1614 2250 1731 2285 Cyrillus
1748 2257 1792 2277 re-

1003 2298 1066 2331 fert,
1084 2302 1111 2325 tu
1127 2305 1236 2333 quoque
1257 2298 1316 2332 ipse
1347 2297 1488 2324 allirmasti
1517 2296 1652 2332 synodum
1670 2296 1704 2323 de
1728 2303 1791 2330 pcr-

1003 2351 1070 2372 sona
1088 2343 1166 2370 unica
1188 2349 1214 2370 et
1244 2343 1306 2370 bina
1334 2351 1396 2370 cum
1426 2342 1552 2370 Nestor-io
1581 2342 1655 2369 litem
1681 2342 1791 2373 habere,

1002 2397 1118 2426 quarum
1136 2396 1188 2416 una
1211 2389 1340 2416 unionem
1358 2395 1518 2416 naturarum
1546 2387 1637 2421 ellicit,
1654 2387 1708 2414 duo
1724 2387 1792 2414 divi-

1004 2438 1121 2468 sionem,
1134 2436 1223 2471 palam
1235 2440 1287 2472 est,
1305 2435 1455 2462 secundum
1472 2439 1572 2462 rectam
1587 2433 1716 2460 Ecclesia:
1730 2440 1795 2460 scn-

1003 2482 1115 2509 tentiam
1133 2481 1267 2516 synodum
1291 2479 1418 2508 Nestor-io
1435 2478 1585 2511 adversari,
1602 2485 1690 2512 coque
1720 2481 1795 2512 patet

1002 2527 1207 2555 evidentissime
1221 2526 1345 2554 eamdem
1358 2534 1420 2553 cum
1438 2533 1471 2552 eo
1487 2532 1541 2552 non
1559 2524 1717 2552 convenire.
1739 2523 1791 2549 lm-

1002 2574 1102 2601 merito
1119 2574 1211 2608 itaque
1228 2574 1276 2600 abs
1293 2577 1319 2598 te
1334 2576 1361 2599 et
1389 2571 1560 2599 calumniose
1591 2564 1790 2604 proscinditur.

1001 2620 1059 2648 Hoc
1070 2627 1151 2654 porro
1166 2626 1260 2646 verum
1276 2626 1338 2645 esse
1365 2617 1429 2644 audi
1447 2624 1462 2643 a
1488 2616 1591 2652 Cyrillo
1615 2614 1730 2650 cpistola
1757 2614 1792 2640 ad

1002 2665 1146 2701 Eulogium
1171 2665 1214 2692 his
1233 2665 1327 2693 iisdem
1357 2664 1448 2691 verbis
1463 2663 1616 2697 loquentem
1633 2670 1639 2688 :
1657 2661 1789 2688 Accusant

1001 2711 1125 2739 nonnulli
1153 2711 1354 2745 expositionem,
1386 2718 1466 2745 quam
1485 2708 1636 2737 Orientales
1660 2709 1788 2741 luerunt,

1001 2759 1137 2792 aiuntqne,
1155 2757 1242 2789 Quam
1255 2757 1286 2783 ob
1304 2764 1412 2783 causam
1431 2757 1499 2782 duas
1519 2759 1630 2781 naturas
1645 2752 1700 2779 illis
1715 2759 1789 2778 asse-

1001 2803 1120 2831 rentibus
1132 2802 1271 2833 sustinuit,
1297 2809 1483 2837 assemumqne
1502 2799 1614 2836 prtebuit
1631 2796 1789 2825 Alexandri-

1000 2849 1075 2877 nus?
1093 2849 1146 2882 Qui
1165 2857 1224 2875 vero
1243 2848 1398 2876 Nestorium
1410 2851 1565 2882 sequamur,
1594 2843 1713 2875 tradunt,
1729 2850 1789 2869 eum

1000 2896 1047 2922 hac
1063 2895 1131 2922 idem
1145 2899 1241 2928 tenere,
1256 2903 1311 2927 eos,
1326 2895 1371 2929 qui
1395 2902 1448 2920 rem
1462 2899 1560 2920 meram
1575 2899 1625 2918 non
1650 2893 1787 2921 noverunt,
