2092 3156
185 168 238 201 613

629 165 847 195 REFUTATIO
866 164 1057 194 EPISTOLxF.
1080 164 1193 194 REGIS
1212 164 1407 195 ARMENL‘E.

1771 164 1823 197 θιι

185 225 226 251 ὲνὶ
240 223 331 257 Λόγῳ,
346 221 430 256 ἧγουν
452 221 481 246 ὲν
500 221 534 256 τῇ
554 221 604 255 μιᾷ
625 220 772 247 ὑποστάσει
789 220 919 255 Χριστοῦ,
934 220 979 246 ἀλ-

1032 225 1077 246 ant
1091 220 1231 255 proprium
1251 220 1408 251 consilium,
1423 224 1470 246 aut
1483 219 1680 253 bencplaeitum
1692 218 1823 248 fateretur

185 271 218 297 λὰ
239 269 310 296 κατὰ
332 266 476 302 ἀναφορὰν
493 266 540 293 καὶ
565 266 693 301 σχετικὴν
709 267 816 298 ἕνωσιν,
831 267 891 301 ἦτοι
907 267 979 292 κατὰ

186 316 307 349 ἀξίωμα,
323 312 569 349 ἢταυτοϐουλὶαν,
597 312 614 351 ᾖ
640 312 766 339 εὐδοκίαν
792 313 886 347 ἔλεγεν
909 311 978 339 εἶναι

185 361 232 388 τοῦ
249 361 337 394 Λόγου
360 359 429 394 πρὸς
445 358 495 394 τὴν
517 358 618 393 σάρκα,
635 359 681 385 καὶ
707 359 759 385 ἀνὰ
784 359 866 394 μέρος
892 358 980 386 ταῦτα.

186 406 272 434 ποιῶν
287 406 382 441 ἓτερον
407 403 476 432 εἶναι
499 405 546 431 τὸν
572 405 658 439 Λόγον
677 404 792 440 ἔφασκε,
821 406 867 432 καὶ
887 405 980 440 ἕτερον

187 452 232 479 τὸν
256 453 290 478 ἐκ
315 450 436 486 Μαρίας,
452 450 500 476 καὶ
515 450 696 485 προσωπικὴν
714 450 809 476 ἕνωσιν
828 450 930 489 λέγων,
949 450 979 477 οὐ

186 500 217 526 τὺ
231 498 426 533 ταυτιςόμενον
449 498 483 532 τῇ
510 496 657 523 ὑποστάσει
673 496 829 531 πρόσωπον,
845 497 913 532 ὅπερ
934 497 981 523 ἐπὶ

186 543 235 572 τοῦ
250 544 423 571 καθέκαστον
439 543 582 578 ἁρμόττει,
598 543 655 570 ἀλλ’
670 543 772 579 ἑτέρως
797 543 869 570 κατὰ
889 543 920 569 τὸ
942 544 982 569 οί-

188 593 260 618 κεῖον
276 590 401 626 βούλημα
424 588 551 621 ἐδόξαζεν
583 586 652 625 (οἷον
680 589 718 621 ὡς
743 589 808 616 ὅταν
822 598 865 621 τις
889 590 920 616 τὸ
934 589 981 616 τοῦ

187 637 282 672 ἑτέρου
313 635 497 670 ὑποδυόμενος
534 635 704 671 πρόσωπον,
729 636 787 662 ἀντ’
807 636 890 662 αὑτοῦ
917 637 981 668 τοὺς

187 683 258 718 ὑπὲρ
272 681 354 708 αὑτοῦ
367 682 479 715 ποιῆται
495 681 602 716 λόγους,
618 681 651 717 ἣν
665 682 696 708 οὺ
713 681 753 708 δεῖ
767 682 870 717 κυρίως
883 683 981 710 ἕνωσιν

187 729 324 763 ἡγεῖσθαι,
349 727 418 756 ἀλλά
438 728 568 763 σχετικὴν
588 728 686 755 ἕνωσιν
710 727 741 754 τδ
766 728 837 756 ὅλον.
861 729 982 756 Καλοῦσι

186 775 242 810 γάρ
268 783 341 806 τινες
366 774 501 810 πρόσωπα
524 774 574 809 τήν
600 782 682 800 τινων
711 774 803 809 σχέσιν
820 774 889 808 πρὸς
902 774 983 810 ἀλλή-

186 821 259 853 λους.
279 821 337 848 Οὐκ
360 821 453 854 ἀγνοεῖ
469 820 498 846 δὲ
520 821 537 855 ἡ
559 819 691 855 συνήθεια
711 819 809 846 τούτου
827 819 875 846 τοῦ
897 827 981 855 προσ-

186 867 263 893 ώπου
285 866 316 892 τὸ
334 866 546 902 σημαινόμενον.
567 865 691 900 Δέγομεν
704 865 758 901 γὰρ
783 865 828 891 τὸν
850 865 980 900 ἄρχοντα,

1032 273 1092 293 esse
1109 265 1188 294 Verbi
1202 266 1235 294 ad
1254 273 1375 299 carnem,
1391 271 1418 293 et
1429 273 1476 292 eas
1488 267 1659 301 postmodum
1674 267 1822 295 secundum

1033 316 1123 346 partes
1153 312 1277 343 dividens
1289 331 1297 343 ,
1325 312 1397 339 aliud
1419 319 1480 338 esse
1491 311 1608 339 Verbum
1626 312 1782 346 alIirtnaret,
1795 319 1824 341 et

1034 359 1118 391 aliud,
1141 359 1214 394 quod
1243 366 1276 386 ex
1305 358 1390 386 Maria
1407 363 1484 386 ortus
1506 366 1572 387 suos
1600 364 1771 394 agnoseeret,
1796 366 1823 387 et

1034 405 1206 439 personalem
1238 405 1370 432 unionem
1396 404 1547 432 decantatis
1585 412 1639 432 non
1663 396 1823 440 personam,

1034 458 1094 485 quae
1116 458 1171 478 una
1198 457 1261 477 cum
1277 450 1419 485 hypostasi
1437 454 1490 482 est,
1507 455 1533 477 et
1543 450 1658 485 singulis
1684 452 1823 484 convenit,

1035 496 1082 524 sed
1111 496 1166 523 alio
1192 497 1284 526 modo,
1299 500 1328 523 ut
1354 495 1392 523 illi
1408 495 1562 527 videbatur,
1580 496 1725 531 conlingat.
1742 496 1824 524 Verbi

1034 543 1133 577 gratia,
1151 542 1235 570 veluti
1247 550 1309 570 cum
1327 543 1390 577 quis
1402 542 1517 569 alterius
1529 550 1674 577 personam
1694 543 1822 576 iuducns,

1035 589 1095 616 loco
1121 589 1192 616 illius
1214 593 1241 616 et
1271 596 1320 624 pro
1349 588 1445 616 eodem
1473 596 1628 616 sermonem
1652 589 1743 622 habet,
1761 597 1823 624 qua:

1035 635 1144 670 proprie
1158 635 1221 662 unio
1235 636 1357 663 vocanda
1370 639 1488 668 nonest,
1502 636 1550 663 sed
1569 643 1645 663 mera
1672 636 1823 671 respectiva

1035 681 1118 714 unio;
1133 681 1272 716 appellant
1285 681 1359 708 enim
1378 681 1501 708 nonnulli
1514 687 1646 715 personas
1667 681 1823 716 aliquorunt

1035 728 1106 755 inter
1129 735 1158 755 se
1188 734 1341 763 respectum
1366 735 1413 756 seu
1436 728 1606 761 relationem,
1627 735 1677 756 nec
1693 735 1759 756 usus
1789 728 1824 756 ab

1036 774 1117 809 hujus
1129 774 1416 809 personaesignilicatu
1434 773 1583 801 abhorret:
1601 773 1719 801 dicimus
1744 781 1822 800 nam-

1035 826 1088 854 que
1102 819 1252 854 principem
1265 819 1489 854 regissustinere
1504 826 1650 853 personam
1669 827 1677 845 :
1693 826 1756 846 cuin
1781 819 1824 846 in—
1874 850 1878 853 I

1036 873 1118 900 quam
1134 865 1184 892 hac
1198 866 1304 892 ratione
1327 864 1469 892 Nestorius
1486 864 1656 899 pcrsonalem
1683 864 1823 900 profitere-

187 912 234 939 τοῦ
250 911 385 947 βασιλέως
414 912 524 946 ἐπέχειν
547 911 578 938 τὸ
605 911 763 946 πρόσωπον,
781 911 853 938 κατὰ
868 911 948 938 τοῦτο
967 912 980 937 ό

1033 915 1078 938 tur
1105 911 1246 943 unionem,
1272 915 1416 946 propterea
1443 910 1504 946 jure
1519 910 1618 937 merito
1649 908 1823 938 anathemate

186 958 335 994 Νεστόριος
349 958 400 993 τὴν
413 957 594 993 προσωπικὴν
609 956 776 992 ἐπρέσϐευεν
794 956 916 992 ἕνωσιν)’
935 957 980 984 διά

187 1012 229 1030 τοι
250 1002 331 1030 τοῦτο
346 1003 459 1034 δικαίως
479 1002 517 1038 τῷ
541 1003 695 1037 ἀναθέματι
728 1002 979 1038 καθυποὸέϐληται.

193 1049 224 1077 ’0
243 1050 271 1076 δὲ
288 1049 322 1085 δὴ
335 1049 429 1081 πάπας
449 1049 537 1081 Λέων,
557 1049 652 1084 ἐπειδὴ
669 1048 714 1076 τὸν
732 1049 813 1076 αὑτὸν
838 1049 888 1076 ἕνα
913 1049 981 1084 Χρι-

189 1095 250 1123 στὸν
266 1095 314 1122 καὶ
328 1095 431 1131 Κύριον
451 1095 499 1122 καὶ
523 1094 590 1121 Θεδν
610 1095 689 1130 ἡμῶν
706 1095 735 1122 ἐν
760 1095 810 1130 μιᾷ
831 1094 981 1121 ὑποστάσει

187 1142 253 1168 δντα
270 1140 416 1177 ὡμολόγει,
441 1141 487 1168 τὸν
511 1142 559 1168 καὶ
581 1140 647 1167 Θεὸν
668 1140 730 1167 ὄντα
753 1141 801 1168 καὶ
826 1141 980 1176 ἄνθρωπον,

187 1188 254 1214 Θεὸν
273 1187 321 1223 μὲν
333 1187 371 1219 ὡς
386 1187 534 1220 ωναῖδιον,
557 1185 606 1212 καὶ
621 1185 743 1221 ἀχρόνως
758 1186 789 1212 ὲκ
808 1185 856 1212 τοῦ
875 1186 982 1221 Harpe;

189 1233 301 1267 φυέντα,
313 1233 360 1260 καὶ
375 1232 518 1268 όμοούσιον
533 1232 571 1267 τῷ
587 1241 618 1259 τε
636 1231 696 1267 Θεῷ
710 1232 758 1258 καὶ
772 1232 871 1268 Πατρὶ,
885 1233 933 1259 καὶ
943 1231 982 1267 τῷ

190 1278 330 1313 Πνεύματι
355 1277 394 1313 τῷ
409 1279 491 1313 ἁγίῳ,
514 1278 560 1304 ἐπ’
587 1277 711 1313 ἐσχάτων
733 1278 761 1305 δὲ
787 1278 841 1305 τῶν
869 1278 982 1314 ἡμερῶν

188 1324 233 1352 διὰ
253 1324 302 1360 τὴν
325 1325 464 1361 ἡμετέραν
488 1324 631 1360 σωτηρίαν
652 1325 743 1359 σάρκα
763 1325 907 1359 γεγονότα,
922 1325 982 1360 ἦτοι

189 1370 452 1406 ὲνανθρωπήσαντα,
477 1370 525 1397 καὶ
561 1370 729 1405 γεννηθέντα
757 1370 790 1397 ὲκ
823 1370 983 1406 Πνεύματος

188 1417 268 1450 ἁγίου
290 1416 339 1443 καὶ
354 1415 466 1451 Μαρίας
481 1416 530 1450 τῆς
545 1414 697 1451 Παρθένου,
714 1414 806 1447 καθὼς
826 1416 843 1449 ἡ
859 1415 983 1449 θεολόγος

189 1462 299 1496 γλῶττα
320 1463 459 1496 ἐκφωνεῖ,
481 1462 529 1488 καὶ
550 1461 586 1487 τὰ
611 1461 693 1488 λοιπὰ
721 1461 806 1495 Λόγια
831 1462 982 1498 μαρτυρεῖ,

192 1507 242 1534 καὶ
267 1507 297 1534 αι
320 1507 375 1534 τῶν
398 1507 557 1534 ἀποστόλων
578 1506 666 1541 φωναὶ
690 1506 868 1540 ὑφηγοῦνται,
891 1509 938 1533 καὶ
954 1507 983 1533 αἱ

189 1553 244 1579 τῶν
259 1553 397 1587 Θεοσόφων
413 1553 543 1588 Πατέρων
570 1552 740 1579 διδασκαλίαι
768 1554 914 1587 τρανοῦσι·
931 1561 982 1588 φα-

190 1599 279 1634 νερὸν,
296 1599 338 1626 ὅτι
359 1599 373 1625 ό
392 1599 487 1630 πάπας
506 1598 582 1626 Λέων
598 1598 668 1634 μετὰ
681 1600 730 1634 τῆς
742 1599 882 1634 μάληθείας
897 1599 980 1635 ’ἐστη-

190 1653 232 1677 κε,
249 1645 296 1672 καὶ
313 1645 342 1672 οὺ
361 1647 502 1680 συμφωνεῖ
516 1645 554 1679 τῷ
572 1645 725 1680 Νεστορίῳ.
741 1646 796 1672 Kal.
814 1646 896 1672 πάλιν
911 1646 981 1681 γρά-

190 1699 236 1725 φει
259 1691 417 1726 Νεστόριος,
444 1691 486 1718 ὅτι
506 1691 579 1726 Οὐχὶ
599 1693 616 1718 d
641 1692 737 1726 Λόγος
760 1691 814 1718 τοῦ
841 1692 915 1719 Θεοῦ
931 1691 981 1718 διὰ

191 1737 297 1771 χειρῶν
321 1736 432 1772 Ἰωσὴφ
443 1737 522 1771 ,ῥάκη
533 1736 672 1770 ἐνεδύθη.
687 1737 767 1764 ἀλλὰ
780 1737 814 1764 τὸ
829 1737 916 1772 σῶμα
925 1737 980 1764 τοῦ

191 1783 312 1817 Κυρίου.
337 1783 441 1818 Γράφει
459 1783 546 1815 Λέων,
570 1783 612 1810 ὅτι
634 1783 663 1810 τὸ
681 1783 730 1818 μὲν
747 1783 853 1818 ἔλαμπε
867 1783 910 1810 διὰ
925 1784 980 1811 τῶν

191 1830 323 1864 σημείων,
342 1830 371 1857 τὸ
394 1829 423 1856 δὲ
448 1830 589 1856 ὑπέπιπτε
612 1831 670 1861 τοῖς
693 1830 863 1866 παθήμασιν.
886 1831 981 1865 Ἐναρ-

190 1875 310 1910 γέστατα
324 1875 368 1902 διὰ
388 1875 470 1911 τῆσδε
491 1876 542 1911 τῆς
574 1877 700 1912 χρήσεως
719 1876 733 1902 ό
759 1875 809 1911 μὲν
833 1876 981 1912 Νεστόριος

191 1921 269 1947 ἄλλον
285 1922 357 1948 ποιεῖ
369 1921 414 1948 τὸν
433 1921 500 1948 Θεὸν
516 1921 613 1956 Λόγον,
630 1921 676 1948 καὶ
692 1921 771 1948 ἄλλον
792 1921 838 1948 τὸν
863 1922 896 1949 ὲκ
920 1921 980 1948 Μα-

191 1966 262 2001 ρίας,
288 1963 311 2000 ᾧ
331 1966 378 1993 καὶ
398 1966 490 1997 ίδικῶς
512 1966 659 2002 πρόσωπον
676 1966 740 1993 ἴδιον
759 1966 909 2002 ὁμολογῶν,
929 1967 981 2003 Ἰη-

191 2012 254 2038 σούν
269 2012 371 2039 ἐκάλει.
393 2012 466 2038 Ἔδει
481 2011 535 2048 γὰρ
547 2011 640 2046 αὐτὸν,
655 2012 733 2047 εἴπερ
748 2012 904 2047 όρθοτόμως
919 2012 978 2038 ἔλε-

190 2066 250 2092 γεν,
267 2058 353 2091 οὕτως
367 2059 465 2085 εἰπεῖν⁸
479 2058 548 2094 Οὐχὶ
562 2059 576 2086 ό
596 2059 682 2093 Λόγος
696 2058 743 2085 τοῦ
757 2058 835 2090 Θεοῦ,
850 2058 918 2085 καοὺ
932 2058 981 2085 Λό-

190 2111 249 2137 γος,
262 2103 455 2139 ὰκατάληπτος
476 2106 524 2131 καὶ
548 2104 755 2139 ἀπερίγραπτος
777 2104 824 2131 καὶ
846 2104 980 2136 συναῖδιος

191 2148 230 2184 τῷ
246 2149 332 2184 Πατρὶ
354 2148 402 2181 ὢν,
419 2149 491 2184 ῥάκη
524 2149 637 2184 ὲνεδὺθη
664 2150 717 2176 ὑπὸ
732 2149 833 2185 χειρῶν
868 2149 978 2185 Ἰωσὴφ,

191 2194 277 2230 ἀλλ’ἢ
295 2194 363 2222 καθὸ
378 2195 423 2222 διὰ
443 2197 493 2229 τὴν
514 2195 653 2231 ἡμετέραν
678 2195 817 2230 σωτηρίαν
836 2195 980 2230 ἄνθρωπος

1031 958 1103 985 ictus
1121 963 1173 986 est.
1186 960 1220 985 At
1232 958 1286 986 Leo
1302 958 1422 993 pontifex
1439 958 1566 986 eumdem
1581 966 1665 985 unum
1678 958 1819 985 Christum
1858 992 1865 999 ¹

1030 1008 1057 1030 et
1073 1002 1230 1037 Dominum,
1258 1008 1286 1030 et
1301 1003 1384 1030 Deum
1414 1008 1538 1031 nostrum
1565 1003 1591 1030 in
1615 1011 1668 1032 una
1684 1004 1822 1040 hypostasi

1030 1057 1091 1077 esse
1111 1049 1260 1082 allii-matrs,
1290 1049 1375 1077 Deum
1401 1050 1483 1077 simul
1511 1054 1538 1078 et
1564 1050 1716 1082 hominem.
1736 1051 1820 1078 Deum

1032 1099 1197 1123 maternum
1215 1095 1300 1128 Patri,
1326 1100 1353 1129 et
1370 1095 1474 1131 absque
1503 1101 1624 1130 tempore
1648 1103 1663 1123 a
1678 1096 1757 1124 Patre
1774 1105 1822 1132 ge-

1033 1142 1172 1174 nitum,et
1203 1142 1328 1177 ejusdem
1345 1149 1407 1170 cum
1429 1142 1486 1169 Deo
1512 1146 1540 1169 et
1563 1143 1655 1174 Patre,
1672 1148 1699 1170 et
1717 1142 1822 1178 Spiritu

1033 1192 1128 1215 saneto
1162 1188 1306 1221 essentia;
1333 1187 1480 1223 postremis
1503 1195 1568 1216 vero
1598 1188 1696 1216 diebus
1711 1193 1823 1224 propter

1033 1238 1158 1262 nostram
1182 1234 1298 1262 salutem
1320 1241 1431 1261 carnem
1454 1234 1569 1267 factum,
1592 1235 1650 1262 sive
1670 1234 1821 1267 hominem,

1033 1284 1196 1315 prognatum
1213 1287 1245 1306 ex
1274 1278 1379 1313 Spiritu
1411 1283 1516 1310 sancto,
1531 1284 1559 1306 et
1590 1279 1674 1306 Maria
1699 1278 1819 1314 Virgine,

1033 1325 1264 1359 quemadmodum
1282 1324 1372 1352 divina
1402 1328 1524 1352 tractans
1541 1324 1632 1359 lingua
1644 1326 1779 1357 enuntiat,
1795 1331 1822 1353 ct

1034 1370 1137 1405 reliqua
1150 1370 1257 1405 eloquia
1275 1374 1421 1403 testantur,
1437 1374 1464 1397 et
1477 1377 1557 1397 voces
1573 1370 1760 1406 apostolormn
1772 1370 1822 1397 do-

1034 1422 1107 1449 cent,
1123 1421 1150 1444 et
1162 1416 1254 1443 divina
1267 1415 1400 1451 sapientia
1425 1416 1601 1450 praeditorum
1615 1415 1728 1443 Patrum
1753 1416 1822 1443 doc.»

1035 1463 1106 1490 trina
1124 1467 1334 1495 comtnoustrat,
1349 1461 1541 1489 manisfeslum
1560 1466 1600 1489 est
1622 1461 1740 1488 Leonem
1751 1469 1821 1497 pnn-

1036 1508 1133 1536 titicem
1150 1516 1165 1536 a
1179 1510 1295 1536 veritate
1309 1513 1392 1539 stare.
1405 1513 1432 1536 et
1462 1516 1523 1535 eum
1535 1507 1662 1536 Nestorio
1682 1516 1737 1535 non
1756 1516 1823 1535 con-

1036 1554 1161 1582 cordare.
1192 1554 1313 1581 Rursum
1330 1555 1427 1581 scribit
1449 1553 1616 1581 Nestorius:
1636 1553 1749 1581 Verbum
1772 1553 1821 1581 Dei

1032 1608 1078 1634 per
1087 1607 1180 1626 manus
1190 1599 1297 1634 Iosephi
1304 1600 1397 1634 pannis
1410 1601 1536 1627 antictum
1547 1608 1598 1627 non
1608 1605 1656 1634 est,
1668 1601 1712 1628 sed
1725 1609 1821 1635 corpus

1035 1645 1154 1678 Domini,
1184 1644 1239 1671 Leo
1268 1651 1371 1677 autem,
1402 1646 1455 1673 hoc
1485 1647 1594 1681 quidem
1619 1647 1821 1682 resplenduisse

1033 1691 1180 1724 miraculis,
1198 1691 1263 1718 illud
1277 1699 1342 1719 vero
1353 1691 1528 1726 passiOnihus
1541 1692 1690 1720 obnoxium
1719 1692 1818 1720 fuisse.

1031 1737 1207 1771 Aperlissime
1223 1745 1270 1771 per
1290 1737 1346 1764 luce
1366 1738 1447 1764 verba
1471 1736 1613 1765 Nestorius
1627 1738 1709 1765 alium
1735 1737 1820 1766 Deum

1035 1782 1151 1809 Verbum
1176 1783 1327 1815 constituit,
1355 1788 1382 1810 et
1395 1784 1478 1811 alium
1493 1791 1526 1811 ex
1543 1783 1626 1811 Maria
1641 1789 1817 1820 prognatum,

1032 1828 1076 1855 cui
1091 1832 1116 1854 et
1138 1828 1314 1863 singulariter
1336 1830 1472 1864 propriam
1490 1838 1633 1865 personam
1648 1831 1820 1859 constituens

1030 1873 1122 1901 Jt-sunt
1133 1875 1324 1909 nuneupabat:
1339 1875 1541 1908 debebatenim,
1551 1876 1574 1903 si
1587 1876 1650 1912 quid
1664 1877 1708 1903 ille
1717 1881 1820 1904 rectum

1030 1919 1183 1952 exprimere
1190 1919 1305 1953 volebat,
1315 1921 1475 1954 hachatione
1481 1922 1635 1956 enuntiare;
1646 1921 1762 1949 Verbum
1774 1921 1820 1951 Dei

1031 1972 1084 1999 qua
1100 1964 1217 1992 Verbum
1228 1966 1553 2001 estincomprehensibile
1566 1971 1592 1994 et
1612 1968 1820 1996 incircumscri-

1032 2014 1107 2044 ptunt
1120 2014 1145 2037 el
1170 2010 1242 2038 Patri
1265 2016 1429 2038 coaeternum
1443 2031 1450 2044 ,
1466 2013 1563 2046 pannis
1580 2020 1635 2040 non
1648 2017 1689 2041 est
1701 2013 1820 2041 circum-

1033 2055 1173 2088 vestitum,
1183 2063 1230 2088 per
1240 2063 1338 2084 manus
1346 2054 1470 2092 Josephi,
1484 2065 1537 2092 qua
1560 2066 1623 2086 vero
1638 2064 1747 2094 propter
1770 2067 1819 2086 no-

1031 2105 1114 2128 stram
1126 2100 1240 2128 salutem
1249 2101 1330 2129 homo
1337 2101 1425 2130 factus
1433 2107 1475 2131 est
1485 2111 1531 2139 per
1539 2104 1631 2131 omnia
1639 2104 1715 2132 nobis
1722 2105 1819 2132 similis

1031 2147 1135 2182 absque
1165 2152 1286 2182 peccato,
1310 2148 1451 2182 etinlans,
1474 2149 1573 2184 pannis
1596 2157 1644 2185 per
1655 2157 1753 2178 manus
1771 2149 1819 2178 Jo-

1032 2193 1262 2228 sephiohvolutus
1269 2199 1319 2222 est.
1336 2194 1412 2228 Quod
1425 2202 1487 2222 cum
1500 2203 1554 2222 non
1567 2196 1650 2229 dicat,
1672 2197 1817 2224 manifesto

190 2241 297 2275 γέγονε,
315 2241 387 2267 κατὰ
411 2241 502 2268 πάντα
517 2242 611 2277 ὅμοιος
632 2242 700 2276 ἡμῖν
722 2241 807 2277 χωρὶς
830 2242 978 2277 ἁμαρτίας,

1032 2240 1167 2267 evincitur
1189 2239 1352 2268 divisionem
1381 2241 1462 2268 unius
1477 2241 1577 2268 Christi
1594 2242 1747 2278 hypostasis
1778 2243 1819 2269 ins

190 2287 237 2314 καὶ
256 2287 410 2322 νηπιάσας,
439 2286 550 2322 ἐνεδόθη
574 2287 645 2322 ῥάκη
671 2286 723 2313 ὑπὸ
748 2286 846 2322 χειρῶν
867 2286 978 2323 Ἰωσήφ.

190 2333 283 2366 οὕτως
305 2333 334 2360 δὲ
352 2334 390 2369 μὴ
406 2333 501 2366 εξπὼν,
522 2333 639 2368 φανερὸν
665 2332 706 2359 ὅτι
728 2332 861 2368 διαίρεσιν
881 2332 930 2367 τὴν
948 2332 979 2358 οὺ

189 2379 350 2415 πρέπουσαν
378 2380 527 2416 ἐποιήσατο
554 2379 605 2414 τῆς
644 2379 708 2413 μιᾶς
734 2379 908 2410 ὑποστάσεως
932 2377 979 2404 τοῦ

189 2426 319 2460 Χριστοῦ,
338 2427 378 2458 είς
399 2426 445 2453 δύο
463 2426 596 2461 πρόσωπα
619 2425 721 2460 ταύτην
741 2424 832 2460 τεμών
846 2433 852 2440 ”
869 2424 913 2451 διά
936 2433 977 2451 τοι

190 2471 269 2499 τοῦτο
294 2472 446 2508 ἁναθέματι
460 2472 573 2503 δικαίως
587 2470 838 2506 καθυποῦέϐληται.
858 2471 888 2497 '0
902 2470 931 2496 δὲ
947 2470 979 2505 δὴ

189 2519 278 2549 Λέων,
295 2520 337 2546 ὅτι
356 2519 386 2546 τὸ
405 2519 455 2554 μὲν
472 2519 579 2554 ἔλαμπε
601 2518 645 2545 διὰ
664 2517 717 2544 τῶν
744 2517 884 2552 σημείων,
901 2517 932 2543 τὸ
950 2517 979 2543 δὲ

191 2565 328 2592 ὑπέπιπτε
351 2565 408 2597 τοῖς
437 2565 607 2600 παθήμασιν,
628 2564 658 2590 οὐ
675 2563 721 2590 δύο
749 2563 833 2598 φησὶν
856 2563 914 2595 ὅλα,
934 2562 979 2589 ἵνα

189 2612 236 2638 καὶ
252 2611 384 2647 διαίρεσιν
405 2611 459 2638 τῶν
475 2610 582 2646 φύσεων
597 2610 694 2646 εἰσάξῃ
708 2609 900 2640 ίδιοσυστάτως
913 2609 979 2635 θεω-

190 2656 320 2691 ρούμενα,
335 2656 384 2683 καὶ
399 2656 444 2683 διὰ
461 2656 539 2683 τοῦτο
562 2655 608 2682 δύο
625 2655 758 2690 πρόσωπα
775 2654 822 2680 καὶ
849 2653 896 2680 δύο
913 2653 979 2680 ὑπο-

189 2703 311 2735 στάσεις,
328 2703 396 2730 ana
422 2702 468 2730 δύο
492 2702 550 2733 ἑνὸς
575 2702 636 2728 ὃλου
657 2700 884 2736 συμπληρωτικὰ.
910 2699 978 2726 Οὐδὲ

188 2749 244 2784 γὰρ
256 2747 344 2781 εἶπεν,
352 2748 381 2775 '0
397 2748 457 2784 μὲν,
473 2748 521 2775 καὶ
536 2749 550 2775 ὁ
563 2747 601 2774 δέ·
617 2747 679 2774 οὑδὲ
697 2746 755 2782 (καὶ
767 2746 810 2772 ἴνα
828 2754 854 2772 τι
870 2753 977 2780 συγχω-

190 2796 274 2830 ρήσας
291 2795 379 2831 εἴπῃ),
389 2795 420 2821 τὸ
435 2794 494 2830 μὲν,
511 2793 604 2825 ἁπλῶς
625 2794 689 2821 ἄνευ
703 2791 872 2828 προσθήκης,
887 2791 934 2818 καὶ
947 2791 977 2817 τὸ

188 2841 228 2868 δέ.
244 2841 325 2868 Ἀλλὰ
339 2841 367 2868 τί
387 2850 468 2876 φησις
483 2841 520 2868 Τὸ
539 2841 588 2875 μὲν
604 2840 698 2872 αὑτοῦ,
716 2839 806 2866 καὶτὸ
821 2838 861 2870 δὲ,
885 2838 978 2874 δηλον-

188 2889 230 2915 ότι
243 2888 325 2916 αὑτοῦ
342 2889 388 2915 διὰ
412 2897 484 2919 τινος
505 2889 551 2914 τοῦ
573 2887 635 2915 ὅλου
653 2888 731 2922 φησι,
746 2887 776 2914 τὸ
795 2886 845 2922 μὲν
858 2885 889 2912 τὸ
909 2894 977 2921 συμ-

1034 2285 1139 2318 tullsse,
1160 2293 1220 2313 eam
1243 2286 1269 2313 itt
1299 2286 1367 2314 duas
1390 2294 1523 2321 personas
1548 2286 1735 2319 subdividcns,
1753 2294 1818 2322 pro-

1032 2332 1249 2367 ptereaquejure
1260 2332 1357 2359 merito
1371 2333 1544 2360 anathemate
1558 2332 1687 2360 subactus
1697 2338 1749 2360 est.
1763 2332 1818 2360 Leo

1032 2383 1124 2405 autem
1155 2378 1207 2406 hoc
1224 2378 1364 2405 miraculis
1380 2378 1592 2413 resplenduisse,
1609 2378 1682 2405 aliud
1696 2379 1819 2414 discipli-

1032 2425 1075 2451 nis
1088 2424 1226 2452 addictum
1241 2423 1339 2457 fuisse,
1351 2424 1455 2457 dicens,
1485 2432 1540 2451 non
1559 2424 1614 2451 duo
1636 2424 1725 2459 inquit
1748 2425 1816 2452 intc-

1032 2478 1078 2505 gra
1096 2478 1142 2505 per
1157 2477 1187 2498 se
1206 2470 1394 2503 subsistentia,
1411 2475 1440 2497 ut
1455 2475 1479 2497 et
1510 2470 1676 2498 divisionem
1707 2475 1818 2498 natura»

1031 2523 1092 2543 rum
1107 2515 1204 2543 aﬂ‘erat
1214 2535 1222 2548 ,
1238 2519 1436 2551 proptereaque
1452 2516 1520 2543 duas
1531 2523 1682 2551 personas;
1698 2521 1725 2543 et
1749 2518 1817 2543 duas

1024 2562 1211 2597 ‘hypostases:
1231 2562 1278 2590 sed
1292 2562 1347 2589 duo
1360 2562 1442 2589 unius
1454 2562 1551 2597 integri
1567 2562 1750 2597 eompletiva;
1769 2569 1815 2589 ne-

1030 2616 1084 2643 que
1106 2608 1178 2636 enim
1190 2608 1272 2641 dixit,
1286 2608 1330 2635 hic
1345 2612 1372 2635 et
1382 2608 1438 2641 ille,
1453 2616 1542 2643 neque
1554 2613 1582 2635 ut
1607 2608 1710 2643 aliquid
1732 2608 1814 2634 etiatu

1029 2654 1191 2682 concederet
1216 2654 1268 2682 hoc
1283 2654 1443 2690 simpliciter
1458 2655 1563 2690 absque
1580 2655 1682 2687 addito,
1699 2657 1726 2680 et
1752 2653 1814 2680 hoc.

1030 2699 1129 2727 Verum
1145 2700 1198 2732 sic,
1209 2700 1260 2728 hoc
1276 2700 1386 2736 quidem
1401 2701 1485 2733 illius,
1502 2706 1529 2728 et
1544 2701 1596 2728 hoe
1609 2707 1684 2733 vero,
1698 2699 1750 2726 hoc
1773 2703 1816 2725 est

1029 2746 1102 2774 illius
1111 2745 1144 2774 de
1160 2746 1255 2782 aliquo
1269 2746 1373 2783 integro
1392 2754 1545 2775 sermonem
1564 2746 1677 2778 habens,
1693 2745 1745 2771 hoc
1755 2745 1819 2778 ψιτ-

1030 2793 1091 2821 dem
1112 2793 1150 2821 ait
1179 2794 1384 2829 completivum,
1410 2794 1475 2822 etin
1492 2793 1715 2828 compositionem
1729 2790 1816 2826 ipsius

1030 2844 1202 2875 assumptum
1217 2840 1371 2875 resplendet
1383 2840 1534 2871 miraculis,
1551 2840 1603 2866 hoc
1634 2844 1710 2869 vero,
1737 2836 1816 2864 simi-

1029 2885 1090 2913 liter
1112 2890 1137 2914 et
1154 2885 1243 2922 ipsum
1262 2887 1345 2915 totius
1374 2885 1577 2921 complctivum,
1593 2884 1619 2911 in
1638 2881 1821 2918 compositio-
