2092 3156
280 167 336 201 €15

925 167 1074 198 NICETxE
1092 167 1299 198 BYZANTINI

1869 168 1924 200 616

280 232 343 252 nem
373 222 447 251 illius
469 227 613 259 acceptum
643 223 820 259 passionibus
845 223 997 250 obnoxium
1027 228 1079 251 est.

1133 222 1321 259 πληρωτικὸν,
1346 223 1393 249 καὶ
1417 223 1457 254 εἰς
1475 222 1524 258 τὴν
1545 222 1670 250 σύνθεσιν
1696 224 1779 251 αὐτοῦ
1799 224 1924 260 παραλη-

281 271 319 297 Ea
349 271 508 305 quicunque
539 270 579 298 sic
609 270 749 304 intelligit,
771 270 1002 305 quemadmodum
1019 274 1077 297 eta

278 321 376 350 saneto
386 316 512 351 pontitice
521 315 611 343 Leone
620 321 800 351 exponuntur,
815 316 838 344 is
848 316 914 343 nihil
924 323 1012 351 neque
1022 315 1083 343 ine-

281 366 356 394 ptum
373 369 461 396 neque
471 361 660 395 blasphemum
674 361 871 396 pronuntiabit.
881 361 1000 388 Rursum
1012 360 1080 388 seri-

280 407 320 434 bit
330 406 485 434 Nestorius:
499 406 532 433 Et
549 407 660 434 Verbum
673 415 734 434 cura
743 408 844 442 factum
852 412 899 440 est,
918 412 942 435 et
955 406 1081 434 habitavit

280 449 308 480 in
323 453 409 480 nobis.
421 453 474 480 Leo
491 461 572 481 vero:
592 453 732 488 Sapientia
744 454 887 489 wdiﬁcavit
903 454 953 481 sibi
963 456 1080 485 domum,

281 508 343 527 nam
364 499 476 527 Verbum
499 508 562 528 caro
578 502 680 535 factum
709 507 759 533 est,
773 507 797 528 et
810 501 938 528 habitavit
952 501 979 527 in
995 500 1079 527 nobis.

281 545 337 574 Has
349 553 430 574 voces
446 553 535 581 neque
548 546 652 582 impius
667 547 812 575 Nestor-ius
827 555 858 574 ex
871 547 990 582 propriis
1006 551 1080 574 attu-

281 593 321 625 lit,
336 600 424 628 neque
439 593 496 628 ipse
507 592 563 621 Leo
588 593 714 622 elocutus
729 598 782 627 est,
797 594 842 621 scd
859 601 893 620 ex
907 593 1006 620 divinis
1024 592 1079 620 Lit-

281 639 348 666 teris
363 639 532 670 hauricntes,
546 639 572 666 in
584 639 693 674 propria
703 639 900 666 commentaria
914 639 1078 666 retulerunt.

281 683 479 712 Verumtamen
495 684 639 713 Nestorius
655 691 753 713 contra
769 685 916 713 consilium
943 686 1078 713 ecclesia-

281 732 391 764 sticum,
406 737 433 759 et
448 739 480 759 ex
498 740 548 760 sua
569 733 714 767 depravata
734 737 827 759 mente
845 733 931 760 verba
959 740 1078 767 evange-

281 778 332 806 lica
353 779 471 814 sumpsit
488 787 494 805 :
526 787 655 813 namque,
680 779 792 806 Verbum
820 787 883 805 caro
902 780 1004 814 factum
1024 784 1075 812 est,

284 832 393 853 sensum
409 825 480 852 hunc
493 825 568 859 pium
581 826 686 852 obtinet
704 834 710 852 :
728 825 798 852 Idem
810 825 932 852 divinum
946 825 1076 857 Verbum,

286 879 369 898 unum
380 879 410 897 ex
421 875 514 898 saneta
528 870 626 898 Triadc
637 871 775 906 hypostasi
789 880 850 899 cum
868 872 1014 905 mansisset
1025 872 1077 898 im-

285 917 414 944 mutabile
441 916 639 951 immotutnque
674 917 746 950 quod
775 923 844 948 erat,
874 917 944 944 Deus
960 916 1076 949 scilicet,

284 963 434 997 assumpsit
452 970 562 989 carnem
578 963 728 990 anintatatn
758 964 850 989 anima
870 962 984 990 rationis
1000 969 1077 989 com-

283 1014 347 1045 pote
371 1014 397 1035 et
421 1009 605 1041 intellectuali,
620 1014 646 1036 et
661 1010 731 1036 hanc
743 1009 841 1036 divina!
858 1013 960 1036 natura:
977 1009 1003 1035 in
1015 1015 1078 1043 pro-

283 1056 342 1091 pria
369 1056 520 1091 hypostasi,
542 1055 650 1083 deitatis
671 1063 780 1090 nempe,
797 1055 895 1087 univit,
924 1055 1076 1082 secundum

284 1103 433 1130 essentiam
455 1107 482 1130 et
506 1102 674 1138 hypostasim
707 1103 809 1130 unione
835 1102 942 1136 eﬂ‘ecta,
974 1106 1004 1129 ut
1023 1109 1077 1129 una

284 1149 441 1185 hypostasis
458 1149 515 1184 ipse
531 1153 593 1184 post
604 1148 832 1179 incarnationem.
853 1150 893 1176 rel
907 1153 1076 1183 assumptum

284 1194 425 1221 hominem
455 1193 615 1221 crederetur
634 1194 709 1221 nullo
745 1193 933 1220 adtlitatncnto
952 1201 1078 1228 personae

1094 898 1114 928 li

287 1246 368 1268 aucta
387 1245 483 1268 sancta
504 1241 650 1275 Trinitate,
669 1241 692 1268 is
707 1249 771 1268 cum
791 1249 873 1268 carne
896 1240 1076 1275 comprehen-

283 1286 368 1319 ditur,
384 1291 476 1314 etest.
503 1285 559 1314 Hoc
587 1294 670 1314 sensu
683 1286 787 1314 dictum
816 1286 1002 1321 evangelicum
1031 1294 1077 1313 ex-

283 1332 385 1367 quisita
402 1332 565 1367 sinceraque
582 1331 712 1360 Ecclesia!
726 1332 923 1359 commentatio
938 1332 1076 1367 interpre-

283 1380 366 1404 tatur.
379 1376 419 1404 Ad
433 1376 500 1404 illud
516 1384 579 1405 vero
592 1397 600 1410 ,
618 1377 746 1404 habitavit
762 1377 789 1403 in
808 1376 893 1411 nobis,
907 1382 979 1405 recte
989 1378 1078 1404 Theo-

284 1422 363 1458 iogus
397 1424 488 1451 statim
511 1423 656 1458 subjunxit
676 1427 728 1451 :ut
751 1423 816 1456 duo,
834 1431 894 1458 qua:
924 1424 1078 1459 signiﬁcan-

284 1473 339 1503 tur,
357 1469 510 1506 intelligens
523 1469 705 1501 habitantem,
729 1474 756 1497 et
771 1470 797 1498 in
814 1478 870 1505 quo
886 1469 1018 1497 habitatio
1035 1470 1075 1502 tit,

285 1517 375 1552 ipsum
402 1517 429 1544 in
457 1524 568 1544 carnem
586 1517 760 1543 immutatum
787 1524 841 1544 non
874 1516 959 1544 fuisse
986 1522 1076 1544 mente

283 1562 436 1598 concipias,
453 1563 501 1590 sed
518 1562 609 1597 potius
621 1562 647 1589 in
665 1570 747 1590 carne
765 1563 945 1594 inhabitasse,
969 1570 1001 1589 ac
1017 1567 1076 1590 tan-
1091 1567 1113 1596 ς,

285 1617 367 1644 quam
383 1609 493 1644 proprio
509 1617 588 1636 usum
613 1616 740 1643 corpore,
753 1609 825 1643 quod
837 1616 869 1635 ex
903 1613 997 1636 sancta
1014 1607 1077 1636 Vir-

285 1655 347 1688 gine
363 1654 644 1689 principiumhabuit,
660 1654 771 1688 templo.

1134 270 1201 305 φίέὲν
1215 270 1365 304 διαλάμπει
1377 270 1434 301 τοῖς
1446 269 1577 304 θαύμασι,
1593 270 1623 297 τὸ
1641 270 1669 297 δὲ
1683 271 1784 306 ὁμοίως
1799 272 1845 297 καὶ
1859 271 1927 298 αὐτὸ

1135 315 1366 351 συμπληρωτικὸν
1382 315 1412 342 ὒν
1428 315 1475 342 τοῦ
1488 315 1550 342 ὅλου
1573 317 1603 343 ἐν
1617 317 1650 352 τῇ
1675 316 1801 344 συνθέσει
1819 317 1925 344 ἐκείνου

1134 361 1436 397 παραλαμϐανόμενον,
1468 361 1618 389 ὑποπίπτει
1644 363 1699 394 τοῖς
1729 362 1839 390 πάθεσι.
1866 363 1924 390 Καὶ

1133 407 1220 440 οὓτως
1239 407 1355 440 νοοῦντι,
1370 407 1466 443 ὥσπερ
1477 407 1524 434 οῦν
1539 409 1586 434 καὶ
1604 409 1724 444 εἴρηται,
1741 409 1817 443 παρὰ
1831 408 1880 435 τοῦ
1898 409 1927 435 ὲν

1132 452 1222 486 ἁγίοις
1242 453 1322 479 πάπα
1340 453 1466 486 Λέοντος,
1477 453 1553 480 οὐδὲν
1568 453 1678 486 ἄτοπον,
1692 453 1752 480 οὐδὲ
1765 453 1926 490 βλάσφημον

1132 499 1297 533 ἀπαντήσει.
1313 499 1369 525 Καὶ
1383 499 1466 526 πάλιν
1477 499 1580 534 γράφει
1596 499 1754 534 Νεστόριος·
1778 500 1809 526 '0
1830 501 1926 535 Λόγος

1131 545 1210 579 σὰρξ
1225 545 1355 580 ἐγένετο,
1380 545 1632 583 καὶιὲσκήνωσεν
1663 547 1698 573 ἐν
1722 546 1806 581 ἡμῖν.
1823 547 1925 583 Γράφει

1130 592 1219 626 Λέων,
1235 593 1277 619 ὅτι
1296 593 1327 620 Ἠ
1337 593 1432 627 Σοφία
1443 592 1638 627 ᾠκοδόμησεν
1650 593 1743 628 ἑαυτῇ
1757 594 1857 620 οἶκον·
1874 595 1925 621 καὶ

1131 639 1187 673 γὰρ
1204 641 1220 665 o'
1233 639 1329 673 Λόγος
1348 638 1427 673 σὰρξ
1452 639 1580 674 ἐγένετο,
1607 640 1656 667 καὶ
1685 640 1866 675 ἐσκήνωσεν
1890 641 1925 668 ἐν

1129 683 1212 718 ἡμῖν.
1224 683 1331 715 Ταύτας
1352 683 1402 715 τὰς
1418 684 1533 719 χρήσεις
1549 684 1612 711 οὔτε
1626 685 1775 721 Νεστόριος
1794 688 1808 713 6
1825 687 1925 721 ἐναγὴς

1129 730 1236 757 οἴκοθεν
1253 729 1430 765 προεϐάλετο,
1455 729 1517 757 οὔτε
1547 731 1600 767 μὴν
1624 733 1638 758 6
1663 732 1741 760 Λέων
1761 733 1922 768 ἐφθέγξατο,

1129 776 1187 802 ἀλλ’
1203 777 1235 803 ἐκ
1258 776 1308 811 τῆς
1327 775 1403 808 θείας
1430 776 1543 812 Γραφῆς
1564 776 1703 809 λαϐόντες,
1725 779 1782 809 τοῖς
1812 779 1924 811 οἰκείοις

1129 822 1347 857 συγγράμμασιν
1366 822 1509 857 ἐνέθηκαν.
1533 822 1604 849 Ἀλλ’
1621 824 1635 850 6
1657 823 1707 858 μὲν
1722 823 1868 860 Νεστόριος
1890 825 1921 851 οὐ

1129 870 1200 896 κατά
1223 868 1349 903 βούλημα
1380 868 1613 904 ἐκκλησιαστικὸν
1632 869 1663 896 τὸ
1680 870 1858 904 εὐαγγελικὸν
1874 872 1924 906 ῥη-

1129 915 1175 941 τὸν
1192 914 1346 949 ὲξείληφεν,
1366 914 1435 942 ἀλλὰ
1449 914 1520 941 κατὰ
1530 915 1575 941 τὸν
1591 915 1688 942 ἑαυτοῦ
1707 915 1923 952 διεστραμμένον

1129 961 1202 988 νοῦν.
1218 961 1256 988 Τὸ
1274 961 1339 996 γὰρ,
1363 960 1395 987 '0
1410 961 1507 996 Λόγος
1530 961 1608 995 σὰρξ
1634 961 1770 997 ἐγένετο,
1794 958 1922 998 τοιαύτῆν

1128 1007 1185 1042 ἔχει
1201 1007 1301 1042 εὐσεϐῆ
1318 1007 1446 1034 διάνοιαν·
1463 1007 1504 1034 ὃτι
1525 1007 1606 1039 αότὸς
1621 1008 1635 1033 6
1654 1007 1726 1039 θεῖος
1740 1007 1837 1043 Λόγος,
1851 1009 1866 1035 6
1883 1006 1922 1040 εἷς

1128 1055 1161 1089 τῇ
1175 1054 1324 1080 ὑποστάσει
1335 1054 1385 1088 τῆς
1395 1053 1475 1088 ἁγίας
1489 1053 1616 1089 Τριάδςς,
1638 1054 1733 1088 μείνας
1744 1054 1922 1085 ἀναλλοίωτος

1129 1099 1177 1126 καὶ
1196 1099 1341 1134 ἄτρεπτος,
1361 1100 1428 1134 ὅπερ
1449 1097 1502 1134 ἦν,
1523 1099 1588 1131 Θεὸς
1607 1098 1740 1134 δηλονότι,
1756 1099 1922 1135 προσείληφε

1130 1147 1220 1182 σάρκα
1253 1146 1432 1182 ὲψυχωμένην
1454 1146 1526 1181 ψυχῇ
1557 1145 1655 1181 λογικῇ
1685 1147 1732 1173 καὶ
1756 1147 1849 1182 νοερᾷ·
1875 1147 1923 1173 καὶ

1128 1194 1231 1229 ταύτην
1257 1194 1347 1230 ἥνωσε
1362 1194 1395 1229 τῇ
1412 1193 1472 1230 θείᾳ
1492 1193 1572 1227 φύσει
1596 1193 1625 1219 ὲν
1639 1194 1672 1229 τῇ
1689 1193 1781 1229 οἰκείᾳ
1801 1194 1924 1221 ὑποστά-

1130 1250 1183 1274 σει,
1197 1241 1319 1277 δηλονότι
1334 1241 1383 1276 τῆς
1403 1240 1541 1275 θεότητος,
1567 1240 1684 1276 οὐσιώδη
1712 1240 1759 1268 καὶ
1780 1241 1842 1268 καθ’
1857 1240 1921 1267 61:6-

1130 1294 1224 1313 στασιν
1242 1286 1292 1322 τὴν
1304 1286 1402 1312 ἕνωσιν
1426 1285 1627 1321 ἐργασάμενος,
1642 1285 1679 1317 ὡς
1697 1285 1761 1321 μίαν
1775 1285 1924 1312 ὑπόστασιν

1129 1333 1210 1360 αὑτὸν
1233 1333 1300 1360 ὄντα
1332 1331 1510 1359 πιστεύεσθαι
1533 1332 1580 1358 καὶ
1603 1332 1672 1367 μετὰ
1695 1331 1744 1367 τὴν
1774 1331 1923 1367 σάρκωσιν,

1129 1381 1188 1416 ἢτοι
1212 1379 1429 1414 ἐνανθρώπησιν,
1452 1379 1501 1414 τῆς
1526 1378 1606 1412 ἁγίας
1627 1379 1741 1414 Τριάξος
1765 1378 1925 1414 προσθήκην

1128 1427 1178 1454 οὑκ
1189 1426 1383 1461 εἰσδεξαμένης
1397 1425 1558 1461 προσώπου,
1571 1427 1617 1453 καὶ
1631 1426 1702 1461 μετὰ
1719 1425 1820 1461 σαρκὸς
1837 1426 1924 1452 νοοῖτο

1128 1473 1176 1498 καὶ
1193 1471 1261 1498 ἐστι.
1277 1470 1370 1506 Ταύτῃ
1386 1472 1419 1506 τῇ
1437 1471 1527 1506 ἐννοίᾳ
1551 1471 1581 1497 ’τὸ
1605 1469 1783 1505 εὐαγγελικὸν
1806 1470 1888 1506 ῥητὸν
1906 1471 1923 1505 ἡ

1128 1518 1179 1552 τῆς
1198 1517 1363 1552 Ἐκκλησίας
1386 1516 1505 1553 ἀκριϐὴς
1519 1516 1646 1552 διάληψις
1665 1516 1814 1552 ἐξηγεῖται.
1833 1516 1870 1542 Τὸ
1884 1515 1924 1549 δὲ,

1129 1563 1309 1596 ἐσκήνωσεν
1328 1563 1362 1590 ἐν
1388 1562 1471 1597 ἡμῖν,
1497 1563 1587 1595 καλῶς
1606 1571 1638 1597 γε
1656 1562 1742 1589 ποιῶν
1765 1564 1779 1590 6
1793 1562 1926 1596 Θεολὸγος

1132 1609 1214 1641 εὐθὺς
1233 1609 1391 1644 ἐπήγαγεν,
1413 1608 1457 1635 Eva.
1478 1608 1525 1635 δύο
1546 1608 1646 1643 νοήσας
1672 1607 1706 1635 τὰ
1726 1607 1924 1643 σημαινόμενα,

1129 1657 1175 1684 τόν
1191 1665 1220 1683 τε
1234 1655 1398 1692 σκηνοῦντα,
1415 1655 1510 1693 καὶγτὸ
1534 1655 1562 1681 ὲν
1579 1652 1601 1689 ᾦ
1622 1655 1639 1689 ἡ
1665 1654 1812 1689 σκήνωσις,
1833 1655 1870 1690 μὴ
1885 1654 1926 1686 είς

286 1701 374 1736 σάρκα
398 1701 613 1735 περιτετράῳθαι
641 1701 740 1736 νοήσῃς
768 1700 860 1734 αὐτὸν,
890 1701 1031 1737 σκηνῶσαι
1055 1703 1083 1730 δὲ
1104 1704 1206 1739 μᾶλλον
1232 1704 1262 1731 ἐν
1277 1702 1361 1739 σαρκὶ
1383 1702 1421 1734 ὡς
1439 1701 1497 1737 ῑδίῳ
1516 1701 1762 1736 προσχρησάμενον
1797 1700 1914 1736 σώματι,

283 1747 323 1781 τῷ
340 1747 372 1772 ὲκ
392 1746 442 1780 τῆς
457 1745 537 1780 ἁγίας
558 1746 696 1781 Παρθένου
711 1746 777 1780 ναῷ.

320 1792 363 1819 to.
379 1792 447 1819 Cum
465 1799 546 1826 porro
555 1792 588 1819 de
602 1792 648 1819 Dei
662 1791 741 1819 Verbi
760 1793 929 1820 habitatione
946 1793 974 1820 in
995 1802 1078 1822 carne

284 1839 508 1874 proprialocutus
517 1839 552 1866 sit
569 1839 751 1874 Evangelista,
764 1839 1002 1868 determinandum
1025 1845 1076 1874 est,

285 1889 351 1919 quot
383 1885 471 1912 modis
487 1884 586 1911 dicitur
600 1883 671 1911 Deus
682 1884 708 1911 in
725 1885 803 1912 nobis
819 1885 974 1913 inhabitare
990 1894 997 1913 :
1031 1893 1079 1913 vo-

285 1937 384 1958 cantur
415 1930 551 1965 siquidem
581 1934 607 1957 et
634 1930 721 1958 sancti
740 1931 871 1966 templum
901 1931 959 1965 Dei,
977 1931 1004 1959 in
1022 1939 1078 1967 quo

285 1978 355 2005 licus
383 1977 502 2004 habitat:
518 1977 563 2004 sed
597 1977 622 2003 in
643 1977 696 2004 illis
721 1977 830 2004 actione
853 1977 976 2005 habitare
998 1978 1081 2013 probe

286 2027 412 2057 recteque
424 2021 536 2048 dixeris.
554 2021 672 2048 Vocatur
706 2022 769 2047 item
789 2026 817 2048 ct
843 2020 924 2057 Virgo
947 2022 1078 2057 templum

276 2067 351 2094 "Dei:
367 2068 394 2095 in
407 2067 466 2102 ipsa
483 2067 583 2094 etenim
600 2066 672 2095 Deus
688 2066 810 2095 Verbum
836 2069 956 2096 essentia
978 2069 1083 2096 habita-

286 2114 333 2144 vit.
352 2113 424 2148 quod
439 2113 500 2148 plus
522 2112 606 2140 habet
619 2117 646 2140 et
660 2113 719 2140 sine
734 2114 938 2148 comparatione
951 2114 1082 2141 eximium

287 2167 343 2193 pI'Ll!
360 2159 421 2186 aliis
437 2159 542 2186 sanctis
558 2167 565 2192 ;
584 2158 612 2185 in
645 2159 757 2195 propria
771 2166 838 2186 vero
855 2166 949 2191 carne,
972 2167 1026 2194 qua
1049 2165 1078 2187 ut

289 2205 399 2239 proprio
412 2212 480 2232 usus
498 2209 539 2231 est
550 2211 666 2238 corpore
679 2211 711 2231 ex
727 2208 821 2231 sancta
837 2203 948 2239 Virgine
979 2206 1079 2240 templo

288 2251 441 2277 secunttum
467 2250 614 2276 essentiam
630 2253 657 2276 et
681 2249 851 2284 hypostasim
866 2249 904 2276 illi
922 2249 992 2277 Deus
1011 2249 1080 2278 Ver—

288 2297 353 2324 bum
365 2297 481 2330 uuitum,
498 2296 622 2322 habitare
637 2296 747 2323 dicitur.
759 2295 791 2322 Et
803 2295 860 2322 hate
871 2295 981 2331 quidem
991 2296 1085 2323 Eccle-

289 2345 336 2371 sia:
349 2344 390 2378 pia
404 2343 537 2370 sententia
549 2346 600 2369 est.
618 2341 670 2369 Sed
683 2341 824 2368 Nestor-ins
844 2348 970 2375 perverse
984 2341 1085 2368 dictmn

291 2390 410 2424 accepit;
420 2395 546 2423 namque,
561 2386 741 2414 Verbumcaro
750 2388 850 2422 factum
858 2392 907 2420 est,
918 2387 1088 2414 familiarita-

291 2441 318 2463 te
335 2440 361 2462 οι
370 2435 500 2462 relatione
508 2434 659 2469 dignitatis,
670 2439 717 2460 aut
727 2434 852 2466 consilio,
861 2438 907 2460 aut
919 2434 1087 2468 bencplacito

291 2481 394 2509 factum
412 2481 498 2509 fuisse
526 2481 592 2508 dixit
610 2488 616 2506 :
637 2488 700 2507 (um
729 2480 799 2507 duos
815 2480 967 2508 constituat
990 2480 1086 2513 Filios,

291 2530 407 2557 alterunt
430 2528 513 2555 Deum
531 2527 662 2558 Verbum.
679 2534 705 2554 et
720 2529 834 2555 alterum
850 2527 1016 2562 singularem
1035 2527 1086 2554 lto-

291 2577 392 2604 inincm
423 2583 455 2603 ex
477 2575 580 2608 Maria;
602 2575 642 2602 sic
669 2580 697 2602 et
714 2575 790 2607 illud,
807 2574 936 2601 habitavit
950 2575 977 2600 in
1001 2574 1086 2606 nobis,

292 2622 465 2657 operatione,
501 2626 549 2648 aut
575 2621 746 2656 beneplacito
774 2620 940 2655 exponebat,
958 2627 1042 2654 quare
1061 2624 1088 2646 et

291 2677 390 2705 purum
417 2668 556 2695 hominem
573 2667 734 2694 enuntiabat
758 2665 851 2694 Jesum
870 2670 1087 2700 :proptcrcaqne

289 2715 350 2750 jure
367 2714 466 2741 merito
481 2714 657 2741 anathemate
677 2713 748 2741 ictus
769 2717 820 2740 est.
842 2711 896 2739 Leo
906 2719 970 2738 vero
983 2711 1086 2745 dicens,

292 2760 430 2795 Sapientia
440 2760 582 2795 wdiﬁcnvit
606 2761 657 2787 sibi
670 2760 777 2786 domum
791 2768 800 2786 :
814 2766 874 2784 nam
893 2757 1004 2785 Verbum
1024 2766 1086 2785 caro

294 2807 395 2842 factum
411 2812 460 2839 est,
476 2812 501 2834 et
522 2807 652 2834 habitavit
672 2807 700 2832 in
716 2805 803 2838 nobis,
820 2805 863 2839 pic
878 2804 1043 2840 intelligens,
1061 2810 1088 2832 et

293 2853 328 2880 ad
341 2853 469 2881 Ecclesiae
483 2858 612 2886 mentem,
629 2858 658 2880 ut
678 2857 757 2880 antea
773 2851 986 2883 declaravimus,
1001 2859 1053 2878 non
1071 2860 1085 2878 a

289 2906 423 2936 perverso
449 2900 569 2930 Nestorii
599 2899 737 2928 intellectu
760 2898 915 2934 abripitur,
943 2903 1088 2938 propterea

1173 1798 1198 1821 ι’.
1219 1793 1329 1828 Ἐπειδὴ
1344 1792 1373 1819 δὲ
1390 1791 1455 1827 περὶ
1471 1791 1644 1824 σκηνώσεως,
1663 1790 1721 1826 ἤτοι
1740 1791 1927 1826 κατοικήσεως

1133 1838 1180 1865 τοῦ
1191 1838 1259 1865 Θεοῦ
1279 1837 1368 1871 Λόγου
1382 1836 1451 1871 πρὸς
1472 1836 1521 1871 τὴν
1546 1838 1644 1862 ἑαυτου
1666 1836 1758 1872 σάρκα
1774 1835 1874 1872 ἐρρέθη
1887 1835 1926 1870 τῷ

1132 1884 1323 1919 εὐαγγελιστῇ,
1337 1883 1487 1919 διοριστέον
1502 1883 1574 1910 κατὰ
1589 1885 1689 1914 πόσους
1698 1886 1817 1918 τρόπους
1831 1884 1844 1909 6
1860 1882 1928 1913 Θεὸς

1132 1931 1242 1965 λέγεται
1257 1931 1372 1957 ἐνοικεῖν
1392 1931 1421 1956 ὲν
1434 1930 1511 1964 ἡμῖν.
1529 1929 1663 1963 Λέγονται
1683 1929 1738 1964 γὰρ
1751 1930 1798 1956 καὶ
1816 1930 1839 1956 οἱ
1855 1929 1928 1963 ἆγιοι

1131 1978 1195 2009 ναὸς
1221 1977 1301 2009 Θεοῦ,
1324 1977 1353 2003 ὲν
1368 1972 1390 2010 ᾧ
1407 1976 1421 2002 6
1440 1975 1507 2007 Θεὸς
1533 1977 1668 2008 κατοικεῖ,
1692 1975 1751 2002 ἀλλ’
1776 1977 1806 2002 ὲν
1823 1975 1928 2007 τούτοις

1132 2023 1192 2051 κατ’
1209 2023 1350 2058 ἐνέργειαν
1364 2023 1476 2057 φήσειεν
1501 2021 1533 2048 ἂν
1560 2022 1574 2048 6
1599 2022 1679 2057 ὀρθὸς
1696 2022 1774 2056 λόγος
1789 2021 1928 2057 εἰρῆσθαι.

1132 2070 1250 2104 Λέγεται
1277 2069 1306 2096 δὲ
1332 2068 1415 2095 πάλιν
1440 2068 1488 2095 καὶ
1510 2069 1526 2104 ἡ
1547 2068 1686 2103 Παρθένος
1701 2068 1765 2098 ναὸς
1785 2067 1863 2094 Θεοῦ.
1884 2067 1929 2093 Ἐν

1132 2116 1219 2152 ταύτῃ
1238 2116 1292 2152 γὰρ
1305 2117 1319 2142 6
1335 2115 1402 2146 Θεὸς
1415 2115 1502 2149 Λόγος
1518 2114 1656 2145 οὺσιωδῶς
1673 2114 1842 2149 κατῴκησεν,
1860 2114 1929 2148 ὅπερ

1132 2162 1212 2188 πλέον
1226 2162 1284 2187 ἐστὶ
1299 2160 1354 2187 τῶν
1379 2160 1480 2187 λοιπῶν
1505 2160 1601 2194 ἁγίων,
1621 2160 1668 2187 καὶ¹
1693 2160 1882 2195 ἀσυγκρίτως·
1901 2160 1930 2185 ὲν

1132 2207 1161 2234 δὲ
1177 2208 1211 2242 τῇ
1228 2206 1318 2241 οἰκείᾳ
1336 2207 1428 2241 σαρκὶ,
1478 2206 1515 2237 ὠς
1531 2205 1625 2241 οἰκείῳ
1637 2203 1863 2241 ’προσεχρήσατο
1880 2204 1929 2231 σώ-

1136 2253 1258 2289 ματι,τῴ
1277 2254 1309 2280 ὲκ
1322 2253 1370 2286 τῆς
1387 2253 1469 2286 ἁγίας
1488 2252 1626 2288 Παρθένου
1645 2252 1712 2287 ναῷ,
1730 2251 1866 2283 οὐσιωδῶς
1883 2251 1931 2278 καὶ

1138 2300 1199 2326 καθ’
1213 2299 1363 2326 ὑπόστασιν
1378 2299 1489 2330 ἐνωθεὶς
1517 2299 1592 2334 αὑτῷ
1618 2299 1632 2324 6
1654 2298 1721 2330 Θεὸς
1739 2298 1825 2332 Λόγος
1839 2306 1932 2324 κατοι-

1138 2347 1196 2371 κεῖν
1209 2346 1238 2372 ὲν
1252 2345 1328 2380 αὑτῴ
1344 2345 1462 2378 λέγεται.
1481 2345 1535 2371 Καὶ
1560 2344 1648 2380 ταύτῃ
1674 2344 1723 2378 μὲν
1744 2343 1793 2378 τῆς
1815 2342 1930 2376 Ἐκκλη-

1139 2391 1198 2423 σίας
1215 2391 1245 2418 τὸ
1262 2390 1374 2422 εὐσεϐὲς
1394 2390 1570 2426 φρύνημα,”0
1582 2391 1610 2417 δὲ
1623 2390 1770 2425 Νεστόριος
1785 2390 1932 2424 διεστραμ-

1140 2440 1228 2474 μένως
1241 2439 1271 2465 τὸ
1280 2438 1372 2473 ῥητόν.
1400 2439 1437 2465 Τὸ
1453 2438 1518 2474 γὰρ,
1536 2438 1568 2464 '0
1590 2428 1685 2472 Λόγος
1704 2435 1782 2470 σὰρξ
1799 2434 1930 2469 ἐγένετο,

1137 2486 1166 2511 ὲν
1181 2486 1345 2516 οἰκειώσεως
1361 2485 1443 2520 λόγῳ,
1460 2484 1508 2511 καὶ
1522 2484 1592 2510 κατὰ
1611 2482 1753 2517 ἀναφορὰν
1765 2480 1930 2516 ἀξιώματος,

1137 2531 1154 2566 ἢ
1170 2531 1376 2563 ταυτοϐουλίαν,
1393 2531 1410 2566 ἢ
1437 2530 1562 2558 εὐδοκίαν
1578 2529 1658 2556 τοῦτο
1679 2528 1742 2563 ἔφη.
1762 2526 1874 2560 Ἐπειδὴ
1884 2526 1931 2552 δύο

1139 2578 1210 2604 ποιεῖ
1225 2578 1310 2610 υἱοὺς,
1327 2577 1407 2604 ἄλλον
1419 2577 1464 2604 τὸν
1476 2576 1541 2603 Θεὸν
1559 2576 1656 2610 Λόγον,
1669 2575 1717 2602 καὶ
1730 2574 1809 2601 ἄλλον
1824 2573 1931 2608 ἀνορω-

1139 2632 1189 2649 πον
1206 2623 1307 2655 ἰδικὸν,
1328 2623 1374 2649 τὸν
1395 2624 1426 2649 ὲκ
1456 2615 1565 2658 Μαρίας
1578 2631 1586 2638 ·
1619 2621 1750 2652 ὡσαύτως
1771 2620 1799 2646 δὲ
1823 2619 1870 2646 καὶ
1890 2619 1930 2650 τὸ,

1138 2669 1316 2702 ἐσκήνωσεν
1335 2669 1369 2695 ἐν
1389 2668 1473 2703 ἡμῖν,
1497 2669 1558 2695 κατ’
1585 2668 1738 2703 ἐνέργειαν,
1766 2666 1782 2701 ἢ
1807 2665 1932 2691 εὐδοκίαν

1138 2716 1275 2750 ἔφασκεν·
1304 2716 1366 2742 ὅθεν
1398 2717 1444 2742 καὶ
1468 2715 1544 2750 ψιλὸν
1571 2715 1715 2748 ἄνῦρωπον
1736 2711 1932 2747 ὡμολόγειτὸν

1145 2760 1248 2795 Ἰησοῦν
1259 2770 1265 2775 ·
1278 2761 1322 2787 διὰ
1331 2769 1370 2786 τοι
1387 2760 1464 2786 τοῦτο
1471 2760 1510 2786 δικ
1517 2760 1583 2790 αίως
1599 2759 1637 2794 τῷ
1652 2758 1803 2793 ἀναθέματι
1812 2757 1931 2783 καθυπο-

1139 2807 1279 2841 6ἐϐληται.
1299 2806 1328 2832 ’0
1348 2806 1376 2833 δὲ
1396 2806 1427 2840 δὴ
1440 2805 1516 2832 Λέων
1531 2806 1629 2839 λέγων,
1649 2805 1690 2831 ὅτι
1711 2803 1844 2837 Ἡσοεριιά
1858 2802 1931 2834 ᾠκο-

1138 2854 1272 2888 δόμησεν
1300 2852 1393 2886 ἑαυτῇ
1427 2850 1532 2879 οἶκον⁸
1558 2850 1676 2885 καὶγὰρ
1692 2851 1708 2877 d
1733 2850 1830 2884 Λόγος
1854 2847 1933 2882 σὰρξ

1138 2900 1266 2935 ἐγένετο,
1298 2899 1346 2926 καὶ
1373 2898 1554 2933 ἐσκήνωσεν
1576 2897 1609 2924 ὲν
1627 2897 1711 2932 ἡμῖν,
1727 2894 1933 2931 εὐσεϐοφρόνως
